4100 6334
343 346 457 411 9‘33

1035 342 1488 403 EVAIiRATIO
1520 340 1600 403 ΙΝ
1649 340 2432 403 EVANtJELllIMLUCzE.
2459 362 2523 375 -υ
2556 338 2721 405 CAP.
2750 340 2937 403 XVII.

3561 344 3667 412 994

326 464 402 531 τῇ
435 459 635 530 καρδίᾳ
664 474 780 524 σου,
810 455 1082 520 τουτέστι,
1121 455 1182 509 τὸ
1222 456 1373 527 ῥῆμα
1401 456 1498 527 τῆς
1526 456 1788 519 πίστεως.
1833 454 1938 507 Καὶ

2055 469 2224 524 regno
2261 454 2674 524 praedicantem,
2720 454 2788 509 de
2838 469 2946 524 quo
2995 453 3177 509 nullus
3236 455 3656 525 prmdicaverat.

324 554 396 606 τὸ
446 552 739 606 πιστεῦσαι
781 548 911 618 γὰρ,
964 549 1059 601 καὶ
1121 548 1181 601 τδ
1234 550 1372 619 μετὰ
1403 549 1503 619 τὴν
1554 548 1740 601 πίστιν
1776 546 1945 611 ἀξίως

326 645 714 717 περιπατῆσαι
779 641 881 710 τῆς
925 641 1194 711 κλήσεως,
1249 642 1398 706 ἐντὸς
1432 640 1592 712 ήμῶν
1647 643 1818 694 ἐστιν.
1882 640 1945 692 Οἱ

330 742 439 812 μὲν
475 737 566 793 οὖν
594 739 879 807 Φαρισαῖοι
929 734 1275 805 διεχλεύαζον
1314 735 1405 789 τὸν
1440 735 1672 806 Κύριον,
1702 733 1777 797 ὡς
1814 733 1945 804 περὶ

329 839 440 907 τῆς
473 830 750 903 βασιλείας
779 828 1150 900 κηρύττοντα,
1178 828 1307 900 περὶ
1341 824 1409 899 ἧς
1435 828 1613 890 οὐδεὶς
1647 826 1939 897 ἐκήρυξεν.

342 929 406 980 '0
433 926 492 979 δὲ
543 924 749 993 Κύριος
794 922 1009 984 δεικνὺς
1040 920 1139 989 (8).
1172 919 1254 971 ὅτι
1287 918 1545 987 ἀγνοοῦσι
1594 920 1856 987 πρᾶγμα,
1917 916 1944 968 ὃ

324 1020 483 1081 ἐντὸς
514 1016 693 1071 αὐτῶν
717 1018 853 1076 ἐστι,
881 1016 974 1067 καὶ
997 1014 1346 1085 βουλομένοις
1372 1013 1532 1065 τοῦτο
1551 1011 1738 1063 λαϐεῖν
1765 1011 1938 1081 πολλὴ

330 1112 362 1178 ἡ
396 1110 636 1164 εὐκολία.
671 1108 787 1161 Νῦν
813 1107 922 1178 γὰρ
948 1107 1100 1169 ὄντος
1123 1104 1257 1176 ἐμοῦ
1296 1105 1461 1175 μέσον
1496 1104 1674 1174 ὑμῶν,
1701 1103 1940 1158 δύνασθε

323 1207 552 1265 πάντως
583 1203 681 1272 τὴν
731 1200 1011 1270 βασιλείαν
1057 1198 1150 1250 τοῦ
1203 1198 1339 1251 Θεοῦ
1381 1197 1661 1264 δέξασθαι,
1721 1195 1945 1249 πιστεύ-

324 1310 528 1357 σαντες
553 1295 633 1355 εἰς
666 1292 788 1362 ἐμὲ,
830 1294 925 1344 καὶ
957 1291 1099 1343 κατὰ
1128 1290 1230 1352 τὰς
1259 1290 1401 1361 ἐμάς
1430 1289 1656 1351 ἐντολὰς
1693 1289 1793 1359 ζῇν
1826 1288 1943 1343 ἐλό-

327 1404 509 1457 μενοι.
547 1380 747 1449 Τοῖςδέ
780 1383 1057 1454 μαθηταῖς
1100 1382 1269 1437 αὑτοῦ
1301 1378 1480 1446 εἶπεν,
1526 1401 1545 1434 ι
1595 1376 1939 1435 Ἐλεύσονται

320 1480 561 1551 ἡμέραι,
595 1498 612 1530 ι
652 1480 745 1530 καὶ
775 1478 845 1530 τὰ
874 1476 1035 1548 ἑξῆς·
1074 1478 1344 1541 τουτέστι,
1392 1477 1486 1528 καὶ
1532 1475 1664 1546 ὑμῖν
1711 1477 1742 1545 ή
1786 1474 1941 1545 βασι-

321 1573 447 1625 λεία
493 1568 587 1624 τοῦ
638 1570 776 1624 Θεοῦ
827 1570 1113 1640 πάρεστιν,
1168 1571 1225 1623 ἐν
1275 1570 1389 1640 ὅσῳ
1442 1569 1562 1637 είμῖ
1597 1566 1719 1639 μεθ’
1758 1567 1937 1637 ὑμῶν.

321 1666 570 1736 Πάρεστι
602 1665 659 1719 δὲ
707 1663 847 1733 αὕτη
898 1665 1049 1734 ὑμῖν,
1086 1663 1147 1715 οῦ
1193 1663 1355 1732 μόνον
1406 1661 1544 1716 καθὸ
1576 1660 1940 1716 ἐπιστεύσατέ

327 1775 424 1829 μοι
478 1756 573 1810 κα)⁵
626 1756 1034 1826 ἡκολουθήσατε
1079 1793 1093 1818 ,
1150 1754 1285 1807 ἀλλὰ
1337 1756 1430 1807 καὶ
1494 1753 1631 1807 καθὸ
1682 1756 1741 1807 ἐν
1790 1754 1940 1825 πάσῃ

2050 545 2120 599 At
2153 546 2267 614 ipse
2293 544 2537 600 ostendit
2560 546 2704 614 quod
2740 546 2994 616 ignorent
3022 562 3135 600 rem
3162 563 3283 617 quae
3310 548 3451 603 intra
3478 566 3539 605 se
3571 554 3663 618 sit,

2050 649 2105 694 et
2127 654 2248 709 quae
2268 640 2423 694 valde
2456 640 2657 704 facilis,
2692 640 2735 693 si
2763 640 2853 708 qui
2884 655 3081 709 capere
3110 642 3297 696 velint.
3326 641 3487 698 Nune
3518 648 3666 699 enim

2049 751 2173 790 cum
2199 735 2301 790 sim
2338 735 2553 791 medius
2580 736 2723 789 inter
2774 750 2891 800 vos,
2927 738 3163 805 potestis
3185 740 3411 793 omnino
3438 755 3666 811 regnum

2052 828 2148 884 Dei
2184 842 2407 899 capere,
2449 828 2494 883 si
2528 828 2757 882 creditis
2789 832 2841 881 ltt
2892 844 2998 894 me,
3030 840 3084 883 ct
3131 830 3297 885 vultis
3322 831 3475 897 juxta
3511 850 3668 887 man-

2052 923 2181 976 data
2224 938 2341 975 mea
2374 922 2577 975 vivere.
2610 920 2906 989 Discipulis
2932 936 3059 975 vero
3085 922 3200 975 suis
3249 924 3388 977 dixit
3422 942 3436 979 :
3491 944 3511 977 ι
3559 923 3668 981 Ve-

2027 1000 2203 1064 'nient
2224 1010 2407 1076 dies,»
2436 1019 2569 1075 etc.,
2604 1011 2707 1065 hoc
2729 1021 2831 1076 εδει,
2857 1019 2911 1065 ει
2933 1012 3088 1065 vobis
3117 1028 3345 1079 regnum
3370 1013 3460 1067 Dei
3491 1022 3668 1082 adest,

2050 1113 2324 1170 quatenus
2354 1118 2475 1156 sum
2509 1103 2815 1157 vobiscum.
2864 1103 3036 1158 Adest
3074 1116 3258 1159 autent
3304 1106 3436 1161 illud
3486 1111 3664 1175 vobis,

2050 1210 2156 1249 non
2209 1196 2387 1249 solum
2439 1196 2586 1263 quod
2630 1197 2949 1249 credidistis
2976 1206 3029 1249 et
3061 1199 3237 1252 secuti
3262 1202 3397 1253 estis
3426 1218 3532 1267 me,
3573 1204 3666 1256 sed

2047 1287 2173 1355 quia
2206 1302 2352 1340 nunc
2403 1288 2455 1339 in
2492 1302 2687 1355 magna
2724 1289 3022 1343 securitate
3055 1291 3240 1343 vivitis
3267 1295 3475 1362 absque
3517 1294 3671 1348 solli-

2047 1380 2318 1445 citudine,
2359 1396 2445 1435 nte
2476 1396 2665 1435 curant
2709 1383 2874 1436 vestri
2903 1395 3150 1452 gerente.
3200 1384 3430 1439 Venient
3479 1396 3663 1443 autem

2046 1475 2188 1538 dies,
2220 1492 2344 1529 cunt
2376 1492 2476 1545 ego
2506 1476 2756 1540 abfuerit,
2792 1485 2844 1531 et
2874 1481 3161 1534 tradentini
3196 1482 3475 1549 periculis.
3510 1494 3566 1539 et
3592 1486 3659 1539 ad

2044 1556 2203 1636 reges
2225 1576 2281 1622 et
2303 1567 2568 1638 prtesides
2592 1570 2914 1623 traltemini:
2942 1580 3070 1625 tunc
3089 1572 3479 1630 desiderabitis
3504 1593 3667 1632 secu-

2046 1678 2161 1716 ram
2196 1662 2342 1715 illam
2375 1670 2429 1717 et
2456 1662 2831 1717 sollicitudine
2854 1673 3133 1719 carentem
3166 1660 3354 1733 vitam,
3384 1685 3549 1739 quant
3582 1687 3667 1725 nte

2047 1764 2319 1825 prsescnte
2354 1756 2553 1825 agitis,
2601 1754 2745 1809 sicut
2791 1771 3019 1827 regnum
3057 1758 3176 1813 Dei.
3233 1760 3301 1815 Et
3341 1778 3484 1831 saepe
3518 1764 3667 1818 desi-

324 1822 661 1919 άφροντισίᾴ
695 1822 911 1915 διάγετε
951 1847 1068 1912 νῦν,
1118 1845 1256 1917 ἐμοῦ
1297 1845 1453 1917 ὑμῶν
1486 1845 1786 1917 κηδομένου
1840 1822 1937 1897 καῖ

2049 1848 2318 1902 derabitis
2351 1849 2435 1900 vel
2464 1865 2629 1903 unum
2664 1865 2730 1903 ex
2772 1849 2967 1906 diebus
3001 1855 3136 1906 meis
3169 1851 3395 1918 habere.
3427 1858 3530 1911 hoc
3562 1868 3668 1921 est,

321 1943 756 2012 προνοουμένου.
817 1942 1165 1995 Ἐλεύσονται
1200 1941 1255 1993 δὲ
1301 1941 1508 2011 ἡμέραι
1556 1941 1668 2005 ὅτε,
1702 1940 1936 2003 ἀπόντος

321 2037 486 2108 ἐμοῦ,
532 2038 800 2101 κινδύνοις
848 2036 1320 2111 παραδοθήσεσθε,
1361 2038 1456 2089 κα)⁵
1518 2037 1611 2089 ἐπὶ
1660 2036 1935 2107 ἡγεμόνας

322 2136 420 2185 καὶ
457 2132 695 2203 βασιλεῖς
736 2132 998 2202 ἀγόμενοι
1026 2132 1116 2184 τὸν
1149 2130 1245 2183 νῦν
1275 2130 1563 2182 ἀκίνδυνον
1617 2130 1808 2201 καιρόν
1843 2130 1937 2182 καὶ

326 2226 425 2295 τὴν
466 2226 850 2295 ἁφροντισίαν,
906 2227 973 2295 ἢν
1019 2222 1156 2295 ἐμοῦ
1194 2223 1446 2286 συνόντος
1478 2223 1609 2292 ὑμῖν
1645 2222 1819 2291 ἔχετε,
1860 2222 1935 2283 ὡς

322 2318 609 2389 βασιλείαν
632 2318 769 2372 Θεοῦ
802 2317 1093 2389 ποθήσετε.
1126 2317 1235 2369 Καὶ
1262 2314 1528 2378 πολλάκις
1558 2314 1934 2387 ἐπιθυμήσετε

319 2410 437 2464 τῶν
481 2412 632 2483 ἐμῶν
661 2409 889 2482 ἡμερῶν
926 2410 1053 2479 μιᾶς
1084 2410 1386 2477 ἐπιτυχεῖν,
1419 2406 1699 2467 τουτέστι.
1729 2407 1936 2478 ταύτης

329 2506 427 2574 τῆς
449 2504 569 2573 μετ’
586 2505 723 2575 ἐμοῦ
744 2502 1147 2571 συνδιαγωγῆς,
1169 2502 1244 2565 ὡς
1266 2500 1730 2571 ἀκινδυνωτέρας.
1749 2500 1807 2552 Ei
1825 2499 1935 2570 γὰρ

322 2598 423 2649 οιαὶ
447 2596 545 2648 σὺν
566 2596 716 2666 αὐτῷ
752 2596 905 2659 ὅντες
928 2634 944 2660 ,
969 2595 1029 2648 οὐ
1068 2597 1248 2663 πάντη
1278 2594 1479 2647 ἄπονον
1525 2593 1621 2644 καὶ
1651 2591 1935 2644 ἀκίνδυνον

323 2685 460 2759 ἦγον
499 2688 635 2759 βίον,
685 2688 823 2741 ἀλλὰ
874 2686 1131 2755 φεύγοντι
1175 2683 1590 2755 συμφεύγοντες
1639 2682 1935 2736 ἐκακοπά-

322 2782 477 2846 θουν,
513 2784 605 2833 καὶ
657 2779 1057 2849 λοιδορουμένῳ
1092 2775 1587 2846 συνελοιδοροῦντο,
1624 2775 1760 2827 ἀλλὰ
1798 2776 1934 2845 πρὸς

331 2878 454 2936 τοὺς
490 2874 784 2943 μέλλοντας
817 2870 1097 2934 κινδύνους
1130 2870 1541 2940 συγκρινόμενα
1567 2870 1635 2921 τὰ
1666 2869 1935 2939 πρότερον

321 2968 512 3032 αὐτοῖς
578 2966 1076 3037 ἐπισυμόαίνοντα,
1128 2966 1191 3016 τὸ
1246 2962 1528 3016 ἀκίνδυνον
1604 2960 1740 3013 πολὺ
1787 2960 1927 3030 ἔχεν.

321 3061 684 3128 φανήσονται.
740 3058 901 3110 Ὥστε
952 3058 985 3127 ἡ
1041 3054 1291 3124 βασιλεία
1340 3052 1434 3105 τοῦ
1489 3051 1626 3105 Θεοῦ
1660 3050 1934 3104 καὶκατὰ

2044 1954 2110 1995 ex
2134 1954 2328 1994 secura
2366 1940 2454 1993 illa
2480 1956 2641 2010 quant
2670 1956 2885 1997 mecum
2914 1944 3076 2009 agitis
3095 1946 3231 1999 vita.
3264 1945 3529 2011 Quamvis
3563 1966 3665 2003 au-

2044 2042 2153 2087 tem
2181 2043 2237 2087 et
2258 2047 2368 2102 quo
2399 2041 2649 2101 tempore
2673 2049 2796 2088 cum
2824 2036 2944 2104 ipso
2962 2046 3142 2103 erant,
3167 2053 3273 2090 non
3294 2018 3522 2092 omnino
3544 2042 3666 2095 sine

2042 2124 2229 2180 labore
2269 2135 2325 2180 et
2356 2125 2612 2195 periculis
2651 2127 2820 2180 vitam
2858 2129 3117 2198 agebattt,
3144 2130 3239 2184 sed
3266 2146 3389 2185 cum
3422 2134 3668 2203 fugiente

2043 2218 2317 2289 fugientes
2353 2217 2761 2288 aﬂligebantur,
2801 2236 3038 2289 cumque
3068 2237 3135 2276 eo
3170 2223 3421 2276 convicia
3476 2226 3666 2278 audie—

2043 2314 2174 2365 bant
2204 2330 2217 2366 :
2264 2320 2450 2366 tamen
2486 2312 2532 2366 si
2580 2328 2703 2382 quae
2736 2321 2865 2367 tunc
2892 2312 3165 2379 ferebant,
3200 2328 3665 2383 compararentur

2040 2421 2165 2461 eum
2194 2407 2279 2462 liis
2309 2422 2430 2477 qua:
2456 2417 2643 2476 postea
2675 2408 2838 2461 laturi
2868 2420 3047 2473 erant,
3078 2408 3408 2463 viderentur
3440 2426 3668 2480 prorsus

2041 2516 2234 2555 secura
2283 2513 2341 2555 et
2389 2504 2600 2569 alisque
2663 2501 2945 2568 periculis.
2989 2501 3171 2571 Atque
3205 2504 3534 2571 ita'regnutn
3567 2501 3665 2556 Dei

2043 2592 2211 2645 etiam
2255 2593 2358 2647 hoc
2397 2594 2559 2647 modo
2600 2593 2743 2646 intra
2775 2594 3050 2662 apostolos
3085 2605 3225 2661 erat,
3263 2597 3365 2649 ltoc
3410 2608 3517 2662 est,
3556 2597 3662 2649 tni-

2041 2686 2190 2741 nitne
2224 2687 2559 2743 laboriosum
2603 2695 2656 2740 ct
2693 2688 3059 2756 periculosum
3089 2704 3341 2757 regnum.
3395 2688 3522 2743 l‘ost
3570 2704 3658 2743 re-

2041 2779 2450 2834 surrectiOnetn
2494 2780 2638 2834 enim
2703 2779 2846 2835 sicut
2896 2782 3120 2848 captivi,
3178 2792 3233 2833 et
3264 2782 3356 2850 qui
3406 2796 3667 2850 persecu-

2041 2872 2247 2926 tionem
2315 2874 2621 2942 patiuntur,
2675 2873 3053 2928 obambulant.
3113 2872 3287 2927 l’orro
3340 2876 3426 2929 his
3481 2874 3661 2930 verbis

2040 2968 2411 3038 apostolorum
2460 2969 2626 3022 corda
2663 2968 2729 3022 ad
2772 2966 3033 3022 ferendos
3066 2969 3288 3023 labores
3337 2979 3391 3023 et
3424 2980 3577 3039 parat
3608 2979 3662 3025 et

2043 3060 2261 3114 roborat
2300 3067 2354 3114 ct
2398 3060 2643 3128 praedicit
2683 3060 2763 3114 eis
2795 3076 2865 3113 ne
2904 3060 3271 3128 decipiantur.
3316 3058 3451 3114 Nam
3484 3062 3529 3115 si
3570 3061 3664 3131 qui

318 3151 517 3204 τοῦτόν
540 3168 603 3218 γε
630 3152 724 3204 τὸν
764 3151 966 3221 τρόπον
999 3148 1148 3213 ἐντὸς
1178 3146 1289 3200 τῶν
1320 3143 1636 3199 ἀποστόλων
1667 3139 1756 3213 ἦν,
1787 3142 1930 3196 κατὰ

2046 3153 2305 3216 dixerint,
2343 3152 2543 3220 inquit,
2581 3152 2721 3205 Ecce
2754 3152 2876 3215 ltic,
2914 3153 2998 3205 vel
3040 3151 3179 3206 Ecce
3214 3154 3347 3219 illic,
3379 3168 3448 3207 ne
3488 3164 3665 3207 secte-

322 3243 389 3298 τδ
454 3245 738 3297 ἀκίνδυνον
796 3242 890 3296 καὶ
949 3241 1148 3294 άπονόν
1200 3248 1366 3310 φημι.
1413 3236 1651 3290 Ἐπείτοι
1696 3252 1757 3304 γε
1800 3236 1941 3304 μετὰ

320 3338 427 3408 τὴν
463 3337 761 3390 ἀνάστασιν
794 3334 870 3397 ὼς
917 3333 1256 3403 αἰχμάλωτοι
1309 3330 1404 3383 καὶ
1475 3328 1801 3395 διωκόμενοι
1840 3342 1937 3377 πε-

327 3426 583 3505 ριῄεσαν.
616 3431 1033 3492 Κατασκευάζει
1066 3428 1121 3479 δέ
1154 3426 1242 3479 διὰ
1264 3424 1473 3478 τούτων
1501 3422 1611 3475 τῶν
1640 3422 1816 3486 λόγων
1840 3421 1938 3484 τὰς

324 3525 438 3578 τῶν
467 3523 780 3578 ἀποστόλων
807 3523 1036 3594 καρδίας
1064 3520 1401 3591 φερεπόνους
1433 3519 1526 3571 καὶ
1576 3515 1936 3586 καρτερικὰς,

323 3619 426 3673 καὶ
479 3620 740 3690 προλέγει
790 3618 997 3681 αὐτοῖς,
1052 3616 1143 3670 ἵνα
1180 3614 1255 3683 μὴ
1287 3610 1659 3683 πλανηθῶσιν.
1699 3610 1798 3661 “Av
1829 3607 1939 3678 γὰρ

324 3715 552 3778 εἴπωσι,
584 3714 769 3783 φησὶν,
813 3711 941 3764 Ἰδοὺ
969 3702 1091 3770 ὧδε,
1129 3708 1162 3777 ἢ
1210 3705 1342 3759 Ἰδοὺ
1374 3707 1509 3770 ἐκεῖ,
1563 3705 1637 3774 μὴ
1684 3700 1935 3768 διώξητε.

325 3805 538 3874 Μηδεὶς
577 3806 705 3873 γὰρ,
752 3803 938 3872 φησὶν,
978 3800 1121 3868 ὐμᾷς
1158 3797 1425 3859 πείσειεν,
1453 3797 1533 3848 ὅτι
1565 3791 1729 3865 ἦλθον
1767 3788 1871 3845 ὧδε
1901 3791 1933 3862 ἢ

331 3900 454 3950 ἐκεῖ
488 3913 501 3926 ’
546 3899 607 3950 ού
666 3896 776 3963 γὰρ
820 3894 972 3963 τόπῳ
1031 3889 1554 3963 περικλεισθήσεται
1600 3890 1633 3959 ἡ
1703 3884 1937 3955 δευτέρα

335 4010 443 4063 μου
472 3990 751 4062 παρουσία
777 3990 808 4059 ή
840 3988 1223 4058 λαμπροτέρα,
1271 3985 1364 4037 καὶ
1397 3982 1734 4051 ἐνδοξοτέρα.
1797 3978 1937 4031 Ἀλλ’

326 4085 524 4155 ὥσπερ
565 4081 824 4153 ἀστραπὴ
870 4082 929 4133 ού
975 4078 1261 4144 λανθάνει,
1307 4076 1422 4129 ἀλλ’
1470 4076 1566 4127 ἀπ’
1619 4074 1791 4145 ἄκρου
1838 4073 1937 4143 τῆς

326 4180 438 4249 γῆς
488 4182 579 4230 ἐπὶ
642 4177 869 4244 θάτερον
922 4174 1091 4243 ἄκρον
1156 4174 1365 4242 φαίνει,
1418 4169 1563 4222 οὕτω
1594 4169 1688 4221 καὶ
1741 4168 1776 4239 ἡ
1826 4167 1936 4236 ἐμὴ

329 4271 610 4339 παρουσία
666 4269 897 4339 λαμπρὰ
939 4269 1035 4319 καὶ
1096 4267 1363 4337 ιτιιρανὴς
1423 4264 1607 4327 ἐσται,
1678 4262 1773 4313 καὶ
1842 4260 1930 4313 οὐ·

327 4367 459 4419 δένα
514 4364 980 4433 ἁποκρυῦήσετιι.
1039 4362 1085 4412 Μ
1192 4358 1286 4411 οῦν
1318 4357 1633 4425 πλανηθῆτε
1677 4355 1781 4406 ὑπὸ
1827 4352 1935 4405 τῶν

330 4456 759 4529 ψευδοχρίστων.
813 4456 886 4507 Ού
924 4456 1033 4522 γάρ
1068 4469 1258 4523 ωσπερ
1312 4452 1577 4520 πρότερον
1630 4449 1688 4500 ἐν
1758 4448 1935 4516 φάτνῃ

2048 3245 2202 3299 mini.
2237 3243 2451 3309 Nullus,
2500 3244 2698 3311 inquit,
2734 3244 2887 3297 vobis
2922 3247 3271 3311 persuadeat,
3319 3245 3463 3313 quod
3494 3260 3663 3299 vene-

2046 3340 2147 3393 ritn
2204 3339 2309 3391 ltuc
2362 3338 2445 3390 vel
2486 3336 2638 3390 illuc.
2676 3334 2793 3387 Non
2830 3335 2977 3387 enim
3020 3336 3139 3390 loco
3176 3337 3665 3393 circutnscribetnr

2044 3430 2320 3484 secundus
2353 3427 2441 3481 ille
2483 3443 2637 3481 meus
2674 3428 2968 3489 adventus,
2999 3429 3091 3495 qui
3136 3429 3430 3495 gloriosior
3467 3440 3522 3483 et
3551 3432 3666 3485 cla-

2049 3523 2176 3574 rior.
2213 3518 2413 3572 Verum
2444 3518 2587 3571 sicut
2620 3518 2801 3587 fulgur
2825 3534 2933 3571 non
2965 3518 3120 3584 latet,
3152 3522 3245 3573 sed
3274 3522 3343 3575 ab
3370 3538 3478 3575 una
3507 3539 3663 3578 sum-

2046 3611 2234 3665 mitate
2270 3619 2430 3664 terra:
2472 3626 2645 3679 usque
2683 3612 2748 3663 atl
2790 3610 2952 3677 aliam
3010 3614 3373 3679 cowpicuum
3401 3626 3487 3670 est
3524 3635 3542 3671 :
3586 3620 3661 3671 ita

2043 3713 2094 3757 et
2128 3716 2283 3755 meus
2317 3701 2589 3755 adventus
2641 3700 2824 3754 clarus
2865 3702 2970 3756 erit
3006 3714 3059 3755 et
3096 3702 3350 3768 illustris,
3384 3708 3663 3775 nullisque

2044 3793 2284 3864 ignotus.
2344 3790 2423 3847 Ne
2464 3793 2629 3860 igitur
2692 3792 3047 3862 tlecipiatnini
3106 3810 3134 3847 a
3190 3794 3657 3857 Pseudochristis.

2043 3886 2157 3942 Non
2191 3888 2335 3941 enint
2373 3887 2517 3940 sicut
2556 3888 2708 3956 prius
2745 3886 2800 3940 in
2835 3890 3104 3956 praisepio
3140 3898 3195 3942 et
3228 3890 3536 3945 humilitate
3568 3910 3664 3961 per

2045 3982 2271 4051 triginta
2308 3995 2481 4033 annos
2526 3979 2781 4048 apparui,
2819 3978 2889 4031 ita
2931 3990 2985 4033 et
3023 3985 3172 4041 tunc,
3211 3982 3305 4035 sed
3352 3998 3474 4035 cunt
3506 3986 3659 4039 onttti

2042 4075 2214 4143 gloria
2242 4073 2573 4142 stipantibus
2602 4086 2687 4124 tne
2736 4072 2946 4140 angelis
2980 4111 2994 4135 ,
3028 4082 3083 4126 et
3119 4073 3169 4125 itt
3222 4086 3521 4129 mOmento.
3552 4076 3664 4131 Po-

2042 4180 2159 4223 stea
2200 4168 2328 4235 quia
2372 4167 2586 4219 dixerat
2611 4164 2691 4218 eis
2722 4173 2987 4217 eventura
3023 4166 3181 4217 valde
3211 4183 3425 4234 aspera,
3462 4186 3662 4223 conso-

2043 4259 2185 4312 latur
2208 4257 2374 4329 429
2393 4272 2485 4310 eos
2506 4267 2561 4311 et
2587 4259 2934 4321 exhortatur,
2966 4271 3042 4321 et,
3086 4270 3143 4313 ιιι
3171 4274 3435 4328 generose
3460 4262 3660 4329 ferant,

2041 4352 2291 4420 exemplo
2354 4364 2454 4403 suo
2506 4349 2883 4403 commendat.
2937 4346 3054 4402 Non
3102 4352 3249 4403 enim
3287 4355 3656 4421 admiremini,

2043 4444 2241 4512 inquit,
2277 4443 2323 4496 si
2374 4443 2658 4497 evenerint
2709 4440 2862 4495 vobis
2897 4452 3004 4495 tam
3047 4445 3301 4512 molesta,
3335 4462 3455 4515 quae
3505 4450 3661 4504 vobis

331 4555 431 4606 καὶ
467 4550 712 4621 πτωχείᾳ
762 4548 850 4602 δια
902 4549 1199 4619 τριάκοντα
1232 4544 1370 4598 ἐτῶν
1410 4543 1639 4611 ἐφάνην,
1667 4539 1811 4592 οὕτω
1842 4540 1938 4591 καὶ

2045 4531 2376 4593 tlesidetium
2417 4534 2651 4588 afferent
2682 4534 2919 4600 dierum,
2979 4536 3180 4605 quibus
3231 4552 3331 4607 ego
3372 4538 3657 4597 vobiscum

336 4646 497 4707 τότε,
525 4645 660 4696 ἀλλὰ
694 4644 871 4697 πάντα
906 4644 962 4692 ἐν
987 4639 1137 4710 δόξῃ,
1188 4637 1637 4709 δορυφορούντων
1666 4633 1937 4701 ἀγγέλων,

336 4739 431 4791 καὶ
480 4738 538 4790 ἐν
572 4738 728 4807 ῥιπῇ.
786 4730 920 4788 Εἶτα
956 4732 1144 4800 ἐπειδὴ
1197 4730 1382 4791 αὐτοῖς
1430 4726 1641 4797 φοῦερὰ
1676 4728 1941 4795 προεῖπεν

332 4833 680 4901 ἀπαντήσειν
703 4872 717 4896 ,
746 4827 1242 4899 παραμυθούμενος
1294 4822 1518 4887 αὐτοὺς,
1552 4822 1647 4874 καὶ
1682 4837 1941 4889 παρακα-

335 4926 451 4978 λῶν
477 4925 742 4995 γενναίως
805 4926 1018 4994 φέρειν,
1060 4921 1139 4990 τῷ
1175 4918 1296 4973 καθ’
1338 4917 1531 4971 ἐαυτὸν
1579 4915 1942 4984 ὑποδείγματι

336 5019 502 5073 τοῦτο
530 5017 770 5088 συνιστᾷ.
804 5017 895 5087 Μή
922 5017 1031 5087 γὰρ
1060 5014 1401 5085 θαυμάσητε,
1434 5012 1623 5081 φησὶν,
1654 5010 1700 5061 εί
1730 5007 1943 5078 συμϐήτ

339 5130 497 5167 σεται
532 5114 661 5183 ὑμῖν
690 5109 923 5164 τοιαῦτα
950 5109 1185 5161 ἐπίπονα
1219 5102 1306 5159 οἷα
1336 5104 1634 5173 ἐπιθυμίαν
1656 5103 1784 5173 ὑμῖν
1808 5101 1947 5170 ἀγαῖ

339 5206 461 5273 γεῖν
489 5203 589 5272 τῆς
632 5200 749 5271 μετ’
797 5198 933 5270 ἐμοῦ
982 5199 1187 5267 ταύτης
1234 5197 1333 5266 τῆς
1386 5194 1504 5247 νυνὶ
1540 5191 1942 5260 συνδιαγωγῆς.

344 5296 520 5356 Αὐτὸς
555 5298 663 5365 γὰρ
698 5291 808 5360 ἐγὼ
835 5295 862 5345 ό
893 5291 1101 5360 μέλλων
1133 5290 1207 5353 ὡς
1234 5286 1492 5357 ἀστραπὴ
1523 5285 1780 5354 φανῆναι,
1816 5282 1946 5350 πρόο

2043 4646 2185 4685 sum.
2230 4629 2364 4683 Nam
2400 4637 2453 4705 et
2486 4642 2587 4693 ego
2624 4628 2739 4695 ipse
2773 4627 2865 4696 qui
2911 4637 3176 4685 venturus
3225 4644 3347 4686 sum
3377 4632 3517 4687 sicut
3556 4635 3659 4688 ful-

2044 4738 2162 4795 gur,
2207 4722 2357 4791 pritts
2410 4734 2672 4789 passurus
2728 4718 2897 4773 multa
2972 4722 3461 4793 reprobandusque
3512 4741 3657 4793 sum,

2044 4826 2096 4870 et
2132 4816 2206 4868 ita
2241 4814 2294 4867 in
2328 4813 2502 4883 gloria
2538 4811 2642 4865 ista
2671 4812 2907 4865 veniam.
2942 4814 3121 4883 Atque
3158 4816 3231 4869 ita
3269 4817 3371 4872 ilOC
3400 4818 3556 4873 vobis
3588 4823 3661 4875 sit

2044 4908 2417 4965 exstimulatio
2447 4906 2512 4960 ad
2540 4905 2815 4975 patientiae
2850 4907 3132 4971 virtutem,
3162 4919 3216 4963 et
3246 4909 3313 4963 ad
3342 4910 3555 4967 fortiter
3580 4911 3663 4968 fe-

2048 5004 2277 5059 rendunt
2316 5001 2527 5055 alacres
2569 5014 2666 5055 vos
2702 4998 2889 5065 faciat,
2923 5002 3048 5053 dum
3091 5002 3142 5055 in
3176 5017 3262 5056 ntc
3297 5004 3572 5073 respicitis
3607 5016 3662 5059 et

2049 5094 2284 5165 speratis
2315 5112 2327 5147 :
2362 5092 2487 5162 quia
2522 5100 2577 5146 et
2608 5091 2763 5146 vobis
2796 5093 3053 5147 obveniet
3084 5093 3255 5163 gloria
3291 5110 3356 5149 ex
3378 5097 3660 5166 periculis,

2050 5187 2178 5242 dum
2228 5184 2478 5255 patimini
2526 5191 2580 5237 et
2633 5183 3050 5253 reprobamini,
3104 5188 3563 5255 quemadmodum
3608 5202 3663 5245 et

2053 5282 2210 5336 tttihi.

345 5406 507 5459 τερον
556 5388 733 5459 μέλλω
811 5386 1006 5439 παθεῖν
1064 5384 1257 5448 πολλὰ,
1306 5384 1403 5435 καὶ
1478 5378 2013 5450 ἀποδοκιμασθῆναι,
2058 5374 2153 5428 καὶ
2198 5372 2373 5435 οὕτως
2424 5372 2482 5426 ἐν
2539 5372 2607 5441 τῇ
2653 5368 2782 5440 δόξῃ
2839 5368 3013 5439 ταύτῃ
3068 5369 3265 5426 ἐλθεῖν.
3301 5370 3465 5423 Ὥστε
3507 5373 3661 5425 τοῦτο

1298 5522 1395 5605 ΕΧο
1420 5517 1771 5579 collatione
1812 5516 2000 5578 codd.
2041 5517 2274 5575 Venet.
2318 5513 2382 5573 S.
2419 5508 2645 5572 Merci.

425 5651 499 5719 l8)
526 5649 661 5706 Cod.
694 5649 787 5712 ΞΒ,
835 5649 967 5718 Περὶ
994 5642 1059 5717 ἧς
1106 5644 1280 5719 οὐδεὶς
1332 5644 1625 5719 ἐκήρυξεν.
1678 5642 1735 5695 Ὀ
1763 5642 1819 5695 δέ
1849 5642 1945 5719 ἀνα

348 5714 634 5794 τιστρέφει
667 5724 853 5794 αὐτοῖς
896 5714 1362 5794 τὸν-ῖκαταγελων
1388 5756 1402 5779 ,
1442 5716 1759 5794 δεικνὺς-,κ
1804 5731 1853 5794 τ.

356 5812 379 5848 ι
418 5785 491 5848 De
522 5785 631 5863 q'no
662 5791 841 5845 nullus
870 5789 1278 5863 prurdicaverat.
1317 5790 1385 5840 At
1430 5791 1544 5853 ipse
1575 5785 1778 5863 in_illo_s
1817 5786 1946 5838 irri-

350 5856 561 5921 sioncni
604 5856 901 5929 convertit,
948 5860 1263 5926 ostendens,
1326 5880 1341 5907 θ
1394 5868 1502 5915 etc.
1542 5887 1607 5896 -—
1645 5856 1797 5911 Unde
1840 5872 1945 5912 non

2052 5640 2193 5695 male
2226 5637 2459 5692 habebat
2486 5638 2616 5693 edit.
2644 5637 2766 5692 Lttt.
2789 5640 2908 5691 illos
2936 5640 2987 5691 in
3008 5640 3174 5693 risum
3219 5638 3473 5692 convertit
3501 5651 3520 5689 :
3544 5652 3662 5705 qua:

2052 5712 2215 5765 verba
2251 5710 2470 5762 sustulit
2507 5721 2787 5763 corrector
2814 5709 3054 5765 Venetus
3084 5714 3354 5778 quodnon
3381 5715 3660 5760 exstarent

2055 5784 2107 5863 in
2143 5790 2294 5908 texdtu
2347 5780 2538 5836 Graeco
2575 5822 2590 5849 ,
2616 5784 2709 5851 qui
2741 5783 2926 5853 potius
2960 5797 3056 5851 per
3088 5784 3234 5837 ltunc
3253 5780 3501 5837 codicem
3534 5793 3659 5832 co:-

2056 5870 2205 5908 rtgen
2252 5869 2313 5907 us
2344 5861 2445 5907 cst.

2056 5867 2313 5925 rigenuus
2344 5867 2445 5907 εει.
