4100 6334
538 320 647 387 9‘35
1394 316 1975 379 THEOPHYLACTI
2023 317 2435 379 BULGARUE
2471 321 2830 385 AllCHIEP.
3701 319 3810 383 995

540 432 668 503 ὑμῖν
699 428 842 483 ἔστω
887 429 967 495 εἰς
1018 426 1362 501 παράκλησιν
1412 425 1528 500 τὴν⁸
1568 426 1705 497 πρὸς
1753 426 1975 499 ἀρετὴν,
2017 427 2114 481 καὶ
2138 428 2616 498 προθυμοποιείτω
2664 431 2810 501 ὑμᾶς
2859 430 2940 494 εἰς
3002 430 3065 485 τὸ
3108 431 3421 503 καρτερεῖν,
3452 429 3516 485 τ’)
3592 432 3809 503 ἀφορᾷν

538 523 739 596 δηλαδὴ
770 522 905 595 πρὸς
948 521 1070 594 ἐμὲ,
1101 519 1193 574 καὶ
1229 519 1493 586 ἐλπίζειν,
1524 520 1609 574 ὅτι
1642 521 1738 576 καὶ
1778 520 1907 592 ὑμῖν
1934 521 1969 592 ἡ
1998 520 2129 586 δόξα
2163 523 2227 577 ἐκ
2258 522 2351 575 τοῦ
2392 522 2671 588 κινδύνους
2703 523 2901 579 παθεῖν
2963 524 3057 579 καὶ
3085 523 3591 595 ἀποδοκιμασθῆναι
3652 540 3811 595 περι-

544 620 847 690 γενήσεται,
879 617 1066 684 ῶσπερ
1093 614 1185 668 οὖν
1217 616 1311 668 καὶ
1338 616 1482 685 ἐμοί.

609 716 772 771 Vsus.
799 713 986 769 26-30.
1026 731 1045 765 ι
1081 712 1143 767 Et
1171 715 1316 769 sicut
1341 712 1539 767 accidit
1569 712 1622 766 in
1654 712 1848 767 diebus
1877 710 2009 778 Noe,
2042 712 2116 768 ita

2302 734 2321 768 ι
2361 712 2473 766 Kal.
2517 708 2701 773 καθὼς
2747 709 2964 778 ἐγένετο
3004 709 3062 761 ἐν
3090 710 3213 771 ταῖς
3258 708 3493 778 ἡμέραις
3529 703 3628 760 τοῦ
3658 702 3806 767 Νῶε,

436 792 439 797 λ
539 810 646 863 erit
695 816 748 862 et
808 807 995 861 diebus
1027 804 1145 861 Filii
1210 806 1464 861 hominis.
1519 804 1786 873 Edebant,
1844 806 2121 873 bibebant,

540 911 737 954 uxores
760 898 1053 963 ducebant,
1087 906 1142 952 et
1170 896 1437 952 dabantur
1458 906 1682 965 nuptum
1709 897 1774 950 ad
1805 911 1926 952 eum
1953 911 2123 966 usque

539 990 707 1054 diem,
738 1004 846 1057 quo
881 987 995 1042 Noe
1054 989 1105 1043 in
1150 1003 1334 1044 arcam
1378 988 1603 1043 intravit
1640 999 1739 1044 :et
1787 989 1934 1044 venit
1984 989 2124 1043 dilu-

543 1083 711 1146 vium,
756 1091 812 1137 et
849 1081 1089 1151 perdidit
1119 1096 1327 1137 omnes.
1366 1081 1738 1137 Consimiliter
1775 1083 1935 1138 etiam
1979 1082 2123 1138 sicut

541 1176 739 1229 accidit
767 1176 821 1228 in
857 1174 1045 1228 diebus
1074 1172 1194 1229 Lot.
1228 1172 1492 1238 Edebant,
1521 1174 1799 1239 bibebant,
1845 1178 2116 1239 emebant,

544 1266 872 1331 vendebant,
923 1265 1258 1335 plantahant,
1294 1263 1636 1318 adiﬁcabant
1671 1283 1685 1321 :
1717 1274 1971 1320 caeterum
2013 1281 2120 1335 quo

540 1357 625 1413 die
654 1357 786 1412 exiit
812 1354 913 1410 Lot
946 1370 978 1411 θ
1020 1355 1275 1410 Sodomis
1328 1355 1463 1425 pluit
1494 1355 1605 1425 igni
1656 1367 1712 1412 et
1757 1358 2016 1427 sulphure
2054 1359 2119 1413 de

539 1450 693 1513 rcelo,
733 1458 787 1503 et
830 1463 1019 1503 omnes
1072 1448 1327 1519 perdidit.
1369 1446 1673 1503 Secundum
1707 1449 1822 1503 haec
1852 1449 1957 1504 erit
2002 1449 2119 1503 dies

538 1556 645 1610 quo
688 1538 859 1596 Filius
915 1540 1151 1596 hominis
1187 1540 1531 1596 revelabitur.
1580 1558 1598 1589 ι
1646 1541 1713 1595 Ει
1758 1554 1850 1609 per
1884 1543 1997 1595 haec
2034 1555 2121 1595 re-

539 1638 816 1705 pentinum
852 1644 907 1689 et
938 1635 1367 1704 inexspectatum
1414 1650 1570 1689 suum
1604 1635 1891 1690 adventum
1940 1644 2120 1690 osten-

540 1728 639 1780 dit.
672 1724 805 1778 Nam
835 1724 974 1779 sicut
1007 1725 1343 1795 temporibus
1389 1723 1503 1779 Noe
1536 1734 1758 1796 repente
1788 1726 1937 1780 venit
1984 1726 2122 1780 dilu-

538 1818 707 1882 vium,
741 1828 797 1872 et
835 1816 1056 1872 abstulit
1085 1832 1280 1873 omnes
1311 1858 1326 1880 .
1358 1818 1431 1872 ita
1466 1818 1571 1873 erit
1599 1829 1653 1873 et
1678 1819 1939 1874 adventus
1979 1817 2115 1886 ejus.

538 1910 849 1964 lnsinuatur
888 1916 1066 1963 autem
1122 1924 1219 1978 per
1252 1909 1498 1978 exempla
1540 1909 1655 1965 hrec
1701 1911 1887 1964 diluvii
1931 1920 1985 1966 et
2017 1911 2119 1965 So-

539 2001 785 2057 domitici
838 2001 1091 2067 incendii,
1124 2002 1295 2070 quod,
1324 2017 1446 2056 cum
1482 2003 1697 2057 venerit
1727 2004 2115 2070 Antichristus,

2224 806 2393 868 οὕτως
2432 804 2585 857 ἔσται
2634 800 2725 856 καὶ
2757 800 2816 854 ιν
2844 801 2965 861 ταῖς
2996 799 3234 871 ἡμέραις
3277 796 3371 851 τοῦ
3402 797 3533 851 Υἰοῦ
3580 795 3677 849 τοῦ
3709 798 3804 850 ἀν-

2224 898 2443 969 θρώπου
2466 911 2479 925 ⁶
2512 895 2699 965 ἡσθιον
2736 893 2831 946 καὶ
2880 890 3084 954 ἔπινον,
3118 889 3361 960 ἐγάμουν
3423 890 3517 942 καὶ
3552 886 3809 956 ἐξεγαμίι

2224 990 2400 1054 ζοντο,
2433 987 2563 1057 ἀχρι
2596 980 2663 1057 ἦς
2694 983 2909 1055 ἡμέρας
2961 981 3181 1052 εἰσῆλθε
3224 978 3349 1035 Νῶε
3388 981 3468 1043 εἰς
3495 980 3595 1051 τὴν
3640 979 3808 1034 κιϐω-

2222 1082 2339 1148 τὸν,
2372 1080 2466 1133 καὶ
2495 1074 2659 1149 ἦλθεν
2687 1080 2714 1131 6
2744 1073 3150 1144 κατακλυσμὸς,
3189 1073 3284 1127 καὶ
3317 1070 3599 1127 ἀπώλεσεν
3630 1070 3804 1125 ᾶπαν-

2222 1191 2340 1237 τας.
2382 1170 2615 1241 Ὁμοίως
2642 1169 2737 1224 καὶ
2768 1168 2844 1231 ώς
2879 1166 3097 1236 ἐγένετο
3126 1167 3185 1220 ἐν
3236 1167 3358 1228 ταῖς
3389 1164 3629 1236 ἡμέραις
3656 1161 3803 1227 Λὼτ,

2223 1266 2433 1336 ἡσθιον,
2476 1262 2682 1326 ἔπινον,
2712 1261 3005 1331 ἠγόραζον,
3041 1257 3304 1323 ἐπώλουν,
3343 1258 3631 1326 ἐφύτευον,
3666 1255 3807 1327 ᾠκοο

2222 1354 2439 1424 δύμουν,
2475 1347 2509 1429 ᾖ
2558 1353 2613 1406 δέ
2642 1351 2827 1423 ἡμέρα
2872 1349 3065 1417 ἐξῆλθε
3096 1346 3221 1401 Λὼτ
3258 1347 3367 1402 ἀπὸ
3410 1346 3685 1414 Σοδόμων,
3712 1345 3807 1397 καὶ

2223 1442 2409 1513 ἔϐρεξε
2441 1441 2552 1513 πῦρ
2617 1442 2714 1495 καί
2763 1439 2904 1493 θετον
2951 1438 3048 1493 ἀπ’
3087 1437 3341 1509 οὐρανοῦ,
3387 1437 3483 1489 καὶ
3524 1435 3808 1489 ἀπώλεσεν

2222 1535 2488 1597 ἅπαντας.
2521 1532 2679 1587 Κατά
2700 1533 2875 1586 ταῦτα
2912 1531 3064 1585 ἔσται
3094 1525 3127 1605 ᾗ
3160 1531 3346 1602 ἡμέρᾳ
3373 1531 3400 1583 6
3429 1529 3559 1593 Υἱὸς
3588 1528 3686 1582 τοῦ
3716 1528 3804 1581 ἀν·

2225 1626 2441 1697 θρώπου
2480 1625 2944 1679 ἀποκαλύπτεται.
2981 1642 2999 1677 ι
3033 1625 3144 1678 Καὶ
3172 1623 3261 1677 διὰ
3287 1622 3495 1676 τούτων
3525 1622 3585 1674 τὸ
3625 1619 3807 1689 αἰφνΞ-

2222 1718 2333 1771 διον
2404 1717 2499 1771 καὶ
2550 1716 2962 1788 ἀπροσδόκητον
3012 1717 3110 1787 τῆς
3161 1715 3328 1771 αὑτοῦ
3376 1715 3681 1786 παρουσίας
3719 1716 3805 1766 ἑν-

2222 1810 2514 1864 δείκνυται.
2545 1809 2757 1880 Ὠσπερ
2782 1809 2891 1878 γὰρ
2925 1808 3021 1860 ἐπὶ
3051 1807 3145 1861 τοῦ
3187 1807 3312 1862 Νῶε
3342 1806 3603 1877 ἐξαίφνης
3645 1802 3808 1877 ἦλθεν

2222 1905 2249 1957 6
2279 1903 2689 1974 κατακλυσμὸς,
2729 1902 2825 1956 καὶ
2852 1898 2989 1974 ἦρεν
3018 1904 3287 1966 ἅπαντας,
3325 1900 3498 1964 οὕτως
3530 1902 3686 1955 ἔσται
3710 1902 3807 1955 καὶ

2220 1996 2254 2066 ἡ
2307 1994 2579 2065 παρουσία
2639 1988 2826 2047 αὑτοῦ.
2866 1992 3171 2047 Αἰνίττεται
3214 1992 3271 2046 δὲ
3309 1990 3401 2046 διὰ
3457 1991 3566 2044 τῶν
3594 1991 3810 2045 ὑποδει-

537 2091 741 2146 ἱιίιοὶιω
777 2090 1080 2159 voluptates
1114 2091 1165 2144 in
1205 2090 1515 2147 hominibus
1565 2093 1891 2160 increscent,
1925 2104 1979 2148 et
2008 2094 2117 2149 dis.

2224 2085 2447 2155 γμάτων
2476 2083 2707 2153 τούτων,
2734 2082 2830 2137 τοῦ
2878 2101 2938 2137 τε
2967 2082 3077 2136 τῶν
3125 2081 3269 2136 κατά
3299 2083 3389 2136 τὸν
3420 2082 3809 2153 κατακλυσμὸν

537 2181 698 2237 soluti
750 2192 931 2248 erunt,
965 2181 1172 2237 deliciis
1214 2193 1469 2238 vacantes
1506 2202 1520 2239 :
1555 2184 1606 2239 id
1641 2186 1782 2255 quod
1812 2194 1867 2240 et
1891 2186 2123 2255 Aposto-

536 2273 622 2328 lus
673 2272 835 2339 dixit,
882 2275 1024 2343 quod
1060 2274 1112 2327 in
1156 2278 1415 2333 extremis
1451 2278 1783 2348 temporibus
1818 2285 1978 2332 erunt
2013 2278 2117 2334 ho-

542 2363 719 2416 mines
775 2362 1137 2432 voluptatum,
1185 2366 1362 2433 magis
1410 2378 1572 2435 quam
1616 2365 1711 2419 Dei
1765 2367 2118 2422 amatores".

536 2455 603 2511 Et
635 2456 834 2510 merito
882 2457 933 2509 in
980 2470 1145 2525 regno
1180 2456 1484 2524 deceptoris
1513 2458 1779 2513 ﬂorebunt
1807 2458 1969 2513 mala.
2004 2458 2120 2514 Erit

537 2546 679 2600 enim
725 2547 816 2601 ille
852 2550 1055 2615 peccati
1096 2557 1150 2601 et
1201 2547 1422 2603 malitia:
1453 2549 1630 2603 omnis
1680 2551 1890 2604 sentina
1930 2568 1943 2604 :
1978 2551 2119 2605 unde

535 2655 696 2709 quam
746 2638 907 2692 aliam
945 2640 1185 2709 politian:
1234 2649 1288 2695 et
1329 2643 1491 2695 vitam
1526 2642 1743 2697 invehet
1792 2642 2117 2697 miserandae

538 2740 665 2786 tunc
692 2730 973 2785 hominum
1002 2732 1364 2798 generationi,
1399 2748 1559 2803 quam
1591 2736 1812 2789 omnino
1841 2750 1960 2789 eam
1999 2749 2119 2804 quae

536 2821 613 2877 illi
671 2822 929 2893 propria?
962 2838 1027 2877 ex
1064 2823 1276 2892 impuro
1322 2825 1466 2879 enim
1522 2827 1652 2896 quid
1704 2826 2121 2896 puriﬁeabiturl

533 2916 709 2970 Erunt
743 2927 871 2971 tunc
904 2916 1153 2981 homines
1185 2917 1235 2971 in
1264 2918 1519 2972 omnibus
1550 2918 1782 2987 deliciis,
1808 2920 1951 2975 sicut
1982 2930 2121 2975 tem-

534 3007 759 3077 poribus
789 3006 921 3073 Noe,
950 3017 1003 3063 et
1033 3008 1163 3062 nihil
1190 3024 1352 3078 grave
1387 3008 1753 3065 formidahunt
1780 3029 1794 3065 :
1823 3013 1917 3067 sed
1939 3026 2116 3082 neque

536 3100 759 3153 credent
797 3101 840 3155 si
871 3100 996 3170 quis
1029 3100 1135 3155 illis
1166 3100 1234 3155 de
1264 3101 1583 3169 quibusdam
1619 3103 1862 3157 adversis
1893 3115 2117 3159 eventu-

538 3191 613 3247 ris
657 3191 823 3256 dicet,
875 3193 1017 3246 sicut
1069 3200 1124 3244 et
1178 3190 1231 3245 hi
1262 3191 1353 3261 qui
1406 3192 1743 3262 temporibus
1790 3192 1903 3248 Noe
1932 3202 1988 3249 et
2017 3194 2119 3249 Lot

538 3280 775 3334 fuerunt.

2222 2177 2547 2250 ἀνθρώπων,
2582 2179 2679 2231 καί
2719 2175 2815 2232 τοῦ
2860 2177 2971 2231 τῶν
3004 2176 3338 2248 Σοδομιτῶν,
3376 2178 3458 2231 ὅτι
3486 2175 3583 2229 τοῦ
3629 2178 3808 2228 Ἀντι-

2222 2271 2443 2343 χρίστου
2486 2268 2756 2333 ἐλθόντος,
2792 2268 2861 2322 τά
2889 2268 3000 2323 τῶν
3028 2269 3249 2324 ἀτόπων
3285 2268 3489 2340 ἡδονῶν
3520 2267 3810 2339 ἐπιθήσον-

2220 2381 2310 2417 ται
2332 2365 2443 2427 τοῖς
2470 2362 2800 2432 ἀνθρώποις,
2825 2361 3131 2431 καὶδλόιγνοι
3156 2362 3392 2427 ἔσονται,
3426 2362 3524 2416 καὶ
3545 2362 3808 2432 ἀθέσμοις

2219 2456 2435 2528 ἡδοναῖς
2461 2455 2841 2522 ἐκδεδωκότες,
2862 2456 2997 2527 ὅπερ
3026 2454 3090 2525 δὴ
3120 2457 3216 2509 καὶ
3238 2458 3267 2509 6
3290 2454 3617 2519 Ἀπόστολος
3628 2450 3805 2517 εἶπεν,

2218 2552 2301 2605 ὅτι
2341 2552 2399 2603 ἐν
2448 2550 2571 2613 ταῖς
2618 2549 2874 2619 ἐσχάταις
2912 2546 3151 2618 ἡμέραις
3184 2546 3399 2601 ἔσονται
3432 2548 3481 2601 οἰ
3530 2546 3809 2618 ἀνθρωττοι

2219 2642 2493 2714 φιλήδονοι
2545 2640 2769 2712 μᾶλλον,
2822 2639 2855 2711 ἡ
2892 2638 3161 2710 φιλόθεοι·
3198 2640 3295 2692 καὶ
3336 2639 3561 2701 εἰκότως
3584 2639 3680 2691 ἐπὶ
3709 2638 3808 2707 τῆς

2221 2734 2498 2805 βασιλείας
2537 2732 2628 2786 τοῦ
2656 2731 2858 2787 πλάνου
2895 2730 3116 2802 ἀνθήσει
3148 2730 3218 2783 τὰ
3251 2730 3419 2784 κακά’
3451 2730 3550 2801 τῆς
3580 2731 3693 2800 γὰρ
3713 2747 3807 2783 πο-

2219 2827 2414 2899 νηρίας
2447 2824 2544 2880 καὶ
2591 2824 2771 2895 πάσης
2797 2823 3072 2895 ἁμαρτίας
3102 2821 3449 2891 καταγώγιον
3475 2821 3550 2876 ὢν
3574 2824 3805 2889 ἐκεῖνος,

2219 2921 2273 2973 τί
2306 2921 2435 2973 ἀλλο
2462 2916 2921 2990 ἐμπολιτεύεσθαι
2943 2917 3188 2986 ποιήσειε
3214 2917 3281 2986 τῇ
3314 2916 3521 2987 ἐλεεινῇ
3552 2916 3664 2968 τῶν
3686 2916 3807 2968 τότε

2223 3008 2527 3081 ἀνθρώπων
2576 3010 2760 3080 γενεᾷ,
2818 3008 2851 3079 ἢ
2898 3009 3116 3071 πάντως
3157 3008 3226 3060 τὰ
3290 3008 3467 3061 οἰκεῖα
3512 3006 3695 3078 aint};
3748 3006 3809 3071 ἐξ

2224 3103 2536 3173 ἀκαθάρτου
2607 3104 2715 3172 γὰρ
2766 3101 2819 3155 τί
2857 3102 3356 3173 καθαρισθήσεταις
3411 3102 3670 3156 Ἔσονται
3715 3098 3808 3154 οὖν

2224 3194 2527 3264 τηνικαῦτα
2564 3194 2614 3246 οἰ
2645 3192 2925 3263 ἄνθρωποι
2961 3195 3018 3246 ἐν
3050 3193 3197 3265 πάσῃ
3238 3194 3443 3264 τρυφῇ,
3495 3190 3687 3261 ῶσπερ
3716 3193 3808 3244 ἐπὶ

2226 3284 2321 3337 τοῦ
2356 3284 2501 3349 Νῶε,
2543 3284 2636 3337 καὶ
2664 3284 2815 3338 οὐδὲν
2862 3285 3123 3356 δυσχερὲς
3157 3285 3491 3349 ἐλπίσουσιν,
3528 3286 3667 3339 ἀλλά
3713 3287 3809 3341 καὶ

534 3376 947 3444 ἀπιστήσουσιν,
972 3373 1066 3427 ἐάν
1090 3390 1175 3436 τις
1196 3374 1380 3438 αὐτοῖς
1406 3374 1536 3445 περί
1573 3392 1734 3430 τινων
1758 3374 2195 3447 συμϐησομένων
2226 3375 2505 3448 δυσχερῶν
2563 3377 2719 3448 λέγῃ,
2750 3376 2940 3449 ὥσπερ
2974 3379 3069 3431 καὶ
3101 3380 3149 3431 οἱ
3179 3377 3275 3430 ἐπὶ
3317 3377 3413 3431 τοῦ
3480 3377 3607 3431 Νῶε
3634 3420 3647 3445 ,
3713 3378 3808 3433 καὶ

536 3467 586 3517 οἱ
613 3467 701 3517 ἐπὶ
732 3465 826 3518 τοῦ
850 3463 995 3519 Λώτ.

612 3557 775 3612 Vsus.
814 3557 1006 3611 3l-35.
1047 3566 1065 3607 ι
1105 3558 1161 3611 ln
1191 3557 1282 3612 illo
1314 3558 1401 3613 die
1433 3557 1522 3627 qui
1557 3556 1721 3614 fuerit
1754 3559 1806 3613 in
1838 3567 2014 3625 tecto,
2064 3568 2119 3614 et

2297 3578 2317 3611 ι
2365 3558 2451 3612 Ἐν
2480 3556 2666 3629 ἐκείνῃ
2690 3560 2754 3629 τῇ
2789 3558 2973 3630 ἡμέρᾳ
3000 3558 3058 3624 ὃς
3095 3557 3249 3613 ἔσται
3283 3560 3375 3614 ἐπὶ
3404 3558 3497 3615 τοῦ
3532 3560 3806 3633 δώματος,

537 3664 662 3703 Vasa
700 3648 817 3716 ejus
878 3649 933 3703 in
1005 3652 1187 3715 domo,
1242 3665 1309 3704 ne
1356 3652 1646 3706 descendat
1697 3652 1763 3706 ad
1827 3652 2120 3706 tollendum

538 3745 629 3799 illa
661 3761 675 3797 :
706 3754 759 3798 et
789 3746 878 3814 qui
910 3745 967 3798 in
1000 3761 1152 3814 agro,
1181 3745 1431 3800 similiter
1456 3761 1567 3800 non
1601 3747 1785 3801 redeat
1811 3749 1877 3801 ad
1908 3747 2120 3803 relicta.

538 3835 805 3891 Memores
861 3844 1035 3892 estote
1082 3837 1269 3892 uxoris
1325 3835 1449 3892 Lot.
1486 3835 1810 3908 Quicunque
1849 3839 2125 3908 qntesierit

540 3926 774 3979 animam
812 3941 967 3979 suam
1000 3941 1239 3991 servare,
1279 3927 1466 3996 perdet
1495 3927 1637 3981 illam
1680 3948 1693 3981 :
1730 3937 1785 3983 et
1813 3928 2121 3997 quicunque

540 4018 842 4087 perdiderit
894 4018 1064 4083 illam,
1123 4020 1285 4072 vitam
1343 4018 1419 4071 illi
1456 4019 1689 4088 parabit.
1734 4035 1753 4069 ι
1785 4017 1841 4071 1η
1888 4019 1978 4073 illa
2035 4020 2122 4074 die

537 4111 800 4163 adventus
842 4109 1185 4172 Antichristi,
1246 4109 1293 4164 is
1336 4110 1425 4178 qui
1478 4109 1641 4163 fuerit
1694 4123 1857 4177 super
1890 4116 2117 4174 tectum,

540 4199 640 4253 hoc
695 4211 776 4255 est
822 4202 873 4254 in
908 4202 1134 4254 summis
1159 4200 1470 4266 virtutibus,
1506 4215 1573 4254 ne
1604 4200 1916 4266 descendat,
1942 4214 2121 4269 neque

538 4291 745 4347 abillis
796 4293 1029 4347 desistat
1079 4293 1378 4361 cujuspiam
1436 4294 1752 4360 temporalis
1807 4296 1883 4348 rei
1920 4296 2113 4362 gratia.

540 4384 730 4440 Omnia
764 4386 908 4438 enim
944 4384 1258 4454 temporalia
1300 4386 1417 4440 hare
1460 4400 1589 4441 vasa
1627 4387 1883 4442 dicuntur
1916 4366 2120 4441 homini

538 4476 895 4541 conl'erentia,
949 4476 1036 4529 alii
1084 4477 1299 4545 quidem
1340 4478 1406 4531 ad
1439 4477 1717 4543 virtutem,
1763 4478 1852 4531 alii
1893 4493 2020 4533 vero
2050 4478 2118 4533 ad

539 4569 823 4621 malitiam.
888 4568 1052 4636 Igitur
1086 4568 1178 4637 qui
1222 4569 1273 4622 in
1306 4569 1534 4623 summis
1570 4580 1654 4624 est
1702 4570 2017 4635 virtutibus,
2050 4584 2119 4626 ne

536 4655 700 4728 5,30
742 4659 1037 4711 descendat
1082 4666 1299 4726 propter
1331 4658 1629 4726 temporale
1671 4658 1908 4727 aliquod,
1936 4672 1990 4713 et
2022 4675 2119 4715 ex-

538 4746 681 4793 cidat
710 4756 737 4793 a
785 4755 882 4793 suo
932 4740 1149 4808 fastigio
1179 4781 1195 4805 ,
1231 4739 1325 4793 sed
1374 4743 1592 4796 resistat
1641 4742 1879 4807 malitiae,
1916 4753 1971 4798 et
2010 4760 2113 4798 non

540 4830 923 4886 demulceatur.
958 4832 1021 4885 Et
1055 4834 1099 4886 is
1124 4832 1217 4901 qui
1253 4834 1304 4887 in
1332 4848 1484 4903 agro,
1514 4832 1765 4889 similiter
1791 4852 1895 4890 non
1933 4853 2112 4893 rever-

541 4930 683 4974 tatur
708 4922 772 4975 ad
800 4936 861 4975 ea
891 4936 1009 4990 quae
1033 4932 1157 4992 post
1190 4937 1267 4977 se;
1304 4923 1434 4977 Nam
1467 4940 1610 4991 eum,
1640 4925 1733 4996 qui
1766 4926 1819 4981 in
1851 4943 1981 4997 agro
2008 4940 2110 4993 est,
2147 4903 2191 4958 D

539 5013 639 5067 hoc
670 5021 752 5067 est
795 5016 1016 5079 mundo,
1053 5026 1107 5070 et
1135 5026 1393 5085 operatur
1451 5018 1731 5083 virtutem,
1766 5036 1869 5075 non
1901 5032 2117 5090 oportet

539 5104 732 5158 reverti
777 5103 843 5159 ad
871 5120 931 5158 ea
958 5120 1077 5173 qua:
1110 5118 1226 5173 post
1263 5122 1340 5173 se,
1370 5111 1461 5163 sed
1514 5111 1691 5179 urgeri
1724 5112 1790 5163 ad
1823 5114 2112 5168 anteriora.

538 5188 668 5243 Nam
724 5192 864 5246 sicut
921 5194 1029 5249 alio
1082 5195 1200 5249 loco
1251 5198 1427 5250 dicit:
1462 5216 1480 5249 ι
1516 5197 1705 5255 Nullus
1751 5202 1843 5270 qui
1899 5218 2115 5257 manum

538 5296 686 5334 suam
713 5284 777 5335 ad
813 5294 1050 5339 aratrum
1079 5288 1263 5352 mittit,
1291 5299 1343 5343 et
1369 5304 1661 5346 conversus
1684 5303 1769 5347 est
1790 5307 2109 5363 retrorsum,

539 5372 758 5428 idoneus
787 5384 870 5429 est
913 5378 977 5431 ad
1036 5395 1259 5450 regnum
1284 5381 1544 5437 caelorum
1578 5384 1668 5450 ";
1710 5403 1728 5437 ι
1772 5386 1927 5441 all'ert
1988 5388 2113 5441 item

534 5472 835 5541 exemplum
871 5475 1109 5531 mulieris
1138 5478 1257 5540 Lot.
1283 5496 1424 5547 qum,
1455 5498 1575 5536 cum
1606 5497 1865 5540 conversa
1906 5492 1989 5542 est
2027 5501 2115 5541 re-

539 5572 640 5627 tro,
669 5565 719 5617 in
754 5574 985 5620 statuam
1035 5570 1165 5627 salis
1206 5574 1391 5644 riguit,
1445 5576 1547 5632 hoc
1601 5586 1705 5645 est,
1754 5595 1859 5637 non
1897 5582 2032 5638 exiit
2084 5598 2111 5637 a

612 5738 657 5771 “
694 5740 731 5794 ll
757 5742 896 5801 Tim.
922 5760 1004 5811 ιιι,
1029 5748 1081 5802 ό.
1157 5750 1201 5782 ⁸⁷
1279 5752 1406 5809 Luc.
1442 5772 1515 5820 ix,
1544 5759 1632 5812 6:2.

2222 3651 2318 3706 καὶ
2345 3649 2413 3704 τά
2438 3648 2612 3720 σκεύη
2640 3649 2805 3703 αὑτοῦ
2846 3652 2904 3703 ἐν
2933 3654 2997 3722 τῇ
3028 3651 3197 3722 οἰκίᾳ⁹
3237 3651 3312 3724 μὴ
3352 3653 3650 3709 καταόἀτω
3678 3651 3808 3725 ἆραι

2224 3742 2383 3797 αὑτά.
2418 3743 2529 3797 Ka't
2561 3743 2589 3795 6
2627 3743 2683 3795 ἐν
2707 3741 2785 3814 τῷ
2814 3742 2969 3813 ἀγρῷ
3026 3745 3250 3813 ὁμοίως,
3308 3745 3385 3816 μὴ
3424 3747 3809 3817 ἐπιστρεψάτω

2224 3838 2305 3902 εἰς
2334 3839 2402 3890 τὰ
2434 3837 2637 3891 ὀπίσω.
2680 3835 3067 3907 Μνημονεύετε
3103 3842 3203 3907 τῆς
3231 3840 3491 3909 γυναικὸς
3532 3842 3678 3907 Λώτ.
3714 3844 3809 3908 Ὃς

2224 3928 2321 3982 ἐάν
2347 3929 2557 4000 ζητήσῃ
2584 3928 2680 3997 τὴν
2704 3928 2881 3999 ψυχὴν
2911 3928 3078 3983 αὑτοῦ
3108 3931 3300 3998 σῶσαι,
3329 3932 3584 3987 ἀπολέσει
3616 3936 3805 4006 αὐτὴν,

2223 4022 2319 4074 καὶ
2348 4020 2407 4084 ὂς
2433 4019 2498 4074 ἂν
2528 4020 2768 4091 ἀπολέσῃ
2800 4021 2992 4091 αὐτὴν,
3042 4022 3369 4093 ζωογονήσει
3414 4026 3606 4097 αὐτήν.
3659 4046 3677 4078 ι
3723 4028 3809 4082 Ἐν

2222 4112 2408 4185 ἐκείνῃ
2447 4114 2513 4182 τῇ
2546 4112 2728 4183 ἡμέρᾳ
2771 4113 2870 4182 τῆς
2899 4114 2993 4167 τοῦ
3040 4115 3410 4185 Ἀντιχρίστου
3446 4119 3753 4189 παρουσίας
3782 4121 3809 4172 6

2224 4205 2299 4259 ὣν
2326 4206 2421 4258 ἐπὶ
2444 4206 2538 4259 τοῦ
2565 4206 2838 4276 δώματος,
2864 4208 3110 4261 τουτέστι
3155 4212 3247 4263 τοῦ
3277 4209 3442 4280 ὕψους
3464 4213 3560 4282 τῆς
3584 4214 3809 4283 ἀρετῆς,

2229 4297 2304 4368 μὴ
2349 4296 2664 4361 καταϐάτω,
2715 4298 2849 4369 μηδὲ
2875 4300 3132 4371 ὑφεθὴτω
3179 4302 3289 4355 ἀπὸ
3329 4303 3534 4373 ταύτης
3572 4304 3661 4358 διά
3688 4322 3809 4358 τινα

2226 4389 2501 4457 πρόφασιν
2543 4389 2825 4459 βιωτικὴν.
2871 4391 3057 4446 Πάντα
3084 4393 3193 4466 γὰρ
3226 4393 3294 4447 τὰ
3340 4394 3593 4464 βιωτικὰ,
3638 4397 3806 4468 σκεύη

2225 4483 2477 4552 λέγονται
2526 4480 2772 4555 εἶναιτῷ
2821 4487 3115 4559 ἀνθρώπῳ,
3151 4490 3296 4563 ἄλλῳ
3330 4491 3429 4561 μὲν
3468 4491 3549 4555 εἰς
3581 4493 3805 4563 ἀρετὴν,

2224 4577 2369 4647 ἄλλῳ
2397 4577 2454 4629 δέ
2509 4578 2587 4641 εἰς
2623 4579 2823 4632 κακίαν
2850 4581 3287 4652 συμϐαλλόμενα.
3328 4585 3418 4652 Μὴ
3444 4585 3625 4638 τοίνυν
3658 4587 3687 4638 6
3716 4586 3807 4638 ἐπί⁵

2223 4667 2316 4721 τοῦ
2354 4666 2520 4738 ὕψους
2548 4668 2649 4740 τῆς
2690 4671 2894 4742 ἀρετῆς
2932 4673 3241 4743 ἱστάμενος,
3292 4674 3589 4727 καταῦάτω
3620 4675 3708 4729 διά
3756 4693 3809 4728 τι

2224 4760 2503 4831 βιωτικὸν,
2562 4763 2657 4816 καὶ
2704 4764 3030 4819 ἀποπεσέτω
3091 4766 3184 4819 τοῦ
3227 4768 3431 4820 οἰκείου
3462 4767 3651 4837 ὕψους,
3694 4770 3807 4824 ἀλλ’

2223 4851 2467 4921 ἐνστήτω
2512 4852 2651 4919 πρὸς
2698 4853 2799 4923 τὴν
2854 4856 3077 4917 κακίαν,
3119 4858 3211 4910 καὶ
3252 4859 3329 4928 μὴ
3391 4859 3805 4931 μαλακισθὴτω.

2222 4942 2333 4994 Καὶ
2368 4941 2397 4991 6
2445 4944 2502 4995 ἐν
2542 4941 2621 5013 τῷ
2666 4944 2821 5015 ἀγρῷ
2865 4948 3067 5017 ὁμοίως
3122 4949 3196 5018 μὴ
3223 4951 3608 5021 ἐπιστρεψάτω
3636 4956 3715 5017 εἰς
3742 4955 3809 5008 τά

2222 5033 2421 5085 ὀπίσω⁴
2447 5035 2539 5086 τὸν
2572 5035 2680 5105 γὰρ
2697 5036 2755 5090 ἐν
2779 5037 2857 5108 τῷ
2892 5037 3069 5109 ἀγρῷ,
3100 5039 3176 5109 τῷ
3209 5043 3399 5112 κόσμῳ
3429 5043 3627 5114 τούτῳ,
3648 5046 3807 5113 ἐργα-

2235 5124 2457 5193 ἐίμενον
2487 5125 2582 5196 τὴν
2610 5128 2810 5199 ἀρετὴν
2840 5130 2900 5183 οὐ
2928 5130 3008 5183 δεῖ
3031 5134 3383 5203 ἐπιστρέφειν
3408 5136 3489 5197 εἰς
3520 5137 3589 5189 τὰ
3610 5137 3804 5201 ὀπίσω,

2229 5218 2363 5271 ἀιλὰ
2392 5221 2504 5283 τοῖς
2534 5219 2847 5291 ἔμπροσθεν
2882 5224 3316 5280 ὲπεκτείνεσθαι.
3353 5229 3566 5297 Ὠσπερ
3596 5230 3691 5282 καὶ
3720 5230 3807 5283 ἀλ-

2224 5311 2395 5383 λα),οὖ
2454 5330 2653 5382 φησιν·
2692 5334 2711 5366 ι
2754 5317 2940 5381 Οὐδεὶς
2979 5318 3253 5372 ἐπιϐαλὼν
3291 5322 3389 5391 τὴν
3436 5324 3593 5392 χεῖρα
3644 5322 3806 5376 αὑτοῦ

2223 5400 2306 5454 ἐπ’
2362 5402 2618 5475 ἄροτρον,
2664 5409 2759 5459 καὶ
2814 5413 3077 5480 στραφεὶς
3122 5415 3202 5475 εἰς
3250 5414 3318 5466 τὰ
3355 5414 3549 5479 ὀπίσω,
3591 5414 3809 5477 εὔθετός

2224 5496 2371 5549 ἐστιν
2402 5500 2482 5561 εἰς
2521 5499 2620 5569 τὴν
2676 5500 2955 5569 βασιλείαν
3001 5504 3107 5558 τῶν
3148 5507 3411 5576 οὐρανῶν.
3458 5527 3475 5558 ι
3528 5508 3807 5578 Ἑπιφέρει

2222 5586 2278 5639 δὲ
2316 5588 2622 5662 ὑπόδειγμα
2660 5593 2759 5663 τὴν
2801 5597 3035 5663 γυναῖκα
3093 5598 3185 5651 τοῦ
3232 5598 3377 5665 Λὼτ,
3429 5602 3463 5671 ἡ
3506 5602 3808 5669 στραφεῖσα
