4100 6334
264 347 379 414 997

978 324 1428 403 ENARRATIO
1458 335 1543 399 IN
1582 332 2096 398 EVANGELIUM
2120 331 2367 396 ωας.
2396 357 2468 370 -
2494 332 2658 397 CAP.
2687 330 2887 397 XVII.

3474 336 3585 403 998

260 460 464 523 ὀπίσω,
494 454 596 538 είς
626 452 833 526 στήλην
876 450 1005 514 ἁλὸς
1054 450 1263 520 ἐπάγη,
1310 448 1584 516 τουτέστι,
1624 444 1700 518 μὴ
1734 446 1859 512 ἐξελ

1982 440 2213 515 inaiitia,
2273 444 2371 503 sed
2428 445 2631 502 mansit
2691 439 2745 502 in
2792 444 3075 517 salsugine
3100 459 3220 512 sua,
3273 454 3385 503 tota
3440 449 3583 509 facta

260 552 440 607 θοῦσα
476 550 576 620 τῆς
609 546 837 611 κακίας,
872 543 1201 616 ἐναπέμεινε
1243 543 1308 612 τῇ
1359 542 1567 610 ταύτης
1596 540 1865 612 ἁλμυρία,

256 646 358 717 ὅλη
392 643 539 714 κακὴ
568 638 862 711 γενομένη,
895 639 992 692 καὶ
1023 634 1421 706 στηλιτεύουσα
1450 632 1550 702 τήν
1576 633 1772 704 ἧτταν,
1798 629 1868 701 ἢν

258 738 457 803 ἔπαθε,
495 735 734 803 παγεϊσα
783 731 880 784 καὶ
920 727 1334 799 ἐναπομείνασα
1377 728 1443 798 τῇ
1491 725 1683 796 κακίᾳ.
1729 719 1867 778 Εἶτα

259 826 601 902 ἐπιφέρειτά
626 823 902 880 ἀκόλουθα
918 824 1029 885 τοῖς
1058 821 1172 876 ἀνω
1195 819 1532 890 εἰρημένοις,
1573 817 1673 880 ὐς
1704 814 1867 887 ζητή-

261 941 350 978 σει
375 923 475 992 τὴν
499 920 679 990 ψυχὴν
705 915 873 972 αύτοῦ
901 918 1097 979 σῶσαι,
1122 912 1382 966 ἀπολέσει
1405 910 1599 982 αὑτήν.
1619 909 1711 980 Μὴ
1732 910 1863 981 γὰρ,

260 1015 420 1086 φησὶ,
459 1010 823 1067 σπουδασάτω
873 1025 957 1072 τις
990 1008 1051 1061 ἐν
1078 1006 1158 1076 τῷ
1184 1004 1282 1059 τοῦ
1323 1004 1702 1074 ’Δντιχρίστου
1734 1003 1864 1057 διω-

258 1108 389 1180 γμῷ
432 1100 899 1175 περιποιήσασθαι
947 1100 1050 1169 τὴν
1098 1096 1295 1154 ἑαυτοῦ
1344 1096 1526 1167 ψυχήν
1552 1113 1566 1127 ο
1604 1094 1862 1149 ἀπολέσει

258 1200 369 1271 γὰρ
401 1198 596 1267 αὑτήν.
635 1198 733 1258 Ὃς
771 1194 819 1247 δ’
877 1192 944 1247 ἀν
998 1192 1193 1245 ἑαυτὸν
1244 1191 1481 1260 σφαγαῖς
1537 1187 1632 1242 καὶ
1672 1187 1862 1251 ἁπλῶς

256 1290 533 1353 κινδύνοις
578 1288 746 1358 ἐκδῷ,
797 1284 1131 1355 σωθήσεται,
1176 1282 1253 1353 μὴ
1288 1280 1624 1336 ὑποκύπτων
1664 1278 1743 1349 τῷ
1771 1296 1861 1332 τυ-

258 1384 443 1456 ράννῳ
487 1381 576 1436 διὰ
602 1379 664 1432 τὺ
694 1376 979 1447 φιλόζωον.
1012 1376 1227 1446 Ὠσπερ
1257 1367 1354 1427 οὖν
1383 1372 1646 1440 ἀνωτέρω
1681 1366 1857 1435 εἶπεν,

254 1476 343 1530 ὅτι
376 1478 405 1529 6
435 1475 528 1528 ἐπὶ
569 1471 663 1527 τοῦ
712 1470 881 1541 ὕψους
909 1468 1012 1538 τῆς
1037 1467 1265 1537 ἀρετῆς,
1296 1465 1373 1536 μὴ
1411 1465 1501 1519 διὰ
1529 1464 1599 1517 τά
1627 1462 1859 1535 βιωτικά

259 1567 569 1639 πράγματα
597 1562 895 1633 καταδήτω
931 1556 1370 1631 μαλακιζόμενος
1398 1556 1561 1628 τυχὸν
1598 1555 1690 1609 διά
1723 1556 1859 1626 κτή-

261 1679 410 1734 ματα
453 1661 545 1713 καὶ
590 1659 872 1729 χρήματα,
917 1654 1013 1707 καὶ
1061 1652 1151 1707 διὰ
1181 1649 1359 1706 ταῦτα
1415 1651 1711 1721 ὑφιέμενος
1756 1649 1856 1720 τῆς

257 1753 588 1814 ἐνστάσεως,
636 1747 780 1801 οὕτω
811 1746 910 1800 καί⁸
943 1744 1041 1797 νῦν
1076 1744 1180 1815 ὀδῷ
1215 1741 1423 1814 προϊών
1456 1758 1614 1812 φησι,
1654 1741 1750 1795 καὶ
1803 1740 1857 1793 τί

1974 537 2139 603 mala,
2173 552 2240 593 ac
2271 537 2491 594 celebre
2525 538 2732 594 faciem
2772 546 2827 593 et
2860 538 3016 608 quasi
3080 539 3352 597 columna
3384 542 3584 600 inscri-

1972 632 2109 686 bens
2160 630 2364 686 malum
2397 631 2542 700 quod
2579 644 2737 699 passa
2770 639 2854 685 est
2890 649 2904 686 :
2936 632 3214 687 obstinata
3244 634 3392 689 enim
3423 651 3583 691 man-

1970 723 2044 779 sit
2070 725 2122 779 in
2152 723 2365 779 malitia
2393 739 2513 779 sua.
2550 723 2757 778 Deinde
2795 723 2956 779 all'ert
2992 740 3054 780 ea
3092 740 3214 794 qua
3260 727 3327 780 ad
3382 744 3580 800 supra-

1968 816 2111 871 dicta
2138 829 2483 888 sequuntur:
2509 816 2835 887 Quicunque
2854 820 3136 889 quaesierit
3163 821 3404 877 animam
3424 840 3578 880 suam

1967 903 2206 969 salvare,
2245 905 2436 974 perdet
2464 920 2608 961 eam.
2645 907 2767 964 Non
2796 918 3004 977 qu:erat
3033 908 3256 979 aliquis,
3286 912 3484 981 inquit,
3524 916 3577 969 in

1964 998 2290 1054 Antichristi
2345 1002 2734 1068 persecutione
2800 1002 3037 1056 animam
3099 1018 3257 1058 suam
3321 1005 3579 1062 salvare:

1963 1093 2160 1169 perdet
2188 1092 2336 1147 enim
2386 1108 2531 1148 eam.
2575 1094 2647 1148 At
2698 1095 2788 1163 qui
2827 1110 2888 1151 se
2933 1097 3195 1152 occisioni
3232 1107 3289 1153 et
3322 1100 3581 1169 periculis

1965 1168 2306 1255 exposuerit,
2356 1186 2685 1241 salvabitur.
2721 1186 2801 1241 Ne
2852 1188 3020 1259 igitur
3067 1203 3127 1243 se
3183 1168 3435 1247 liumiliet
3493 1202 3583 1265 ty-

1966 1291 2143 1332 ranno
2191 1288 2415 1347 propter
2464 1278 2591 1333 vitae
2643 1293 2911 1333 amorem.
2968 1279 3182 1352 Quippe
3235 1283 3376 1337 sicut
3411 1299 3577 1355 supra

1963 1368 2124 1434 dixit,
2159 1366 2261 1434 Qui
2294 1379 2378 1423 est
2406 1367 2460 1422 in
2512 1367 2734 1439 fastigio
2778 1369 3019 1435 virtutis,
3054 1380 3276 1443 propter
3324 1387 3414 1427 res
3442 1385 3579 1428 tem-

1965 1459 2184 1528 porales
2237 1475 2305 1514 ne
2361 1462 2707 1525 descendat,
2753 1461 2961 1515 divitiis
3024 1471 3077 1516 et
3140 1463 3582 1531 possessionibus

1962 1552 2247 1617 delinitus,
2279 1561 2335 1608 et
2384 1563 2673 1622 propterea
2706 1555 2865 1609 cedat
2897 1554 3155 1624 periculis
3194 1573 3206 1610 :
3241 1560 3320 1611 sic
3346 1566 3404 1612 et
3432 1574 3577 1614 nunc

1963 1644 2195 1699 ulterius
2257 1644 2615 1715 progrediens
2675 1644 2841 1709 dicit,
2892 1644 3037 1707 dico,
3107 1659 3212 1699 non
3278 1648 3581 1703 descendas

1963 1748 2187 1807 prOpter
2227 1752 2379 1802 vasa,
2438 1753 2617 1809 neque
2644 1746 2867 1807 propter
2906 1746 3132 1792 externa
3167 1738 3430 1793 virtutem
3486 1741 3581 1794 de-

256 1844 405 1914 λέγω
432 1844 514 1897 ὅτι
547 1840 621 1913 μὴ
648 1839 935 1910 καταϐήσῃ
967 1836 1057 1892 διὰ
1086 1814 1293 1908 σκεύης
1333 1833 1470 1906 μηδὲ
1491 1834 1577 1888 διὰ
1602 1834 1669 1888 τά
1697 1834 1857 1897 ἐκτὸς

1965 1848 2120 1889 seras
2149 1873 2164 1900 ,
2198 1849 2377 1904 neque
2418 1846 2637 1905 propter
2674 1835 2869 1890 animm.
2898 1835 3108 1891 lucrum
3140 1851 3374 1903 annuus,
3406 1848 3465 1891 ut
3496 1840 3581 1892 in-

258 1940 482 2011 προήση
522 1938 623 2007 τὴν
666 1934 889 2006 ἀρετὴν,
932 1932 1068 2003 μηδέ
1111 1930 1181 1984 δι’
1209 1928 1383 2001 αὐτὴν
1421 1927 1520 2000 τήν
1548 1927 1649 1997 τῆς
1680 1927 1859 1998 ψυχῆς

258 2027 615 2099 περιποίησιν
638 2025 767 2097 δέξῃ
790 2021 1155 2089 ὑποκλιθῆναι
1186 2019 1266 2090 τῷ
1288 2018 1475 2089 πλάνῳ
1496 2019 1591 2071 καὶ
1628 2016 1856 2088 διώκτη.

256 2118 451 2173 Ταῦτα
502 2117 557 2171 δέ
587 2119 615 2170 6
644 2115 922 2179 Ματθαῐος
971 2113 1153 2167 πάντα
1202 2111 1291 2165 διὰ
1338 2110 1436 2181 τὴν
1467 2109 1578 2163 τῶν
1622 2111 1859 2180 Ἰεροσο-

254 2212 451 2283 λύμων
499 2209 703 2264 ἀλωσιν
744 2207 1007 2279 λεχθῆναι
1051 2204 1131 2277 τῷ
1163 2204 1354 2275 Κυρίῳ
1385 2204 1575 2276 φησὶν,
1622 2204 1859 2258 αίνιττο-

261 2306 413 2377 μένῳ
430 2302 527 2373 τὴν
548 2301 657 2355 τῶν
679 2300 894 2371 ἐχθρῶν
919 2300 1187 2365 ἐπίθεσιν,
1214 2299 1310 2351 καὶ
1333 2297 1417 2350 ὅτι
1442 2294 1864 2367 ἀμεταστρεπτὶ

257 2397 490 2467 φεύγειν
532 2394 615 2447 δεῖ
652 2394 781 2455 τοὺς
826 2392 1131 2463 Ῥωμαίους
1166 2390 1445 2455 ἐπιόντας,
1481 2389 1579 2441 καὶ
1629 2390 1769 2458 μήτε
1806 2390 1863 2439 ἐν

254 2490 339 2561 τῷ
366 2488 576 2558 δώματι
600 2486 785 2553 ὄντας,
815 2486 1167 2540 καταϐαίνειν
1216 2486 1295 2547 είς
1338 2483 1438 2555 τὴν
1466 2482 1647 2536 οίκίαν
1676 2481 1767 2535 διά
1811 2498 1864 2535 τι

256 2581 542 2654 χρειῶδες,
577 2579 695 2633 ἀλλ’
724 2580 891 2643 εὐθὺς
921 2578 1149 2649 φεύγειν
1176 2595 1190 2610 ο
1244 2578 1307 2631 οὐ
1358 2575 1467 2648 γάρ
1517 2577 1636 2629 ἐστι
1669 2574 1864 2646 καιρὸς

258 2672 485 2743 σχολῆς,
532 2670 676 2725 ὥστε
708 2669 1165 2734 συσκευάζεσθαι,
1203 2668 1345 2741 μήτε
1392 2671 1450 2721 ἐν
1486 2668 1643 2739 ἀγρῷ
1675 2666 1858 2731 ὄντας,

261 2765 593 2837 στρέφεσθαι
626 2766 707 2828 είς
735 2762 834 2834 τὴν
866 2764 1047 2817 οἰκίαν
1073 2777 1086 2791 ·
1121 2762 1218 2815 καὶ
1240 2762 1334 2815 τὸν
1388 2760 1447 2813 ἐν
1475 2763 1541 2833 τῇ
1574 2760 1724 2830 οίκίᾳ
1749 2759 1859 2831 γὰρ

257 2854 395 2910 ὄντα
449 2854 673 2925 φεύγειν
722 2854 824 2910 δεῖ.
864 2855 1035 2909 Οὑδέν
1068 2853 1124 2906 δὲ
1173 2852 1491 2924 θαυμαστὸν
1537 2852 1635 2906 καὶ
1699 2854 1757 2906 ἐν
1790 2854 1858 2923 τῇ

261 2946 467 3001 ἁλώσει
495 2946 607 3001 τῶν
648 2945 1043 3018 Ἱεροσολύμων
1070 2944 1247 2999 ταῦτα
1277 2944 1581 3013 γεγονέναι,
1608 2943 1704 2998 καὶ
1730 2942 1862 3013 μὲλ-

260 3040 378 3095 λειν
408 3036 563 3105 αὖθις
612 3039 947 3111 γενήσεσθαι
998 3040 1059 3093 ἐν
1098 3040 1165 3109 τῇ
1200 3038 1476 3111 παρουσίᾳ
1523 3035 1620 3090 τοῦ
1685 3036 1862 3090 Ἀντι-

1969 1926 2192 1981 cliueris
2223 1927 2510 1997 impostori
2534 1937 2589 1983 et
2627 1928 2995 1999 persecutori.
3036 1927 3161 1984 Haec
3185 1930 3405 1999 quidem
3436 1932 3581 1985 Mat-

1968 2018 2143 2074 tbazus
2189 2028 2413 2087 propter
2446 2019 2957 2091 Hierosolymorum
3009 2021 3387 2091 captivitatem
3432 2022 3577 2078 dicta

1964 2124 2090 2167 esse
2136 2126 2163 2165 a
2194 2111 2426 2167 Domino
2474 2122 2664 2167 narrat
2697 2113 3008 2170 insinuante
3049 2115 3289 2169 hostium
3342 2115 3473 2180 vim,
3522 2126 3578 2173 et

1964 2205 2111 2273 quod
2150 2202 2432 2259 Romanos
2461 2206 2553 2275 qui
2610 2206 2853 2261 invasuri
2892 2216 3042 2271 sunt,
3081 2207 3270 2278 fugere
3298 2219 3574 2277 oporteat,

1964 2297 2043 2352 ita
2076 2311 2133 2352 ut
2164 2312 2233 2353 ne
2274 2299 2605 2367 respiciatnr
2641 2316 2656 2353 :
2693 2315 2873 2370 neque
2900 2302 2990 2368 qui
3041 2300 3097 2355 in
3138 2309 3280 2355 tecto
3315 2300 3447 2368 sint,
3477 2301 3577 2358 de-

1963 2390 2227 2446 scendant
2274 2390 2329 2444 in
2362 2391 2585 2445 domum
2630 2390 2861 2459 alicujus
2893 2390 2970 2444 rei
3000 2392 3322 2459 temporalis
3368 2392 3572 2460 gratia,

1962 2481 2060 2538 sed
2094 2480 2280 2536 statim
2314 2481 2570 2552 fugiant;
2609 2496 2714 2537 non
2760 2483 2868 2538 erit
2913 2483 3062 2550 enim
3094 2494 3306 2553 tempus
3349 2486 3470 2546 otii,
3501 2484 3576 2539 ita

1963 2580 2023 2627 ut
2052 2588 2179 2627 vasa
2229 2573 2491 2641 colligere
2511 2573 2680 2629 liceat
2705 2591 2720 2629 :
2756 2589 2935 2644 neque
2964 2576 3055 2645 qui
3088 2574 3141 2629 in
3183 2590 3315 2646 agro
3343 2584 3451 2642 est,
3480 2591 3576 2632 re-

1961 2674 2208 2721 vertatur
2238 2666 2291 2721 in
2323 2666 2543 2723 domum
2572 2682 2753 2736 suam,
2779 2670 2877 2723 sed
2904 2682 3029 2723 eum
3056 2670 3149 2739 qni
3186 2669 3239 2723 in
3272 2669 3434 2723 domo
3480 2680 3565 2725 est

1964 2756 2154 2830 lugere
2199 2759 2499 2831 oportet".
2557 2760 2705 2817 Nihil
2739 2760 2888 2817 enim
2923 2762 3128 2817 mirum
3170 2763 3222 2816 in
3260 2761 3573 2835 Hierosoly-

1965 2867 2180 2907 morum
2217 2855 2536 2923 captivitate
2584 2855 2689 2909 boc
2732 2853 2939 2908 factum
2971 2867 3121 2921 esse,
3153 2855 3462 2924 iterumque
3493 2854 3564 2909 in.

1969 2951 2149 2998 turum
2184 2945 2238 2999 in
2271 2946 2508 3001 adventu
2540 2945 2893 3012 Antichristi,
2923 2945 3033 3001 imo
3060 2947 3128 3001 ad
3160 2947 3334 3017 ipsum
3362 2956 3579 3016 tempus

1965 3038 2460 3093 consummationis
2494 3036 2678 3094 futura
2714 3048 2801 3094 est
2835 3038 3121 3094 tribulatio
3152 3040 3501 3110 gravissima.

209 3184 213 3187 .
260 3132 523 3205 χρίστου·
561 3135 764 3205 μᾶλλον
814 3132 873 3187 δέ
905 3132 1042 3204 πρὸς
1080 3130 1231 3202 αύτῷ
1264 3130 1344 3203 τῷ
1378 3130 1560 3203 καιρῷ
1604 3130 1708 3201 τῆς
1779 3127 2116 3197 συντελείας,
2186 3129 2422 3202 θλίψεως
2472 3131 2571 3187 καὶ
2596 3132 2719 3186 τότε
2754 3131 3062 3203 μελλούσης
3105 3132 3361 3201 γίνεσθαι
3422 3133 3564 3202 ἀφο-

264 3229 456 3299 ρήτου.

338 3338 361 3373 ε
402 3318 562 3389 Λέγω
607 3317 759 3389 ὑμῖν,
789 3317 875 3371 ὅτι
920 3318 980 3371 ἐν
1006 3316 1184 3391 ταύτῃ
1213 3318 1280 3389 τῇ
1308 3316 1469 3372 νυκτὶ
1501 3315 1717 3372 ἔσονται
1766 3318 1859 3373 δύο

2038 3317 2210 3373 Vens.
2257 3316 2449 3373 34-37.
2492 3334 2512 3369 ‹
2557 3316 2690 3373 Dico
2732 3316 2917 3383 vobis,
2975 3317 3027 3372 iu
3083 3316 3171 3372 illa
3206 3326 3363 3373 nocte
3412 3328 3578 3377 erunt

258 3414 357 3468 ἐπὶ
381 3413 571 3482 κλίνης
607 3414 760 3480 μιᾶς,
780 3413 809 3465 6
833 3406 915 3473 εἷς
946 3410 1465 3482 παραληφθήσεται,
1488 3409 1587 3464 καὶ
1611 3414 1639 3464 6
1669 3410 1858 3483 ιτερος

258 3506 622 3576 ἀφεθήσεται.
662 3503 767 3557 Δύο
812 3504 1027 3558 ἔσονται
1062 3503 1362 3575 ἀλήθουσαι
1408 3502 1503 3557 ἐπὶ
1548 3503 1611 3557 τὸ
1640 3504 1792 3563 αὐτὸ.
1820 3506 1854 3575 ή

264 3597 369 3667 μία
401 3593 915 3665 παραληφθήσεται,
954 3593 1048 3646 καὶ
1079 3594 1114 3665 ή
1149 3592 1315 3663 ἐτέρα
1348 3592 1707 3663 ἀφεθήσεται.
1746 3594 1858 3647 Kal

260 3686 656 3757 ἀποκριθέντες
710 3685 959 3753 λέγουσιν
1006 3684 1189 3756 αὐτῷ’
1241 3684 1377 3749 Ποῦ,
1418 3685 1627 3757 Κύριες
1686 3685 1744 3738 ὐ
1799 3685 1856 3738 δὲ

260 3776 419 3834 εἶπεν
454 3778 635 3841 αὐτοῖς
666 3793 683 3808 '
720 3776 897 3836 Ὅπου
936 3776 998 3830 τὸ
1034 3777 1256 3844 πτῶμα,
1311 3778 1430 3830 ἐκεῖ
1480 3778 1574 3831 καὶ
1602 3780 1651 3830 οἱ
1703 3778 1857 3831 ἀετοὶ⁵

262 3870 721 3940 συναχθήσονται.
755 3885 774 3919 ι
812 3866 923 3920 Kal
950 3865 1204 3919 ἐντεῦθεν
1236 3866 1297 3919 τὺ
1322 3866 1731 3939 ἀπροσδόκητον
1761 3869 1857 3921 καὶ

258 3962 528 4032 αἰφνίδιον
558 3962 658 4032 τῆς
692 3960 859 4015 αὑτοῦ
890 3960 1196 4032 παρουσίας
1242 3959 1613 4031 μανθάνομεν*
1656 3962 1717 4013 τὺ
1746 3964 1854 4031 γὰρ

259 4058 461 4121 εἰπεῖν,
495 4055 579 4108 ὅτι
602 4054 699 4107 δύο
726 4052 940 4108 ἔσονται
968 4054 1061 4105 ἐπὶ
1093 4052 1283 4124 κλίνης
1322 4055 1476 4123 μιᾶς,
1512 4054 1855 4124 ἀμεριμνίαν

260 4147 522 4217 ἐμφαίνει
541 4161 555 4174 °
584 4146 681 4199 κα)⁸
707 4145 768 4197 τὸ
791 4143 1015 4215 ἀλήθειν
1046 4144 1103 4197 δέ
1143 4147 1235 4197 καὶ
1261 4143 1417 4197 τοῦτο
1448 4145 1856 4216 ἀπροσδόκητον

261 4237 485 4290 ἔσεσθαι
530 4236 630 4307 τὴν
664 4234 969 4306 παρουσίαν
1004 4235 1286 4306 ὑποδηλοῐ.
1318 4236 1429 4289 Kal
1462 4235 1592 4290 ἀλλο
1626 4236 1682 4288 δέ
1714 4254 1856 4307 μαν-

259 4332 519 4401 θάνομεν,
560 4330 644 4382 ὅτι
673 4330 729 4382 ἐν
761 4331 921 4381 νυκτὶ
968 4330 1002 4399 ή
1033 4330 1309 4400 παρουσία
1342 4330 1519 4395 ἐσται,
1556 4330 1721 4400 φησὶν
1761 4328 1855 4383 οὖν

258 4424 348 4478 ὅτι
385 4424 480 4477 xal
510 4425 573 4475 ἐκ
602 4421 710 4474 τῶν
752 4420 1027 4474 πλουσίων
1072 4422 1181 4473 τῶν
1228 4423 1322 4473 ἐπὶ
1358 4421 1543 4493 κλίνης
1580 4423 1857 4475 ἀναπαυο-

264 4516 466 4587 μένων,
489 4516 538 4567 oi
574 4516 677 4585 μὲν
704 4513 1065 4583 σωθήσονται,
1091 4514 1142 4567 οί
1164 4513 1222 4566 δὲ
1244 4512 1329 4569 οὗ.
1370 4514 1523 4567 Ἐπεὶ
1550 4514 1660 4585 γάρ
1675 4509 1853 4579 εἶπεν,

259 4610 346 4663 ὅτι
378 4609 651 4671 δυσκόλως
676 4609 724 4662 οἱ
754 4606 998 4661 πλούσιοι
1024 4605 1307 4671 σώζονται.
1332 4608 1585 4661 Δείκνυσι
1614 4606 1732 4670 νῦν,
1771 4608 1854 4660 ὅτι

1951 3414 2075 3473 duo
2107 3414 2159 3466 in
2194 3414 2339 3467 lecto
2381 3426 2513 3477 uno,
2564 3426 2706 3465 unus
2740 3420 3077 3477 assumetur,
3129 3421 3185 3465 et
3233 3412 3373 3467 alter
3412 3412 3578 3468 relin-

1964 3515 2186 3575 quetur.
2212 3504 2341 3558 Duae
2380 3512 2544 3558 erunt
2576 3502 2844 3558 molentes
2872 3504 3059 3570 simul,
3091 3518 3201 3558 una
3225 3517 3573 3573 assumetnr,

1965 3609 2020 3654 et
2052 3598 2223 3653 altera
2259 3596 2621 3666 relinquetur.
2674 3595 2741 3650 Et
2781 3596 3180 3665 respondentes
3214 3596 3402 3652 dicunt
3447 3597 3525 3652 illi
3556 3617 3571 3653 :

1967 3689 2093 3755 Ubi,
2148 3688 2376 3745 Domine
2416 3688 2439 3741 7
2473 3688 2575 3754 Qui
2628 3688 2766 3743 dixit
2807 3688 2966 3743 illis:
3028 3688 3353 3759 Ubicunque
3409 3689 3578 3746 fuerit

1965 3785 2220 3846 cadaver,
2271 3781 2397 3836 illuc
2428 3782 2911 3852 congregabuntur
2940 3790 2996 3834 et
3026 3782 3244 3848 aquilae.
3292 3799 3311 3831 ι
3346 3782 3425 3836 Ex
3466 3782 3575 3839 hoc

1964 3879 2129 3931 etiam
2162 3875 2281 3929 loco
2312 3872 2659 3943 repentinum
2683 3879 2740 3925 et
2762 3870 3105 3939 inopinatum
3128 3870 3247 3937 ejus
3274 3872 3573 3927 adventum

1965 3970 2251 4025 'discimus.
2286 3966 2453 4027 Duos,
2485 3965 2630 4019 enim
2682 3978 2805 4020 esse
2837 3964 2891 4017 in
2931 3962 3076 4017 lecto
3110 3979 3242 4030 uno,
3297 3966 3575 4033 signiﬁcat

1963 4060 2351 4116 sollicitudinis
2382 4058 2710 4121 carentiam,
2730 4064 2786 4109 et
2810 4055 3016 4110 molere
3042 4070 3286 4125 quoque,
3315 4057 3575 4125 inexspe-

1964 4163 2168 4208 ctatum
2222 4150 2497 4219 signiﬁcat
2557 4150 2878 4202 adventum.
2948 4145 3224 4201 Discimus
3285 4156 3341 4201 et
3415 4150 3570 4203 aliud

1964 4245 2245 4316 quiddam,
2279 4244 2424 4314 quod
2456 4242 2509 4295 in
2542 4252 2701 4295 nocte
2735 4241 3005 4295 adventus
3033 4241 3161 4294 erit.
3200 4239 3346 4294 Dicit
3378 4240 3569 4310 igitur,

1962 4340 2106 4410 quod
2134 4353 2201 4391 ex
2226 4335 2484 4391 divitibus
2507 4335 2600 4405 qui
2627 4334 2679 4387 in
2714 4333 2857 4389 lecto
2887 4334 3197 4402 quiescent,
3222 4333 3312 4387 alii
3345 4336 3568 4405 quidem

1963 4432 2342 4496 salvabuntur,
2375 4428 2464 4483 alii
2513 4438 2697 4484 autem
2733 4443 2864 4483 non.
2897 4426 3031 4480 Nam
3059 4426 3221 4499 531
3266 4429 3393 4497 quia
3430 4429 3569 4483 dixit

1964 4522 2110 4593 quod
2158 4520 2375 4577 dillicile
2400 4519 2595 4573 divites
2627 4518 2928 4581 salvantur,
2954 4519 3195 4571 ostendit
3234 4534 3377 4571 nunc.
3420 4519 3566 4587 quod

1966 4630 2143 4684 neque
2172 4614 2225 4667 lii
2255 4619 2507 4680 pereunt,
2553 4626 2728 4681 neque
2752 4624 3018 4679 pauperes
3044 4624 3237 4663 omnes
3261 4608 3561 4663 salvantur.

263 4704 392 4758 οὕτε
426 4699 571 4758 οὗτοι
626 4704 981 4769 ἀπόλλυνται,
1020 4702 1147 4757 οὔτε
1186 4706 1237 4756 οί
1289 4705 1521 4774 πένητες
1564 4704 1853 4773 σώζονται,

1964 4706 2072 4763 Sed
2126 4715 2183 4761 et
2229 4721 2296 4761 ex
2347 4704 2608 4759 divitibus
2643 4718 2783 4756 unus
2815 4703 3115 4756 assumitur
3164 4702 3219 4757 in
3272 4717 3564 4757 occursum

260 4794 404 4849 ἀλλὰ
454 4797 548 4847 καὶ
593 4797 659 4848 ἐκ
702 4795 813 4848 τῶν
861 4795 1135 4849 πλουσίων
1164 4797 1193 4848 6
1226 4796 1327 4865 μὲν
1359 4796 1856 4869 παραλαμϐάνεται

262 4891 347 4952 είς
375 4887 687 4959 ἀπάντησιν
717 4886 813 4942 τοῦ
857 4888 1070 4960 Κυρίου
1106 4890 1513 4961 ἁρπαζόμενος,
1546 4891 1623 4953 ὡς
1656 4892 1860 4961 κοῦφος

256 4979 341 5051 τῷ
382 4979 655 5049 πνεύματι
708 4981 805 5036 καὶ
836 4981 1108 5053 οὐράνιος,
1161 4984 1190 5035 6
1215 4983 1274 5034 δέ
1313 4983 1533 5052 ἀφίεται
1595 4984 1746 5037 κάτω
1784 4984 1861 5047 ὡς

260 5075 615 5141 κατάκριτος.
657 5074 769 5127 Kal
817 5074 884 5127 ἐκ
920 5073 1031 5127 τῶν
1068 5076 1321 5144 πενήτων
1363 5076 1588 5146 ὁμοίως,
1642 5074 1737 5139 οὓς
1770 5078 1861 5131 διὰ

260 5171 323 5219 τὸ
356 5164 578 5235 ἀλήθειν
610 5165 911 5235 ἐσήμανεν,
960 5167 989 5219 6
1028 5166 1127 5235 μὲν
1159 5166 1485 5236 σωθήσεται,
1519 5169 1547 5220 6
1572 5167 1631 5221 δὲ
1665 5166 1747 5222 οὗ.
1782 5169 1859 5221 Οὐ

259 5259 374 5327 γὰρ
402 5256 605 5319 πάντες
639 5258 869 5328 πένητες
892 5258 1126 5312 δίκαιοι·
1168 5262 1234 5314 ἐκ
1266 5260 1473 5315 τούτων
1516 5262 1623 5332 γάρ
1652 5262 1702 5314 οί
1732 5260 1859 5315 κλέ-

260 5367 419 5414 πται,
454 5348 551 5401 καὶ
602 5347 1041 5421 βαλαντιοτόμοι,
1096 5350 1184 5405 διὰ
1238 5351 1332 5405 τοῦ
1364 5353 1587 5424 άλήθειν
1630 5348 1723 5407 οὖν
1766 5353 1861 5406 τὸν

258 5443 524 5499 ἐπίπονον
570 5442 686 5514 βίον
734 5443 846 5497 τῶν
876 5446 1128 5516 πενήτων
1173 5445 1465 5514 ἐδήλωσεν.
1509 5448 1860 5517 Ἐρωτησάν·

256 5554 369 5591 των
402 5535 459 5588 δὲ
501 5536 612 5589 τῶν
644 5535 940 5606 μαθητῶν·
983 5538 1114 5601 Ποῦ,
1164 5539 1359 5609 Κύριε,
1399 5540 1860 5611 παραληφθήσον-

255 5646 352 5684 ται
384 5622 562 5697 obses;
615 5629 745 5702 ἔφη,
782 5630 960 5685 Ὅπου
990 5634 1051 5684 τδ
1087 5632 1309 5705 πτῶμα,
1344 5635 1463 5687 ἐκεῖ
1492 5637 1586 5689 καὶ
1611 5636 1659 5689 oi
1686 5635 1859 5703 ἀετοὶ,

329 5811 378 5846 ⁸⁸
423 5809 610 5869 Matth.
665 5827 823 5879 utv,
862 5812 955 5881 i7,
990 5810 1081 5867 18.

1962 4800 2173 4856 Domini
2216 4808 2421 4869 raptus,
2458 4798 2613 4867 quasi
2662 4796 2795 4851 levis
2857 4796 3051 4863 spiritu
3095 4805 3151 4849 et
3190 4796 3476 4863 caelestis,
3511 4806 3567 4851 et

1960 4896 2102 4951 alius
2149 4894 2478 4963 relinquitur
2513 4891 2653 4945 infra
2692 4900 2750 4944 ιιι
2777 4890 3194 4945 condemnatus.
3226 4884 3294 4941 Ει
3322 4901 3394 4946 ex
3424 4898 3565 4961 pan-

1959 4988 2182 5060 peribus
2230 4984 2508 5048 similiter,
2555 4999 2693 5053 quos
2742 4998 2840 5053 per
2889 4980 3157 5037 moientes
3204 4980 3560 5052 signiﬁcavit,

1961 5082 2219 5152 quoniam
2259 5092 2355 5148 per
2410 5078 2700 5149 pistrinum
2753 5074 3083 5130 laboriosam
3132 5087 3432 5142 pauperum
3486 5091 3563 5127 vt-

1959 5186 2068 5231 tam
2095 5174 2358 5238 insinuat,
2392 5186 2533 5225 unus
2569 5170 2790 5238 quidem
2824 5167 3144 5231 salvabitur,
3193 5164 3333 5220 alius
3378 5177 3564 5222 autem

1958 5283 2091 5323 non.
2134 5264 2254 5320 Non
2282 5279 2472 5321 omnes
2506 5277 2775 5333 pauperes
2800 5261 2956 5329 justi.
2990 5260 3121 5313 Nam
3150 5274 3219 5315 ex
3256 5260 3363 5313 illis
3414 5260 3562 5315 fures

1962 5368 2015 5415 et
2048 5358 2447 5427 marsupiorum
2504 5357 2789 5410 incisores.
2847 5352 2983 5408 Cum
3033 5361 3216 5408 autem
3277 5362 3564 5422 rogassent

1971 5448 2222 5518 discipuli
2256 5466 2268 5501 :
2303 5447 2444 5514 Quo,
2483 5446 2737 5509 Domine,
2796 5456 3147 5500 assumentur
3197 5444 3315 5499 illi?
3373 5446 3513 5504 dixit
3545 5462 3562 5499 :

1962 5541 2066 5597 Ubi
2111 5540 2363 5608 cadaver,
2421 5539 2531 5595 illic
2572 5551 2629 5594 et
2658 5538 2857 5609 aquilae
2894 5556 2907 5593 :
2944 5538 3050 5595 hoc
3098 5548 3204 5605 est,
3253 5538 3343 5594 ubi
3390 5535 3562 5593 Filius

1962 5633 2227 5702 hominis,
2255 5633 2365 5691 illic
2394 5645 2449 5692 et
2481 5634 2655 5691 sancti
2680 5632 2799 5704 ejus
2838 5631 2985 5689 leves
3037 5642 3092 5690 et
3120 5632 3178 5690 in
3201 5631 3432 5690 sublime
3465 5644 3561 5686 vo-
