4100 6334
1495 310 2077 372 THEOPHYLACTI
2116 304 2535 372 BULGARUE‘
2561 272 2922 363 ARCHIEP.

606 431 823 486 iantes:
873 428 1011 483 sicut
1051 425 1361 495 peceatores
1393 438 1609 494 graves,
1661 423 1751 491 qui
1804 430 1857 475 et
1894 422 2031 475 infra
2091 436 2175 476 re-

2286 417 2579 481 τουτέστιν,
2614 415 2749 466 ὅπου
2780 410 2809 462 ὀ
2856 406 2984 469 Υἱὸς
3034 405 3128 458 τοῦ
3164 401 3481 475 ἀνθρώπου,
3515 401 3634 454 ἐκεῖ
3671 400 3872 454 πάντες

606 521 940 590 linquantur.
998 515 1129 571 Nam
1187 517 1330 570 sicut
1382 515 1596 583 jacente
1656 512 1942 576 cadavere,
1998 526 2187 568 omnes

607 612 904 667 carnivorze
936 610 1173 663 volucres
1213 608 1465 662 advolant
1498 624 1511 660 :
1549 608 1619 660 ita
1656 614 1706 659 et
1743 606 1829 659 ubi
1863 604 2031 659 Filius
2082 605 2183 659 ho-

611 704 772 757 minis
802 710 1017 771 prOpter
1044 713 1141 755 nos
1171 708 1443 764 mortuus,
1484 707 1538 751 et
1567 697 1617 750 in
1650 710 1834 751 casum
1865 698 2092 764 positus,
2122 696 2186 749 de

612 794 747 849 caelo
784 796 1116 862 apparuerit,
1171 806 1359 847 omnes
1394 789 1567 844 sancti
1600 792 2096 857 congregabuntur,
2130 798 2185 842 et

612 886 711 952 ipsi
745 883 940 952 angeli.
985 883 1118 938 Cum
1155 881 1258 935 illis
1305 880 1484 933 veniet
1510 879 1563 932 in
1596 878 1763 947 gloria
1796 878 1995 944 Patris,
2045 877 2183 932 etin

610 978 892 1046 Splendore
920 974 1183 1028 indicibili
1215 990 1228 1026 :
1254 972 1373 1025 licet
1404 972 1547 1026 enim
1574 982 1785 1039 tempus
1809 971 1939 1023 illud
1970 981 2175 1025 nocten.

609 1069 834 1130 vocarit,
888 1081 952 1119 eo
1001 1066 1142 1135 quod
1203 1064 1546 1132 repentinum
1582 1073 1634 1116 et
1692 1062 2054 1131 inopinatum,
2100 1061 2183 1115 vel

608 1162 729 1228 quia
764 1158 999 1212 tenebris
1036 1156 1378 1209 involventur
1420 1162 1751 1222 peccatores,
1787 1153 1921 1205 dixit
1955 1170 1968 1206 :
2011 1151 2184 1207 Justis

611 1252 697 1303 lux
726 1251 957 1313 orietur,
982 1250 1166 1317 imoet
1199 1249 1295 1316 ipsi
1321 1246 1600 1314 fulgebunt
1628 1246 1767 1297 sicut
1795 1244 1895 1298 sol.

2286 512 2335 565 οί
2381 510 2529 577 ἆγιοι
2554 508 2602 559 οἱ
2628 504 2819 572 κοῦφοι
2868 500 2963 553 καὶ
2988 498 3291 567 ὑψιπτείς,
3318 496 3393 559 ὡς
3416 495 3532 564 οἵγε
3558 492 3874 565 ἁμαρτωλοὶ

2286 603 2493 673 βαρεῖς,
2528 598 2608 652 διὸ
2633 596 2727 649 καὶ
2760 594 2912 648 κάτω
2945 592 3218 661 ἀφίενται.
3252 589 3463 658 Ὠσπερ
3494 586 3587 640 καὶ
3617 584 3872 656 σώματος

2283 690 2478 763 νεκροῦ
2526 688 2814 758 κειμένου,
2850 689 3051 746 πάντες
3088 684 3135 736 oi.
3174 679 3501 749 σαρκοϐόροι
3549 677 3733 748 ὄρνεις
3783 676 3870 729 ἐπ’

2284 782 2414 836 αὐτὸ
2446 780 2726 850 φέρονται,
2756 776 2898 829 οὕτω
2925 774 3017 828 καὶ
3051 772 3147 825 τοῦ
3176 769 3310 824 Υίοῦ
3336 769 3429 822 τοῦ
3456 768 3748 838 ἀνθρώπου
3775 764 3871 819 τοῦ

2283 873 2350 927 δι’
2384 875 2531 943 ἡμᾶς
2564 854 2952 940 νεκρωθέντος,
2983 865 3078 922 καὶ
3107 864 3187 925 είς
3220 860 3428 915 πτῶσιν
3464 858 3738 921 τεθέντος,
3773 855 3869 909 ἀπ’

2285 966 2532 1036 οὐρανῶν
2582 964 2866 1034 φανέντος,
2921 961 3120 1021 πάντες
3151 960 3197 1011 οἱ
3230 956 3377 1024 ἆγιοι
3413 952 3868 1023 συναχθήσονται,

2285 1061 2382 1113 καὶ
2429 1059 2584 1111 αὐτοὶ
2632 1058 2681 1108 οἱ
2727 1054 2947 1124 ἄγγελοι
2982 1069 2995 1083 ·
3038 1051 3153 1122 μετ’
3186 1049 3365 1104 αὐτῶν
3420 1046 3530 1115 γὰρ
3569 1046 3690 1116 ὴἘει
3719 1045 3775 1096 ἐν
3805 1044 3869 1112 τῇ

2287 1152 2416 1223 δόξῃ
2448 1151 2538 1204 τοῦ
2569 1149 2801 1218 Πατρὸς,
2828 1150 2923 1199 καὶ
2966 1149 3024 1199 ἐν
3054 1145 3281 1215 ἀρρήτῳ
3325 1140 3507 1213 αῐγλῃ.
3544 1140 3607 1191 Et
3641 1139 3749 1207 γὰρ
3779 1135 3873 1189 καὶ

2283 1244 2455 1297 νύκτα
2470 1243 2720 1311 ὠνόμασε
2737 1241 2828 1292 τὸν
2862 1237 3050 1307 καιρὸν
3070 1238 3300 1299 ἐκεῖνον,
3321 1233 3457 1285 ἀλλὰ
3477 1231 3565 1283 διὰ
3586 1230 3871 1298 τὸίάπροσ-

608 1346 855 1414 δόκητον.
900 1345 991 1397 καὶ
1018 1343 1103 1396 διὰ
1130 1344 1189 1396 τὸ
1218 1345 1331 1404 τοῖς
1355 1340 1701 1412 ἁμαρτωλοῖς
1733 1339 1923 1418 μέλλον
1953 1338 2348 1409 προσγενέσθαι
2383 1339 2574 1402 σκότος
2595 1380 2609 1405 ,
2637 1337 2795 1389 τοῦτο
2834 1335 3055 1405 εἴρηκε·
3126 1333 3241 1393 τοῖς
3304 1328 3411 1400 γὰρ
3475 1326 3707 1386 δικαίοις
3761 1322 3873 1396 φῶς

608 1438 887 1508 ἁνατελεῖι,
923 1438 1123 1508 μᾶλλον
1164 1436 1222 1489 δὲ
1256 1437 1344 1488 καὶ
1400 1435 1556 1487 αὐτοὶ
1608 1432 1979 1503 ἐκλάμψουσιν
2024 1431 2098 1496 ὠς
2152 1432 2180 1484 6
2218 1430 2390 1503 ἥλιος.

1166 1566 1391 1625 CAPUT
1430 1566 1618 1623 XVIII.

611 1684 760 1751 Quod
800 1683 1013 1737 assidue
1046 1652 1324 1736 orandum.
1363 1681 1435 1735 De
1465 1681 1661 1749 injusto
1687 1681 1888 1751 judice.
1924 1680 1998 1735 De
2034 1679 2181 1735 Plia-

2879 1560 3131 1614 ΚΕΦΑΛ.
3172 1558 3283 1611 ιΗν.

2291 1679 2427 1748 Περὶ
2456 1679 2562 1734 τοῦ
2591 1678 2677 1733 ἀεὶ
2708 1671 3347 1748 προσεύχεσθαι-Περί
3381 1668 3734 1748 ,τοῦλκριτοῖ
3747 1668 3871 1748 ξῆς

681 1760 830 1809 rimo
855 1766 897 1807 et
922 1755 1225 1820 publicano.
1258 1752 1330 1804 De
1348 1739 1601 1822 puerulis
1625 1739 1847 1821 quorum
1875 1763 1949 1805 est
1971 1768 2182 1822 regnum

2360 1739 2783 1822 ἆδικίαςκῌερί
2810 1746 2919 1822 τοῦ
2940 1739 3271 1822 Φαρισαίου
3298 1740 3401 1822 καί
3418 1739 3704 1822 τεμών-οφ
3738 1741 3873 1820 Περὶ

679 1826 796 1879 Dei.
834 1827 904 1877 De
933 1822 1296 1890 interpellante
1326 1820 1613 1877 Christum.
1640 1820 1723 1876 De
1758 1824 1979 1890 leproao.

684 2069 844 2124 Vens.
878 2069 989 2124 {-8.
1034 2086 1052 2120 ι
1090 2067 1313 2124 Dicebat
1344 2077 1521 2125 autem
1550 2076 1604 2125 et
1636 2070 1943 2139 parabolam
1974 2072 2041 2125 ad
2067 2071 2186 2127 illos

611 2162 716 2214 huc
745 2168 1102 2228 spectantem,
1138 2159 1280 2229 quod
1313 2168 1591 2228 oporteret
1622 2174 1835 2229 semper
1868 2174 2026 2214 orare
2085 2173 2187 2213 nec

611 2253 913 2319 defatigari,
971 2250 1196 2305 dicens:
1234 2249 1401 2305 Judex
1450 2253 1667 2320 quidam
1702 2261 1821 2306 erat
1863 2252 1915 2306 in
1949 2253 2181 2319 quadam

608 2344 847 2406 civitate,
889 2342 981 2409 qui
1036 2342 1201 2395 Deum
1232 2357 1337 2396 non
1370 2342 1618 2406 timebat,
1660 2356 1759 2395 nec
1791 2343 2061 2396 hominem
2102 2357 2185 2398 re-

607 2435 920 2489 verebatur.
950 2430 1118 2487 Vidua
1143 2442 1319 2488 autem
1346 2434 1589 2502 quaedam
1614 2442 1730 2487 erat
1758 2434 1807 2487 in
1831 2434 2048 2488 civitate
2074 2435 2185 2500 illa,

610 2534 665 2578 et
692 2525 941 2579 veniebat
971 2524 1035 2577 ad
1070 2539 1189 2578 eum
1233 2524 1418 2577 dicens
1448 2539 1462 2577 :
1489 2522 1715 2577 Vindica
1758 2538 1842 2578 me
1885 2522 1953 2576 de
1994 2524 2189 2578 adver-

608 2616 750 2671 sario
784 2630 923 2670 meo.
974 2614 1038 2669 Et
1071 2614 1285 2668 nolebat
1332 2614 1663 2683 aliquandiu.
1698 2613 1825 2670 Post
1862 2617 1975 2671 haec
2002 2628 2185 2672 autem

607 2708 746 2765 dixit
790 2710 930 2762 intra
983 2722 1041 2763 se
1072 2723 1087 2761 :
1123 2709 1443 2775 Quanquam
1494 2708 1658 2762 Deum
1697 2723 1803 2763 non
1851 2709 2037 2776 timeo,
2089 2726 2189 2765 nec

606 2799 878 2854 hominem
931 2810 1200 2862 revereor,
1261 2805 1439 2851 tamen
1492 2799 1616 2866 quia
1671 2800 1899 2855 molesta
1930 2809 2015 2856 est
2059 2803 2189 2857 mihi

608 2891 721 2945 hzcc
755 2891 935 2951 vidua,
972 2870 1257 2943 vindicabo
1290 2889 1463 2954 illam,
1496 2904 1566 2963 ne
1599 2891 1809 2945 tandem
1835 2893 2060 2948 veniens
2090 2909 2188 2947 su-

607 2981 757 3051 giliet
807 2997 913 3035 me.
946 2980 1034 3034 Ait
1064 2992 1243 3035 autem
1277 2980 1539 3036 Dominus
1573 3000 1587 3035 :
1630 2984 1826 3039 Audite
1864 2986 1990 3052 quid
2019 2984 2185 3053 judex

608 3073 827 3141 iniquus
856 3072 1019 3126 dicat.
1053 3072 1191 3126 Deus
1218 3078 1396 3126 autem
1424 3086 1530 3126 non
1562 3072 1725 3129 faciet
1754 3074 2043 3135 vindictam
2071 3075 2183 3132 ele-

606 3175 819 3219 Ctorum
843 3179 1060 3217 suorum
1087 3163 1432 3219 clamantium
1466 3165 1531 3239 ad
1560 3179 1620 3220 se
1645 3167 1729 3220 die
1752 3182 1812 3222 ac
1835 3177 1993 3223 nocte
2018 3169 2183 3222 etiam

607 3274 729 3314 cum
753 3260 962 3325 patiens
989 3257 1150 3312 fuerit
1170 3273 1333 3327 super
1360 3258 1504 3314 illis?
1529 3260 1656 3315 Dico
1686 3262 1837 3315 vobis
1865 3262 2007 3331 quod
2029 3262 2187 3317 faciet

607 3349 897 3404 vindictam
922 3350 1136 3403 illorum
1167 3349 1293 3403 cito.
1328 3348 1524 3403 Verum
1546 3360 1724 3405 tamen
1754 3350 1922 3407 Filius
1952 3352 2188 3407 hominis

608 3452 731 3495 cum
763 3439 989 3506 venerit,
1043 3455 1108 3492 an
1162 3447 1477 3509 reperturus
1521 3450 1602 3495 est
1633 3441 1789 3496 tidem
1826 3444 1878 3495 in
1920 3442 2103 3496 terra?
2153 3462 2171 3494 ι

607 3533 901 3602 Postquam
952 3533 1278 3587 mentionem
1329 3532 1458 3587 fecit
1500 3531 1850 3588 aﬂlictionum
1886 3546 1940 3589 et
1969 3536 2182 3603 pericu-

611 3628 810 3689 lorum,
864 3641 1005 3680 nunc
1061 3626 1243 3680 subdit
1292 3625 1563 3695 quomodo
1614 3626 1668 3681 in
1728 3627 1837 3681 illis
1891 3627 2179 3682 salvemur.

608 3719 882 3771 Curantur
923 3718 1065 3771 enim
1112 3717 1357 3771 oratione
1405 3728 1788 3786 perseverante
1818 3727 1873 3773 et
1922 3719 2181 3774 sollicita.

610 3810 742 3863 Nam
781 3814 1010 3861 ventura
1057 3793 1184 3859 sunt
1228 3807 1342 3860 haec
1384 3810 1598 3861 omnia.
1621 3807 1888 3863 Caeterum
1923 3824 2179 3879 magnum

611 3902 871 3956 auxilium
904 3902 955 3953 in
995 3899 1078 3952 his
1110 3898 1215 3951 fert
1245 3898 1507 3965 precatio,
1540 3898 1697 3952 modo
1725 3914 2087 3968 perseverans
2114 3900 2187 3955 sit

609 4002 662 4049 et
692 3994 969 4047 continua.
997 3990 1219 4059 Oportet
1248 3990 1393 4043 enim
1419 4004 1515 4043 nos
1542 3991 1887 4045 considerare
1915 3994 2186 4061 quomodo

609 4087 792 4153 injusti
841 4085 1038 4153 judicis
1076 4082 1428 4152 pertinaciam
1468 4080 1628 4153 432
1682 4082 1941 4137 sedulitas
2007 4083 2183 4139 viduae

611 4174 852 4242 fregerit.
905 4172 963 4225 Si
1035 4173 1177 4224 enim
1232 4170 1377 4222 illum
1417 4174 1561 4224 omni
1619 4170 1822 4225 malitia
1892 4171 2180 4243 repletum,

610 4279 785 4333 neque
815 4266 981 4318 Deum
1031 4277 1207 4327 neque
1236 4261 1483 4315 homines
1531 4272 1890 4325 reverentem,
1924 4279 2180 4333 perseve—

614 4362 784 4409 rantis
822 4354 997 4408 oratio
1047 4351 1297 4406 demulsit
1329 4369 1341 4404 :
1383 4360 1586 4420 quanto
1621 4353 1793 4421 magis
1834 4369 1931 4408 nos
1963 4354 2179 4411 Patrem

2360 1820 2479 1873 τῶν
2508 1808 2780 1883 παιδίωὶο,
2814 1817 2901 1868 ὅτι
2930 1808 3131 1869 αὐξῶν
3156 1814 3328 1883 ἐστιν
3368 1813 3407 1879 ἡ
3445 1808 3739 1883 ,βασιλεία
3768 1809 3875 1883 τοῦ

2362 1890 2530 1944 Θεοῦ.
2580 1888 2718 1956 Περὶ
2765 1879 2870 1939 τοῦ
2908 1882 3405 1954 ἐπερωτήσαντος
3454 1882 3563 1936 τὸν
3602 1879 3873 1948 Ἰησοῦν.

2360 1960 2501 2029 Περὶ
2531 1960 2635 2013 τοῦ
2668 1956 2917 2025 λεπροῦ.

2363 2094 2381 2126 ι
2419 2074 2611 2142 Ἔλεγε
2641 2072 2696 2126 δὲ
2725 2068 3043 2143 παραϐολὴν
3074 2068 3263 2133 αὐτοῖς
3290 2067 3428 2139 πρὸς
3453 2067 3514 2120 τὸ
3541 2067 3652 2121 δεῖν
3678 2066 3879 2130 αὐτοὺς

2286 2169 2519 2221 πάντοτε
2584 2163 3007 2235 προσεύχεσθαι,
3070 2163 3164 2217 καὶ
3216 2163 3291 2234 μὴ
3330 2164 3611 2227 ἐκκακεῖν,
3666 2159 3871 2228 λέγων’

2289 2261 2485 2333 κριτής
2506 2276 2589 2321 τις
2617 2254 2685 2329 ἦν
2721 2257 2778 2311 ἐν
2804 2274 2910 2310 τινι
2934 2256 3085 2310 πόλει
3118 2255 3209 2309 τὸν
3239 2254 3372 2308 Θεὸν
3411 2254 3486 2325 μὴ
3514 2253 3875 2321 φοϐούμενος,

2288 2356 2379 2408 καὶ
2428 2352 2715 2422 ἄνθρωπον
2773 2350 2848 2420 μὴ
2880 2348 3296 2420 ἐντρεπόμενος.
3340 2348 3499 2419 Χήρα
3526 2345 3582 2398 δέ
3607 2362 3691 2408 τις
3716 2340 3785 2415 ἦν
3816 2346 3876 2397 ἐν

2288 2446 2470 2516 ἐκείνῃ
2520 2447 2586 2513 τῇ
2634 2442 2807 2502 πόλει,
2859 2441 2955 2495 καὶ
2988 2442 3186 2511 ἧρχετο
3223 2440 3360 2509 πρὸς
3409 2436 3571 2492 αὑτὸν
3619 2437 3871 2505 λέγουσα,

2298 2530 2615 2608 Ἐκδίκησόν
2636 2552 2701 2605 με
2731 2535 2839 2588 ἀπὸ
2872 2532 2966 2586 τοῦ
2996 2532 3266 2585 ἀντιδίκου
3306 2547 3430 2596 μου.
3467 2530 3579 2583 Καὶ
3609 2530 3711 2582 οὐκ
3743 2528 3871 2599 ὴθέ-

2285 2631 2447 2702 λησεν
2476 2630 2568 2683 ἐπὶ
2595 2628 2805 2699 χρόνον.
2834 2626 2987 2681 Μετὰ
3000 2626 3057 2679 δὲ
3086 2625 3258 2679 ταῦτα
3292 2621 3447 2677 εἶπεν
3476 2626 3533 2677 ἐν
3563 2622 3766 2692 έαυτῷυ
3811 2621 3873 2675 Ei

2287 2723 2384 2777 καὶ
2408 2724 2497 2776 τὸν
2524 2722 2655 2775 Θεὸν
2680 2721 2739 2775 οὐ
2773 2718 3070 2790 φοϐοῦμαι,
3104 2717 3198 2771 καὶ
3228 2716 3518 2787 ἄνθρωπον
3546 2716 3648 2768 οὐκ
3685 2714 3874 2785 ἐντρέέ

2291 2832 2485 2885 πομαι,
2506 2814 2593 2868 διά
2612 2830 2676 2882 γε
2705 2813 2764 2865 τὸ
2789 2810 3048 2881 παρέχειν
3078 2826 3168 2879 μοι
3194 2809 3393 2871 κόπους
3420 2808 3520 2879 τὴν
3545 2794 3722 2877 χήραν
3744 2806 3875 2860 ταύ-

2287 2923 2408 2976 την,
2469 2905 2739 2975 ἐκδικήσω
2781 2902 2972 2973 αὐτὴν,
3031 2900 3117 2953 ἵνα
3150 2899 3225 2970 μὴ
3273 2900 3353 2961 είς
3409 2898 3566 2962 τέλος
3601 2898 3871 2969 ἐρχομένη

2290 2996 2561 3068 ὑπο-πιέζῃ
2594 2986 2680 3066 μεέ
2705 2990 2843 3049 Eine
2862 2992 2917 3047 δὲ
2944 2994 2972 3045 6
2996 2992 3218 3063 Κύριος·
3245 2990 3542 3045 Ἀκούσατε
3572 2990 3877 3063 τίόκριτὴς

2287 3089 2386 3159 τῆς
2421 3089 2635 3149 ἀδικίας
2665 3085 2815 3154 λέγει
2836 3101 2850 3116 ο
2878 3086 2905 3138 6
2943 3084 3000 3138 δὲ
3036 3083 3169 3146 Θεὸς
3196 3082 3255 3136 οὐ
3297 3081 3372 3153 μὴ
3407 3085 3611 3152 ποιήσῃ
3646 3081 3747 3151 τὴν
3777 3082 3875 3133 ἐκ·-

2288 3182 2501 3251 δίκησιν
2529 3179 2637 3233 τῶν
2667 3177 2941 3231 ἐκλεκτῶν
2986 3175 3152 3229 αὐτοῦ
3187 3173 3577 3244 τῶνβοώντων
3607 3175 3745 3243 πρὸς
3776 3175 3877 3227 αυ-

2288 3273 2377 3326 τὸν
2406 3269 2739 3342 ὴμέραςκαὶ
2761 3268 2979 3333 νυκτὸς,
3012 3267 3105 3320 καὶ
3130 3265 3507 3338 μακροθυμῶν
3537 3264 3626 3317 ἐπ’
3654 3266 3872 3329 αιῖιτοῖςς

2287 3364 2429 3430 λέγω
2456 3362 2606 3432 ὑμῖν,
2636 3363 2718 3413 ὅτι
2738 3361 2952 3432 ποιήσει
2980 3358 3081 3427 τὴν
3106 3358 3386 3429 ἐκδίκησιν
3409 3357 3589 3410 αὐτῶν
3613 3359 3671 3410 ἐν
3696 3357 3872 3426 τάχει.

2289 3455 2435 3524 Πλὴν
2464 3457 2490 3507 6
2525 3453 2653 3516 Υἱὸς
2682 3454 2776 3505 τοῦ
2818 3450 3110 3523 ἀνθρώπου
3166 3449 3337 3502 ἐλθὼν
3370 3443 3481 3519 ἆρα
3512 3448 3740 3519 εὑρήσει
3776 3447 3876 3519 τὴν

2286 3548 2466 3600 πίστιν
2497 3548 2588 3599 ἐπὶ
2613 3547 2708 3617 τῆς
2738 3546 2882 3615 γῆς;
2924 3563 2944 3597 ›
2983 3543 3201 3614 Ἐπειδὴ
3232 3543 3461 3613 θλίψεων
3484 3543 3873 3613 ἐμνημόνευσε

2287 3641 2381 3693 καὶ
2416 3638 2697 3704 κινδύνων,
2740 3638 2991 3708 ἐπιφέρει
3040 3638 3134 3690 καὶ
3161 3636 3260 3705 τὴν
3306 3635 3603 3707 θεραπείαν
3643 3634 3873 3700 τούτων,

2283 3731 2405 3800 ὴδέ
2430 3732 2579 3783 ἐστιν
2640 3732 2672 3800 ἡ
2723 3729 3020 3801 προσευχὴ,
3072 3729 3164 3781 καὶ
3208 3730 3304 3798 οὐχ
3349 3728 3537 3790 ἁπλῶς
3572 3728 3871 3799 προσευχὴ,

2285 3819 2399 3874 ἀλλ’
2437 3821 2693 3890 ἐπίμονος
2758 3821 2853 3875 καὶ
2919 3820 3401 3891 μεμεριμνημένη.
3452 3820 3728 3874 Μέλλουσι
3775 3822 3874 3891 μὲν

2286 3909 2415 3982 γὰρ,
2451 3911 2607 3980 φησὶ,
2640 3909 2813 3963 ταῦτα
2844 3912 3024 3964 πάντα
3061 3914 3175 3974 τοῖς
3203 3913 3323 3964 τότε
3357 3912 3706 3981 συμϐαίνειν,
3739 3911 3874 3965 ἀλλὰ

2288 4003 2461 4072 μέγας
2484 4001 2689 4079 βοηθὸς
2721 4002 2858 4072 πρὸς
2889 4001 3063 4055 ταῦτα
3092 4004 3125 4071 ἡ
3160 4000 3456 4072 προσευχὴ,
3494 4002 3561 4072 ἣν
3594 4003 3874 4071 ἐπιμόνως

2287 4094 2381 4147 καί
2406 4089 2646 4163 συνεχῶς
2677 4093 2945 4147 ποιεῖσθαι
2966 4094 3047 4146 δεῖ
3085 4096 3231 4165 ἡμᾶς
3265 4093 3599 4156 ἐννοοῦντας,
3637 4094 3754 4158 πῶς
3784 4096 3873 4148 τὸν

2286 4184 2481 4255 κριτὴν
2528 4184 2629 4253 τῆς
2672 4185 2888 4249 ἀδικίας
2922 4186 2955 4254 ἡ
2996 4186 3093 4254 τῆς
3137 4186 3312 4256 χήρας
3346 4185 3675 4257 προσεδρεία
3706 4204 3873 4240 κατε-

2283 4273 2625 4345 δυσώπησεν.
2662 4278 2721 4330 Et
2750 4277 2857 4348 γὰρ
2885 4276 3073 4330 τοῦτον
3099 4275 3189 4330 τὸν
3222 4277 3402 4346 πάσης
3432 4277 3631 4338 κακίας
3663 4280 3874 4351 πεπλη-

2290 4370 2552 4438 ρωμένον,
2586 4371 2679 4422 καὶ
2709 4370 2845 4440 πρὸς
2880 4370 3012 4423 Θεὸν
3071 4370 3164 4422 καὶ
3199 4369 3337 4440 πρὸς
3386 4369 3709 4440 ἀνθρώπους
3765 4372 3873 4427 ἀπ-

611 4447 999 4505 ιιιίεοτίοοηίὶίο
1038 4444 1203 4497 Deum
1250 4442 1314 4495 ad
1350 4444 1751 4499 miserationem
1806 4447 2179 4515 movebimus,

2299 4460 2730 4532 αναιδεσάμενον
2784 4461 3112 4533 ὴκαρτερία
3145 4461 3408 4532 ἐμάλαξε,
3463 4465 3615 4535 πόσῳ
3673 4466 3874 4535 μᾶλλον

611 4540 823 4596 etiamsi
880 4544 1161 4591 cunctetur
1209 4534 1493 4587 nonnihil?
1548 4532 1679 4589 Vide
1728 4544 1908 4591 autem
1964 4539 2185 4607 majoris

612 4633 829 4687 malitiae
883 4629 1141 4683 indicium
1193 4641 1332 4687 esse,
1396 4642 1565 4695 neque
1618 4629 1872 4684 homines
1926 4634 2182 4689 revereri.

612 4724 778 4777 Deum
814 4723 953 4774 enim
990 4718 1141 4771 inulti
1175 4732 1281 4770 non
1310 4719 1521 4781 timent,
1550 4728 1786 4775 attamen
1820 4722 2066 4778 homines
2100 4740 2183 4779 re-

611 4824 887 4875 verentur,
921 4812 1041 4864 ideo
1075 4819 1127 4862 et
1159 4810 1336 4863 minus
1366 4820 1590 4878 peccant
1624 4825 1639 4863 :
1676 4813 1891 4881 quando
1923 4826 2096 4869 autem
2129 4828 2182 4871 et

610 4904 752 4974 apud
811 4903 1057 4956 homines
1098 4902 1221 4970 quis
1274 4903 1555 4971 impudens
1610 4903 1793 4970 fuerit,
1852 4914 1978 4961 tunc
2010 4911 2183 4965 omnis

610 4998 826 5051 iiialitia:
876 5003 1057 5047 vertex
1100 4994 1331 5048 videtur.
1381 4995 1582 5049 Idcirco
1612 5005 1665 5049 et
1699 4997 1953 5053 Dominus
1998 5011 2182 5069 postea

611 5090 812 5157 posuit,
847 5102 1017 5152 neque
1052 5088 1319 5139 honnnem
1352 5101 1625 5153 reverens,
1654 5092 1807 5158 quasi
1841 5092 1943 5145 hoc
1975 5094 2180 5163 dicens,

606 5180 775 5234 Judex
810 5188 925 5231 erat
978 5178 1145 5229 Deum
1203 5195 1305 5231 non
1342 5180 1558 5245 timens,
1611 5194 1664 5235 et
1707 5184 1835 5251 quid
1880 5185 2003 5239 dico
2036 5189 2179 5257 quod

609 5274 773 5327 Deum
822 5286 923 5325 non
983 5270 1259 5324 timuerit?
1300 5272 1477 5340 majus
1524 5276 1739 5328 malitia:
1792 5278 2047 5331 indicium
2082 5281 2179 5333 ha-

607 5364 742 5425 buit,
770 5362 893 5429 quia
937 5376 1109 5427 neque
1147 5361 1419 5413 hominem
1466 5366 1835 5419 reverebatur.
1866 5366 2033 5421 Porro
2066 5369 2180 5424 θεεο

608 5455 857 5523 ριιτοιιοιο
889 5469 987 5508 nos
1016 5456 1185 5515 docet,
1215 5456 1355 5523 quod
1382 5471 1524 5525 sarpe
1553 5457 1781 5513 dicimus
1812 5461 1954 5515 inter
1980 5462 2181 5517 exhor-

608 5548 845 5607 tandum,
910 5562 976 5599 ne
1027 5548 1379 5614 deiatigemur
1440 5552 1489 5603 in
1543 5552 1809 5618 precibus.
1848 5555 1987 5609 Sane
2038 5558 2180 5612 sicut

606 5639 727 5691 alibi
762 5640 887 5690 dicit
923 5657 934 5691 :
970 5639 1101 5702 Quis
1135 5655 1369 5695 vestrum
1422 5644 1655 5697 amicum
1698 5644 1924 5711 habens,
1953 5657 2007 5702 et
2054 5664 2175 5703 cum

608 5730 810 5784 venerit
851 5740 903 5783 et
950 5729 1244 5798 pulsaverit
1290 5744 1474 5803 nocte,
1514 5736 1664 5791 illum
1727 5737 2028 5806 rejecturus
2060 5741 2176 5798 εειιῖ

2290 4554 2449 4623 ἡμεῖς
2477 4552 2567 4606 τὸν
2605 4554 2817 4624 πατέρα
2843 4553 2936 4607 τοῦ
2971 4554 3155 4617 ἐλέους
3178 4555 3309 4607 Θεὸν
3331 4555 3431 4625 οὐχ
3460 4555 3763 4627 ἐλκύσομεν
3793 4559 3872 4618 είς

2288 4639 2490 4709 οἶκτον,
2516 4645 2621 4698 κᾶν
2655 4644 2984 4715 μακροθυμῇ
3018 4645 3156 4716 πρὸς
3204 4645 3267 4697 τὸ
3298 4646 3507 4715 παρόν;
3542 4647 3686 4717 Ὅρα
3708 4649 3763 4700 δὲ
3790 4650 3871 4703 ὅτι

2285 4736 2346 4787 τὸ
2396 4735 2532 4804 μηδέ
2584 4735 2907 4803 ἀνθρώπους
2960 4735 3315 4806 αἰσχύνεσθαι
3371 4736 3616 4809 χείρονος
3671 4740 3868 4802 κακίας

2286 4826 2506 4895 δεῖγμα·
2536 4827 2627 4879 τὸν
2659 4828 2757 4894 μὲν
2788 4826 2895 4895 γὰρ
2930 4826 3063 4879 Θεὸν
3089 4826 3271 4881 πολλοὶ
3300 4828 3360 4881 ού
3384 4828 3702 4897 φοϐοῦνται,
3734 4830 3866 4903 πλὴν

2286 4914 2400 4968 ἀλλ’
2430 4916 2753 4986 ἀνθρώπους
2799 4917 3170 4987 αἰσχύνονται,
3196 4918 3278 4972 διὸ
3304 4922 3396 4973 καὶ
3418 4916 3583 4991 ἦττον
3620 4923 3871 4994 ἀμαρτὰ-

2285 5024 2483 5062 νουσιν.
2522 5010 2689 5063 Ὅταν
2721 5010 2777 5062 δέ
2810 5013 2904 5065 καὶ
2952 5012 3089 5082 πρὸς
3122 5011 3448 5083 ἀνθρώπους
3492 5014 3869 5087 ἀπαναισχυν-

2283 5103 2465 5172 τὴσειέ
2497 5121 2603 5171 τις,
2647 5105 2881 5158 ἐνταῦθα
2927 5107 3028 5175 ἤδη
3062 5108 3159 5177 τῆς
3199 5108 3397 5171 κακίας
3424 5110 3458 5177 ὴ
3508 5112 3747 5179 κορυφή.
3778 5110 3868 5163 Διὸ

2284 5195 2378 5243 καὶ⁵
2408 5193 2435 5244 ὁ
2470 5193 2676 5263 Κύριος
2726 5193 2952 5265 ὓστερον
2982 5196 3195 5249 τέθεικε
3225 5198 3307 5261 τὸ,
3342 5198 3631 5269 ἄνθρωπον
3664 5201 3740 5269 μὴ
3775 5201 3852 5253 ἐν,

2282 5285 2638 5354 τρεπόμενος,
2686 5286 2889 5340 ώσανεὶ
2940 5288 3098 5341 τοῦτο
3145 5290 3356 5358 λέγων’
3392 5292 3516 5343 Ὅτι
3556 5292 3747 5362 κριτὴς
3794 5288 3861 5365 ἦν

2280 5378 2373 5429 τὸν
2405 5378 2539 5431 Θεὸν
2574 5377 2648 5449 μὴ
2684 5378 3037 5449 φοϐούμενος,
3070 5382 3162 5434 καὶ
3190 5382 3242 5434 τί
3280 5382 3423 5449 λέγω
3448 5383 3631 5446 τοῦτο,
3665 5385 3745 5437 ὅτι
3772 5386 3861 5437 τὸν

2282 5470 2411 5522 Θεὸν
2442 5473 2541 5524 οὐκ
2594 5474 2876 5539 ἐφοϐεῖτο;
2927 5475 2986 5527 τὸ
3026 5474 3208 5545 μεῖζον
3240 5472 3353 5547 εἶχε
3391 5476 3593 5546 δεῖγμα
3624 5478 3725 5547 τῆς
3763 5495 3862 5530 κα-

2277 5562 2425 5625 κίας,
2461 5564 2542 5617 ὅτι
2568 5563 2691 5616 οὐδὲ
2719 5566 3004 5635 ἄνθρωπον
3034 5568 3315 5637 ᾐσχύνετο.
3351 5568 3538 5621 Ταῦτα
3570 5568 3669 5639 μὲν
3709 5568 3801 5622 οὖν
3830 5571 3860 5639 ἡ

2283 5654 2566 5725 παραϐολὴ
2593 5657 2741 5725 ἡμᾶς
2777 5656 3041 5722 διδάσκει,
3064 5659 3137 5719 ὠς
3171 5657 3431 5721 πολλάκις
3462 5659 3713 5729 εἴπομεν,
3738 5675 3859 5713 νου-

2282 5744 2512 5799 θετοῦσα
2548 5749 2623 5817 μὴ
2655 5750 2911 5806 ἐκκακείν
2936 5751 2993 5803 ἐν
3022 5752 3141 5815 ταῖς
3167 5754 3516 5823 προσευχαῖς,
3551 5751 3740 5827 ὥσπερ
3767 5752 3851 5811 οὖν
