4100 6334
217 381 353 448 1001

873 373 1328 439 ENARRATIO
1365 376 1447 438 IN
1490 371 2000 438 EVANGELIUM
2053 369 2288 433 LUCE.
2322 395 2390 407 ·-·
2411 369 2570 432 CAP.
2615 369 2837 431 XVIII.

3365 366 3502 434 1032

181 504 280 554 καὶ
310 493 547 566 ἀλλαχοῦ
597 492 722 562 ἔφη·
750 490 844 554 Τίς
871 493 932 556 ἐξ
955 490 1112 564 ὑμῶν
1145 489 1300 561 φίλον
1329 489 1494 561 ἔχων,
1530 475 1656 541 εἷτοί
1696 485 1789 538 ἑλ-

1899 483 2030 540 Nam
2052 492 2274 556 propter
2295 480 2690 553 impudentiam
2713 479 2855 550 ejus,
2879 479 2924 535 si
2951 494 3056 534 non
3081 489 3305 550 propter
3327 481 3500 546 aliud,

179 593 350 646 οόντα
391 591 484 644 καὶ
514 586 780 658 κρούοντα
807 583 1002 647 νυκτὸς
1045 583 1476 654 ἀποπέμψεται;
1535 583 1634 636 Διά
1677 579 1789 651 γὰρ

177 684 285 754 τὴν
337 682 612 735 ἀναίδειαν
658 676 843 740 αὑτοῦ,
894 677 941 729 εί
972 677 1047 746 μὴ
1087 676 1155 728 δι’
1180 674 1334 730 οὐδὲν
1389 673 1520 729 ἄλλο
1558 672 1785 737 ἀνοίξει.

177 774 491 838 Καιπάλιν
512 790 525 802 ·
562 789 582 824 ι
616 771 712 835 Τίς
763 770 820 838 ἐξ
850 769 1022 842 ὑμῶν,
1058 769 1118 822 δν
1150 767 1246 823 ὲάν
1273 770 1300 823 6
1332 768 1445 833 υίὸς
1476 767 1645 822 αὑτοῦ
1697 766 1789 819 ai-

176 870 330 943 τήσῃ
356 867 543 939 ἄρτον,
585 884 605 919 ›
641 865 736 919 καὶ
765 863 834 918 τὰ
863 863 1013 931 ἑξῆς.
1045 861 1148 916 Διά
1178 861 1386 917 τούτων
1418 861 1526 932 γὰρ
1564 863 1788 914 πάντων

175 967 283 1036 τὴν
315 965 554 1034 ἔμμονον
582 955 780 1032 σχολὴν
821 960 879 1012 ὲν
914 959 1035 1021 ταῖς
1065 957 1400 1027 προσευχαῖς
1431 957 1564 1026 ἡμῖν
1593 952 1786 1036 ὑποτί-

177 1035 358 1112 θεται.
400 1051 806 1126 Ἐπειράθησαν
833 1051 888 1105 δέ
915 1068 1061 1115 τινες
1091 1050 1516 1121 περιεργότερον
1547 1051 1648 1117 τὴν
1678 1035 1793 1101 πα·-

181 1151 421 1225 ραϐολὴν
453 1150 661 1218 ταύτην
696 1143 1053 1206 έκλαεέσθαι,
1084 1145 1182 1197 καὶ
1216 1142 1524 1196 ἀπεικάσαι
1554 1141 1791 1212 ἐτόλμη-

178 1262 284 1299 σαν
319 1248 386 1315 τῇ
416 1241 669 1313 ἀληθείᾳ.
706 1240 876 1309 Χήρα·
897 1237 1018 1310 μὲν,
1055 1237 1287 1306 ἔφασαν,
1314 1235 1434 1288 ἐστὶ
1462 1235 1613 1288 πᾶσα
1634 1233 1783 1305 ψυχὴ

174 1339 272 1390 τὸν
303 1336 472 1407 ἄνδρα
512 1332 862 1389 ἀποϐαλοῦσα
893 1328 1087 1398 αὑτῆς,
1119 1328 1179 1382 ὃν
1213 1324 1327 1398 εἶχε
1364 1327 1655 1399 πρότερον,
1689 1326 1783 1380 τὸν

175 1429 432 1484 διάϐολον
458 1427 624 1498 φημὶ,
655 1426 749 1479 καὶ
777 1424 866 1478 διὰ
896 1422 1058 1476 τοῦτο
1089 1421 1362 1475 ἀντίδικον
1392 1421 1556 1474 αὑτὸν
1583 1419 1784 1491 ἔχουσα

178 1523 272 1584 ἀεὶ
304 1519 688 1590 ἐπιτιθέμενον
727 1517 888 1586 αὑτῇ·
941 1518 974 1586 ἡ
1023 1514 1080 1568 δὲ
1129 1511 1496 1585 προσέρχεται
1541 1511 1619 1582 τῷ
1662 1509 1784 1581 Θεῷ

179 1617 350 1687 κριτῇ
388 1614 491 1684 τῆς
541 1609 778 1677 ἀδικίας,
836 1609 1112 1671 τουτέστι,
1149 1606 1226 1677 τῷ
1258 1607 1646 1676 κατακρίνοντι
1681 1606 1784 1669 τὴν

176 1709 425 1773 ἀδικίαν,
459 1707 517 1769 ὃς
548 1704 670 1758 οὑτε
702 1703 836 1756 Θεὸν
875 1703 1145 1773 φοϐεῖται.
1173 1701 1348 1766 Αὑτὸς
1376 1701 1486 1771 γὰρ
1516 1700 1650 1764 Θεὸς
1687 1700 1784 1769 μό-

176 1816 294 1862 νος,
328 1800 424 1852 καὶ
473 1797 574 1850 οὑκ
605 1797 721 1867 ἔχει
755 1795 817 1849 ὃν
848 1794 1225 1865 φοϐηθήσεται
1265 1794 1474 1865 ἕτερον·
1510 1793 1627 1847 ἀλλ’
1657 1791 1782 1846 οὔτε

1899 577 2127 647 aperiet.
2184 576 2250 632 Et
2291 576 2491 631 iterum
2526 590 2540 627 :
2583 593 2601 626 ι
2637 572 2773 640 Quis
2817 586 2880 626 ex
2915 573 3107 639 vobis,
3137 589 3166 627 ιι
3198 585 3308 643 quo
3357 571 3400 627 si
3444 571 3504 626 ﬁ-

1899 669 2005 725 lius
2056 670 2174 740 ejus
2225 682 2419 739 panem
2470 674 2643 738 petat,
2671 674 2781 720 etc.
2851 682 2870 716 »
2910 662 3121 729 Quibus
3169 662 3404 731 sollicita
3442 677 3507 715 ae

1897 771 2159 834 perpetua
2189 761 2366 815 oratio
2411 744 2811 831 praescribitur.
2850 756 2918 809 At
2971 762 3249 809 tentarunt
3282 753 3506 824 quidam

1898 855 2210 925 parabolam
2268 853 2410 907 hanc
2473 850 2748 913 curiosius
2802 863 3119 918 exponere,
3175 857 3231 902 et
3284 847 3505 914 veritati

1897 963 2220 1018 comparare
2289 955 2416 1002 sunt
2478 946 2597 1002 ausi
2657 943 2754 1014 (α).
2801 941 3030 998 Viduam
3106 942 3252 997 enim
3313 941 3508 998 dicunt

1897 1056 2116 1095 omnem
2146 1040 2384 1094 animam
2413 1055 2557 1102 esse,
2600 1038 2779 1094 virum
2817 1049 3000 1092 autem
3034 1037 3314 1097 dimisisse
3344 1052 3504 1108 quem

1898 1135 2051 1204 prius
2086 1134 2297 1201 habuit,
2334 1133 2612 1190 diabolum
2648 1152 2661 1190 :
2713 1145 2766 1189 et
2800 1142 3027 1205 prapter
3075 1132 3179 1186 hoc
3223 1132 3370 1186 illum
3404 1133 3504 1186 ha-

1898 1229 1988 1283 bet
2021 1227 2397 1282 adversarium
2434 1242 2650 1298 semper
2686 1229 3037 1284 resistentem
3087 1226 3214 1281 sibi.
3252 1224 3369 1298 Ipsa
3403 1241 3507 1280 au-

1897 1329 2007 1377 tem
2045 1320 2258 1395 accedit
2289 1321 2356 1374 ad
2394 1320 2559 1374 Deum
2591 1320 2838 1390 judieem
2894 1319 3202 1390 injustitiae,
3242 1319 3351 1374 hoc
3396 1330 3501 1378 est.

1893 1414 2352 1472 eoudemuantem
2389 1414 2736 1482 injustitiam,
2788 1413 2880 1484 qui
2919 1428 3094 1483 neque
3125 1413 3294 1469 Deum
3328 1413 3501 1468 timet.

1893 1511 2010 1583 Ipse
2039 1510 2186 1566 enim
2220 1509 2364 1565 Deus
2390 1511 2542 1564 solus
2571 1523 2678 1563 non
2709 1507 2875 1563 habet
2907 1523 3068 1577 quem
3095 1508 3286 1562 timeat
3314 1507 3504 1571 alium,

1893 1608 1984 1662 sed
2006 1618 2185 1676 neque
2211 1602 2487 1664 hominem
2517 1613 2838 1668 reveretur;
2868 1601 3009 1656 Deus
3033 1604 3177 1655 enim
3208 1615 3503 1672 personam

1895 1696 2132 1752 hominis
2183 1710 2292 1749 non
2343 1693 2626 1765 recipit”.
2665 1693 2802 1748 Huic
2835 1692 3030 1758 viduae,
3063 1707 3184 1762 qua:
3217 1693 3346 1747 dum
3381 1703 3507 1747 orat

1892 1790 2170 1845 continuis
2204 1789 2464 1858 precibus
2500 1797 2722 1859 propter
2754 1786 3136 1842 adversarium
3192 1801 3349 1842 suum
3383 1786 3503 1842 dia—

179 1893 474 1964 ἄνθρωπον
501 1888 841 1960 αἰσχύνεται,
871 1887 1006 1951 Θεὸς
1029 1888 1138 1957 γὰρ
1165 1887 1464 1958 πρόσωπον
1491 1885 1784 1956 ἀνθρώπου

1896 1884 2106 1949 bolum,
2139 1885 2433 1938 miseretur
2465 1882 2629 1946 Deus,
2677 1891 2734 1936 et
2786 1881 3040 1952 placatur
3087 1891 3311 1951 prepter
3363 1882 3508 1936 assi-

177 1986 243 2040 οὑ
300 1982 595 2054 λαμϐάνει.
649 1980 874 2052 Ταύτην
925 1981 1024 2052 τὴν
1079 1980 1258 2050 χήραν
1302 1979 1483 2051 ψυχὴν
1522 1978 1789 2050 δεομένην

177 2079 278 2134 τοῦ
306 2077 443 2132 Θεοῦ
486 2076 726 2149 συνεχῶς
766 2076 854 2130 διὰ
879 2075 971 2130 τὸν
1003 2076 1274 2130 ἀντίδικον
1308 2077 1481 2148 αὑτῆς
1513 2076 1786 2142 διάϐολον,

178 2170 450 2241 οίκτείρει
481 2173 509 2223 6
539 2170 672 2234 Θεὸς
704 2169 1258 2239 καταδυσωπησάσης
1288 2169 1456 2224 αὑτὸν
1489 2169 1587 2240 τῆς
1617 2187 1789 2241 προσ-

178 2264 398 2336 εδρείας
432 2262 653 2332 ταύτης.
690 2262 879 2316 Ταῦτα
911 2261 1008 2332 μὲν
1035 2261 1129 2315 οὖν
1161 2262 1268 2332 ὅτῳ
1302 2262 1474 2332 φίλον,
1522 2261 1786 2333 δεχέσθω.

182 2357 470 2429 Παρετέθη
511 2357 646 2427 γὰρ,
675 2357 760 2410 ἵνα
812 2357 888 2426 μὴ
938 2359 1264 2425 ἀγνοῶνται.
1306 2358 1452 2428 Πλὴν
1487 2358 1663 2412 ταῦτα
1705 2359 1785 2413 διο

178 2449 352 2514 δάξας
395 2448 544 2517 ἡμᾶς
589 2451 616 2500 6
657 2448 860 2520 Κύριος
902 2451 1033 2520 περὶ
1067 2451 1160 2502 τοῦ
1215 2453 1326 2504 δεῖν
1356 2453 1785 2524 προσεύχεσθαι,

181 2544 278 2596 καὶ
341 2541 653 2608 ὑποδείξας,
703 2543 788 2596 ὄτι
838 2545 886 2596 εί
921 2536 1078 2608 οὗτος
1122 2547 1150 2598 6
1198 2545 1420 2617 ἄνομος,
1477 2549 1574 2602 καὶ
1608 2551 1788 2621 πάσης

180 2636 390 2701 κακίας
461 2638 898 2709 πεπληρωμένος
953 2639 1189 2713 ᾤκτειρε
1249 2645 1314 2712 τῇ
1359 2643 1638 2719 συνεχείᾳ
1685 2645 1789 2715 τῆς

178 2731 446 2800 δεήσεως,
491 2732 646 2804 πόσῳ
699 2732 902 2803 μᾶλλον
949 2737 976 2788 6
1007 2734 1141 2798 Θεὸς
1171 2738 1199 2789 6
1228 2738 1409 2807 πάσης
1437 2738 1790 2810 δικαιοσύνης

181 2825 432 2897 ἀρχηγὸς
468 2827 530 2879 οὑ
578 2828 825 2897 ποιήσειε
865 2828 964 2900 τὴν
992 2831 1274 2901 ἐκδίκησιν
1306 2833 1364 2886 ἐν
1403 2833 1582 2904 τάχει,
1609 2834 1790 2888 καίτοι

184 2917 588 2989 μακροθυμῶν,
631 2921 726 2973 καὶ
767 2916 1497 2994 φαινόμενοςάνηκουστεῖν
1535 2927 1643 2978 τῶν
1671 2927 1790 2980 δεο-

187 3010 370 3080 μένων
399 3009 567 3065 αὑτοῦ
597 3012 792 3075 νυκτὸς
819 3015 912 3066 καὶ
938 3015 1182 3087 ήμέρας;
1209 3016 1396 3070 Ταῦτα
1419 3016 1513 3071 οὖν
1540 3017 1786 3084 διδάξας,

183 3102 283 3156 καὶ
330 3102 702 3175 δείξας,ήμίν,
750 3105 835 3158 ὅτι
881 3109 937 3158 ἐν
979 3105 1058 3176 τῷ
1102 3107 1280 3179 καιρῷ
1314 3109 1412 3180 τῆς
1473 3110 1789 3176 συντελείας

179 3197 250 3266 τῇ
289 3198 569 3288 προσευχῇ
621 3197 892 3269 χρηστέον
948 3199 1088 3270 πρὸς
1135 3201 1262 3265 τοὺς
1325 3201 1625 3272 μέλλοντας
1662 3206 1784 3257 τότε
1814 3228 1859 3288 C

179 3287 469 3354 κινδύνους
515 3291 1258 3365 ὲπιγενήσεσθαι,ἔπιφέρει,
1301 3295 1405 3364 ὅτι,
1445 3296 1506 3350 '0
1530 3297 1658 3362 Υίὸς
1692 3297 1788 3352 τοῦ

180 3380 482 3454 ἀνθρώπου
533 3377 642 3454 ἆρα
682 3382 858 3437 ἐλθὼν
909 3384 1136 3456 εὑρήσει
1188 3387 1288 3458 τὴν
1345 3393 1530 3444 πίστιν
1561 3389 1654 3444 ἐπὶ
1688 3391 1789 3462 τῆς

180 3473 286 3543 γῆς
308 3489 326 3541 ;
352 3476 411 3528 tv
435 3541 439 3544 .
461 3475 708 3547 σχήματι
767 3477 1094 3548 ἐρωτήσεως
1122 3528 1127 3531 _
1155 3478 1219 3532 τὸ
1261 3479 1488 3534 σπάνιον
1528 3481 1636 3536 τῶν
1665 3482 1789 3537 τότε

180 3564 650 3635 εὑρεθησομένων.
681 3566 891 3622 πιστῶν
920 3567 1340 3640 ὑποσημαίνων.
1375 3573 1648 3628 Τοσοῦτον
1679 3575 1790 3647 γὰρ

179 3658 603 3729 κατακρατήσει
654 3660 775 3712 τότε
805 3661 832 3712 6
882 3661 996 3726 υίὸς
1044 3663 1144 3733 τῆς
1179 3666 1618 3736 ἀνομίας,.ὦστε
1652 3669 1790 3722 πλα-

181 3747 282 3817 νᾷν
323 3749 418 3801 καὶ
465 3750 593 3812 τοὺς
642 3751 959 3818 ἐκλεκτοὺς,
1010 3755 1060 3808 εἰ
1111 3753 1358 3810 δυνατόν.
1400 3758 1570 3812 Εῖωθε
1599 3759 1654 3814 δὲ
1696 3760 1790 3813 ἐπὶ

178 3837 279 3891 τοῦ
314 3839 556 3904 σπανίως
589 3843 988 3915 εὑρισκομένου
1011 3886 1025 3911 ,
1049 3845 1128 3918 τῷ
1166 3849 1576 3922 ὲρωτηματικῷ
1602 3854 1791 3924 τρόπῳ

179 3931 448 4003 χρᾶσθαι,
498 3934 575 3998 ὡς
618 3935 715 3991 καὶ
741 3937 836 3990 επὶ
874 3936 968 3991 τοῦ
992 3955 1005 3969 ·
1063 3939 1160 4002 Τίς
1207 3941 1317 4013 ἄρα
1356 3944 1505 3997 ἐστιν
1534 3947 1561 3997 6
1596 3946 1790 4009 πιστὸς

177 4024 392 4091 δοῦλος,
418 4028 512 4080 καὶ
543 4029 846 4100 φρόνιμος;
876 4033 988 4086 Καὶ
1018 4033 1258 4087 ἐνταῦθα
1290 4031 1384 4088 οὖν
1413 4036 1476 4089 τὸ
1503 4037 1636 4091 αὐτὸ
1664 4039 1793 4092 ὑπο-

179 4118 386 4189 δηλῶν,
418 4122 515 4174 καὶ
540 4123 624 4175 ὅτι
660 4122 908 4194 βραχεῖς,
934 4127 1032 4181 καὶ⁵
1060 4127 1334 4195 ὀλιγόστοι
1362 4128 1576 4185 ἔσονται
1612 4134 1660 4187 oi
1691 4131 1790 4204 τὴν

179 4213 321 4280 πρός
353 4229 412 4265 τε
436 4215 531 4268 τὸν
553 4214 708 4283 Θεὸν,
743 4217 838 4270 καὶ
881 4220 1019 4291 πρὸς
1045 4221 1317 4292 ἀλλήλους
1337 4223 1544 4300 ’πίστιν
1587 4228 1792 4294 φυλάτ-

175 4320 393 4370 ⁸ιιοντες,
420 4310 487 4378 τῇ
524 4310 793 4378 ἐρωτήσει
824 4311 998 4384 ταύτῃ
1021 4308 1319 4385 ἐχρήσατο.
1353 4317 1597 4380 Είκότως
1633 4319 1688 4371 δὲ
1722 4322 1787 4391 τῇ

180 4400 317 4468 περὶ
355 4398 449 4452 τοῦ
478 4401 886 4475 προσεύχεσθαι
923 4407 1250 4476 παραινέσει
1277 4409 1367 4461 τὸν
1394 4413 1525 4482 περὶ
1559 4411 1661 4483 τῆς
1700 4413 1792 4465 πί-

181 4506 360 4552 στεως
413 4490 568 4571 λόγον
595 4495 953 4567 ἐπισυνῆψεν.
996 4498 1216 4571 Ἐπειδὴ
1257 4502 1366 4572 γὰρ
1397 4504 1581 4575 πάσης
1616 4523 1787 4574 προσ-

1895 1976 2160 2031 duitatem
2190 1975 2331 2045 ejus.
2376 1973 2651 2046 “aequi
2681 1973 2846 2041 volet,
2883 1982 2938 2029 et
2987 1973 3072 2028 cui
3131 1971 3370 2043 placent,
3403 1987 3502 2027 su-

1895 2068 2111 2136 scipiat.
2170 2067 2454 2138 Proposita
2488 2068 2634 2123 enim
2683 2078 2904 2124 suntne
2953 2067 3291 2136 ignorentur.
3337 2068 3499 2138 Atqui

1894 2160 2160 2219 Dominus
2187 2163 2302 2222 haec
2352 2178 2451 2218 nos
2503 2163 2713 2230 docuit,
2772 2161 2915 2232 quod
2975 2171 3228 2232 oporteat
3284 2176 3503 2232 semper

1892 2272 2052 2324 orare
2088 2275 2102 2312 :
2136 2266 2189 2313 et
2241 2256 2682 2327 per-exemplum
2742 2255 3027 2322 iudicavit,
3082 2257 3228 2327 quod
3281 2255 3498 2310 etiami

1895 2351 1998 2405 iste
2033 2351 2250 2421 iniquus
2281 2362 2332 2406 et
2361 2352 2508 2406 ornni
2549 2351 2754 2406 malitia
2786 2351 2998 2419 plenus,
3032 2350 3388 2406 misereretur
3416 2359 3500 2401 ta-

1893 2459 2017 2498 men
2050 2443 2120 2496 ob
2161 2445 2446 2499 continuas
2481 2459 2693 2514 preces,
2725 2453 2928 2515 quanto
2957 2445 3130 2514 magis
3159 2443 3303 2499 Deus
3323 2442 3501 2496 omnis

1887 2535 2112 2606 justitim
2162 2537 2267 2590 dux
2321 2553 2426 2593 non
2475 2537 2638 2593 faciet
2687 2537 2837 2592 brevi
2895 2537 3210 2600 vindictam,
3253 2536 3502 2606 quamvis

1894 2633 2128 2700 diﬁ‘erat,
2156 2641 2209 2688 et
2232 2634 2482 2689 videatur
2506 2649 2610 2688 non
2643 2633 2836 2688 audire
2858 2641 3082 2687 orantes
3099 2632 3186 2687 die
3220 2645 3285 2684 ac
3307 2630 3504 2685 nocte?

1894 2728 2081 2800 itaque.
2117 2731 2207 2799 qui
2239 2729 2424 2784 docuit
2456 2738 2510 2784 et
2541 2730 2866 2783 monstravit
2897 2729 3054 2784 nobis
3087 2727 3234 2798 quod
3266 2726 3322 2780 in
3358 2736 3502 2782 tem-

1893 2838 2024 2894 pore
2057 2822 2549 2877 consummationis
2580 2821 2764 2877 saeculi
2795 2836 2932 2890 Opus
2957 2821 3028 2876 sit
3056 2821 3327 2884 oratione,
3357 2828 3414 2873 ut
3447 2819 3499 2872 in

1896 2917 2093 2972 futuris
2126 2915 2384 2986 periculis
2417 2917 2618 2971 durare
2651 2915 2948 2987 valeamus,
2974 2915 3170 2971 subdit
3203 2934 3217 2969 :
3247 2912 3500 2982 Nunquid

1894 3007 2064 3064 Filius
2084 3010 2322 3064 hominis
2337 3025 2460 3064 cum
2482 3010 2715 3078 venerit,
2738 3009 2976 3063 inveniet
2992 3007 3152 3063 ﬁdem
3172 3009 3224 3060 in
3254 3016 3398 3062 terra
3416 3006 3501 3059 ὀἳ

1894 3103 2008 3170 Qua
2045 3102 2491 3172 interrogationis
2522 3103 2690 3174 ﬁgura
2725 3119 2880 3158 raros
2910 3102 3041 3158 dicit
3069 3112 3199 3157 tunc
3225 3099 3501 3155 inVeuien-

1895 3198 1992 3253 dos
2023 3197 2230 3252 ﬁdeles.
2266 3197 2324 3253 In
2350 3205 2558 3251 tantum
2592 3198 2738 3252 enim
2773 3199 3070 3252 iuvalcscct
3111 3195 3255 3250 ﬁlius
3295 3194 3500 3264 iniqui-

1895 3290 2044 3357 tatis,
2079 3298 2131 3345 ul
2162 3292 2350 3355 etiam.
2379 3290 2423 3346 si
2459 3289 2720 3362 possibile
2755 3301 2925 3354 esset,
2956 3291 3246 3346 seduceret
3274 3289 3499 3346 electos.

1894 3384 1950 3440 In
1983 3385 2121 3441 raris
2167 3383 2312 3440 enim
2361 3383 2500 3442 solet
2545 3376 2858 3453 huiusmodi
2893 3384 3282 3457 interrogandi
3329 3384 3500 3455 ﬁgura

1896 3480 1997 3542 uti,
2027 3479 2169 3535 sicut
2191 3488 2248 3535 et
2271 3494 2394 3535 cum
2427 3478 2560 3536 dicit
2595 3497 2610 3535 :
2636 3479 2770 3548 Quis
2793 3494 2951 3553 putas
2983 3482 3157 3540 ﬁdelis
3181 3491 3234 3540 et
3254 3485 3510 3555 prudens

1897 3573 2123 3628 servus?
2154 3575 2334 3642 Atque
2361 3573 2468 3628 hoc
2488 3573 2609 3630 loco
2635 3575 2774 3630 idem
2804 3575 3143 3648 signiﬁcans,
3169 3582 3319 3649 qtmd
3344 3582 3517 3653 pauci

1897 3681 2125 3720 numero
2152 3661 2318 3738 533
2341 3676 2504 3721 erunt
2531 3667 2620 3736 qui
2649 3683 2776 3736 erga
2807 3667 2974 3724 Deum
2998 3679 3056 3724 et
3079 3668 3230 3728 inm-
3254 3690 3311 3730 se
3343 3677 3504 3731 ﬁdem

1895 3759 2218 3824 servabunt,
2256 3761 2358 3815 hac
2410 3759 2844 3832 interrogatione
2874 3778 3005 3817 usus
3036 3775 3146 3820 est.
3180 3765 3374 3822 Merito
3404 3785 3508 3824 au-

1897 3862 2003 3906 tetu
2040 3854 2280 3907 sermoni
2332 3853 2397 3907 de
2433 3855 2685 3909 oratione
2735 3869 3054 3913 sermonem
3108 3859 3176 3915 de
3223 3859 3329 3916 ﬁde
3377 3878 3510 3917 con-

1896 3945 2107 4011 nexuit,
2156 3946 2419 4016 quoniam
2457 3946 2636 4001 omnis
2677 3948 2948 4003 orationis
2986 3948 3402 4009 fundamentum
3443 3971 3508 4010 ac

1895 4038 2044 4092 basis
2078 4049 2161 4094 est
2204 4038 2362 4095 ﬁdes.
2414 4039 2526 4095 Nisi
2579 4040 2724 4095 enim
2763 4040 3073 4100 crediderit
3124 4045 3321 4114 homo,
3363 4050 3507 4118 quod

1898 4133 2000 4188 hoc
2030 4133 2175 4203 quod
2227 4134 2361 4202 petit
2409 4144 2738 4206 accepturus
2771 4134 2858 4189 sit.
2895 4136 2950 4192 in
2983 4152 3137 4192 suam
3175 4140 3465 4194 utilitatem
3489 4183 3504 4201 ,

1899 4242 2041 4282 vana
2083 4239 2168 4282 est
2202 4227 2382 4283 oratio
2415 4243 2582 4298 quam
2613 4228 2769 4284 facit.
2805 4229 2875 4285 Et
2909 4233 3506 4304 propterea‘Dominus

1894 4316 1961 4370 de
1999 4317 2248 4371 oratione
2283 4318 2508 4384 docens,
2547 4317 2711 4373 etiam
2748 4321 2872 4376 ﬁdei
2911 4325 3180 4390 meminit,
3217 4325 3506 4380 declarans

1895 4407 2138 4474 interim,
2183 4425 2480 4481 paucorum
2513 4410 2630 4466 fore
2663 4421 2795 4468 tunc.
2822 4429 2983 4471 orare
3012 4435 3025 4472 :
3058 4419 3501 4490 quandoquidem

1896 4500 2030 4556 ﬁdes
2064 4502 2115 4556 in
2148 4504 2340 4572 paucis
2386 4504 2713 4559 invenietur.
2749 4505 2924 4578 igitur
2969 4526 3094 4565 cum
3132 4515 3345 4568 venerit
3399 4513 3505 4568 Do-

177 4581 351 4677 ευχής
376 4583 597 4654 βάθρον,
635 4587 730 4639 καὶ
765 4590 1031 4660 κρηπὶςή
1063 4590 1281 4656 πίστις·
1343 4597 1392 4647 εἰ
1447 4596 1521 4666 μὴ
1552 4597 1661 4668 γὰρ
1693 4615 1785 4652 m-

1899 4596 2079 4651 minus
2109 4597 2160 4651 in
2197 4598 2454 4663 nubibus,
2489 4616 2597 4653 non
2623 4600 2870 4658 inveniet
2895 4603 3054 4660 ﬁdem
3083 4621 3248 4677 super
3274 4617 3499 4673 ιρι-νοω,

181 4673 406 4726 στεύσει
435 4676 462 4727 6
490 4676 800 4748 ἄνθρωπος,
834 4680 916 4733 ὅτι
945 4679 973 4733 6
1000 4682 1094 4735 ἐὰν
1136 4684 1360 4758 αἰτήσῃ,
1391 4684 1622 4757 λήψεται
1647 4689 1783 4760 πρὸς

176 4767 240 4819 τὸ
305 4769 630 4843 συμφέρονὶ,
663 4772 868 4840 ματαία
901 4775 933 4842 ή
969 4778 1270 4848 προσευχὴ,
1296 4781 1364 4848 ἢν
1392 4764 1668 4834 ποιεῖται·
1700 4782 1789 4838 διὰ

176 4856 348 4911 τοῦτο
381 4861 408 4911 6
446 4859 651 4930 Κύριος
701 4865 832 4934 περὶ
889 4867 982 4934 τοῦ
1040 4871 1445 4944 προσεύχεσθαι
1473 4873 1787 4942 διδάσκων,

177 4952 404 5021 καὶτῆς
466 4954 713 5022 πίστεως
741 4959 1090 5033 ἐπεμνήσθη,
1148 4963 1326 5034 δηλῶν
1363 4971 1782 5039 κεκρυμμένως,

175 5041 260 5093 ὅτι
287 5042 489 5112 ὀλίγων
532 5045 694 5121 ἔσται
718 5051 812 5102 καὶ
857 5053 919 5103 τὸ
969 5055 1375 5125 προσεύχεσθαι
1412 5060 1558 5125 τότε,
1598 5063 1788 5134 ἐπειδὴ

177 5137 274 5205 καὶ
299 5137 334 5205 ή
363 5137 544 5202 πίστις
568 5141 624 5192 ὲν
655 5140 858 5209 ὀλίγοις
883 5144 1269 5217 εὑρεθήσεται.
1317 5150 1523 5208 Ἐλθὼν
1562 5156 1660 5226 μὲν
1692 5154 1787 5212 οὖν

1895 4689 1998 4744 nisi
2030 4690 2083 4744 in
2121 4691 2334 4761 paucis.
2363 4690 2551 4748 Faciet
2585 4706 2773 4752 autem
2807 4697 2952 4754 hanc
2997 4711 3126 4755 tunc
3157 4718 3168 4752 :
3210 4700 3366 4754 inviti
3397 4719 3500 4756 au-

1895 4792 1999 4838 tem
2023 4799 2217 4845 omnes
2241 4785 2656 4845 conﬁtebuntur
2675 4792 2821 4862 quod
2845 4793 3112 4850 Dominus
3143 4793 3305 4851 Jesus
3342 4797 3502 4852 Chri-

1893 4885 2012 4932 stus
2045 4877 2096 4930 in
2136 4878 2309 4949 gloria
2357 4891 2444 4935 est
2476 4880 2569 4936 Dei
2610 4881 2790 4940 Patris
2821 4901 2838 4939 :
2884 4886 2928 4940 si
2961 4887 3182 4959 quidem
3220 4890 3336 4945 haec
3370 4889 3501 4945 ﬁdes

1888 4972 2134 5026 vocanda
2167 4981 2272 5038 est,
2307 4983 2361 5028 et
2393 4991 2500 5030 non
2540 4978 2726 5049 potius
2756 4982 3078 5045 necessitas,
3113 4982 3305 5040 Nullus
3351 4987 3496 5040 enim

1889 5063 1995 5118 erit
2029 5064 2330 5121 inﬁdelium
2363 5068 2454 5138 qui
2480 5082 2590 5128 non
2627 5073 2818 5140 credet
2849 5077 2995 5154 quod
3028 5077 3178 5134 solus
3211 5079 3283 5134 sit
3313 5079 3497 5134 Salva-

1890 5161 2050 5227 toris,
2085 5177 2245 5232 quem
2281 5173 2441 5220 antea
2476 5167 2907 5240 blasphemarat.

175 5232 466 5344 δ’Κύριος
494 5237 559 5344 ἐν
605 5239 882 5344 νεφέλαις,
942 5242 1041 5344 οὐχ
1070 5245 1294 5317 εὑρήσει
1322 5249 1655 5344 λτὴνῒπίστιν
1691 5256 1785 5310 ἐπὶ
1824 5258 1926 5330 τῆς
1956 5258 2084 5332 γῆς,
2125 5261 2177 5314 εί
2214 5258 2291 5335 μὴ
2317 5259 2427 5335 ἄρα
2493 5265 2554 5318 ὲν
2598 5232 2858 5337 ’ὀλίγοις,
2908 5273 3130 5339 ποιήσει
3181 5272 3237 5326 δὲ
3291 5272 3500 5344 ταύτην

173 5328 323 5444 τότε,
382 5332 476 5439 καὶ
530 5332 760 5444 ἄκοντες
803 5339 909 5444 χάρ
960 5341 1162 5444 πάντες
1216 5328 1671 5416 ὁμολογήσουσιν,
1731 5352 1818 5404 ὅτι
1859 5328 2067 5424 Κύριος
2117 5328 2325 5428 Ἰησοῦς
2356 5328 2463 5424 ἐίς
2502 5359 2662 5427 δόξαν
2709 5328 2858 5416 ’Θεοῦ
2901 5328 3136 5440 [ἰατρὸς.
3171 5369 3269 5422 καὶ
3315 5368 3368 5421 εί
3433 5328 3496 5437 χε

174 5444 493 5536 χρη-ταυτα
541 5433 747 5498 πίστιν,
783 5436 920 5490 ἀλλὰ
969 5438 1044 5508 μὴ
1076 5439 1326 5512 ἀνάγκην
1383 5445 1581 5513 εἰπεῖν,
1611 5449 1788 5512 οὐδεὶς
1825 5451 1940 5506 τῶν
1976 5454 2224 5510 ἀπίστων
2265 5458 2438 5522 ἔσται,
2503 5459 2561 5524 6;
2623 5462 2685 5514 οὑ
2753 5439 3061 5532 πιστεύσει,
3117 5468 3201 5521 ὅτι
3273 5467 3431 5536 μόνος
3469 5471 3499 5525 6

174 5522 374 5596 Σωτὴρ
404 5528 430 5579 ὁ
453 5531 584 5600 παρ’
616 5533 798 5587 αὐτοῦ’
822 5536 952 5606 πρὶν
972 5535 1485 5610 βλασςοημούμενος.

280 5687 329 5719 ⁸⁸
384 5686 562 5743 Calai.
617 5707 675 5753 tt,
712 5691 766 5746 6.
847 5694 895 5726 ’°
951 5693 1084 5751 Luc.
1140 5715 1292 5763 XVIII,
1336 5700 1387 5754 8.

257 5864 340 5938 (ἁ)
380 5866 525 5922 Edit.
573 5869 695 5927 Lut.
752 5890 859 5929 non
921 5877 1105 5943 habet,
1143 5892 1188 5936 et
1227 5884 1433 5952 rrrj'nn
1494 5901 1805 5957 cornitarare
1841 5900 1962 5943 sun!
1993 5890 2132 5942 ausi.

440 5963 715 6027 PATuOL.
757 5968 874 6030 Gtt.
909 5971 1188 6034 CXXI“.

3182 6000 3216 6061 2

3140 6001 3170 6018 σι

3139 6037 3171 6059 υ
