4100 6334
671 390 809 459 1003

1542 384 2124 451 THEOPIIYLACTI
2176 384 2586 446 BULGARIE
2621 383 2980 446 ARCHIEP.

3792 384 3917 451 1004

737 504 899 561 νεεδ.
932 502 1081 560 9—H.
1125 521 1142 553 ι
1183 499 1327 555 Dixit
1354 509 1531 555 autem
1567 509 1621 555 ct
1650 498 1715 552 ad
1756 500 2015 569 quosdam
2060 500 2150 570 qui
2183 500 2234 553 in

2418 518 2434 549 ε
2474 494 2608 553 Εἶπε
2639 497 2695 551 δὲ
2716 498 2809 552 καὶ
2836 496 2972 568 πρός
2998 512 3149 561 τινας
3174 493 3299 559 τοὺς
3334 492 3671 559 πεποιθότας
3698 493 3786 564 ιφ’
3803 495 3916 549 lavo

659 616 719 657 se
748 598 1089 656 conﬁdebant
1118 596 1261 665 quod
1305 602 1489 648 essent
1530 591 1684 662 justi,
1719 601 1771 644 et
1803 592 2232 661 aspernabantur

661 702 885 749 caeteros
906 730 921 755 ,
971 687 1284 757 parabolam
1316 687 1475 741 istam
1509 703 1523 740 :
1553 686 1666 741 Duo
1695 682 1944 738 homines
1972 683 2231 739 ascende-

662 788 791 842 bant
830 783 880 838 in
912 781 1167 852 templum
1202 793 1259 835 ut
1291 786 1638 849 precarentur
1670 794 1686 832 :
1719 792 1859 832 unus
1906 776 2232 842 Pharisaeus,

660 887 711 929 et
746 875 884 929 alter
915 873 1249 945 publicanus.
1298 868 1604 925 Pharismus
1653 880 1808 924 Stans
1837 869 1949 924 hinc
1992 869 2131 937 apud
2178 881 2236 921 se

661 969 850 1020 orabat
880 983 893 1019 :
926 964 1091 1026 Deus.
1120 960 1323 1033 gratias
1355 975 1457 1029 ago
1486 961 1577 1014 tibi
1607 960 1749 1030 quod
1787 975 1893 1015 non
1939 975 2058 1013 sum
2092 958 2235 1014 sicut

657 1059 839 1114 caueri
887 1054 1152 1119 homines,
1190 1061 1458 1123 raptores,
1515 1052 1726 1122 injusti,
1782 1051 2039 1115 adulteri,
2086 1051 2236 1105 velut

657 1148 817 1202 etiam
857 1146 943 1200 hic
990 1143 1347 1217 publicanus;
1378 1141 1565 1212 jejuno
1592 1142 1673 1197 bis
1704 1142 1754 1195 in
1802 1140 2062 1206 Sabbato,
2089 1140 2235 1195 deci-

664 1254 781 1294 mas
816 1240 883 1293 do
910 1239 1151 1293 omnium
1197 1250 1317 1305 quae
1350 1235 1620 1303 possideo.
1660 1234 1726 1287 Et
1760 1234 2077 1301 publicanus
2105 1247 2232 1301 pro-

661 1328 748 1382 c‘ul
778 1337 947 1393 stans,
1000 1340 1098 1381 nee
1126 1325 1311 1381 oculos
1343 1323 1555 1379 volebat
1601 1324 1669 1378 ad
1718 1324 1913 1379 emtum
1949 1323 2230 1391 attollere,

662 1421 757 1473 sed
788 1417 1045 1472 tundehat
1076 1425 1265 1485 pectus
1291 1430 1472 1481 suum,
1505 1414 1690 1469 dicens
1719 1430 1735 1468 :
1770 1413 1932 1477 Deus,
1965 1414 2232 1483 propitius

660 1521 777 1565 esto
810 1510 936 1563 mihi
979 1509 1271 1578 peccatori.
1306 1506 1433 1561 Dico
1450 1506 1619 1571 vobis,
1648 1505 1928 1561 descendit
1954 1506 2047 1565 hic
2074 1505 2236 1572 justi-

661 1602 851 1657 ticatus
880 1602 931 1655 in
967 1600 1187 1653 domum
1211 1612 1387 1661 suam,
1419 1597 1590 1667 magis
1616 1611 1779 1667 quam
1804 1595 1893 1651 ille
1917 1613 1932 1650 :
1970 1596 2094 1666 quia
2119 1612 2236 1651 om-

662 1693 747 1748 nis
792 1693 975 1761 quise
1010 1688 1244 1755 extollit,
1282 1688 1677 1754 humiliabitur,
1731 1697 1787 1743 et
1830 1689 2011 1743 omnis
2042 1689 2134 1758 qui
2176 1702 2236 1743 se

664 1784 933 1846 humiliat,
965 1782 1273 1837 extolletur.
1326 1798 1346 1833 ι
1399 1777 1515 1835 Non
1547 1788 1728 1834 cessat
1769 1778 2033 1834 Dominus
2068 1779 2233 1849 pluri-

2337 595 2449 655 τοῖς
2470 633 2484 656 ,
2520 592 2602 644 ὅτι
2661 590 2767 643 εἰσὶ
2828 589 3048 654 δίκαιοι,
3081 589 3175 642 καὶ
3205 585 3621 652 εξουθενοῦντας
3646 586 3781 651 τοὺς
3817 586 3917 642 λοι-

2337 687 2491 750 ποὺς,
2520 684 2618 755 τὴν
2645 681 2961 753 παραϐολὴν
2990 681 3195 751 ταύτην
3215 698 3230 709 ·
3258 679 3573 751 Ἀνθρωποι
3606 677 3704 733 δύο
3730 677 3917 750 ἀνέθη-

2340 795 2438 833 σαν
2470 780 2548 841 είς
2600 779 2662 830 τὸ
2726 774 2870 846 ἱερὸν
2906 771 3346 845 προσεύξασθαιο
3388 773 3416 824 6
3444 804 3449 808 ~
3476 764 3558 834 εἷς
3605 772 3914 842 Φαρισαῖος,

2338 872 2432 926 καὶ
2469 871 2497 923 6
2531 869 2716 938 ἕτερος
2761 864 3021 936 τελώνης.
3074 866 3135 920 '0
3170 866 3491 936 Φαρισαῖος,
3525 863 3748 927 σταθεὶς
3786 862 3916 933 πρὸς

2339 963 2553 1028 ἑαυτὸν,
2578 961 2753 1015 ταῦτα
2785 959 3130 1031 προσηύχετο
3151 974 3165 987 ·
3208 958 3267 1010 '0
3304 957 3459 1022 Θεὸς,
3495 955 3809 1028 εὐχαριστῶ
3843 973 3918 1009 σοι

2337 1056 2420 1109 ὅτι
2446 1056 2545 1109 οὐκ
2575 1054 2691 1123 είμὶ
2721 1052 2910 1124 ὥσπερ
2937 1053 2985 1105 οἱ
3020 1051 3200 1105 λοιποὶ
3228 1049 3339 1103 τῶν
3378 1048 3708 1119 ἀνθρώπων,
3740 1050 3917 1118 ἅρπα-

2339 1164 2453 1217 γες,
2488 1146 2689 1210 ἄδικοι,
2737 1146 2938 1215 μοιχοὶ,
2986 1142 3019 1214 ἢ
3050 1143 3146 1197 καὶ
3172 1141 3248 1204 ὡς
3290 1133 3447 1204 οὗτος
3474 1142 3503 1193 6
3527 1139 3791 1210 τελώνης
3831 1155 3922 1209 νη-

2340 1241 2513 1291 στεύω
2536 1237 2616 1301 δὶς
2644 1236 2738 1291 τοῦ
2781 1235 3081 1300 Σαὸΰάτου,
3110 1232 3431 1288 ἀποδεκατῶ
3453 1234 3633 1287 πάντα
3665 1233 3770 1287 ὅσα
3791 1231 3923 1286 κτῶο

2340 1348 2458 1399 μαι.
2484 1329 2593 1383 Καὶ
2611 1331 2639 1382 6
2660 1328 2918 1399 τελώνης,
2944 1328 3219 1399 μακρόθεν
3250 1324 3443 1391 ἑστὼς,
3463 1326 3564 1379 οὐκ
3591 1325 3787 1397 ἢθελεν
3805 1324 3923 1378 οὖδὶ

2336 1422 2464 1483 τοὺς
2485 1419 2794 1489 ὀφθαλμοὺς
2820 1423 2899 1482 εἰς
2923 1418 3018 1471 τὸν
3041 1417 3269 1486 οὐρανὸν
3296 1418 3521 1487 ἐπᾶραι,
3550 1415 3665 1468 ἀλλ’
3694 1414 3925 1468 ἔτυπτεν

2338 1507 2417 1570 είς
2442 1508 2502 1559 τὸ
2539 1506 2734 1575 στῆθος
2766 1506 2954 1572 αὑτοῦ,
2986 1505 3193 1574 λέγων·
3249 1505 3306 1559 '0
3357 1503 3489 1568 Θεὸς
3541 1503 3792 1573 ἱλάσθητί
3838 1521 3922 1571 μοι

2340 1599 2417 1668 τῷ
2448 1599 2779 1670 ἁμαρτωλῷ.
2812 1599 2975 1667 Λέγω
3029 1599 3181 1668 ὑμῖν,
3219 1597 3424 1669 κατέϐη
3457 1591 3613 1659 οὗτος
3646 1597 3924 1651 δεδικαιω-

2343 1691 2501 1759 μένος
2524 1686 2603 1753 είς
2641 1688 2733 1742 τὸν
2758 1683 2907 1742 οἷκον
2925 1688 3118 1751 αὐτοῦ,
3151 1689 3185 1761 ἢ
3218 1692 3445 1755 ἐκεῖνος,
3472 1690 3553 1741 ὅτι
3584 1690 3691 1751 πᾶς
3723 1690 3751 1741 6
3778 1688 3924 1756 ὑψῶν

2339 1780 2553 1846 ἑαυτὸν,
2582 1779 3075 1852 ταπεινωθήσεται,
3107 1782 3134 1833 6
3152 1780 3207 1834 δὲ
3237 1780 3511 1833 ταπεινῶν
3537 1781 3756 1843 ἑαυτὸν,
3780 1779 3925 1849 ὑψω-

664 1880 764 1933 hus
813 1875 1149 1947 argumentis
1191 1886 1483 1945 repurgare
1531 1872 1801 1944 superbia:
1852 1872 2060 1927 vitium.
2108 1871 2235 1926 Plus

2342 1872 2585 1945 θήσεται.
2627 1892 2647 1927 ι
2698 1874 2773 1927 Οὐ
2809 1872 3041 1927 παύεται
3080 1875 3109 1927 6
3148 1872 3355 1943 Κύριος
3384 1872 3447 1926 τὸ
3501 1874 3600 1940 τῆς
3633 1873 3925 1941 ὑπερηφα-

660 1970 805 2025 euim
838 1968 961 2023 aliis
991 1966 1139 2021 vitiis
1164 1975 1395 2021 mentem
1418 1967 1714 2019 humanam
1748 1965 1947 2029 turbat,
1984 1973 2231 2034 propter-

663 2076 725 2115 ω
760 2075 901 2129 sa-pe
930 2072 983 2114 et
1014 2059 1236 2113 multum
1266 2057 1333 2112 de
1368 2060 1469 2112 hac
1498 2056 1685 2112 docet.
1744 2056 1987 2127 Denique
2017 2065 2071 2111 et
2093 2070 2235 2109 nunc

667 2154 903 2221 peiorem
957 2151 1075 2220 ejus
1132 2151 1367 2220 speciem
1422 2156 1633 2219 purgat.
1697 2146 1861 2202 Multa
1912 2147 2056 2201 enim
2111 2154 2237 2201 sunt

670 2242 944 2309 philautite
964 2239 1229 2311 germina.
1261 2238 1457 2309 Opinio
1479 2237 1546 2293 de
1570 2252 1629 2292 se
1655 2252 1873 2308 magna,
1902 2237 2233 2308 arrogantia,

664 2343 719 2390 et
751 2334 928 2389 inanis
960 2332 1146 2403 gloria:
1179 2331 1444 2402 cupiditas
1475 2332 1542 2385 ab
1576 2332 1678 2386 hac
1727 2330 2010 2401 pullulant.
2050 2329 2238 2384 Perni-

662 2426 863 2481 ciosior
894 2438 1073 2478 autem
1114 2424 1370 2479 omnibus
1399 2423 1521 2477 aliis
1556 2432 1638 2477 est
1669 2422 1943 2490 superbia,
1993 2437 2113 2491 qua:
2141 2420 2236 2476 Dei

663 2528 745 2573 est
780 2527 1139 2586 contemptus.
1173 2513 1305 2570 Cum
1341 2515 1483 2569 enim
1512 2514 1635 2583 quis
1673 2528 1777 2567 non
1815 2514 1947 2579 Deo,
1999 2515 2093 2568 sed
2133 2513 2234 2567 sibi

663 2625 759 2664 sua
792 2610 930 2664 bona
966 2622 1129 2677 opera
1163 2608 1372 2673 tribuit,
1423 2606 1552 2677 quid
1606 2607 1708 2661 hoc
1747 2604 1892 2659 aliud
1944 2620 2102 2675 quant
2139 2621 2235 2659 ne-

663 2716 792 2771 gare
822 2699 987 2756 Deum
1016 2709 1121 2765 est,
1153 2708 1208 2755 et
1237 2701 1287 2755 ei
1331 2698 1645 2754 adversari?
1688 2697 1803 2753 Hoc
1833 2698 1997 2766 igitur
2026 2699 2233 2764 vitium,

662 2793 753 2848 cui
787 2792 1048 2847 Dominus
1102 2791 1176 2845 ita
1208 2792 1551 2855 adversatur,
1596 2796 1654 2843 ut
1698 2788 1949 2842 inimicus
1993 2788 2236 2858 inimico,

562 2932 563 2935 η
659 2889 769 2942 hac
794 2887 1049 2956 parabola
1077 2884 1333 2940 medicari
1363 2882 1629 2953 Dominus
1655 2880 1984 2936 declaratur.
2010 2879 2241 2948 Propter

666 2984 768 3035 hoc
796 2980 940 3034 enim
974 2978 1119 3047 quod
1150 2974 1435 3031 conﬁdunt
1484 2974 1540 3028 in
1568 2974 1786 3043 seipsis,
1824 2981 1879 3026 et
1925 2986 2034 3027 non
2070 2980 2237 3025 totum

667 3076 775 3129 Deo
823 3072 1095 3136 tribuunt,
1127 3071 1222 3125 sed
1262 3070 1397 3124 alios
1426 3083 1521 3138 per
1565 3067 1668 3123 hoc
1711 3065 2070 3130 exinaniunt,
2126 3066 2240 3118 hazc

664 3164 797 3219 dicit
832 3175 925 3218 :et
953 3162 1191 3218 ostendit
1217 3160 1359 3230 quod
1398 3160 1629 3230 iustitia,
1655 3160 1902 3230 quamvis
1931 3158 2129 3228 alioqui
2169 3157 2239 3211 sit

665 3255 962 3319 mirabilis,
1007 3266 1059 3307 et
1090 3254 1362 3308 hominem
1417 3252 1527 3307 Deo
1574 3252 1880 3320 proximum
1924 3251 2238 3311 constituat,
2267 3251 2307 3270 “

664 3364 789 3403 cum
819 3345 1127 3418 superbiam
1160 3345 1483 3408 admiserit,
1528 3344 1805 3399 hominem
1849 3344 1901 3398 in
1950 3344 2128 3398 locum
2156 3343 2241 3395 iu-

667 3444 850 3498 limum
887 3439 1117 3507 rejiciat,
1162 3447 1218 3493 et
1258 3440 1556 3493 daemonem
1612 3437 1824 3505 reddat,
1873 3438 1965 3506 qui
2008 3435 2119 3503 jam
2183 3448 2242 3489 se

666 3534 930 3604 aequalem
967 3533 1077 3587 Deo
1120 3529 1344 3586 iecerat.
1399 3528 1606 3584 Similia
1660 3529 1845 3599 itaque
1899 3538 2027 3583 sunt
2078 3528 2241 3583 verba

666 3625 925 3681 Pharisaei
957 3624 1025 3679 ab
1056 3624 1233 3690 initio,
1265 3627 1404 3695 grati
1434 3622 1671 3677 hominis
1704 3622 2069 3679 sermonibus.
2106 3620 2245 3676 Gra-

669 3719 769 3773 tias
794 3720 935 3771 enim
962 3716 1135 3772 habeo
1163 3714 1281 3778 tibi,
1310 3715 1505 3782 inquit,
1535 3714 1674 3769 Deus
1700 3729 1715 3778 ;
1739 3723 1795 3766 at
1819 3721 2012 3767 extera
2040 3722 2240 3780 quanta

671 3809 867 3863 referta
898 3816 1031 3879 sunt
1059 3805 1399 3877 arrogantia!
1437 3802 1602 3874 5,35
1633 3802 1746 3857 Non
1776 3804 1921 3857 enim
1954 3803 2107 3866 dixit,
2143 3800 2243 3855 Fe-

670 3900 792 3953 cisti
820 3912 907 3954 me
954 3883 1228 3952 abstinere
1259 3897 1325 3949 ab
1377 3895 1636 3961 iniustitia
1663 3934 1677 3959 ,
1706 3903 1761 3946 et
1789 3907 1817 3945 a
1848 3894 2033 3961 rapina
2083 3906 2098 3943 :
2148 3891 2242 3945 sed

668 3990 973 4060 quomodo?
1010 3988 1125 4043 Non
1156 4004 1298 4043 sont.
1336 3986 1557 4057 Sibitpsi
1580 3985 1828 4039 attribuit
1858 3987 2052 4038 bonum
2084 3998 2241 4052 opus,

669 4096 719 4138 et
755 4097 855 4138 suo
908 4082 1111 4137 robori.
1146 4081 1217 4134 At
1249 4080 1384 4135 alios
1408 4079 1655 4147 judicare
1696 4076 1972 4147 quomodo
2011 4086 2095 4131 est
2141 4075 2242 4129 ho-

672 4178 830 4232 minis
858 4177 1081 4234 scientia
1108 4176 1253 4246 quod
1288 4192 1317 4230 a
1351 4175 1461 4231 Deo
1500 4176 1701 4230 habeat
1731 4188 1853 4245 qua
1886 4171 2085 4229 habet?
2115 4170 2241 4226 0m-

672 4273 798 4327 nino
824 4271 967 4325 enim
1003 4269 1050 4325 si
1082 4267 1404 4324 credidisset
1455 4268 1598 4338 quod
1630 4279 1726 4335 per
1756 4266 1984 4337 gratiam
2018 4264 2243 4320 haberet

674 4364 845 4416 aliena
888 4364 1047 4426 bona,
1085 4374 1189 4415 non
1230 4359 1647 4428 contempsisset
1688 4358 1845 4418 alios.
1892 4355 2243 4411 considerans

672 4456 813 4523 quod
862 4454 1027 4508 etiam
1076 4453 1189 4521 ipse
1227 4465 1380 4521 atque
1424 4450 1597 4504 nudus
1642 4458 1808 4512 esset,
1865 4457 2125 4518 quantum
2176 4448 2243 4499 ad

2333 1964 2452 2028 νίας
2492 1964 2660 2030 πάθος
2694 1963 3037 2036 ἐκκαθαίρων
3088 1965 3176 2019 διὰ
3206 1964 3491 2018 πλειόνων.
3557 1964 3785 2034 Ἐπειδὴ
3816 1965 3924 2033 γὰρ

2336 2059 2497 2112 πλέον
2545 2059 2652 2112 τῶν
2699 2059 2874 2113 ἄλλων
2909 2058 3099 2111 παθῶν
3130 2058 3340 2128 ἐνοχλεί
3374 2061 3496 2120 ταῖς
3552 2057 3925 2128 ἀνθρωπίναις

2334 2149 2707 2220 mammia
2739 2149 2900 2202 τοῦτο
2930 2147 3200 2219 πολλαχοῦ
3220 2149 3315 2202 καὶ
3343 2147 3609 2211 πολλάκις
3646 2149 3779 2217 περὶ
3803 2147 3924 2201 τού-

2334 2260 2427 2296 του
2454 2242 2714 2296 διδάσκει.
2743 2241 2962 2311 Ἀμέλει
2998 2242 3093 2296 καὶ
3126 2240 3221 2295 νῦν
3250 2241 3311 2294 τὸ
3344 2242 3525 2311 χεῖρον
3552 2234 3693 2304 εἶδος
3720 2240 3923 2309 ταύτης

2336 2334 2675 2408 ἐκκαθαίρει.
2712 2334 2887 2389 Πολλὰ
2941 2336 3049 2407 γὰρ
3108 2335 3176 2389 τὰ
3209 2336 3309 2405 τῆς
3344 2333 3636 2405 φιλαυτίας
3687 2333 3923 2405 βλαστήο

2337 2446 2501 2499 ματα.
2532 2428 2641 2481 Καὶ
2671 2428 2777 2499 γὰρ
2806 2428 2898 2481 καὶ
2924 2428 3123 2497 οῐησις,
3154 2428 3249 2482 καὶ
3278 2426 3582 2491 ἁλαζωνεία
3604 2466 3621 2491 ,
3649 2424 3746 2478 καὶ
3773 2441 3925 2477 κενο-

2334 2520 2485 2588 δοξία
2514 2522 2579 2575 ὲκ
2608 2519 2809 2591 ταύτης
2844 2518 3090 2590 φύονται.
3138 2517 3564 2590 Ὀλεθριώτερον
3607 2517 3669 2570 δὲ
3703 2517 3923 2571 πάντων

2335 2615 2368 2683 ὴ
2391 2612 2761 2683 ὑπερηφανία,
2796 2612 3146 2683 ὑπερηφανία
3191 2612 3249 2665 δέ
3275 2614 3424 2665 ἐστιν
3469 2610 3729 2679 ἀθέτησις
3762 2608 3920 2662 Θεοῦ.

2336 2705 2510 2759 Ὅταν
2532 2706 2640 2776 γάρ
2671 2721 2755 2768 τις
2786 2705 2845 2757 οὐ
2876 2704 2954 2774 τῷ
2985 2704 3125 2772 Θεῷ,
3164 2702 3278 2756 ἀλλ⁹
3314 2700 3496 2771 ἑαυτῷ
3544 2701 3924 2769 ἐπιγράφηται

2335 2798 2404 2851 τὰ
2441 2797 2861 2868 κατορθώματα,
2889 2797 2941 2850 τί
2975 2797 3124 2863 ἄλλο,
3156 2796 3189 2865 ἢ
3220 2794 3451 2866 ἄρνησις
3498 2791 3637 2847 Θεοῦ
3684 2795 3805 2845 ἐστι
3831 2792 3924 2843 καὶ

2336 2890 2606 2945 ἀντιθεϊα.
2636 2889 2809 2943 Τοῦτο
2837 2887 2931 2944 οῦν
2964 2889 3025 2942 τὸ
3057 2888 3231 2950 πάθος
3281 2887 3343 2941 τὸ
3371 2885 3637 2952 ἀντίθεον,
3669 2878 3715 2953 ᾧ
3759 2887 3788 2939 6
3815 2884 3925 2936 Κύ-

2340 3001 2454 3053 ριος
2493 2984 2894 3045 ἀντιτάσσεται,
2920 2981 2996 3045 ώς
3025 2981 3220 3053 ὶχθρδς
3255 2978 3457 3050 ἐχθρῷ,
3487 2978 3578 3033 διὰ
3600 2978 3701 3048 τῆς
3736 2993 3923 3047 παρα-

2339 3070 2502 3140 ϐολῆς
2553 3073 2757 3145 ταύτης
2788 3076 2818 3127 6
2855 3073 3061 3143 Κύριος
3116 3070 3447 3142 θεραπεύειν
3493 3068 3921 3139 ἐπαγγέλλεται.

2341 3162 2438 3214 Διὰ
2459 3163 2566 3233 γὰρ
2591 3165 2717 3226 τοὺς
2752 3164 3080 3227 πεποιθότας
3110 3162 3196 3232 ἐφ’
3231 3164 3467 3226 ἑαυτοῖς,
3507 3162 3603 3215 καὶ⁵
3629 3161 3707 3232 μὴ
3730 3160 3793 3213 τὸ
3816 3161 3924 3214 πᾶν

2340 3251 2458 3320 Θεῷ
2484 3251 2888 3323 λογιζομένους,
2918 3252 3056 3307 ἀλλὰ
3088 3252 3177 3306 διὰ
3225 3250 3385 3311 τοῦτο
3435 3252 3527 3305 καὶ
3570 3252 3699 3314 τοὺς
3730 3250 3924 3314 ἄλλους

2340 3343 2968 3411 ὲξουθενοῦντας,ταῦτά
2988 3361 3147 3416 φησι,
3183 3346 3278 3399 καὶ
3321 3343 3615 3411 δείκνυσιν,
3662 3345 3749 3398 ὅτι
3782 3345 3819 3415 η
3854 3344 3921 3398 διι

2342 3436 2606 3507 καιοσύνη
2627 3435 2801 3491 τᾶλλα
2836 3438 3127 3508 θαυμαστή
3156 3453 3241 3499 τις
3265 3432 3421 3502 οὖσα,
3453 3437 3549 3490 καὶ
3582 3435 3817 3507 πλησίον
3834 3434 3924 3489 τοῦ

2341 3526 2475 3582 Θεοῦ
2504 3528 2594 3581 τὸν
2628 3528 2917 3600 ἄνθρωπον
2947 3529 3173 3596 ίστῶσα,
3221 3530 3351 3583 ὅταν
3399 3529 3501 3599 τὴν
3544 3528 3929 3599 ὑπερηφανίαν

2342 3617 2741 3688 πῳσλάὅηται,
2771 3620 2851 3682 εἰς
2883 3618 2955 3672 τὰ
2978 3616 3269 3673 κατώτατα
3306 3619 3397 3672 τὸν
3428 3618 3720 3690 ἄνθρωπον
3760 3620 3919 3691 ἁπορι

2344 3710 2548 3783 ῥίπτει,
2588 3712 2680 3765 καὶ
2710 3711 2786 3775 ώς
2822 3711 3055 3781 δαίμονα
3080 3716 3224 3765 ποιεί
3256 3712 3350 3766 τὸν
3388 3714 3525 3776 τέως
3552 3714 3767 3766 ἰσόθεον
3796 3730 3926 3785 χρη-

2345 3804 2663 3877 ματίζοντα.
2698 3804 2881 3858 Ἔοικε
2912 3804 3013 3875 μὲν
3038 3802 3131 3860 οὖν
3157 3807 3223 3859 τὰ
3261 3807 3480 3875 ῥήματα
3506 3805 3599 3859 τοῦ
3628 3807 3927 3877 Φαρισαίου

2344 3896 2404 3963 ti
2438 3899 2611 3969 ἀρχῆς
2640 3899 2738 3967 μὲν
2767 3899 3109 3969 εὐγνώμονος
3136 3897 3427 3969 ἀνθρώπου
3458 3898 3660 3967 λόγοις.
3692 3899 3933 3972 Εὑχαρι-

2345 3996 2454 4049 στῶ
2487 4013 2568 4049 σοι
2597 3995 2727 4067 γὰρ,
2756 3995 2940 4067 φησὶν,
2964 3998 2991 4049 6
3020 3995 3176 4061 Θεὸς,
3200 3998 3267 4051 τὰ
3286 3997 3341 4049 δὲ
3372 3995 3568 4066 ἑφεξῆς
3590 3999 3776 4068 πάσης
3799 4000 3934 4051 67:6-

2344 4087 2491 4151 νοίας
2505 4087 2936 4159 πεπληρωμένα.
2961 4088 3035 4142 Οὐ
3059 4091 3167 4157 γὰρ
3194 4086 3375 4156 εἶπεν,
3408 4090 3490 4142 ὅτι
3534 4089 3838 4161 Ἐποίησάς
3867 4105 3931 4159 με

2345 4181 2575 4251 ἀπέχειν
2606 4180 2713 4233 ἀπὸ
2740 4180 2976 4246 ἀδικίας,
3009 4180 3118 4234 ἀπὸ
3146 4180 3424 4253 ἁρπαγῆςο
3466 4180 3605 4235 ἀλλὰ
3634 4182 3792 4248 πῶςς
3818 4182 3933 4236 Οὐκ

2344 4272 2480 4342 είμί.
2536 4270 2747 4342 Ἑαυτῷ
2780 4272 3031 4342 προσῆψε
3060 4272 3121 4325 τὸ
3147 4272 3499 4344 κατόρθωμα,
3534 4275 3629 4328 καὶ
3655 4276 3723 4343 τῇ
3755 4274 3933 4343 οἰκείᾳ

2349 4364 2513 4435 ἰσχύϊ.
2548 4365 2621 4416 Τὸ
2652 4365 2707 4417 δὲ
2738 4363 2980 4427 καὶτοὺς
2999 4364 3190 4428 ἄλλους
3223 4366 3593 4436 κατακρίνειν,
3629 4366 3793 4419 τοῦτο

2346 4458 2494 4509 ἐστιν
2527 4455 2817 4528 ἀνθρώπου
2842 4456 3066 4524 εἰδότος,
3097 4456 3173 4520 ὡς
3205 4458 3359 4529 παρὰ
3384 4458 3519 4512 Θεοῦ
3544 4458 3682 4529 ἔχει,
3709 4458 3747 4512 ἃ
3777 4460 3891 4529 εχει
3917 4478 3931 4526 ;

670 4564 821 4600 suam
855 4546 1108 4599 virtutem
1161 4545 1443 4598 attinebat.
1479 4543 1661 4598 Gratis
1705 4543 1849 4597 enim
1901 4541 2122 4597 indutus
2163 4548 2240 4595 est

2353 4551 2574 4613 Πάντως
2600 4551 2709 4619 γὰρ
2730 4552 2778 4603 εί
2804 4550 3148 4613 ἐπίστευσεν,
3187 4553 3267 4605 ὅτι
3298 4552 3482 4622 χάριτι
3516 4552 3632 4624 εχει
3672 4553 3746 4605 τὰ
3774 4552 3933 4607 612.6-

670 4649 893 4708 propter
928 4636 1359 4691 misericordiam
1398 4652 1409 4688 :
1444 4647 1726 4705 propterea
1764 4638 2029 4704 superbus
2056 4632 2248 4689 Phari-

669 4748 845 4795 scus,
888 4742 1145 4799 tanquam
1188 4728 1423 4798 propriae
1450 4729 1722 4781 ascrihens
1751 4732 2003 4797 porentia:
2033 4744 2094 4782 ea
2126 4743 2245 4798 qua:

675 4826 814 4876 tacta
846 4829 999 4885 sunt,
1035 4820 1162 4877 inde
1200 4836 1265 4875 eo
1299 4836 1621 4891 progressus
1651 4829 1761 4881 est,
1802 4830 1859 4873 ut
1899 4830 1953 4875 et
1983 4821 2119 4875 alios
2160 4822 2246 4891 ju-

672 4916 835 4969 «ticet.
866 4914 1115 4969 Ostendit
1164 4925 1345 4968 autem
1384 4915 1644 4969 Dominus
1673 4923 1727 4969 et
1774 4929 1870 4984 per
1919 4914 2244 4979 stationem,

672 5010 980 5078 superbiam
1029 5009 1177 5078 ejus,
1223 5019 1277 5063 et
1332 5008 1657 5063 humilitatis
1704 5007 1965 5076 inopiam.
2020 5004 2248 5061 Humilis

672 5104 811 5153 enim
843 5100 1050 5155 viriest
1095 5112 1149 5155 et
1174 5113 1423 5169 aSpectus
1480 5101 1809 5163 lmmiliatus,
1844 5100 1929 5154 hic
1957 5112 2135 5153 autem
2194 5110 2249 5151 et

682 5194 864 5247 habitu
884 5205 936 5248 et
968 5204 1118 5263 gestu
1144 5195 1407 5261 superbus
1434 5196 1765 5263 agnoscitur.
1792 5193 2048 5259 Quamvis
2068 5201 2247 5245 autem

674 5296 728 5337 et
762 5269 827 5338 de
856 5287 1139 5351 publicano
1167 5285 1367 5339 dictum
1394 5287 1463 5338 sit
1494 5285 1631 5353 quod
1657 5286 1888 5347 steterit,
1914 5292 2091 5336 tamen
2129 5283 2249 5336 vide

672 5390 725 5430 et
765 5392 883 5445 qua:
926 5388 1248 5445 sequuntur,
1298 5379 1440 5447 quod
1486 5394 1659 5447 neque
1708 5378 1892 5433 oeulos
1960 5378 2011 5430 in
2052 5376 2245 5430 C(elum

677 5470 909 5524 voluerit
940 5470 1232 5537 extollere,
1269 5473 1411 5525 unde
1442 5475 1603 5525 statio
1638 5470 1753 5538 ejus
1797 5476 2075 5525 incurvata
2109 5482 2246 5524 erat.

673 5562 821 5617 ittins
853 5573 1032 5617 autent
1064 5572 1118 5618 et
1142 5566 1281 5619 oculi
1314 5567 1365 5619 in
1393 5566 1588 5621 cmlum
1618 5565 2039 5629 extollebantur,
2076 5574 2129 5620 et
2156 5581 2249 5619 cor

675 5655 833 5709 simul
864 5656 1251 5711 extollebatur.
1282 5658 1414 5713 Vide
1440 5670 1619 5713 autem
1653 5669 1705 5715 et
1752 5660 1803 5713 in
1840 5660 2082 5715 oratione
2109 5660 2249 5714 l’ha-

678 5752 815 5804 ris-xi
842 5752 1107 5817 ordinem,
1147 5754 1275 5821 quid
1308 5753 1505 5806 indicet
1540 5752 1693 5807 nobis
1727 5770 1740 5807 :
1776 5754 2006 5821 primum
2031 5754 2247 5823 quidem

675 5842 813 5895 dixit
852 5858 912 5897 ea
946 5859 1063 5911 qtue
1111 5860 1213 5900 non
1244 5852 1401 5897 erant
1437 5861 1449 5895 :
1482 5856 1535 5897 et
1571 5856 1697 5899 tunc
1742 5847 2078 5899 enumeravit
2131 5859 2249 5915 qua:

2348 4661 2476 4715 τρια
2504 4644 2706 4711 ἀγαθὰ,
2729 4644 2829 4697 οὑκ
2861 4643 2927 4697 ἂν
2952 4644 3079 4707 τοὺς
3110 4643 3305 4708 ἄλλους
3325 4644 3619 4709 ἐξουθένει,
3638 4643 3739 4712 λογ
3766 4642 3934 4713 ξομε-
3956 4632 3957 4635 ¹

2348 4754 2435 4799 νος
2466 4738 2548 4790 ὅτι
2596 4737 2691 4789 καὶ
2730 4736 2895 4799 αὐτὸς
2944 4736 3143 4807 ἐπίσης
3173 4737 3379 4809 γυμνρς
3402 4737 3553 4789 ἔστιν
3578 4736 3703 4790 ὅσον
3733 4739 3829 4791 ἐπὶ
3868 4740 3931 4809 τῇ

2347 4830 2527 4900 οἰκεία
2557 4828 2807 4897 δυνάμει,
2859 4828 3069 4901 δωρεὰν
3107 4828 3165 4881 δὲ
3216 4826 3471 4899 ἑνεδύθη⁸
3499 4826 3587 4882 διὰ
3616 4828 3791 4882 ιλεον.
3836 4834 3935 4882 Διέι

2350 4920 2507 4973 τοῦτο
2539 4921 2886 4992 ὑπερήφανος
2920 4923 2947 4973 6
2975 4921 3288 4990 Φαρισαῖος,
3310 4920 3385 4983 ώς
3416 4921 3596 4992 οἰκείᾳ
3627 4919 3777 4990 ίσχύῐ
3807 4923 3934 4975 ἑπι-

2348 5012 2575 5083 γράφων
2605 5012 2673 5065 τὰ
2706 5012 3049 5082 είργασμένα
3068 5028 3081 5041 ·
3116 5012 3411 5066 κάντεῦθεν
3446 5014 3667 5083 ὑπήχθη
3692 5015 3788 5067 καὶ
3810 5016 3935 5075 τοὺς

2349 5105 2545 5167 ἄλλους
2603 5105 2978 5175 κατακρίνειν.
3043 5104 3505 5175 Ἐπισημαίνεται
3549 5106 3608 5159 δι
3646 5108 3676 5159 6
3726 5108 3933 5179 Κύριος

2350 5198 2446 5249 καὶ
2479 5197 2569 5249 διὰ
2596 5196 2714 5261 τοῦ,
2747 5197 2992 5261 Σταθεὶς,
3020 5197 3080 5249 τὸ
3131 5197 3442 5269 ὑψηλόφρον
3472 5196 3638 5251 αὑτοῦ
3671 5198 3771 5251 καὶ
3797 5201 3933 5251 ἀτα-

2351 5290 2637 5343 πείνωτινσ
2665 5290 2758 5342 τοῦ
2798 5289 2898 5359 μὲν
2932 5290 3043 5361 γὰρ
3064 5290 3485 5360 ταπεινόφρονος
3517 5290 3614 5343 καὶ
3638 5291 3700 5343 τὸ
3722 5290 3933 5362 ὁρώμε-

2352 5398 2441 5433 νον
2473 5380 2747 5447 ταπεινὸν,
2780 5374 2934 5444 οὗτος
2963 5381 3019 5434 δὲ
3051 5382 3146 5435 καὶ
3192 5381 3270 5451 τῷ
3314 5383 3555 5452 σχήματι
3593 5382 3932 5454 σοὸαρότητα

2355 5473 2726 5527 ἐπεδείκνυτο.
2763 5474 2825 5526 Ei
2851 5474 2908 5527 δὲ
2938 5475 3034 5527 καὶ
3080 5476 3208 5545 περὶ
3240 5473 3334 5527 τοῦ
3368 5475 3601 5527 τελώνου
3629 5476 3848 5545 εἴρηται
3876 5478 3933 5528 τὸ

2351 5565 2565 5631 ἑστὼς,
2592 5565 2706 5617 ἀλλ’
2728 5566 2827 5637 ὅρα
2849 5566 3019 5619 καὶτὸ
3041 5566 3237 5637 ἐφεξῆς
3270 5606 3285 5631 ,
3314 5568 3394 5619 ὅτι
3422 5567 3541 5620 οὑδὲ
3565 5568 3695 5631 τοὺς
3720 5568 3923 5637 ὀφθαλ-

2356 5662 2489 5731 μοὺς
2523 5663 2715 5732 ἢθελεν
2743 5666 2821 5725 εἰς
2853 5664 2946 5715 τὸν
2983 5663 3210 5731 οὐρανὸν
3239 5663 3466 5732 ἐπᾶραι,
3502 5660 3647 5715 ὥστε
3678 5664 3711 5731 η
3744 5663 3931 5725 στάσις

2353 5752 2504 5822 αὑτῴ
2539 5756 2915 5822 συγκεκυφυῖα
2942 5749 3032 5823 ἦν.
3078 5754 3319 5806 Ἐκείνου
3341 5742 3398 5806 δὲ
3434 5754 3530 5806 καὶ
3577 5754 3627 5809 οἱ
3664 5751 3932 5822 ὀφθαλμώ

2356 5846 2435 5908 είς
2463 5846 2555 5900 τὸν
2577 5846 2806 5917 οὐρανὸν
2820 5845 3091 5917 ὲπῂροντο
3116 5885 3130 5911 ,
3156 5849 3248 5900 καὶ
3276 5848 3340 5917 τῇ
3362 5845 3559 5916 καρδίᾳ
3581 5844 3929 5914 συνυςροῦντο.
