4100 6334
128 422 289 487 1005

830 424 1279 488 ΕΝΑΗΒΑΤΙΟ
1316 425 1400 485 1N
1439 419 1738 487 EVANGE

1844 416 1949 481 UM
1984 423 2222 488 LUCE.
2264 449 2337 462 -·
2369 425 2529 488 CAP.
2582 425 2809 495 XVHI.

3326 431 3468 501 1006

121 537 290 609 Ὅρα
324 537 382 591 δέ
414 538 522 593 κάν
544 539 610 609 τῇ
642 537 733 592 τοῦ
758 538 1059 609 Φαρισαίου
1085 539 1220 612 εὐχῇ
1241 538 1395 606 τάξιν
1424 537 1738 593 ὑποδεικνυ·

1860 547 2040 591 erant.
2079 538 2228 595 Dixit
2261 540 2406 595 enim
2446 556 2462 595 :
2498 539 2615 597 Non
2644 556 2767 598 sum
2795 540 2939 602 sicut
2970 542 3129 599 multi
3156 542 3466 617 hominum,

125 631 324 700 μένην
369 632 527 703 ἡμῖν.
593 632 868 703 Πρότερον
899 632 1006 705 γὰρ
1037 628 1195 687 εἶπεν
1238 630 1276 687 ἀ
1331 633 1433 686 οὐκ
1473 632 1617 698 ἐστι,
1655 630 1753 684 καὶ

120 724 261 776 τότε
324 721 617 789 κατέλεξεν
647 723 683 778 ἂ
728 724 899 779 ἔστιν.
960 724 1148 779 Εἰπὼν
1184 724 1314 795 γὰρ,
1345 724 1470 779 Ὀτι
1496 725 1599 778 οὐκ
1634 724 1763 793 εἰμὶ-

118 811 205 875 ὦς
230 815 287 867 οἱ
344 813 530 867 πολλοὶ
568 815 681 869 τῶν
730 816 1041 887 ἀνθρώπων
1085 816 1213 871 τάδε
1246 817 1344 871 καὶ
1400 816 1550 885 τάδε,
1578 832 1750 887 προσ-

121 905 312 975 έθηκε
344 907 443 960 καὶ
463 906 533 961 τὰ
557 908 655 979 τῆς
680 910 910 982 ἀρετῆς,
941 911 1004 965 τὸ
1034 911 1325 983 νηστεύειν
1359 910 1444 975 δὶς
1486 910 1582 965 τοῦ
1610 912 1751 966 Σαϐ-

122 998 338 1061 ϐάτου.
372 999 469 1053 καὶ
498 1000 561 1055 τὸ
581 1002 959 1057 ἀπώεκατοῦν
987 1004 1092 1058 ὅσα
1131 1007 1353 1059 κτᾶται.
1394 1006 1489 1059 Δεῖ
1525 1004 1636 1076 γὰρ
1671 1006 1748 1077 μὴ

122 1091 422 1146 ἐκκλίνειν
456 1093 616 1164 μόνον
647 1095 759 1148 ἀπὸ
789 1094 989 1157 κακοῦ,
1018 1096 1154 1151 ἀλλά
1188 1097 1283 1151 καὶ
1311 1099 1490 1152 ποιεῖν
1518 1089 1753 1168 ἀγαθόν.

119 1186 247 1240 Καὶ
293 1188 565 1260 πρότερον
606 1189 689 1243 δεῖ
719 1189 1061 1262 ἀποσχέσθαι
1086 1192 1186 1263 τῆς
1216 1192 1449 1256 κακίας.
1487 1195 1584 1248 καὶ
1622 1193 1747 1248 τότε

120 1281 194 1350 τῇ
230 1280 412 1353 ἀρετῇ
442 1282 819 1354 ἐπιχειρῆσαι,
846 1282 1038 1356 ὥσπερ
1067 1281 1161 1340 οὖν
1194 1287 1290 1340 καὶ
1335 1286 1520 1358 πηγῆς
1552 1285 1747 1357 βορϐο-

126 1372 422 1445 ρωθείσης
455 1374 610 1454 ὕδωρ*
636 1375 855 1447 μέλλων
890 1378 1287 1448 ἀπαρύσασθαι
1311 1380 1577 1453 καθαρὸν,
1614 1382 1749 1454 πρός

119 1481 301 1535 τερον
335 1450 648 1539 ἐκκάθαρον
698 1468 794 1523 τδν
850 1469 1141 1543 βόρϐορον,
1174 1474 1272 1527 καὶ
1319 1450 1749 1549 τότενάρύσῃ-τὸ

125 1558 410 1631 καθαρόν.
441 1559 553 1615 Καὶ
584 1562 746 1616 τοῦτο
782 1563 841 1619 δὲ
871 1564 1272 1637 ἐπισκόπησον,
1294 1567 1412 1632 πῶς
1439 1568 1541 1621 οὐκ
1567 1564 1745 1638 εἶπεν,

127 1652 220 1705 ὅτι
258 1654 367 1705 οὐκ
404 1654 525 1724 είμὶ
545 1654 622 1718 ὠς
657 1656 706 1708 οἱ
744 1655 956 1721 πολλοὶ,
990 1657 1201 1729 ἅρπαξ,
1247 1659 1460 1730 μοιχὸς,
1493 1660 1748 1734 οὐδὲγὰρ

124 1745 472 1813 κατεδέξατο
505 1749 640 1820 ἀχρι
664 1750 759 1804 καὶ
784 1751 1221 1823 ρήματοςνψιλοῦ
1263 1753 1436 1825 ὄνομα
1456 1754 1747 1827 διαϐεϐληο

129 1836 309 1907 μένον
371 1838 450 1909 τῷ
508 1841 705 1896 ἑαυτοῦ
759 1843 1043 1917 προσώπῳ
1094 1846 1405 1917 μοναδικῶς
1439 1848 1742 1920 προσάψαι,

126 1928 281 1983 ἀλλά
326 1930 713 2001 πληθυντικῶς
764 1937 880 2000 τοῖς
932 1935 1145 2002 λοιποῖς
1206 1938 1522 2011 ἀνθρώποις
1567 1938 1746 1996 ταῦτα

130 2024 539 2095 προσέρριψεν.
569 2026 758 2081 Εἰπὼν
804 2028 862 2083 δὲ
914 2029 1037 2084 Ὀτι
1069 2032 1171 2084 οὐκ
1203 2033 1322 2103 εἰμὶ
1352 2033 1429 2097 ὼς
1465 2035 1513 2086 οἱ
1542 2034 1741 2103 λοιποὶ,

130 2114 418 2189 ἀντέθηκε
476 2117 657 2191 τούτῳ
697 2120 777 2187 τὸ,
837 2122 1107 2195 Νηστεύω
1156 2125 1241 2189 δὶς
1291 2126 1387 2180 τοῦ
1435 2127 1740 2194 Σαϐϐἀτου,

127 2207 413 2276 τουτέστι,
468 2209 725 2285 δεύτερον
749 2215 850 2287 τῆς
901 2215 1221 2289 ἑϐδομάδος.
1259 2220 1542 2276 Σάϐϐατω
1570 2222 1681 2296 γὰρ
1708 2224 1741 2294 ἡ

132 2298 384 2370 ἑϐδομὰς
425 2302 664 2373 ἐλέγετο,
690 2306 798 2360 ἀπδ
830 2307 931 2380 τῆς
953 2306 1283 2376 τελευταίας
1308 2313 1405 2366 καὶ
1432 2314 1743 2368 ἀναπαυσί-

131 2408 245 2461 μου
274 2395 489 2464 ἡμέρας
512 2396 917 2471 ὀνομαζομένη.
951 2400 1169 2457 Σαϐϐὰτ
1196 2404 1305 2475 γάρ
1335 2406 1368 2477 ή
1400 2406 1739 2473 ἀνάπαυσις,

127 2485 231 2538 καὶ
270 2486 527 2543 Σάϐϐατα
554 2490 611 2545 δὲ
650 2492 752 2564 τὴν
784 2493 1060 2565 ἑϐδομάδα
1106 2495 1299 2566 ἔλεγον
1329 2499 1739 2571 πληθυντικῶς.

130 2577 309 2632 Ὅθεν
341 2583 435 2633 καὶ
473 2584 604 2652 μίαν
649 2585 949 2642 Σαϐϐάτων
982 2589 1084 2658 τὴν
1110 2591 1340 2663 πρώτην
1382 2595 1601 2667 ἡμέραν
1639 2599 1743 2664 τῆς

129 2667 436 2753 ἑϐδομάδος
485 2674 584 2747 τὴν
634 2679 767 2749 παρ’
798 2680 933 2751 ἡμῖν
986 2684 1279 2756 Κυριακὴν
1302 2687 1556 2742 ἐκάλουν·
1587 2691 1742 2762 παρά

128 2760 249 2832 γάρ
288 2763 567 2835 Ἑϐραίοις
597 2768 659 2822 τὸ
696 2771 828 2839 μίαν
855 2774 1055 2828 ταυτὸν
1084 2778 1345 2847 σημαίνει
1378 2779 1456 2852 τῷ
1490 2760 1737 2855 πρώτην.

138 2853 338 2919 Ὀντος
366 2860 460 2911 καὶ
489 2860 681 2932 ἐτέρου
706 2862 870 2932 λόγου
903 2866 1231 2940 βαθυτέρου·
1255 2872 1394 2942 πρὸς
1425 2874 1525 2944 μέν
1550 2872 1645 2929 οὖν
1672 2853 1742 2930 τὸ

129 2948 237 3016 τῆς
263 2951 510 3019 μοιχείας
541 2954 712 3016 πάθος
742 2956 843 3027 τὴν
888 2960 1145 3030 νηστείαν
1185 2964 1737 3038 ἀντηλαζωνεύσατο,

132 3043 233 3094 καὶ
256 3040 367 3109 γὰρ
407 3045 515 3098 ἀπὸ
537 3048 751 3120 τρυφῆς
782 3051 817 3121 ὴ
842 3050 1095 3121 λαγνεία,
1140 3056 1306 3140 αὐτὸς
1353 3059 1455 3128 μὲν
1484 3060 1546 3114 τὸ
1574 3061 1740 3133 σῶμα

130 3129 225 3183 διὰ
258 3135 517 3203 νηστείας
543 3136 751 3208 ἄγχων,
786 3141 923 3195 πολὺ
955 3144 1153 3217 ἀπεῖχε
1182 3130 1292 3202 τῶν
1336 3151 1597 3209 τοιούτων
1624 3129 1736 3209 πα·-

1856 628 1945 683 illa
1974 642 2027 685 et
2057 632 2144 689 illa
2169 674 2184 697 ,
2219 634 2419 690 deinde
2468 637 2727 706 apposuit
2752 650 2874 707 quae
2928 636 3152 696 virtutis
3188 654 3378 710 erant,
3412 655 3474 701 ut

1850 720 2103 791 jejunare
2134 726 2216 781 his
2249 726 2302 781 in
2338 726 2605 794 Sabbato,
2638 737 2696 784 et
2727 728 2974 786 decimas
3012 731 3146 788 dare
3187 731 3258 788 de
3291 736 3471 791 omni-

1856 816 1956 869 bus
1987 832 2109 886 qnae
2170 819 2507 888 possidebat.
2547 818 2778 892 Oportet
2808 824 2957 877 enim
3006 839 3115 879 non
3149 826 3325 883 solum
3369 830 3471 886 de-

1853 906 2063 964 clinare
2085 924 2117 965 a
2145 909 2309 977 malo,
2341 912 2436 968 sed
2459 922 2516 969 et
2546 912 2733 969 facere
2756 913 2989 971 bonum.
3024 914 3092 972 Et
3122 918 3277 989 prius
3304 934 3473 992 opor-

1855 1003 1932 1051 tet
1957 997 2228 1055 absistere
2260 1015 2290 1055 a
2321 1001 2468 1058 malo
2492 1042 2508 1069 ,
2556 1010 2613 1058 et
2661 1013 2851 1073 postea
2883 1007 3149 1063 virtutem
3194 1011 3416 1084 aggredi
3449 1030 3466 1068 :

1851 1089 2315 1158 quemadmodum
2368 1104 2423 1149 et
2479 1095 2535 1150 in
2586 1093 2741 1173 fonte
2777 1095 2981 1164 lutoso,
3032 1109 3092 1153 ut
3131 1114 3276 1171 aqua
3329 1118 3467 1175 pura

1853 1179 2077 1249 deﬂuat,
2121 1183 2275 1253 prius
2324 1186 2499 1241 lutum
2533 1190 2973 1261 expurgandum,
3012 1204 3069 1247 ut
3098 1192 3327 1252 haurias
3361 1211 3467 1266 pu-

1853 1289 1969 1327 ram
1997 1290 2220 1344 aquam.
2252 1278 2555 1336 Considera
2586 1274 2773 1338 autem
2805 1293 2861 1339 et
2889 1284 3015 1351 hoc,
3048 1285 3327 1356 quomOdo
3356 1304 3468 1347 non

1854 1368 2155 1440 arripuerit
2216 1387 2447 1442 parvum
2485 1375 2752 1443 verbum,
2810 1386 2870 1432 ut
2920 1378 3187 1450 singulari
3245 1382 3470 1441 nomine

1851 1461 2063 1517 diceret
2097 1502 2113 1529 ,
2149 1464 2247 1520 sed
2276 1450 2470 1536 plurali
2509 1483 2742 1525 numero
2772 1469 2827 1525 in
2870 1471 3072 1529 multos
3111 1474 3228 1531 hac
3257 1491 3469 1547 expue-

1854 1552 1923 1606 rit
1950 1595 1964 1620 ,
1994 1555 2228 1613 dicendo
2256 1576 2272 1618 :
2299 1557 2454 1625 Quod
2489 1574 2596 1624 non
2625 1577 2746 1617 sum
2780 1561 2923 1619 sicut
2954 1566 3161 1621 caeteri.
3193 1567 3330 1625 Cum
3372 1585 3472 1626 au-

1854 1654 1961 1701 tem
1993 1648 2261 1721 dixisset,
2297 1649 2416 1708 Non
2457 1667 2576 1708 sum
2625 1655 2774 1711 sicut
2817 1659 2999 1715 caeteri
3024 1703 3039 1726 ,
3084 1662 3339 1731 apposuit
3364 1704 3377 1727 ,
3410 1674 3470 1721 et

1853 1740 2033 1795 dixit:
2067 1738 2268 1813 Jejuno
2294 1742 2381 1800 bis
2429 1744 2485 1801 in
2535 1744 2799 1815 Sabbato,
2841 1748 2944 1807 hoc
2996 1736 3105 1820 est,
3141 1753 3227 1810 bis
3269 1756 3323 1811 in
3365 1755 3467 1813 he-

1851 1831 2142 1892 bdomade.
2166 1837 2467 1895 Sabbatum
2494 1842 2641 1896 enim
2673 1842 2974 1901 hebdomas
3001 1856 3106 1913 est,
3126 1862 3247 1918 quae
3269 1866 3304 1905 a
3335 1865 3469 1907 con-

1854 1928 2221 1984 summatione
2252 1939 2305 1983 et
2333 1931 2522 2000 quieto
2552 1930 2645 1988 die
2683 1933 3022 1991 nominatur.
3056 1938 3265 1994 Sabbat
3292 1940 3465 2007 enim,

1852 2020 2047 2089 quies;
2082 2022 2216 2091 quin
2242 2030 2297 2078 et
2330 2021 2574 2081 Sabbata
2616 2025 3019 2085 bebdomadem
3054 2031 3316 2089 dicebant
3346 2034 3468 2104 plu-

1852 2114 1952 2168 rali
1983 2131 2234 2171 numero.
2276 2116 2437 2174 Unde
2470 2127 2527 2174 et
2576 2135 2742 2175 unam
2774 2121 3171 2192 Sabbatorum,
3226 2128 3465 2197 primam

1849 2208 1993 2264 diem
2023 2209 2404 2277 hebdomadas,
2443 2227 2566 2283 quae
2598 2214 2743 2285 apud
2774 2231 2878 2272 nos
2904 2226 2990 2273 est
3019 2217 3331 2286 Dominica,
3362 2236 3463 2279 vo-

1847 2302 2079 2369 cabant;
2114 2306 2255 2375 apud
2290 2307 2554 2364 ﬂabra-os
2580 2294 2727 2365 enim
2763 2325 2933 2366 unum
2957 2321 3013 2368 et
3046 2314 3287 2384 primum
3315 2316 3461 2374 idem

1849 2395 2049 2467 signat.
2084 2395 2181 2453 Est
2212 2407 2268 2454 et
2313 2399 2455 2457 alius
2493 2402 2822 2473 profundior
2853 2419 3075 2475 sermo;
3112 2424 3239 2463 nam
3268 2420 3461 2466 contra

1847 2490 2180 2546 adulterium
2218 2492 2563 2563 gloriabatur
2599 2498 2665 2552 de
2690 2496 2905 2568 jejunio
2940 2512 2956 2555 :
2995 2515 3025 2554 a
3057 2501 3271 2559 deliciis
3312 2505 3461 2561 enim

1846 2586 2171 2653 petulantia.
2221 2586 2339 2657 Ipse
2396 2588 2563 2658 igitur
2626 2606 2835 2663 corpus
2911 2605 3141 2667 propter
3189 2596 3460 2667 jejunium

1846 2692 2230 2749 compescens,
2267 2696 2295 2735 a
2348 2682 2534 2738 multis
2565 2684 2839 2755 ejusmodi
2878 2686 3267 2747 allectionibus
3320 2692 3464 2749 libcr

1846 2780 1982 2829 erat.
2020 2771 2349 2843 Jejunabant
2379 2786 2565 2831 autem
2595 2777 2861 2856 Pharisaei
2889 2784 3129 2837 secunda
3160 2792 3214 2838 et
3241 2785 3459 2854 quinta.

1844 2866 2051 2923 Contra
2090 2871 2335 2938 rapinam
2364 2882 2420 2926 et
2445 2870 2773 2941 injustitiam
2811 2875 3131 2945 proferebat
3178 2879 3457 2935 dationcm

1844 2961 2188 3017 decimarum
2239 2965 2485 3019 omnium
2525 2981 2648 3035 quae
2682 2968 3024 3037 possidebat.
3060 2969 3325 3036 Tantum,
3373 2973 3462 3028 in-

1843 3054 1984 3124 quit,
2018 3057 2336 3113 contrarius
2364 3074 2485 3113 sum
2528 3062 2734 3131 rapina:
2775 3071 2832 3117 et
2866 3061 3168 3134 injustitim,
3199 3074 3257 3120 ut
3292 3068 3459 3122 etiam

1842 3162 1965 3216 qua:
2006 3163 2125 3203 mea
2159 3158 2308 3217 sunt,
2347 3153 2679 3223 expendunt.
2736 3153 3083 3211 Decimarum
3118 3159 3264 3213 enim
3308 3160 3462 3216 datio

131 3221 267 3277 θῶν.
316 3226 639 3299 Ἐνήστευον
670 3232 716 3285 δ’
751 3233 862 3304 ἄρα
900 3237 950 3289 οί
986 3240 1273 3310 Φαρισαῖοι
1312 3243 1599 3318 δευτέραν,
1642 3250 1737 3303 καὶ
1765 3274 1809 3334 c
1846 3241 2066 3297 "idem?
2116 3221 2444 3313 qnibi'Sda'l'
2488 3248 2816 3320 δῖηιυίίείίεΐ
2864 3250 3029 3323 435
3074 3264 3131 3309 ει
3181 3256 3353 3310 semel
3392 3258 3462 3313 de

132 3318 578 3393 πέμπτηνᾟρδς
608 3324 664 3379 δὲ
687 3327 774 3397 τὸ,
805 3329 1091 3401 ’Δρπιγες
1113 3337 1209 3389 καὶ
1240 3335 1440 3405 ἄδικοι,
1472 3341 1737 3410 ἀντέταξε

1844 3334 1962 3407 lege
1994 3338 2284 3406 praedicari
2321 3357 2335 3394 :
2370 3339 2456 3395 his
2489 3318 2673 3397 autem
2712 3345 2805 3413 qui
2832 3318 3163 3415 prbiubdius
3205 3360 3462 3406 scrutan-

126 3408 213 3475 τὸ,
256 3412 606 3471 Ἀποδεκατῶ
629 3420 731 3473 ὅσα
780 3422 1042 3493 κτῶμαι·
1076 3429 1332 3483 τοσοῦτον
1378 3431 1508 3504 γὰρ,
1544 3408 1733 3505 φησιν,

129 3501 488 3578 ἐναντιοῦμαι
543 3514 611 3583 τῇ
664 3514 915 3588 ἁρπαγῇ,
970 3520 1068 3572 καὶ
1098 3521 1309 3593 ἀδικίᾳ,
1366 3501 1507 3578 ὥστε
1546 3501 1641 3581 καὶ
1665 3529 1737 3583 τὰ

128 3594 379 3667 ἐμαυτοῦ
436 3604 799 3677 προσδίδωμι.
870 3609 935 3664 'H
990 3612 1047 3665 δὲ
1102 3613 1408 3681 δεκάτωσις
1432 3618 1585 3672 δοκεῖ
1632 3621 1735 3692 μέν

126 3703 277 3742 τισιν
296 3691 480 3784 ἀπλῶς
502 3697 597 3750 καὶ
620 3697 770 3765 ἀπαξ
796 3704 949 3771 παρά
970 3705 1065 3759 τοῦ
1092 3706 1262 3778 νόμου
1285 3691 1730 3784 διαγορεύεσθαι,

128 3782 249 3879 τοῖς
276 3782 337 3835 δὲ
370 3782 580 3853 βαθέως
626 3792 925 3862 ἐρευνῶσιν
958 3797 1145 3864 αὑτὸν,
1214 3801 1533 3873 εὑρίσκεται
1583 3782 1734 3879 τρεῖς

128 3868 468 3939 δεκατώσεις
492 3880 909 3954 εἰσηγούμενος,
943 3890 1036 3942 καὶ
1062 3890 1224 3945 τοῦτο
1253 3895 1317 3947 ἐκ
1341 3896 1436 3950 τοῦ
1468 3900 1733 3970 Δευτερο-

125 3964 323 4035 νομίου
358 3970 582 4044 μαθήσῃ
609 3975 879 4048 ἀκριϐῶς,
905 3983 1207 4057 ἐπιστήσας
1238 3990 1333 4045 τὸν
1360 3992 1506 4048 νοῦν.
1544 3964 1733 4053 Ταύτα

133 4059 239 4125 μὲν
273 4058 368 4113 οὖν
398 4064 425 4114 6
460 4066 777 4137 Φαρισαῖος·
809 4075 837 4124 6
890 4075 947 4128 δὲ
978 4077 1223 4152 τελώνης
1252 4085 1434 4139 πάντα
1471 4088 1541 4141 τά
1578 4092 1734 4146 ἐναν-

124 4153 241 4209 τία.
270 4156 566 4228 Μακρόθεν
593 4163 703 4233 γὰρ
727 4165 917 4221 ἵστατο
951 4173 1045 4225 καὶ
1071 4161 1335 4246 σχήματι,
1359 4181 1457 4235 καὶ
1496 4184 1727 4254 ῥήματι,

124 4248 223 4300 καὶ
260 4252 554 4317 κατανύξει
585 4256 817 4328 καρδίας
848 4263 1111 4333 πάμπολυ
1135 4269 1361 4342 ἀπέχων
1385 4248 1586 4343 αὑτοῦ,
1634 4248 1732 4334 καί

121 4341 181 4393 οὐ
212 4343 363 4412 μόνῳ
383 4345 463 4416 τῷ
489 4350 706 4420 τοπικῷ
733 4353 1066 4427 διαστήματι
1091 4374 1104 4389 ⁶
1144 4364 1272 4429 τούς
1304 4383 1363 4419 τε
1392 4368 1499 4440 γὰρ
1527 4341 1731 4441 ὀίῳθαλ-

124 4435 266 4501 μοὺς
298 4435 477 4505 ᾐδεῖτο
498 4440 579 4504 είς
610 4442 701 4496 τὸν
738 4446 971 4517 οὐρανὸν
1001 4448 1159 4524 ἆραι,
1189 4435 1450 4525 ἀναξίους
1470 4435 1597 4534 ⁷τῆς
1620 4466 1729 4522 τῶν

122 4527 240 4627 ἀνω
292 4530 423 4625 θέας
442 4533 679 4627 ,κρίνων
742 4540 869 4605 τοὺς
898 4544 967 4598 τὰ
993 4544 1094 4616 τῆς
1135 4549 1240 4618 γῆς
1272 4552 1457 4621 ἀγαθὰ
1480 4527 1725 4627 βλέπειν,

1846 3438 1952 3494 tur,
1988 3441 2290 3486 occurrunt
2335 3441 2451 3489 tres
2488 3436 2826 3491 decimarum
2863 3438 3154 3507 «lationes,
3201 3448 3341 3514 quas
3378 3446 3461 3497 in-

1843 3523 2084 3578 troducit
2121 3524 2173 3578 id
2220 3526 2366 3595 quod
2399 3542 2465 3583 ex
2516 3527 2947 3587 Deuteronomio
2977 3534 3183 3600 disces,
3234 3536 3281 3592 si
3334 3538 3463 3592 dili-

1840 3626 2033 3687 genter
2081 3618 2370 3675 intuearis.
2419 3622 2485 3676 Et
2544 3623 2663 3678 haec
2714 3625 2937 3694 quidem
2995 3623 3334 3686 Phariszeus.
3385 3632 3458 3687 At

1839 3708 2167 3778 publicanus
2191 3713 2429 3770 diversa.
2466 3713 2655 3786 Longe
2677 3718 2825 3772 enim
2865 3718 3067 3786 stabat,
3100 3732 3155 3776 et
3188 3725 3455 3793 gestibus,

1838 3809 1894 3853 et
1941 3816 2219 3870 sermone,
2264 3817 2319 3860 et
2380 3809 2806 3877 compunctione
2846 3812 3032 3868 cordis
3071 3814 3318 3871 distabat
3387 3823 3457 3873 ab

1838 3892 1953 3959 illo,
1990 3910 2097 3950 non
2149 3905 2362 3952 tantum
2404 3898 2558 3968 loco;
2612 3902 2909 3959 verebatur
2954 3906 3102 3961 enim
3151 3910 3342 3968 oculos
3400 3914 3457 3969 in

1837 3984 2039 4040 cadum
2106 3988 2387 4059 attollere,
2439 3992 2693 4064 indignos
2758 3996 3018 4066 judicans
3074 4001 3168 4070 qui
3227 4019 3449 4059 sursum

1838 4091 2192 4149 spectarent,
2226 4084 2319 4154 qui
2357 4084 2646 4142 voluerant
2690 4088 2880 4144 videre
2929 4091 3076 4147 bona
3118 4102 3361 4161 terrena,
3399 4107 3454 4151 et

1838 4173 1943 4228 illis
1968 4174 2107 4230 frui.
2144 4178 2212 4230 Et
2261 4179 2540 4248 percussit
2580 4186 2771 4249 pectus
2813 4198 3002 4249 suum,
3031 4200 3130 4241 cor
3162 4189 3450 4257 videlicet,

1835 4278 2063 4337 propter
2086 4267 2278 4323 malas
2305 4270 2696 4339 coxitationes,
2729 4281 2784 4328 et
2832 4282 2896 4329 ut
2921 4276 3128 4332 excitet
3170 4294 3261 4347 qm
3284 4280 3317 4334 (Ι
3350 4298 3397 4335 ο.
3430 4312 3451 4321 -

1833 4358 2156 4425 dormierat,
2180 4358 2314 4415 nihil
2342 4361 2483 4415 aliud
2503 4362 2742 4429 dicebat,
2761 4378 2923 4435 quam
2954 4382 2967 4419 :
2997 4367 3163 4431 Deus,
3183 4373 3452 4442 propitius

1833 4457 1954 4501 esto
1998 4448 2131 4502 mihi
2176 4457 2478 4519 peccaturi.
2518 4453 2754 4523 Propter
2787 4457 2904 4513 haec
2935 4461 3121 4515 omnia
3157 4462 3453 4521 descendit

1828 4537 2164 4607 justiticatus
2196 4542 2247 4597 in
2299 4545 2519 4600 domum
2552 4563 2735 4615 suam,
2771 4550 2946 4620 magis
2995 4568 3159 4622 quam
3194 4556 3305 4613 ille.
3344 4558 3453 4613 lm-

121 4623 221 4677 καὶ
253 4622 599 4697 καρποῦσθαι
625 4630 985 4702 θελήσαντας.
1013 4639 1107 4703 Εἷς
1135 4658 1194 4694 τε
1218 4643 1280 4697 τὸ
1312 4622 1726 4718 στῆθοτςεέαυτού

1844 4634 2073 4690 uumdus
2097 4637 2242 4691 enim
2268 4640 2409 4709 apud
2437 4640 2725 4697 Dominum
2752 4647 2936 4700 omnis
2960 4648 3233 4717 superbus
3257 4655 3447 4718 corde,

121 4710 379 4780 ἔτυπτεν,
416 4716 514 4789 τὴν
539 4720 767 4790 καρδίαν
793 4725 957 4779 οίονεὶ
994 4728 1257 4801 πλήσσων
1302 4710 1445 4808 ὑπὲρ
1482 4710 1591 4793 τῶν
1620 4759 1723 4796 πο-

120 4807 307 4879 νηρῶν
336 4808 744 4884 βουλευμάτων,
776 4820 872 4872 καὶ
902 4824 983 4887 είς
1013 4825 1268 4897 αἴσθησιν
1316 4830 1604 4906 διεγείρων
1634 4832 1725 4891 οἷα

122 4899 627 4971 καθεύδουσαν,καὶ
657 4909 810 4963 οὐδὲν
840 4912 971 4967 ἀλλο
1005 4914 1217 4985 ἔλεγεν,
1240 4920 1296 4989 ἢ,
1337 4899 1580 4992 εοθθεδς,
1608 4927 1722 4983 ιλά-

124 4991 287 5063 σθητί
329 5013 421 5066 μοι
470 4999 549 5070 τῷ
577 5002 909 5077 ἀμαρδωλῷ.
976 5009 1087 5063 Καὶ
1117 5013 1207 5066 διὰ
1232 5016 1437 5069 τούτων
1461 4991 1722 5076 ἁπάντων

120 5086 334 5157 κατέϐη
391 5087 834 5165 δεδικαιωμένος,
874 5099 906 5171 ἦ
943 5102 1172 5170 ἐκεῖνος,
1209 5107 1332 5161 ἀντὶ
1374 5108 1492 5179 τοῦ,
1523 5111 1654 5185 παρ’
1692 5115 1722 5167 ὃ

1834 4736 1889 4782 et
1918 4726 2183 4785 Dominus
2238 4735 2494 4803 superbis
2523 4736 2756 4803 resistit,
2810 4739 3111 4797 humilibus
3142 4753 3323 4799 autem
3358 4748 3451 4801 dat

1833 4822 2067 4891 gratiam
2089 4824 2156 4879 ⁹¹.
2194 4822 2394 4881 Verum
2422 4828 2789 4884 admirabitur
2817 4833 2959 4902 quis,
2993 4836 3273 4905 quomodo
3301 4836 3447 4894 Pha-

1832 4914 2047 4983 risaaus,
2075 4933 2199 4971 cum
2225 4933 2397 4988 pauca
2428 4922 2595 4977 verba
2628 4934 2950 4993 arroganter
2978 4930 3443 4998 pronuntiaverit,

1831 5010 2265 5078 condemnetur;
2290 5010 2394 5068 Job
2418 5025 2598 5070 autem
2626 5012 2748 5071 cuin
2778 5018 2948 5073 multa
2980 5020 3046 5076 de
3070 5036 3129 5077 se
3154 5026 3447 5096 magnifice

1832 5101 1997 5168 dicat,
2057 5109 2391 5163 coronetur?
2442 5108 2596 5177 Quod
2643 5109 2955 5168 Pliariszeus
3014 5115 3237 5184 quidem
3292 5120 3445 5174 nullo

120 5177 333 5281 ἐκεῖνος
352 5196 366 5210 ·
382 5180 719 5257 ’Δκάθαρτος
741 5191 851 5263 γὰρ
872 5195 1024 5266 παρά
1054 5199 1247 5271 Κυρίῳ
1272 5203 1381 5264 πᾶς
1408 5177 1725 5281 ὑψηλοκάρ-

1844 5206 2060 5266 :ogente
2113 5209 2223 5254 stat
2274 5202 2405 5257 talia
2460 5220 2707 5275 nugans,
2757 5216 2814 5260 et
2873 5206 3013 5262 alios
3061 5209 3444 5269 condemnatis

121 5268 257 5337 διος,
281 5273 378 5326 καὶ
406 5274 611 5346 Κύριος
631 5279 1007 5355 ὑπερηφάνοις
1028 5268 1727 5365 ἀντιτάσσεται,ταπεινοῖς

1846 5290 1975 5344 tullo
2012 5308 2110 5345 usu
2142 5304 2372 5364 urgente
2422 5314 2434 5350 :
2474 5295 2577 5351 Job
2631 5312 2761 5355 vero
2817 5304 3197 5369 prementibus
3224 5308 3437 5372 amicis,

120 5361 175 5417 δὲ
205 5364 388 5419 δίδωσι
411 5370 591 5439 χάριν.
638 5374 803 5430 Ἀλλὰ
826 5377 1160 5452 θαυμάσειεν
1193 5387 1259 5441 ἀν
1283 5405 1389 5455 τις,
1421 5361 1541 5456 πῶς
1562 5395 1591 5447 6
1623 5361 1725 5465 μὲν

1844 5396 1881 5440 :t
1908 5386 2128 5456 gravius
2159 5388 2606 5447 incumbentibus
2631 5408 2798 5464 quant
2837 5395 3129 5453 calamitas
3176 5399 3315 5469 ipsa,
3347 5402 3433 5457 di-

121 5457 416 5529 Φαρισαῖος
443 5462 603 5533 ὀλίγα
626 5468 848 5539 ῥήματα
882 5474 1369 5553 μεγαλοφροσύνης
1394 5457 1727 5557 προϊέμενος

1844 5480 2187 5550 :entibusque
2232 5483 2378 5554 quod
2430 5457 2666 5555 [ποριεῖ.
2707 5498 2933 5557 peccata
2972 5489 3062 5544 illa
3098 5492 3171 5545 sit
3202 5508 3435 5563 passus,

122 5554 537 5625 κατακρίνεται,
572 5562 601 5614 6
629 5562 686 5616 δὲ
732 5562 855 5617 ἰὼϐ
888 5566 1189 5638 πάμπολλα
1232 5554 1723 5653 μγαλορῤημονή-

1844 5574 2138 5643 tompulsus
2167 5585 2250 5629 est
2281 5590 2612 5633 enumerare
2643 5593 2740 5634 sua
2774 5596 2966 5651 opera,
3015 5583 3181 5656 idque
3209 5596 3437 5656 propter

123 5662 222 5712 σας
256 5653 654 5723 στεφανοῦται;
697 5658 821 5715 Ὀτι
850 5680 933 5715 τοι
958 5665 986 5717 6
1018 5666 1116 5735 μὲν
1157 5668 1454 5739 Φαρισαῖος
1501 5675 1718 5742 οὐδενὸς

1844 5669 2060 5738 gloriam
2092 5668 2226 5736 Dei,
2279 5686 2350 5727 ne
2382 5672 2593 5728 scilicet
2630 5674 2885 5732 homines
2924 5693 2954 5732 a
2991 5689 3144 5735 recto
3174 5682 3434 5735 virtutum

124 5739 527 5811 ἀναγκάζοντος
559 5750 746 5807 ἵστατο
789 5757 1017 5812 τοιαῦτα
1050 5759 1392 5835 ματαιάζων,
1422 5766 1516 5821 καὶ
1545 5785 1716 5822 κατα-

187 5928 226 5961 ’²
265 5930 458 5988 lPetr.
501 5950 555 6001 v,
586 5934 639 5992 5.

1830 5788 1993 5827 cursu
2026 5770 2365 5826 exciderent.
2397 5766 2531 5823 Nam
2563 5770 2607 5824 si
2637 5784 2961 5841 persuasum
2997 5774 3313 5827 habuissent
3342 5775 3439 5829 ho-
