4100 6334
705 401 721 465 ι
737 402 836 463 ΜΠ

1545 392 2119 459 TlIEOPIlYI.ACTl
2155 387 2566 452 BULGARIE
2632 388 2986 449 ARClllEP.

3839 386 3854 447 l
3868 387 3965 451 338

695 519 868 570 mian
920 522 1133 584 peceata
1169 513 1332 576 fuisse
1365 529 1481 583 qum
1534 513 1731 568 fecerat
1769 510 1903 574 Job,
1937 519 1990 564 et
2039 518 2264 578 prOpter

2369 505 2565 575 κρίνων
2598 504 2837 575 ἑτέρους.
2865 503 3132 572 μηδεμιᾶς
3191 501 3377 574 χρεία;
3428 501 3870 570 κατεπειγούσης
3902 525 3913 535 ·
3939 507 3967 556 6

690 610 788 662 illa
824 623 1057 677 passum,
1095 606 1368 659 cavissrnt
1400 620 1465 659 ne
1497 606 1681 659 eadem
1733 602 2002 664 facerent,
2032 599 2272 670 factique

695 701 919 758 fuissent
937 699 1207 769 hospitum
1234 714 1420 754 osores
1450 714 1567 753 cun:
1588 707 1742 751 antea
1765 695 2152 766 hospitalitatis
2173 694 2272 748 oh-

696 803 978 852 servantes
1000 802 1209 860 essent,
1256 793 1704 847 immisericordes
1723 802 1774 843 et
1808 791 1986 860 injusti
2026 805 2147 844 cmn
2174 789 2269 841 tui-

693 889 1048 944 sericordiam
1087 885 1440 958 eFjustitiam
1476 894 1632 939 antea
1657 885 1912 939 colerent.
1956 882 2080 938 lliec
2126 884 2268 936 enim

692 990 846 1035 erant
876 996 1036 1050 Opera
1062 978 1182 1033 Job.
1219 977 1386 1047 Igitur
1405 993 1473 1031 ne
1491 975 1641 1031 multi
1663 976 1786 1030 inde
1805 973 2271 1028 incommodaren-

682 1082 792 1132 tur,
819 1071 935 1138 (jus
956 1071 1145 1137 gratia,
1185 1070 1318 1122 bona
1349 1082 1510 1137 Opera
1531 1073 1830 1120 enumerat.
1861 1064 1924 1116 Et
1953 1077 2128 1115 causai
2150 1063 2268 1129 qui-

688 1163 808 1218 dem
834 1163 932 1216 Joh
955 1163 1084 1215 tales
1108 1161 1274 1224 fuere,
1297 1168 1353 1214 i-t
1378 1160 1696 1213 nedicatnus
1712 1158 1854 1226 quod
1879 1166 1933 1208 et
1963 1155 2013 1206 in
2047 1153 2125 1206 his
2151 1167 2270 1220 quin

691 1254 1204 1324 graudi'oquentiam
1245 1253 1530 1321 quamdam
1574 1260 1785 1312 sonant,
1823 1248 1996 1301 omnis
2043 1243 2267 1312 refulget

689 1347 983 1402 humilitas.
1005 1344 1134 1411 Quis
1155 1345 1279 1395 mihi
1309 1343 1522 1407 tribuat,
1542 1341 1916 1409 iuquit,utsitn
1943 1341 2092 1404 juxta
2115 1353 2266 1389 men-

687 1455 776 1494 ses
813 1440 1015 1492 dierum
1067 1431 1454 1505 pristinorum,
1508 1434 1724 1502 quando
1775 1433 1914 1486 Deus
1945 1446 2028 1484 me
2076 1441 2265 1483 custo-

688 1529 868 1582 diebat
889 1529 967 1581 "?
1000 1525 1158 1581 Vides
1190 1528 1329 1595 quod
1361 1541 1519 1578 omne
1549 1526 1655 1578 Deo
1684 1523 1971 1589 obtulerit,
2004 1537 2101 1575 nec
2131 1523 2266 1574 alios

687 1625 1041 1688 condemnet,
1071 1621 1162 1674 sed
1190 1622 1301 1688 ipse
1330 1619 1396 1673 ab
1421 1617 1609 1671 amicis
1639 1617 1816 1685 potius
1847 1618 2260 1668 condemnetur.

687 1715 960 1769 Pharisa-o
996 1715 1172 1766 omnia
1205 1713 1257 1763 in
1289 1726 1345 1765 se
1370 1749 1382 1772 ,
1417 1719 1463 1764 et
1505 1724 1608 1763 noo
1653 1711 1704 1763 in
1760 1710 1928 1762 Deum
1965 1706 2219 1760 referenti
2247 1745 2261 1768 ,

686 1816 741 1859 et
774 1805 978 1874 absque
1029 1801 1351 1857 necessitate
1399 1800 1781 1852 eondemnanti
1826 1798 2010 1860 alios,
2071 1796 2263 1849 merito

689 1879 1071 1952 entitlettinatio
1101 1894 1414 1947 ascribitur.
1446 1891 1632 1944 Omnis
1658 1889 1799 1942 enim
1830 1889 1919 1960 qui
1947 1905 2004 1942 se
2040 1889 2258 1951 exaltat,

688 1985 1086 2050 humiliabitur,
1113 1982 1220 2038 Deo
1247 1982 1392 2034 illum
1421 1981 1844 2034 condemnante:
1877 1980 1966 2048 qui
2002 1989 2178 2032 autem
2209 1993 2267 2033 se

687 2079 912 2134 condem
923 2075 1095 2131 nando
1113 2071 1382 2136 humiliat,
1403 2069 1724 2125 exaltabitur
1742 2082 1770 2120 a
1788 2066 1894 2121 Deo
1913 2068 2263 2135 justilit-ante.

691 2174 781 2227 Dic
811 2173 972 2240 igitur
1002 2181 1052 2221 tu
1077 2167 1242 2238 prior,
1267 2165 1460 2234 inquit,
1486 2171 1703 2232 peccata
1725 2170 1905 2226 tua,ut
1926 2159 2263 2229 justiticeris.

2373 597 2428 650 δὲ
2472 594 2590 649 ’1ὼό
2619 595 2726 649 τῶν
2754 593 2922 663 φίλων
2949 593 3366 660 ἀποπνιγόντων
3398 591 3559 645 αὐτὸν
3583 633 3597 653 ,
3642 591 3740 645 καὶ
3779 608 3963 662 φορτι-

2374 689 2610 757 κώτερον
2646 687 2743 757 τῆς
2784 689 3069 757 συμφορᾶς
3116 686 3502 754 ἐπικειμένων,
3544 686 3641 737 καὶ
3700 684 3966 751 λεγόντων

2373 782 2452 834 ὅτι
2488 780 2553 834 δι’
2582 781 2856 850 ἁμαρτίας
2890 779 3063 832 ταῦτα
3097 780 3381 843 πεπόνθει,
3411 777 3739 846 ἡναγκάσθτ.
3774 780 3971 846 ἁπαριο

2373 874 2683 943 θμήσασθαι
2709 873 2778 924 τὰ
2802 872 2979 924 οἰκεῖα
3019 871 3446 942 κατορθώματα,
3485 871 3581 924 καὶ
3633 869 3796 923 τοῦτο
3829 870 3964 941 ὑπὲρ

2372 963 2470 1032 τῆς
2501 961 2649 1025 θείας
2678 962 2856 1030 δόξης,
2889 963 2983 1014 καὶ
3005 961 3095 1014 τοῦ
3131 961 3206 1031 μὴ
3231 964 3530 1032 ἐκκοπῆναι
3559 962 3648 1015 τὸν
3684 963 3775 1016 ἐπ’
3797 963 3962 1032 ἀρετῇ

2371 1055 2478 1108 τῶν
2517 1053 3064 1125 ἁνθρώπωνδρόμον.
3107 1056 3299 1126 Εἰγάρ
3351 1056 3890 1128 ἐπληροφορὴθησαν
3919 1061 3962 1109 οἱ

2371 1150 2666 1220 ἄνθρωποι,
2705 1150 2785 1202 ὅτι
2812 1148 3083 1220 ἁμαρτίαι
3111 1145 3252 1220 ¹ἦσαν
3275 1149 3309 1203 ἃ
3332 1150 3504 1202 ἐποίει
3535 1152 3563 1203 6
3601 1150 3750 1212 Ἰὼϐ,
3782 1152 3879 1204 καὶ
3901 1152 3962 1202 δι’

2371 1243 2551 1294 ἐκεῖνα
2588 1243 2808 1311 πάσχει,
2837 1243 3139 1312 ἀπέσχοντο
3161 1241 3225 1295 ἂν
3250 1241 3345 1294 τοῦ
3380 1243 3444 1295 τὰ
3477 1242 3620 1296 αὐτὰ
3645 1245 3847 1302 ποιεῖν,
3876 1247 3963 1295 καὶ

2370 1333 2551 1386 τοίνυν
2582 1333 2829 1401 ἐγένοντο
2855 1333 2922 1386 ἂν
2961 1335 3233 1403 μισόξενοι
3256 1332 3711 1400 ἁντὶφιλοξένων,
3747 1333 3964 1401 ἀνελεή-

2374 1442 2553 1494 μονες,
2606 1426 2782 1478 ἄδικοι
2823 1428 2945 1480 ἀντὶ
2985 1426 3318 1497 ἐλεημόνων,
3362 1427 3455 1477 καὶ
3486 1426 3736 1478 δικαίων.
3777 1424 3962 1477 Ταῦτα

2370 1516 2477 1586 γὰρ
2507 1511 2646 1586 ἦσαν
2670 1516 2766 1569 τοῦ
2812 1515 2931 1568 Ίὼδ
2955 1515 3025 1568 τὰ
3056 1517 3212 1588 ἔργα.
3251 1517 3370 1570 Ἵνα
3392 1515 3571 1569 τοίνυν
3603 1515 3666 1586 μὶ
3715 1514 3962 1584 βλαϐεῖεν

2369 1607 2576 1670 πολλοὶ,
2599 1606 2791 1660 τούτου
2819 1607 2982 1659 ἕνεκα
3002 1607 3399 1677 ἀπαριθμεῖται
3428 1605 3498 1660 τὰ
3530 1605 3959 1676 κατορθώματα.

2369 1698 2458 1768 Τῷ
2489 1697 2588 1768 μὲν
2621 1694 2715 1751 οὖν
2757 1696 2875 1752 Ἰὼϐ
2899 1690 3058 1750 αὗται
3091 1699 3144 1751 αἱ
3171 1697 3340 1751 αἰτίαι
3373 1709 3385 1725 ·
3416 1697 3501 1750 ἵνα
3563 1697 3638 1766 μὴ
3684 1697 3960 1766 λέγωμεν,

2368 1795 2451 1846 ὅτι
2486 1797 2541 1846 ὲν
2574 1793 2756 1856 αὐτοῖς
2788 1796 2899 1855 τοῖς
2932 1794 3139 1862 ῥήμασι
3164 1796 3273 1855 τοῖς
3296 1793 3509 1845 δοκοῦσι
3553 1792 3960 1862 μεγαληγορίας

2369 1883 2524 1948 εἶναι,
2582 1889 2730 1939 πᾶσα
2764 1887 3241 1958 ταπεινοφροσύνῃ
3297 1887 3592 1955 ἐκλάμπει.
3619 1885 3718 1948 Τίς
3758 1885 3870 1956 γὰρ
3903 1887 3962 1938 ἄν

2374 1992 2440 2045 με
2476 1974 2614 2044 θείη,
2670 1976 2828 2044 φησι,
2881 1975 3023 2026 κατὰ
3057 1977 3199 2044 μῆνα
3231 1976 3454 2046 ἡμερῶν
3486 1976 3592 2027 τῶν
3625 1974 3958 2047 ἔμπροσθεν,

2369 2069 2456 2122 ὅτε
2492 2071 2518 2120 6
2548 2069 2679 2132 Θεός
2713 2086 2778 2138 με
2810 2069 3110 2136 ἐφύλαττεν
3137 2086 3151 2134 ;
3197 2068 3358 2139 Ὁρᾷς
3397 2070 3480 2121 ὅτι
3503 2067 3580 2137 τῷ
3611 2067 3733 2137 Θεῷ
3764 2068 3826 2119 τὸ
3858 2070 3960 2119 πᾶν

2370 2161 2626 2231 ἀνέθηκε,
2670 2163 2765 2214 καὶ
2814 2160 2933 2213 οὐδὲ
2963 2160 3280 2231 κατακρίνει
3320 2161 3560 2230 ἑτέρους,
3592 2160 3730 2214 ἀλλὰ
3764 2162 3961 2231 μᾶλλον

683 2266 1072 2337 κατακρίνεται
1134 2260 1240 2318 ὑπὸ
1292 2261 1398 2313 τῶν
1434 2259 1601 2328 φίλων
1633 2275 1645 2287 ·
1684 2257 1760 2328 τῷ
1792 2257 1847 2310 δὲ
1880 2258 2158 2328 Φαρισαίῳ
2190 2263 2268 2323 εἰς
2311 2260 2504 2315 ἑαυτὸν
2533 2260 2623 2311 καὶ
2651 2257 2726 2329 μὴ
2754 2259 2834 2321 εἰς
2893 2257 3024 2311 Θεὸν
3056 2259 3116 2310 τὸ
3150 2260 3258 2313 πᾶν
3293 2259 3642 2328 άναφέροντι,
3689 2259 3787 2311 καὶ
3843 2260 3962 2329 δίχα

684 2364 932 2430 ἀνάγκης
963 2359 1182 2427 ἐτέρους
1211 2353 1618 2423 κατακρίνοντι,
1670 2351 1896 2413 εἰκότως
1932 2351 1964 2420 ἡ
2016 2351 2343 2420 κατάκρισις
2417 2351 2702 2418 ἐπάγεται.
2749 2351 2865 2412 Πᾶς
2921 2351 3028 2422 γὰρ
3054 2351 3081 2402 6
3109 2349 3257 2420 ὑψῶν
3320 2351 3509 2405 ἑαυτὸν
3550 2351 3962 2423 ταπεινωθήσε.

681 2475 792 2522 ται,
827 2453 930 2508 ὑπὸ
961 2450 1094 2505 Θεοῦ
1130 2446 1595 2516 κατακρινόμενος
1617 2461 1629 2473 ·
1653 2445 1681 2495 6
1707 2443 1761 2496 δὲ
1785 2443 2057 2495 ταπεινῶν
2080 2444 2270 2496 ἑαυτὸν
2319 2447 2384 2516 τῇ
2447 2443 2792 2514 κατακρίσει,
2821 2442 3168 2514 ὑψωθήσεται
3198 2431 3344 2517 παρὰ
3385 2445 3517 2498 Θεοῦ
3558 2446 3960 2518 δικαιούμενον

680 2556 820 2623 Λέγε
858 2551 966 2621 γὰρ
1003 2547 1067 2601 σὺ
1094 2545 1329 2617 πρῶτος,
1385 2543 1542 2613 φησι,
1580 2540 1675 2603 τὰς
1705 2539 1978 2610 ἁμαρτίας
2031 2557 2144 2601 σον,
2181 2541 2264 2592 ἵνα
2306 2541 2623 2611 δικαιωθῇς.

753 2651 918 2707 Vens.
959 2647 1140 2704 15-17.
1181 2661 1202 2695 ι
1260 2641 1569 2695 Allerebaut
1601 2648 1780 2692 autem
1819 2638 1885 2690 a-J
1930 2653 2050 2690 eum
2092 2647 2143 2690 et
2183 2640 2263 2690 in-

686 2749 883 2809 fantes,
925 2753 983 2796 ut
1028 2755 1121 2795 eos
1161 2746 1430 2806 tangeret.
1469 2734 1618 2801 Quod
1657 2747 1778 2789 cum
1825 2733 2065 2785 riderent
2104 2731 2267 2784 disci-

665 2841 821 2912 .puli,
855 2834 1210 2905 increpabant
1236 2831 1372 2884 illos.
1404 2826 1563 2882 Jesus
1593 2837 1774 2879 autem
1805 2839 1926 2878 cum
1958 2824 2077 2878 illus
2108 2824 2173 2877 ad
2210 2841 2268 2879 se

682 2939 953 2994 vocasset,
989 2925 1173 2979 dixit:
1225 2921 1398 2976 Sinite
1444 2933 1643 2988 pueros
1694 2918 1878 2971 venire
1941 2919 2003 2969 ad
2051 2935 2170 2982 me,
2217 2929 2268 2971 ei

684 3023 849 3080 nolite
871 3031 1054 3074 vetare
1075 3029 1191 3080 eos,
1220 3012 1405 3066 talium
1429 3021 1511 3065 est
1534 3012 1674 3064 enim
1701 3025 1925 3078 regnum
1953 3009 2063 3062 Dei.
2093 3012 2268 3062 Amen-

665 3119 804 3172 .dieo
834 3113 1017 3176 vobis,
1055 3110 1361 3180 quicunque
1410 3121 1515 3159 non
1565 3103 1837 3172 acceperit
1887 3117 2108 3170 regnum
2171 3103 2260 3154 ltci

684 3210 846 3266 veluti
881 3221 1032 3277 puer,
1061 3217 1163 3257 non
1199 3199 1425 3254 intrabit
1453 3197 1506 3251 in
1543 3180 1692 3250 illud.
1733 3213 1751 3246 ι
1788 3194 1850 3247 Et
1876 3194 1943 3249 ad
1970 3193 2134 3264 436
2163 3195 2260 3246 hu-

687 3303 969 3360 militatem
1007 3293 1261 3352 conducit
1289 3292 1452 3346 etiam
1491 3293 1591 3344 hoc
1622 3289 1687 3343 de
1719 3288 1899 3357 pueris
1929 3287 2257 3355 exemplum.

683 3395 854 3449 Docet
883 3389 1029 3445 enim
1087 3385 1346 3441 Dominus
1401 3396 1497 3452 per
1539 3380 1657 3434 illos
1703 3379 1930 3432 omnino
1984 3377 2263 3431 humiliter

685 3485 988 3557 agendum,
1025 3487 1081 3534 et
1129 3489 1321 3531 omnes
1363 3471 1755 3541 suscipiendos,
1808 3468 2092 3537 nullosque
2132 3483 2262 3521 οοιι-

687 3573 1026 3632 temnendos.
1076 3564 1331 3635 Discipuli
1364 3564 1504 3618 enim
1539 3562 1818 3631 indignum
1853 3559 2261 3614 arbitrabantur

688 3669 757 3723 ad
788 3669 946 3721 talem
979 3661 1294 3733 Magistrum
1331 3654 1511 3711 oﬂ‘errl
1543 3667 1755 3723 pueros.
1789 3651 1857 3706 Al
1900 3650 1989 3704 ille
2017 3649 2258 3703 ostendit

691 3775 860 3830 usque
905 3758 1039 3810 adto
1075 3750 1387 3810 sectandam
1420 3745 1820 3808 humilitatem,
1854 3754 1911 3798 ut
1961 3742 2122 3797 etiam
2163 3743 2262 3793 mi-

687 3853 824 3909 nimi
860 3864 970 3904 uon
1000 3847 1109 3901 sint
1142 3841 1452 3912 abiiciendi.
1487 3838 1552 3891 Et
1583 3837 1662 3892 sic
1691 3836 1909 3906 quidem
1951 3833 2110 3888 docet
2158 3833 2260 3885 hu-

693 3943 975 4002 mililatcm
1014 3948 1174 4006 opere
1208 3947 1327 3987 suo.
1362 3929 1474 3982 Non
1510 3927 1654 3982 enim
1689 3926 1967 3987 amandat,
2000 3923 2092 3976 sed
2139 3936 2265 3974 sua-

682 4041 829 4091 .viter
867 4030 1207 4101 amplexatur
1236 4021 1492 4076 infantes.
1536 4019 1696 4072 Doret
1723 4023 1901 4068 autent
1929 4023 1983 4066 et
2027 4028 2118 4082 per
2148 4026 2264 4065 ser-

694 4139 939 4190 tuom-in,
997 4118 1140 4190 quod
1195 4127 1419 4184 regnum
1470 4108 1732 4165 caelorum
1790 4112 1876 4160 est
1927 4121 2116 4158 eorum
2174 4103 2264 4173 qui

679 4218 948 4275 similiter
984 4208 1159 4266 allecti
1197 4213 1321 4261 sunt
1351 4209 1408 4257 ut
1456 4199 1628 4272 pueri.
1685 4198 1824 4253 Puer
1859 4211 1967 4252 non
2026 4196 2262 4260 inllatur,

691 4324 868 4380 neque
898 4306 1130 4374 aliquem
1161 4296 1460 4353 contemnit
1488 4311 1502 4346 :
1537 4295 1798 4347 innocens
1845 4300 1927 4344 est
1948 4330 1963 4356 ,
2001 4289 2221 4356 simplex
2248 4327 2263 4352 ,

691 4415 746 4458 et
783 4379 905 4456 cum
934 4395 1081 4451 omni
1123 4389 1471 4460 simplicitate
1500 4397 1674 4454 neque
1707 4386 1757 4436 in
1795 4382 2064 4449 prosperis
2094 4379 2267 4434 cxtol-

690 4496 841 4559 litur,
879 4503 1050 4558 neque
1080 4486 1131 4539 in
1165 4482 1414 4538 tristibus
1438 4477 1720 4546 dejicitur.
1746 4471 1898 4530 Unde
1923 4472 2014 4542 qui
2049 4472 2180 4526 vivit
2212 4473 2265 4526 in

689 4587 837 4642 otnni
871 4581 1196 4644 humilitate,
1227 4574 1570 4644 simplicitate
1606 4578 1659 4624 et
1685 4567 2014 4632 innocentia,
2042 4566 2128 4619 ille
2159 4565 2269 4620 Deo

678 4687 947 4747 acceptus
973 4683 1077 4735 est,
1115 4681 1166 4725 et
1196 4667 1391 4732 accipit
1426 4677 1649 4731 regnum
1682 4660 1776 4714 Dei
1812 4661 1952 4714 sicut
1987 4673 2141 4728 puer,
2170 4657 2271 4713 hoc

694 4781 773 4823 est
813 4765 1065 4826 lideliter,
1120 4759 1322 4825 absque
1363 4754 1484 4807 dolo
1528 4760 1582 4805 et
1624 4750 1958 4803 curiositate.
2005 4748 2270 4803 Curiosus

694 4860 862 4922 enim,
904 4861 956 4908 et
989 4862 1204 4918 semper
1251 4846 1613 4913 interrogans,
1651 4839 1974 4906 Quomodo?
2005 4854 2126 4892 cum
2174 4854 2269 4892 sua

685 4947 1074 5007 incredulitate
1123 4937 1342 5011 peribit,
1397 4945 1446 4989 et
1499 4948 1602 4988 non
1645 4930 1868 4987 intrabit
1920 4933 1971 4985 in
2011 4946 2266 5001 regnum,

694 5043 835 5111 quod
884 5034 1056 5091 noluit
1104 5029 1424 5098 simpliciter
1455 5034 1508 5079 et
1548 5025 1667 5079 sine
1712 5021 2030 5078 curiositate
2062 5031 2115 5076 et
2171 5021 2270 5075 liu-

698 5134 900 5188 tniliter
931 5125 1226 5194 suscipere.
1259 5120 1462 5175 Omnes
1511 5120 1690 5186 itaque
1716 5116 1968 5186 apostoli,
1999 5125 2055 5169 et
2083 5129 2271 5169 omnes

697 5237 922 5295 prorsus
954 5217 1237 5272 credentes
1286 5213 1339 5266 in
1389 5209 1688 5275 Christum,
1744 5217 2009 5263 vocantur
2064 5204 2213 5274 pueri
2252 5222 2266 5258 :

699 5317 841 5368 sicut
872 5321 927 5365 et
952 5309 1066 5378 ipse
1095 5303 1358 5357 Dominus
1386 5298 1655 5369 apostolos
1685 5297 2007 5360 nominavit,
2043 5297 2225 5349 dicens
2253 5312 2266 5348 :

699 5405 884 5468 Pueri,
923 5415 1049 5456 num
1079 5397 1206 5468 quid
1233 5391 1449 5449 obsonii
1488 5391 1693 5446 habetis
1718 5389 1802 5441 “Z'
1853 5387 2135 5458 Sapientes
2168 5402 2270 5441 au.

699 5508 807 5551 tem
855 5490 1154 5564 gentilium,
1190 5484 1514 5555 sapientiam
1548 5481 1600 5535 in
1634 5480 1894 5552 mysterio
1942 5488 2269 5547 quaerentes,

701 5585 846 5656 quod
879 5595 962 5639 est
996 5595 1216 5651 regnum
1258 5579 1386 5643 Dei,
1419 5585 1472 5630 et
1507 5572 1747 5628 nolentes
1775 5571 2023 5640 accipere
2069 5570 2272 5637 absque

707 5674 1155 5735 ratiocinatione,
1189 5672 1383 5726 merito
1410 5667 1614 5722 exclusi
1667 5677 1789 5719 sunt
1823 5665 1888 5718 ab
1940 5664 2039 5717 hoc
2077 5676 2266 5733 regno.

778 5858 822 5891 η
853 5855 951 5912 ,ιυυ
993 5876 1050 5927 ιι,
1085 5861 1137 5928 9,
1178 5862 1228 5914 α.

1311 5862 1356 5892 ’³³
1385 5859 1539 5913 Joau.
1583 5872 1688 5923 xit,
1735 5855 1785 5908 ὅ.

2445 2658 2462 2689 ‹
2501 2637 2847 2708 Προσέφερον
2901 2637 2955 2690 δὲ
3016 2638 3167 2708 αὖτῷ
3201 2639 3292 2692 καὶ
3331 2639 3398 2692 τὰ
3424 2640 3624 2711 βρέφη,
3663 2641 3751 2694 ἵνα
3784 2643 3960 2696 αὐτῶν

2367 2731 2628 2801 ἅπτηται.
2667 2730 2890 2790 Ἰδόντες
2917 2731 2970 2783 δὲ
3004 2733 3051 2783 οί
3076 2733 3338 2804 μαθηταὶ,
3369 2733 3714 2804 ἐπετίμησαν
3755 2737 3954 2800 αὐτοῖς.

2380 2821 2437 2874 '0
2479 2822 2534 2874 δὲ
2588 2821 2799 2890 Ἰησοῖς
2841 2824 3352 2894 προσκαλεσάμενος
3382 2826 3520 2879 αὐτᾶ
3544 2821 3731 2880 εἶπενο
3763 2831 3957 2896 Ἅφετε

2364 2915 2432 2967 τὰ
2464 2914 2650 2967 παιδία
2686 2915 2942 2985 ἔρχεσθαι
2968 2916 3119 2988 πρός
3145 2933 3237 2987 με,
3270 2920 3366 2971 καὶ
3407 2920 3481 2988 μὴ
3509 2917 3762 2972 ’κωλύετε
3795 2922 3955 2985 αὐτὰ,

2363 3007 2472 3059 τῶν
2505 3006 2614 3074 γὰρ
2640 3007 2898 3060 τοιούτων
2930 3009 3078 3060 ἐστὶν
3113 3011 3148 3079 ἡ
3171 3009 3420 3078 βασιλεία
3445 3012 3538 3064 τοῦ
3568 3013 3732 3067 Θεοῦ.
3791 3015 3955 3084 Ἀμὴν

2364 3099 2506 3168 λέγω
2532 3101 2681 3168 ὑμῖν,
2716 3099 2773 3164 ὃς
2802 3099 2896 3153 ἐὰν
2918 3101 2992 3172 μὴ
3022 3101 3239 3173 δέξηται
3273 3103 3369 3173 τὴν
3395 3098 3674 3175 βασιλείαν
3707 3107 3799 3161 τοῦ
3827 3109 3954 3161 Θεοῦ

2363 3193 2438 3256 ὡς
2473 3194 2706 3258 παιδίον,
2764 3193 2824 3246 οὐ
2883 3195 2956 3265 μὴ
2991 3195 3209 3267 εἰσέλθῃ
3247 3197 3326 3260 εἰς
3356 3198 3547 3268 αὐτὴν.
3585 3219 3605 3253 ι
3663 3201 3775 3254 Καὶ
3804 3201 3955 3256 τοῦτο

2367 3285 2502 3355 πρὸς
2537 3287 3006 3358 μετριοφροσύνην
3042 3278 3411 3360 συμϐάλλεται
3445 3293 3506 3346 τὸ
3560 3294 3674 3346 τῶν
3709 3297 3950 3351 παιδίων.

2368 3371 2611 3425 Διδάσκει
2647 3376 2756 3443 γὰρ
2786 3375 2872 3427 διὰ
2901 3375 3092 3430 τούτου
3143 3381 3170 3431 6
3222 3380 3426 3450 Κύριος
3483 3390 3952 3456 ταπεινοφρο-εείι,

2368 3466 2461 3515 καὶ
2487 3464 2696 3526 πάντας
2730 3466 3158 3538 παραδέχεσθαι,
3194 3470 3288 3522 καὶ
3317 3471 3546 3540 μηδενὸς
3567 3479 3950 3545 καταφρονεῖν.

2366 3555 2427 3606 Οἱ
2465 3554 2560 3623 μὲν
2588 3555 2696 3625 γὰρ
2732 3557 2972 3625 μαθηταὶ
2995 3559 3213 3626 ἀνάξιον
3243 3562 3473 3631 ἡγοῦντο
3497 3565 3593 3618 τοῦ
3633 3553 3951 3637 τηλικούτου

2366 3646 2696 3699 Δδασκάλου
2728 3648 2788 3700 τὸ
2817 3651 3221 3721 προσφέρεσθαι
3248 3654 3396 3724 αὐτῷ
3420 3657 3630 3711 παιδία.
3685 3659 3746 3713 ’0
3772 3662 3830 3713 δὲ
3860 3661 3953 3714 δεί-

2365 3752 2553 3789 κνυσιν
2578 3738 2782 3801 αὐτοῖς,
2811 3739 2893 3792 ὅτι
2921 3742 3178 3798 τοσοῦτον
3211 3746 3292 3798 δεῖ
3326 3755 3801 3820 ταπεινόφρονεῖν,
3822 3753 3950 3806 ὥστε

2366 3830 2461 3880 καὶ
2509 3829 2578 3881 τὰ
2635 3831 2892 3904 ἐλάχιστα
2952 3835 3026 3905 μὴ
3066 3835 3468 3904 βδελύττεσθαι.
3529 3842 3640 3894 Καὶ
3679 3842 3828 3896 οὕτω
3867 3846 3952 3914 μὲν

2365 3921 2602 3975 διδάσκει
2625 3923 2719 3994 τὴν
2754 3930 3224 3999 μετριοφροσύνην
3257 3926 3420 3986 δι’ὦν
3451 3933 3683 4006 ἔπραξε,
3720 3940 3796 4009 μὴ
3825 3942 3950 3992 ἀπο.

2370 4015 2754 4084 πεμψάμενος,
2806 4017 2918 4068 ἀλλ’
2949 4021 3116 4088 ἡδέως
3160 4024 3603 4094 παραδεξάμενος
3657 4047 3729 4082 τα
3758 4031 3948 4101 βρέφη.

2369 4103 2619 4157 Διδάσκει
2657 4105 2712 4157 δὲ
2743 4107 2838 4158 καὶ
2882 4107 2970 4161 διὰ
3001 4109 3185 4178 λόγου,
3226 4114 3307 4166 ὅτι
3358 4118 3464 4170 τῶν
3499 4120 3640 4172 κατὰ
3666 4123 3735 4173 τὰ
3771 4124 3949 4178 παιδία

2367 4193 2726 4264 διακειμένων
2756 4197 2906 4250 ἐστὶν
2939 4201 2968 4270 ἡ
3007 4201 3253 4271 βασιλεία
3277 4204 3384 4257 τῶν
3405 4209 3668 4278 οὐρανῶν.
3723 4215 3796 4266 Τὸ
3830 4233 3948 4268 παι-

2367 4287 2476 4340 δίον
2502 4288 2602 4340 οὐκ
2631 4288 2941 4360 ἐπαίρεται,
2973 4294 3071 4346 οὐκ
3099 4295 3370 4360 ὲξουθενεῖ
3390 4317 3529 4366 τινα,
3547 4304 3760 4357 ἄκκκόν
3782 4308 3942 4371 ἐστιν,

2369 4377 2577 4445 ἄδολον,
2619 4378 2744 4432 οὗτε
2803 4383 2895 4434 ἐπί
2925 4385 3035 4446 τοῖς
3085 4385 3359 4457 λαμπροῖς
3417 4391 3778 4462 ὀγκούμενον,
3828 4398 3943 4450 οὔτε

2373 4471 2466 4524 ἐπὶ
2496 4474 2607 4533 τοῖς
2641 4472 2906 4544 λυπηροξ
2938 4476 3381 4547 συστελλόμενον,
3413 4481 3550 4535 ἀλλὰ
3601 4485 3754 4558 πάσῃ
3790 4489 3947 4542 ἁπλό-

2373 4580 2494 4633 τητι
2527 4565 2706 4618 συνὸν.
2738 4566 2900 4619 Ὥστε
2932 4570 2958 4620 ὁ
2981 4574 3420 4644 ταπεινοφρόνως
3450 4576 3559 4640 ζῶν
3583 4579 3678 4631 καὶ
3705 4582 3942 4647 ἀκάκως,

2370 4656 2574 4719 ἐκεῖνος
2603 4658 2749 4728 παρὰ
2779 4658 2856 4729 τῷ
2896 4659 3015 4730 Θεῷ
3067 4663 3450 4733 προσδεκτέος,
3481 4670 3574 4722 καὶ
3605 4673 3633 4724 6
3665 4673 3948 4744 δεχόμενος

2368 4746 2466 4815 τὴν
2507 4744 2788 4815 βασιλείαν
2821 4747 2913 4799 τοῦ
2943 4747 3083 4802 Θεοῦ
3117 4751 3192 4813 ὠς
3223 4743 3455 4818 παιδίον,
3490 4743 3803 4819 τουτέστιν,
3833 4763 3945 4814 ἁδό-

2369 4837 2496 4903 λως,
2531 4839 3130 4913 ἀπολυπραγμονήτως,
3157 4846 3385 4909 πιστῶς.
3422 4849 3479 4903 Ὀ
3503 4849 3608 4921 γὰρ
3642 4854 3944 4922 περίεργος,

2369 4930 2465 4982 καὶ
2504 4929 2590 4983 ἀεὶ
2626 4932 2847 5001 ἐρωτῶν
2885 4935 2965 5001 τὸ,
2991 4935 3148 5002 Πὼς;
3177 4940 3244 5008 τῇ
3280 4940 3503 5014 ἀπιστίᾳ
3541 4949 3947 5020 συγκαταλυθή-

2373 5038 2546 5088 σεται,
2605 5025 2700 5077 καὶ
2755 5025 2815 5076 οὐ
2870 5027 2944 5095 μὴ
2977 5028 3196 5101 εἰσέλθῃ
3251 5034 3332 5095 εις
3386 5035 3484 5106 τὴν
3539 5037 3838 5108 βασιλείαν,
3886 5042 3946 5109 ἣν

2378 5115 2585 5180 ἁπλῶς,
2618 5116 2711 5167 καὶ
2741 5118 3109 5190 ἀπεριέργως,
3137 5123 3232 5176 καὶ
3257 5131 3666 5201 μετριοφρόνως
3704 5134 3804 5187 οὐκ
3831 5135 3949 5200 ὴθέ-
3993 5177 3998 5180 .

2378 5206 2510 5278 λησε
2543 5208 2972 5277 παραδέξασθαι.
3000 5213 3208 5280 Πάντες
3237 5217 3333 5288 μὲν
3352 5219 3444 5273 οὖν
3476 5223 3524 5276 oi
3547 5224 3832 5280 ἀπόστολοι
3861 5229 3945 5280 καὶ

2371 5299 2572 5359 πάντες
2605 5300 2789 5362 ἁπλῶς
2806 5303 2852 5355 oi
2887 5306 3278 5380 πιστεύσαντες
3295 5312 3372 5384 τῷ
3394 5314 3636 5388 Χριστῷ,
3673 5319 3856 5373 παιδία
3884 5321 3944 5372 ἂν

2370 5389 2640 5458 κληθεῖεν,
2683 5392 2757 5456 ὡς
2809 5395 2904 5450 καὶ
2961 5398 3125 5464 αὐτὸς
3153 5403 3180 5455 6
3211 5404 3418 5476 Κύριος
3459 5409 3587 5474 τοὺς
3627 5411 3945 5474 ἀποστόλους

2371 5480 2622 5551 ὠνόμασε
2649 5499 2663 5513 ·
2691 5484 2908 5550 Παιδία,
2939 5490 3070 5558 μήτι
3097 5479 3440 5564 προσφάγιον
3472 5496 3623 5568 ἔχετε
3652 5516 3667 5565 ;
3699 5501 3761 5553 Οί
3784 5499 3834 5552 δὲ
3864 5514 3941 5551 σοι

2373 5573 2460 5674 (poi.
2481 5575 2587 5626 τῶν
2612 5574 2902 5674 Ἑλλήνων,
2931 5581 3122 5674 σοφίαν
3148 5585 3205 5637 ὲν
3229 5585 3304 5656 τῷ
3335 5589 3618 5661 μυστηρίῳ
3646 5589 3938 5674 ζητοῦντες,

2372 5667 2400 5719 ὅ
2441 5669 2587 5722 ἐστιν
2620 5670 2654 5739 ἡ
2694 5667 2939 5738 βασιλεία
2969 5671 3060 5725 τοῦ
3087 5674 3243 5740 Θεοῦ,
3278 5679 3370 5731 καὶ
3404 5679 3476 5749 μὴ
3529 5679 3837 5753 βουλόμενοι
3860 5667 3936 5734 δέ-
