  <div class='ocr_page' id='page_1' title='image "/cluster/home/n/w/nwhite01/storage/ocr_20150623/123/pst.000005714384/527.png"; bbox 0 0 4100 6334; ppageno 0'>
   <div class='ocr_carea' id='block_1_1' title="bbox 675 357 806 422">
    <p class='ocr_par' dir='ltr' id='par_1_1' title="bbox 675 357 806 422">
     <span class='ocr_line' id='line_1_1' title="bbox 675 357 806 422; baseline 0.008 -1"><span class='ocrx_word' id='word_1_1' title='bbox 675 357 806 422; x_wconf 81' lang='grc'><strong>1011</strong></span> 
     </span>
    </p>
   </div>
   <div class='ocr_carea' id='block_1_2' title="bbox 1523 354 2964 430">
    <p class='ocr_par' dir='ltr' id='par_1_2' title="bbox 1523 354 2964 430">
     <span class='ocr_line' id='line_1_2' title="bbox 1523 354 2964 430; baseline 0.005 -9"><span class='ocrx_word' id='word_1_2' title='bbox 1523 362 1623 421; x_wconf 87' lang='lat' dir='ltr'><strong>Tl-l</strong></span> <span class='ocrx_word' id='word_1_3' title='bbox 1636 359 2105 421; x_wconf 79' lang='lat' dir='ltr'><strong>EOPHYLACTI</strong></span> <span class='ocrx_word' id='word_1_4' title='bbox 2146 354 2563 424; x_wconf 73' lang='lat' dir='ltr'><strong>BULGARLE</strong></span> <span class='ocrx_word' id='word_1_5' title='bbox 2604 365 2964 430; x_wconf 81' lang='lat' dir='ltr'><strong>ARCHIEP.</strong></span> 
     </span>
    </p>
   </div>
   <div class='ocr_carea' id='block_1_3' title="bbox 3804 368 3940 440">
    <p class='ocr_par' dir='ltr' id='par_1_3' title="bbox 3804 368 3940 440">
     <span class='ocr_line' id='line_1_3' title="bbox 3804 368 3940 440; baseline 0.015 -5"><span class='ocrx_word' id='word_1_6' title='bbox 3804 368 3940 440; x_wconf 76' lang='grc'><strong>1012</strong></span> 
     </span>
    </p>
   </div>
   <div class='ocr_carea' id='block_1_4' title="bbox 668 466 2263 556">
    <p class='ocr_par' dir='ltr' id='par_1_4' title="bbox 668 466 2249 555">
     <span class='ocr_line' id='line_1_4' title="bbox 668 466 2249 555; baseline -0.003 -30"><span class='ocrx_word' id='word_1_7' title='bbox 668 475 833 528; x_wconf 60' lang='lat' dir='ltr'><strong>etiam</strong></span> <span class='ocrx_word' id='word_1_8' title='bbox 866 487 927 527; x_wconf 89' lang='lat' dir='ltr'><strong>ea</strong></span> <span class='ocrx_word' id='word_1_9' title='bbox 960 473 1013 527; x_wconf 91' lang='lat' dir='ltr'><strong>iu</strong></span> <span class='ocrx_word' id='word_1_10' title='bbox 1048 472 1245 555; x_wconf 80' lang='lat' dir='ltr'><strong>quibus</strong></span> <span class='ocrx_word' id='word_1_11' title='bbox 1280 486 1386 527; x_wconf 90' lang='lat' dir='ltr'><strong>non</strong></span> <span class='ocrx_word' id='word_1_12' title='bbox 1444 472 1620 538; x_wconf 90' lang='lat' dir='ltr'><strong>multi,</strong></span> <span class='ocrx_word' id='word_1_13' title='bbox 1669 484 1838 541; x_wconf 87' lang='lat' dir='ltr'><strong>neque</strong></span> <span class='ocrx_word' id='word_1_14' title='bbox 1882 470 2081 541; x_wconf 85' lang='lat' dir='ltr'><strong>saepius</strong></span> <span class='ocrx_word' id='word_1_15' title='bbox 2116 486 2130 523; x_wconf 90' lang='lat'><strong>:</strong></span> <span class='ocrx_word' id='word_1_16' title='bbox 2174 466 2249 521; x_wconf 92' lang='lat' dir='ltr'><strong>uti</strong></span> 
     </span>
    </p>
   </div>
   <div class='ocr_carea' id='block_1_5' title="bbox 2363 466 3943 556">
    <p class='ocr_par' dir='ltr' id='par_1_5' title="bbox 2363 472 3943 556">
     <span class='ocr_line' id='line_1_5' title="bbox 2363 472 3943 556; baseline 0.008 -28"><span class='ocrx_word' id='word_1_17' title='bbox 2363 472 2584 543; x_wconf 74' lang='grc' dir='ltr'>ἔνδοθεν,</span> <span class='ocrx_word' id='word_1_18' title='bbox 2630 478 2692 531; x_wconf 85' lang='grc' dir='ltr'>τὸ</span> <span class='ocrx_word' id='word_1_19' title='bbox 2733 480 3003 549; x_wconf 80' lang='grc' dir='ltr'>φονεύειν,</span> <span class='ocrx_word' id='word_1_20' title='bbox 3056 482 3242 555; x_wconf 77' lang='grc' dir='ltr'>ἐπειδὴ</span> <span class='ocrx_word' id='word_1_21' title='bbox 3279 482 3421 555; x_wconf 72' lang='grc' dir='ltr'>μέγα</span> <span class='ocrx_word' id='word_1_22' title='bbox 3466 482 3661 555; x_wconf 82' lang='grc' dir='ltr'>θηρίον</span> <span class='ocrx_word' id='word_1_23' title='bbox 3692 484 3722 539; x_wconf 87' lang='lat'><strong>6</strong></span> <span class='ocrx_word' id='word_1_24' title='bbox 3754 485 3943 556; x_wconf 67' lang='grc' dir='ltr'>θυμός.</span> 
     </span>
    </p>
   </div>
   <div class='ocr_carea' id='block_1_6' title="bbox 670 548 2257 633">
    <p class='ocr_par' dir='ltr' id='par_1_6' title="bbox 670 548 2257 633">
     <span class='ocr_line' id='line_1_6' title="bbox 670 548 2257 633; baseline -0.001 -16"><span class='ocrx_word' id='word_1_25' title='bbox 670 575 755 617; x_wconf 72' lang='lat' dir='ltr'><strong>est</strong></span> <span class='ocrx_word' id='word_1_26' title='bbox 803 562 1131 618; x_wconf 86' lang='lat' dir='ltr'><strong>adulterium</strong></span> <span class='ocrx_word' id='word_1_27' title='bbox 1180 548 1545 627; x_wconf 83' lang='lat' dir='ltr'><strong>committere,</strong></span> <span class='ocrx_word' id='word_1_28' title='bbox 1573 564 1697 631; x_wconf 82' lang='lat' dir='ltr'><strong>quia</strong></span> <span class='ocrx_word' id='word_1_29' title='bbox 1728 562 1868 633; x_wconf 72' lang='lat' dir='ltr'><strong>ignis</strong></span> <span class='ocrx_word' id='word_1_30' title='bbox 1903 560 2172 616; x_wconf 91' lang='lat' dir='ltr'><strong>naturalis</strong></span> <span class='ocrx_word' id='word_1_31' title='bbox 2199 569 2257 615; x_wconf 88' lang='lat' dir='ltr'><strong>et</strong></span> 
     </span>
    </p>
   </div>
   <div class='ocr_carea' id='block_1_7' title="bbox 676 656 2250 730">
    <p class='ocr_par' dir='ltr' id='par_1_7' title="bbox 676 656 2250 730">
     <span class='ocr_line' id='line_1_7' title="bbox 676 656 2250 730; baseline -0.001 -16"><span class='ocrx_word' id='word_1_32' title='bbox 676 662 955 727; x_wconf 82' lang='lat' dir='ltr'><strong>iuternus‘;</strong></span> <span class='ocrx_word' id='word_1_33' title='bbox 984 659 1257 726; x_wconf 89' lang='lat' dir='ltr'><strong>occidere,</strong></span> <span class='ocrx_word' id='word_1_34' title='bbox 1289 661 1415 730; x_wconf 88' lang='lat' dir='ltr'><strong>quia</strong></span> <span class='ocrx_word' id='word_1_35' title='bbox 1446 663 1585 715; x_wconf 88' lang='lat' dir='ltr'><strong>mala</strong></span> <span class='ocrx_word' id='word_1_36' title='bbox 1615 659 1783 715; x_wconf 83' lang='lat' dir='ltr'><strong>bestia</strong></span> <span class='ocrx_word' id='word_1_37' title='bbox 1815 668 1900 713; x_wconf 84' lang='lat' dir='ltr'><strong>est</strong></span> <span class='ocrx_word' id='word_1_38' title='bbox 1924 658 2025 713; x_wconf 90' lang='lat' dir='ltr'><strong>ira.</strong></span> <span class='ocrx_word' id='word_1_39' title='bbox 2055 656 2250 713; x_wconf 88' lang='lat' dir='ltr'><strong>Furari</strong></span> 
     </span>
    </p>
   </div>
   <div class='ocr_carea' id='block_1_8' title="bbox 672 751 2256 822">
    <p class='ocr_par' dir='ltr' id='par_1_8' title="bbox 672 751 2256 822">
     <span class='ocr_line' id='line_1_8' title="bbox 672 751 2256 822; baseline 0 -16"><span class='ocrx_word' id='word_1_40' title='bbox 672 764 854 807; x_wconf 88' lang='lat' dir='ltr'><strong>autem</strong></span> <span class='ocrx_word' id='word_1_41' title='bbox 896 753 1070 808; x_wconf 81' lang='lat' dir='ltr'><strong>levius</strong></span> <span class='ocrx_word' id='word_1_42' title='bbox 1101 764 1207 822; x_wconf 89' lang='lat' dir='ltr'><strong>est,</strong></span> <span class='ocrx_word' id='word_1_43' title='bbox 1257 755 1395 810; x_wconf 89' lang='lat' dir='ltr'><strong>etin</strong></span> <span class='ocrx_word' id='word_1_44' title='bbox 1433 753 1630 809; x_wconf 86' lang='lat' dir='ltr'><strong>falsum</strong></span> <span class='ocrx_word' id='word_1_45' title='bbox 1671 752 2040 809; x_wconf 88' lang='lat' dir='ltr'><strong>testimonium</strong></span> <span class='ocrx_word' id='word_1_46' title='bbox 2076 751 2256 807; x_wconf 89' lang='lat' dir='ltr'><strong>rarius</strong></span> 
     </span>
    </p>
   </div>
   <div class='ocr_carea' id='block_1_9' title="bbox 671 843 2257 918">
    <p class='ocr_par' dir='ltr' id='par_1_9' title="bbox 671 843 2257 918">
     <span class='ocr_line' id='line_1_9' title="bbox 671 843 2257 918; baseline 0.001 -20"><span class='ocrx_word' id='word_1_47' title='bbox 671 847 913 901; x_wconf 84' lang='lat' dir='ltr'><strong>incidere</strong></span> <span class='ocrx_word' id='word_1_48' title='bbox 942 846 1227 918; x_wconf 77' lang='lat' dir='ltr'><strong>contingit.</strong></span> <span class='ocrx_word' id='word_1_49' title='bbox 1260 846 1386 903; x_wconf 89' lang='lat' dir='ltr'><strong>Ideo</strong></span> <span class='ocrx_word' id='word_1_50' title='bbox 1417 858 1473 903; x_wconf 88' lang='lat' dir='ltr'><strong>et</strong></span> <span class='ocrx_word' id='word_1_51' title='bbox 1516 847 1603 902; x_wconf 91' lang='lat' dir='ltr'><strong>illa</strong></span> <span class='ocrx_word' id='word_1_52' title='bbox 1639 846 1856 918; x_wconf 84' lang='lat' dir='ltr'><strong>quidem</strong></span> <span class='ocrx_word' id='word_1_53' title='bbox 1887 846 2042 917; x_wconf 89' lang='lat' dir='ltr'><strong>prius</strong></span> <span class='ocrx_word' id='word_1_54' title='bbox 2082 843 2257 900; x_wconf 80' lang='lat' dir='ltr'><strong>corri-</strong></span> 
     </span>
    </p>
   </div>
   <div class='ocr_carea' id='block_1_10' title="bbox 670 936 2255 1011">
    <p class='ocr_par' dir='ltr' id='par_1_10' title="bbox 670 936 2255 1011">
     <span class='ocr_line' id='line_1_10' title="bbox 670 936 2255 1011; baseline 0.001 -21"><span class='ocrx_word' id='word_1_55' title='bbox 670 949 890 1010; x_wconf 49' lang='lat' dir='ltr'><strong>“untur,</strong></span> <span class='ocrx_word' id='word_1_56' title='bbox 919 955 985 997; x_wconf 91' lang='lat' dir='ltr'><strong>eo</strong></span> <span class='ocrx_word' id='word_1_57' title='bbox 1018 943 1162 1011; x_wconf 92' lang='lat' dir='ltr'><strong>quod</strong></span> <span class='ocrx_word' id='word_1_58' title='bbox 1194 941 1353 997; x_wconf 79' lang='lat' dir='ltr'><strong>facile</strong></span> <span class='ocrx_word' id='word_1_59' title='bbox 1379 941 1433 997; x_wconf 89' lang='lat' dir='ltr'><strong>in</strong></span> <span class='ocrx_word' id='word_1_60' title='bbox 1478 940 1564 996; x_wconf 87' lang='lat' dir='ltr'><strong>illa</strong></span> <span class='ocrx_word' id='word_1_61' title='bbox 1602 940 1971 1011; x_wconf 87' lang='lat' dir='ltr'><strong>prolabamur,</strong></span> <span class='ocrx_word' id='word_1_62' title='bbox 2006 936 2255 1009; x_wconf 80' lang='lat' dir='ltr'><strong>quamvis</strong></span> 
     </span>
    </p>
   </div>
   <div class='ocr_carea' id='block_1_11' title="bbox 669 1026 2256 1099">
    <p class='ocr_par' dir='ltr' id='par_1_11' title="bbox 669 1026 2256 1099">
     <span class='ocr_line' id='line_1_11' title="bbox 669 1026 2256 1099; baseline 0.001 -20"><span class='ocrx_word' id='word_1_63' title='bbox 669 1028 872 1098; x_wconf 75' lang='lat' dir='ltr'><strong>alioqui</strong></span> <span class='ocrx_word' id='word_1_64' title='bbox 923 1032 1175 1099; x_wconf 72' lang='lat' dir='ltr'><strong>graviora</strong></span> <span class='ocrx_word' id='word_1_65' title='bbox 1207 1030 1335 1084; x_wconf 90' lang='lat' dir='ltr'><strong>sint.</strong></span> <span class='ocrx_word' id='word_1_66' title='bbox 1377 1026 1503 1083; x_wconf 72' lang='lat' dir='ltr'><strong>Haec</strong></span> <span class='ocrx_word' id='word_1_67' title='bbox 1544 1038 1747 1093; x_wconf 88' lang='lat' dir='ltr'><strong>autem,</strong></span> <span class='ocrx_word' id='word_1_68' title='bbox 1783 1028 1985 1082; x_wconf 89' lang='lat' dir='ltr'><strong>furtum</strong></span> <span class='ocrx_word' id='word_1_69' title='bbox 2016 1026 2158 1093; x_wconf 87' lang='lat' dir='ltr'><strong>dico,</strong></span> <span class='ocrx_word' id='word_1_70' title='bbox 2200 1034 2256 1081; x_wconf 88' lang='lat' dir='ltr'><strong>et</strong></span> 
     </span>
    </p>
   </div>
   <div class='ocr_carea' id='block_1_12' title="bbox 670 1120 2255 1189">
    <p class='ocr_par' dir='ltr' id='par_1_12' title="bbox 670 1120 2255 1189">
     <span class='ocr_line' id='line_1_12' title="bbox 670 1120 2255 1189; baseline 0 -16"><span class='ocrx_word' id='word_1_71' title='bbox 670 1122 866 1175; x_wconf 88' lang='lat' dir='ltr'><strong>falsum</strong></span> <span class='ocrx_word' id='word_1_72' title='bbox 913 1122 1313 1185; x_wconf 87' lang='lat' dir='ltr'><strong>testimonium,</strong></span> <span class='ocrx_word' id='word_1_73' title='bbox 1360 1121 1600 1176; x_wconf 87' lang='lat' dir='ltr'><strong>secundo</strong></span> <span class='ocrx_word' id='word_1_74' title='bbox 1650 1122 1767 1176; x_wconf 86' lang='lat' dir='ltr'><strong>loco</strong></span> <span class='ocrx_word' id='word_1_75' title='bbox 1817 1120 1987 1189; x_wconf 92' lang='lat' dir='ltr'><strong>ponit,</strong></span> <span class='ocrx_word' id='word_1_76' title='bbox 2030 1129 2088 1174; x_wconf 94' lang='lat' dir='ltr'><strong>ut</strong></span> <span class='ocrx_word' id='word_1_77' title='bbox 2133 1134 2255 1189; x_wconf 85' lang='lat' dir='ltr'><strong>qu:e</strong></span> 
     </span>
    </p>
   </div>
   <div class='ocr_carea' id='block_1_13' title="bbox 671 1210 2255 1283">
    <p class='ocr_par' dir='ltr' id='par_1_13' title="bbox 671 1210 2255 1283">
     <span class='ocr_line' id='line_1_13' title="bbox 671 1210 2255 1283; baseline 0 -16"><span class='ocrx_word' id='word_1_78' title='bbox 671 1215 852 1267; x_wconf 84' lang='lat' dir='ltr'><strong>rarius</strong></span> <span class='ocrx_word' id='word_1_79' title='bbox 880 1214 1214 1283; x_wconf 80' lang='lat' dir='ltr'><strong>contingant,</strong></span> <span class='ocrx_word' id='word_1_80' title='bbox 1246 1221 1300 1268; x_wconf 89' lang='lat' dir='ltr'><strong>et</strong></span> <span class='ocrx_word' id='word_1_81' title='bbox 1324 1214 1523 1269; x_wconf 82' lang='lat' dir='ltr'><strong>leviora</strong></span> <span class='ocrx_word' id='word_1_82' title='bbox 1555 1212 1686 1268; x_wconf 88' lang='lat' dir='ltr'><strong>sint.</strong></span> <span class='ocrx_word' id='word_1_83' title='bbox 1714 1210 1884 1267; x_wconf 86' lang='lat' dir='ltr'><strong>Porro</strong></span> <span class='ocrx_word' id='word_1_84' title='bbox 1918 1212 1969 1265; x_wconf 76' lang='lat' dir='ltr'><strong>in</strong></span> <span class='ocrx_word' id='word_1_85' title='bbox 2004 1220 2255 1281; x_wconf 86' lang='lat' dir='ltr'><strong>parentes</strong></span> 
     </span>
    </p>
   </div>
   <div class='ocr_carea' id='block_1_14' title="bbox 671 1305 2252 1375">
    <p class='ocr_par' dir='ltr' id='par_1_14' title="bbox 671 1305 2252 1375">
     <span class='ocr_line' id='line_1_14' title="bbox 671 1305 2252 1375; baseline -0.001 -17"><span class='ocrx_word' id='word_1_86' title='bbox 671 1321 920 1375; x_wconf 80' lang='lat' dir='ltr'><strong>peccare,</strong></span> <span class='ocrx_word' id='word_1_87' title='bbox 951 1306 1198 1375; x_wconf 80' lang='lat' dir='ltr'><strong>quamvis</strong></span> <span class='ocrx_word' id='word_1_88' title='bbox 1227 1305 1295 1362; x_wconf 90' lang='lat' dir='ltr'><strong>sit</strong></span> <span class='ocrx_word' id='word_1_89' title='bbox 1324 1306 1527 1375; x_wconf 70' lang='lat' dir='ltr'><strong>grande</strong></span> <span class='ocrx_word' id='word_1_90' title='bbox 1545 1315 1847 1375; x_wconf 89' lang='lat' dir='ltr'><strong>peccatum,</strong></span> <span class='ocrx_word' id='word_1_91' title='bbox 1876 1312 2252 1359; x_wconf 82' lang='lat' dir='ltr'><strong>verumtamen</strong></span> 
     </span>
    </p>
   </div>
   <div class='ocr_carea' id='block_1_15' title="bbox 672 1393 2252 1465">
    <p class='ocr_par' dir='ltr' id='par_1_15' title="bbox 672 1393 2252 1465">
     <span class='ocr_line' id='line_1_15' title="bbox 672 1393 2252 1465; baseline -0.004 -13"><span class='ocrx_word' id='word_1_92' title='bbox 672 1399 848 1452; x_wconf 87' lang='lat' dir='ltr'><strong>rarius</strong></span> <span class='ocrx_word' id='word_1_93' title='bbox 892 1396 1178 1465; x_wconf 78' lang='lat' dir='ltr'><strong>contingit.</strong></span> <span class='ocrx_word' id='word_1_94' title='bbox 1216 1394 1334 1451; x_wconf 84' lang='lat' dir='ltr'><strong>Non</strong></span> <span class='ocrx_word' id='word_1_95' title='bbox 1369 1397 1512 1451; x_wconf 86' lang='lat' dir='ltr'><strong>enim</strong></span> <span class='ocrx_word' id='word_1_96' title='bbox 1560 1396 1719 1450; x_wconf 77' lang='lat' dir='ltr'><strong>facile</strong></span> <span class='ocrx_word' id='word_1_97' title='bbox 1754 1394 2026 1450; x_wconf 84' lang='lat' dir='ltr'><strong>invenitur</strong></span> <span class='ocrx_word' id='word_1_98' title='bbox 2052 1393 2143 1465; x_wconf 86' lang='lat' dir='ltr'><strong>qui</strong></span> <span class='ocrx_word' id='word_1_99' title='bbox 2180 1393 2252 1448; x_wconf 90' lang='lat' dir='ltr'><strong>ita</strong></span> 
     </span>
    </p>
   </div>
   <div class='ocr_carea' id='block_1_16' title="bbox 669 1487 2251 1558">
    <p class='ocr_par' dir='ltr' id='par_1_16' title="bbox 669 1487 2251 1558">
     <span class='ocr_line' id='line_1_16' title="bbox 669 1487 2251 1558; baseline -0.003 -15"><span class='ocrx_word' id='word_1_100' title='bbox 669 1489 989 1545; x_wconf 77' lang='lat' dir='ltr'><strong>bestialibus</strong></span> <span class='ocrx_word' id='word_1_101' title='bbox 1024 1488 1266 1545; x_wconf 87' lang='lat' dir='ltr'><strong>moribus</strong></span> <span class='ocrx_word' id='word_1_102' title='bbox 1293 1490 1386 1554; x_wconf 85' lang='lat' dir='ltr'><strong>sit,</strong></span> <span class='ocrx_word' id='word_1_103' title='bbox 1418 1499 1476 1541; x_wconf 89' lang='lat' dir='ltr'><strong>ut</strong></span> <span class='ocrx_word' id='word_1_104' title='bbox 1510 1487 1563 1544; x_wconf 89' lang='lat' dir='ltr'><strong>in</strong></span> <span class='ocrx_word' id='word_1_105' title='bbox 1591 1495 1843 1558; x_wconf 85' lang='lat' dir='ltr'><strong>parentes</strong></span> <span class='ocrx_word' id='word_1_106' title='bbox 1867 1487 2251 1551; x_wconf 82' lang='lat' dir='ltr'><strong>debacchetur,</strong></span> 
     </span>
    </p>
   </div>
   <div class='ocr_carea' id='block_1_17' title="bbox 669 1578 2255 1651">
    <p class='ocr_par' dir='ltr' id='par_1_17' title="bbox 669 1578 2255 1651">
     <span class='ocr_line' id='line_1_17' title="bbox 669 1578 2255 1651; baseline -0.001 -16"><span class='ocrx_word' id='word_1_107' title='bbox 669 1581 829 1651; x_wconf 82' lang='lat' dir='ltr'><strong>pauci</strong></span> <span class='ocrx_word' id='word_1_108' title='bbox 860 1580 1004 1635; x_wconf 91' lang='lat' dir='ltr'><strong>enim</strong></span> <span class='ocrx_word' id='word_1_109' title='bbox 1034 1590 1181 1647; x_wconf 88' lang='lat' dir='ltr'><strong>sunt,</strong></span> <span class='ocrx_word' id='word_1_110' title='bbox 1215 1595 1446 1651; x_wconf 89' lang='lat' dir='ltr'><strong>raroque</strong></span> <span class='ocrx_word' id='word_1_111' title='bbox 1476 1580 1533 1634; x_wconf 89' lang='lat' dir='ltr'><strong>llt</strong></span> <span class='ocrx_word' id='word_1_112' title='bbox 1562 1597 1576 1634; x_wconf 91' lang='lat'><strong>:</strong></span> <span class='ocrx_word' id='word_1_113' title='bbox 1606 1588 1658 1636; x_wconf 92' lang='lat' dir='ltr'><strong>et</strong></span> <span class='ocrx_word' id='word_1_114' title='bbox 1699 1580 1820 1636; x_wconf 91' lang='lat' dir='ltr'><strong>ideo</strong></span> <span class='ocrx_word' id='word_1_115' title='bbox 1848 1578 2125 1649; x_wconf 88' lang='lat' dir='ltr'><strong>posterius</strong></span> <span class='ocrx_word' id='word_1_116' title='bbox 2157 1591 2255 1648; x_wconf 80' lang='lat' dir='ltr'><strong>po-</strong></span> 
     </span>
    </p>
   </div>
   <div class='ocr_carea' id='block_1_18' title="bbox 670 1670 2254 1743">
    <p class='ocr_par' dir='ltr' id='par_1_18' title="bbox 670 1670 2254 1743">
     <span class='ocr_line' id='line_1_18' title="bbox 670 1670 2254 1743; baseline -0.003 -16"><span class='ocrx_word' id='word_1_117' title='bbox 670 1675 776 1729; x_wconf 93' lang='lat' dir='ltr'><strong>nit.</strong></span> <span class='ocrx_word' id='word_1_118' title='bbox 810 1673 1101 1743; x_wconf 79' lang='lat' dir='ltr'><strong>Postquam</strong></span> <span class='ocrx_word' id='word_1_119' title='bbox 1138 1683 1318 1730; x_wconf 89' lang='lat' dir='ltr'><strong>autem</strong></span> <span class='ocrx_word' id='word_1_120' title='bbox 1348 1673 1666 1729; x_wconf 68' lang='lat' dir='ltr'><strong>adolescens</strong></span> <span class='ocrx_word' id='word_1_121' title='bbox 1686 1688 1745 1728; x_wconf 89' lang='lat' dir='ltr'><strong>se</strong></span> <span class='ocrx_word' id='word_1_122' title='bbox 1770 1672 1949 1727; x_wconf 85' lang='lat' dir='ltr'><strong>omnia</strong></span> <span class='ocrx_word' id='word_1_123' title='bbox 1986 1670 2102 1725; x_wconf 68' lang='lat' dir='ltr'><strong>lucc</strong></span> <span class='ocrx_word' id='word_1_124' title='bbox 2139 1683 2254 1723; x_wconf 84' lang='lat' dir='ltr'><strong>ser-</strong></span> 
     </span>
    </p>
   </div>
   <div class='ocr_carea' id='block_1_19' title="bbox 670 1763 2255 1837">
    <p class='ocr_par' dir='ltr' id='par_1_19' title="bbox 670 1763 2255 1837">
     <span class='ocr_line' id='line_1_19' title="bbox 670 1763 2255 1837; baseline -0.001 -20"><span class='ocrx_word' id='word_1_125' title='bbox 670 1781 829 1822; x_wconf 80' lang='lat' dir='ltr'><strong>vasse</strong></span> <span class='ocrx_word' id='word_1_126' title='bbox 856 1766 993 1822; x_wconf 76' lang='lat' dir='ltr'><strong>dixit</strong></span> <span class='ocrx_word' id='word_1_127' title='bbox 1018 1781 1048 1821; x_wconf 87' lang='lat' dir='ltr'><strong>a</strong></span> <span class='ocrx_word' id='word_1_128' title='bbox 1074 1766 1381 1834; x_wconf 80' lang='lat' dir='ltr'><strong>iuventute,</strong></span> <span class='ocrx_word' id='word_1_129' title='bbox 1411 1766 1740 1837; x_wconf 79' lang='lat' dir='ltr'><strong>przescripsit</strong></span> <span class='ocrx_word' id='word_1_130' title='bbox 1764 1765 1813 1819; x_wconf 91' lang='lat' dir='ltr'><strong>ei</strong></span> <span class='ocrx_word' id='word_1_131' title='bbox 1842 1763 2098 1819; x_wconf 86' lang='lat' dir='ltr'><strong>Dominus</strong></span> <span class='ocrx_word' id='word_1_132' title='bbox 2121 1777 2255 1832; x_wconf 82' lang='lat' dir='ltr'><strong>pau-</strong></span> 
     </span>
    </p>
   </div>
   <div class='ocr_carea' id='block_1_20' title="bbox 671 1840 2329 1927">
    <p class='ocr_par' dir='ltr' id='par_1_20' title="bbox 671 1840 2329 1927">
     <span class='ocr_line' id='line_1_20' title="bbox 671 1840 2329 1927; baseline -0.005 -16"><span class='ocrx_word' id='word_1_133' title='bbox 671 1868 960 1924; x_wconf 75' lang='lat' dir='ltr'><strong>perlatem,</strong></span> <span class='ocrx_word' id='word_1_134' title='bbox 984 1868 1145 1927; x_wconf 86' lang='lat' dir='ltr'><strong>caput</strong></span> <span class='ocrx_word' id='word_1_135' title='bbox 1162 1860 1401 1917; x_wconf 90' lang='lat' dir='ltr'><strong>omnium</strong></span> <span class='ocrx_word' id='word_1_136' title='bbox 1422 1858 1701 1911; x_wconf 88' lang='lat' dir='ltr'><strong>virtutum.</strong></span> <span class='ocrx_word' id='word_1_137' title='bbox 1724 1854 1856 1909; x_wconf 79' lang='lat' dir='ltr'><strong>Vide</strong></span> <span class='ocrx_word' id='word_1_138' title='bbox 1877 1863 2056 1909; x_wconf 90' lang='lat' dir='ltr'><strong>autem</strong></span> <span class='ocrx_word' id='word_1_139' title='bbox 2081 1852 2251 1922; x_wconf 76' lang='lat' dir='ltr'><strong>legem</strong></span> <span class='ocrx_word' id='word_1_140' title='bbox 2285 1840 2329 1896; x_wconf 81' lang='grc' dir='ltr'><strong><em>Β</em></strong></span> 
     </span>
    </p>
   </div>
   <div class='ocr_carea' id='block_1_21' title="bbox 671 1941 2255 2017">
    <p class='ocr_par' dir='ltr' id='par_1_21' title="bbox 671 1941 2255 2017">
     <span class='ocr_line' id='line_1_21' title="bbox 671 1941 2255 2017; baseline -0.005 -14"><span class='ocrx_word' id='word_1_141' title='bbox 671 1948 981 2003; x_wconf 79' lang='lat' dir='ltr'><strong>Christiana</strong></span> <span class='ocrx_word' id='word_1_142' title='bbox 1018 1948 1126 2003; x_wconf 87' lang='lat' dir='ltr'><strong>vita</strong></span> <span class='ocrx_word' id='word_1_143' title='bbox 1157 1949 1373 2017; x_wconf 75' lang='lat' dir='ltr'><strong>dignam</strong></span> <span class='ocrx_word' id='word_1_144' title='bbox 1414 1965 1427 2002; x_wconf 93' lang='lat'><strong>:</strong></span> <span class='ocrx_word' id='word_1_145' title='bbox 1463 1946 1653 2002; x_wconf 83' lang='lat' dir='ltr'><strong>Omnia</strong></span> <span class='ocrx_word' id='word_1_146' title='bbox 1703 1958 2056 2014; x_wconf 72' lang='lat' dir='ltr'><strong>quaecumque</strong></span> <span class='ocrx_word' id='word_1_147' title='bbox 2088 1941 2255 1996; x_wconf 86' lang='lat' dir='ltr'><strong>habes</strong></span> 
     </span>
    </p>
   </div>
   <div class='ocr_carea' id='block_1_22' title="bbox 672 2037 2254 2111">
    <p class='ocr_par' dir='ltr' id='par_1_22' title="bbox 672 2037 2254 2111">
     <span class='ocr_line' id='line_1_22' title="bbox 672 2037 2254 2111; baseline -0.005 -18"><span class='ocrx_word' id='word_1_148' title='bbox 672 2041 869 2107; x_wconf 85' lang='lat' dir='ltr'><strong>vende,</strong></span> <span class='ocrx_word' id='word_1_149' title='bbox 902 2042 1113 2111; x_wconf 89' lang='lat' dir='ltr'><strong>inquit;</strong></span> <span class='ocrx_word' id='word_1_150' title='bbox 1152 2057 1274 2097; x_wconf 92' lang='lat' dir='ltr'><strong>nam</strong></span> <span class='ocrx_word' id='word_1_151' title='bbox 1305 2042 1347 2097; x_wconf 96' lang='lat' dir='ltr'><strong>si</strong></span> <span class='ocrx_word' id='word_1_152' title='bbox 1377 2042 1505 2109; x_wconf 83' lang='lat' dir='ltr'><strong>quid</strong></span> <span class='ocrx_word' id='word_1_153' title='bbox 1534 2039 1839 2110; x_wconf 85' lang='lat' dir='ltr'><strong>reliqueris,</strong></span> <span class='ocrx_word' id='word_1_154' title='bbox 1878 2037 2023 2091; x_wconf 92' lang='lat' dir='ltr'><strong>illius</strong></span> <span class='ocrx_word' id='word_1_155' title='bbox 2062 2048 2254 2089; x_wconf 87' lang='lat' dir='ltr'><strong>servus</strong></span> 
     </span>
    </p>
   </div>
   <div class='ocr_carea' id='block_1_23' title="bbox 670 2126 2259 2200">
    <p class='ocr_par' dir='ltr' id='par_1_23' title="bbox 670 2126 2259 2200">
     <span class='ocr_line' id='line_1_23' title="bbox 670 2126 2259 2200; baseline -0.003 -12"><span class='ocrx_word' id='word_1_156' title='bbox 670 2148 752 2189; x_wconf 91' lang='lat' dir='ltr'><strong>es.</strong></span> <span class='ocrx_word' id='word_1_157' title='bbox 793 2133 859 2188; x_wconf 83' lang='lat' dir='ltr'><strong>Et</strong></span> <span class='ocrx_word' id='word_1_158' title='bbox 889 2134 1157 2189; x_wconf 87' lang='lat' dir='ltr'><strong>distribue</strong></span> <span class='ocrx_word' id='word_1_159' title='bbox 1194 2150 1299 2189; x_wconf 90' lang='lat' dir='ltr'><strong>nou</strong></span> <span class='ocrx_word' id='word_1_160' title='bbox 1338 2132 1595 2188; x_wconf 82' lang='lat' dir='ltr'><strong>divitibus</strong></span> <span class='ocrx_word' id='word_1_161' title='bbox 1631 2129 1897 2200; x_wconf 80' lang='lat' dir='ltr'><strong>cognatis,</strong></span> <span class='ocrx_word' id='word_1_162' title='bbox 1931 2126 2025 2182; x_wconf 87' lang='lat' dir='ltr'><strong>sed</strong></span> <span class='ocrx_word' id='word_1_163' title='bbox 2062 2138 2259 2195; x_wconf 73' lang='lat' dir='ltr'><strong>paupe-</strong></span> 
     </span>
    </p>
   </div>
   <div class='ocr_carea' id='block_1_24' title="bbox 670 2219 2259 2290">
    <p class='ocr_par' dir='ltr' id='par_1_24' title="bbox 670 2219 2259 2290">
     <span class='ocr_line' id='line_1_24' title="bbox 670 2219 2259 2290; baseline -0.005 -11"><span class='ocrx_word' id='word_1_164' title='bbox 670 2226 842 2282; x_wconf 67' lang='lat' dir='ltr'><strong>ribus.</strong></span> <span class='ocrx_word' id='word_1_165' title='bbox 876 2224 1052 2282; x_wconf 82' lang='lat' dir='ltr'><strong>liabet</strong></span> <span class='ocrx_word' id='word_1_166' title='bbox 1083 2237 1266 2282; x_wconf 85' lang='lat' dir='ltr'><strong>autem</strong></span> <span class='ocrx_word' id='word_1_167' title='bbox 1300 2235 1356 2283; x_wconf 90' lang='lat' dir='ltr'><strong>et</strong></span> <span class='ocrx_word' id='word_1_168' title='bbox 1384 2223 1744 2280; x_wconf 88' lang='lat' dir='ltr'><strong>distribuendi</strong></span> <span class='ocrx_word' id='word_1_169' title='bbox 1773 2222 1999 2276; x_wconf 86' lang='lat' dir='ltr'><strong>verbum</strong></span> <span class='ocrx_word' id='word_1_170' title='bbox 2030 2219 2259 2290; x_wconf 89' lang='lat' dir='ltr'><strong>empha-</strong></span> 
     </span>
    </p>
   </div>
   <div class='ocr_carea' id='block_1_25' title="bbox 669 2312 2261 2388">
    <p class='ocr_par' dir='ltr' id='par_1_25' title="bbox 669 2312 2261 2388">
     <span class='ocr_line' id='line_1_25' title="bbox 669 2312 2261 2388; baseline -0.004 -17"><span class='ocrx_word' id='word_1_171' title='bbox 669 2319 775 2372; x_wconf 85' lang='lat' dir='ltr'><strong>sim</strong></span> <span class='ocrx_word' id='word_1_172' title='bbox 824 2319 1137 2388; x_wconf 84' lang='lat' dir='ltr'><strong>quamdam,</strong></span> <span class='ocrx_word' id='word_1_173' title='bbox 1182 2327 1241 2373; x_wconf 93' lang='lat' dir='ltr'><strong>ut</strong></span> <span class='ocrx_word' id='word_1_174' title='bbox 1288 2332 1409 2373; x_wconf 90' lang='lat' dir='ltr'><strong>cum</strong></span> <span class='ocrx_word' id='word_1_175' title='bbox 1445 2314 1858 2383; x_wconf 81' lang='lat' dir='ltr'><strong>dijudicatione,</strong></span> <span class='ocrx_word' id='word_1_176' title='bbox 1901 2321 1956 2369; x_wconf 91' lang='lat' dir='ltr'><strong>et</strong></span> <span class='ocrx_word' id='word_1_177' title='bbox 2001 2328 2107 2368; x_wconf 90' lang='lat' dir='ltr'><strong>non</strong></span> <span class='ocrx_word' id='word_1_178' title='bbox 2138 2312 2261 2382; x_wconf 55' lang='lat' dir='ltr'><strong>{for-</strong></span> 
     </span>
    </p>
   </div>
   <div class='ocr_carea' id='block_1_26' title="bbox 671 2406 2256 2481">
    <p class='ocr_par' dir='ltr' id='par_1_26' title="bbox 671 2406 2256 2481">
     <span class='ocr_line' id='line_1_26' title="bbox 671 2406 2256 2481; baseline -0.004 -17"><span class='ocrx_word' id='word_1_179' title='bbox 671 2410 812 2465; x_wconf 87' lang='lat' dir='ltr'><strong>tuito</strong></span> <span class='ocrx_word' id='word_1_180' title='bbox 835 2410 1218 2481; x_wconf 76' lang='lat' dir='ltr'><strong>disperganlur</strong></span> <span class='ocrx_word' id='word_1_181' title='bbox 1244 2410 1407 2465; x_wconf 85' lang='lat' dir='ltr'><strong>bona.</strong></span> <span class='ocrx_word' id='word_1_182' title='bbox 1434 2407 1605 2481; x_wconf 64' lang='grc' dir='ltr'><strong>ωε</strong></span> <span class='ocrx_word' id='word_1_183' title='bbox 1627 2406 1893 2474; x_wconf 84' lang='lat' dir='ltr'><strong>Quoniam</strong></span> <span class='ocrx_word' id='word_1_184' title='bbox 1923 2413 2103 2459; x_wconf 88' lang='lat' dir='ltr'><strong>autem</strong></span> <span class='ocrx_word' id='word_1_185' title='bbox 2134 2419 2256 2459; x_wconf 90' lang='lat' dir='ltr'><strong>cum</strong></span> 
     </span>
    </p>
   </div>
   <div class='ocr_carea' id='block_1_27' title="bbox 669 2498 2257 2575">
    <p class='ocr_par' dir='ltr' id='par_1_27' title="bbox 669 2498 2257 2575">
     <span class='ocr_line' id='line_1_27' title="bbox 669 2498 2257 2575; baseline -0.004 -16"><span class='ocrx_word' id='word_1_186' title='bbox 669 2510 992 2575; x_wconf 84' lang='lat' dir='ltr'><strong>paupertate</strong></span> <span class='ocrx_word' id='word_1_187' title='bbox 1042 2512 1097 2557; x_wconf 89' lang='lat' dir='ltr'><strong>et</strong></span> <span class='ocrx_word' id='word_1_188' title='bbox 1147 2502 1283 2558; x_wconf 85' lang='lat' dir='ltr'><strong>alias</strong></span> <span class='ocrx_word' id='word_1_189' title='bbox 1346 2503 1549 2558; x_wconf 82' lang='lat' dir='ltr'><strong>habere</strong></span> <span class='ocrx_word' id='word_1_190' title='bbox 1604 2503 1833 2557; x_wconf 87' lang='lat' dir='ltr'><strong>virtutes</strong></span> <span class='ocrx_word' id='word_1_191' title='bbox 1887 2498 2257 2555; x_wconf 87' lang='lat' dir='ltr'><strong>Christianum</strong></span> 
     </span>
    </p>
   </div>
   <div class='ocr_carea' id='block_1_28' title="bbox 670 2588 2259 2664">
    <p class='ocr_par' dir='ltr' id='par_1_28' title="bbox 670 2588 2259 2664">
     <span class='ocr_line' id='line_1_28' title="bbox 670 2588 2259 2664; baseline -0.005 -13"><span class='ocrx_word' id='word_1_192' title='bbox 670 2604 906 2663; x_wconf 87' lang='lat' dir='ltr'><strong>oportet,</strong></span> <span class='ocrx_word' id='word_1_193' title='bbox 940 2604 1232 2664; x_wconf 86' lang='lat' dir='ltr'><strong>propterea</strong></span> <span class='ocrx_word' id='word_1_194' title='bbox 1263 2594 1435 2651; x_wconf 89' lang='lat' dir='ltr'><strong>dicit:</strong></span> <span class='ocrx_word' id='word_1_195' title='bbox 1467 2591 1535 2649; x_wconf 78' lang='lat' dir='ltr'><strong>Et</strong></span> <span class='ocrx_word' id='word_1_196' title='bbox 1562 2594 1706 2659; x_wconf 87' lang='lat' dir='ltr'><strong>veni,</strong></span> <span class='ocrx_word' id='word_1_197' title='bbox 1740 2606 1972 2661; x_wconf 87' lang='lat' dir='ltr'><strong>sequere</strong></span> <span class='ocrx_word' id='word_1_198' title='bbox 1998 2603 2123 2645; x_wconf 88' lang='lat' dir='ltr'><strong>me:</strong></span> <span class='ocrx_word' id='word_1_199' title='bbox 2153 2588 2259 2644; x_wconf 87' lang='lat' dir='ltr'><strong>hoc</strong></span> 
     </span>
    </p>
   </div>
   <div class='ocr_carea' id='block_1_29' title="bbox 671 2686 2257 2758">
    <p class='ocr_par' dir='ltr' id='par_1_29' title="bbox 671 2686 2257 2758">
     <span class='ocr_line' id='line_1_29' title="bbox 671 2686 2257 2758; baseline -0.006 -11"><span class='ocrx_word' id='word_1_200' title='bbox 671 2702 776 2758; x_wconf 86' lang='lat' dir='ltr'><strong>est,</strong></span> <span class='ocrx_word' id='word_1_201' title='bbox 815 2702 869 2748; x_wconf 91' lang='lat' dir='ltr'><strong>et</strong></span> <span class='ocrx_word' id='word_1_202' title='bbox 912 2692 967 2747; x_wconf 91' lang='lat' dir='ltr'><strong>in</strong></span> <span class='ocrx_word' id='word_1_203' title='bbox 1018 2692 1272 2749; x_wconf 88' lang='lat' dir='ltr'><strong>omnibus</strong></span> <span class='ocrx_word' id='word_1_204' title='bbox 1305 2689 1426 2746; x_wconf 87' lang='lat' dir='ltr'><strong>aliis</strong></span> <span class='ocrx_word' id='word_1_205' title='bbox 1463 2699 1582 2745; x_wconf 84' lang='lat' dir='ltr'><strong>esto</strong></span> <span class='ocrx_word' id='word_1_206' title='bbox 1630 2686 1931 2757; x_wconf 87' lang='lat' dir='ltr'><strong>discipulus</strong></span> <span class='ocrx_word' id='word_1_207' title='bbox 1978 2700 2151 2751; x_wconf 88' lang='lat' dir='ltr'><strong>meus,</strong></span> <span class='ocrx_word' id='word_1_208' title='bbox 2204 2692 2257 2739; x_wconf 92' lang='lat' dir='ltr'><strong>et</strong></span> 
     </span>
    </p>
   </div>
   <div class='ocr_carea' id='block_1_30' title="bbox 672 2780 2257 2855">
    <p class='ocr_par' dir='ltr' id='par_1_30' title="bbox 672 2780 2257 2855">
     <span class='ocr_line' id='line_1_30' title="bbox 672 2780 2257 2855; baseline -0.006 -16"><span class='ocrx_word' id='word_1_209' title='bbox 672 2798 894 2855; x_wconf 81' lang='lat' dir='ltr'><strong>semper</strong></span> <span class='ocrx_word' id='word_1_210' title='bbox 950 2797 1204 2851; x_wconf 83' lang='lat' dir='ltr'><strong>sequere,</strong></span> <span class='ocrx_word' id='word_1_211' title='bbox 1257 2797 1363 2838; x_wconf 91' lang='lat' dir='ltr'><strong>non</strong></span> <span class='ocrx_word' id='word_1_212' title='bbox 1424 2781 1585 2837; x_wconf 84' lang='lat' dir='ltr'><strong>hodie</strong></span> <span class='ocrx_word' id='word_1_213' title='bbox 1634 2780 1878 2849; x_wconf 88' lang='lat' dir='ltr'><strong>quidem,</strong></span> <span class='ocrx_word' id='word_1_214' title='bbox 1919 2793 2042 2833; x_wconf 90' lang='lat' dir='ltr'><strong>cras</strong></span> <span class='ocrx_word' id='word_1_215' title='bbox 2076 2787 2257 2832; x_wconf 90' lang='lat' dir='ltr'><strong>autem</strong></span> 
     </span>
    </p>
   </div>
   <div class='ocr_carea' id='block_1_31' title="bbox 670 2867 2255 2939">
    <p class='ocr_par' dir='ltr' id='par_1_31' title="bbox 670 2867 2255 2939">
     <span class='ocr_line' id='line_1_31' title="bbox 670 2867 2255 2939; baseline -0.004 -14"><span class='ocrx_word' id='word_1_216' title='bbox 670 2885 805 2926; x_wconf 87' lang='lat' dir='ltr'><strong>non.</strong></span> <span class='ocrx_word' id='word_1_217' title='bbox 840 2869 912 2926; x_wconf 86' lang='lat' dir='ltr'><strong>Ut</strong></span> <span class='ocrx_word' id='word_1_218' title='bbox 946 2879 1128 2925; x_wconf 86' lang='lat' dir='ltr'><strong>autem</strong></span> <span class='ocrx_word' id='word_1_219' title='bbox 1153 2884 1320 2925; x_wconf 89' lang='lat' dir='ltr'><strong>avaro</strong></span> <span class='ocrx_word' id='word_1_220' title='bbox 1340 2868 1592 2939; x_wconf 89' lang='lat' dir='ltr'><strong>promisit</strong></span> <span class='ocrx_word' id='word_1_221' title='bbox 1615 2867 1893 2924; x_wconf 65' lang='lat' dir='ltr'><strong>cmlestem</strong></span> <span class='ocrx_word' id='word_1_222' title='bbox 1919 2867 2255 2930; x_wconf 82' lang='lat' dir='ltr'><strong>thesaurum,</strong></span> 
     </span>
    </p>
   </div>
   <div class='ocr_carea' id='block_1_32' title="bbox 669 2958 2254 3029">
    <p class='ocr_par' dir='ltr' id='par_1_32' title="bbox 669 2958 2254 3029">
     <span class='ocr_line' id='line_1_32' title="bbox 669 2958 2254 3029; baseline -0.004 -11"><span class='ocrx_word' id='word_1_223' title='bbox 669 2963 766 3019; x_wconf 88' lang='lat' dir='ltr'><strong>sed</strong></span> <span class='ocrx_word' id='word_1_224' title='bbox 801 2977 906 3017; x_wconf 91' lang='lat' dir='ltr'><strong>non</strong></span> <span class='ocrx_word' id='word_1_225' title='bbox 932 2962 1165 3017; x_wconf 86' lang='lat' dir='ltr'><strong>attendit</strong></span> <span class='ocrx_word' id='word_1_226' title='bbox 1186 2961 1277 3016; x_wconf 90' lang='lat' dir='ltr'><strong>ille</strong></span> <span class='ocrx_word' id='word_1_227' title='bbox 1302 2980 1316 3017; x_wconf 92' lang='lat'><strong>:</strong></span> <span class='ocrx_word' id='word_1_228' title='bbox 1343 2976 1535 3016; x_wconf 88' lang='lat' dir='ltr'><strong>servus</strong></span> <span class='ocrx_word' id='word_1_229' title='bbox 1555 2959 1698 3016; x_wconf 91' lang='lat' dir='ltr'><strong>enim</strong></span> <span class='ocrx_word' id='word_1_230' title='bbox 1717 2969 1833 3015; x_wconf 92' lang='lat' dir='ltr'><strong>erat</strong></span> <span class='ocrx_word' id='word_1_231' title='bbox 1855 2958 2207 3029; x_wconf 88' lang='lat' dir='ltr'><strong>pecuniarum</strong></span> <span class='ocrx_word' id='word_1_232' title='bbox 2240 2972 2254 3011; x_wconf 89' lang='lat'><strong>:</strong></span> 
     </span>
    </p>
   </div>
   <div class='ocr_carea' id='block_1_33' title="bbox 670 3051 2256 3125">
    <p class='ocr_par' dir='ltr' id='par_1_33' title="bbox 670 3051 2256 3125">
     <span class='ocr_line' id='line_1_33' title="bbox 670 3051 2256 3125; baseline -0.003 -14"><span class='ocrx_word' id='word_1_233' title='bbox 670 3056 797 3113; x_wconf 85' lang='lat' dir='ltr'><strong>ideo</strong></span> <span class='ocrx_word' id='word_1_234' title='bbox 818 3066 873 3111; x_wconf 92' lang='lat' dir='ltr'><strong>et</strong></span> <span class='ocrx_word' id='word_1_235' title='bbox 901 3066 959 3111; x_wconf 91' lang='lat' dir='ltr'><strong>ut</strong></span> <span class='ocrx_word' id='word_1_236' title='bbox 981 3055 1209 3117; x_wconf 88' lang='lat' dir='ltr'><strong>audivit.</strong></span> <span class='ocrx_word' id='word_1_237' title='bbox 1243 3054 1377 3110; x_wconf 80' lang='lat' dir='ltr'><strong>abiit</strong></span> <span class='ocrx_word' id='word_1_238' title='bbox 1401 3054 1595 3120; x_wconf 85' lang='lat' dir='ltr'><strong>tristis,</strong></span> <span class='ocrx_word' id='word_1_239' title='bbox 1622 3068 1686 3109; x_wconf 90' lang='lat' dir='ltr'><strong>eo</strong></span> <span class='ocrx_word' id='word_1_240' title='bbox 1716 3052 1860 3125; x_wconf 91' lang='lat' dir='ltr'><strong>quod</strong></span> <span class='ocrx_word' id='word_1_241' title='bbox 1894 3051 2256 3123; x_wconf 84' lang='lat' dir='ltr'><strong>possessionis</strong></span> 
     </span>
    </p>
   </div>
   <div class='ocr_carea' id='block_1_34' title="bbox 669 3146 2253 3217">
    <p class='ocr_par' dir='ltr' id='par_1_34' title="bbox 669 3146 2253 3217">
     <span class='ocr_line' id='line_1_34' title="bbox 669 3146 2253 3217; baseline -0.003 -16"><span class='ocrx_word' id='word_1_242' title='bbox 669 3147 909 3217; x_wconf 86' lang='lat' dir='ltr'><strong>privatio</strong></span> <span class='ocrx_word' id='word_1_243' title='bbox 940 3155 1088 3203; x_wconf 86' lang='lat' dir='ltr'><strong>esset</strong></span> <span class='ocrx_word' id='word_1_244' title='bbox 1116 3146 1163 3202; x_wconf 90' lang='lat' dir='ltr'><strong>ei</strong></span> <span class='ocrx_word' id='word_1_245' title='bbox 1198 3147 1365 3212; x_wconf 88' lang='lat' dir='ltr'><strong>dicta,</strong></span> <span class='ocrx_word' id='word_1_246' title='bbox 1399 3155 1621 3217; x_wconf 91' lang='lat' dir='ltr'><strong>propter</strong></span> <span class='ocrx_word' id='word_1_247' title='bbox 1651 3161 1812 3214; x_wconf 90' lang='lat' dir='ltr'><strong>quam</strong></span> <span class='ocrx_word' id='word_1_248' title='bbox 1848 3146 1963 3213; x_wconf 88' lang='lat' dir='ltr'><strong>ipse</strong></span> <span class='ocrx_word' id='word_1_249' title='bbox 1992 3153 2253 3199; x_wconf 64' lang='lat' dir='ltr'><strong>aeternam</strong></span> 
     </span>
    </p>
   </div>
   <div class='ocr_carea' id='block_1_35' title="bbox 670 3213 2329 3308">
    <p class='ocr_par' dir='ltr' id='par_1_35' title="bbox 670 3213 2329 3308">
     <span class='ocr_line' id='line_1_35' title="bbox 670 3213 2329 3308; baseline -0.001 -16"><span class='ocrx_word' id='word_1_250' title='bbox 670 3213 838 3293; x_wconf 58' lang='lat' dir='ltr'><strong>vitam</strong></span> <span class='ocrx_word' id='word_1_251' title='bbox 869 3238 1169 3305; x_wconf 86' lang='lat' dir='ltr'><strong>desiderat,</strong></span> <span class='ocrx_word' id='word_1_252' title='bbox 1209 3252 1316 3306; x_wconf 91' lang='lat' dir='ltr'><strong>quo</strong></span> <span class='ocrx_word' id='word_1_253' title='bbox 1359 3213 1529 3307; x_wconf 74' lang='lat' dir='ltr'><strong>possit</strong></span> <span class='ocrx_word' id='word_1_254' title='bbox 1563 3213 1825 3308; x_wconf 87' lang='lat' dir='ltr'><strong>perpetuo</strong></span> <span class='ocrx_word' id='word_1_255' title='bbox 1866 3236 2074 3289; x_wconf 88' lang='lat' dir='ltr'><strong>divitiis</strong></span> <span class='ocrx_word' id='word_1_256' title='bbox 2121 3234 2251 3291; x_wconf 90' lang='lat' dir='ltr'><strong>frui.</strong></span> <span class='ocrx_word' id='word_1_257' title='bbox 2281 3213 2329 3274; x_wconf 64' lang='grc' dir='ltr'><em>ε</em></span> 
     </span>
    </p>
   </div>
   <div class='ocr_carea' id='block_1_36' title="bbox 672 3332 2259 3401">
    <p class='ocr_par' dir='ltr' id='par_1_36' title="bbox 672 3332 2259 3401">
     <span class='ocr_line' id='line_1_36' title="bbox 672 3332 2259 3401; baseline -0.003 -11"><span class='ocrx_word' id='word_1_258' title='bbox 672 3333 946 3390; x_wconf 58' lang='lat' dir='ltr'><strong>Caeterum</strong></span> <span class='ocrx_word' id='word_1_259' title='bbox 988 3343 1045 3389; x_wconf 91' lang='lat' dir='ltr'><strong>et</strong></span> <span class='ocrx_word' id='word_1_260' title='bbox 1090 3333 1309 3389; x_wconf 86' lang='lat' dir='ltr'><strong>tristitia</strong></span> <span class='ocrx_word' id='word_1_261' title='bbox 1342 3334 1523 3401; x_wconf 70' lang='lat' dir='ltr'><strong>arguit</strong></span> <span class='ocrx_word' id='word_1_262' title='bbox 1560 3348 1683 3389; x_wconf 88' lang='lat' dir='ltr'><strong>eum</strong></span> <span class='ocrx_word' id='word_1_263' title='bbox 1718 3332 2038 3388; x_wconf 80' lang='lat' dir='ltr'><strong>benevolum</strong></span> <span class='ocrx_word' id='word_1_264' title='bbox 2064 3338 2120 3386; x_wconf 90' lang='lat' dir='ltr'><strong>et</strong></span> <span class='ocrx_word' id='word_1_265' title='bbox 2152 3346 2259 3387; x_wconf 90' lang='lat' dir='ltr'><strong>non</strong></span> 
     </span>
    </p>
   </div>
   <div class='ocr_carea' id='block_1_37' title="bbox 671 3425 2257 3497">
    <p class='ocr_par' dir='ltr' id='par_1_37' title="bbox 671 3425 2257 3497">
     <span class='ocr_line' id='line_1_37' title="bbox 671 3425 2257 3497; baseline -0.003 -15"><span class='ocrx_word' id='word_1_266' title='bbox 671 3429 971 3497; x_wconf 77' lang='lat' dir='ltr'><strong>malignum</strong></span> <span class='ocrx_word' id='word_1_267' title='bbox 996 3426 1182 3484; x_wconf 86' lang='lat' dir='ltr'><strong>fuisse.</strong></span> <span class='ocrx_word' id='word_1_268' title='bbox 1205 3426 1395 3483; x_wconf 80' lang='lat' dir='ltr'><strong>Nullus</strong></span> <span class='ocrx_word' id='word_1_269' title='bbox 1417 3427 1562 3482; x_wconf 90' lang='lat' dir='ltr'><strong>enim</strong></span> <span class='ocrx_word' id='word_1_270' title='bbox 1585 3425 1987 3483; x_wconf 65' lang='lat' dir='ltr'><strong>Pharismorum</strong></span> <span class='ocrx_word' id='word_1_271' title='bbox 2021 3440 2257 3495; x_wconf 84' lang='lat' dir='ltr'><strong>unquam</strong></span> 
     </span>
    </p>
   </div>
   <div class='ocr_carea' id='block_1_38' title="bbox 672 3516 2260 3589">
    <p class='ocr_par' dir='ltr' id='par_1_38' title="bbox 672 3516 2260 3589">
     <span class='ocr_line' id='line_1_38' title="bbox 672 3516 2260 3589; baseline -0.003 -13"><span class='ocrx_word' id='word_1_272' title='bbox 672 3518 849 3577; x_wconf 85' lang='lat' dir='ltr'><strong>tristis</strong></span> <span class='ocrx_word' id='word_1_273' title='bbox 899 3520 1053 3584; x_wconf 86' lang='lat' dir='ltr'><strong>abiit,</strong></span> <span class='ocrx_word' id='word_1_274' title='bbox 1108 3521 1203 3577; x_wconf 89' lang='lat' dir='ltr'><strong>sed</strong></span> <span class='ocrx_word' id='word_1_275' title='bbox 1253 3530 1613 3589; x_wconf 78' lang='lat' dir='ltr'><strong>exasperatus</strong></span> <span class='ocrx_word' id='word_1_276' title='bbox 1666 3520 1869 3589; x_wconf 81' lang='lat' dir='ltr'><strong>potius.</strong></span> <span class='ocrx_word' id='word_1_277' title='bbox 1912 3516 2030 3573; x_wconf 87' lang='lat' dir='ltr'><strong>Non</strong></span> <span class='ocrx_word' id='word_1_278' title='bbox 2072 3518 2260 3589; x_wconf 76' lang='lat' dir='ltr'><strong>ignoro</strong></span> 
     </span>
    </p>
   </div>
   <div class='ocr_carea' id='block_1_39' title="bbox 676 3602 2261 3685">
    <p class='ocr_par' dir='ltr' id='par_1_39' title="bbox 676 3602 2261 3685">
     <span class='ocr_line' id='line_1_39' title="bbox 676 3602 2261 3685; baseline -0.001 -18"><span class='ocrx_word' id='word_1_279' title='bbox 676 3622 854 3668; x_wconf 87' lang='lat' dir='ltr'><strong>autem</strong></span> <span class='ocrx_word' id='word_1_280' title='bbox 882 3602 1025 3683; x_wconf 74' lang='lat' dir='ltr'><strong>quod</strong></span> <span class='ocrx_word' id='word_1_281' title='bbox 1052 3628 1306 3685; x_wconf 76' lang='lat' dir='ltr'><strong>magnum</strong></span> <span class='ocrx_word' id='word_1_282' title='bbox 1338 3612 1605 3668; x_wconf 87' lang='lat' dir='ltr'><strong>luminare</strong></span> <span class='ocrx_word' id='word_1_283' title='bbox 1629 3613 1811 3667; x_wconf 88' lang='lat' dir='ltr'><strong>mundi</strong></span> <span class='ocrx_word' id='word_1_284' title='bbox 1839 3611 2261 3683; x_wconf 81' lang='lat' dir='ltr'><strong>Chrysostomus</strong></span> 
     </span>
    </p>
   </div>
   <div class='ocr_carea' id='block_1_40' title="bbox 676 3705 2261 3761">
    <p class='ocr_par' dir='ltr' id='par_1_40' title="bbox 676 3705 2261 3761">
     <span class='ocr_line' id='line_1_40' title="bbox 676 3705 2261 3761; baseline -0.001 -1"><span class='ocrx_word' id='word_1_285' title='bbox 676 3706 1081 3761; x_wconf 81' lang='lat' dir='ltr'><strong>adolescentem</strong></span> <span class='ocrx_word' id='word_1_286' title='bbox 1114 3705 1263 3760; x_wconf 88' lang='lat' dir='ltr'><strong>hunc</strong></span> <span class='ocrx_word' id='word_1_287' title='bbox 1288 3721 1418 3761; x_wconf 84' lang='lat' dir='ltr'><strong>vere</strong></span> <span class='ocrx_word' id='word_1_288' title='bbox 1446 3715 1701 3761; x_wconf 64' lang='lat' dir='ltr'><strong>aeternam</strong></span> <span class='ocrx_word' id='word_1_289' title='bbox 1728 3706 1890 3759; x_wconf 87' lang='lat' dir='ltr'><strong>vitam</strong></span> <span class='ocrx_word' id='word_1_290' title='bbox 1922 3705 2261 3760; x_wconf 80' lang='lat' dir='ltr'><strong>desiderasse</strong></span> 
     </span>
    </p>
   </div>
   <div class='ocr_carea' id='block_1_41' title="bbox 674 3796 2263 3868">
    <p class='ocr_par' dir='ltr' id='par_1_41' title="bbox 674 3796 2263 3868">
     <span class='ocr_line' id='line_1_41' title="bbox 674 3796 2263 3868; baseline -0.001 -15"><span class='ocrx_word' id='word_1_291' title='bbox 674 3799 899 3866; x_wconf 85' lang='lat' dir='ltr'><strong>putarit,</strong></span> <span class='ocrx_word' id='word_1_292' title='bbox 932 3808 987 3854; x_wconf 89' lang='lat' dir='ltr'><strong>et</strong></span> <span class='ocrx_word' id='word_1_293' title='bbox 1033 3800 1177 3867; x_wconf 91' lang='lat' dir='ltr'><strong>quod</strong></span> <span class='ocrx_word' id='word_1_294' title='bbox 1221 3798 1368 3853; x_wconf 85' lang='lat' dir='ltr'><strong>illam</strong></span> <span class='ocrx_word' id='word_1_295' title='bbox 1407 3799 1623 3868; x_wconf 89' lang='lat' dir='ltr'><strong>quidem</strong></span> <span class='ocrx_word' id='word_1_296' title='bbox 1669 3798 1954 3862; x_wconf 86' lang='lat' dir='ltr'><strong>amaverit,</strong></span> <span class='ocrx_word' id='word_1_297' title='bbox 1987 3796 2263 3852; x_wconf 87' lang='lat' dir='ltr'><strong>laborasse</strong></span> 
     </span>
    </p>
   </div>
   <div class='ocr_carea' id='block_1_42' title="bbox 677 3874 2260 3946">
    <p class='ocr_par' dir='ltr' id='par_1_42' title="bbox 677 3874 2260 3946">
     <span class='ocr_line' id='line_1_42' title="bbox 677 3874 2260 3946; baseline -0.002 -2"><span class='ocrx_word' id='word_1_298' title='bbox 677 3902 858 3945; x_wconf 87' lang='lat' dir='ltr'><strong>autem</strong></span> <span class='ocrx_word' id='word_1_299' title='bbox 891 3890 1191 3945; x_wconf 81' lang='lat' dir='ltr'><strong>diliieiliore</strong></span> <span class='ocrx_word' id='word_1_300' title='bbox 1226 3874 1418 3946; x_wconf 68' lang='lat' dir='ltr'><strong>m‘brbo</strong></span> <span class='ocrx_word' id='word_1_301' title='bbox 1448 3890 1692 3944; x_wconf 75' lang='lat' dir='ltr'><strong>avaritim</strong></span> <span class='ocrx_word' id='word_1_302' title='bbox 1724 3906 1737 3943; x_wconf 85' lang='lat'><strong>:</strong></span> <span class='ocrx_word' id='word_1_303' title='bbox 1775 3888 2125 3943; x_wconf 88' lang='lat' dir='ltr'><strong>nihilominus</strong></span> <span class='ocrx_word' id='word_1_304' title='bbox 2157 3903 2260 3943; x_wconf 89' lang='lat' dir='ltr'><strong>non</strong></span> 
     </span>
    </p>
   </div>
   <div class='ocr_carea' id='block_1_43' title="bbox 678 3980 2261 4062">
    <p class='ocr_par' dir='ltr' id='par_1_43' title="bbox 678 3980 2261 4062">
     <span class='ocr_line' id='line_1_43' title="bbox 678 3980 2261 4062; baseline -0.002 -26"><span class='ocrx_word' id='word_1_305' title='bbox 678 3992 827 4038; x_wconf 86' lang='lat' dir='ltr'><strong>caret</strong></span> <span class='ocrx_word' id='word_1_306' title='bbox 860 3985 1031 4053; x_wconf 79' lang='lat' dir='ltr'><strong>gratia</strong></span> <span class='ocrx_word' id='word_1_307' title='bbox 1065 3985 1209 4053; x_wconf 88' lang='lat' dir='ltr'><strong>quod</strong></span> <span class='ocrx_word' id='word_1_308' title='bbox 1239 4000 1383 4062; x_wconf 78' lang='lat' dir='ltr'><strong>nunc</strong></span> <span class='ocrx_word' id='word_1_309' title='bbox 1416 3984 1685 4053; x_wconf 79' lang='lat' dir='ltr'><strong>adjectum</strong></span> <span class='ocrx_word' id='word_1_310' title='bbox 1708 3992 1810 4048; x_wconf 87' lang='lat' dir='ltr'><strong>est,</strong></span> <span class='ocrx_word' id='word_1_311' title='bbox 1833 3980 1975 4053; x_wconf 88' lang='lat' dir='ltr'><strong>quod</strong></span> <span class='ocrx_word' id='word_1_312' title='bbox 2010 3991 2261 4052; x_wconf 88' lang='lat' dir='ltr'><strong>tanquam</strong></span> 
     </span>
    </p>
   </div>
   <div class='ocr_carea' id='block_1_44' title="bbox 678 4076 1813 4132">
    <p class='ocr_par' dir='ltr' id='par_1_44' title="bbox 678 4076 1813 4132">
     <span class='ocr_line' id='line_1_44' title="bbox 678 4076 1813 4132; baseline 0.001 -3"><span class='ocrx_word' id='word_1_313' title='bbox 678 4088 875 4131; x_wconf 87' lang='lat' dir='ltr'><strong>avarus</strong></span> <span class='ocrx_word' id='word_1_314' title='bbox 912 4077 1074 4130; x_wconf 79' lang='lat' dir='ltr'><strong>vitam</strong></span> <span class='ocrx_word' id='word_1_315' title='bbox 1110 4086 1372 4132; x_wconf 64' lang='lat' dir='ltr'><strong>aeternam</strong></span> <span class='ocrx_word' id='word_1_316' title='bbox 1404 4076 1813 4131; x_wconf 87' lang='lat' dir='ltr'><strong>desideraverit.</strong></span> 
     </span>
    </p>
   </div>
   <div class='ocr_carea' id='block_1_45' title="bbox 753 4166 2263 4224">
    <p class='ocr_par' dir='ltr' id='par_1_45' title="bbox 753 4166 2263 4224">
     <span class='ocr_line' id='line_1_45' title="bbox 753 4166 2263 4224; baseline 0.002 -3"><span class='ocrx_word' id='word_1_317' title='bbox 753 4168 920 4221; x_wconf 75' lang='lat' dir='ltr'><strong>Vens.</strong></span> <span class='ocrx_word' id='word_1_318' title='bbox 955 4168 1151 4223; x_wconf 63' lang='lat'><strong>24-50.</strong></span> <span class='ocrx_word' id='word_1_319' title='bbox 1184 4188 1203 4221; x_wconf 80' lang='grc' dir='ltr'><strong>ι</strong></span> <span class='ocrx_word' id='word_1_320' title='bbox 1237 4168 1438 4224; x_wconf 75' lang='lat' dir='ltr'><strong>Videris</strong></span> <span class='ocrx_word' id='word_1_321' title='bbox 1465 4179 1644 4222; x_wconf 86' lang='lat' dir='ltr'><strong>autem</strong></span> <span class='ocrx_word' id='word_1_322' title='bbox 1672 4166 1831 4224; x_wconf 83' lang='lat' dir='ltr'><strong>Jesus</strong></span> <span class='ocrx_word' id='word_1_323' title='bbox 1855 4169 2004 4223; x_wconf 90' lang='lat' dir='ltr'><strong>illum</strong></span> <span class='ocrx_word' id='word_1_324' title='bbox 2030 4182 2263 4224; x_wconf 74' lang='lat' dir='ltr'><strong>mmrore</strong></span> 
     </span>
    </p>
   </div>
   <div class='ocr_carea' id='block_1_46' title="bbox 680 4259 2261 4330">
    <p class='ocr_par' dir='ltr' id='par_1_46' title="bbox 680 4259 2261 4330">
     <span class='ocr_line' id='line_1_46' title="bbox 680 4259 2261 4330; baseline 0 -18"><span class='ocrx_word' id='word_1_325' title='bbox 680 4259 955 4327; x_wconf 66' lang='lat' dir='ltr'><strong>allectum,</strong></span> <span class='ocrx_word' id='word_1_326' title='bbox 987 4261 1157 4314; x_wconf 74' lang='lat' dir='ltr'><strong>dixit:</strong></span> <span class='ocrx_word' id='word_1_327' title='bbox 1180 4260 1352 4327; x_wconf 87' lang='lat' dir='ltr'><strong>Quam</strong></span> <span class='ocrx_word' id='word_1_328' title='bbox 1387 4259 1603 4315; x_wconf 90' lang='lat' dir='ltr'><strong>diillcile</strong></span> <span class='ocrx_word' id='word_1_329' title='bbox 1626 4259 1718 4330; x_wconf 92' lang='lat' dir='ltr'><strong>qui</strong></span> <span class='ocrx_word' id='word_1_330' title='bbox 1755 4260 2012 4329; x_wconf 65' lang='lat' dir='ltr'><strong>pecunias</strong></span> <span class='ocrx_word' id='word_1_331' title='bbox 2040 4260 2261 4326; x_wconf 88' lang='lat' dir='ltr'><strong>habent,</strong></span> 
     </span>
    </p>
   </div>
   <div class='ocr_carea' id='block_1_47' title="bbox 679 4350 2261 4423">
    <p class='ocr_par' dir='ltr' id='par_1_47' title="bbox 679 4350 2261 4423">
     <span class='ocr_line' id='line_1_47' title="bbox 679 4350 2261 4423; baseline 0.002 -18"><span class='ocrx_word' id='word_1_332' title='bbox 679 4352 734 4405; x_wconf 90' lang='lat' dir='ltr'><strong>in</strong></span> <span class='ocrx_word' id='word_1_333' title='bbox 778 4367 1003 4423; x_wconf 69' lang='lat' dir='ltr'><strong>regnum</strong></span> <span class='ocrx_word' id='word_1_334' title='bbox 1046 4352 1135 4407; x_wconf 88' lang='lat' dir='ltr'><strong>Dei</strong></span> <span class='ocrx_word' id='word_1_335' title='bbox 1173 4352 1486 4407; x_wconf 79' lang='lat' dir='ltr'><strong>intrabunt!</strong></span> <span class='ocrx_word' id='word_1_336' title='bbox 1514 4351 1750 4408; x_wconf 84' lang='lat' dir='ltr'><strong>Facilius</strong></span> <span class='ocrx_word' id='word_1_337' title='bbox 1798 4350 2057 4407; x_wconf 65' lang='lat' dir='ltr'><strong>est‘enim</strong></span> <span class='ocrx_word' id='word_1_338' title='bbox 2085 4366 2261 4408; x_wconf 84' lang='lat' dir='ltr'><strong>came-</strong></span> 
     </span>
    </p>
   </div>
   <div class='ocr_carea' id='block_1_48' title="bbox 678 4445 2265 4515">
    <p class='ocr_par' dir='ltr' id='par_1_48' title="bbox 678 4445 2265 4515">
     <span class='ocr_line' id='line_1_48' title="bbox 678 4445 2265 4515; baseline -0.001 -15"><span class='ocrx_word' id='word_1_339' title='bbox 678 4446 789 4500; x_wconf 90' lang='lat' dir='ltr'><strong>lum</strong></span> <span class='ocrx_word' id='word_1_340' title='bbox 826 4461 921 4513; x_wconf 87' lang='lat' dir='ltr'><strong>per</strong></span> <span class='ocrx_word' id='word_1_341' title='bbox 972 4445 1214 4499; x_wconf 87' lang='lat' dir='ltr'><strong>foramen</strong></span> <span class='ocrx_word' id='word_1_342' title='bbox 1260 4461 1392 4501; x_wconf 89' lang='lat' dir='ltr'><strong>acus</strong></span> <span class='ocrx_word' id='word_1_343' title='bbox 1440 4447 1695 4511; x_wconf 89' lang='lat' dir='ltr'><strong>transire,</strong></span> <span class='ocrx_word' id='word_1_344' title='bbox 1730 4462 1889 4515; x_wconf 91' lang='lat' dir='ltr'><strong>quam</strong></span> <span class='ocrx_word' id='word_1_345' title='bbox 1922 4447 2140 4501; x_wconf 88' lang='lat' dir='ltr'><strong>divitem</strong></span> <span class='ocrx_word' id='word_1_346' title='bbox 2182 4446 2265 4500; x_wconf 89' lang='lat' dir='ltr'><strong>in-</strong></span> 
     </span>
    </p>
   </div>
   <div class='ocr_carea' id='block_1_49' title="bbox 2357 573 3949 657">
    <p class='ocr_par' dir='ltr' id='par_1_49' title="bbox 2357 573 3949 657">
     <span class='ocr_line' id='line_1_49' title="bbox 2357 573 3949 657; baseline 0.008 -32"><span class='ocrx_word' id='word_1_347' title='bbox 2357 573 2431 627; x_wconf 84' lang='grc' dir='ltr'><strong>Τὸ</strong></span> <span class='ocrx_word' id='word_1_348' title='bbox 2454 573 2510 629; x_wconf 68' lang='grc' dir='ltr'>δὲ</span> <span class='ocrx_word' id='word_1_349' title='bbox 2546 574 2802 630; x_wconf 75' lang='grc' dir='ltr'><strong>κλέπτειν</strong></span> <span class='ocrx_word' id='word_1_350' title='bbox 2843 578 3227 651; x_wconf 71' lang='grc' dir='ltr'>ἐλαφρότερον,</span> <span class='ocrx_word' id='word_1_351' title='bbox 3278 578 3371 633; x_wconf 73' lang='grc' dir='ltr'>καὶ</span> <span class='ocrx_word' id='word_1_352' title='bbox 3399 582 3463 652; x_wconf 78' lang='grc' dir='ltr'>τῇ</span> <span class='ocrx_word' id='word_1_353' title='bbox 3498 580 3949 657; x_wconf 65' lang='grc' dir='ltr'>ψευδομαρτυρίᾳ</span> 
     </span>
    </p>
   </div>
   <div class='ocr_carea' id='block_1_50' title="bbox 2359 668 3949 747">
    <p class='ocr_par' dir='ltr' id='par_1_50' title="bbox 2359 668 3949 747">
     <span class='ocr_line' id='line_1_50' title="bbox 2359 668 3949 747; baseline 0.006 -27"><span class='ocrx_word' id='word_1_354' title='bbox 2359 668 2648 732; x_wconf 80' lang='grc' dir='ltr'><strong>σπανιάκις</strong></span> <span class='ocrx_word' id='word_1_355' title='bbox 2685 669 3038 741; x_wconf 80' lang='grc' dir='ltr'><strong>περιπίπτειν</strong></span> <span class='ocrx_word' id='word_1_356' title='bbox 3061 671 3197 726; x_wconf 76' lang='grc' dir='ltr'>ἐστι.</span> <span class='ocrx_word' id='word_1_357' title='bbox 3225 671 3317 726; x_wconf 78' lang='grc' dir='ltr'>Διδ</span> <span class='ocrx_word' id='word_1_358' title='bbox 3336 675 3521 728; x_wconf 87' lang='grc' dir='ltr'>ὲκεῖνα</span> <span class='ocrx_word' id='word_1_359' title='bbox 3553 675 3653 744; x_wconf 67' lang='grc' dir='ltr'>μιν</span> <span class='ocrx_word' id='word_1_360' title='bbox 3681 678 3949 747; x_wconf 77' lang='grc' dir='ltr'>πρότερον</span> 
     </span>
    </p>
   </div>
   <div class='ocr_carea' id='block_1_51' title="bbox 2356 759 3944 836">
    <p class='ocr_par' dir='ltr' id='par_1_51' title="bbox 2356 759 3944 836">
     <span class='ocr_line' id='line_1_51' title="bbox 2356 759 3944 836; baseline 0.005 -23"><span class='ocrx_word' id='word_1_361' title='bbox 2356 760 2687 832; x_wconf 84' lang='grc' dir='ltr'>διορθοῦται,</span> <span class='ocrx_word' id='word_1_362' title='bbox 2712 759 2801 817; x_wconf 76' lang='grc' dir='ltr'><strong>οἷα</strong></span> <span class='ocrx_word' id='word_1_363' title='bbox 2830 764 3069 828; x_wconf 79' lang='grc' dir='ltr'>εὐκόλως</span> <span class='ocrx_word' id='word_1_364' title='bbox 3096 764 3255 836; x_wconf 81' lang='grc' dir='ltr'>ἡμῶν</span> <span class='ocrx_word' id='word_1_365' title='bbox 3287 767 3369 830; x_wconf 85' lang='grc' dir='ltr'><strong>εἰς</strong></span> <span class='ocrx_word' id='word_1_366' title='bbox 3394 768 3579 821; x_wconf 84' lang='grc' dir='ltr'>ὲκεῖνα</span> <span class='ocrx_word' id='word_1_367' title='bbox 3606 768 3944 823; x_wconf 74' lang='grc' dir='ltr'>ὀλισθαινόν-</span> 
     </span>
    </p>
   </div>
   <div class='ocr_carea' id='block_1_52' title="bbox 2356 855 3947 933">
    <p class='ocr_par' dir='ltr' id='par_1_52' title="bbox 2356 855 3947 933">
     <span class='ocr_line' id='line_1_52' title="bbox 2356 855 3947 933; baseline 0.004 -25"><span class='ocrx_word' id='word_1_368' title='bbox 2356 872 2488 918; x_wconf 88' lang='grc' dir='ltr'>των,</span> <span class='ocrx_word' id='word_1_369' title='bbox 2520 856 2616 910; x_wconf 77' lang='grc' dir='ltr'>καὶ</span> <span class='ocrx_word' id='word_1_370' title='bbox 2647 855 2824 920; x_wconf 72' lang='grc' dir='ltr'>ἄλλως</span> <span class='ocrx_word' id='word_1_371' title='bbox 2864 856 3138 929; x_wconf 84' lang='grc' dir='ltr'>βαρύτερα</span> <span class='ocrx_word' id='word_1_372' title='bbox 3166 857 3313 913; x_wconf 79' lang='grc' dir='ltr'>ὐντα.</span> <span class='ocrx_word' id='word_1_373' title='bbox 3354 859 3538 914; x_wconf 89' lang='grc' dir='ltr'>Ταῦτα</span> <span class='ocrx_word' id='word_1_374' title='bbox 3578 860 3795 933; x_wconf 60' lang='lat' dir='ltr'><strong>at..ch</strong></span> <span class='ocrx_word' id='word_1_375' title='bbox 3823 863 3947 916; x_wconf 87' lang='grc' dir='ltr'>κλο-</span> 
     </span>
    </p>
   </div>
   <div class='ocr_carea' id='block_1_53' title="bbox 2358 949 3943 1025">
    <p class='ocr_par' dir='ltr' id='par_1_53' title="bbox 2358 949 3943 1025">
     <span class='ocr_line' id='line_1_53' title="bbox 2358 949 3943 1025; baseline 0.002 -21"><span class='ocrx_word' id='word_1_376' title='bbox 2358 952 2469 1022; x_wconf 81' lang='grc' dir='ltr'>πήν</span> <span class='ocrx_word' id='word_1_377' title='bbox 2494 968 2661 1021; x_wconf 85' lang='grc' dir='ltr'>φημι,</span> <span class='ocrx_word' id='word_1_378' title='bbox 2689 952 2783 1025; x_wconf 78' lang='grc' dir='ltr'>καὶ</span> <span class='ocrx_word' id='word_1_379' title='bbox 2798 950 2898 1021; x_wconf 78' lang='grc' dir='ltr'>τὴν</span> <span class='ocrx_word' id='word_1_380' title='bbox 2931 949 3433 1023; x_wconf 73' lang='grc' dir='ltr'>ψευδομαρτυρίαν,</span> <span class='ocrx_word' id='word_1_381' title='bbox 3457 952 3687 1025; x_wconf 87' lang='grc' dir='ltr'>δεύτερα</span> <span class='ocrx_word' id='word_1_382' title='bbox 3706 953 3943 1025; x_wconf 87' lang='grc' dir='ltr'>τίθησιν,</span> 
     </span>
    </p>
   </div>
   <div class='ocr_carea' id='block_1_54' title="bbox 2357 1044 3946 1119">
    <p class='ocr_par' dir='ltr' id='par_1_54' title="bbox 2357 1044 3946 1119">
     <span class='ocr_line' id='line_1_54' title="bbox 2357 1044 3946 1119; baseline 0.001 -21"><span class='ocrx_word' id='word_1_383' title='bbox 2357 1044 2435 1110; x_wconf 83' lang='grc' dir='ltr'><strong>ὡς</strong></span> <span class='ocrx_word' id='word_1_384' title='bbox 2463 1046 2556 1100; x_wconf 70' lang='grc' dir='ltr'>καὶ</span> <span class='ocrx_word' id='word_1_385' title='bbox 2590 1046 2885 1108; x_wconf 81' lang='grc' dir='ltr'>σπανιάκις</span> <span class='ocrx_word' id='word_1_386' title='bbox 2911 1046 3230 1110; x_wconf 80' lang='grc' dir='ltr'>ἀπατῶντα,</span> <span class='ocrx_word' id='word_1_387' title='bbox 3256 1047 3351 1100; x_wconf 72' lang='grc' dir='ltr'>καὶ</span> <span class='ocrx_word' id='word_1_388' title='bbox 3393 1046 3761 1119; x_wconf 71' lang='grc' dir='ltr'>ἐλαφρότερα.</span> <span class='ocrx_word' id='word_1_389' title='bbox 3789 1048 3946 1103; x_wconf 75' lang='grc' dir='ltr'>Ἐπεὶ</span> 
     </span>
    </p>
   </div>
   <div class='ocr_carea' id='block_1_55' title="bbox 2357 1138 3945 1212">
    <p class='ocr_par' dir='ltr' id='par_1_55' title="bbox 2357 1138 3945 1212">
     <span class='ocr_line' id='line_1_55' title="bbox 2357 1138 3945 1212; baseline 0.001 -19"><span class='ocrx_word' id='word_1_390' title='bbox 2357 1139 2494 1194; x_wconf 82' lang='grc' dir='ltr'>δὲτὸ</span> <span class='ocrx_word' id='word_1_391' title='bbox 2516 1141 2596 1202; x_wconf 78' lang='grc' dir='ltr'><strong>εἰς</strong></span> <span class='ocrx_word' id='word_1_392' title='bbox 2628 1141 2806 1208; x_wconf 93' lang='grc' dir='ltr'>γονεῖς</span> <span class='ocrx_word' id='word_1_393' title='bbox 2830 1138 3189 1211; x_wconf 77' lang='grc' dir='ltr'>ἁμαρτάνειν,</span> <span class='ocrx_word' id='word_1_394' title='bbox 3212 1143 3261 1193; x_wconf 81' lang='grc' dir='ltr'><strong>εί</strong></span> <span class='ocrx_word' id='word_1_395' title='bbox 3282 1139 3377 1194; x_wconf 77' lang='grc' dir='ltr'>καὶ</span> <span class='ocrx_word' id='word_1_396' title='bbox 3401 1140 3544 1210; x_wconf 72' lang='grc' dir='ltr'>μέγα</span> <span class='ocrx_word' id='word_1_397' title='bbox 3574 1142 3727 1195; x_wconf 68' lang='grc' dir='ltr'>ἐστὶν</span> <span class='ocrx_word' id='word_1_398' title='bbox 3757 1142 3945 1212; x_wconf 80' lang='grc' dir='ltr'>ἁμαρ-</span> 
     </span>
    </p>
   </div>
   <div class='ocr_carea' id='block_1_56' title="bbox 2357 1229 3945 1306">
    <p class='ocr_par' dir='ltr' id='par_1_56' title="bbox 2357 1229 3945 1306">
     <span class='ocr_line' id='line_1_56' title="bbox 2357 1229 3945 1306; baseline 0.002 -21"><span class='ocrx_word' id='word_1_399' title='bbox 2357 1247 2528 1302; x_wconf 86' lang='grc' dir='ltr'>τημα,</span> <span class='ocrx_word' id='word_1_400' title='bbox 2552 1230 2669 1285; x_wconf 81' lang='grc' dir='ltr'>ἀλλ’</span> <span class='ocrx_word' id='word_1_401' title='bbox 2698 1230 2791 1285; x_wconf 82' lang='grc' dir='ltr'><strong>οῦν</strong></span> <span class='ocrx_word' id='word_1_402' title='bbox 2816 1229 2891 1294; x_wconf 81' lang='grc' dir='ltr'><strong>ὡς</strong></span> <span class='ocrx_word' id='word_1_403' title='bbox 2921 1231 2997 1303; x_wconf 76' lang='grc' dir='ltr'>μὴ</span> <span class='ocrx_word' id='word_1_404' title='bbox 3031 1232 3294 1302; x_wconf 81' lang='grc' dir='ltr'><strong>συχνάκις</strong></span> <span class='ocrx_word' id='word_1_405' title='bbox 3323 1233 3621 1303; x_wconf 71' lang='grc' dir='ltr'>συμϐαῖνον</span> <span class='ocrx_word' id='word_1_406' title='bbox 3644 1249 3658 1262; x_wconf 74' lang='grc' dir='ltr'><strong>ο</strong></span> <span class='ocrx_word' id='word_1_407' title='bbox 3683 1233 3808 1286; x_wconf 74' lang='grc' dir='ltr'>οὐδὲ</span> <span class='ocrx_word' id='word_1_408' title='bbox 3840 1235 3945 1306; x_wconf 82' lang='grc' dir='ltr'>γὰρ</span> 
     </span>
    </p>
   </div>
   <div class='ocr_carea' id='block_1_57' title="bbox 2356 1318 3946 1395">
    <p class='ocr_par' dir='ltr' id='par_1_57' title="bbox 2356 1318 3946 1395">
     <span class='ocr_line' id='line_1_57' title="bbox 2356 1318 3946 1395; baseline 0.001 -18"><span class='ocrx_word' id='word_1_409' title='bbox 2356 1322 2618 1378; x_wconf 89' lang='grc' dir='ltr'>τοσοῦτον</span> <span class='ocrx_word' id='word_1_410' title='bbox 2649 1322 2936 1395; x_wconf 82' lang='grc' dir='ltr'>θηριώδεις</span> <span class='ocrx_word' id='word_1_411' title='bbox 2962 1318 3203 1387; x_wconf 76' lang='grc' dir='ltr'>εὐκόλως</span> <span class='ocrx_word' id='word_1_412' title='bbox 3246 1324 3593 1394; x_wconf 78' lang='grc' dir='ltr'>εὑρίσκονται</span> <span class='ocrx_word' id='word_1_413' title='bbox 3633 1324 3681 1377; x_wconf 92' lang='grc' dir='ltr'><strong>οί</strong></span> <span class='ocrx_word' id='word_1_414' title='bbox 3736 1323 3946 1389; x_wconf 73' lang='grc' dir='ltr'>πολλοὶ,</span> 
     </span>
    </p>
   </div>
   <div class='ocr_carea' id='block_1_58' title="bbox 2355 1415 3944 1490">
    <p class='ocr_par' dir='ltr' id='par_1_58' title="bbox 2355 1415 3944 1490">
     <span class='ocr_line' id='line_1_58' title="bbox 2355 1415 3944 1490; baseline 0.001 -19"><span class='ocrx_word' id='word_1_415' title='bbox 2355 1415 2431 1479; x_wconf 85' lang='grc' dir='ltr'>ὡς</span> <span class='ocrx_word' id='word_1_416' title='bbox 2463 1418 2543 1481; x_wconf 91' lang='grc' dir='ltr'><strong>εἰς</strong></span> <span class='ocrx_word' id='word_1_417' title='bbox 2583 1420 2763 1485; x_wconf 78' lang='grc' dir='ltr'>γονεῖς</span> <span class='ocrx_word' id='word_1_418' title='bbox 2805 1420 3105 1490; x_wconf 77' lang='grc' dir='ltr'>παροινεῖν,</span> <span class='ocrx_word' id='word_1_419' title='bbox 3157 1417 3273 1472; x_wconf 80' lang='grc' dir='ltr'>ἀλλ’</span> <span class='ocrx_word' id='word_1_420' title='bbox 3321 1418 3592 1489; x_wconf 82' lang='grc' dir='ltr'>ὀλιγάκις,</span> <span class='ocrx_word' id='word_1_421' title='bbox 3625 1421 3724 1474; x_wconf 75' lang='grc' dir='ltr'>καὶ</span> <span class='ocrx_word' id='word_1_422' title='bbox 3751 1419 3944 1489; x_wconf 75' lang='grc' dir='ltr'>ὀλίγοιο</span> 
     </span>
    </p>
   </div>
   <div class='ocr_carea' id='block_1_59' title="bbox 2358 1509 3946 1584">
    <p class='ocr_par' dir='ltr' id='par_1_59' title="bbox 2358 1509 3946 1584">
     <span class='ocr_line' id='line_1_59' title="bbox 2358 1509 3946 1584; baseline 0.001 -19"><span class='ocrx_word' id='word_1_423' title='bbox 2358 1509 2589 1584; x_wconf 79' lang='grc' dir='ltr'>ὕστερον</span> <span class='ocrx_word' id='word_1_424' title='bbox 2620 1511 2828 1567; x_wconf 89' lang='grc' dir='ltr'>τούτων</span> <span class='ocrx_word' id='word_1_425' title='bbox 2867 1514 3140 1568; x_wconf 82' lang='grc' dir='ltr'>τέθεικεν.</span> <span class='ocrx_word' id='word_1_426' title='bbox 3190 1513 3280 1577; x_wconf 84' lang='grc' dir='ltr'>Ὠς</span> <span class='ocrx_word' id='word_1_427' title='bbox 3308 1512 3365 1567; x_wconf 80' lang='grc' dir='ltr'>δι</span> <span class='ocrx_word' id='word_1_428' title='bbox 3413 1514 3443 1567; x_wconf 91' lang='lat'><strong>6</strong></span> <span class='ocrx_word' id='word_1_429' title='bbox 3484 1512 3772 1578; x_wconf 81' lang='grc' dir='ltr'>νεανίσκος</span> <span class='ocrx_word' id='word_1_430' title='bbox 3824 1512 3946 1568; x_wconf 79' lang='grc' dir='ltr'>εἷπε</span> 
     </span>
    </p>
   </div>
   <div class='ocr_carea' id='block_1_60' title="bbox 2356 1602 3948 1678">
    <p class='ocr_par' dir='ltr' id='par_1_60' title="bbox 2356 1602 3948 1678">
     <span class='ocr_line' id='line_1_60' title="bbox 2356 1602 3948 1678; baseline 0.003 -21"><span class='ocrx_word' id='word_1_431' title='bbox 2356 1602 2531 1658; x_wconf 87' lang='grc' dir='ltr'>ταῦτα</span> <span class='ocrx_word' id='word_1_432' title='bbox 2566 1604 2746 1660; x_wconf 83' lang='grc' dir='ltr'>πάντα</span> <span class='ocrx_word' id='word_1_433' title='bbox 2780 1604 3119 1676; x_wconf 79' lang='grc' dir='ltr'>φυλάξασθαι</span> <span class='ocrx_word' id='word_1_434' title='bbox 3148 1608 3215 1661; x_wconf 79' lang='grc' dir='ltr'>ὲκ</span> <span class='ocrx_word' id='word_1_435' title='bbox 3246 1606 3522 1678; x_wconf 87' lang='grc' dir='ltr'>νεότητος,</span> <span class='ocrx_word' id='word_1_436' title='bbox 3560 1607 3622 1661; x_wconf 77' lang='grc' dir='ltr'>τὸ</span> <span class='ocrx_word' id='word_1_437' title='bbox 3648 1606 3948 1676; x_wconf 75' lang='grc' dir='ltr'>κεφάλαιον</span> 
     </span>
    </p>
   </div>
   <div class='ocr_carea' id='block_1_61' title="bbox 2357 1698 3947 1772">
    <p class='ocr_par' dir='ltr' id='par_1_61' title="bbox 2357 1698 3947 1772">
     <span class='ocr_line' id='line_1_61' title="bbox 2357 1698 3947 1772; baseline 0.003 -21"><span class='ocrx_word' id='word_1_438' title='bbox 2357 1698 2577 1752; x_wconf 82' lang='grc' dir='ltr'>πάντων</span> <span class='ocrx_word' id='word_1_439' title='bbox 2611 1698 2711 1769; x_wconf 73' lang='grc' dir='ltr'>τὴν</span> <span class='ocrx_word' id='word_1_440' title='bbox 2733 1698 3119 1770; x_wconf 82' lang='grc' dir='ltr'>ἀκτημοσύνην</span> <span class='ocrx_word' id='word_1_441' title='bbox 3140 1701 3170 1753; x_wconf 92' lang='lat'><strong>6</strong></span> <span class='ocrx_word' id='word_1_442' title='bbox 3193 1699 3399 1771; x_wconf 80' lang='grc' dir='ltr'>Κύριος</span> <span class='ocrx_word' id='word_1_443' title='bbox 3428 1699 3576 1772; x_wconf 86' lang='grc' dir='ltr'><strong>αὐτῷ</strong></span> <span class='ocrx_word' id='word_1_444' title='bbox 3605 1700 3947 1756; x_wconf 78' lang='grc' dir='ltr'>ὑποτίθεται.</span> 
     </span>
    </p>
   </div>
   <div class='ocr_carea' id='block_1_62' title="bbox 2360 1792 3945 1864">
    <p class='ocr_par' dir='ltr' id='par_1_62' title="bbox 2360 1792 3945 1864">
     <span class='ocr_line' id='line_1_62' title="bbox 2360 1792 3945 1864; baseline -0.001 -18"><span class='ocrx_word' id='word_1_445' title='bbox 2360 1793 2502 1863; x_wconf 83' lang='grc' dir='ltr'>Ὅρα</span> <span class='ocrx_word' id='word_1_446' title='bbox 2552 1793 2610 1847; x_wconf 69' lang='grc' dir='ltr'>δὲ</span> <span class='ocrx_word' id='word_1_447' title='bbox 2662 1794 2863 1862; x_wconf 89' lang='grc' dir='ltr'>νόμους</span> <span class='ocrx_word' id='word_1_448' title='bbox 2914 1793 3312 1864; x_wconf 79' lang='grc' dir='ltr'>Χριστιανικῆς</span> <span class='ocrx_word' id='word_1_449' title='bbox 3362 1793 3640 1858; x_wconf 86' lang='grc' dir='ltr'>πολιτείας</span> <span class='ocrx_word' id='word_1_450' title='bbox 3682 1792 3763 1863; x_wconf 82' lang='grc' dir='ltr'>τῷ</span> <span class='ocrx_word' id='word_1_451' title='bbox 3806 1793 3945 1857; x_wconf 71' lang='grc' dir='ltr'>ὄντι,</span> 
     </span>
    </p>
   </div>
   <div class='ocr_carea' id='block_1_63' title="bbox 2361 1884 3944 1957">
    <p class='ocr_par' dir='ltr' id='par_1_63' title="bbox 2361 1884 3944 1957">
     <span class='ocr_line' id='line_1_63' title="bbox 2361 1884 3944 1957; baseline -0.001 -18"><span class='ocrx_word' id='word_1_452' title='bbox 2361 1884 2547 1939; x_wconf 82' lang='grc' dir='ltr'>Πάντα</span> <span class='ocrx_word' id='word_1_453' title='bbox 2586 1886 2686 1939; x_wconf 87' lang='grc' dir='ltr'>ὅσα</span> <span class='ocrx_word' id='word_1_454' title='bbox 2718 1884 2864 1956; x_wconf 75' lang='grc' dir='ltr'>ἔχεις</span> <span class='ocrx_word' id='word_1_455' title='bbox 2897 1884 3170 1957; x_wconf 85' lang='grc' dir='ltr'>πώλησον,</span> <span class='ocrx_word' id='word_1_456' title='bbox 3188 1886 3382 1956; x_wconf 81' lang='grc' dir='ltr'>φησίν·</span> <span class='ocrx_word' id='word_1_457' title='bbox 3416 1887 3466 1940; x_wconf 92' lang='grc' dir='ltr'><strong>εἰ</strong></span> <span class='ocrx_word' id='word_1_458' title='bbox 3501 1886 3610 1956; x_wconf 87' lang='grc' dir='ltr'><strong>γάρ</strong></span> <span class='ocrx_word' id='word_1_459' title='bbox 3649 1902 3705 1937; x_wconf 88' lang='grc' dir='ltr'><strong>τι</strong></span> <span class='ocrx_word' id='word_1_460' title='bbox 3744 1886 3944 1938; x_wconf 65' lang='grc' dir='ltr'>ἐναπο-</span> 
     </span>
    </p>
   </div>
   <div class='ocr_carea' id='block_1_64' title="bbox 2365 1971 3948 2049">
    <p class='ocr_par' dir='ltr' id='par_1_64' title="bbox 2365 1971 3948 2049">
     <span class='ocr_line' id='line_1_64' title="bbox 2365 1971 3948 2049; baseline 0 -20"><span class='ocrx_word' id='word_1_461' title='bbox 2365 1977 2544 2049; x_wconf 76' lang='grc' dir='ltr'>μείνῃ,</span> <span class='ocrx_word' id='word_1_462' title='bbox 2581 1977 2794 2030; x_wconf 71' lang='grc' dir='ltr'>ἐκείνου</span> <span class='ocrx_word' id='word_1_463' title='bbox 2823 1977 3008 2041; x_wconf 90' lang='grc' dir='ltr'>δοῦλος</span> <span class='ocrx_word' id='word_1_464' title='bbox 3056 1971 3104 2031; x_wconf 85' lang='grc' dir='ltr'><strong>εἰ</strong></span> <span class='ocrx_word' id='word_1_465' title='bbox 3133 1995 3147 2010; x_wconf 78' lang='grc' dir='ltr'><strong><em>ο</em></strong></span> <span class='ocrx_word' id='word_1_466' title='bbox 3195 1978 3293 2031; x_wconf 77' lang='grc' dir='ltr'>καὶ</span> <span class='ocrx_word' id='word_1_467' title='bbox 3330 1978 3531 2043; x_wconf 81' lang='grc' dir='ltr'>διάδος,</span> <span class='ocrx_word' id='word_1_468' title='bbox 3562 1976 3624 2031; x_wconf 85' lang='grc' dir='ltr'><strong>οὐ</strong></span> <span class='ocrx_word' id='word_1_469' title='bbox 3655 1977 3948 2045; x_wconf 83' lang='grc' dir='ltr'>συγγενέσι</span> 
     </span>
    </p>
   </div>
   <div class='ocr_carea' id='block_1_65' title="bbox 2361 2067 3947 2140">
    <p class='ocr_par' dir='ltr' id='par_1_65' title="bbox 2361 2067 3947 2140">
     <span class='ocr_line' id='line_1_65' title="bbox 2361 2067 3947 2140; baseline 0.002 -19"><span class='ocrx_word' id='word_1_470' title='bbox 2361 2068 2659 2134; x_wconf 81' lang='grc' dir='ltr'>πλουσίοις,</span> <span class='ocrx_word' id='word_1_471' title='bbox 2686 2069 2826 2124; x_wconf 81' lang='grc' dir='ltr'>ἀλλὰ</span> <span class='ocrx_word' id='word_1_472' title='bbox 2854 2071 3109 2140; x_wconf 88' lang='grc' dir='ltr'>πτωχοῖς.</span> <span class='ocrx_word' id='word_1_473' title='bbox 3140 2067 3308 2139; x_wconf 83' lang='grc' dir='ltr'>υίμαι</span> <span class='ocrx_word' id='word_1_474' title='bbox 3332 2069 3389 2123; x_wconf 66' lang='grc' dir='ltr'>δὲ</span> <span class='ocrx_word' id='word_1_475' title='bbox 3416 2070 3498 2123; x_wconf 86' lang='grc' dir='ltr'><strong>δτι</strong></span> <span class='ocrx_word' id='word_1_476' title='bbox 3531 2068 3626 2123; x_wconf 63' lang='grc' dir='ltr'>καὶ.</span> <span class='ocrx_word' id='word_1_477' title='bbox 3648 2068 3711 2122; x_wconf 81' lang='grc' dir='ltr'>τὸ</span> <span class='ocrx_word' id='word_1_478' title='bbox 3733 2069 3947 2134; x_wconf 80' lang='grc' dir='ltr'>Διάδος,</span> 
     </span>
    </p>
   </div>
   <div class='ocr_carea' id='block_1_66' title="bbox 2362 2162 3946 2234">
    <p class='ocr_par' dir='ltr' id='par_1_66' title="bbox 2362 2162 3946 2234">
     <span class='ocr_line' id='line_1_66' title="bbox 2362 2162 3946 2234; baseline -0.001 -18"><span class='ocrx_word' id='word_1_479' title='bbox 2362 2163 2601 2234; x_wconf 77' lang='grc' dir='ltr'>ἔμφασιν</span> <span class='ocrx_word' id='word_1_480' title='bbox 2630 2162 2741 2233; x_wconf 73' lang='grc' dir='ltr'>ἔχει</span> <span class='ocrx_word' id='word_1_481' title='bbox 2792 2162 2890 2216; x_wconf 88' lang='grc' dir='ltr'><strong>τοῦ</strong></span> <span class='ocrx_word' id='word_1_482' title='bbox 2932 2162 3369 2234; x_wconf 47' lang='grc' dir='ltr'>μετάηκρίσεως,</span> <span class='ocrx_word' id='word_1_483' title='bbox 3414 2163 3510 2217; x_wconf 79' lang='grc' dir='ltr'>καὶ</span> <span class='ocrx_word' id='word_1_484' title='bbox 3549 2162 3623 2234; x_wconf 79' lang='grc' dir='ltr'>μὴ</span> <span class='ocrx_word' id='word_1_485' title='bbox 3656 2162 3732 2226; x_wconf 84' lang='grc' dir='ltr'><strong>ὡς</strong></span> <span class='ocrx_word' id='word_1_486' title='bbox 3765 2163 3946 2233; x_wconf 62' lang='grc' dir='ltr'>ἔτυχε,</span> 
     </span>
    </p>
   </div>
   <div class='ocr_carea' id='block_1_67' title="bbox 2364 2256 3948 2328">
    <p class='ocr_par' dir='ltr' id='par_1_67' title="bbox 2364 2256 3948 2328">
     <span class='ocr_line' id='line_1_67' title="bbox 2364 2256 3948 2328; baseline -0.001 -19"><span class='ocrx_word' id='word_1_487' title='bbox 2364 2258 2455 2310; x_wconf 71' lang='grc' dir='ltr'>τὸν</span> <span class='ocrx_word' id='word_1_488' title='bbox 2489 2257 2599 2310; x_wconf 87' lang='grc' dir='ltr'><strong>τῶν</strong></span> <span class='ocrx_word' id='word_1_489' title='bbox 2640 2256 2942 2327; x_wconf 85' lang='grc' dir='ltr'>χρημάτων</span> <span class='ocrx_word' id='word_1_490' title='bbox 2970 2256 3316 2328; x_wconf 75' lang='grc' dir='ltr'>σκορπισμδν</span> <span class='ocrx_word' id='word_1_491' title='bbox 3360 2256 3658 2311; x_wconf 86' lang='grc' dir='ltr'>ποιεῖσθαι.</span> <span class='ocrx_word' id='word_1_492' title='bbox 3699 2256 3864 2311; x_wconf 73' lang='grc' dir='ltr'>Ἐπεὶ</span> <span class='ocrx_word' id='word_1_493' title='bbox 3893 2256 3948 2309; x_wconf 73' lang='grc' dir='ltr'>δὲ</span> 
     </span>
    </p>
   </div>
   <div class='ocr_carea' id='block_1_68' title="bbox 2365 2348 3949 2422">
    <p class='ocr_par' dir='ltr' id='par_1_68' title="bbox 2365 2348 3949 2422">
     <span class='ocr_line' id='line_1_68' title="bbox 2365 2348 3949 2422; baseline -0.002 -19"><span class='ocrx_word' id='word_1_494' title='bbox 2365 2352 2461 2405; x_wconf 86' lang='grc' dir='ltr'>σὺν</span> <span class='ocrx_word' id='word_1_495' title='bbox 2489 2352 2553 2421; x_wconf 79' lang='grc' dir='ltr'>τῇ</span> <span class='ocrx_word' id='word_1_496' title='bbox 2585 2349 2944 2422; x_wconf 76' lang='grc' dir='ltr'>ἀκτημοσύνῃ</span> <span class='ocrx_word' id='word_1_497' title='bbox 2974 2349 3056 2403; x_wconf 86' lang='grc' dir='ltr'><strong>δεῖ</strong></span> <span class='ocrx_word' id='word_1_498' title='bbox 3081 2351 3303 2420; x_wconf 73' lang='grc' dir='ltr'>καΥτὴν</span> <span class='ocrx_word' id='word_1_499' title='bbox 3332 2349 3500 2419; x_wconf 75' lang='grc' dir='ltr'>ἄλλην</span> <span class='ocrx_word' id='word_1_500' title='bbox 3521 2348 3723 2421; x_wconf 81' lang='grc' dir='ltr'>ἀρετὴν</span> <span class='ocrx_word' id='word_1_501' title='bbox 3766 2349 3949 2403; x_wconf 77' lang='grc' dir='ltr'>πᾶσαν</span> 
     </span>
    </p>
   </div>
   <div class='ocr_carea' id='block_1_69' title="bbox 2363 2440 3950 2517">
    <p class='ocr_par' dir='ltr' id='par_1_69' title="bbox 2363 2440 3950 2517">
     <span class='ocr_line' id='line_1_69' title="bbox 2363 2440 3950 2517; baseline 0.001 -22"><span class='ocrx_word' id='word_1_502' title='bbox 2363 2446 2646 2515; x_wconf 82' lang='grc' dir='ltr'>προσεῖναι</span> <span class='ocrx_word' id='word_1_503' title='bbox 2674 2444 2752 2515; x_wconf 83' lang='grc' dir='ltr'><strong>τῷ</strong></span> <span class='ocrx_word' id='word_1_504' title='bbox 2775 2444 3073 2517; x_wconf 79' lang='grc' dir='ltr'>ἀνθρώπῳ,</span> <span class='ocrx_word' id='word_1_505' title='bbox 3110 2443 3203 2499; x_wconf 84' lang='grc' dir='ltr'><strong>διὰ</strong></span> <span class='ocrx_word' id='word_1_506' title='bbox 3243 2443 3405 2499; x_wconf 89' lang='grc' dir='ltr'>τοῦτο</span> <span class='ocrx_word' id='word_1_507' title='bbox 3444 2440 3569 2499; x_wconf 83' lang='grc' dir='ltr'>εἰπε</span> <span class='ocrx_word' id='word_1_508' title='bbox 3597 2462 3611 2476; x_wconf 92' lang='grc'><strong>·</strong></span> <span class='ocrx_word' id='word_1_509' title='bbox 3648 2444 3762 2498; x_wconf 78' lang='grc' dir='ltr'><strong>Καὶ</strong></span> <span class='ocrx_word' id='word_1_510' title='bbox 3791 2443 3950 2513; x_wconf 80' lang='grc' dir='ltr'>δεῦρο</span> 
     </span>
    </p>
   </div>
   <div class='ocr_carea' id='block_1_70' title="bbox 2361 2536 3948 2607">
    <p class='ocr_par' dir='ltr' id='par_1_70' title="bbox 2361 2536 3948 2607">
     <span class='ocr_line' id='line_1_70' title="bbox 2361 2536 3948 2607; baseline 0.001 -17"><span class='ocrx_word' id='word_1_511' title='bbox 2361 2537 2647 2591; x_wconf 80' lang='grc' dir='ltr'>ἀκολούθει</span> <span class='ocrx_word' id='word_1_512' title='bbox 2696 2555 2807 2607; x_wconf 91' lang='grc' dir='ltr'>μοι,</span> <span class='ocrx_word' id='word_1_513' title='bbox 2855 2538 3257 2603; x_wconf 57' lang='grc' dir='ltr'>τουτέστιδίαλ.</span> <span class='ocrx_word' id='word_1_514' title='bbox 3308 2540 3368 2594; x_wconf 72' lang='grc' dir='ltr'><strong>ἰν</strong></span> <span class='ocrx_word' id='word_1_515' title='bbox 3414 2540 3551 2595; x_wconf 80' lang='grc' dir='ltr'>πᾶσι</span> <span class='ocrx_word' id='word_1_516' title='bbox 3606 2536 3948 2602; x_wconf 77' lang='grc' dir='ltr'>τοῖς.ᾶλλοις</span> 
     </span>
    </p>
   </div>
   <div class='ocr_carea' id='block_1_71' title="bbox 2363 2628 3949 2703">
    <p class='ocr_par' dir='ltr' id='par_1_71' title="bbox 2363 2628 3949 2703">
     <span class='ocr_line' id='line_1_71' title="bbox 2363 2628 3949 2703; baseline 0.001 -21"><span class='ocrx_word' id='word_1_517' title='bbox 2363 2628 2471 2683; x_wconf 88' lang='grc' dir='ltr'>ίσθι</span> <span class='ocrx_word' id='word_1_518' title='bbox 2517 2630 2766 2702; x_wconf 84' lang='grc' dir='ltr'>μαθητὴς</span> <span class='ocrx_word' id='word_1_519' title='bbox 2806 2632 2962 2703; x_wconf 69' lang='grc' dir='ltr'>ἐμὸς,</span> <span class='ocrx_word' id='word_1_520' title='bbox 2998 2632 3095 2686; x_wconf 78' lang='grc' dir='ltr'>καὶ</span> <span class='ocrx_word' id='word_1_521' title='bbox 3126 2633 3212 2687; x_wconf 76' lang='grc' dir='ltr'><strong>ἀεὶ</strong></span> <span class='ocrx_word' id='word_1_522' title='bbox 3254 2630 3559 2697; x_wconf 79' lang='grc' dir='ltr'>ἀκολούθει,</span> <span class='ocrx_word' id='word_1_523' title='bbox 3590 2630 3666 2703; x_wconf 84' lang='grc' dir='ltr'>μὴ</span> <span class='ocrx_word' id='word_1_524' title='bbox 3706 2632 3949 2703; x_wconf 78' lang='grc' dir='ltr'>σήμερον</span> 
     </span>
    </p>
   </div>
   <div class='ocr_carea' id='block_1_72' title="bbox 2364 2723 3947 2798">
    <p class='ocr_par' dir='ltr' id='par_1_72' title="bbox 2364 2723 3947 2798">
     <span class='ocr_line' id='line_1_72' title="bbox 2364 2723 3947 2798; baseline -0.002 -18"><span class='ocrx_word' id='word_1_525' title='bbox 2364 2726 2485 2797; x_wconf 76' lang='grc' dir='ltr'>μὲν,</span> <span class='ocrx_word' id='word_1_526' title='bbox 2518 2724 2707 2797; x_wconf 86' lang='grc' dir='ltr'>αὐριον</span> <span class='ocrx_word' id='word_1_527' title='bbox 2735 2726 2782 2780; x_wconf 77' lang='grc' dir='ltr'>δ’</span> <span class='ocrx_word' id='word_1_528' title='bbox 2810 2726 2893 2780; x_wconf 89' lang='grc' dir='ltr'><strong>οὐ.</strong></span> <span class='ocrx_word' id='word_1_529' title='bbox 2936 2727 3025 2789; x_wconf 83' lang='grc' dir='ltr'>Ὠς</span> <span class='ocrx_word' id='word_1_530' title='bbox 3058 2726 3114 2780; x_wconf 69' lang='grc' dir='ltr'>δὲ</span> <span class='ocrx_word' id='word_1_531' title='bbox 3145 2725 3540 2798; x_wconf 85' lang='grc' dir='ltr'>φιλοχρημάτῳ</span> <span class='ocrx_word' id='word_1_532' title='bbox 3575 2723 3947 2795; x_wconf 69' lang='grc' dir='ltr'>ἰπηγγείλατο</span> 
     </span>
    </p>
   </div>
   <div class='ocr_carea' id='block_1_73' title="bbox 2362 2816 3944 2892">
    <p class='ocr_par' dir='ltr' id='par_1_73' title="bbox 2362 2816 3944 2892">
     <span class='ocr_line' id='line_1_73' title="bbox 2362 2816 3944 2892; baseline 0.001 -20"><span class='ocrx_word' id='word_1_533' title='bbox 2362 2820 2452 2873; x_wconf 84' lang='grc' dir='ltr'>τὸν</span> <span class='ocrx_word' id='word_1_534' title='bbox 2481 2820 2540 2872; x_wconf 76' lang='grc' dir='ltr'>ὲν</span> <span class='ocrx_word' id='word_1_535' title='bbox 2572 2818 2824 2889; x_wconf 83' lang='grc' dir='ltr'>οὐρανοῖς</span> <span class='ocrx_word' id='word_1_536' title='bbox 2868 2819 3163 2892; x_wconf 83' lang='grc' dir='ltr'>θησαυρὸν,</span> <span class='ocrx_word' id='word_1_537' title='bbox 3193 2818 3309 2873; x_wconf 80' lang='grc' dir='ltr'>ἀλλ’</span> <span class='ocrx_word' id='word_1_538' title='bbox 3349 2819 3412 2873; x_wconf 93' lang='grc' dir='ltr'><strong>οὐ</strong></span> <span class='ocrx_word' id='word_1_539' title='bbox 3445 2818 3750 2890; x_wconf 71' lang='grc' dir='ltr'>προσέσχεν</span> <span class='ocrx_word' id='word_1_540' title='bbox 3789 2820 3820 2873; x_wconf 91' lang='lat'><strong>6</strong></span> <span class='ocrx_word' id='word_1_541' title='bbox 3848 2816 3944 2888; x_wconf 72' lang='grc' dir='ltr'><strong>ἀρ-</strong></span> 
     </span>
    </p>
   </div>
   <div class='ocr_carea' id='block_1_74' title="bbox 2361 2907 3946 2984">
    <p class='ocr_par' dir='ltr' id='par_1_74' title="bbox 2361 2907 3946 2984">
     <span class='ocr_line' id='line_1_74' title="bbox 2361 2907 3946 2984; baseline 0 -21"><span class='ocrx_word' id='word_1_542' title='bbox 2361 2927 2493 2980; x_wconf 91' lang='grc' dir='ltr'>χων,</span> <span class='ocrx_word' id='word_1_543' title='bbox 2524 2908 2711 2974; x_wconf 88' lang='grc' dir='ltr'>δοῦλος</span> <span class='ocrx_word' id='word_1_544' title='bbox 2739 2911 2849 2982; x_wconf 87' lang='grc' dir='ltr'><strong>γὰρ</strong></span> <span class='ocrx_word' id='word_1_545' title='bbox 2873 2907 2942 2984; x_wconf 77' lang='grc' dir='ltr'>ἦν</span> <span class='ocrx_word' id='word_1_546' title='bbox 2963 2912 3075 2966; x_wconf 88' lang='grc' dir='ltr'><strong>τῶν</strong></span> <span class='ocrx_word' id='word_1_547' title='bbox 3112 2912 3434 2983; x_wconf 81' lang='grc' dir='ltr'>χρημάτων,</span> <span class='ocrx_word' id='word_1_548' title='bbox 3461 2911 3543 2965; x_wconf 82' lang='grc' dir='ltr'><strong>διδ</strong></span> <span class='ocrx_word' id='word_1_549' title='bbox 3579 2913 3677 2967; x_wconf 79' lang='grc' dir='ltr'>καὶ</span> <span class='ocrx_word' id='word_1_550' title='bbox 3704 2910 3946 2973; x_wconf 76' lang='grc' dir='ltr'>ἀκούσας</span> 
     </span>
    </p>
   </div>
   <div class='ocr_carea' id='block_1_75' title="bbox 2360 3001 3946 3076">
    <p class='ocr_par' dir='ltr' id='par_1_75' title="bbox 2360 3001 3946 3076">
     <span class='ocr_line' id='line_1_75' title="bbox 2360 3001 3946 3076; baseline 0 -20"><span class='ocrx_word' id='word_1_551' title='bbox 2360 3001 2629 3074; x_wconf 72' lang='grc' dir='ltr'>ἐλυπήθη,</span> <span class='ocrx_word' id='word_1_552' title='bbox 2654 3004 2735 3057; x_wconf 85' lang='grc' dir='ltr'>ὅτι</span> <span class='ocrx_word' id='word_1_553' title='bbox 2764 3005 3021 3075; x_wconf 80' lang='grc' dir='ltr'>στέρησιν</span> <span class='ocrx_word' id='word_1_554' title='bbox 3044 3004 3197 3076; x_wconf 88' lang='grc' dir='ltr'>αὐτῷ</span> <span class='ocrx_word' id='word_1_555' title='bbox 3218 3003 3319 3074; x_wconf 85' lang='grc' dir='ltr'>τῆς</span> <span class='ocrx_word' id='word_1_556' title='bbox 3341 3004 3590 3075; x_wconf 82' lang='grc' dir='ltr'>κτήσεως</span> <span class='ocrx_word' id='word_1_557' title='bbox 3615 3004 3946 3075; x_wconf 82' lang='grc' dir='ltr'>εἰσηγεῖται,</span> 
     </span>
    </p>
   </div>
   <div class='ocr_carea' id='block_1_76' title="bbox 2360 3094 3945 3169">
    <p class='ocr_par' dir='ltr' id='par_1_76' title="bbox 2360 3094 3945 3169">
     <span class='ocr_line' id='line_1_76' title="bbox 2360 3094 3945 3169; baseline 0.002 -22"><span class='ocrx_word' id='word_1_558' title='bbox 2360 3094 2496 3147; x_wconf 80' lang='grc' dir='ltr'>ὅπου</span> <span class='ocrx_word' id='word_1_559' title='bbox 2523 3111 2586 3165; x_wconf 82' lang='grc' dir='ltr'><strong>γε</strong></span> <span class='ocrx_word' id='word_1_560' title='bbox 2613 3096 2778 3159; x_wconf 83' lang='grc' dir='ltr'>αὐτὸς</span> <span class='ocrx_word' id='word_1_561' title='bbox 2813 3095 2908 3150; x_wconf 71' lang='grc' dir='ltr'>καὶ</span> <span class='ocrx_word' id='word_1_562' title='bbox 2941 3097 3043 3167; x_wconf 89' lang='grc' dir='ltr'>τῆς</span> <span class='ocrx_word' id='word_1_563' title='bbox 3080 3097 3303 3151; x_wconf 78' lang='grc' dir='ltr'>αἰωνίου</span> <span class='ocrx_word' id='word_1_564' title='bbox 3337 3096 3483 3169; x_wconf 78' lang='grc' dir='ltr'>ζωῆς</span> <span class='ocrx_word' id='word_1_565' title='bbox 3513 3096 3604 3151; x_wconf 82' lang='grc' dir='ltr'>διὰ</span> <span class='ocrx_word' id='word_1_566' title='bbox 3632 3096 3797 3151; x_wconf 89' lang='grc' dir='ltr'>τοῦτο</span> <span class='ocrx_word' id='word_1_567' title='bbox 3831 3098 3945 3150; x_wconf 72' lang='grc' dir='ltr'>επι-</span> 
     </span>
    </p>
   </div>
   <div class='ocr_carea' id='block_1_77' title="bbox 2360 3184 3947 3261">
    <p class='ocr_par' dir='ltr' id='par_1_77' title="bbox 2360 3184 3947 3261">
     <span class='ocr_line' id='line_1_77' title="bbox 2360 3184 3947 3261; baseline 0.002 -23"><span class='ocrx_word' id='word_1_568' title='bbox 2360 3184 2543 3256; x_wconf 85' lang='grc' dir='ltr'>θυμεῖ,</span> <span class='ocrx_word' id='word_1_569' title='bbox 2587 3186 2663 3251; x_wconf 87' lang='grc' dir='ltr'>ὡς</span> <span class='ocrx_word' id='word_1_570' title='bbox 2698 3188 2765 3242; x_wconf 82' lang='grc' dir='ltr'>ἂν</span> <span class='ocrx_word' id='word_1_571' title='bbox 2798 3189 2889 3241; x_wconf 77' lang='grc' dir='ltr'><strong>ἐπὶ</strong></span> <span class='ocrx_word' id='word_1_572' title='bbox 2921 3187 3057 3242; x_wconf 83' lang='grc' dir='ltr'>πολὺ</span> <span class='ocrx_word' id='word_1_573' title='bbox 3080 3190 3144 3259; x_wconf 78' lang='grc' dir='ltr'>τῇ</span> <span class='ocrx_word' id='word_1_574' title='bbox 3177 3186 3289 3243; x_wconf 90' lang='grc' dir='ltr'><strong>τῶν</strong></span> <span class='ocrx_word' id='word_1_575' title='bbox 3321 3190 3624 3261; x_wconf 81' lang='grc' dir='ltr'>χρημάτων</span> <span class='ocrx_word' id='word_1_576' title='bbox 3655 3188 3947 3259; x_wconf 76' lang='grc' dir='ltr'>περιουσίᾳ</span> 
     </span>
    </p>
   </div>
   <div class='ocr_carea' id='block_1_78' title="bbox 2364 3265 3947 3352">
    <p class='ocr_par' dir='ltr' id='par_1_78' title="bbox 2364 3265 3947 3352">
     <span class='ocr_line' id='line_1_78' title="bbox 2364 3265 3947 3352; baseline 0.003 -21"><span class='ocrx_word' id='word_1_577' title='bbox 2364 3280 2457 3331; x_wconf 79' lang='grc' dir='ltr'>καὶ</span> <span class='ocrx_word' id='word_1_578' title='bbox 2502 3278 2737 3342; x_wconf 87' lang='grc' dir='ltr'>αἰωνίως</span> <span class='ocrx_word' id='word_1_579' title='bbox 2777 3265 3021 3352; x_wconf 72' lang='grc' dir='ltr'>ὲμὸίοίη.</span> <span class='ocrx_word' id='word_1_580' title='bbox 3076 3281 3185 3335; x_wconf 84' lang='grc' dir='ltr'><strong>Καὶ</strong></span> <span class='ocrx_word' id='word_1_581' title='bbox 3235 3282 3296 3335; x_wconf 83' lang='grc' dir='ltr'><strong>τδ</strong></span> <span class='ocrx_word' id='word_1_582' title='bbox 3346 3272 3657 3352; x_wconf 83' lang='grc' dir='ltr'>λυπηθῆναι</span> <span class='ocrx_word' id='word_1_583' title='bbox 3692 3282 3751 3336; x_wconf 64' lang='grc' dir='ltr'>δὲ</span> <span class='ocrx_word' id='word_1_584' title='bbox 3791 3282 3947 3336; x_wconf 79' lang='grc' dir='ltr'>αὐτὸν</span> 
     </span>
    </p>
   </div>
   <div class='ocr_carea' id='block_1_79' title="bbox 2364 3368 3947 3447">
    <p class='ocr_par' dir='ltr' id='par_1_79' title="bbox 2364 3368 3947 3447">
     <span class='ocr_line' id='line_1_79' title="bbox 2364 3368 3947 3447; baseline 0.001 -24"><span class='ocrx_word' id='word_1_585' title='bbox 2364 3368 2706 3439; x_wconf 84' lang='grc' dir='ltr'>εὐγνώμονα,</span> <span class='ocrx_word' id='word_1_586' title='bbox 2733 3372 2850 3425; x_wconf 78' lang='grc' dir='ltr'>ἀλλ’</span> <span class='ocrx_word' id='word_1_587' title='bbox 2878 3373 2940 3426; x_wconf 89' lang='grc' dir='ltr'><strong>οὐ</strong></span> <span class='ocrx_word' id='word_1_588' title='bbox 2970 3373 3279 3447; x_wconf 85' lang='grc' dir='ltr'>πανοῦργον</span> <span class='ocrx_word' id='word_1_589' title='bbox 3302 3375 3579 3444; x_wconf 85' lang='grc' dir='ltr'>ύποδηλοῐ.</span> <span class='ocrx_word' id='word_1_590' title='bbox 3606 3375 3804 3439; x_wconf 78' lang='grc' dir='ltr'>Οὐδεὶς</span> <span class='ocrx_word' id='word_1_591' title='bbox 3824 3374 3947 3444; x_wconf 85' lang='grc' dir='ltr'>γοῦν</span> 
     </span>
    </p>
   </div>
   <div class='ocr_carea' id='block_1_80' title="bbox 2361 3462 3944 3541">
    <p class='ocr_par' dir='ltr' id='par_1_80' title="bbox 2361 3462 3944 3541">
     <span class='ocr_line' id='line_1_80' title="bbox 2361 3462 3944 3541; baseline 0.005 -26"><span class='ocrx_word' id='word_1_592' title='bbox 2361 3462 2472 3516; x_wconf 86' lang='grc' dir='ltr'><strong>τῶν</strong></span> <span class='ocrx_word' id='word_1_593' title='bbox 2486 3464 2798 3534; x_wconf 72' lang='grc' dir='ltr'>Φαρισαίων</span> <span class='ocrx_word' id='word_1_594' title='bbox 2819 3466 3067 3537; x_wconf 74' lang='grc' dir='ltr'>ἰλυπήθη</span> <span class='ocrx_word' id='word_1_595' title='bbox 3089 3468 3243 3531; x_wconf 71' lang='grc' dir='ltr'>ποτὲ,</span> <span class='ocrx_word' id='word_1_596' title='bbox 3262 3469 3398 3525; x_wconf 79' lang='grc' dir='ltr'>ἀλλὰ</span> <span class='ocrx_word' id='word_1_597' title='bbox 3420 3468 3620 3540; x_wconf 77' lang='grc' dir='ltr'>μᾶλλον</span> <span class='ocrx_word' id='word_1_598' title='bbox 3639 3470 3944 3541; x_wconf 80' lang='grc' dir='ltr'>ὴγρίαινον.</span> 
     </span>
    </p>
   </div>
   <div class='ocr_carea' id='block_1_81' title="bbox 2364 3554 3945 3630">
    <p class='ocr_par' dir='ltr' id='par_1_81' title="bbox 2364 3554 3945 3630">
     <span class='ocr_line' id='line_1_81' title="bbox 2364 3554 3945 3630; baseline 0.003 -22"><span class='ocrx_word' id='word_1_599' title='bbox 2364 3554 2481 3608; x_wconf 87' lang='grc' dir='ltr'>Οὐκ</span> <span class='ocrx_word' id='word_1_600' title='bbox 2510 3554 2693 3622; x_wconf 77' lang='grc' dir='ltr'>ἀγνοῶ</span> <span class='ocrx_word' id='word_1_601' title='bbox 2725 3555 2803 3619; x_wconf 79' lang='grc' dir='ltr'>δὲ,</span> <span class='ocrx_word' id='word_1_602' title='bbox 2836 3555 2917 3610; x_wconf 83' lang='grc' dir='ltr'>ὅτι</span> <span class='ocrx_word' id='word_1_603' title='bbox 2948 3558 2977 3609; x_wconf 85' lang='lat'><strong>6</strong></span> <span class='ocrx_word' id='word_1_604' title='bbox 3008 3559 3185 3627; x_wconf 78' lang='grc' dir='ltr'>μέγας</span> <span class='ocrx_word' id='word_1_605' title='bbox 3213 3560 3313 3629; x_wconf 86' lang='grc' dir='ltr'>τῆς</span> <span class='ocrx_word' id='word_1_606' title='bbox 3352 3559 3684 3630; x_wconf 78' lang='grc' dir='ltr'>οἰκουμένης</span> <span class='ocrx_word' id='word_1_607' title='bbox 3726 3559 3945 3629; x_wconf 68' lang='grc' dir='ltr'>φωστὴρ</span> 
     </span>
    </p>
   </div>
   <div class='ocr_carea' id='block_1_82' title="bbox 2361 3648 3946 3725">
    <p class='ocr_par' dir='ltr' id='par_1_82' title="bbox 2361 3648 3946 3725">
     <span class='ocr_line' id='line_1_82' title="bbox 2361 3648 3946 3725; baseline 0.005 -27"><span class='ocrx_word' id='word_1_608' title='bbox 2361 3648 2389 3698; x_wconf 91' lang='lat'><strong>6</strong></span> <span class='ocrx_word' id='word_1_609' title='bbox 2411 3648 2645 3720; x_wconf 76' lang='grc' dir='ltr'>χρυσοῦς</span> <span class='ocrx_word' id='word_1_610' title='bbox 2675 3650 2775 3721; x_wconf 79' lang='grc' dir='ltr'>τὴν</span> <span class='ocrx_word' id='word_1_611' title='bbox 2807 3649 3055 3719; x_wconf 88' lang='grc' dir='ltr'>γλῶτταν</span> <span class='ocrx_word' id='word_1_612' title='bbox 3084 3652 3184 3723; x_wconf 82' lang='grc' dir='ltr'>τῆς</span> <span class='ocrx_word' id='word_1_613' title='bbox 3210 3652 3382 3717; x_wconf 64' lang='grc' dir='ltr'>ὅντως</span> <span class='ocrx_word' id='word_1_614' title='bbox 3404 3653 3627 3707; x_wconf 84' lang='grc' dir='ltr'>αἰωνίου</span> <span class='ocrx_word' id='word_1_615' title='bbox 3652 3653 3805 3725; x_wconf 69' lang='grc' dir='ltr'>ζωῆς</span> <span class='ocrx_word' id='word_1_616' title='bbox 3836 3657 3946 3706; x_wconf 73' lang='grc' dir='ltr'>επι-</span> 
     </span>
    </p>
   </div>
   <div class='ocr_carea' id='block_1_83' title="bbox 2364 3744 3946 3819">
    <p class='ocr_par' dir='ltr' id='par_1_83' title="bbox 2364 3744 3946 3819">
     <span class='ocr_line' id='line_1_83' title="bbox 2364 3744 3946 3819; baseline 0 -18"><span class='ocrx_word' id='word_1_617' title='bbox 2364 3744 2557 3815; x_wconf 83' lang='grc' dir='ltr'>θυμεῖν</span> <span class='ocrx_word' id='word_1_618' title='bbox 2584 3744 2676 3800; x_wconf 76' lang='grc' dir='ltr'><strong>τὸν</strong></span> <span class='ocrx_word' id='word_1_619' title='bbox 2705 3744 2987 3800; x_wconf 82' lang='grc' dir='ltr'>νεανίσκον</span> <span class='ocrx_word' id='word_1_620' title='bbox 3021 3746 3210 3802; x_wconf 88' lang='grc' dir='ltr'>τοῦτον</span> <span class='ocrx_word' id='word_1_621' title='bbox 3243 3747 3481 3814; x_wconf 77' lang='grc' dir='ltr'>ἐδέξατο.</span> <span class='ocrx_word' id='word_1_622' title='bbox 3528 3749 3623 3801; x_wconf 76' lang='grc' dir='ltr'><strong>καὶ</strong></span> <span class='ocrx_word' id='word_1_623' title='bbox 3669 3749 3809 3819; x_wconf 75' lang='grc' dir='ltr'>ὲρᾷν</span> <span class='ocrx_word' id='word_1_624' title='bbox 3856 3749 3946 3818; x_wconf 81' lang='grc' dir='ltr'>μὲν</span> 
     </span>
    </p>
   </div>
   <div class='ocr_carea' id='block_1_84' title="bbox 2363 3837 3901 3914">
    <p class='ocr_par' dir='ltr' id='par_1_84' title="bbox 2363 3837 3901 3914">
     <span class='ocr_line' id='line_1_84' title="bbox 2363 3837 3901 3914; baseline 0.001 -23"><span class='ocrx_word' id='word_1_625' title='bbox 2363 3837 2555 3907; x_wconf 83' lang='grc' dir='ltr'>αὐτῆς,</span> <span class='ocrx_word' id='word_1_626' title='bbox 2586 3837 2913 3909; x_wconf 80' lang='grc' dir='ltr'>κατέχεσθαι</span> <span class='ocrx_word' id='word_1_627' title='bbox 2938 3839 2993 3894; x_wconf 71' lang='grc' dir='ltr'>δὲ</span> <span class='ocrx_word' id='word_1_628' title='bbox 3024 3839 3186 3894; x_wconf 81' lang='grc' dir='ltr'>πάθει</span> <span class='ocrx_word' id='word_1_629' title='bbox 3215 3840 3421 3911; x_wconf 75' lang='grc' dir='ltr'>μείζονι</span> <span class='ocrx_word' id='word_1_630' title='bbox 3452 3844 3519 3911; x_wconf 81' lang='grc' dir='ltr'>τῇ</span> <span class='ocrx_word' id='word_1_631' title='bbox 3559 3841 3901 3914; x_wconf 82' lang='grc' dir='ltr'>φιλαργυρίᾳ</span> 
     </span>
    </p>
   </div>
   <div class='ocr_carea' id='block_1_85' title="bbox 2366 3930 3948 4006">
    <p class='ocr_par' dir='ltr' id='par_1_85' title="bbox 2366 3930 3948 4006">
     <span class='ocr_line' id='line_1_85' title="bbox 2366 3930 3948 4006; baseline 0.003 -23"><span class='ocrx_word' id='word_1_632' title='bbox 2366 3932 2506 4002; x_wconf 73' lang='grc' dir='ltr'>πλὴν</span> <span class='ocrx_word' id='word_1_633' title='bbox 2526 3930 2628 3983; x_wconf 90' lang='grc' dir='ltr'><strong>οὐκ</strong></span> <span class='ocrx_word' id='word_1_634' title='bbox 2652 3930 2819 4001; x_wconf 76' lang='grc' dir='ltr'>ἄχαρι</span> <span class='ocrx_word' id='word_1_635' title='bbox 2849 3932 2944 3985; x_wconf 74' lang='grc' dir='ltr'>καὶ</span> <span class='ocrx_word' id='word_1_636' title='bbox 2960 3932 2988 3985; x_wconf 85' lang='lat'><strong>6</strong></span> <span class='ocrx_word' id='word_1_637' title='bbox 3009 3933 3104 3985; x_wconf 88' lang='grc' dir='ltr'><strong>νῦν</strong></span> <span class='ocrx_word' id='word_1_638' title='bbox 3130 3934 3458 4006; x_wconf 81' lang='grc' dir='ltr'>προσετέθη,</span> <span class='ocrx_word' id='word_1_639' title='bbox 3479 3934 3563 3988; x_wconf 85' lang='grc' dir='ltr'><strong>δτι</strong></span> <span class='ocrx_word' id='word_1_640' title='bbox 3592 3935 3669 3997; x_wconf 87' lang='grc' dir='ltr'>ὼς</span> <span class='ocrx_word' id='word_1_641' title='bbox 3693 3936 3948 4006; x_wconf 80' lang='grc' dir='ltr'>φιλοχρή-</span> 
     </span>
    </p>
   </div>
   <div class='ocr_carea' id='block_1_86' title="bbox 2370 4024 3289 4097">
    <p class='ocr_par' dir='ltr' id='par_1_86' title="bbox 2370 4024 3289 4097">
     <span class='ocr_line' id='line_1_86' title="bbox 2370 4024 3289 4097; baseline 0 -16"><span class='ocrx_word' id='word_1_642' title='bbox 2370 4043 2537 4089; x_wconf 72' lang='grc' dir='ltr'>ματος</span> <span class='ocrx_word' id='word_1_643' title='bbox 2568 4025 2832 4095; x_wconf 77' lang='grc' dir='ltr'>ἐπεθύμει</span> <span class='ocrx_word' id='word_1_644' title='bbox 2863 4024 3009 4097; x_wconf 80' lang='grc' dir='ltr'>ζωῆς</span> <span class='ocrx_word' id='word_1_645' title='bbox 3040 4027 3289 4082; x_wconf 82' lang='grc' dir='ltr'>αἰωνίου.</span> 
     </span>
    </p>
   </div>
   <div class='ocr_carea' id='block_1_87' title="bbox 2442 4163 3945 4236">
    <p class='ocr_par' dir='ltr' id='par_1_87' title="bbox 2442 4163 3945 4236">
     <span class='ocr_line' id='line_1_87' title="bbox 2442 4163 3945 4236; baseline 0 -20"><span class='ocrx_word' id='word_1_646' title='bbox 2442 4183 2461 4216; x_wconf 84' lang='grc' dir='ltr'><strong>ι</strong></span> <span class='ocrx_word' id='word_1_647' title='bbox 2512 4164 2655 4218; x_wconf 87' lang='grc' dir='ltr'>Ἰδὼν</span> <span class='ocrx_word' id='word_1_648' title='bbox 2684 4164 2740 4218; x_wconf 78' lang='grc' dir='ltr'>δὲ</span> <span class='ocrx_word' id='word_1_649' title='bbox 2780 4163 2945 4218; x_wconf 77' lang='grc' dir='ltr'>αὐτὸν</span> <span class='ocrx_word' id='word_1_650' title='bbox 2972 4165 3000 4218; x_wconf 97' lang='lat'><strong>6</strong></span> <span class='ocrx_word' id='word_1_651' title='bbox 3045 4164 3254 4235; x_wconf 85' lang='grc' dir='ltr'>Ἰησοῦς</span> <span class='ocrx_word' id='word_1_652' title='bbox 3294 4164 3598 4236; x_wconf 87' lang='grc' dir='ltr'>περίλυπον</span> <span class='ocrx_word' id='word_1_653' title='bbox 3637 4167 3945 4235; x_wconf 79' lang='grc' dir='ltr'>γενόμενον,</span> 
     </span>
    </p>
   </div>
   <div class='ocr_carea' id='block_1_88' title="bbox 2366 4252 3949 4328">
    <p class='ocr_par' dir='ltr' id='par_1_88' title="bbox 2366 4252 3949 4328">
     <span class='ocr_line' id='line_1_88' title="bbox 2366 4252 3949 4328; baseline 0.001 -19"><span class='ocrx_word' id='word_1_654' title='bbox 2366 4252 2514 4309; x_wconf 69' lang='grc' dir='ltr'>εἰπε*</span> <span class='ocrx_word' id='word_1_655' title='bbox 2539 4256 2662 4319; x_wconf 85' lang='grc' dir='ltr'><strong>Πῶς</strong></span> <span class='ocrx_word' id='word_1_656' title='bbox 2694 4255 2966 4319; x_wconf 77' lang='grc' dir='ltr'>δυσκόλως</span> <span class='ocrx_word' id='word_1_657' title='bbox 2989 4255 3040 4309; x_wconf 91' lang='grc' dir='ltr'><strong>οἰ</strong></span> <span class='ocrx_word' id='word_1_658' title='bbox 3060 4256 3129 4309; x_wconf 84' lang='grc' dir='ltr'>τὰ</span> <span class='ocrx_word' id='word_1_659' title='bbox 3156 4256 3418 4327; x_wconf 81' lang='grc' dir='ltr'>χρήματα</span> <span class='ocrx_word' id='word_1_660' title='bbox 3445 4257 3684 4328; x_wconf 82' lang='grc' dir='ltr'>ἔχοντες,</span> <span class='ocrx_word' id='word_1_661' title='bbox 3718 4260 3949 4312; x_wconf 84' lang='grc' dir='ltr'>εἰσελεύ-</span> 
     </span>
    </p>
   </div>
   <div class='ocr_carea' id='block_1_89' title="bbox 2368 4346 3949 4421">
    <p class='ocr_par' dir='ltr' id='par_1_89' title="bbox 2368 4346 3949 4421">
     <span class='ocr_line' id='line_1_89' title="bbox 2368 4346 3949 4421; baseline 0.003 -21"><span class='ocrx_word' id='word_1_662' title='bbox 2368 4365 2550 4401; x_wconf 88' lang='grc' dir='ltr'>σονται</span> <span class='ocrx_word' id='word_1_663' title='bbox 2570 4349 2645 4409; x_wconf 77' lang='grc' dir='ltr'><strong>είς</strong></span> <span class='ocrx_word' id='word_1_664' title='bbox 2677 4347 2777 4419; x_wconf 83' lang='grc' dir='ltr'>τὴν</span> <span class='ocrx_word' id='word_1_665' title='bbox 2803 4346 3085 4418; x_wconf 81' lang='grc' dir='ltr'>βασιλείαν</span> <span class='ocrx_word' id='word_1_666' title='bbox 3106 4348 3203 4401; x_wconf 90' lang='grc' dir='ltr'><strong>τοῦ</strong></span> <span class='ocrx_word' id='word_1_667' title='bbox 3234 4348 3391 4403; x_wconf 87' lang='grc' dir='ltr'>Θεοῦί</span> <span class='ocrx_word' id='word_1_668' title='bbox 3421 4349 3828 4421; x_wconf 81' lang='grc' dir='ltr'>Εὐκοπώτερον</span> <span class='ocrx_word' id='word_1_669' title='bbox 3850 4352 3949 4421; x_wconf 85' lang='grc' dir='ltr'><strong>γάρ</strong></span> 
     </span>
    </p>
   </div>
   <div class='ocr_carea' id='block_1_90' title="bbox 2367 4440 3947 4517">
    <p class='ocr_par' dir='ltr' id='par_1_90' title="bbox 2367 4440 3947 4517">
     <span class='ocr_line' id='line_1_90' title="bbox 2367 4440 3947 4517; baseline 0.002 -23"><span class='ocrx_word' id='word_1_670' title='bbox 2367 4442 2484 4495; x_wconf 72' lang='grc' dir='ltr'>ἐστι</span> <span class='ocrx_word' id='word_1_671' title='bbox 2542 4441 2789 4512; x_wconf 87' lang='grc' dir='ltr'>κάμηλον</span> <span class='ocrx_word' id='word_1_672' title='bbox 2841 4440 2929 4495; x_wconf 82' lang='grc' dir='ltr'><strong>διὰ</strong></span> <span class='ocrx_word' id='word_1_673' title='bbox 2972 4442 3283 4513; x_wconf 78' lang='grc' dir='ltr'>τρυμαλιᾶς</span> <span class='ocrx_word' id='word_1_674' title='bbox 3335 4444 3559 4515; x_wconf 74' lang='grc' dir='ltr'>ῥαφίδος</span> <span class='ocrx_word' id='word_1_675' title='bbox 3612 4445 3869 4508; x_wconf 87' lang='grc' dir='ltr'>διελθεῖν,</span> <span class='ocrx_word' id='word_1_676' title='bbox 3918 4446 3947 4517; x_wconf 72' lang='grc' dir='ltr'><strong>ἢ</strong></span> 
     </span>
    </p>
   </div>
   <div class='ocr_carea' id='block_1_91' title="bbox 681 4534 2263 4625">
    <p class='ocr_par' dir='ltr' id='par_1_91' title="bbox 681 4538 2261 4611">
     <span class='ocr_line' id='line_1_91' title="bbox 681 4538 2261 4611; baseline 0.002 -21"><span class='ocrx_word' id='word_1_677' title='bbox 681 4550 831 4592; x_wconf 81' lang='lat' dir='ltr'><strong>trare</strong></span> <span class='ocrx_word' id='word_1_678' title='bbox 879 4538 933 4592; x_wconf 92' lang='lat' dir='ltr'><strong>in</strong></span> <span class='ocrx_word' id='word_1_679' title='bbox 987 4553 1208 4604; x_wconf 81' lang='lat' dir='ltr'><strong>regnum</strong></span> <span class='ocrx_word' id='word_1_680' title='bbox 1257 4539 1371 4593; x_wconf 89' lang='lat' dir='ltr'><strong>Dei.</strong></span> <span class='ocrx_word' id='word_1_681' title='bbox 1412 4538 1476 4591; x_wconf 86' lang='lat' dir='ltr'><strong>Et</strong></span> <span class='ocrx_word' id='word_1_682' title='bbox 1511 4538 1766 4593; x_wconf 81' lang='lat' dir='ltr'><strong>dixerunt</strong></span> <span class='ocrx_word' id='word_1_683' title='bbox 1806 4540 1899 4611; x_wconf 90' lang='lat' dir='ltr'><strong>qui</strong></span> <span class='ocrx_word' id='word_1_684' title='bbox 1930 4540 2214 4595; x_wconf 87' lang='lat' dir='ltr'><strong>audierant</strong></span> <span class='ocrx_word' id='word_1_685' title='bbox 2248 4557 2261 4593; x_wconf 90' lang='lat'><strong>:</strong></span> 
     </span>
    </p>
   </div>
   <div class='ocr_carea' id='block_1_92' title="bbox 2363 4534 3949 4625">
    <p class='ocr_par' dir='ltr' id='par_1_92' title="bbox 2372 4534 3949 4605">
     <span class='ocr_line' id='line_1_92' title="bbox 2372 4534 3949 4605; baseline 0.004 -20"><span class='ocrx_word' id='word_1_686' title='bbox 2372 4534 2629 4587; x_wconf 88' lang='grc' dir='ltr'>πλούσιον</span> <span class='ocrx_word' id='word_1_687' title='bbox 2655 4535 2737 4597; x_wconf 90' lang='grc' dir='ltr'><strong>εἰς</strong></span> <span class='ocrx_word' id='word_1_688' title='bbox 2784 4534 2882 4603; x_wconf 77' lang='grc' dir='ltr'>τὴν</span> <span class='ocrx_word' id='word_1_689' title='bbox 2925 4534 3208 4605; x_wconf 84' lang='grc' dir='ltr'>βασιλείαν</span> <span class='ocrx_word' id='word_1_690' title='bbox 3240 4536 3336 4590; x_wconf 87' lang='grc' dir='ltr'><strong>τοῦ</strong></span> <span class='ocrx_word' id='word_1_691' title='bbox 3376 4535 3513 4589; x_wconf 84' lang='grc' dir='ltr'>Θεοῦ</span> <span class='ocrx_word' id='word_1_692' title='bbox 3540 4537 3829 4593; x_wconf 87' lang='grc' dir='ltr'>εἰσελθεῖν.</span> <span class='ocrx_word' id='word_1_693' title='bbox 3864 4534 3949 4591; x_wconf 78' lang='grc' dir='ltr'><strong>Εἰ-</strong></span> 
     </span>
    </p>
   </div>
   <div class='ocr_carea' id='block_1_93' title="bbox 681 4622 2268 4699">
    <p class='ocr_par' dir='ltr' id='par_1_93' title="bbox 681 4622 2268 4699">
     <span class='ocr_line' id='line_1_93' title="bbox 681 4622 2268 4699; baseline 0.003 -16"><span class='ocrx_word' id='word_1_694' title='bbox 681 4622 745 4683; x_wconf 80' lang='lat' dir='ltr'><strong>Et</strong></span> <span class='ocrx_word' id='word_1_695' title='bbox 785 4632 905 4698; x_wconf 85' lang='lat' dir='ltr'><strong>quis</strong></span> <span class='ocrx_word' id='word_1_696' title='bbox 940 4638 1118 4699; x_wconf 88' lang='lat' dir='ltr'><strong>potest</strong></span> <span class='ocrx_word' id='word_1_697' title='bbox 1156 4630 1339 4685; x_wconf 88' lang='lat' dir='ltr'><strong>salvus</strong></span> <span class='ocrx_word' id='word_1_698' title='bbox 1392 4629 1551 4684; x_wconf 75' lang='lat' dir='ltr'><strong>fieri?</strong></span> <span class='ocrx_word' id='word_1_699' title='bbox 1590 4631 1658 4685; x_wconf 83' lang='lat' dir='ltr'><strong>At</strong></span> <span class='ocrx_word' id='word_1_700' title='bbox 1708 4632 1797 4687; x_wconf 91' lang='lat' dir='ltr'><strong>ille</strong></span> <span class='ocrx_word' id='word_1_701' title='bbox 1832 4633 1907 4687; x_wconf 88' lang='lat' dir='ltr'><strong>ait</strong></span> <span class='ocrx_word' id='word_1_702' title='bbox 1944 4652 1955 4687; x_wconf 92' lang='lat'><strong>:</strong></span> <span class='ocrx_word' id='word_1_703' title='bbox 2001 4631 2133 4699; x_wconf 72' lang='lat' dir='ltr'><strong>Qua:</strong></span> <span class='ocrx_word' id='word_1_704' title='bbox 2166 4632 2268 4687; x_wconf 91' lang='lat' dir='ltr'><strong>im-</strong></span> 
     </span>
    </p>
   </div>
   <div class='ocr_carea' id='block_1_94' title="bbox 686 4720 2266 4795">
    <p class='ocr_par' dir='ltr' id='par_1_94' title="bbox 686 4720 2266 4795">
     <span class='ocr_line' id='line_1_94' title="bbox 686 4720 2266 4795; baseline 0.003 -21"><span class='ocrx_word' id='word_1_705' title='bbox 686 4720 965 4785; x_wconf 76' lang='lat' dir='ltr'><strong>possibilia</strong></span> <span class='ocrx_word' id='word_1_706' title='bbox 1004 4730 1131 4773; x_wconf 88' lang='lat' dir='ltr'><strong>sunt</strong></span> <span class='ocrx_word' id='word_1_707' title='bbox 1164 4720 1303 4789; x_wconf 88' lang='lat' dir='ltr'><strong>apud</strong></span> <span class='ocrx_word' id='word_1_708' title='bbox 1338 4720 1611 4785; x_wconf 83' lang='lat' dir='ltr'><strong>homines,</strong></span> <span class='ocrx_word' id='word_1_709' title='bbox 1654 4723 1927 4792; x_wconf 87' lang='lat' dir='ltr'><strong>possibilia</strong></span> <span class='ocrx_word' id='word_1_710' title='bbox 1961 4734 2088 4778; x_wconf 89' lang='lat' dir='ltr'><strong>sunt</strong></span> <span class='ocrx_word' id='word_1_711' title='bbox 2128 4727 2266 4795; x_wconf 86' lang='lat' dir='ltr'><strong>apud</strong></span> 
     </span>
    </p>
   </div>
   <div class='ocr_carea' id='block_1_95' title="bbox 682 4812 2269 4888">
    <p class='ocr_par' dir='ltr' id='par_1_95' title="bbox 682 4812 2269 4888">
     <span class='ocr_line' id='line_1_95' title="bbox 682 4812 2269 4888; baseline 0.005 -21"><span class='ocrx_word' id='word_1_712' title='bbox 682 4812 877 4869; x_wconf 89' lang='lat' dir='ltr'><strong>Deum.</strong></span> <span class='ocrx_word' id='word_1_713' title='bbox 926 4814 1017 4868; x_wconf 83' lang='lat' dir='ltr'><strong>Ait</strong></span> <span class='ocrx_word' id='word_1_714' title='bbox 1070 4825 1248 4870; x_wconf 87' lang='lat' dir='ltr'><strong>autem</strong></span> <span class='ocrx_word' id='word_1_715' title='bbox 1304 4817 1502 4871; x_wconf 86' lang='lat' dir='ltr'><strong>Petrus</strong></span> <span class='ocrx_word' id='word_1_716' title='bbox 1546 4815 1740 4873; x_wconf 87' lang='lat' dir='ltr'><strong>:Ecce</strong></span> <span class='ocrx_word' id='word_1_717' title='bbox 1800 4834 1897 4873; x_wconf 91' lang='lat' dir='ltr'><strong>nos</strong></span> <span class='ocrx_word' id='word_1_718' title='bbox 1957 4820 2269 4888; x_wconf 85' lang='lat' dir='ltr'><strong>reliquimus</strong></span> 
     </span>
    </p>
   </div>
   <div class='ocr_carea' id='block_1_96' title="bbox 682 4906 2271 4976">
    <p class='ocr_par' dir='ltr' id='par_1_96' title="bbox 682 4906 2271 4976">
     <span class='ocr_line' id='line_1_96' title="bbox 682 4906 2271 4976; baseline 0.003 -13"><span class='ocrx_word' id='word_1_719' title='bbox 682 4908 886 4964; x_wconf 89' lang='lat' dir='ltr'><strong>omnia.</strong></span> <span class='ocrx_word' id='word_1_720' title='bbox 931 4906 1033 4976; x_wconf 87' lang='lat' dir='ltr'><strong>Qui</strong></span> <span class='ocrx_word' id='word_1_721' title='bbox 1076 4909 1212 4963; x_wconf 79' lang='lat' dir='ltr'><strong>dixit</strong></span> <span class='ocrx_word' id='word_1_722' title='bbox 1249 4910 1328 4964; x_wconf 91' lang='lat' dir='ltr'><strong>eis</strong></span> <span class='ocrx_word' id='word_1_723' title='bbox 1360 4927 1373 4965; x_wconf 92' lang='lat'><strong>:</strong></span> <span class='ocrx_word' id='word_1_724' title='bbox 1411 4912 1578 4965; x_wconf 83' lang='lat' dir='ltr'><strong>Amen</strong></span> <span class='ocrx_word' id='word_1_725' title='bbox 1616 4911 1738 4967; x_wconf 87' lang='lat' dir='ltr'><strong>dico</strong></span> <span class='ocrx_word' id='word_1_726' title='bbox 1783 4913 1956 4975; x_wconf 88' lang='lat' dir='ltr'><strong>vobis,</strong></span> <span class='ocrx_word' id='word_1_727' title='bbox 2000 4928 2155 4967; x_wconf 91' lang='lat' dir='ltr'><strong>nemo</strong></span> <span class='ocrx_word' id='word_1_728' title='bbox 2187 4922 2271 4968; x_wconf 88' lang='lat' dir='ltr'><strong>est</strong></span> 
     </span>
    </p>
   </div>
   <div class='ocr_carea' id='block_1_97' title="bbox 687 5003 2273 5073">
    <p class='ocr_par' dir='ltr' id='par_1_97' title="bbox 687 5003 2273 5073">
     <span class='ocr_line' id='line_1_97' title="bbox 687 5003 2273 5073; baseline 0.004 -18"><span class='ocrx_word' id='word_1_729' title='bbox 687 5003 777 5071; x_wconf 89' lang='lat' dir='ltr'><strong>qui</strong></span> <span class='ocrx_word' id='word_1_730' title='bbox 810 5004 1027 5072; x_wconf 84' lang='lat' dir='ltr'><strong>reliquit</strong></span> <span class='ocrx_word' id='word_1_731' title='bbox 1066 5003 1313 5069; x_wconf 88' lang='lat' dir='ltr'><strong>domum,</strong></span> <span class='ocrx_word' id='word_1_732' title='bbox 1359 5014 1455 5057; x_wconf 87' lang='lat' dir='ltr'><strong>aut</strong></span> <span class='ocrx_word' id='word_1_733' title='bbox 1490 5016 1764 5073; x_wconf 88' lang='lat' dir='ltr'><strong>parentes,</strong></span> <span class='ocrx_word' id='word_1_734' title='bbox 1793 5015 1887 5060; x_wconf 90' lang='lat' dir='ltr'><strong>aut</strong></span> <span class='ocrx_word' id='word_1_735' title='bbox 1932 5005 2148 5070; x_wconf 85' lang='lat' dir='ltr'><strong>fratres,</strong></span> <span class='ocrx_word' id='word_1_736' title='bbox 2179 5017 2273 5061; x_wconf 90' lang='lat' dir='ltr'><strong>aut</strong></span> 
     </span>
    </p>
   </div>
   <div class='ocr_carea' id='block_1_98' title="bbox 687 5093 2269 5168">
    <p class='ocr_par' dir='ltr' id='par_1_98' title="bbox 687 5093 2269 5168">
     <span class='ocr_line' id='line_1_98' title="bbox 687 5093 2269 5168; baseline 0.004 -23"><span class='ocrx_word' id='word_1_737' title='bbox 687 5108 938 5160; x_wconf 81' lang='lat' dir='ltr'><strong>uxorem,</strong></span> <span class='ocrx_word' id='word_1_738' title='bbox 970 5102 1063 5147; x_wconf 91' lang='lat' dir='ltr'><strong>aut</strong></span> <span class='ocrx_word' id='word_1_739' title='bbox 1103 5093 1305 5149; x_wconf 83' lang='lat' dir='ltr'><strong>liberos</strong></span> <span class='ocrx_word' id='word_1_740' title='bbox 1340 5104 1558 5164; x_wconf 80' lang='lat' dir='ltr'><strong>propter</strong></span> <span class='ocrx_word' id='word_1_741' title='bbox 1603 5111 1826 5167; x_wconf 80' lang='lat' dir='ltr'><strong>regnum</strong></span> <span class='ocrx_word' id='word_1_742' title='bbox 1883 5098 1996 5163; x_wconf 90' lang='lat' dir='ltr'><strong>Dei,</strong></span> <span class='ocrx_word' id='word_1_743' title='bbox 2024 5099 2113 5168; x_wconf 85' lang='lat' dir='ltr'><strong>qui</strong></span> <span class='ocrx_word' id='word_1_744' title='bbox 2164 5114 2269 5153; x_wconf 87' lang='lat' dir='ltr'><strong>non</strong></span> 
     </span>
    </p>
   </div>
   <div class='ocr_carea' id='block_1_99' title="bbox 690 5186 2269 5261">
    <p class='ocr_par' dir='ltr' id='par_1_99' title="bbox 690 5186 2269 5261">
     <span class='ocr_line' id='line_1_99' title="bbox 690 5186 2269 5261; baseline 0.004 -22"><span class='ocrx_word' id='word_1_745' title='bbox 690 5196 1011 5255; x_wconf 80' lang='lat' dir='ltr'><strong>recepturus</strong></span> <span class='ocrx_word' id='word_1_746' title='bbox 1046 5187 1119 5241; x_wconf 89' lang='lat' dir='ltr'><strong>sit</strong></span> <span class='ocrx_word' id='word_1_747' title='bbox 1178 5188 1345 5242; x_wconf 90' lang='lat' dir='ltr'><strong>multo</strong></span> <span class='ocrx_word' id='word_1_748' title='bbox 1375 5186 1526 5257; x_wconf 86' lang='lat' dir='ltr'><strong>plura</strong></span> <span class='ocrx_word' id='word_1_749' title='bbox 1577 5188 1630 5242; x_wconf 92' lang='lat' dir='ltr'><strong>in</strong></span> <span class='ocrx_word' id='word_1_750' title='bbox 1680 5190 1780 5244; x_wconf 91' lang='lat' dir='ltr'><strong>hoc</strong></span> <span class='ocrx_word' id='word_1_751' title='bbox 1829 5201 2094 5261; x_wconf 89' lang='lat' dir='ltr'><strong>tempore,</strong></span> <span class='ocrx_word' id='word_1_752' title='bbox 2134 5200 2187 5243; x_wconf 87' lang='lat' dir='ltr'><strong>et</strong></span> <span class='ocrx_word' id='word_1_753' title='bbox 2220 5192 2269 5245; x_wconf 91' lang='lat' dir='ltr'><strong>in</strong></span> 
     </span>
    </p>
   </div>
   <div class='ocr_carea' id='block_1_100' title="bbox 688 5280 2273 5355">
    <p class='ocr_par' dir='ltr' id='par_1_100' title="bbox 688 5280 2273 5355">
     <span class='ocr_line' id='line_1_100' title="bbox 688 5280 2273 5355; baseline 0.006 -22"><span class='ocrx_word' id='word_1_754' title='bbox 688 5288 919 5335; x_wconf 87' lang='lat' dir='ltr'><strong>venturo</strong></span> <span class='ocrx_word' id='word_1_755' title='bbox 968 5280 1165 5334; x_wconf 65' lang='lat' dir='ltr'><strong>saeculo</strong></span> <span class='ocrx_word' id='word_1_756' title='bbox 1208 5282 1370 5336; x_wconf 88' lang='lat' dir='ltr'><strong>vitam</strong></span> <span class='ocrx_word' id='word_1_757' title='bbox 1401 5291 1685 5337; x_wconf 60' lang='lat' dir='ltr'><strong>aiternam.</strong></span> <span class='ocrx_word' id='word_1_758' title='bbox 1720 5303 1739 5336; x_wconf 82' lang='grc'>›</span> <span class='ocrx_word' id='word_1_759' title='bbox 1778 5285 2071 5355; x_wconf 88' lang='lat' dir='ltr'><strong>Postquam</strong></span> <span class='ocrx_word' id='word_1_760' title='bbox 2121 5286 2273 5343; x_wconf 76' lang='lat' dir='ltr'><strong>dives</strong></span> 
     </span>
    </p>
   </div>
   <div class='ocr_carea' id='block_1_101' title="bbox 689 5368 2269 5440">
    <p class='ocr_par' dir='ltr' id='par_1_101' title="bbox 689 5368 2269 5440">
     <span class='ocr_line' id='line_1_101' title="bbox 689 5368 2269 5440; baseline 0.004 -15"><span class='ocrx_word' id='word_1_761' title='bbox 689 5370 897 5426; x_wconf 82' lang='lat' dir='ltr'><strong>audivit</strong></span> <span class='ocrx_word' id='word_1_762' title='bbox 944 5368 1281 5439; x_wconf 75' lang='lat' dir='ltr'><strong>abjiciendas</strong></span> <span class='ocrx_word' id='word_1_763' title='bbox 1314 5372 1555 5440; x_wconf 82' lang='lat' dir='ltr'><strong>divitias,</strong></span> <span class='ocrx_word' id='word_1_764' title='bbox 1601 5390 1830 5431; x_wconf 67' lang='lat' dir='ltr'><strong>maerore</strong></span> <span class='ocrx_word' id='word_1_765' title='bbox 1877 5377 2105 5432; x_wconf 78' lang='lat' dir='ltr'><strong>allectus</strong></span> <span class='ocrx_word' id='word_1_766' title='bbox 2134 5388 2218 5431; x_wconf 82' lang='lat' dir='ltr'><strong>est</strong></span> <span class='ocrx_word' id='word_1_767' title='bbox 2255 5395 2269 5431; x_wconf 89' lang='lat'><strong>:</strong></span> 
     </span>
    </p>
   </div>
   <div class='ocr_carea' id='block_1_102' title="bbox 690 5462 2272 5539">
    <p class='ocr_par' dir='ltr' id='par_1_102' title="bbox 690 5462 2272 5539">
     <span class='ocr_line' id='line_1_102' title="bbox 690 5462 2272 5539; baseline 0.005 -24"><span class='ocrx_word' id='word_1_768' title='bbox 690 5464 834 5517; x_wconf 78' lang='lat' dir='ltr'><strong>unde</strong></span> <span class='ocrx_word' id='word_1_769' title='bbox 873 5462 1005 5518; x_wconf 91' lang='lat' dir='ltr'><strong>dicit</strong></span> <span class='ocrx_word' id='word_1_770' title='bbox 1038 5463 1301 5519; x_wconf 89' lang='lat' dir='ltr'><strong>Dominus</strong></span> <span class='ocrx_word' id='word_1_771' title='bbox 1334 5466 1638 5522; x_wconf 84' lang='lat' dir='ltr'><strong>admirabili</strong></span> <span class='ocrx_word' id='word_1_772' title='bbox 1670 5468 1837 5538; x_wconf 74' lang='lat' dir='ltr'><strong>figura</strong></span> <span class='ocrx_word' id='word_1_773' title='bbox 1862 5470 2135 5539; x_wconf 91' lang='lat' dir='ltr'><strong>quomodo</strong></span> <span class='ocrx_word' id='word_1_774' title='bbox 2167 5470 2272 5525; x_wconf 88' lang='lat' dir='ltr'><strong>dif-</strong></span> 
     </span>
    </p>
   </div>
   <div class='ocr_carea' id='block_1_103' title="bbox 696 5556 2273 5630">
    <p class='ocr_par' dir='ltr' id='par_1_103' title="bbox 696 5556 2273 5630">
     <span class='ocr_line' id='line_1_103' title="bbox 696 5556 2273 5630; baseline 0.006 -22"><span class='ocrx_word' id='word_1_775' title='bbox 696 5556 833 5609; x_wconf 78' lang='lat' dir='ltr'><strong>ficile</strong></span> <span class='ocrx_word' id='word_1_776' title='bbox 870 5558 940 5611; x_wconf 91' lang='lat' dir='ltr'><strong>sit</strong></span> <span class='ocrx_word' id='word_1_777' title='bbox 970 5557 1233 5613; x_wconf 88' lang='lat' dir='ltr'><strong>habentes</strong></span> <span class='ocrx_word' id='word_1_778' title='bbox 1267 5560 1524 5627; x_wconf 87' lang='lat' dir='ltr'><strong>pecunias</strong></span> <span class='ocrx_word' id='word_1_779' title='bbox 1558 5560 1611 5615; x_wconf 88' lang='lat' dir='ltr'><strong>in</strong></span> <span class='ocrx_word' id='word_1_780' title='bbox 1643 5576 1868 5630; x_wconf 78' lang='lat' dir='ltr'><strong>regnum</strong></span> <span class='ocrx_word' id='word_1_781' title='bbox 1896 5565 2157 5618; x_wconf 69' lang='lat' dir='ltr'><strong>caelorum</strong></span> <span class='ocrx_word' id='word_1_782' title='bbox 2191 5564 2273 5618; x_wconf 82' lang='lat' dir='ltr'><strong>iu-</strong></span> 
     </span>
    </p>
   </div>
   <div class='ocr_carea' id='block_1_104' title="bbox 694 5647 2272 5726">
    <p class='ocr_par' dir='ltr' id='par_1_104' title="bbox 694 5647 2272 5726">
     <span class='ocr_line' id='line_1_104' title="bbox 694 5647 2272 5726; baseline 0.008 -28"><span class='ocrx_word' id='word_1_783' title='bbox 694 5648 866 5713; x_wconf 68' lang='lat' dir='ltr'><strong>gredi.</strong></span> <span class='ocrx_word' id='word_1_784' title='bbox 904 5647 1021 5703; x_wconf 79' lang='lat' dir='ltr'><strong>Non</strong></span> <span class='ocrx_word' id='word_1_785' title='bbox 1062 5651 1191 5705; x_wconf 88' lang='lat' dir='ltr'><strong>dicit</strong></span> <span class='ocrx_word' id='word_1_786' title='bbox 1228 5652 1374 5721; x_wconf 91' lang='lat' dir='ltr'><strong>quod</strong></span> <span class='ocrx_word' id='word_1_787' title='bbox 1422 5652 1759 5720; x_wconf 85' lang='lat' dir='ltr'><strong>impossibile</strong></span> <span class='ocrx_word' id='word_1_788' title='bbox 1798 5656 1866 5709; x_wconf 91' lang='lat' dir='ltr'><strong>sit</strong></span> <span class='ocrx_word' id='word_1_789' title='bbox 1907 5670 2001 5709; x_wconf 85' lang='lat' dir='ltr'><strong>eos</strong></span> <span class='ocrx_word' id='word_1_790' title='bbox 2042 5657 2272 5726; x_wconf 80' lang='lat' dir='ltr'><strong>ingredi,</strong></span> 
     </span>
    </p>
   </div>
   <div class='ocr_carea' id='block_1_105' title="bbox 696 5740 2270 5814">
    <p class='ocr_par' dir='ltr' id='par_1_105' title="bbox 696 5740 2270 5814">
     <span class='ocr_line' id='line_1_105' title="bbox 696 5740 2270 5814; baseline 0.009 -23"><span class='ocrx_word' id='word_1_791' title='bbox 696 5740 787 5792; x_wconf 79' lang='lat' dir='ltr'><strong>sed</strong></span> <span class='ocrx_word' id='word_1_792' title='bbox 821 5740 1055 5796; x_wconf 81' lang='lat' dir='ltr'><strong>dillicile.</strong></span> <span class='ocrx_word' id='word_1_793' title='bbox 1086 5742 1202 5800; x_wconf 86' lang='lat' dir='ltr'><strong>Non</strong></span> <span class='ocrx_word' id='word_1_794' title='bbox 1240 5746 1386 5798; x_wconf 89' lang='lat' dir='ltr'><strong>enim</strong></span> <span class='ocrx_word' id='word_1_795' title='bbox 1415 5744 1743 5814; x_wconf 88' lang='lat' dir='ltr'><strong>impossibile</strong></span> <span class='ocrx_word' id='word_1_796' title='bbox 1781 5757 1860 5802; x_wconf 90' lang='lat' dir='ltr'><strong>est</strong></span> <span class='ocrx_word' id='word_1_797' title='bbox 1890 5747 2086 5802; x_wconf 87' lang='lat' dir='ltr'><strong>salvari</strong></span> <span class='ocrx_word' id='word_1_798' title='bbox 2115 5748 2270 5805; x_wconf 87' lang='lat' dir='ltr'><strong>tales.</strong></span> 
     </span>
    </p>
   </div>
   <div class='ocr_carea' id='block_1_106' title="bbox 696 5833 2272 5911">
    <p class='ocr_par' dir='ltr' id='par_1_106' title="bbox 696 5833 2272 5911">
     <span class='ocr_line' id='line_1_106' title="bbox 696 5833 2272 5911; baseline 0.008 -25"><span class='ocrx_word' id='word_1_799' title='bbox 696 5833 956 5893; x_wconf 71' lang='lat' dir='ltr'><strong>l’ossibile</strong></span> <span class='ocrx_word' id='word_1_800' title='bbox 991 5837 1134 5893; x_wconf 89' lang='lat' dir='ltr'><strong>enim</strong></span> <span class='ocrx_word' id='word_1_801' title='bbox 1172 5836 1477 5908; x_wconf 82' lang='lat' dir='ltr'><strong>expendere</strong></span> <span class='ocrx_word' id='word_1_802' title='bbox 1508 5839 1811 5909; x_wconf 85' lang='lat' dir='ltr'><strong>pecuniam,</strong></span> <span class='ocrx_word' id='word_1_803' title='bbox 1845 5849 1896 5897; x_wconf 91' lang='lat' dir='ltr'><strong>et</strong></span> <span class='ocrx_word' id='word_1_804' title='bbox 1924 5856 2154 5911; x_wconf 86' lang='lat' dir='ltr'><strong>superna</strong></span> <span class='ocrx_word' id='word_1_805' title='bbox 2184 5860 2272 5899; x_wconf 83' lang='lat' dir='ltr'><strong>as—</strong></span> 
     </span>
    </p>
   </div>
   <div class='ocr_carea' id='block_1_107' title="bbox 2371 4624 3950 4698">
    <p class='ocr_par' dir='ltr' id='par_1_107' title="bbox 2371 4624 3950 4698">
     <span class='ocr_line' id='line_1_107' title="bbox 2371 4624 3950 4698; baseline 0.003 -22"><span class='ocrx_word' id='word_1_806' title='bbox 2371 4641 2474 4677; x_wconf 87' lang='grc' dir='ltr'><strong>πον</strong></span> <span class='ocrx_word' id='word_1_807' title='bbox 2514 4624 2571 4677; x_wconf 84' lang='grc' dir='ltr'>δὲ</span> <span class='ocrx_word' id='word_1_808' title='bbox 2601 4625 2650 4677; x_wconf 91' lang='grc' dir='ltr'><strong>οἰ</strong></span> <span class='ocrx_word' id='word_1_809' title='bbox 2680 4624 3035 4687; x_wconf 83' lang='grc' dir='ltr'>ἀκούσαντες’</span> <span class='ocrx_word' id='word_1_810' title='bbox 3070 4625 3182 4678; x_wconf 75' lang='grc' dir='ltr'><strong>Καὶ</strong></span> <span class='ocrx_word' id='word_1_811' title='bbox 3208 4628 3293 4690; x_wconf 80' lang='grc' dir='ltr'><strong>τίς</strong></span> <span class='ocrx_word' id='word_1_812' title='bbox 3324 4626 3549 4681; x_wconf 86' lang='grc' dir='ltr'>δύναται</span> <span class='ocrx_word' id='word_1_813' title='bbox 3579 4628 3861 4698; x_wconf 76' lang='grc' dir='ltr'>σωθῆναις</span> <span class='ocrx_word' id='word_1_814' title='bbox 3891 4628 3950 4681; x_wconf 88' lang='grc' dir='ltr'><em>Ὃ</em></span> 
     </span>
    </p>
   </div>
   <div class='ocr_carea' id='block_1_108' title="bbox 2370 4712 3950 4791">
    <p class='ocr_par' dir='ltr' id='par_1_108' title="bbox 2370 4712 3950 4791">
     <span class='ocr_line' id='line_1_108' title="bbox 2370 4712 3950 4791; baseline 0.001 -21"><span class='ocrx_word' id='word_1_815' title='bbox 2370 4717 2425 4770; x_wconf 81' lang='grc' dir='ltr'>δὲ</span> <span class='ocrx_word' id='word_1_816' title='bbox 2466 4712 2610 4769; x_wconf 80' lang='grc' dir='ltr'>εἷπε·</span> <span class='ocrx_word' id='word_1_817' title='bbox 2658 4718 2700 4769; x_wconf 87' lang='grc' dir='ltr'><strong>Τ</strong></span> <span class='ocrx_word' id='word_1_818' title='bbox 2705 4718 2739 4770; x_wconf 83' lang='grc' dir='ltr'><strong><em>ὰ</em></strong></span> <span class='ocrx_word' id='word_1_819' title='bbox 2770 4717 3013 4770; x_wconf 78' lang='grc' dir='ltr'>ἀδύνατα</span> <span class='ocrx_word' id='word_1_820' title='bbox 3043 4719 3195 4786; x_wconf 81' lang='grc' dir='ltr'>παρὰ</span> <span class='ocrx_word' id='word_1_821' title='bbox 3238 4718 3573 4791; x_wconf 80' lang='grc' dir='ltr'>ἀνθρώποις,</span> <span class='ocrx_word' id='word_1_822' title='bbox 3606 4720 3812 4775; x_wconf 82' lang='grc' dir='ltr'>δυνατά</span> <span class='ocrx_word' id='word_1_823' title='bbox 3842 4723 3950 4774; x_wconf 68' lang='grc' dir='ltr'>ἐστι</span> 
     </span>
    </p>
   </div>
   <div class='ocr_carea' id='block_1_109' title="bbox 2371 4806 3951 4884">
    <p class='ocr_par' dir='ltr' id='par_1_109' title="bbox 2371 4806 3951 4884">
     <span class='ocr_line' id='line_1_109' title="bbox 2371 4806 3951 4884; baseline 0.004 -22"><span class='ocrx_word' id='word_1_824' title='bbox 2371 4809 2522 4880; x_wconf 73' lang='grc' dir='ltr'>παρὰ</span> <span class='ocrx_word' id='word_1_825' title='bbox 2548 4810 2626 4881; x_wconf 81' lang='grc' dir='ltr'><strong>τῷ</strong></span> <span class='ocrx_word' id='word_1_826' title='bbox 2655 4810 2794 4880; x_wconf 81' lang='grc' dir='ltr'>Θεῷ.</span> <span class='ocrx_word' id='word_1_827' title='bbox 2831 4806 2964 4865; x_wconf 60' lang='lat' dir='ltr'><strong>Eius</strong></span> <span class='ocrx_word' id='word_1_828' title='bbox 2996 4813 3051 4864; x_wconf 79' lang='grc' dir='ltr'>δὲ</span> <span class='ocrx_word' id='word_1_829' title='bbox 3078 4814 3106 4865; x_wconf 92' lang='lat'><strong>6</strong></span> <span class='ocrx_word' id='word_1_830' title='bbox 3127 4813 3333 4883; x_wconf 80' lang='grc' dir='ltr'>Πέτρος</span> <span class='ocrx_word' id='word_1_831' title='bbox 3352 4830 3365 4843; x_wconf 90' lang='grc'><strong>·</strong></span> <span class='ocrx_word' id='word_1_832' title='bbox 3412 4812 3556 4867; x_wconf 83' lang='grc' dir='ltr'>Ἰδοὺ.</span> <span class='ocrx_word' id='word_1_833' title='bbox 3585 4816 3754 4884; x_wconf 79' lang='grc' dir='ltr'>ἡμεῖς</span> <span class='ocrx_word' id='word_1_834' title='bbox 3785 4816 3951 4883; x_wconf 76' lang='grc' dir='ltr'>ἀφτή-</span> 
     </span>
    </p>
   </div>
   <div class='ocr_carea' id='block_1_110' title="bbox 2373 4901 3947 4978">
    <p class='ocr_par' dir='ltr' id='par_1_110' title="bbox 2373 4901 3947 4978">
     <span class='ocr_line' id='line_1_110' title="bbox 2373 4901 3947 4978; baseline 0.003 -23"><span class='ocrx_word' id='word_1_835' title='bbox 2373 4920 2551 4973; x_wconf 83' lang='grc' dir='ltr'>καμεν</span> <span class='ocrx_word' id='word_1_836' title='bbox 2587 4903 2790 4959; x_wconf 86' lang='grc' dir='ltr'>πάντα.</span> <span class='ocrx_word' id='word_1_837' title='bbox 2835 4906 2893 4957; x_wconf 82' lang='grc' dir='ltr'>Ὀ</span> <span class='ocrx_word' id='word_1_838' title='bbox 2921 4904 2978 4957; x_wconf 79' lang='grc' dir='ltr'>δὲ</span> <span class='ocrx_word' id='word_1_839' title='bbox 3015 4901 3172 4958; x_wconf 75' lang='grc' dir='ltr'>εἶπεν</span> <span class='ocrx_word' id='word_1_840' title='bbox 3198 4906 3379 4977; x_wconf 84' lang='grc' dir='ltr'>αὐτῷ·</span> <span class='ocrx_word' id='word_1_841' title='bbox 3423 4906 3595 4978; x_wconf 80' lang='grc' dir='ltr'>’Λμὴν</span> <span class='ocrx_word' id='word_1_842' title='bbox 3630 4907 3776 4976; x_wconf 75' lang='grc' dir='ltr'>λέγω</span> <span class='ocrx_word' id='word_1_843' title='bbox 3807 4908 3947 4976; x_wconf 82' lang='grc' dir='ltr'>ὑμῖν,</span> 
     </span>
    </p>
   </div>
   <div class='ocr_carea' id='block_1_111' title="bbox 2373 4996 3949 5069">
    <p class='ocr_par' dir='ltr' id='par_1_111' title="bbox 2373 4996 3949 5069">
     <span class='ocr_line' id='line_1_111' title="bbox 2373 4996 3949 5069; baseline 0.001 -20"><span class='ocrx_word' id='word_1_844' title='bbox 2373 4996 2455 5049; x_wconf 85' lang='grc' dir='ltr'>ὅτι</span> <span class='ocrx_word' id='word_1_845' title='bbox 2487 4996 2660 5060; x_wconf 87' lang='grc' dir='ltr'>οὐδείς</span> <span class='ocrx_word' id='word_1_846' title='bbox 2701 5001 2865 5063; x_wconf 76' lang='grc' dir='ltr'>ἐστιν,</span> <span class='ocrx_word' id='word_1_847' title='bbox 2896 4996 2955 5061; x_wconf 80' lang='grc' dir='ltr'><strong>δς</strong></span> <span class='ocrx_word' id='word_1_848' title='bbox 2983 4999 3193 5069; x_wconf 81' lang='grc' dir='ltr'>ἀφῆκεν</span> <span class='ocrx_word' id='word_1_849' title='bbox 3223 4998 3421 5064; x_wconf 85' lang='grc' dir='ltr'>οἰκίαν,</span> <span class='ocrx_word' id='word_1_850' title='bbox 3450 5000 3483 5068; x_wconf 80' lang='grc' dir='ltr'><strong>ἢ</strong></span> <span class='ocrx_word' id='word_1_851' title='bbox 3505 5002 3708 5067; x_wconf 77' lang='grc' dir='ltr'>γονεῖς,</span> <span class='ocrx_word' id='word_1_852' title='bbox 3735 4999 3768 5069; x_wconf 74' lang='grc' dir='ltr'>ἢ</span> <span class='ocrx_word' id='word_1_853' title='bbox 3801 5001 3949 5053; x_wconf 81' lang='grc' dir='ltr'>ἁδελ-</span> 
     </span>
    </p>
   </div>
   <div class='ocr_carea' id='block_1_112' title="bbox 2374 5090 3949 5163">
    <p class='ocr_par' dir='ltr' id='par_1_112' title="bbox 2374 5090 3949 5163">
     <span class='ocr_line' id='line_1_112' title="bbox 2374 5090 3949 5163; baseline 0.003 -21"><span class='ocrx_word' id='word_1_854' title='bbox 2374 5091 2527 5157; x_wconf 81' lang='grc' dir='ltr'><strong>φούς,</strong></span> <span class='ocrx_word' id='word_1_855' title='bbox 2560 5090 2593 5161; x_wconf 76' lang='grc' dir='ltr'>ἢ</span> <span class='ocrx_word' id='word_1_856' title='bbox 2626 5109 2689 5161; x_wconf 88' lang='grc' dir='ltr'><strong>γυ</strong></span> <span class='ocrx_word' id='word_1_857' title='bbox 2738 5093 2881 5155; x_wconf 77' lang='grc' dir='ltr'>ιῖκα,</span> <span class='ocrx_word' id='word_1_858' title='bbox 2914 5092 2945 5163; x_wconf 83' lang='grc' dir='ltr'>ἢ</span> <span class='ocrx_word' id='word_1_859' title='bbox 2978 5091 3143 5145; x_wconf 83' lang='grc' dir='ltr'>τέκνα</span> <span class='ocrx_word' id='word_1_860' title='bbox 3174 5091 3363 5145; x_wconf 74' lang='grc' dir='ltr'>ἕνεκεν</span> <span class='ocrx_word' id='word_1_861' title='bbox 3404 5094 3502 5163; x_wconf 81' lang='grc' dir='ltr'>τῆς</span> <span class='ocrx_word' id='word_1_862' title='bbox 3537 5093 3815 5163; x_wconf 77' lang='grc' dir='ltr'>βασιλείας</span> <span class='ocrx_word' id='word_1_863' title='bbox 3862 5092 3949 5147; x_wconf 85' lang='grc' dir='ltr'><strong>τοῦ</strong></span> 
     </span>
    </p>
   </div>
   <div class='ocr_carea' id='block_1_113' title="bbox 2372 5182 3949 5257">
    <p class='ocr_par' dir='ltr' id='par_1_113' title="bbox 2372 5182 3949 5257">
     <span class='ocr_line' id='line_1_113' title="bbox 2372 5182 3949 5257; baseline 0 -20"><span class='ocrx_word' id='word_1_864' title='bbox 2372 5182 2529 5249; x_wconf 86' lang='grc' dir='ltr'>Θεοῦ,</span> <span class='ocrx_word' id='word_1_865' title='bbox 2555 5183 2613 5248; x_wconf 78' lang='grc' dir='ltr'>ὃς</span> <span class='ocrx_word' id='word_1_866' title='bbox 2638 5184 2699 5238; x_wconf 93' lang='grc' dir='ltr'><strong>οὐ</strong></span> <span class='ocrx_word' id='word_1_867' title='bbox 2729 5183 2805 5255; x_wconf 83' lang='grc' dir='ltr'>μὴ</span> <span class='ocrx_word' id='word_1_868' title='bbox 2832 5184 3085 5257; x_wconf 78' lang='grc' dir='ltr'>ἀπολάόῃ</span> <span class='ocrx_word' id='word_1_869' title='bbox 3116 5184 3557 5239; x_wconf 81' lang='grc' dir='ltr'>πολλαπλασίονα</span> <span class='ocrx_word' id='word_1_870' title='bbox 3591 5187 3650 5240; x_wconf 76' lang='grc' dir='ltr'>ἐν</span> <span class='ocrx_word' id='word_1_871' title='bbox 3677 5184 3757 5257; x_wconf 83' lang='grc' dir='ltr'><strong>τῷ</strong></span> <span class='ocrx_word' id='word_1_872' title='bbox 3785 5184 3949 5256; x_wconf 79' lang='grc' dir='ltr'>καιρῷ</span> 
     </span>
    </p>
   </div>
   <div class='ocr_carea' id='block_1_114' title="bbox 2372 5280 3943 5353">
    <p class='ocr_par' dir='ltr' id='par_1_114' title="bbox 2372 5280 3943 5353">
     <span class='ocr_line' id='line_1_114' title="bbox 2372 5280 3943 5353; baseline 0.001 -22"><span class='ocrx_word' id='word_1_873' title='bbox 2372 5280 2568 5350; x_wconf 85' lang='grc' dir='ltr'>τούτῳ,</span> <span class='ocrx_word' id='word_1_874' title='bbox 2603 5282 2697 5334; x_wconf 78' lang='grc' dir='ltr'><strong>καὶ</strong></span> <span class='ocrx_word' id='word_1_875' title='bbox 2734 5282 2789 5333; x_wconf 78' lang='grc' dir='ltr'>ὲν</span> <span class='ocrx_word' id='word_1_876' title='bbox 2818 5280 2895 5351; x_wconf 80' lang='grc' dir='ltr'>τῷ</span> <span class='ocrx_word' id='word_1_877' title='bbox 2914 5280 3072 5335; x_wconf 85' lang='grc' dir='ltr'>αἰῶνι</span> <span class='ocrx_word' id='word_1_878' title='bbox 3100 5280 3165 5352; x_wconf 68' lang='grc' dir='ltr'><strong>τῷ</strong></span> <span class='ocrx_word' id='word_1_879' title='bbox 3190 5281 3473 5352; x_wconf 67' lang='grc' dir='ltr'>ἐρχομένῳ</span> <span class='ocrx_word' id='word_1_880' title='bbox 3506 5280 3653 5353; x_wconf 79' lang='grc' dir='ltr'>ζωὴν</span> <span class='ocrx_word' id='word_1_881' title='bbox 3683 5281 3943 5335; x_wconf 74' lang='grc' dir='ltr'>αἰώνιον.»</span> 
     </span>
    </p>
   </div>
   <div class='ocr_carea' id='block_1_115' title="bbox 2387 5373 3950 5447">
    <p class='ocr_par' dir='ltr' id='par_1_115' title="bbox 2387 5373 3950 5447">
     <span class='ocr_line' id='line_1_115' title="bbox 2387 5373 3950 5447; baseline 0 -22"><span class='ocrx_word' id='word_1_882' title='bbox 2387 5373 2605 5445; x_wconf 80' lang='grc' dir='ltr'>Ἐπειδὴ</span> <span class='ocrx_word' id='word_1_883' title='bbox 2652 5377 2679 5427; x_wconf 90' lang='lat'><strong>6</strong></span> <span class='ocrx_word' id='word_1_884' title='bbox 2710 5375 2968 5439; x_wconf 87' lang='grc' dir='ltr'>πλούσιος</span> <span class='ocrx_word' id='word_1_885' title='bbox 3010 5375 3252 5439; x_wconf 83' lang='grc' dir='ltr'>ἀκούσας</span> <span class='ocrx_word' id='word_1_886' title='bbox 3299 5375 3399 5446; x_wconf 81' lang='grc' dir='ltr'>τὴν</span> <span class='ocrx_word' id='word_1_887' title='bbox 3446 5378 3559 5430; x_wconf 87' lang='grc' dir='ltr'><strong>τῶν</strong></span> <span class='ocrx_word' id='word_1_888' title='bbox 3606 5377 3950 5447; x_wconf 79' lang='grc' dir='ltr'>ὑπαρχόντων</span> 
     </span>
    </p>
   </div>
   <div class='ocr_carea' id='block_1_116' title="bbox 2372 5466 3943 5540">
    <p class='ocr_par' dir='ltr' id='par_1_116' title="bbox 2372 5466 3943 5540">
     <span class='ocr_line' id='line_1_116' title="bbox 2372 5466 3943 5540; baseline 0.001 -21"><span class='ocrx_word' id='word_1_889' title='bbox 2372 5466 2679 5532; x_wconf 85' lang='grc' dir='ltr'>ἀπόκτησιν</span> <span class='ocrx_word' id='word_1_890' title='bbox 2726 5468 2996 5539; x_wconf 81' lang='grc' dir='ltr'>ἐλυπήθη,</span> <span class='ocrx_word' id='word_1_891' title='bbox 3052 5468 3220 5539; x_wconf 71' lang='grc' dir='ltr'>φησὶν</span> <span class='ocrx_word' id='word_1_892' title='bbox 3261 5472 3290 5522; x_wconf 92' lang='lat'><strong>6</strong></span> <span class='ocrx_word' id='word_1_893' title='bbox 3341 5468 3546 5539; x_wconf 85' lang='grc' dir='ltr'>Κύριος</span> <span class='ocrx_word' id='word_1_894' title='bbox 3597 5466 3943 5540; x_wconf 81' lang='grc' dir='ltr'>θαυμαστικῷ</span> 
     </span>
    </p>
   </div>
   <div class='ocr_carea' id='block_1_117' title="bbox 2372 5564 3943 5637">
    <p class='ocr_par' dir='ltr' id='par_1_117' title="bbox 2372 5564 3943 5637">
     <span class='ocr_line' id='line_1_117' title="bbox 2372 5564 3943 5637; baseline -0.001 -20"><span class='ocrx_word' id='word_1_895' title='bbox 2372 5564 2452 5634; x_wconf 84' lang='grc' dir='ltr'>τῷ</span> <span class='ocrx_word' id='word_1_896' title='bbox 2487 5566 2749 5634; x_wconf 78' lang='grc' dir='ltr'>σχήματι,</span> <span class='ocrx_word' id='word_1_897' title='bbox 2784 5564 2906 5626; x_wconf 87' lang='grc' dir='ltr'><strong>Πῶς</strong></span> <span class='ocrx_word' id='word_1_898' title='bbox 2933 5564 3209 5627; x_wconf 80' lang='grc' dir='ltr'>δυσκόλως</span> <span class='ocrx_word' id='word_1_899' title='bbox 3246 5565 3296 5617; x_wconf 89' lang='grc' dir='ltr'><strong>οί</strong></span> <span class='ocrx_word' id='word_1_900' title='bbox 3326 5564 3395 5618; x_wconf 85' lang='grc' dir='ltr'>τὰ</span> <span class='ocrx_word' id='word_1_901' title='bbox 3430 5567 3694 5637; x_wconf 87' lang='grc' dir='ltr'>χρήματα</span> <span class='ocrx_word' id='word_1_902' title='bbox 3723 5567 3943 5636; x_wconf 77' lang='grc' dir='ltr'>ἔχοντες,</span> 
     </span>
    </p>
   </div>
   <div class='ocr_carea' id='block_1_118' title="bbox 2376 5653 3944 5729">
    <p class='ocr_par' dir='ltr' id='par_1_118' title="bbox 2376 5653 3944 5729">
     <span class='ocr_line' id='line_1_118' title="bbox 2376 5653 3944 5729; baseline -0.001 -18"><span class='ocrx_word' id='word_1_903' title='bbox 2376 5658 2773 5712; x_wconf 82' lang='grc' dir='ltr'>εἰσελεύσονται</span> <span class='ocrx_word' id='word_1_904' title='bbox 2808 5658 2886 5719; x_wconf 82' lang='grc' dir='ltr'><strong>είς</strong></span> <span class='ocrx_word' id='word_1_905' title='bbox 2915 5661 3015 5728; x_wconf 84' lang='grc' dir='ltr'><strong>τὴν</strong></span> <span class='ocrx_word' id='word_1_906' title='bbox 3043 5658 3324 5729; x_wconf 85' lang='grc' dir='ltr'>βασιλείαν</span> <span class='ocrx_word' id='word_1_907' title='bbox 3351 5660 3439 5712; x_wconf 88' lang='grc' dir='ltr'><strong>τοῦ</strong></span> <span class='ocrx_word' id='word_1_908' title='bbox 3464 5658 3600 5713; x_wconf 85' lang='grc' dir='ltr'>Θεοῦ</span> <span class='ocrx_word' id='word_1_909' title='bbox 3629 5661 3642 5713; x_wconf 91' lang='lat' dir='ltr'><strong>l</strong></span> <span class='ocrx_word' id='word_1_910' title='bbox 3670 5661 3770 5713; x_wconf 87' lang='grc' dir='ltr'><strong>οὐκ</strong></span> <span class='ocrx_word' id='word_1_911' title='bbox 3805 5653 3944 5712; x_wconf 74' lang='grc' dir='ltr'>εἶπεν</span> 
     </span>
    </p>
   </div>
   <div class='ocr_carea' id='block_1_119' title="bbox 2336 5740 3943 5819">
    <p class='ocr_par' dir='ltr' id='par_1_119' title="bbox 2336 5740 3943 5819">
     <span class='ocr_line' id='line_1_119' title="bbox 2336 5740 3943 5819; baseline -0.001 -15"><span class='ocrx_word' id='word_1_912' title='bbox 2336 5740 2337 5743; x_wconf 9' lang='grc' dir='ltr'><strong>η</strong></span> <span class='ocrx_word' id='word_1_913' title='bbox 2374 5751 2454 5804; x_wconf 85' lang='grc' dir='ltr'>ὅτι</span> <span class='ocrx_word' id='word_1_914' title='bbox 2492 5751 2769 5814; x_wconf 84' lang='grc' dir='ltr'>ἀδυνάτως</span> <span class='ocrx_word' id='word_1_915' title='bbox 2814 5752 3030 5819; x_wconf 75' lang='grc' dir='ltr'>ἔχουσιν</span> <span class='ocrx_word' id='word_1_916' title='bbox 3069 5750 3357 5817; x_wconf 78' lang='grc' dir='ltr'>εἰσελθεῖν,</span> <span class='ocrx_word' id='word_1_917' title='bbox 3386 5750 3523 5804; x_wconf 77' lang='grc' dir='ltr'>ἀλλὰ</span> <span class='ocrx_word' id='word_1_918' title='bbox 3563 5751 3849 5813; x_wconf 86' lang='grc' dir='ltr'>δυσκόλως.</span> <span class='ocrx_word' id='word_1_919' title='bbox 3874 5746 3943 5803; x_wconf 69' lang='grc' dir='ltr'><strong>σὺ</strong></span> 
     </span>
    </p>
   </div>
   <div class='ocr_carea' id='block_1_120' title="bbox 2377 5841 3943 5916">
    <p class='ocr_par' dir='ltr' id='par_1_120' title="bbox 2377 5841 3943 5916">
     <span class='ocr_line' id='line_1_120' title="bbox 2377 5841 3943 5916; baseline -0.001 -19"><span class='ocrx_word' id='word_1_920' title='bbox 2377 5842 2485 5915; x_wconf 76' lang='grc' dir='ltr'><strong>γὰρ</strong></span> <span class='ocrx_word' id='word_1_921' title='bbox 2510 5844 2771 5900; x_wconf 78' lang='grc' dir='ltr'>ἀδύνατον</span> <span class='ocrx_word' id='word_1_922' title='bbox 2807 5844 3049 5916; x_wconf 79' lang='grc' dir='ltr'>σωθῆναι</span> <span class='ocrx_word' id='word_1_923' title='bbox 3091 5844 3217 5909; x_wconf 83' lang='grc' dir='ltr'>τοὺς</span> <span class='ocrx_word' id='word_1_924' title='bbox 3248 5844 3544 5911; x_wconf 84' lang='grc' dir='ltr'>τοιούτους.</span> <span class='ocrx_word' id='word_1_925' title='bbox 3590 5845 3823 5901; x_wconf 79' lang='grc' dir='ltr'>Δυνατὸν</span> <span class='ocrx_word' id='word_1_926' title='bbox 3847 5841 3943 5913; x_wconf 77' lang='grc' dir='ltr'>γὰρ</span> 
     </span>
    </p>
   </div>
  </div>
