  <div class='ocr_page' id='page_1' title='image "/cluster/home/n/w/nwhite01/storage/ocr_20150623/123/pst.000005714384/528.png"; bbox 0 0 4100 6334; ppageno 0'>
   <div class='ocr_carea' id='block_1_1' title="bbox 176 380 322 449">
    <p class='ocr_par' dir='ltr' id='par_1_1' title="bbox 176 380 322 449">
     <span class='ocr_line' id='line_1_1' title="bbox 176 380 322 449; baseline -0.021 -1"><span class='ocrx_word' id='word_1_1' title='bbox 176 380 322 449; x_wconf 83' lang='grc'><strong>1013</strong></span> 
     </span>
    </p>
   </div>
   <div class='ocr_carea' id='block_1_2' title="bbox 849 375 2795 457">
    <p class='ocr_par' dir='ltr' id='par_1_2' title="bbox 849 375 2795 457">
     <span class='ocr_line' id='line_1_2' title="bbox 849 375 2795 457; baseline -0.003 -13"><span class='ocrx_word' id='word_1_2' title='bbox 849 380 1298 445; x_wconf 78' lang='lat' dir='ltr'><strong>ENARRATIO</strong></span> <span class='ocrx_word' id='word_1_3' title='bbox 1334 380 1419 443; x_wconf 83' lang='lat' dir='ltr'><strong>IN</strong></span> <span class='ocrx_word' id='word_1_4' title='bbox 1462 376 1972 443; x_wconf 79' lang='lat' dir='ltr'><strong>EVANGELlUM</strong></span> <span class='ocrx_word' id='word_1_5' title='bbox 2012 377 2345 457; x_wconf 68' lang='lat' dir='ltr'><strong>LUCB.-</strong></span> <span class='ocrx_word' id='word_1_6' title='bbox 2374 378 2541 439; x_wconf 67' lang='lat' dir='ltr'><strong>CAP;</strong></span> <span class='ocrx_word' id='word_1_7' title='bbox 2570 375 2795 439; x_wconf 69' lang='lat' dir='ltr'><strong>XVIII.</strong></span> 
     </span>
    </p>
   </div>
   <div class='ocr_carea' id='block_1_3' title="bbox 3320 365 3491 443">
    <p class='ocr_par' dir='ltr' id='par_1_3' title="bbox 3320 365 3491 443">
     <span class='ocr_line' id='line_1_3' title="bbox 3320 365 3491 443; baseline -0.012 -2"><span class='ocrx_word' id='word_1_8' title='bbox 3320 365 3491 443; x_wconf 81' lang='grc' dir='ltr'><strong>ἰοιι</strong></span> 
     </span>
    </p>
   </div>
   <div class='ocr_carea' id='block_1_4' title="bbox 170 485 1783 567">
    <p class='ocr_par' dir='ltr' id='par_1_4' title="bbox 170 489 1782 567">
     <span class='ocr_line' id='line_1_4' title="bbox 170 489 1782 567; baseline -0.004 -16"><span class='ocrx_word' id='word_1_9' title='bbox 170 497 248 551; x_wconf 81' lang='grc' dir='ltr'><strong>τὰ</strong></span> <span class='ocrx_word' id='word_1_10' title='bbox 278 495 543 567; x_wconf 77' lang='grc' dir='ltr'><strong>χρήματα</strong></span> <span class='ocrx_word' id='word_1_11' title='bbox 570 490 931 566; x_wconf 69' lang='grc' dir='ltr'><strong>προεμόνους,</strong></span> <span class='ocrx_word' id='word_1_12' title='bbox 960 493 1247 565; x_wconf 65' lang='grc' dir='ltr'><strong>επιτὺχείν</strong></span> <span class='ocrx_word' id='word_1_13' title='bbox 1278 491 1391 546; x_wconf 88' lang='grc' dir='ltr'><strong>τῶν</strong></span> <span class='ocrx_word' id='word_1_14' title='bbox 1416 490 1550 547; x_wconf 79' lang='grc' dir='ltr'><strong>ἀνω.</strong></span> <span class='ocrx_word' id='word_1_15' title='bbox 1571 489 1782 545; x_wconf 79' lang='grc' dir='ltr'><strong>Δύσκο-</strong></span> 
     </span>
    </p>
   </div>
   <div class='ocr_carea' id='block_1_5' title="bbox 1887 485 3485 567">
    <p class='ocr_par' dir='ltr' id='par_1_5' title="bbox 1887 485 3485 560">
     <span class='ocr_line' id='line_1_5' title="bbox 1887 485 3485 560; baseline 0.001 -14"><span class='ocrx_word' id='word_1_16' title='bbox 1887 490 2063 560; x_wconf 90' lang='lat' dir='ltr'><strong>sequi.</strong></span> <span class='ocrx_word' id='word_1_17' title='bbox 2118 487 2187 544; x_wconf 86' lang='lat' dir='ltr'><strong>Et</strong></span> <span class='ocrx_word' id='word_1_18' title='bbox 2236 485 2455 545; x_wconf 76' lang='lat' dir='ltr'><strong>difﬁcile</strong></span> <span class='ocrx_word' id='word_1_19' title='bbox 2493 486 2712 557; x_wconf 80' lang='lat' dir='ltr'><strong>quidem</strong></span> <span class='ocrx_word' id='word_1_20' title='bbox 2780 488 2900 544; x_wconf 84' lang='lat' dir='ltr'><strong>hoc.</strong></span> <span class='ocrx_word' id='word_1_21' title='bbox 2956 486 3291 546; x_wconf 81' lang='lat' dir='ltr'><strong>&#39;l‘euaciores</strong></span> <span class='ocrx_word' id='word_1_22' title='bbox 3339 492 3485 547; x_wconf 89' lang='lat' dir='ltr'><strong>enim</strong></span> 
     </span>
    </p>
   </div>
   <div class='ocr_carea' id='block_1_6' title="bbox 171 584 1780 664">
    <p class='ocr_par' dir='ltr' id='par_1_6' title="bbox 171 584 1780 664">
     <span class='ocr_line' id='line_1_6' title="bbox 171 584 1780 664; baseline -0.005 -18"><span class='ocrx_word' id='word_1_23' title='bbox 171 590 271 646; x_wconf 86' lang='grc' dir='ltr'><strong>λον</strong></span> <span class='ocrx_word' id='word_1_24' title='bbox 302 589 485 664; x_wconf 68' lang='grc' dir='ltr'><strong>μέντοι</strong></span> <span class='ocrx_word' id='word_1_25' title='bbox 518 586 676 643; x_wconf 81' lang='grc' dir='ltr'><strong>τοῦτο</strong></span> <span class='ocrx_word' id='word_1_26' title='bbox 709 602 726 619; x_wconf 81' lang='grc'><em>’</em></span> <span class='ocrx_word' id='word_1_27' title='bbox 760 585 876 653; x_wconf 77' lang='grc' dir='ltr'><strong>ἰξοῦ</strong></span> <span class='ocrx_word' id='word_1_28' title='bbox 930 586 1041 659; x_wconf 92' lang='grc' dir='ltr'><strong>γάρ</strong></span> <span class='ocrx_word' id='word_1_29' title='bbox 1075 584 1524 657; x_wconf 84' lang='grc' dir='ltr'><strong>κολλητικώτερα</strong></span> <span class='ocrx_word' id='word_1_30' title='bbox 1546 584 1612 641; x_wconf 86' lang='grc' dir='ltr'><strong>τά</strong></span> <span class='ocrx_word' id='word_1_31' title='bbox 1644 584 1780 656; x_wconf 80' lang='grc' dir='ltr'><strong>χρή-</strong></span> 
     </span>
    </p>
   </div>
   <div class='ocr_carea' id='block_1_7' title="bbox 175 676 1777 755">
    <p class='ocr_par' dir='ltr' id='par_1_7' title="bbox 175 676 1777 755">
     <span class='ocr_line' id='line_1_7' title="bbox 175 676 1777 755; baseline -0.004 -18"><span class='ocrx_word' id='word_1_32' title='bbox 175 699 333 755; x_wconf 85' lang='grc' dir='ltr'><strong>ματα</strong></span> <span class='ocrx_word' id='word_1_33' title='bbox 367 682 471 737; x_wconf 77' lang='grc' dir='ltr'><strong>καὶ·</strong></span> <span class='ocrx_word' id='word_1_34' title='bbox 484 679 761 743; x_wconf 89' lang='grc' dir='ltr'><strong>δυσκόλως</strong></span> <span class='ocrx_word' id='word_1_35' title='bbox 795 679 1116 733; x_wconf 78' lang='grc' dir='ltr'><strong>ἀποσπᾶται</strong></span> <span class='ocrx_word' id='word_1_36' title='bbox 1148 679 1177 733; x_wconf 99' lang='lat'><strong>6</strong></span> <span class='ocrx_word' id='word_1_37' title='bbox 1210 676 1425 742; x_wconf 78' lang='grc' dir='ltr'><strong>τούτοις</strong></span> <span class='ocrx_word' id='word_1_38' title='bbox 1464 677 1777 749; x_wconf 85' lang='grc' dir='ltr'><strong>συσχεθείς.</strong></span> 
     </span>
    </p>
   </div>
   <div class='ocr_carea' id='block_1_8' title="bbox 172 768 1783 848">
    <p class='ocr_par' dir='ltr' id='par_1_8' title="bbox 172 768 1783 848">
     <span class='ocr_line' id='line_1_8' title="bbox 172 768 1783 848; baseline -0.004 -19"><span class='ocrx_word' id='word_1_39' title='bbox 172 771 554 848; x_wconf 83' lang='grc' dir='ltr'><strong>Παρακατιὼν</strong></span> <span class='ocrx_word' id='word_1_40' title='bbox 580 771 641 825; x_wconf 68' lang='grc' dir='ltr'><strong>δὲ</strong></span> <span class='ocrx_word' id='word_1_41' title='bbox 675 770 774 826; x_wconf 83' lang='grc' dir='ltr'><strong>καὶ</strong></span> <span class='ocrx_word' id='word_1_42' title='bbox 815 770 894 834; x_wconf 82' lang='grc' dir='ltr'><strong>ὡς</strong></span> <span class='ocrx_word' id='word_1_43' title='bbox 927 769 1192 825; x_wconf 83' lang='grc' dir='ltr'><strong>ἀδύνατον</strong></span> <span class='ocrx_word' id='word_1_44' title='bbox 1236 769 1371 825; x_wconf 84' lang='grc' dir='ltr'><strong>αύτδ</strong></span> <span class='ocrx_word' id='word_1_45' title='bbox 1414 768 1619 842; x_wconf 85' lang='grc' dir='ltr'><strong>τίθησι,</strong></span> <span class='ocrx_word' id='word_1_46' title='bbox 1644 769 1783 841; x_wconf 75' lang='grc' dir='ltr'><strong>φησὶ</strong></span> 
     </span>
    </p>
   </div>
   <div class='ocr_carea' id='block_1_9' title="bbox 172 860 1781 941">
    <p class='ocr_par' dir='ltr' id='par_1_9' title="bbox 172 860 1781 941">
     <span class='ocr_line' id='line_1_9' title="bbox 172 860 1781 941; baseline -0.004 -20"><span class='ocrx_word' id='word_1_47' title='bbox 172 867 313 941; x_wconf 82' lang='grc' dir='ltr'><strong>γὰρ,</strong></span> <span class='ocrx_word' id='word_1_48' title='bbox 330 861 727 939; x_wconf 83' lang='grc' dir='ltr'><strong>Εὑκοπώτερόν</strong></span> <span class='ocrx_word' id='word_1_49' title='bbox 764 864 882 918; x_wconf 71' lang='grc' dir='ltr'><strong>ἐστι</strong></span> <span class='ocrx_word' id='word_1_50' title='bbox 919 861 1168 935; x_wconf 78' lang='grc' dir='ltr'><strong>κάμηλον</strong></span> <span class='ocrx_word' id='word_1_51' title='bbox 1204 861 1294 917; x_wconf 83' lang='grc' dir='ltr'><strong>διὰ</strong></span> <span class='ocrx_word' id='word_1_52' title='bbox 1331 860 1643 934; x_wconf 74' lang='grc' dir='ltr'><strong>τρυμαλιᾶς</strong></span> <span class='ocrx_word' id='word_1_53' title='bbox 1679 862 1781 934; x_wconf 79' lang='grc' dir='ltr'><strong>ρα-</strong></span> 
     </span>
    </p>
   </div>
   <div class='ocr_carea' id='block_1_10' title="bbox 172 954 1783 1031">
    <p class='ocr_par' dir='ltr' id='par_1_10' title="bbox 172 954 1783 1031">
     <span class='ocr_line' id='line_1_10' title="bbox 172 954 1783 1031; baseline -0.004 -16"><span class='ocrx_word' id='word_1_54' title='bbox 172 960 334 1031; x_wconf 78' lang='grc' dir='ltr'><strong>φίδος</strong></span> <span class='ocrx_word' id='word_1_55' title='bbox 365 959 652 1025; x_wconf 75' lang='grc' dir='ltr'><strong>εἰσελθεῖν,</strong></span> <span class='ocrx_word' id='word_1_56' title='bbox 681 957 716 1030; x_wconf 85' lang='grc' dir='ltr'>ἢ</span> <span class='ocrx_word' id='word_1_57' title='bbox 763 956 1021 1012; x_wconf 84' lang='grc' dir='ltr'><strong>πλούσιον</strong></span> <span class='ocrx_word' id='word_1_58' title='bbox 1062 954 1308 1028; x_wconf 86' lang='grc' dir='ltr'><strong>σωθῆναι</strong></span> <span class='ocrx_word' id='word_1_59' title='bbox 1333 973 1348 986; x_wconf 87' lang='grc'><strong>·</strong></span> <span class='ocrx_word' id='word_1_60' title='bbox 1374 955 1641 1011; x_wconf 87' lang='grc' dir='ltr'><strong>ἀδύνατον</strong></span> <span class='ocrx_word' id='word_1_61' title='bbox 1672 954 1783 1027; x_wconf 82' lang='grc' dir='ltr'><strong>γὰρ</strong></span> 
     </span>
    </p>
   </div>
   <div class='ocr_carea' id='block_1_11' title="bbox 172 1048 1780 1124">
    <p class='ocr_par' dir='ltr' id='par_1_11' title="bbox 172 1048 1780 1124">
     <span class='ocr_line' id='line_1_11' title="bbox 172 1048 1780 1124; baseline -0.003 -16"><span class='ocrx_word' id='word_1_62' title='bbox 172 1054 401 1117; x_wconf 80' lang='grc' dir='ltr'><strong>πάντως</strong></span> <span class='ocrx_word' id='word_1_63' title='bbox 428 1051 680 1124; x_wconf 85' lang='grc' dir='ltr'><strong>κάμηλον</strong></span> <span class='ocrx_word' id='word_1_64' title='bbox 704 1050 795 1106; x_wconf 79' lang='grc' dir='ltr'><strong>διὰ</strong></span> <span class='ocrx_word' id='word_1_65' title='bbox 823 1054 1189 1124; x_wconf 75' lang='grc' dir='ltr'><strong>τρυπήματος</strong></span> <span class='ocrx_word' id='word_1_66' title='bbox 1223 1049 1466 1122; x_wconf 81' lang='grc' dir='ltr'><strong>βελονίου</strong></span> <span class='ocrx_word' id='word_1_67' title='bbox 1506 1048 1780 1122; x_wconf 86' lang='grc' dir='ltr'><strong>χωρῆσαι,</strong></span> 
     </span>
    </p>
   </div>
   <div class='ocr_carea' id='block_1_12' title="bbox 169 1138 1784 1217">
    <p class='ocr_par' dir='ltr' id='par_1_12' title="bbox 169 1138 1784 1217">
     <span class='ocr_line' id='line_1_12' title="bbox 169 1138 1784 1217; baseline -0.007 -14"><span class='ocrx_word' id='word_1_68' title='bbox 169 1150 291 1205; x_wconf 72' lang='grc' dir='ltr'><strong>εἴτε</strong></span> <span class='ocrx_word' id='word_1_69' title='bbox 316 1147 380 1202; x_wconf 80' lang='grc' dir='ltr'><strong>τὸ</strong></span> <span class='ocrx_word' id='word_1_70' title='bbox 410 1144 552 1213; x_wconf 80' lang='grc' dir='ltr'><strong>ζῶον</strong></span> <span class='ocrx_word' id='word_1_71' title='bbox 576 1145 708 1201; x_wconf 76' lang='grc' dir='ltr'><strong>αὐτὸ</strong></span> <span class='ocrx_word' id='word_1_72' title='bbox 732 1139 952 1217; x_wconf 80' lang='grc' dir='ltr'><strong>νοήσεις</strong></span> <span class='ocrx_word' id='word_1_73' title='bbox 981 1142 1254 1215; x_wconf 82' lang='grc' dir='ltr'><strong>κάμηλον,</strong></span> <span class='ocrx_word' id='word_1_74' title='bbox 1277 1141 1391 1197; x_wconf 72' lang='grc' dir='ltr'><strong>εἴτε</strong></span> <span class='ocrx_word' id='word_1_75' title='bbox 1420 1138 1634 1212; x_wconf 74' lang='grc' dir='ltr'><strong>σχοῖνόν</strong></span> <span class='ocrx_word' id='word_1_76' title='bbox 1658 1154 1784 1193; x_wconf 85' lang='grc' dir='ltr'><strong>τινα</strong></span> 
     </span>
    </p>
   </div>
   <div class='ocr_carea' id='block_1_13' title="bbox 170 1231 1784 1314">
    <p class='ocr_par' dir='ltr' id='par_1_13' title="bbox 170 1231 1784 1314">
     <span class='ocr_line' id='line_1_13' title="bbox 170 1231 1784 1314; baseline -0.006 -18"><span class='ocrx_word' id='word_1_77' title='bbox 170 1240 446 1314; x_wconf 81' lang='grc' dir='ltr'><strong>ναυτικὴν</strong></span> <span class='ocrx_word' id='word_1_78' title='bbox 491 1242 749 1312; x_wconf 80' lang='grc' dir='ltr'><strong>παχεῖαν.</strong></span> <span class='ocrx_word' id='word_1_79' title='bbox 785 1238 852 1293; x_wconf 79' lang='grc' dir='ltr'><strong>Εἰ</strong></span> <span class='ocrx_word' id='word_1_80' title='bbox 899 1231 994 1293; x_wconf 81' lang='grc' dir='ltr'><strong>οὖν</strong></span> <span class='ocrx_word' id='word_1_81' title='bbox 1041 1235 1292 1309; x_wconf 78' lang='grc' dir='ltr'><strong>κάμηλον</strong></span> <span class='ocrx_word' id='word_1_82' title='bbox 1329 1234 1649 1309; x_wconf 82' lang='grc' dir='ltr'><strong>χωρηθῆναι</strong></span> <span class='ocrx_word' id='word_1_83' title='bbox 1692 1231 1784 1288; x_wconf 83' lang='grc' dir='ltr'><strong>διὰ</strong></span> 
     </span>
    </p>
   </div>
   <div class='ocr_carea' id='block_1_14' title="bbox 169 1328 1783 1407">
    <p class='ocr_par' dir='ltr' id='par_1_14' title="bbox 169 1328 1783 1407">
     <span class='ocr_line' id='line_1_14' title="bbox 169 1328 1783 1407; baseline -0.004 -19"><span class='ocrx_word' id='word_1_84' title='bbox 169 1334 545 1407; x_wconf 77' lang='grc' dir='ltr'><strong>τρυπήματος</strong></span> <span class='ocrx_word' id='word_1_85' title='bbox 578 1331 821 1405; x_wconf 78' lang='grc' dir='ltr'><strong>βελονίου</strong></span> <span class='ocrx_word' id='word_1_86' title='bbox 865 1329 1270 1399; x_wconf 79' lang='grc' dir='ltr'><strong>εὐκοπώτερον,</strong></span> <span class='ocrx_word' id='word_1_87' title='bbox 1314 1329 1349 1402; x_wconf 79' lang='grc' dir='ltr'>ἢ</span> <span class='ocrx_word' id='word_1_88' title='bbox 1384 1328 1643 1385; x_wconf 88' lang='grc' dir='ltr'><strong>πλούσιον</strong></span> <span class='ocrx_word' id='word_1_89' title='bbox 1673 1344 1783 1383; x_wconf 80' lang='grc' dir='ltr'><strong>σω-</strong></span> 
     </span>
    </p>
   </div>
   <div class='ocr_carea' id='block_1_15' title="bbox 170 1417 1784 1497">
    <p class='ocr_par' dir='ltr' id='par_1_15' title="bbox 170 1417 1784 1497">
     <span class='ocr_line' id='line_1_15' title="bbox 170 1417 1784 1497; baseline -0.006 -16"><span class='ocrx_word' id='word_1_90' title='bbox 170 1424 373 1497; x_wconf 86' lang='grc' dir='ltr'><strong>θῆναι,</strong></span> <span class='ocrx_word' id='word_1_91' title='bbox 426 1425 693 1481; x_wconf 83' lang='grc' dir='ltr'><strong>ἀδύνατον</strong></span> <span class='ocrx_word' id='word_1_92' title='bbox 734 1424 793 1480; x_wconf 70' lang='grc' dir='ltr'><strong>δὶ</strong></span> <span class='ocrx_word' id='word_1_93' title='bbox 838 1418 1004 1479; x_wconf 79' lang='grc' dir='ltr'><strong>τοῦτο</strong></span> <span class='ocrx_word' id='word_1_94' title='bbox 1035 1463 1052 1487; x_wconf 88' lang='grc'><strong>,</strong></span> <span class='ocrx_word' id='word_1_95' title='bbox 1111 1422 1511 1494; x_wconf 80' lang='grc' dir='ltr'><strong>ἀδυνατότερον</strong></span> <span class='ocrx_word' id='word_1_96' title='bbox 1566 1420 1676 1493; x_wconf 84' lang='grc' dir='ltr'><strong>ἀρα</strong></span> <span class='ocrx_word' id='word_1_97' title='bbox 1720 1417 1784 1473; x_wconf 79' lang='grc' dir='ltr'><strong>τὸ</strong></span> 
     </span>
    </p>
   </div>
   <div class='ocr_carea' id='block_1_16' title="bbox 173 1513 1783 1591">
    <p class='ocr_par' dir='ltr' id='par_1_16' title="bbox 173 1513 1783 1591">
     <span class='ocr_line' id='line_1_16' title="bbox 173 1513 1783 1591; baseline -0.004 -15"><span class='ocrx_word' id='word_1_98' title='bbox 173 1520 425 1591; x_wconf 64' lang='grc' dir='ltr'><strong>σωθῆναι⁹</strong></span> <span class='ocrx_word' id='word_1_99' title='bbox 490 1517 772 1574; x_wconf 87' lang='grc' dir='ltr'><strong>πλούσιον.</strong></span> <span class='ocrx_word' id='word_1_100' title='bbox 824 1517 892 1571; x_wconf 88' lang='grc' dir='ltr'><strong>Τί</strong></span> <span class='ocrx_word' id='word_1_101' title='bbox 943 1513 1041 1572; x_wconf 77' lang='grc' dir='ltr'><strong>οὖν</strong></span> <span class='ocrx_word' id='word_1_102' title='bbox 1087 1515 1239 1572; x_wconf 75' lang='grc' dir='ltr'><strong>εστιν</strong></span> <span class='ocrx_word' id='word_1_103' title='bbox 1296 1517 1503 1586; x_wconf 72' lang='grc' dir='ltr'><strong>εἰπεῐνς;</strong></span> <span class='ocrx_word' id='word_1_104' title='bbox 1558 1514 1783 1587; x_wconf 84' lang='grc' dir='ltr'><strong>Πρῶτον</strong></span> 
     </span>
    </p>
   </div>
   <div class='ocr_carea' id='block_1_17' title="bbox 176 1608 1784 1683">
    <p class='ocr_par' dir='ltr' id='par_1_17' title="bbox 176 1608 1784 1683">
     <span class='ocr_line' id='line_1_17' title="bbox 176 1608 1784 1683; baseline -0.002 -17"><span class='ocrx_word' id='word_1_105' title='bbox 176 1611 305 1683; x_wconf 74' lang='grc' dir='ltr'><strong>μὲν,</strong></span> <span class='ocrx_word' id='word_1_106' title='bbox 341 1612 428 1667; x_wconf 82' lang='grc' dir='ltr'><strong>δτι</strong></span> <span class='ocrx_word' id='word_1_107' title='bbox 468 1610 688 1682; x_wconf 89' lang='grc' dir='ltr'><strong>ἀληθῶς</strong></span> <span class='ocrx_word' id='word_1_108' title='bbox 742 1608 921 1674; x_wconf 73' lang='grc' dir='ltr'><strong>οὕτως</strong></span> <span class='ocrx_word' id='word_1_109' title='bbox 970 1608 1088 1681; x_wconf 77' lang='grc' dir='ltr'><strong>ιχει</strong></span> <span class='ocrx_word' id='word_1_110' title='bbox 1117 1625 1133 1644; x_wconf 79' lang='grc' dir='ltr'><strong>ο</strong></span> <span class='ocrx_word' id='word_1_111' title='bbox 1172 1609 1434 1665; x_wconf 90' lang='grc' dir='ltr'><strong>πλούσιον</strong></span> <span class='ocrx_word' id='word_1_112' title='bbox 1487 1608 1600 1681; x_wconf 83' lang='grc' dir='ltr'><strong>γὰρ</strong></span> <span class='ocrx_word' id='word_1_113' title='bbox 1651 1608 1784 1664; x_wconf 75' lang='grc' dir='ltr'><strong>ὄντα</strong></span> 
     </span>
    </p>
   </div>
   <div class='ocr_carea' id='block_1_18' title="bbox 173 1701 1785 1776">
    <p class='ocr_par' dir='ltr' id='par_1_18' title="bbox 173 1701 1785 1776">
     <span class='ocr_line' id='line_1_18' title="bbox 173 1701 1785 1776; baseline -0.002 -17"><span class='ocrx_word' id='word_1_114' title='bbox 173 1703 443 1760; x_wconf 89' lang='grc' dir='ltr'><strong>ἀδύνατον</strong></span> <span class='ocrx_word' id='word_1_115' title='bbox 484 1703 748 1776; x_wconf 80' lang='grc' dir='ltr'><strong>σωθῆναι.</strong></span> <span class='ocrx_word' id='word_1_116' title='bbox 805 1702 900 1776; x_wconf 79' lang='grc' dir='ltr'><strong>Μὴ</strong></span> <span class='ocrx_word' id='word_1_117' title='bbox 946 1702 1060 1776; x_wconf 82' lang='grc' dir='ltr'><strong>γάρ</strong></span> <span class='ocrx_word' id='word_1_118' title='bbox 1114 1719 1206 1775; x_wconf 87' lang='grc' dir='ltr'><strong>μοι</strong></span> <span class='ocrx_word' id='word_1_119' title='bbox 1244 1702 1408 1776; x_wconf 73' lang='grc' dir='ltr'><strong>εἴπῃς</strong></span> <span class='ocrx_word' id='word_1_120' title='bbox 1447 1702 1532 1757; x_wconf 83' lang='grc' dir='ltr'><strong>ὅτι</strong></span> <span class='ocrx_word' id='word_1_121' title='bbox 1573 1703 1603 1756; x_wconf 91' lang='lat'><strong>6</strong></span> <span class='ocrx_word' id='word_1_122' title='bbox 1633 1701 1785 1757; x_wconf 78' lang='grc' dir='ltr'><strong>δεῖνα</strong></span> 
     </span>
    </p>
   </div>
   <div class='ocr_carea' id='block_1_19' title="bbox 174 1794 1777 1867">
    <p class='ocr_par' dir='ltr' id='par_1_19' title="bbox 174 1794 1777 1867">
     <span class='ocr_line' id='line_1_19' title="bbox 174 1794 1777 1867; baseline -0.002 -16"><span class='ocrx_word' id='word_1_123' title='bbox 174 1797 437 1861; x_wconf 85' lang='grc' dir='ltr'><strong>πλούσιος</strong></span> <span class='ocrx_word' id='word_1_124' title='bbox 478 1797 579 1865; x_wconf 81' lang='grc' dir='ltr'><strong>ῶν,</strong></span> <span class='ocrx_word' id='word_1_125' title='bbox 623 1797 815 1859; x_wconf 21' lang='grc' dir='ltr'><strong>ἐδίδουν</strong></span> <span class='ocrx_word' id='word_1_126' title='bbox 845 1794 917 1851; x_wconf 85' lang='grc' dir='ltr'><strong>τά</strong></span> <span class='ocrx_word' id='word_1_127' title='bbox 967 1795 1268 1867; x_wconf 79' lang='grc' dir='ltr'><strong>προσόντα,</strong></span> <span class='ocrx_word' id='word_1_128' title='bbox 1298 1796 1396 1851; x_wconf 78' lang='grc' dir='ltr'><strong>καὶ</strong></span> <span class='ocrx_word' id='word_1_129' title='bbox 1447 1794 1630 1866; x_wconf 65' lang='grc' dir='ltr'><strong>ἐσώθη</strong></span> <span class='ocrx_word' id='word_1_130' title='bbox 1673 1809 1687 1825; x_wconf 85' lang='lat'><strong>&#39;</strong></span> <span class='ocrx_word' id='word_1_131' title='bbox 1715 1794 1777 1849; x_wconf 79' lang='grc' dir='ltr'><strong>οὐ</strong></span> 
     </span>
    </p>
   </div>
   <div class='ocr_carea' id='block_1_20' title="bbox 174 1883 1777 1964">
    <p class='ocr_par' dir='ltr' id='par_1_20' title="bbox 174 1883 1777 1964">
     <span class='ocr_line' id='line_1_20' title="bbox 174 1883 1777 1964; baseline -0.003 -19"><span class='ocrx_word' id='word_1_132' title='bbox 174 1892 289 1964; x_wconf 86' lang='grc' dir='ltr'><strong>γάρ</strong></span> <span class='ocrx_word' id='word_1_133' title='bbox 339 1889 600 1956; x_wconf 86' lang='grc' dir='ltr'><strong>πλούσιος</strong></span> <span class='ocrx_word' id='word_1_134' title='bbox 660 1890 840 1956; x_wconf 73' lang='grc' dir='ltr'><strong>ισώθη</strong></span> <span class='ocrx_word' id='word_1_135' title='bbox 862 1928 877 1955; x_wconf 91' lang='grc'><strong>,</strong></span> <span class='ocrx_word' id='word_1_136' title='bbox 942 1883 1061 1943; x_wconf 77' lang='grc' dir='ltr'><strong>ἀλλ’</strong></span> <span class='ocrx_word' id='word_1_137' title='bbox 1101 1888 1149 1961; x_wconf 67' lang='grc' dir='ltr'><strong>η</strong></span> <span class='ocrx_word' id='word_1_138' title='bbox 1178 1889 1449 1959; x_wconf 87' lang='grc' dir='ltr'><strong>ἀκτήμων</strong></span> <span class='ocrx_word' id='word_1_139' title='bbox 1502 1886 1777 1958; x_wconf 81' lang='grc' dir='ltr'><strong>γεγονὼς,</strong></span> 
     </span>
    </p>
   </div>
   <div class='ocr_carea' id='block_1_21' title="bbox 176 1980 1781 2056">
    <p class='ocr_par' dir='ltr' id='par_1_21' title="bbox 176 1980 1781 2056">
     <span class='ocr_line' id='line_1_21' title="bbox 176 1980 1781 2056; baseline -0.003 -17"><span class='ocrx_word' id='word_1_140' title='bbox 176 1987 212 2056; x_wconf 77' lang='grc' dir='ltr'>ἢ</span> <span class='ocrx_word' id='word_1_141' title='bbox 243 1982 387 2049; x_wconf 71' lang='grc' dir='ltr'><strong>τὲως</strong></span> <span class='ocrx_word' id='word_1_142' title='bbox 402 1983 688 2054; x_wconf 78' lang='grc' dir='ltr'><strong>οἰκονόμος</strong></span> <span class='ocrx_word' id='word_1_143' title='bbox 712 1982 788 2037; x_wconf 79' lang='grc' dir='ltr'><strong>ὢν</strong></span> <span class='ocrx_word' id='word_1_144' title='bbox 809 1980 1014 2055; x_wconf 68' lang='grc' dir='ltr'><strong>ἐσώθη,</strong></span> <span class='ocrx_word' id='word_1_145' title='bbox 1037 1982 1137 2036; x_wconf 75' lang='grc' dir='ltr'><strong>καὶ</strong></span> <span class='ocrx_word' id='word_1_146' title='bbox 1156 1982 1281 2053; x_wconf 74' lang='grc' dir='ltr'><strong>οὐχὶ</strong></span> <span class='ocrx_word' id='word_1_147' title='bbox 1305 1980 1443 2035; x_wconf 90' lang='grc' dir='ltr'><strong>πλού</strong></span> <span class='ocrx_word' id='word_1_148' title='bbox 1452 1998 1588 2046; x_wconf 90' lang='grc' dir='ltr'><strong>σιος.</strong></span> <span class='ocrx_word' id='word_1_149' title='bbox 1615 1980 1781 2036; x_wconf 74' lang='grc' dir='ltr'><strong>Ἄλλο</strong></span> 
     </span>
    </p>
   </div>
   <div class='ocr_carea' id='block_1_22' title="bbox 173 2074 1781 2150">
    <p class='ocr_par' dir='ltr' id='par_1_22' title="bbox 173 2074 1781 2150">
     <span class='ocr_line' id='line_1_22' title="bbox 173 2074 1781 2150; baseline -0.001 -20"><span class='ocrx_word' id='word_1_150' title='bbox 173 2077 288 2150; x_wconf 87' lang='grc' dir='ltr'><strong>γάρ</strong></span> <span class='ocrx_word' id='word_1_151' title='bbox 320 2076 609 2148; x_wconf 76' lang='grc' dir='ltr'><strong>οἰκονόμος</strong></span> <span class='ocrx_word' id='word_1_152' title='bbox 645 2077 740 2131; x_wconf 74' lang='grc' dir='ltr'><strong>καὶ</strong></span> <span class='ocrx_word' id='word_1_153' title='bbox 767 2076 899 2131; x_wconf 76' lang='grc' dir='ltr'><strong>ἀλλο</strong></span> <span class='ocrx_word' id='word_1_154' title='bbox 930 2074 1192 2140; x_wconf 87' lang='grc' dir='ltr'><strong>πλούσιος</strong></span> <span class='ocrx_word' id='word_1_155' title='bbox 1213 2092 1227 2106; x_wconf 89' lang='grc'><strong>·</strong></span> <span class='ocrx_word' id='word_1_156' title='bbox 1257 2074 1513 2141; x_wconf 87' lang='grc' dir='ltr'><strong>πλούσιος</strong></span> <span class='ocrx_word' id='word_1_157' title='bbox 1550 2076 1650 2148; x_wconf 86' lang='grc' dir='ltr'><strong>μὲν</strong></span> <span class='ocrx_word' id='word_1_158' title='bbox 1670 2074 1781 2144; x_wconf 81' lang='grc' dir='ltr'><strong>γάρ</strong></span> 
     </span>
    </p>
   </div>
   <div class='ocr_carea' id='block_1_23' title="bbox 176 2168 1779 2242">
    <p class='ocr_par' dir='ltr' id='par_1_23' title="bbox 176 2168 1779 2242">
     <span class='ocr_line' id='line_1_23' title="bbox 176 2168 1779 2242; baseline -0.001 -19"><span class='ocrx_word' id='word_1_159' title='bbox 176 2171 355 2236; x_wconf 66' lang='grc' dir='ltr'><strong>ἐστιν,</strong></span> <span class='ocrx_word' id='word_1_160' title='bbox 381 2170 411 2223; x_wconf 93' lang='lat'><strong>6</strong></span> <span class='ocrx_word' id='word_1_161' title='bbox 441 2168 621 2241; x_wconf 75' lang='grc' dir='ltr'><strong>ἑαυτῷ</strong></span> <span class='ocrx_word' id='word_1_162' title='bbox 647 2170 835 2242; x_wconf 84' lang='grc' dir='ltr'><strong>τηρῶν</strong></span> <span class='ocrx_word' id='word_1_163' title='bbox 866 2169 959 2223; x_wconf 85' lang='grc' dir='ltr'><strong>τδν</strong></span> <span class='ocrx_word' id='word_1_164' title='bbox 984 2168 1241 2233; x_wconf 80' lang='grc' dir='ltr'><strong>πλοῦτον,</strong></span> <span class='ocrx_word' id='word_1_165' title='bbox 1276 2170 1561 2240; x_wconf 75' lang='grc' dir='ltr'><strong>οἰκονόμος</strong></span> <span class='ocrx_word' id='word_1_166' title='bbox 1587 2168 1643 2222; x_wconf 70' lang='grc' dir='ltr'><strong>δὲ</strong></span> <span class='ocrx_word' id='word_1_167' title='bbox 1664 2171 1693 2223; x_wconf 91' lang='lat'><strong>6</strong></span> <span class='ocrx_word' id='word_1_168' title='bbox 1712 2168 1779 2223; x_wconf 79' lang='grc' dir='ltr'><strong>δι’</strong></span> 
     </span>
    </p>
   </div>
   <div class='ocr_carea' id='block_1_24' title="bbox 148 2252 1781 2333">
    <p class='ocr_par' dir='ltr' id='par_1_24' title="bbox 148 2252 1781 2333">
     <span class='ocr_line' id='line_1_24' title="bbox 148 2252 1781 2333; baseline -0.001 -16"><span class='ocrx_word' id='word_1_169' title='bbox 148 2261 407 2333; x_wconf 68' lang='grc' dir='ltr'><strong>,ἑτέρους</strong></span> <span class='ocrx_word' id='word_1_170' title='bbox 469 2261 660 2319; x_wconf 83' lang='grc' dir='ltr'><strong>τοῦτον</strong></span> <span class='ocrx_word' id='word_1_171' title='bbox 707 2261 1096 2333; x_wconf 79' lang='grc' dir='ltr'><strong>ἑγχειρισθείς.</strong></span> <span class='ocrx_word' id='word_1_172' title='bbox 1161 2262 1326 2316; x_wconf 82' lang='grc' dir='ltr'><strong>’Ὥστε</strong></span> <span class='ocrx_word' id='word_1_173' title='bbox 1386 2262 1482 2315; x_wconf 80' lang='grc' dir='ltr'><strong>καὶ</strong></span> <span class='ocrx_word' id='word_1_174' title='bbox 1535 2262 1585 2315; x_wconf 85' lang='grc' dir='ltr'><strong>εἰ</strong></span> <span class='ocrx_word' id='word_1_175' title='bbox 1624 2252 1781 2326; x_wconf 73' lang='grc' dir='ltr'><strong>οὗτος</strong></span> 
     </span>
    </p>
   </div>
   <div class='ocr_carea' id='block_1_25' title="bbox 178 2350 1782 2424">
    <p class='ocr_par' dir='ltr' id='par_1_25' title="bbox 178 2350 1782 2424">
     <span class='ocr_line' id='line_1_25' title="bbox 178 2350 1782 2424; baseline 0 -17"><span class='ocrx_word' id='word_1_176' title='bbox 178 2352 387 2422; x_wconf 71' lang='grc' dir='ltr'><strong>ὶσώθη,</strong></span> <span class='ocrx_word' id='word_1_177' title='bbox 410 2352 475 2406; x_wconf 85' lang='grc' dir='ltr'><strong>ού</strong></span> <span class='ocrx_word' id='word_1_178' title='bbox 494 2351 755 2417; x_wconf 85' lang='grc' dir='ltr'><strong>πλούσιος</strong></span> <span class='ocrx_word' id='word_1_179' title='bbox 775 2351 981 2424; x_wconf 65' lang='grc' dir='ltr'><strong>ἐσώθη,</strong></span> <span class='ocrx_word' id='word_1_180' title='bbox 1006 2351 1124 2408; x_wconf 83' lang='grc' dir='ltr'><strong>ἀλλ’</strong></span> <span class='ocrx_word' id='word_1_181' title='bbox 1150 2351 1209 2423; x_wconf 78' lang='grc' dir='ltr'><strong>ἢ,</strong></span> <span class='ocrx_word' id='word_1_182' title='bbox 1231 2351 1307 2417; x_wconf 82' lang='grc' dir='ltr'><strong>ὡς</strong></span> <span class='ocrx_word' id='word_1_183' title='bbox 1336 2350 1573 2423; x_wconf 73' lang='grc' dir='ltr'><strong>ἔφημεν,</strong></span> <span class='ocrx_word' id='word_1_184' title='bbox 1600 2351 1782 2407; x_wconf 80' lang='grc' dir='ltr'><strong>πάντα</strong></span> 
     </span>
    </p>
   </div>
   <div class='ocr_carea' id='block_1_26' title="bbox 178 2440 1781 2521">
    <p class='ocr_par' dir='ltr' id='par_1_26' title="bbox 178 2440 1781 2521">
     <span class='ocr_line' id='line_1_26' title="bbox 178 2440 1781 2521; baseline -0.002 -19"><span class='ocrx_word' id='word_1_185' title='bbox 178 2446 639 2519; x_wconf 80' lang='grc' dir='ltr'><strong>ἀποκτησάμενος</strong></span> <span class='ocrx_word' id='word_1_186' title='bbox 666 2444 704 2500; x_wconf 78' lang='grc' dir='ltr'><strong>ἀ</strong></span> <span class='ocrx_word' id='word_1_187' title='bbox 732 2440 904 2521; x_wconf 74' lang='grc' dir='ltr'><strong>εἶχεν,</strong></span> <span class='ocrx_word' id='word_1_188' title='bbox 930 2444 965 2517; x_wconf 75' lang='grc' dir='ltr'>ἢ</span> <span class='ocrx_word' id='word_1_189' title='bbox 994 2444 1071 2510; x_wconf 82' lang='grc' dir='ltr'><strong>ὥς</strong></span> <span class='ocrx_word' id='word_1_190' title='bbox 1102 2446 1392 2517; x_wconf 73' lang='grc' dir='ltr'><strong>οἰκονόμος</strong></span> <span class='ocrx_word' id='word_1_191' title='bbox 1423 2444 1610 2510; x_wconf 89' lang='grc' dir='ltr'><strong>καλῶς</strong></span> <span class='ocrx_word' id='word_1_192' title='bbox 1639 2446 1781 2500; x_wconf 82' lang='grc' dir='ltr'><strong>αύτά</strong></span> 
     </span>
    </p>
   </div>
   <div class='ocr_carea' id='block_1_27' title="bbox 177 2537 1781 2612">
    <p class='ocr_par' dir='ltr' id='par_1_27' title="bbox 177 2537 1781 2612">
     <span class='ocr_line' id='line_1_27' title="bbox 177 2537 1781 2612; baseline -0.001 -17"><span class='ocrx_word' id='word_1_193' title='bbox 177 2540 576 2612; x_wconf 77' lang='grc' dir='ltr'><strong>διατιθέμενος.</strong></span> <span class='ocrx_word' id='word_1_194' title='bbox 607 2537 839 2595; x_wconf 80' lang='grc' dir='ltr'><strong>Ἔπειτα</strong></span> <span class='ocrx_word' id='word_1_195' title='bbox 865 2538 964 2595; x_wconf 77' lang='grc' dir='ltr'><strong>καὶ</strong></span> <span class='ocrx_word' id='word_1_196' title='bbox 988 2537 1150 2594; x_wconf 79' lang='grc' dir='ltr'><strong>τοῦτο</strong></span> <span class='ocrx_word' id='word_1_197' title='bbox 1185 2538 1404 2606; x_wconf 80' lang='grc' dir='ltr'><strong>σκόπει,</strong></span> <span class='ocrx_word' id='word_1_198' title='bbox 1442 2538 1527 2594; x_wconf 81' lang='grc' dir='ltr'><strong>ὅτι</strong></span> <span class='ocrx_word' id='word_1_199' title='bbox 1557 2538 1651 2593; x_wconf 78' lang='grc' dir='ltr'><strong>τὸν</strong></span> <span class='ocrx_word' id='word_1_200' title='bbox 1681 2539 1781 2611; x_wconf 75' lang='grc' dir='ltr'><strong>μὲν</strong></span> 
     </span>
    </p>
   </div>
   <div class='ocr_carea' id='block_1_28' title="bbox 178 2631 1783 2704">
    <p class='ocr_par' dir='ltr' id='par_1_28' title="bbox 178 2631 1783 2704">
     <span class='ocr_line' id='line_1_28' title="bbox 178 2631 1783 2704; baseline 0 -16"><span class='ocrx_word' id='word_1_201' title='bbox 178 2633 441 2689; x_wconf 85' lang='grc' dir='ltr'><strong>πλούσιον</strong></span> <span class='ocrx_word' id='word_1_202' title='bbox 489 2632 759 2689; x_wconf 85' lang='grc' dir='ltr'><strong>ἀδύνατον</strong></span> <span class='ocrx_word' id='word_1_203' title='bbox 816 2631 1062 2704; x_wconf 81' lang='grc' dir='ltr'><strong>σωθῆναι</strong></span> <span class='ocrx_word' id='word_1_204' title='bbox 1084 2673 1102 2701; x_wconf 92' lang='grc'><strong>,</strong></span> <span class='ocrx_word' id='word_1_205' title='bbox 1159 2631 1252 2687; x_wconf 71' lang='grc' dir='ltr'><strong>τὸν</strong></span> <span class='ocrx_word' id='word_1_206' title='bbox 1297 2631 1356 2687; x_wconf 70' lang='grc' dir='ltr'><strong>δὲ</strong></span> <span class='ocrx_word' id='word_1_207' title='bbox 1408 2632 1478 2687; x_wconf 89' lang='grc' dir='ltr'><strong>τά</strong></span> <span class='ocrx_word' id='word_1_208' title='bbox 1519 2632 1783 2704; x_wconf 84' lang='grc' dir='ltr'><strong>χρήματα</strong></span> 
     </span>
    </p>
   </div>
   <div class='ocr_carea' id='block_1_29' title="bbox 180 2723 1782 2799">
    <p class='ocr_par' dir='ltr' id='par_1_29' title="bbox 180 2723 1782 2799">
     <span class='ocr_line' id='line_1_29' title="bbox 180 2723 1782 2799; baseline -0.002 -18"><span class='ocrx_word' id='word_1_209' title='bbox 180 2726 379 2799; x_wconf 69' lang='grc' dir='ltr'><strong>ἔχοντα</strong></span> <span class='ocrx_word' id='word_1_210' title='bbox 399 2725 689 2788; x_wconf 86' lang='grc' dir='ltr'><strong>δύσκολον,</strong></span> <span class='ocrx_word' id='word_1_211' title='bbox 725 2725 802 2790; x_wconf 84' lang='grc' dir='ltr'><strong>ὡς</strong></span> <span class='ocrx_word' id='word_1_212' title='bbox 828 2724 897 2779; x_wconf 78' lang='grc' dir='ltr'><strong>ἂν</strong></span> <span class='ocrx_word' id='word_1_213' title='bbox 926 2727 976 2779; x_wconf 86' lang='grc' dir='ltr'><strong>εἰ</strong></span> <span class='ocrx_word' id='word_1_214' title='bbox 1011 2723 1225 2794; x_wconf 64' lang='grc' dir='ltr'><strong>ἔλεγεν,</strong></span> <span class='ocrx_word' id='word_1_215' title='bbox 1276 2724 1336 2780; x_wconf 84' lang='lat'><strong>&#39;0</strong></span> <span class='ocrx_word' id='word_1_216' title='bbox 1373 2724 1476 2797; x_wconf 74' lang='grc' dir='ltr'><strong>μὲν</strong></span> <span class='ocrx_word' id='word_1_217' title='bbox 1510 2724 1782 2797; x_wconf 68' lang='grc' dir='ltr'><strong>ἐχόμενος</strong></span> 
     </span>
    </p>
   </div>
   <div class='ocr_carea' id='block_1_30' title="bbox 179 2818 1780 2892">
    <p class='ocr_par' dir='ltr' id='par_1_30' title="bbox 179 2818 1780 2892">
     <span class='ocr_line' id='line_1_30' title="bbox 179 2818 1780 2892; baseline -0.001 -16"><span class='ocrx_word' id='word_1_218' title='bbox 179 2821 292 2876; x_wconf 81' lang='grc' dir='ltr'><strong>ύπδ</strong></span> <span class='ocrx_word' id='word_1_219' title='bbox 318 2821 430 2876; x_wconf 90' lang='grc' dir='ltr'><strong>τῶν</strong></span> <span class='ocrx_word' id='word_1_220' title='bbox 461 2820 913 2892; x_wconf 55' lang='grc' dir='ltr'><strong>χρημάτωνρκαὶ</strong></span> <span class='ocrx_word' id='word_1_221' title='bbox 956 2818 1229 2874; x_wconf 73' lang='grc' dir='ltr'><strong>δουλεύων</strong></span> <span class='ocrx_word' id='word_1_222' title='bbox 1280 2820 1488 2885; x_wconf 78' lang='grc' dir='ltr'><strong>αὐτοῖς,</strong></span> <span class='ocrx_word' id='word_1_223' title='bbox 1517 2819 1617 2875; x_wconf 81' lang='grc' dir='ltr'><strong>καὶ</strong></span> <span class='ocrx_word' id='word_1_224' title='bbox 1638 2837 1780 2891; x_wconf 82' lang='grc' dir='ltr'><strong>κρα-</strong></span> 
     </span>
    </p>
   </div>
   <div class='ocr_carea' id='block_1_31' title="bbox 177 2912 1799 2987">
    <p class='ocr_par' dir='ltr' id='par_1_31' title="bbox 177 2912 1799 2987">
     <span class='ocr_line' id='line_1_31' title="bbox 177 2912 1799 2987; baseline 0 -18"><span class='ocrx_word' id='word_1_225' title='bbox 177 2916 445 2987; x_wconf 81' lang='grc' dir='ltr'><strong>τούμενος</strong></span> <span class='ocrx_word' id='word_1_226' title='bbox 464 2916 524 2969; x_wconf 81' lang='grc' dir='ltr'><strong>οὐ</strong></span> <span class='ocrx_word' id='word_1_227' title='bbox 554 2913 883 2986; x_wconf 85' lang='grc' dir='ltr'><strong>σωθήσεται,</strong></span> <span class='ocrx_word' id='word_1_228' title='bbox 913 2916 943 2969; x_wconf 91' lang='lat'><strong>6</strong></span> <span class='ocrx_word' id='word_1_229' title='bbox 965 2913 1024 2967; x_wconf 65' lang='grc' dir='ltr'><strong>δὲ</strong></span> <span class='ocrx_word' id='word_1_230' title='bbox 1054 2912 1196 2985; x_wconf 82' lang='grc' dir='ltr'><strong>ιχων</strong></span> <span class='ocrx_word' id='word_1_231' title='bbox 1219 2912 1289 2968; x_wconf 89' lang='grc' dir='ltr'><strong>τά</strong></span> <span class='ocrx_word' id='word_1_232' title='bbox 1309 2914 1592 2987; x_wconf 84' lang='grc' dir='ltr'><strong>χρήματα,</strong></span> <span class='ocrx_word' id='word_1_233' title='bbox 1619 2931 1799 2969; x_wconf 78' lang='grc' dir='ltr'><strong>τουτ’--</strong></span> 
     </span>
    </p>
   </div>
   <div class='ocr_carea' id='block_1_32' title="bbox 179 3004 1783 3077">
    <p class='ocr_par' dir='ltr' id='par_1_32' title="bbox 179 3004 1783 3077">
     <span class='ocr_line' id='line_1_32' title="bbox 179 3004 1783 3077; baseline 0 -15"><span class='ocrx_word' id='word_1_234' title='bbox 179 3007 301 3062; x_wconf 70' lang='grc' dir='ltr'><strong>ἐστι</strong></span> <span class='ocrx_word' id='word_1_235' title='bbox 323 3045 340 3070; x_wconf 86' lang='grc'><strong>,</strong></span> <span class='ocrx_word' id='word_1_236' title='bbox 390 3005 584 3076; x_wconf 91' lang='grc' dir='ltr'><strong>κύριος</strong></span> <span class='ocrx_word' id='word_1_237' title='bbox 605 3004 789 3061; x_wconf 84' lang='grc' dir='ltr'><strong>αὐτῶν</strong></span> <span class='ocrx_word' id='word_1_238' title='bbox 816 3005 918 3074; x_wconf 81' lang='grc' dir='ltr'><strong>ὢν,</strong></span> <span class='ocrx_word' id='word_1_239' title='bbox 948 3006 1047 3060; x_wconf 63' lang='grc' dir='ltr'><strong>καὶ⁸</strong></span> <span class='ocrx_word' id='word_1_240' title='bbox 1076 3005 1241 3071; x_wconf 77' lang='grc' dir='ltr'><strong>αὐτὸς</strong></span> <span class='ocrx_word' id='word_1_241' title='bbox 1286 3004 1426 3077; x_wconf 73' lang='grc' dir='ltr'><strong>εχων</strong></span> <span class='ocrx_word' id='word_1_242' title='bbox 1454 3004 1652 3072; x_wconf 82' lang='grc' dir='ltr'><strong>ταῦτα,</strong></span> <span class='ocrx_word' id='word_1_243' title='bbox 1678 3006 1783 3062; x_wconf 89' lang='grc' dir='ltr'><strong>ούκ</strong></span> 
     </span>
    </p>
   </div>
   <div class='ocr_carea' id='block_1_33' title="bbox 179 3097 1782 3172">
    <p class='ocr_par' dir='ltr' id='par_1_33' title="bbox 179 3097 1782 3172">
     <span class='ocr_line' id='line_1_33' title="bbox 179 3097 1782 3172; baseline -0.002 -16"><span class='ocrx_word' id='word_1_244' title='bbox 179 3101 444 3172; x_wconf 66' lang='grc' dir='ltr'><strong>ἱκόμενος</strong></span> <span class='ocrx_word' id='word_1_245' title='bbox 464 3099 523 3155; x_wconf 80' lang='grc' dir='ltr'><strong>δι</strong></span> <span class='ocrx_word' id='word_1_246' title='bbox 548 3099 644 3154; x_wconf 76' lang='grc' dir='ltr'><strong>ὑπ’</strong></span> <span class='ocrx_word' id='word_1_247' title='bbox 675 3097 880 3165; x_wconf 81' lang='grc' dir='ltr'><strong>αὐτῶν,</strong></span> <span class='ocrx_word' id='word_1_248' title='bbox 908 3097 1188 3163; x_wconf 79' lang='grc' dir='ltr'><strong>δυσκόλως</strong></span> <span class='ocrx_word' id='word_1_249' title='bbox 1222 3098 1530 3171; x_wconf 86' lang='grc' dir='ltr'><strong>σωθήσεται</strong></span> <span class='ocrx_word' id='word_1_250' title='bbox 1559 3098 1651 3155; x_wconf 81' lang='grc' dir='ltr'><strong>διά</strong></span> <span class='ocrx_word' id='word_1_251' title='bbox 1681 3098 1782 3170; x_wconf 77' lang='grc' dir='ltr'><strong>τήν</strong></span> 
     </span>
    </p>
   </div>
   <div class='ocr_carea' id='block_1_34' title="bbox 1886 577 3487 654">
    <p class='ocr_par' dir='ltr' id='par_1_34' title="bbox 1886 577 3487 654">
     <span class='ocr_line' id='line_1_34' title="bbox 1886 577 3487 654; baseline 0.002 -17"><span class='ocrx_word' id='word_1_252' title='bbox 1886 583 2038 639; x_wconf 88' lang='lat' dir='ltr'><strong>visco</strong></span> <span class='ocrx_word' id='word_1_253' title='bbox 2071 583 2361 639; x_wconf 70' lang='lat' dir='ltr'><strong>adhaerent</strong></span> <span class='ocrx_word' id='word_1_254' title='bbox 2388 582 2655 652; x_wconf 61' lang='lat' dir='ltr'><strong>pecuniae,</strong></span> <span class='ocrx_word' id='word_1_255' title='bbox 2684 589 2741 637; x_wconf 91' lang='lat' dir='ltr'><strong>et</strong></span> <span class='ocrx_word' id='word_1_256' title='bbox 2774 577 2992 637; x_wconf 76' lang='lat' dir='ltr'><strong>dimcile</strong></span> <span class='ocrx_word' id='word_1_257' title='bbox 3022 581 3368 638; x_wconf 89' lang='lat' dir='ltr'><strong>abstrahitur</strong></span> <span class='ocrx_word' id='word_1_258' title='bbox 3394 586 3487 654; x_wconf 85' lang='lat' dir='ltr'><strong>qui</strong></span> 
     </span>
    </p>
   </div>
   <div class='ocr_carea' id='block_1_35' title="bbox 1885 670 3484 746">
    <p class='ocr_par' dir='ltr' id='par_1_35' title="bbox 1885 670 3484 746">
     <span class='ocr_line' id='line_1_35' title="bbox 1885 670 3484 746; baseline -0.002 -15"><span class='ocrx_word' id='word_1_259' title='bbox 1885 691 1919 731; x_wconf 85' lang='lat' dir='ltr'><strong>a</strong></span> <span class='ocrx_word' id='word_1_260' title='bbox 1955 674 2153 731; x_wconf 90' lang='lat' dir='ltr'><strong>talibus</strong></span> <span class='ocrx_word' id='word_1_261' title='bbox 2181 683 2269 731; x_wconf 85' lang='lat' dir='ltr'><strong>est</strong></span> <span class='ocrx_word' id='word_1_262' title='bbox 2300 670 2898 746; x_wconf 53' lang='lat' dir='ltr'><strong>comprehensusﬁon</strong></span> <span class='ocrx_word' id='word_1_263' title='bbox 2931 673 3103 729; x_wconf 90' lang='lat' dir='ltr'><strong>multo</strong></span> <span class='ocrx_word' id='word_1_264' title='bbox 3125 683 3306 730; x_wconf 88' lang='lat' dir='ltr'><strong>autem</strong></span> <span class='ocrx_word' id='word_1_265' title='bbox 3341 686 3484 745; x_wconf 81' lang='lat' dir='ltr'><strong>post,</strong></span> 
     </span>
    </p>
   </div>
   <div class='ocr_carea' id='block_1_36' title="bbox 1885 766 3490 842">
    <p class='ocr_par' dir='ltr' id='par_1_36' title="bbox 1885 766 3490 842">
     <span class='ocr_line' id='line_1_36' title="bbox 1885 766 3490 842; baseline -0.001 -17"><span class='ocrx_word' id='word_1_266' title='bbox 1885 768 2108 841; x_wconf 80' lang='lat' dir='ltr'><strong>subjicit</strong></span> <span class='ocrx_word' id='word_1_267' title='bbox 2129 768 2407 840; x_wconf 89' lang='lat' dir='ltr'><strong>quomodo</strong></span> <span class='ocrx_word' id='word_1_268' title='bbox 2431 767 2775 842; x_wconf 90' lang='lat' dir='ltr'><strong>impossibile</strong></span> <span class='ocrx_word' id='word_1_269' title='bbox 2801 769 2876 824; x_wconf 88' lang='lat' dir='ltr'><strong>sit</strong></span> <span class='ocrx_word' id='word_1_270' title='bbox 2901 783 2916 821; x_wconf 89' lang='lat'><strong>:</strong></span> <span class='ocrx_word' id='word_1_271' title='bbox 2942 766 3080 823; x_wconf 81' lang='lat' dir='ltr'><strong>dicit</strong></span> <span class='ocrx_word' id='word_1_272' title='bbox 3098 768 3248 823; x_wconf 86' lang='lat' dir='ltr'><strong>enim</strong></span> <span class='ocrx_word' id='word_1_273' title='bbox 3275 766 3490 825; x_wconf 87' lang='lat' dir='ltr'><strong>facilius</strong></span> 
     </span>
    </p>
   </div>
   <div class='ocr_carea' id='block_1_37' title="bbox 1883 862 3490 935">
    <p class='ocr_par' dir='ltr' id='par_1_37' title="bbox 1883 862 3490 935">
     <span class='ocr_line' id='line_1_37' title="bbox 1883 862 3490 935; baseline -0.002 -15"><span class='ocrx_word' id='word_1_274' title='bbox 1883 878 2009 920; x_wconf 89' lang='lat' dir='ltr'><strong>esse</strong></span> <span class='ocrx_word' id='word_1_275' title='bbox 2042 862 2313 919; x_wconf 88' lang='lat' dir='ltr'><strong>camelum</strong></span> <span class='ocrx_word' id='word_1_276' title='bbox 2348 878 2445 935; x_wconf 91' lang='lat' dir='ltr'><strong>per</strong></span> <span class='ocrx_word' id='word_1_277' title='bbox 2475 862 2724 919; x_wconf 79' lang='lat' dir='ltr'><strong>foramen</strong></span> <span class='ocrx_word' id='word_1_278' title='bbox 2760 877 2895 918; x_wconf 87' lang='lat' dir='ltr'><strong>acus</strong></span> <span class='ocrx_word' id='word_1_279' title='bbox 2928 862 3159 929; x_wconf 89' lang='lat' dir='ltr'><strong>intrare,</strong></span> <span class='ocrx_word' id='word_1_280' title='bbox 3200 876 3363 932; x_wconf 88' lang='lat' dir='ltr'><strong>quam</strong></span> <span class='ocrx_word' id='word_1_281' title='bbox 3407 865 3490 917; x_wconf 82' lang='lat' dir='ltr'><strong>di-</strong></span> 
     </span>
    </p>
   </div>
   <div class='ocr_carea' id='block_1_38' title="bbox 1884 952 3485 1025">
    <p class='ocr_par' dir='ltr' id='par_1_38' title="bbox 1884 952 3485 1025">
     <span class='ocr_line' id='line_1_38' title="bbox 1884 952 3485 1025; baseline -0.001 -14"><span class='ocrx_word' id='word_1_282' title='bbox 1884 957 2052 1013; x_wconf 91' lang='lat' dir='ltr'><strong>vitem</strong></span> <span class='ocrx_word' id='word_1_283' title='bbox 2084 953 2311 1011; x_wconf 87' lang='lat' dir='ltr'><strong>salvari.</strong></span> <span class='ocrx_word' id='word_1_284' title='bbox 2343 953 2685 1025; x_wconf 84' lang='lat' dir='ltr'><strong>lmpoasibile</strong></span> <span class='ocrx_word' id='word_1_285' title='bbox 2741 954 2889 1011; x_wconf 81' lang='lat' dir='ltr'><strong>enim</strong></span> <span class='ocrx_word' id='word_1_286' title='bbox 2929 961 3015 1010; x_wconf 88' lang='lat' dir='ltr'><strong>est</strong></span> <span class='ocrx_word' id='word_1_287' title='bbox 3059 952 3289 1009; x_wconf 85' lang='lat' dir='ltr'><strong>omnino</strong></span> <span class='ocrx_word' id='word_1_288' title='bbox 3338 956 3485 1024; x_wconf 88' lang='lat' dir='ltr'><strong>quod</strong></span> 
     </span>
    </p>
   </div>
   <div class='ocr_carea' id='block_1_39' title="bbox 1885 1045 3489 1119">
    <p class='ocr_par' dir='ltr' id='par_1_39' title="bbox 1885 1045 3489 1119">
     <span class='ocr_line' id='line_1_39' title="bbox 1885 1045 3489 1119; baseline -0.004 -14"><span class='ocrx_word' id='word_1_289' title='bbox 1885 1047 2157 1105; x_wconf 88' lang='lat' dir='ltr'><strong>camelum</strong></span> <span class='ocrx_word' id='word_1_290' title='bbox 2199 1048 2383 1119; x_wconf 82' lang='lat' dir='ltr'><strong>capiat</strong></span> <span class='ocrx_word' id='word_1_291' title='bbox 2424 1046 2673 1103; x_wconf 86' lang='lat' dir='ltr'><strong>foramen</strong></span> <span class='ocrx_word' id='word_1_292' title='bbox 2708 1058 2852 1103; x_wconf 72' lang='lat' dir='ltr'><strong>acus</strong></span> <span class='ocrx_word' id='word_1_293' title='bbox 2878 1063 2895 1101; x_wconf 87' lang='lat'><strong>:</strong></span> <span class='ocrx_word' id='word_1_294' title='bbox 2925 1046 3042 1101; x_wconf 89' lang='lat' dir='ltr'><strong>sive</strong></span> <span class='ocrx_word' id='word_1_295' title='bbox 3075 1060 3174 1116; x_wconf 91' lang='lat' dir='ltr'><strong>per</strong></span> <span class='ocrx_word' id='word_1_296' title='bbox 3216 1045 3489 1104; x_wconf 89' lang='lat' dir='ltr'><strong>camelum</strong></span> 
     </span>
    </p>
   </div>
   <div class='ocr_carea' id='block_1_40' title="bbox 1885 1137 3491 1212">
    <p class='ocr_par' dir='ltr' id='par_1_40' title="bbox 1885 1137 3491 1212">
     <span class='ocr_line' id='line_1_40' title="bbox 1885 1137 3491 1212; baseline -0.001 -15"><span class='ocrx_word' id='word_1_297' title='bbox 1885 1140 2094 1197; x_wconf 86' lang='lat' dir='ltr'><strong>animal</strong></span> <span class='ocrx_word' id='word_1_298' title='bbox 2124 1138 2417 1212; x_wconf 70' lang='lat' dir='ltr'><strong>intelligas,</strong></span> <span class='ocrx_word' id='word_1_299' title='bbox 2444 1139 2560 1196; x_wconf 85' lang='lat' dir='ltr'><strong>sive</strong></span> <span class='ocrx_word' id='word_1_300' title='bbox 2589 1137 2776 1196; x_wconf 86' lang='lat' dir='ltr'><strong>funem</strong></span> <span class='ocrx_word' id='word_1_301' title='bbox 2808 1141 3090 1196; x_wconf 87' lang='lat' dir='ltr'><strong>nauticum</strong></span> <span class='ocrx_word' id='word_1_302' title='bbox 3117 1152 3388 1195; x_wconf 87' lang='lat' dir='ltr'><strong>crassum.</strong></span> <span class='ocrx_word' id='word_1_303' title='bbox 3431 1138 3491 1195; x_wconf 88' lang='lat' dir='ltr'><strong>Si</strong></span> 
     </span>
    </p>
   </div>
   <div class='ocr_carea' id='block_1_41' title="bbox 1886 1231 3486 1307">
    <p class='ocr_par' dir='ltr' id='par_1_41' title="bbox 1886 1231 3486 1307">
     <span class='ocr_line' id='line_1_41' title="bbox 1886 1231 3486 1307; baseline 0.003 -17"><span class='ocrx_word' id='word_1_304' title='bbox 1886 1233 2055 1307; x_wconf 90' lang='lat' dir='ltr'><strong>igitur</strong></span> <span class='ocrx_word' id='word_1_305' title='bbox 2094 1234 2311 1291; x_wconf 89' lang='lat' dir='ltr'><strong>facilius</strong></span> <span class='ocrx_word' id='word_1_306' title='bbox 2340 1235 2609 1291; x_wconf 88' lang='lat' dir='ltr'><strong>camelum</strong></span> <span class='ocrx_word' id='word_1_307' title='bbox 2647 1247 2745 1303; x_wconf 88' lang='lat' dir='ltr'><strong>per</strong></span> <span class='ocrx_word' id='word_1_308' title='bbox 2773 1231 3023 1290; x_wconf 82' lang='lat' dir='ltr'><strong>foramen</strong></span> <span class='ocrx_word' id='word_1_309' title='bbox 3054 1247 3189 1291; x_wconf 84' lang='lat' dir='ltr'><strong>acus</strong></span> <span class='ocrx_word' id='word_1_310' title='bbox 3224 1234 3486 1295; x_wconf 85' lang='lat' dir='ltr'><strong>transire.</strong></span> 
     </span>
    </p>
   </div>
   <div class='ocr_carea' id='block_1_42' title="bbox 1886 1326 3489 1400">
    <p class='ocr_par' dir='ltr' id='par_1_42' title="bbox 1886 1326 3489 1400">
     <span class='ocr_line' id='line_1_42' title="bbox 1886 1326 3489 1400; baseline -0.001 -15"><span class='ocrx_word' id='word_1_311' title='bbox 1886 1343 2050 1400; x_wconf 77' lang='lat' dir='ltr'><strong>quam</strong></span> <span class='ocrx_word' id='word_1_312' title='bbox 2086 1329 2288 1385; x_wconf 82' lang='lat' dir='ltr'><strong>salvari</strong></span> <span class='ocrx_word' id='word_1_313' title='bbox 2315 1328 2541 1384; x_wconf 75' lang='lat' dir='ltr'><strong>divitem</strong></span> <span class='ocrx_word' id='word_1_314' title='bbox 2573 1364 2590 1392; x_wconf 92' lang='lat'><strong>,</strong></span> <span class='ocrx_word' id='word_1_315' title='bbox 2624 1326 2963 1397; x_wconf 76' lang='lat' dir='ltr'><strong>impossibile</strong></span> <span class='ocrx_word' id='word_1_316' title='bbox 3001 1335 3186 1382; x_wconf 89' lang='lat' dir='ltr'><strong>autem</strong></span> <span class='ocrx_word' id='word_1_317' title='bbox 3221 1327 3347 1396; x_wconf 88' lang='lat' dir='ltr'><strong>hoc,</strong></span> <span class='ocrx_word' id='word_1_318' title='bbox 3382 1328 3489 1383; x_wconf 85' lang='lat' dir='ltr'><strong>im-</strong></span> 
     </span>
    </p>
   </div>
   <div class='ocr_carea' id='block_1_43' title="bbox 1885 1416 3494 1493">
    <p class='ocr_par' dir='ltr' id='par_1_43' title="bbox 1885 1416 3494 1493">
     <span class='ocr_line' id='line_1_43' title="bbox 1885 1416 3494 1493; baseline -0.004 -14"><span class='ocrx_word' id='word_1_319' title='bbox 1885 1421 2200 1493; x_wconf 90' lang='lat' dir='ltr'><strong>possibilius</strong></span> <span class='ocrx_word' id='word_1_320' title='bbox 2223 1421 2393 1493; x_wconf 87' lang='lat' dir='ltr'><strong>igitur</strong></span> <span class='ocrx_word' id='word_1_321' title='bbox 2428 1417 2628 1477; x_wconf 89' lang='lat' dir='ltr'><strong>salvari</strong></span> <span class='ocrx_word' id='word_1_322' title='bbox 2660 1418 2906 1474; x_wconf 89' lang='lat' dir='ltr'><strong>divitem.</strong></span> <span class='ocrx_word' id='word_1_323' title='bbox 2926 1416 3069 1486; x_wconf 90' lang='lat' dir='ltr'><strong>Quid</strong></span> <span class='ocrx_word' id='word_1_324' title='bbox 3106 1417 3279 1489; x_wconf 87' lang='lat' dir='ltr'><strong>igitur</strong></span> <span class='ocrx_word' id='word_1_325' title='bbox 3306 1419 3494 1476; x_wconf 84' lang='lat' dir='ltr'><strong>dicen-</strong></span> 
     </span>
    </p>
   </div>
   <div class='ocr_carea' id='block_1_44' title="bbox 1886 1494 3489 1583">
    <p class='ocr_par' dir='ltr' id='par_1_44' title="bbox 1886 1494 3489 1583">
     <span class='ocr_line' id='line_1_44' title="bbox 1886 1494 3489 1583; baseline -0.002 -11"><span class='ocrx_word' id='word_1_326' title='bbox 1886 1515 2014 1572; x_wconf 90' lang='lat' dir='ltr'><strong>dum</strong></span> <span class='ocrx_word' id='word_1_327' title='bbox 2032 1514 2056 1568; x_wconf 73' lang='grc' dir='ltr'>ἲ</span> <span class='ocrx_word' id='word_1_328' title='bbox 2076 1512 2324 1569; x_wconf 84' lang='lat' dir='ltr'><strong>Primum</strong></span> <span class='ocrx_word' id='word_1_329' title='bbox 2351 1512 2597 1583; x_wconf 90' lang='lat' dir='ltr'><strong>quidem,</strong></span> <span class='ocrx_word' id='word_1_330' title='bbox 2627 1512 2773 1583; x_wconf 91' lang='lat' dir='ltr'><strong>quod</strong></span> <span class='ocrx_word' id='word_1_331' title='bbox 2799 1525 2926 1567; x_wconf 92' lang='lat' dir='ltr'><strong>vere</strong></span> <span class='ocrx_word' id='word_1_332' title='bbox 2947 1494 3244 1578; x_wconf 46' lang='lat' dir='ltr'><strong>sic&#39;habet,</strong></span> <span class='ocrx_word' id='word_1_333' title='bbox 3282 1512 3489 1583; x_wconf 85' lang='lat' dir='ltr'><strong>impos-</strong></span> 
     </span>
    </p>
   </div>
   <div class='ocr_carea' id='block_1_45' title="bbox 1885 1596 3490 1675">
    <p class='ocr_par' dir='ltr' id='par_1_45' title="bbox 1885 1596 3490 1675">
     <span class='ocr_line' id='line_1_45' title="bbox 1885 1596 3490 1675; baseline -0.001 -12"><span class='ocrx_word' id='word_1_334' title='bbox 1885 1607 2047 1663; x_wconf 90' lang='lat' dir='ltr'><strong>sibile</strong></span> <span class='ocrx_word' id='word_1_335' title='bbox 2068 1606 2268 1664; x_wconf 87' lang='lat' dir='ltr'><strong>salvari</strong></span> <span class='ocrx_word' id='word_1_336' title='bbox 2296 1621 2422 1663; x_wconf 87' lang='lat' dir='ltr'><strong>eum</strong></span> <span class='ocrx_word' id='word_1_337' title='bbox 2442 1605 2532 1675; x_wconf 91' lang='lat' dir='ltr'><strong>qui</strong></span> <span class='ocrx_word' id='word_1_338' title='bbox 2559 1605 2715 1661; x_wconf 80' lang='lat' dir='ltr'><strong>dives</strong></span> <span class='ocrx_word' id='word_1_339' title='bbox 2740 1596 2846 1659; x_wconf 87' lang='lat' dir='ltr'><strong>est.</strong></span> <span class='ocrx_word' id='word_1_340' title='bbox 2864 1601 2979 1659; x_wconf 86' lang='lat' dir='ltr'><strong>Nec</strong></span> <span class='ocrx_word' id='word_1_341' title='bbox 3000 1601 3147 1660; x_wconf 89' lang='lat' dir='ltr'><strong>enim</strong></span> <span class='ocrx_word' id='word_1_342' title='bbox 3180 1603 3316 1671; x_wconf 85' lang='lat' dir='ltr'><strong>mihi</strong></span> <span class='ocrx_word' id='word_1_343' title='bbox 3339 1605 3490 1662; x_wconf 87' lang='lat' dir='ltr'><strong>dicas</strong></span> 
     </span>
    </p>
   </div>
   <div class='ocr_carea' id='block_1_46' title="bbox 1885 1699 3490 1774">
    <p class='ocr_par' dir='ltr' id='par_1_46' title="bbox 1885 1699 3490 1774">
     <span class='ocr_line' id='line_1_46' title="bbox 1885 1699 3490 1774; baseline 0.001 -19"><span class='ocrx_word' id='word_1_344' title='bbox 1885 1703 2031 1774; x_wconf 88' lang='lat' dir='ltr'><strong>quod</strong></span> <span class='ocrx_word' id='word_1_345' title='bbox 2064 1702 2307 1759; x_wconf 79' lang='lat' dir='ltr'><strong>salvatus</strong></span> <span class='ocrx_word' id='word_1_346' title='bbox 2349 1700 2423 1757; x_wconf 86' lang='lat' dir='ltr'><strong>sit</strong></span> <span class='ocrx_word' id='word_1_347' title='bbox 2466 1701 2622 1758; x_wconf 83' lang='lat' dir='ltr'><strong>dives</strong></span> <span class='ocrx_word' id='word_1_348' title='bbox 2664 1702 2936 1774; x_wconf 81' lang='lat' dir='ltr'><strong>quispiam</strong></span> <span class='ocrx_word' id='word_1_349' title='bbox 2975 1700 3067 1771; x_wconf 87' lang='lat' dir='ltr'><strong>qui</strong></span> <span class='ocrx_word' id='word_1_350' title='bbox 3095 1713 3192 1755; x_wconf 88' lang='lat' dir='ltr'><strong>sua</strong></span> <span class='ocrx_word' id='word_1_351' title='bbox 3228 1699 3442 1757; x_wconf 87' lang='lat' dir='ltr'><strong>dederit</strong></span> <span class='ocrx_word' id='word_1_352' title='bbox 3474 1720 3490 1757; x_wconf 86' lang='lat'><strong>:</strong></span> 
     </span>
    </p>
   </div>
   <div class='ocr_carea' id='block_1_47' title="bbox 1888 1793 3487 1866">
    <p class='ocr_par' dir='ltr' id='par_1_47' title="bbox 1888 1793 3487 1866">
     <span class='ocr_line' id='line_1_47' title="bbox 1888 1793 3487 1866; baseline 0 -16"><span class='ocrx_word' id='word_1_353' title='bbox 1888 1809 1997 1850; x_wconf 89' lang='lat' dir='ltr'><strong>non</strong></span> <span class='ocrx_word' id='word_1_354' title='bbox 2019 1795 2166 1851; x_wconf 91' lang='lat' dir='ltr'><strong>enim</strong></span> <span class='ocrx_word' id='word_1_355' title='bbox 2199 1795 2354 1851; x_wconf 86' lang='lat' dir='ltr'><strong>dives</strong></span> <span class='ocrx_word' id='word_1_356' title='bbox 2382 1794 2626 1850; x_wconf 84' lang='lat' dir='ltr'><strong>salvatus</strong></span> <span class='ocrx_word' id='word_1_357' title='bbox 2655 1804 2761 1862; x_wconf 80' lang='lat' dir='ltr'><strong>est,</strong></span> <span class='ocrx_word' id='word_1_358' title='bbox 2778 1796 2870 1851; x_wconf 89' lang='lat' dir='ltr'><strong>sed</strong></span> <span class='ocrx_word' id='word_1_359' title='bbox 2894 1794 3021 1865; x_wconf 89' lang='lat' dir='ltr'><strong>quia</strong></span> <span class='ocrx_word' id='word_1_360' title='bbox 3043 1809 3250 1866; x_wconf 90' lang='lat' dir='ltr'><strong>pauper</strong></span> <span class='ocrx_word' id='word_1_361' title='bbox 3282 1793 3487 1858; x_wconf 86' lang='lat' dir='ltr'><strong>factus,</strong></span> 
     </span>
    </p>
   </div>
   <div class='ocr_carea' id='block_1_48' title="bbox 1883 1887 3488 1963">
    <p class='ocr_par' dir='ltr' id='par_1_48' title="bbox 1883 1887 3488 1963">
     <span class='ocr_line' id='line_1_48' title="bbox 1883 1887 3488 1963; baseline 0.002 -22"><span class='ocrx_word' id='word_1_362' title='bbox 1883 1887 2053 1963; x_wconf 62' lang='grc' dir='ltr'><strong>ωε</strong></span> <span class='ocrx_word' id='word_1_363' title='bbox 2083 1889 2166 1945; x_wconf 91' lang='lat' dir='ltr'><strong>vel</strong></span> <span class='ocrx_word' id='word_1_364' title='bbox 2215 1889 2568 1957; x_wconf 84' lang='lat' dir='ltr'><strong>dispensator</strong></span> <span class='ocrx_word' id='word_1_365' title='bbox 2616 1889 2865 1946; x_wconf 88' lang='lat' dir='ltr'><strong>existens</strong></span> <span class='ocrx_word' id='word_1_366' title='bbox 2920 1899 3174 1947; x_wconf 87' lang='lat' dir='ltr'><strong>servatus</strong></span> <span class='ocrx_word' id='word_1_367' title='bbox 3213 1894 3322 1957; x_wconf 90' lang='lat' dir='ltr'><strong>est,</strong></span> <span class='ocrx_word' id='word_1_368' title='bbox 3380 1906 3488 1945; x_wconf 85' lang='lat' dir='ltr'><strong>non</strong></span> 
     </span>
    </p>
   </div>
   <div class='ocr_carea' id='block_1_49' title="bbox 1883 1972 3489 2053">
    <p class='ocr_par' dir='ltr' id='par_1_49' title="bbox 1883 1972 3489 2053">
     <span class='ocr_line' id='line_1_49' title="bbox 1883 1972 3489 2053; baseline 0 -15"><span class='ocrx_word' id='word_1_369' title='bbox 1883 1981 2059 2038; x_wconf 85' lang='lat' dir='ltr'><strong>dives.</strong></span> <span class='ocrx_word' id='word_1_370' title='bbox 2103 1980 2266 2036; x_wconf 83' lang='lat' dir='ltr'><strong>Aliud</strong></span> <span class='ocrx_word' id='word_1_371' title='bbox 2298 1984 2447 2037; x_wconf 80' lang='lat' dir='ltr'><strong>enim</strong></span> <span class='ocrx_word' id='word_1_372' title='bbox 2478 1989 2563 2037; x_wconf 88' lang='lat' dir='ltr'><strong>est</strong></span> <span class='ocrx_word' id='word_1_373' title='bbox 2592 1980 2967 2053; x_wconf 77' lang='lat' dir='ltr'><strong>dispensator,</strong></span> <span class='ocrx_word' id='word_1_374' title='bbox 2996 1981 3143 2037; x_wconf 88' lang='lat' dir='ltr'><strong>aliud</strong></span> <span class='ocrx_word' id='word_1_375' title='bbox 3187 1982 3363 2040; x_wconf 85' lang='lat' dir='ltr'><strong>dives.</strong></span> <span class='ocrx_word' id='word_1_376' title='bbox 3387 1972 3489 2039; x_wconf 82' lang='lat' dir='ltr'><strong>Di-</strong></span> 
     </span>
    </p>
   </div>
   <div class='ocr_carea' id='block_1_50' title="bbox 1880 2074 3493 2146">
    <p class='ocr_par' dir='ltr' id='par_1_50' title="bbox 1880 2074 3493 2146">
     <span class='ocr_line' id='line_1_50' title="bbox 1880 2074 3493 2146; baseline -0.001 -15"><span class='ocrx_word' id='word_1_377' title='bbox 1880 2088 1979 2131; x_wconf 85' lang='lat' dir='ltr'><strong>ves</strong></span> <span class='ocrx_word' id='word_1_378' title='bbox 2002 2075 2149 2131; x_wconf 87' lang='lat' dir='ltr'><strong>enim</strong></span> <span class='ocrx_word' id='word_1_379' title='bbox 2176 2083 2284 2140; x_wconf 87' lang='lat' dir='ltr'><strong>est,</strong></span> <span class='ocrx_word' id='word_1_380' title='bbox 2311 2076 2403 2146; x_wconf 86' lang='lat' dir='ltr'><strong>qui</strong></span> <span class='ocrx_word' id='word_1_381' title='bbox 2429 2074 2531 2132; x_wconf 83' lang='lat' dir='ltr'><strong>sibi</strong></span> <span class='ocrx_word' id='word_1_382' title='bbox 2571 2085 2819 2131; x_wconf 85' lang='lat' dir='ltr'><strong>reservat</strong></span> <span class='ocrx_word' id='word_1_383' title='bbox 2841 2074 3063 2132; x_wconf 86' lang='lat' dir='ltr'><strong>divitias</strong></span> <span class='ocrx_word' id='word_1_384' title='bbox 3098 2092 3112 2131; x_wconf 89' lang='lat'><strong>:</strong></span> <span class='ocrx_word' id='word_1_385' title='bbox 3143 2077 3493 2145; x_wconf 86' lang='lat' dir='ltr'><strong>dispensator</strong></span> 
     </span>
    </p>
   </div>
   <div class='ocr_carea' id='block_1_51' title="bbox 1881 2168 3501 2240">
    <p class='ocr_par' dir='ltr' id='par_1_51' title="bbox 1881 2168 3501 2240">
     <span class='ocr_line' id='line_1_51' title="bbox 1881 2168 3501 2240; baseline 0.002 -16"><span class='ocrx_word' id='word_1_386' title='bbox 1881 2184 2035 2232; x_wconf 91' lang='lat' dir='ltr'><strong>vero.</strong></span> <span class='ocrx_word' id='word_1_387' title='bbox 2067 2169 2156 2225; x_wconf 91' lang='lat' dir='ltr'><strong>cui</strong></span> <span class='ocrx_word' id='word_1_388' title='bbox 2184 2169 2516 2235; x_wconf 65' lang='lat' dir='ltr'><strong>concredita</strong></span> <span class='ocrx_word' id='word_1_389' title='bbox 2546 2177 2677 2225; x_wconf 91' lang='lat' dir='ltr'><strong>sunt</strong></span> <span class='ocrx_word' id='word_1_390' title='bbox 2702 2178 2924 2240; x_wconf 82' lang='lat' dir='ltr'><strong>propter</strong></span> <span class='ocrx_word' id='word_1_391' title='bbox 2946 2168 3104 2225; x_wconf 88' lang='lat' dir='ltr'><strong>alios.</strong></span> <span class='ocrx_word' id='word_1_392' title='bbox 3131 2170 3198 2225; x_wconf 86' lang='lat' dir='ltr'><strong>Et</strong></span> <span class='ocrx_word' id='word_1_393' title='bbox 3226 2170 3300 2227; x_wconf 87' lang='lat' dir='ltr'><strong>ita</strong></span> <span class='ocrx_word' id='word_1_394' title='bbox 3326 2171 3501 2227; x_wconf 76' lang='lat' dir='ltr'><strong>etiam</strong></span> 
     </span>
    </p>
   </div>
   <div class='ocr_carea' id='block_1_52' title="bbox 1882 2261 3494 2331">
    <p class='ocr_par' dir='ltr' id='par_1_52' title="bbox 1882 2261 3494 2331">
     <span class='ocr_line' id='line_1_52' title="bbox 1882 2261 3494 2331; baseline 0.001 -12"><span class='ocrx_word' id='word_1_395' title='bbox 1882 2263 1974 2319; x_wconf 87' lang='lat' dir='ltr'><strong>hic</strong></span> <span class='ocrx_word' id='word_1_396' title='bbox 2007 2265 2055 2320; x_wconf 84' lang='lat' dir='ltr'><strong>si</strong></span> <span class='ocrx_word' id='word_1_397' title='bbox 2098 2261 2338 2320; x_wconf 85' lang='lat' dir='ltr'><strong>salvatus</strong></span> <span class='ocrx_word' id='word_1_398' title='bbox 2382 2270 2489 2331; x_wconf 88' lang='lat' dir='ltr'><strong>est,</strong></span> <span class='ocrx_word' id='word_1_399' title='bbox 2526 2278 2636 2319; x_wconf 91' lang='lat' dir='ltr'><strong>non</strong></span> <span class='ocrx_word' id='word_1_400' title='bbox 2671 2263 2824 2320; x_wconf 87' lang='lat' dir='ltr'><strong>dives</strong></span> <span class='ocrx_word' id='word_1_401' title='bbox 2870 2262 3119 2319; x_wconf 87' lang='lat' dir='ltr'><strong>salvatus</strong></span> <span class='ocrx_word' id='word_1_402' title='bbox 3147 2271 3254 2331; x_wconf 89' lang='lat' dir='ltr'><strong>est,</strong></span> <span class='ocrx_word' id='word_1_403' title='bbox 3285 2264 3404 2329; x_wconf 88' lang='lat' dir='ltr'><strong>sed,</strong></span> <span class='ocrx_word' id='word_1_404' title='bbox 3434 2276 3494 2320; x_wconf 90' lang='lat' dir='ltr'><strong>ut</strong></span> 
     </span>
    </p>
   </div>
   <div class='ocr_carea' id='block_1_53' title="bbox 1885 2355 3490 2427">
    <p class='ocr_par' dir='ltr' id='par_1_53' title="bbox 1885 2355 3490 2427">
     <span class='ocr_line' id='line_1_53' title="bbox 1885 2355 3490 2427; baseline -0.001 -14"><span class='ocrx_word' id='word_1_405' title='bbox 1885 2356 2147 2423; x_wconf 80' lang='lat' dir='ltr'><strong>diximus,</strong></span> <span class='ocrx_word' id='word_1_406' title='bbox 2180 2356 2266 2412; x_wconf 91' lang='lat' dir='ltr'><strong>vel</strong></span> <span class='ocrx_word' id='word_1_407' title='bbox 2296 2356 2424 2427; x_wconf 87' lang='lat' dir='ltr'><strong>quia</strong></span> <span class='ocrx_word' id='word_1_408' title='bbox 2460 2355 2719 2412; x_wconf 90' lang='lat' dir='ltr'><strong>omnibus</strong></span> <span class='ocrx_word' id='word_1_409' title='bbox 2758 2355 3115 2412; x_wconf 83' lang='lat' dir='ltr'><strong>renuntiavit</strong></span> <span class='ocrx_word' id='word_1_410' title='bbox 3130 2370 3252 2427; x_wconf 69' lang='lat' dir='ltr'><strong>qua:</strong></span> <span class='ocrx_word' id='word_1_411' title='bbox 3276 2355 3490 2423; x_wconf 79' lang='lat' dir='ltr'><strong>habuit,</strong></span> 
     </span>
    </p>
   </div>
   <div class='ocr_carea' id='block_1_54' title="bbox 1883 2448 3493 2521">
    <p class='ocr_par' dir='ltr' id='par_1_54' title="bbox 1883 2448 3493 2521">
     <span class='ocr_line' id='line_1_54' title="bbox 1883 2448 3493 2521; baseline 0 -15"><span class='ocrx_word' id='word_1_412' title='bbox 1883 2451 1973 2507; x_wconf 91' lang='lat' dir='ltr'><strong>vel</strong></span> <span class='ocrx_word' id='word_1_413' title='bbox 2013 2450 2142 2521; x_wconf 87' lang='lat' dir='ltr'><strong>quia</strong></span> <span class='ocrx_word' id='word_1_414' title='bbox 2181 2449 2261 2506; x_wconf 89' lang='lat' dir='ltr'><strong>uti</strong></span> <span class='ocrx_word' id='word_1_415' title='bbox 2287 2448 2639 2521; x_wconf 86' lang='lat' dir='ltr'><strong>dispensator</strong></span> <span class='ocrx_word' id='word_1_416' title='bbox 2674 2449 2814 2505; x_wconf 87' lang='lat' dir='ltr'><strong>bene</strong></span> <span class='ocrx_word' id='word_1_417' title='bbox 2848 2448 2969 2505; x_wconf 84' lang='lat' dir='ltr'><strong>illas</strong></span> <span class='ocrx_word' id='word_1_418' title='bbox 3000 2448 3307 2507; x_wconf 85' lang='lat' dir='ltr'><strong>distribuit.</strong></span> <span class='ocrx_word' id='word_1_419' title='bbox 3334 2448 3493 2506; x_wconf 83' lang='lat' dir='ltr'><strong>insu-</strong></span> 
     </span>
    </p>
   </div>
   <div class='ocr_carea' id='block_1_55' title="bbox 1883 2538 3493 2616">
    <p class='ocr_par' dir='ltr' id='par_1_55' title="bbox 1883 2538 3493 2616">
     <span class='ocr_line' id='line_1_55' title="bbox 1883 2538 3493 2616; baseline -0.001 -16"><span class='ocrx_word' id='word_1_420' title='bbox 1883 2558 1984 2615; x_wconf 91' lang='lat' dir='ltr'><strong>per</strong></span> <span class='ocrx_word' id='word_1_421' title='bbox 2007 2543 2192 2601; x_wconf 87' lang='lat' dir='ltr'><strong>ethoc</strong></span> <span class='ocrx_word' id='word_1_422' title='bbox 2238 2543 2640 2612; x_wconf 86' lang='lat' dir='ltr'><strong>animadverte,</strong></span> <span class='ocrx_word' id='word_1_423' title='bbox 2679 2544 2827 2612; x_wconf 90' lang='lat' dir='ltr'><strong>quod</strong></span> <span class='ocrx_word' id='word_1_424' title='bbox 2862 2542 3088 2599; x_wconf 71' lang='lat' dir='ltr'><strong>divitem</strong></span> <span class='ocrx_word' id='word_1_425' title='bbox 3126 2538 3351 2616; x_wconf 80' lang='lat' dir='ltr'><strong>quidem</strong></span> <span class='ocrx_word' id='word_1_426' title='bbox 3385 2542 3493 2599; x_wconf 80' lang='lat' dir='ltr'><strong>im-</strong></span> 
     </span>
    </p>
   </div>
   <div class='ocr_carea' id='block_1_56' title="bbox 1884 2634 3492 2709">
    <p class='ocr_par' dir='ltr' id='par_1_56' title="bbox 1884 2634 3492 2709">
     <span class='ocr_line' id='line_1_56' title="bbox 1884 2634 3492 2709; baseline -0.002 -15"><span class='ocrx_word' id='word_1_427' title='bbox 1884 2636 2147 2709; x_wconf 88' lang='lat' dir='ltr'><strong>possibile</strong></span> <span class='ocrx_word' id='word_1_428' title='bbox 2187 2645 2273 2693; x_wconf 88' lang='lat' dir='ltr'><strong>est</strong></span> <span class='ocrx_word' id='word_1_429' title='bbox 2326 2635 2530 2693; x_wconf 91' lang='lat' dir='ltr'><strong>salvari</strong></span> <span class='ocrx_word' id='word_1_430' title='bbox 2565 2651 2581 2703; x_wconf 87' lang='lat'><strong>;</strong></span> <span class='ocrx_word' id='word_1_431' title='bbox 2640 2634 3137 2705; x_wconf 83' lang='lat' dir='ltr'><strong>pecunias,autem</strong></span> <span class='ocrx_word' id='word_1_432' title='bbox 3172 2634 3492 2704; x_wconf 77' lang='lat' dir='ltr'><strong>habentem,</strong></span> 
     </span>
    </p>
   </div>
   <div class='ocr_carea' id='block_1_57' title="bbox 1884 2724 3493 2798">
    <p class='ocr_par' dir='ltr' id='par_1_57' title="bbox 1884 2724 3493 2798">
     <span class='ocr_line' id='line_1_57' title="bbox 1884 2724 3493 2798; baseline -0.002 -14"><span class='ocrx_word' id='word_1_433' title='bbox 1884 2726 2141 2795; x_wconf 82' lang='lat' dir='ltr'><strong>diﬂlclle;</strong></span> <span class='ocrx_word' id='word_1_434' title='bbox 2172 2725 2332 2798; x_wconf 87' lang='lat' dir='ltr'><strong>quasi</strong></span> <span class='ocrx_word' id='word_1_435' title='bbox 2386 2726 2637 2783; x_wconf 81' lang='lat' dir='ltr'><strong>diceret:</strong></span> <span class='ocrx_word' id='word_1_436' title='bbox 2668 2724 2776 2795; x_wconf 92' lang='lat' dir='ltr'><strong>Qui</strong></span> <span class='ocrx_word' id='word_1_437' title='bbox 2823 2726 3064 2783; x_wconf 87' lang='lat' dir='ltr'><strong>habetur</strong></span> <span class='ocrx_word' id='word_1_438' title='bbox 3105 2735 3169 2783; x_wconf 81' lang='lat' dir='ltr'><strong>et</strong></span> <span class='ocrx_word' id='word_1_439' title='bbox 3217 2734 3493 2784; x_wconf 76' lang='lat' dir='ltr'><strong>tenetuna</strong></span> 
     </span>
    </p>
   </div>
   <div class='ocr_carea' id='block_1_58' title="bbox 1884 2818 3495 2892">
    <p class='ocr_par' dir='ltr' id='par_1_58' title="bbox 1884 2818 3495 2892">
     <span class='ocr_line' id='line_1_58' title="bbox 1884 2818 3495 2892; baseline -0.003 -14"><span class='ocrx_word' id='word_1_440' title='bbox 1884 2821 2159 2892; x_wconf 86' lang='lat' dir='ltr'><strong>pecuniis,</strong></span> <span class='ocrx_word' id='word_1_441' title='bbox 2200 2834 2267 2876; x_wconf 91' lang='lat' dir='ltr'><strong>ac</strong></span> <span class='ocrx_word' id='word_1_442' title='bbox 2301 2819 2475 2875; x_wconf 88' lang='lat' dir='ltr'><strong>servit</strong></span> <span class='ocrx_word' id='word_1_443' title='bbox 2517 2818 2623 2887; x_wconf 91' lang='lat' dir='ltr'><strong>eis,</strong></span> <span class='ocrx_word' id='word_1_444' title='bbox 2670 2834 2779 2875; x_wconf 93' lang='lat' dir='ltr'><strong>non</strong></span> <span class='ocrx_word' id='word_1_445' title='bbox 2820 2818 3133 2877; x_wconf 87' lang='lat' dir='ltr'><strong>salvabitnr</strong></span> <span class='ocrx_word' id='word_1_446' title='bbox 3164 2837 3179 2875; x_wconf 87' lang='lat'><strong>:</strong></span> <span class='ocrx_word' id='word_1_447' title='bbox 3215 2818 3311 2891; x_wconf 88' lang='lat' dir='ltr'><strong>qui</strong></span> <span class='ocrx_word' id='word_1_448' title='bbox 3362 2830 3495 2878; x_wconf 89' lang='lat' dir='ltr'><strong>vero</strong></span> 
     </span>
    </p>
   </div>
   <div class='ocr_carea' id='block_1_59' title="bbox 1881 2908 3497 2987">
    <p class='ocr_par' dir='ltr' id='par_1_59' title="bbox 1881 2908 3497 2987">
     <span class='ocr_line' id='line_1_59' title="bbox 1881 2908 3497 2987; baseline -0.001 -18"><span class='ocrx_word' id='word_1_449' title='bbox 1881 2913 2147 2987; x_wconf 88' lang='lat' dir='ltr'><strong>pecunias</strong></span> <span class='ocrx_word' id='word_1_450' title='bbox 2195 2910 2384 2979; x_wconf 87' lang='lat' dir='ltr'><strong>habet,</strong></span> <span class='ocrx_word' id='word_1_451' title='bbox 2417 2908 2527 2967; x_wconf 86' lang='lat' dir='ltr'><strong>hoc</strong></span> <span class='ocrx_word' id='word_1_452' title='bbox 2569 2917 2675 2975; x_wconf 89' lang='lat' dir='ltr'><strong>est,</strong></span> <span class='ocrx_word' id='word_1_453' title='bbox 2723 2911 2981 2968; x_wconf 90' lang='lat' dir='ltr'><strong>dominus</strong></span> <span class='ocrx_word' id='word_1_454' title='bbox 3036 2909 3254 2967; x_wconf 87' lang='lat' dir='ltr'><strong>illarum</strong></span> <span class='ocrx_word' id='word_1_455' title='bbox 3307 2920 3413 2977; x_wconf 85' lang='lat' dir='ltr'><strong>est,</strong></span> <span class='ocrx_word' id='word_1_456' title='bbox 3440 2920 3497 2968; x_wconf 85' lang='lat' dir='ltr'><strong>et</strong></span> 
     </span>
    </p>
   </div>
   <div class='ocr_carea' id='block_1_60' title="bbox 1883 3002 3493 3078">
    <p class='ocr_par' dir='ltr' id='par_1_60' title="bbox 1883 3002 3493 3078">
     <span class='ocr_line' id='line_1_60' title="bbox 1883 3002 3493 3078; baseline -0.003 -14"><span class='ocrx_word' id='word_1_457' title='bbox 1883 3008 2001 3078; x_wconf 88' lang='lat' dir='ltr'><strong>ipse</strong></span> <span class='ocrx_word' id='word_1_458' title='bbox 2029 3007 2191 3065; x_wconf 87' lang='lat' dir='ltr'><strong>habet</strong></span> <span class='ocrx_word' id='word_1_459' title='bbox 2239 3021 2358 3074; x_wconf 88' lang='lat' dir='ltr'><strong>eas,</strong></span> <span class='ocrx_word' id='word_1_460' title='bbox 2392 3012 2448 3063; x_wconf 90' lang='lat' dir='ltr'><strong>et</strong></span> <span class='ocrx_word' id='word_1_461' title='bbox 2476 3020 2586 3063; x_wconf 89' lang='lat' dir='ltr'><strong>non</strong></span> <span class='ocrx_word' id='word_1_462' title='bbox 2617 3004 2857 3062; x_wconf 82' lang='lat' dir='ltr'><strong>habetur</strong></span> <span class='ocrx_word' id='word_1_463' title='bbox 2880 3004 2950 3062; x_wconf 91' lang='lat' dir='ltr'><strong>ab</strong></span> <span class='ocrx_word' id='word_1_464' title='bbox 2978 3004 3063 3063; x_wconf 91' lang='lat' dir='ltr'><strong>eis</strong></span> <span class='ocrx_word' id='word_1_465' title='bbox 3083 3046 3103 3073; x_wconf 93' lang='lat'><strong>,</strong></span> <span class='ocrx_word' id='word_1_466' title='bbox 3137 3002 3356 3062; x_wconf 81' lang='lat' dir='ltr'><strong>diﬂlcile</strong></span> <span class='ocrx_word' id='word_1_467' title='bbox 3380 3004 3493 3063; x_wconf 82' lang='lat' dir='ltr'><strong>sai-</strong></span> 
     </span>
    </p>
   </div>
   <div class='ocr_carea' id='block_1_61' title="bbox 1883 3097 3496 3172">
    <p class='ocr_par' dir='ltr' id='par_1_61' title="bbox 1883 3097 3496 3172">
     <span class='ocr_line' id='line_1_61' title="bbox 1883 3097 3496 3172; baseline -0.001 -16"><span class='ocrx_word' id='word_1_468' title='bbox 1883 3101 2103 3158; x_wconf 87' lang='lat' dir='ltr'><strong>vabitur</strong></span> <span class='ocrx_word' id='word_1_469' title='bbox 2128 3110 2352 3172; x_wconf 87' lang='lat' dir='ltr'><strong>propter</strong></span> <span class='ocrx_word' id='word_1_470' title='bbox 2383 3100 2681 3157; x_wconf 89' lang='lat' dir='ltr'><strong>humanam</strong></span> <span class='ocrx_word' id='word_1_471' title='bbox 2715 3098 3125 3155; x_wconf 73' lang='lat' dir='ltr'><strong>inﬁrmitatem.</strong></span> <span class='ocrx_word' id='word_1_472' title='bbox 3153 3097 3496 3172; x_wconf 80' lang='lat' dir='ltr'><strong>lmpossibile</strong></span> 
     </span>
    </p>
   </div>
   <div class='ocr_carea' id='block_1_62' title="bbox 178 3191 1783 3282">
    <p class='ocr_par' dir='ltr' id='par_1_62' title="bbox 178 3191 1783 3282">
     <span class='ocr_line' id='line_1_62' title="bbox 178 3191 1783 3282; baseline -0.002 -32"><span class='ocrx_word' id='word_1_473' title='bbox 178 3193 532 3267; x_wconf 77' lang='grc' dir='ltr'><strong>ἀνθρωπίνην</strong></span> <span class='ocrx_word' id='word_1_474' title='bbox 555 3192 865 3250; x_wconf 76' lang='grc' dir='ltr'><strong>ἀσθένειαν.</strong></span> <span class='ocrx_word' id='word_1_475' title='bbox 910 3191 1207 3247; x_wconf 84' lang='grc' dir='ltr'><strong>’Δδύνατον</strong></span> <span class='ocrx_word' id='word_1_476' title='bbox 1238 3191 1352 3265; x_wconf 83' lang='grc' dir='ltr'><strong>γὰρ</strong></span> <span class='ocrx_word' id='word_1_477' title='bbox 1388 3191 1465 3263; x_wconf 79' lang='grc' dir='ltr'><strong>μὴ</strong></span> <span class='ocrx_word' id='word_1_478' title='bbox 1484 3193 1783 3282; x_wconf 82' lang='grc' dir='ltr'><strong>παραχρή-</strong></span> 
     </span>
    </p>
   </div>
   <div class='ocr_carea' id='block_1_63' title="bbox 1887 3191 3497 3282">
    <p class='ocr_par' dir='ltr' id='par_1_63' title="bbox 1887 3191 3497 3265">
     <span class='ocr_line' id='line_1_63' title="bbox 1887 3191 3497 3265; baseline -0.001 -16"><span class='ocrx_word' id='word_1_479' title='bbox 1887 3193 2033 3249; x_wconf 86' lang='lat' dir='ltr'><strong>enim</strong></span> <span class='ocrx_word' id='word_1_480' title='bbox 2067 3203 2153 3250; x_wconf 84' lang='lat' dir='ltr'><strong>est</strong></span> <span class='ocrx_word' id='word_1_481' title='bbox 2182 3208 2288 3249; x_wconf 91' lang='lat' dir='ltr'><strong>non</strong></span> <span class='ocrx_word' id='word_1_482' title='bbox 2323 3193 2473 3249; x_wconf 90' lang='lat' dir='ltr'><strong>abuti</strong></span> <span class='ocrx_word' id='word_1_483' title='bbox 2510 3194 2593 3249; x_wconf 90' lang='lat' dir='ltr'><strong>his</strong></span> <span class='ocrx_word' id='word_1_484' title='bbox 2614 3210 2737 3265; x_wconf 75' lang='lat' dir='ltr'><strong>qum</strong></span> <span class='ocrx_word' id='word_1_485' title='bbox 2766 3193 3052 3250; x_wconf 85' lang='lat' dir='ltr'><strong>habemus.</strong></span> <span class='ocrx_word' id='word_1_486' title='bbox 3083 3191 3300 3263; x_wconf 83' lang='lat' dir='ltr'><strong>Quippe</strong></span> <span class='ocrx_word' id='word_1_487' title='bbox 3328 3207 3497 3263; x_wconf 87' lang='lat' dir='ltr'><strong>quan-</strong></span> 
     </span>
    </p>
   </div>
   <div class='ocr_carea' id='block_1_64' title="bbox 181 3281 1784 3360">
    <p class='ocr_par' dir='ltr' id='par_1_64' title="bbox 181 3281 1784 3360">
     <span class='ocr_line' id='line_1_64' title="bbox 181 3281 1784 3360; baseline -0.001 -16"><span class='ocrx_word' id='word_1_488' title='bbox 181 3290 382 3344; x_wconf 83' lang='grc' dir='ltr'><strong>σασθαι</strong></span> <span class='ocrx_word' id='word_1_489' title='bbox 416 3281 500 3353; x_wconf 70' lang='grc' dir='ltr'><strong>οἷς</strong></span> <span class='ocrx_word' id='word_1_490' title='bbox 525 3286 750 3360; x_wconf 65' lang='grc' dir='ltr'><strong>ἔχομεν’</strong></span> <span class='ocrx_word' id='word_1_491' title='bbox 783 3285 890 3352; x_wconf 66' lang='grc' dir='ltr'><strong>ἕως</strong></span> <span class='ocrx_word' id='word_1_492' title='bbox 919 3285 1030 3358; x_wconf 91' lang='grc' dir='ltr'><strong>γάρ</strong></span> <span class='ocrx_word' id='word_1_493' title='bbox 1061 3284 1263 3357; x_wconf 68' lang='grc' dir='ltr'><strong>ἔχομεν</strong></span> <span class='ocrx_word' id='word_1_494' title='bbox 1292 3281 1580 3360; x_wconf 82' lang='grc' dir='ltr'><strong>χρήματα,</strong></span> <span class='ocrx_word' id='word_1_495' title='bbox 1614 3304 1784 3342; x_wconf 80' lang='grc' dir='ltr'><strong>σπου-</strong></span> 
     </span>
    </p>
   </div>
   <div class='ocr_carea' id='block_1_65' title="bbox 178 3377 1787 3453">
    <p class='ocr_par' dir='ltr' id='par_1_65' title="bbox 178 3377 1787 3453">
     <span class='ocr_line' id='line_1_65' title="bbox 178 3377 1787 3453; baseline -0.002 -17"><span class='ocrx_word' id='word_1_496' title='bbox 178 3382 337 3447; x_wconf 78' lang='grc' dir='ltr'><strong>δάζει</strong></span> <span class='ocrx_word' id='word_1_497' title='bbox 358 3383 388 3437; x_wconf 96' lang='lat'><strong>6</strong></span> <span class='ocrx_word' id='word_1_498' title='bbox 408 3377 658 3444; x_wconf 78' lang='grc' dir='ltr'><strong>διάΰολος</strong></span> <span class='ocrx_word' id='word_1_499' title='bbox 697 3378 1089 3445; x_wconf 80' lang='grc' dir='ltr'><strong>ὑποσκελίζειν</strong></span> <span class='ocrx_word' id='word_1_500' title='bbox 1120 3381 1293 3451; x_wconf 73' lang='grc' dir='ltr'><strong>ἡμᾶς,</strong></span> <span class='ocrx_word' id='word_1_501' title='bbox 1326 3382 1409 3445; x_wconf 88' lang='grc' dir='ltr'><strong>εἰς</strong></span> <span class='ocrx_word' id='word_1_502' title='bbox 1436 3379 1498 3434; x_wconf 58' lang='lat' dir='ltr'><strong>es</strong></span> <span class='ocrx_word' id='word_1_503' title='bbox 1519 3380 1674 3453; x_wconf 86' lang='grc' dir='ltr'><strong>παρά</strong></span> <span class='ocrx_word' id='word_1_504' title='bbox 1693 3380 1787 3435; x_wconf 88' lang='grc' dir='ltr'><strong>τδν</strong></span> 
     </span>
    </p>
   </div>
   <div class='ocr_carea' id='block_1_66' title="bbox 181 3470 1786 3544">
    <p class='ocr_par' dir='ltr' id='par_1_66' title="bbox 181 3470 1786 3544">
     <span class='ocr_line' id='line_1_66' title="bbox 181 3470 1786 3544; baseline -0.001 -15"><span class='ocrx_word' id='word_1_505' title='bbox 181 3473 417 3541; x_wconf 81' lang='grc' dir='ltr'><strong>κανόνα,</strong></span> <span class='ocrx_word' id='word_1_506' title='bbox 458 3474 555 3528; x_wconf 80' lang='grc' dir='ltr'><strong>καὶ</strong></span> <span class='ocrx_word' id='word_1_507' title='bbox 600 3471 693 3528; x_wconf 82' lang='grc' dir='ltr'><strong>τδν</strong></span> <span class='ocrx_word' id='word_1_508' title='bbox 741 3470 909 3543; x_wconf 88' lang='grc' dir='ltr'><strong>νόμον</strong></span> <span class='ocrx_word' id='word_1_509' title='bbox 957 3472 1057 3543; x_wconf 82' lang='grc' dir='ltr'><strong>τῆς</strong></span> <span class='ocrx_word' id='word_1_510' title='bbox 1104 3472 1418 3542; x_wconf 80' lang='grc' dir='ltr'><strong>οἰκονομίας</strong></span> <span class='ocrx_word' id='word_1_511' title='bbox 1468 3473 1786 3544; x_wconf 84' lang='grc' dir='ltr'><strong>χρήσασθαί</strong></span> 
     </span>
    </p>
   </div>
   <div class='ocr_carea' id='block_1_67' title="bbox 180 3562 1783 3635">
    <p class='ocr_par' dir='ltr' id='par_1_67' title="bbox 180 3562 1783 3635">
     <span class='ocr_line' id='line_1_67' title="bbox 180 3562 1783 3635; baseline 0 -14"><span class='ocrx_word' id='word_1_512' title='bbox 180 3567 332 3621; x_wconf 73' lang='grc' dir='ltr'><strong>ἐστιν</strong></span> <span class='ocrx_word' id='word_1_513' title='bbox 353 3565 465 3629; x_wconf 77' lang='grc' dir='ltr'><strong>δτι,</strong></span> <span class='ocrx_word' id='word_1_514' title='bbox 497 3563 595 3620; x_wconf 80' lang='grc' dir='ltr'><strong>καὶ</strong></span> <span class='ocrx_word' id='word_1_515' title='bbox 622 3562 885 3619; x_wconf 86' lang='grc' dir='ltr'><strong>δύσκολον</strong></span> <span class='ocrx_word' id='word_1_516' title='bbox 910 3565 1177 3635; x_wconf 70' lang='grc' dir='ltr'><strong>ἐκφυγεῖν</strong></span> <span class='ocrx_word' id='word_1_517' title='bbox 1208 3563 1309 3629; x_wconf 86' lang='grc' dir='ltr'><strong>τάς</strong></span> <span class='ocrx_word' id='word_1_518' title='bbox 1334 3564 1574 3635; x_wconf 82' lang='grc' dir='ltr'><strong>παγίδας</strong></span> <span class='ocrx_word' id='word_1_519' title='bbox 1595 3564 1783 3621; x_wconf 83' lang='grc' dir='ltr'><strong>αὐτοῦ.</strong></span> 
     </span>
    </p>
   </div>
   <div class='ocr_carea' id='block_1_68' title="bbox 180 3657 1785 3732">
    <p class='ocr_par' dir='ltr' id='par_1_68' title="bbox 180 3657 1785 3732">
     <span class='ocr_line' id='line_1_68' title="bbox 180 3657 1785 3732; baseline 0.001 -17"><span class='ocrx_word' id='word_1_520' title='bbox 180 3658 285 3715; x_wconf 82' lang='grc' dir='ltr'><strong>Διά</strong></span> <span class='ocrx_word' id='word_1_521' title='bbox 309 3657 471 3714; x_wconf 82' lang='grc' dir='ltr'><strong>τοῦτο</strong></span> <span class='ocrx_word' id='word_1_522' title='bbox 520 3657 688 3712; x_wconf 79' lang='grc' dir='ltr'><strong>καλὸν</strong></span> <span class='ocrx_word' id='word_1_523' title='bbox 721 3658 756 3729; x_wconf 86' lang='grc' dir='ltr'><strong>ή</strong></span> <span class='ocrx_word' id='word_1_524' title='bbox 787 3657 1148 3730; x_wconf 76' lang='grc' dir='ltr'><strong>ἀχρημοσύνη</strong></span> <span class='ocrx_word' id='word_1_525' title='bbox 1180 3658 1277 3713; x_wconf 75' lang='grc' dir='ltr'><strong>καὶ</strong></span> <span class='ocrx_word' id='word_1_526' title='bbox 1323 3658 1515 3729; x_wconf 85' lang='grc' dir='ltr'><strong>σχεδὸν</strong></span> <span class='ocrx_word' id='word_1_527' title='bbox 1547 3659 1785 3732; x_wconf 85' lang='grc' dir='ltr'><strong>ἀπείρα-</strong></span> 
     </span>
    </p>
   </div>
   <div class='ocr_carea' id='block_1_69' title="bbox 182 3745 1789 3822">
    <p class='ocr_par' dir='ltr' id='par_1_69' title="bbox 182 3745 1789 3822">
     <span class='ocr_line' id='line_1_69' title="bbox 182 3745 1789 3822; baseline -0.005 -15"><span class='ocrx_word' id='word_1_528' title='bbox 182 3767 334 3807; x_wconf 84' lang='grc' dir='ltr'><strong>στον.</strong></span> <span class='ocrx_word' id='word_1_529' title='bbox 359 3745 534 3806; x_wconf 75' lang='grc' dir='ltr'><strong>Εἶπον</strong></span> <span class='ocrx_word' id='word_1_530' title='bbox 553 3751 632 3817; x_wconf 71' lang='grc' dir='ltr'><strong>δδ,</strong></span> <span class='ocrx_word' id='word_1_531' title='bbox 666 3752 856 3822; x_wconf 68' lang='grc' dir='ltr'><strong>φησιν,</strong></span> <span class='ocrx_word' id='word_1_532' title='bbox 889 3752 938 3805; x_wconf 88' lang='lat' dir='ltr'><strong>ol</strong></span> <span class='ocrx_word' id='word_1_533' title='bbox 956 3749 1295 3813; x_wconf 86' lang='grc' dir='ltr'><strong>ἀκούσαντες</strong></span> <span class='ocrx_word' id='word_1_534' title='bbox 1314 3767 1329 3781; x_wconf 87' lang='grc'><strong>·</strong></span> <span class='ocrx_word' id='word_1_535' title='bbox 1355 3751 1450 3815; x_wconf 88' lang='grc' dir='ltr'><strong>Τίς</strong></span> <span class='ocrx_word' id='word_1_536' title='bbox 1485 3752 1597 3817; x_wconf 78' lang='grc' dir='ltr'><strong>ἀρα</strong></span> <span class='ocrx_word' id='word_1_537' title='bbox 1624 3752 1789 3809; x_wconf 85' lang='grc' dir='ltr'><strong>δύνα-</strong></span> 
     </span>
    </p>
   </div>
   <div class='ocr_carea' id='block_1_70' title="bbox 180 3838 1788 3918">
    <p class='ocr_par' dir='ltr' id='par_1_70' title="bbox 180 3838 1788 3918">
     <span class='ocr_line' id='line_1_70' title="bbox 180 3838 1788 3918; baseline 0.001 -20"><span class='ocrx_word' id='word_1_538' title='bbox 180 3861 274 3898; x_wconf 84' lang='grc' dir='ltr'><strong>ται</strong></span> <span class='ocrx_word' id='word_1_539' title='bbox 296 3844 576 3916; x_wconf 82' lang='grc' dir='ltr'><strong>σωθῆναι;</strong></span> <span class='ocrx_word' id='word_1_540' title='bbox 616 3841 680 3899; x_wconf 79' lang='lat'><strong>&#39;0</strong></span> <span class='ocrx_word' id='word_1_541' title='bbox 706 3843 763 3898; x_wconf 68' lang='grc' dir='ltr'><strong>δὲ</strong></span> <span class='ocrx_word' id='word_1_542' title='bbox 784 3838 908 3898; x_wconf 79' lang='grc' dir='ltr'><strong>εἷπε</strong></span> <span class='ocrx_word' id='word_1_543' title='bbox 924 3860 937 3874; x_wconf 91' lang='grc'><strong>·</strong></span> <span class='ocrx_word' id='word_1_544' title='bbox 969 3861 991 3896; x_wconf 81' lang='grc' dir='ltr'><strong>ι</strong></span> <span class='ocrx_word' id='word_1_545' title='bbox 1015 3842 1098 3897; x_wconf 85' lang='grc' dir='ltr'><strong>Τὰ</strong></span> <span class='ocrx_word' id='word_1_546' title='bbox 1116 3841 1358 3897; x_wconf 87' lang='grc' dir='ltr'><strong>ἀδύνατα</strong></span> <span class='ocrx_word' id='word_1_547' title='bbox 1391 3844 1547 3917; x_wconf 87' lang='grc' dir='ltr'><strong>παρά</strong></span> <span class='ocrx_word' id='word_1_548' title='bbox 1571 3844 1788 3918; x_wconf 82' lang='grc' dir='ltr'><strong>ἀνθρώ-</strong></span> 
     </span>
    </p>
   </div>
   <div class='ocr_carea' id='block_1_71' title="bbox 181 3935 1788 4011">
    <p class='ocr_par' dir='ltr' id='par_1_71' title="bbox 181 3935 1788 4011">
     <span class='ocr_line' id='line_1_71' title="bbox 181 3935 1788 4011; baseline -0.001 -18"><span class='ocrx_word' id='word_1_549' title='bbox 181 3955 332 4003; x_wconf 84' lang='grc' dir='ltr'><strong>ποις,</strong></span> <span class='ocrx_word' id='word_1_550' title='bbox 381 3937 588 3993; x_wconf 83' lang='grc' dir='ltr'><strong>δυνατὰ</strong></span> <span class='ocrx_word' id='word_1_551' title='bbox 638 3938 793 4009; x_wconf 88' lang='grc' dir='ltr'><strong>παρά</strong></span> <span class='ocrx_word' id='word_1_552' title='bbox 834 3936 916 4010; x_wconf 82' lang='grc' dir='ltr'><strong>τῷ</strong></span> <span class='ocrx_word' id='word_1_553' title='bbox 939 3935 1080 4008; x_wconf 81' lang='grc' dir='ltr'><strong>Θεῷ.</strong></span> <span class='ocrx_word' id='word_1_554' title='bbox 1123 3954 1142 3989; x_wconf 73' lang='grc' dir='ltr'><strong>ι</strong></span> <span class='ocrx_word' id='word_1_555' title='bbox 1178 3936 1343 4009; x_wconf 86' lang='grc' dir='ltr'><strong>Παρά</strong></span> <span class='ocrx_word' id='word_1_556' title='bbox 1378 3936 1478 4008; x_wconf 67' lang='grc' dir='ltr'><strong>μὲν</strong></span> <span class='ocrx_word' id='word_1_557' title='bbox 1522 3938 1637 4011; x_wconf 82' lang='grc' dir='ltr'><strong>γὰρ</strong></span> <span class='ocrx_word' id='word_1_558' title='bbox 1670 3941 1788 4004; x_wconf 82' lang='grc' dir='ltr'><strong>τοῖς</strong></span> 
     </span>
    </p>
   </div>
   <div class='ocr_carea' id='block_1_72' title="bbox 182 4027 1784 4102">
    <p class='ocr_par' dir='ltr' id='par_1_72' title="bbox 182 4027 1784 4102">
     <span class='ocr_line' id='line_1_72' title="bbox 182 4027 1784 4102; baseline 0 -17"><span class='ocrx_word' id='word_1_559' title='bbox 182 4028 539 4102; x_wconf 84' lang='grc' dir='ltr'><strong>ἀνθρωπίνην</strong></span> <span class='ocrx_word' id='word_1_560' title='bbox 574 4029 802 4101; x_wconf 77' lang='grc' dir='ltr'><strong>γνώμην</strong></span> <span class='ocrx_word' id='word_1_561' title='bbox 829 4028 1068 4100; x_wconf 69' lang='grc' dir='ltr'><strong>ἔχουσιν,</strong></span> <span class='ocrx_word' id='word_1_562' title='bbox 1100 4027 1222 4100; x_wconf 76' lang='grc' dir='ltr'><strong>ἦτοι</strong></span> <span class='ocrx_word' id='word_1_563' title='bbox 1255 4029 1409 4083; x_wconf 84' lang='grc' dir='ltr'><strong>κάτω</strong></span> <span class='ocrx_word' id='word_1_564' title='bbox 1440 4030 1784 4102; x_wconf 76' lang='grc' dir='ltr'><strong>συρομένοις,</strong></span> 
     </span>
    </p>
   </div>
   <div class='ocr_carea' id='block_1_73' title="bbox 183 4106 1786 4195">
    <p class='ocr_par' dir='ltr' id='par_1_73' title="bbox 183 4106 1786 4195">
     <span class='ocr_line' id='line_1_73' title="bbox 183 4106 1786 4195; baseline -0.001 -16"><span class='ocrx_word' id='word_1_565' title='bbox 183 4125 282 4179; x_wconf 76' lang='grc' dir='ltr'><strong>καὶ</strong></span> <span class='ocrx_word' id='word_1_566' title='bbox 313 4120 649 4193; x_wconf 64' lang='grc' dir='ltr'><strong>ἀπιθυμοῦσι</strong></span> <span class='ocrx_word' id='word_1_567' title='bbox 672 4106 782 4176; x_wconf 86' lang='grc' dir='ltr'><strong>τῶν</strong></span> <span class='ocrx_word' id='word_1_568' title='bbox 807 4122 1037 4193; x_wconf 74' lang='grc' dir='ltr'><strong>γηίνων,</strong></span> <span class='ocrx_word' id='word_1_569' title='bbox 1067 4121 1334 4178; x_wconf 81' lang='grc' dir='ltr'><strong>ἀδύνατόν</strong></span> <span class='ocrx_word' id='word_1_570' title='bbox 1365 4123 1486 4176; x_wconf 70' lang='grc' dir='ltr'><strong>ἐστι</strong></span> <span class='ocrx_word' id='word_1_571' title='bbox 1519 4123 1786 4195; x_wconf 84' lang='grc' dir='ltr'><strong>σωθῆναι,</strong></span> 
     </span>
    </p>
   </div>
   <div class='ocr_carea' id='block_1_74' title="bbox 182 4215 1787 4289">
    <p class='ocr_par' dir='ltr' id='par_1_74' title="bbox 182 4215 1787 4289">
     <span class='ocr_line' id='line_1_74' title="bbox 182 4215 1787 4289; baseline 0.002 -17"><span class='ocrx_word' id='word_1_572' title='bbox 182 4217 265 4283; x_wconf 85' lang='grc' dir='ltr'><strong>ὡς</strong></span> <span class='ocrx_word' id='word_1_573' title='bbox 290 4218 531 4289; x_wconf 88' lang='grc' dir='ltr'><strong>είρηται,</strong></span> <span class='ocrx_word' id='word_1_574' title='bbox 579 4217 736 4289; x_wconf 83' lang='grc' dir='ltr'><strong>παρά</strong></span> <span class='ocrx_word' id='word_1_575' title='bbox 759 4216 819 4271; x_wconf 69' lang='grc' dir='ltr'><strong>δὲ</strong></span> <span class='ocrx_word' id='word_1_576' title='bbox 848 4215 970 4287; x_wconf 86' lang='grc' dir='ltr'><strong>Θεῷ</strong></span> <span class='ocrx_word' id='word_1_577' title='bbox 1002 4217 1253 4282; x_wconf 79' lang='grc' dir='ltr'><strong>δυνατὸν,</strong></span> <span class='ocrx_word' id='word_1_578' title='bbox 1306 4216 1615 4284; x_wconf 76' lang='grc' dir='ltr'><strong>τουτέστιν,</strong></span> <span class='ocrx_word' id='word_1_579' title='bbox 1656 4221 1787 4275; x_wconf 79' lang='grc' dir='ltr'><strong>ὅταν</strong></span> 
     </span>
    </p>
   </div>
   <div class='ocr_carea' id='block_1_75' title="bbox 182 4308 1784 4382">
    <p class='ocr_par' dir='ltr' id='par_1_75' title="bbox 182 4308 1784 4382">
     <span class='ocr_line' id='line_1_75' title="bbox 182 4308 1784 4382; baseline 0.003 -19"><span class='ocrx_word' id='word_1_580' title='bbox 182 4328 273 4375; x_wconf 86' lang='grc' dir='ltr'><strong>τις</strong></span> <span class='ocrx_word' id='word_1_581' title='bbox 315 4308 626 4381; x_wconf 71' lang='grc' dir='ltr'><strong>σύμϐουλον</strong></span> <span class='ocrx_word' id='word_1_582' title='bbox 652 4308 753 4382; x_wconf 70' lang='grc' dir='ltr'><strong>ἔχη</strong></span> <span class='ocrx_word' id='word_1_583' title='bbox 782 4309 876 4364; x_wconf 78' lang='grc' dir='ltr'><strong>τὸν</strong></span> <span class='ocrx_word' id='word_1_584' title='bbox 904 4308 1061 4376; x_wconf 81' lang='grc' dir='ltr'><strong>Θεὸν,</strong></span> <span class='ocrx_word' id='word_1_585' title='bbox 1098 4309 1194 4363; x_wconf 73' lang='grc' dir='ltr'><strong>καὶ</strong></span> <span class='ocrx_word' id='word_1_586' title='bbox 1220 4308 1291 4363; x_wconf 87' lang='grc' dir='ltr'><strong>τά</strong></span> <span class='ocrx_word' id='word_1_587' title='bbox 1309 4309 1662 4381; x_wconf 82' lang='grc' dir='ltr'><strong>δικαιώματα</strong></span> <span class='ocrx_word' id='word_1_588' title='bbox 1685 4310 1784 4368; x_wconf 82' lang='grc' dir='ltr'><strong>τοῦ</strong></span> 
     </span>
    </p>
   </div>
   <div class='ocr_carea' id='block_1_76' title="bbox 180 4400 1785 4475">
    <p class='ocr_par' dir='ltr' id='par_1_76' title="bbox 180 4400 1785 4475">
     <span class='ocr_line' id='line_1_76' title="bbox 180 4400 1785 4475; baseline 0.002 -19"><span class='ocrx_word' id='word_1_589' title='bbox 180 4400 351 4467; x_wconf 80' lang='grc' dir='ltr'><strong>Θεοῦ,</strong></span> <span class='ocrx_word' id='word_1_590' title='bbox 391 4401 489 4455; x_wconf 76' lang='grc' dir='ltr'><strong>καὶ</strong></span> <span class='ocrx_word' id='word_1_591' title='bbox 516 4402 617 4465; x_wconf 83' lang='grc' dir='ltr'><strong>τὰς</strong></span> <span class='ocrx_word' id='word_1_592' title='bbox 658 4402 792 4472; x_wconf 80' lang='grc' dir='ltr'><strong>περὶ</strong></span> <span class='ocrx_word' id='word_1_593' title='bbox 828 4401 1225 4475; x_wconf 86' lang='grc' dir='ltr'><strong>ἀχρημοσύνης</strong></span> <span class='ocrx_word' id='word_1_594' title='bbox 1268 4402 1494 4467; x_wconf 71' lang='grc' dir='ltr'><strong>εντολάς</strong></span> <span class='ocrx_word' id='word_1_595' title='bbox 1520 4404 1785 4460; x_wconf 81' lang='grc' dir='ltr'><strong>διδασκά-</strong></span> 
     </span>
    </p>
   </div>
   <div class='ocr_carea' id='block_1_77' title="bbox 182 4493 1782 4567">
    <p class='ocr_par' dir='ltr' id='par_1_77' title="bbox 182 4493 1782 4567">
     <span class='ocr_line' id='line_1_77' title="bbox 182 4493 1782 4567; baseline 0.003 -18"><span class='ocrx_word' id='word_1_596' title='bbox 182 4494 315 4559; x_wconf 89' lang='grc' dir='ltr'><strong>λους</strong></span> <span class='ocrx_word' id='word_1_597' title='bbox 342 4494 503 4567; x_wconf 75' lang='grc' dir='ltr'><strong>λάϐῃ,</strong></span> <span class='ocrx_word' id='word_1_598' title='bbox 537 4494 633 4548; x_wconf 75' lang='grc' dir='ltr'><strong>καὶ</strong></span> <span class='ocrx_word' id='word_1_599' title='bbox 657 4494 762 4565; x_wconf 76' lang='grc' dir='ltr'><strong>τήν</strong></span> <span class='ocrx_word' id='word_1_600' title='bbox 790 4493 921 4566; x_wconf 88' lang='grc' dir='ltr'><strong>παρ’</strong></span> <span class='ocrx_word' id='word_1_601' title='bbox 956 4494 1168 4549; x_wconf 76' lang='grc' dir='ltr'><strong>ἐκείνου</strong></span> <span class='ocrx_word' id='word_1_602' title='bbox 1210 4496 1529 4552; x_wconf 72' lang='grc' dir='ltr'><strong>ἰπικαλοῖτο</strong></span> <span class='ocrx_word' id='word_1_603' title='bbox 1554 4499 1782 4553; x_wconf 71' lang='grc' dir='ltr'><strong>ἐπικου-</strong></span> 
     </span>
    </p>
   </div>
   <div class='ocr_carea' id='block_1_78' title="bbox 1887 3283 3495 3357">
    <p class='ocr_par' dir='ltr' id='par_1_78' title="bbox 1887 3283 3495 3357">
     <span class='ocr_line' id='line_1_78' title="bbox 1887 3283 3495 3357; baseline -0.001 -15"><span class='ocrx_word' id='word_1_604' title='bbox 1887 3286 1979 3342; x_wconf 92' lang='lat' dir='ltr'><strong>diu</strong></span> <span class='ocrx_word' id='word_1_605' title='bbox 2029 3285 2291 3357; x_wconf 83' lang='lat' dir='ltr'><strong>pecunias</strong></span> <span class='ocrx_word' id='word_1_606' title='bbox 2329 3284 2623 3350; x_wconf 85' lang='lat' dir='ltr'><strong>habemus,</strong></span> <span class='ocrx_word' id='word_1_607' title='bbox 2678 3285 2908 3341; x_wconf 87' lang='lat' dir='ltr'><strong>molitur</strong></span> <span class='ocrx_word' id='word_1_608' title='bbox 2947 3283 3204 3342; x_wconf 87' lang='lat' dir='ltr'><strong>diabolus</strong></span> <span class='ocrx_word' id='word_1_609' title='bbox 3233 3298 3334 3340; x_wconf 90' lang='lat' dir='ltr'><strong>nos</strong></span> <span class='ocrx_word' id='word_1_610' title='bbox 3361 3299 3495 3357; x_wconf 85' lang='lat' dir='ltr'><strong>sup-</strong></span> 
     </span>
    </p>
   </div>
   <div class='ocr_carea' id='block_1_79' title="bbox 1888 3376 3474 3448">
    <p class='ocr_par' dir='ltr' id='par_1_79' title="bbox 1888 3376 3474 3448">
     <span class='ocr_line' id='line_1_79' title="bbox 1888 3376 3474 3448; baseline -0.001 -17"><span class='ocrx_word' id='word_1_611' title='bbox 1888 3377 2163 3448; x_wconf 83' lang='lat' dir='ltr'><strong>plantare,</strong></span> <span class='ocrx_word' id='word_1_612' title='bbox 2204 3390 2275 3432; x_wconf 90' lang='lat' dir='ltr'><strong>ne</strong></span> <span class='ocrx_word' id='word_1_613' title='bbox 2315 3376 2503 3448; x_wconf 84' lang='lat' dir='ltr'><strong>regula</strong></span> <span class='ocrx_word' id='word_1_614' title='bbox 2566 3376 2998 3446; x_wconf 87' lang='lat' dir='ltr'><strong>dispensationis</strong></span> <span class='ocrx_word' id='word_1_615' title='bbox 3046 3384 3199 3433; x_wconf 89' lang='lat' dir='ltr'><strong>recte</strong></span> <span class='ocrx_word' id='word_1_616' title='bbox 3253 3383 3474 3432; x_wconf 87' lang='lat' dir='ltr'><strong>utamur</strong></span> 
     </span>
    </p>
   </div>
   <div class='ocr_carea' id='block_1_80' title="bbox 1887 3466 3494 3541">
    <p class='ocr_par' dir='ltr' id='par_1_80' title="bbox 1887 3466 3494 3541">
     <span class='ocr_line' id='line_1_80' title="bbox 1887 3466 3494 3541; baseline -0.001 -17"><span class='ocrx_word' id='word_1_617' title='bbox 1887 3478 1941 3524; x_wconf 91' lang='lat' dir='ltr'><strong>et</strong></span> <span class='ocrx_word' id='word_1_618' title='bbox 1964 3468 2182 3526; x_wconf 74' lang='lat' dir='ltr'><strong>difﬁcile</strong></span> <span class='ocrx_word' id='word_1_619' title='bbox 2210 3476 2297 3525; x_wconf 86' lang='lat' dir='ltr'><strong>est</strong></span> <span class='ocrx_word' id='word_1_620' title='bbox 2322 3467 2562 3538; x_wconf 71' lang='lat' dir='ltr'><strong>effugere</strong></span> <span class='ocrx_word' id='word_1_621' title='bbox 2583 3466 2703 3539; x_wconf 87' lang='lat' dir='ltr'><strong>ejus</strong></span> <span class='ocrx_word' id='word_1_622' title='bbox 2723 3468 2951 3541; x_wconf 86' lang='lat' dir='ltr'><strong>laqueos</strong></span> <span class='ocrx_word' id='word_1_623' title='bbox 2981 3487 2997 3537; x_wconf 90' lang='lat'><strong>;</strong></span> <span class='ocrx_word' id='word_1_624' title='bbox 3030 3478 3320 3541; x_wconf 87' lang='lat' dir='ltr'><strong>propterea</strong></span> <span class='ocrx_word' id='word_1_625' title='bbox 3350 3470 3494 3525; x_wconf 90' lang='lat' dir='ltr'><strong>bona</strong></span> 
     </span>
    </p>
   </div>
   <div class='ocr_carea' id='block_1_81' title="bbox 1888 3559 3497 3633">
    <p class='ocr_par' dir='ltr' id='par_1_81' title="bbox 1888 3559 3497 3633">
     <span class='ocr_line' id='line_1_81' title="bbox 1888 3559 3497 3633; baseline -0.001 -15"><span class='ocrx_word' id='word_1_626' title='bbox 1888 3572 1971 3618; x_wconf 85' lang='lat' dir='ltr'><strong>est</strong></span> <span class='ocrx_word' id='word_1_627' title='bbox 1993 3569 2308 3633; x_wconf 85' lang='lat' dir='ltr'><strong>paupertas,</strong></span> <span class='ocrx_word' id='word_1_628' title='bbox 2331 3569 2387 3618; x_wconf 88' lang='lat' dir='ltr'><strong>et</strong></span> <span class='ocrx_word' id='word_1_629' title='bbox 2415 3561 2571 3630; x_wconf 88' lang='lat' dir='ltr'><strong>quasi</strong></span> <span class='ocrx_word' id='word_1_630' title='bbox 2597 3561 2899 3618; x_wconf 89' lang='lat' dir='ltr'><strong>tentatione</strong></span> <span class='ocrx_word' id='word_1_631' title='bbox 2918 3561 3196 3632; x_wconf 87' lang='lat' dir='ltr'><strong>superior.</strong></span> <span class='ocrx_word' id='word_1_632' title='bbox 3229 3559 3383 3617; x_wconf 75' lang='lat' dir='ltr'><strong>Diae.</strong></span> <span class='ocrx_word' id='word_1_633' title='bbox 3399 3569 3497 3617; x_wconf 86' lang='lat' dir='ltr'><strong>uut</strong></span> 
     </span>
    </p>
   </div>
   <div class='ocr_carea' id='block_1_82' title="bbox 1889 3653 3497 3729">
    <p class='ocr_par' dir='ltr' id='par_1_82' title="bbox 1889 3653 3497 3729">
     <span class='ocr_line' id='line_1_82' title="bbox 1889 3653 3497 3729; baseline 0.001 -19"><span class='ocrx_word' id='word_1_634' title='bbox 1889 3666 2096 3727; x_wconf 83' lang='lat' dir='ltr'><strong>autem,</strong></span> <span class='ocrx_word' id='word_1_635' title='bbox 2132 3653 2332 3724; x_wconf 86' lang='lat' dir='ltr'><strong>inquit,</strong></span> <span class='ocrx_word' id='word_1_636' title='bbox 2366 3654 2420 3710; x_wconf 91' lang='lat' dir='ltr'><strong>hi</strong></span> <span class='ocrx_word' id='word_1_637' title='bbox 2447 3653 2541 3725; x_wconf 85' lang='lat' dir='ltr'><strong>qui</strong></span> <span class='ocrx_word' id='word_1_638' title='bbox 2573 3653 2910 3711; x_wconf 88' lang='lat' dir='ltr'><strong>audierant:</strong></span> <span class='ocrx_word' id='word_1_639' title='bbox 2945 3655 3083 3724; x_wconf 89' lang='lat' dir='ltr'><strong>Quis</strong></span> <span class='ocrx_word' id='word_1_640' title='bbox 3135 3655 3303 3726; x_wconf 84' lang='lat' dir='ltr'><strong>igitur</strong></span> <span class='ocrx_word' id='word_1_641' title='bbox 3338 3667 3497 3729; x_wconf 81' lang='lat' dir='ltr'><strong>pote-</strong></span> 
     </span>
    </p>
   </div>
   <div class='ocr_carea' id='block_1_83' title="bbox 1888 3746 3495 3822">
    <p class='ocr_par' dir='ltr' id='par_1_83' title="bbox 1888 3746 3495 3822">
     <span class='ocr_line' id='line_1_83' title="bbox 1888 3746 3495 3822; baseline 0 -17"><span class='ocrx_word' id='word_1_642' title='bbox 1888 3751 1961 3805; x_wconf 86' lang='lat' dir='ltr'><strong>rit</strong></span> <span class='ocrx_word' id='word_1_643' title='bbox 1996 3746 2232 3804; x_wconf 80' lang='lat' dir='ltr'><strong>salvari?</strong></span> <span class='ocrx_word' id='word_1_644' title='bbox 2268 3749 2340 3803; x_wconf 84' lang='lat' dir='ltr'><strong>At</strong></span> <span class='ocrx_word' id='word_1_645' title='bbox 2369 3746 2458 3804; x_wconf 91' lang='lat' dir='ltr'><strong>ille</strong></span> <span class='ocrx_word' id='word_1_646' title='bbox 2486 3746 2626 3803; x_wconf 88' lang='lat' dir='ltr'><strong>dixit</strong></span> <span class='ocrx_word' id='word_1_647' title='bbox 2656 3765 2673 3803; x_wconf 87' lang='lat'><strong>:</strong></span> <span class='ocrx_word' id='word_1_648' title='bbox 2710 3766 2729 3800; x_wconf 78' lang='grc' dir='ltr'><strong>ι</strong></span> <span class='ocrx_word' id='word_1_649' title='bbox 2762 3747 2894 3815; x_wconf 65' lang='lat' dir='ltr'><strong>Quae</strong></span> <span class='ocrx_word' id='word_1_650' title='bbox 2939 3747 3298 3818; x_wconf 86' lang='lat' dir='ltr'><strong>impossibilia</strong></span> <span class='ocrx_word' id='word_1_651' title='bbox 3350 3751 3495 3822; x_wconf 86' lang='lat' dir='ltr'><strong>apud</strong></span> 
     </span>
    </p>
   </div>
   <div class='ocr_carea' id='block_1_84' title="bbox 1890 3839 3495 3910">
    <p class='ocr_par' dir='ltr' id='par_1_84' title="bbox 1890 3839 3495 3910">
     <span class='ocr_line' id='line_1_84' title="bbox 1890 3839 3495 3910; baseline 0.002 -16"><span class='ocrx_word' id='word_1_652' title='bbox 1890 3839 2141 3894; x_wconf 88' lang='lat' dir='ltr'><strong>homines</strong></span> <span class='ocrx_word' id='word_1_653' title='bbox 2191 3847 2344 3906; x_wconf 89' lang='lat' dir='ltr'><strong>sunt,</strong></span> <span class='ocrx_word' id='word_1_654' title='bbox 2396 3839 2680 3909; x_wconf 82' lang='lat' dir='ltr'><strong>possibilia</strong></span> <span class='ocrx_word' id='word_1_655' title='bbox 2731 3848 2858 3896; x_wconf 91' lang='lat' dir='ltr'><strong>sunt</strong></span> <span class='ocrx_word' id='word_1_656' title='bbox 2911 3841 3054 3910; x_wconf 89' lang='lat' dir='ltr'><strong>apud</strong></span> <span class='ocrx_word' id='word_1_657' title='bbox 3106 3840 3301 3897; x_wconf 89' lang='lat' dir='ltr'><strong>Deum.</strong></span> <span class='ocrx_word' id='word_1_658' title='bbox 3339 3861 3358 3896; x_wconf 78' lang='grc' dir='ltr'><strong>ι</strong></span> <span class='ocrx_word' id='word_1_659' title='bbox 3392 3843 3495 3910; x_wconf 75' lang='grc' dir='ltr'><strong>ριιί</strong></span> 
     </span>
    </p>
   </div>
   <div class='ocr_carea' id='block_1_85' title="bbox 1888 3928 3498 4003">
    <p class='ocr_par' dir='ltr' id='par_1_85' title="bbox 1888 3928 3498 4003">
     <span class='ocr_line' id='line_1_85' title="bbox 1888 3928 3498 4003; baseline 0.002 -18"><span class='ocrx_word' id='word_1_660' title='bbox 1888 3930 2035 3985; x_wconf 90' lang='lat' dir='ltr'><strong>enim</strong></span> <span class='ocrx_word' id='word_1_661' title='bbox 2079 3928 2284 3986; x_wconf 87' lang='lat' dir='ltr'><strong>habent</strong></span> <span class='ocrx_word' id='word_1_662' title='bbox 2332 3939 2572 3986; x_wconf 88' lang='lat' dir='ltr'><strong>mentem</strong></span> <span class='ocrx_word' id='word_1_663' title='bbox 2618 3930 2915 3985; x_wconf 87' lang='lat' dir='ltr'><strong>humanam</strong></span> <span class='ocrx_word' id='word_1_664' title='bbox 2966 3946 3088 4003; x_wconf 64' lang='lat' dir='ltr'><strong>qua:</strong></span> <span class='ocrx_word' id='word_1_665' title='bbox 3118 3933 3187 3988; x_wconf 89' lang='lat' dir='ltr'><strong>ad</strong></span> <span class='ocrx_word' id='word_1_666' title='bbox 3234 3933 3498 3990; x_wconf 85' lang='lat' dir='ltr'><strong>inferiora</strong></span> 
     </span>
    </p>
   </div>
   <div class='ocr_carea' id='block_1_86' title="bbox 1889 4020 3494 4095">
    <p class='ocr_par' dir='ltr' id='par_1_86' title="bbox 1889 4020 3494 4095">
     <span class='ocr_line' id='line_1_86' title="bbox 1889 4020 3494 4095; baseline 0.001 -19"><span class='ocrx_word' id='word_1_667' title='bbox 1889 4024 2087 4093; x_wconf 86' lang='lat' dir='ltr'><strong>vergit,</strong></span> <span class='ocrx_word' id='word_1_668' title='bbox 2118 4030 2176 4078; x_wconf 86' lang='lat' dir='ltr'><strong>et</strong></span> <span class='ocrx_word' id='word_1_669' title='bbox 2236 4030 2457 4078; x_wconf 88' lang='lat' dir='ltr'><strong>terrena</strong></span> <span class='ocrx_word' id='word_1_670' title='bbox 2506 4020 2805 4088; x_wconf 79' lang='lat' dir='ltr'><strong>desiderat,</strong></span> <span class='ocrx_word' id='word_1_671' title='bbox 2861 4021 3065 4078; x_wconf 86' lang='lat' dir='ltr'><strong>salvari</strong></span> <span class='ocrx_word' id='word_1_672' title='bbox 3103 4039 3209 4079; x_wconf 91' lang='lat' dir='ltr'><strong>non</strong></span> <span class='ocrx_word' id='word_1_673' title='bbox 3243 4037 3494 4095; x_wconf 79' lang='lat' dir='ltr'><strong>possunt,</strong></span> 
     </span>
    </p>
   </div>
   <div class='ocr_carea' id='block_1_87' title="bbox 1888 4115 3499 4187">
    <p class='ocr_par' dir='ltr' id='par_1_87' title="bbox 1888 4115 3499 4187">
     <span class='ocr_line' id='line_1_87' title="bbox 1888 4115 3499 4187; baseline -0.002 -14"><span class='ocrx_word' id='word_1_674' title='bbox 1888 4118 2032 4173; x_wconf 88' lang='lat' dir='ltr'><strong>sicut</strong></span> <span class='ocrx_word' id='word_1_675' title='bbox 2081 4116 2287 4174; x_wconf 91' lang='lat' dir='ltr'><strong>dictum</strong></span> <span class='ocrx_word' id='word_1_676' title='bbox 2335 4124 2440 4173; x_wconf 90' lang='lat' dir='ltr'><strong>est.</strong></span> <span class='ocrx_word' id='word_1_677' title='bbox 2497 4115 2608 4172; x_wconf 88' lang='lat' dir='ltr'><strong>Deo</strong></span> <span class='ocrx_word' id='word_1_678' title='bbox 2661 4126 2848 4171; x_wconf 88' lang='lat' dir='ltr'><strong>autem</strong></span> <span class='ocrx_word' id='word_1_679' title='bbox 2900 4117 3181 4187; x_wconf 79' lang='lat' dir='ltr'><strong>possibile.</strong></span> <span class='ocrx_word' id='word_1_680' title='bbox 3234 4118 3340 4174; x_wconf 92' lang='lat' dir='ltr'><strong>hoc</strong></span> <span class='ocrx_word' id='word_1_681' title='bbox 3388 4132 3499 4185; x_wconf 74' lang='grc' dir='ltr'><strong>εει,</strong></span> 
     </span>
    </p>
   </div>
   <div class='ocr_carea' id='block_1_88' title="bbox 1887 4206 3499 4283">
    <p class='ocr_par' dir='ltr' id='par_1_88' title="bbox 1887 4206 3499 4283">
     <span class='ocr_line' id='line_1_88' title="bbox 1887 4206 3499 4283; baseline 0 -17"><span class='ocrx_word' id='word_1_682' title='bbox 1887 4209 2110 4283; x_wconf 85' lang='lat' dir='ltr'><strong>quando</strong></span> <span class='ocrx_word' id='word_1_683' title='bbox 2140 4209 2264 4280; x_wconf 85' lang='lat' dir='ltr'><strong>quis</strong></span> <span class='ocrx_word' id='word_1_684' title='bbox 2296 4206 2677 4266; x_wconf 86' lang='lat' dir='ltr'><strong>consiliarium</strong></span> <span class='ocrx_word' id='word_1_685' title='bbox 2713 4207 2878 4270; x_wconf 82' lang='lat' dir='ltr'><strong>habet</strong></span> <span class='ocrx_word' id='word_1_686' title='bbox 2910 4208 3105 4276; x_wconf 93' lang='lat' dir='ltr'><strong>Deum,</strong></span> <span class='ocrx_word' id='word_1_687' title='bbox 3139 4219 3195 4265; x_wconf 93' lang='lat' dir='ltr'><strong>et</strong></span> <span class='ocrx_word' id='word_1_688' title='bbox 3227 4208 3499 4279; x_wconf 79' lang='lat' dir='ltr'><strong>iustiﬁca-</strong></span> 
     </span>
    </p>
   </div>
   <div class='ocr_carea' id='block_1_89' title="bbox 1891 4296 3501 4371">
    <p class='ocr_par' dir='ltr' id='par_1_89' title="bbox 1891 4296 3501 4371">
     <span class='ocr_line' id='line_1_89' title="bbox 1891 4296 3501 4371; baseline 0.001 -14"><span class='ocrx_word' id='word_1_689' title='bbox 1891 4302 2071 4358; x_wconf 87' lang='lat' dir='ltr'><strong>tiones</strong></span> <span class='ocrx_word' id='word_1_690' title='bbox 2104 4300 2220 4370; x_wconf 88' lang='lat' dir='ltr'><strong>Dei,</strong></span> <span class='ocrx_word' id='word_1_691' title='bbox 2252 4308 2308 4357; x_wconf 88' lang='lat' dir='ltr'><strong>et</strong></span> <span class='ocrx_word' id='word_1_692' title='bbox 2353 4299 2615 4356; x_wconf 87' lang='lat' dir='ltr'><strong>mandata</strong></span> <span class='ocrx_word' id='word_1_693' title='bbox 2668 4296 2915 4371; x_wconf 77' lang='lat' dir='ltr'><strong>Magistri</strong></span> <span class='ocrx_word' id='word_1_694' title='bbox 2946 4299 3013 4357; x_wconf 89' lang='lat' dir='ltr'><strong>de</strong></span> <span class='ocrx_word' id='word_1_695' title='bbox 3048 4310 3371 4371; x_wconf 89' lang='lat' dir='ltr'><strong>paupertate</strong></span> <span class='ocrx_word' id='word_1_696' title='bbox 3405 4317 3501 4359; x_wconf 62' lang='lat' dir='ltr'><strong>suo</strong></span> 
     </span>
    </p>
   </div>
   <div class='ocr_carea' id='block_1_90' title="bbox 1891 4392 3507 4467">
    <p class='ocr_par' dir='ltr' id='par_1_90' title="bbox 1891 4392 3507 4467">
     <span class='ocr_line' id='line_1_90' title="bbox 1891 4392 3507 4467; baseline -0.002 -13"><span class='ocrx_word' id='word_1_697' title='bbox 1891 4396 2074 4467; x_wconf 89' lang='lat' dir='ltr'><strong>scipit,</strong></span> <span class='ocrx_word' id='word_1_698' title='bbox 2103 4404 2159 4452; x_wconf 92' lang='lat' dir='ltr'><strong>et</strong></span> <span class='ocrx_word' id='word_1_699' title='bbox 2183 4393 2329 4451; x_wconf 87' lang='lat' dir='ltr'><strong>illius</strong></span> <span class='ocrx_word' id='word_1_700' title='bbox 2361 4395 2582 4451; x_wconf 87' lang='lat' dir='ltr'><strong>invocat</strong></span> <span class='ocrx_word' id='word_1_701' title='bbox 2606 4392 2908 4460; x_wconf 89' lang='lat' dir='ltr'><strong>auxilium;</strong></span> <span class='ocrx_word' id='word_1_702' title='bbox 2944 4394 3208 4464; x_wconf 86' lang='lat' dir='ltr'><strong>possibile</strong></span> <span class='ocrx_word' id='word_1_703' title='bbox 3236 4396 3385 4450; x_wconf 88' lang='lat' dir='ltr'><strong>enim</strong></span> <span class='ocrx_word' id='word_1_704' title='bbox 3416 4408 3507 4452; x_wconf 86' lang='lat' dir='ltr'><strong>cst</strong></span> 
     </span>
    </p>
   </div>
   <div class='ocr_carea' id='block_1_91' title="bbox 1890 4484 3495 4554">
    <p class='ocr_par' dir='ltr' id='par_1_91' title="bbox 1890 4484 3495 4554">
     <span class='ocr_line' id='line_1_91' title="bbox 1890 4484 3495 4554; baseline -0.004 -6"><span class='ocrx_word' id='word_1_705' title='bbox 1890 4494 2019 4548; x_wconf 83' lang='lat' dir='ltr'><strong>hoc.</strong></span> <span class='ocrx_word' id='word_1_706' title='bbox 2067 4487 2331 4546; x_wconf 83' lang='lat' dir='ltr'><strong>Nostrum</strong></span> <span class='ocrx_word' id='word_1_707' title='bbox 2382 4492 2470 4544; x_wconf 81' lang='lat' dir='ltr'><strong>est</strong></span> <span class='ocrx_word' id='word_1_708' title='bbox 2510 4486 2659 4544; x_wconf 86' lang='lat' dir='ltr'><strong>enim</strong></span> <span class='ocrx_word' id='word_1_709' title='bbox 2709 4484 2849 4543; x_wconf 88' lang='lat' dir='ltr'><strong>velle</strong></span> <span class='ocrx_word' id='word_1_710' title='bbox 2884 4485 3116 4554; x_wconf 90' lang='lat' dir='ltr'><strong>bonum,</strong></span> <span class='ocrx_word' id='word_1_711' title='bbox 3167 4486 3264 4544; x_wconf 91' lang='lat' dir='ltr'><strong>Dei</strong></span> <span class='ocrx_word' id='word_1_712' title='bbox 3314 4497 3495 4545; x_wconf 86' lang='lat' dir='ltr'><strong>autem</strong></span> 
     </span>
    </p>
   </div>
   <div class='ocr_carea' id='block_1_92' title="bbox 187 4580 1783 4660">
    <p class='ocr_par' dir='ltr' id='par_1_92' title="bbox 187 4584 1783 4660">
     <span class='ocr_line' id='line_1_92' title="bbox 187 4584 1783 4660; baseline 0.005 -22"><span class='ocrx_word' id='word_1_713' title='bbox 187 4586 336 4659; x_wconf 85' lang='grc' dir='ltr'><strong>ρίαν,</strong></span> <span class='ocrx_word' id='word_1_714' title='bbox 386 4585 613 4640; x_wconf 81' lang='grc' dir='ltr'><strong>δυνατὸν</strong></span> <span class='ocrx_word' id='word_1_715' title='bbox 663 4584 817 4641; x_wconf 68' lang='grc' dir='ltr'><strong>ἔσται</strong></span> <span class='ocrx_word' id='word_1_716' title='bbox 870 4584 1053 4641; x_wconf 83' lang='grc' dir='ltr'><strong>τοῦτο·</strong></span> <span class='ocrx_word' id='word_1_717' title='bbox 1092 4586 1255 4658; x_wconf 88' lang='grc' dir='ltr'><strong>ήμῶν</strong></span> <span class='ocrx_word' id='word_1_718' title='bbox 1285 4588 1385 4659; x_wconf 77' lang='grc' dir='ltr'><strong>μὲν</strong></span> <span class='ocrx_word' id='word_1_719' title='bbox 1414 4588 1527 4660; x_wconf 83' lang='grc' dir='ltr'><strong>γάρ</strong></span> <span class='ocrx_word' id='word_1_720' title='bbox 1571 4590 1689 4645; x_wconf 77' lang='grc' dir='ltr'><strong>εστι</strong></span> <span class='ocrx_word' id='word_1_721' title='bbox 1723 4592 1783 4645; x_wconf 77' lang='grc' dir='ltr'><strong>τὸ</strong></span> 
     </span>
    </p>
   </div>
   <div class='ocr_carea' id='block_1_93' title="bbox 1887 4580 3499 4660">
    <p class='ocr_par' dir='ltr' id='par_1_93' title="bbox 1892 4580 3499 4656">
     <span class='ocr_line' id='line_1_93' title="bbox 1892 4580 3499 4656; baseline -0.002 -15"><span class='ocrx_word' id='word_1_722' title='bbox 1892 4584 2179 4656; x_wconf 82' lang='lat' dir='ltr'><strong>perlicere.</strong></span> <span class='ocrx_word' id='word_1_723' title='bbox 2231 4581 2302 4639; x_wconf 88' lang='lat' dir='ltr'><strong>Et</strong></span> <span class='ocrx_word' id='word_1_724' title='bbox 2341 4580 2505 4639; x_wconf 88' lang='lat' dir='ltr'><strong>aliter</strong></span> <span class='ocrx_word' id='word_1_725' title='bbox 2548 4599 2565 4638; x_wconf 87' lang='lat'><strong>:</strong></span> <span class='ocrx_word' id='word_1_726' title='bbox 2613 4581 2659 4636; x_wconf 91' lang='lat' dir='ltr'><strong>si</strong></span> <span class='ocrx_word' id='word_1_727' title='bbox 2708 4580 2930 4651; x_wconf 89' lang='lat' dir='ltr'><strong>quidem</strong></span> <span class='ocrx_word' id='word_1_728' title='bbox 2988 4581 3499 4638; x_wconf 68' lang='lat' dir='ltr'><strong>transcendet-imus</strong></span> 
     </span>
    </p>
   </div>
   <div class='ocr_carea' id='block_1_94' title="bbox 182 4676 1784 4751">
    <p class='ocr_par' dir='ltr' id='par_1_94' title="bbox 182 4676 1784 4751">
     <span class='ocr_line' id='line_1_94' title="bbox 182 4676 1784 4751; baseline 0.003 -16"><span class='ocrx_word' id='word_1_729' title='bbox 182 4676 414 4751; x_wconf 78' lang='grc' dir='ltr'><strong>θελῆσαι</strong></span> <span class='ocrx_word' id='word_1_730' title='bbox 460 4679 524 4733; x_wconf 71' lang='grc' dir='ltr'><strong>τὸ</strong></span> <span class='ocrx_word' id='word_1_731' title='bbox 576 4679 784 4749; x_wconf 81' lang='grc' dir='ltr'><strong>ἀγαθδν</strong></span> <span class='ocrx_word' id='word_1_732' title='bbox 812 4722 829 4748; x_wconf 88' lang='grc'><strong>,</strong></span> <span class='ocrx_word' id='word_1_733' title='bbox 870 4680 1007 4735; x_wconf 91' lang='grc' dir='ltr'><strong>Θεοῦ</strong></span> <span class='ocrx_word' id='word_1_734' title='bbox 1054 4680 1113 4736; x_wconf 75' lang='grc' dir='ltr'><strong>δὲ</strong></span> <span class='ocrx_word' id='word_1_735' title='bbox 1183 4683 1244 4735; x_wconf 84' lang='grc' dir='ltr'><strong>τὸ</strong></span> <span class='ocrx_word' id='word_1_736' title='bbox 1302 4681 1613 4738; x_wconf 84' lang='grc' dir='ltr'><strong>τελειῶσαι.</strong></span> <span class='ocrx_word' id='word_1_737' title='bbox 1672 4686 1784 4740; x_wconf 77' lang='grc' dir='ltr'><strong>Καὶ</strong></span> 
     </span>
    </p>
   </div>
   <div class='ocr_carea' id='block_1_95' title="bbox 182 4771 1776 4850">
    <p class='ocr_par' dir='ltr' id='par_1_95' title="bbox 182 4771 1776 4850">
     <span class='ocr_line' id='line_1_95' title="bbox 182 4771 1776 4850; baseline 0.004 -22"><span class='ocrx_word' id='word_1_738' title='bbox 182 4773 365 4838; x_wconf 76' lang='grc' dir='ltr'><strong>ἄλλως</strong></span> <span class='ocrx_word' id='word_1_739' title='bbox 419 4771 476 4827; x_wconf 69' lang='lat' dir='ltr'><strong>Bt</strong></span> <span class='ocrx_word' id='word_1_740' title='bbox 510 4773 674 4844; x_wconf 81' lang='grc' dir='ltr'><strong>εἰπερ</strong></span> <span class='ocrx_word' id='word_1_741' title='bbox 712 4773 1160 4846; x_wconf 79' lang='grc' dir='ltr'><strong>ὑπερανασάντες</strong></span> <span class='ocrx_word' id='word_1_742' title='bbox 1196 4776 1380 4831; x_wconf 79' lang='grc' dir='ltr'><strong>πᾶσαν</strong></span> <span class='ocrx_word' id='word_1_743' title='bbox 1421 4776 1776 4850; x_wconf 88' lang='grc' dir='ltr'><strong>ἀνθρωπίνην</strong></span> 
     </span>
    </p>
   </div>
   <div class='ocr_carea' id='block_1_96' title="bbox 180 4863 1781 4943">
    <p class='ocr_par' dir='ltr' id='par_1_96' title="bbox 180 4863 1781 4943">
     <span class='ocr_line' id='line_1_96' title="bbox 180 4863 1781 4943; baseline 0.005 -25"><span class='ocrx_word' id='word_1_744' title='bbox 180 4864 279 4918; x_wconf 65' lang='grc' dir='ltr'><strong>ἐπὶ</strong></span> <span class='ocrx_word' id='word_1_745' title='bbox 300 4863 379 4934; x_wconf 83' lang='grc' dir='ltr'><strong>τῷ</strong></span> <span class='ocrx_word' id='word_1_746' title='bbox 418 4863 638 4937; x_wconf 83' lang='grc' dir='ltr'><strong>πλούτῳ</strong></span> <span class='ocrx_word' id='word_1_747' title='bbox 660 4864 1026 4938; x_wconf 79' lang='grc' dir='ltr'><strong>μικροψυχίαν</strong></span> <span class='ocrx_word' id='word_1_748' title='bbox 1047 4906 1062 4929; x_wconf 90' lang='grc'><strong>,</strong></span> <span class='ocrx_word' id='word_1_749' title='bbox 1087 4866 1391 4939; x_wconf 86' lang='grc' dir='ltr'><strong>θελήσομεν</strong></span> <span class='ocrx_word' id='word_1_750' title='bbox 1414 4868 1604 4939; x_wconf 82' lang='grc' dir='ltr'><strong>φίλους</strong></span> <span class='ocrx_word' id='word_1_751' title='bbox 1643 4873 1781 4943; x_wconf 77' lang='grc' dir='ltr'><strong>ἡμῖν</strong></span> 
     </span>
    </p>
   </div>
   <div class='ocr_carea' id='block_1_97' title="bbox 180 4957 1784 5037">
    <p class='ocr_par' dir='ltr' id='par_1_97' title="bbox 180 4957 1784 5037">
     <span class='ocr_line' id='line_1_97' title="bbox 180 4957 1784 5037; baseline 0.005 -26"><span class='ocrx_word' id='word_1_752' title='bbox 180 4957 388 5022; x_wconf 79' lang='grc' dir='ltr'><strong>αὐτοὺς</strong></span> <span class='ocrx_word' id='word_1_753' title='bbox 402 4957 625 5029; x_wconf 76' lang='grc' dir='ltr'><strong>ποιῆσαι</strong></span> <span class='ocrx_word' id='word_1_754' title='bbox 657 4959 724 5012; x_wconf 67' lang='grc' dir='ltr'><strong>ἐκ</strong></span> <span class='ocrx_word' id='word_1_755' title='bbox 750 4957 847 5011; x_wconf 82' lang='grc' dir='ltr'><strong>τοῦ</strong></span> <span class='ocrx_word' id='word_1_756' title='bbox 876 4960 1126 5031; x_wconf 72' lang='grc' dir='ltr'><strong>μαμωνᾶ</strong></span> <span class='ocrx_word' id='word_1_757' title='bbox 1145 4962 1244 5032; x_wconf 80' lang='grc' dir='ltr'><strong>τῆς</strong></span> <span class='ocrx_word' id='word_1_758' title='bbox 1270 4961 1506 5029; x_wconf 83' lang='grc' dir='ltr'><strong>ἀδικίας,</strong></span> <span class='ocrx_word' id='word_1_759' title='bbox 1538 4965 1784 5037; x_wconf 86' lang='grc' dir='ltr'><strong>σωθησό-</strong></span> 
     </span>
    </p>
   </div>
   <div class='ocr_carea' id='block_1_98' title="bbox 184 5050 1784 5132">
    <p class='ocr_par' dir='ltr' id='par_1_98' title="bbox 184 5050 1784 5132">
     <span class='ocr_line' id='line_1_98' title="bbox 184 5050 1784 5132; baseline 0.005 -28"><span class='ocrx_word' id='word_1_760' title='bbox 184 5050 351 5123; x_wconf 81' lang='grc' dir='ltr'><strong>μεθα,</strong></span> <span class='ocrx_word' id='word_1_761' title='bbox 386 5051 483 5105; x_wconf 80' lang='grc' dir='ltr'><strong>ὑπ’</strong></span> <span class='ocrx_word' id='word_1_762' title='bbox 511 5052 697 5106; x_wconf 82' lang='grc' dir='ltr'><strong>αὐτῶν</strong></span> <span class='ocrx_word' id='word_1_763' title='bbox 725 5054 807 5118; x_wconf 91' lang='grc' dir='ltr'><strong>εἰς</strong></span> <span class='ocrx_word' id='word_1_764' title='bbox 830 5052 931 5118; x_wconf 78' lang='grc' dir='ltr'><strong>τὰς</strong></span> <span class='ocrx_word' id='word_1_765' title='bbox 956 5053 1214 5119; x_wconf 76' lang='grc' dir='ltr'><strong>αἰωνίους</strong></span> <span class='ocrx_word' id='word_1_766' title='bbox 1245 5055 1456 5127; x_wconf 83' lang='grc' dir='ltr'><strong>σκηνὰς</strong></span> <span class='ocrx_word' id='word_1_767' title='bbox 1485 5075 1784 5132; x_wconf 85' lang='grc' dir='ltr'><strong>παραπεμ-</strong></span> 
     </span>
    </p>
   </div>
   <div class='ocr_carea' id='block_1_99' title="bbox 184 5142 1783 5221">
    <p class='ocr_par' dir='ltr' id='par_1_99' title="bbox 184 5142 1783 5221">
     <span class='ocr_line' id='line_1_99' title="bbox 184 5142 1783 5221; baseline 0.005 -24"><span class='ocrx_word' id='word_1_768' title='bbox 184 5142 439 5213; x_wconf 77' lang='grc' dir='ltr'><strong>πόμενοι.</strong></span> <span class='ocrx_word' id='word_1_769' title='bbox 478 5142 701 5199; x_wconf 69' lang='grc' dir='ltr'><strong>Βέλτιον</strong></span> <span class='ocrx_word' id='word_1_770' title='bbox 752 5145 854 5216; x_wconf 68' lang='grc' dir='ltr'><strong>μὲν</strong></span> <span class='ocrx_word' id='word_1_771' title='bbox 883 5145 994 5219; x_wconf 80' lang='grc' dir='ltr'><strong>γὰρ</strong></span> <span class='ocrx_word' id='word_1_772' title='bbox 1022 5145 1119 5201; x_wconf 76' lang='grc' dir='ltr'><strong>ὲάν</strong></span> <span class='ocrx_word' id='word_1_773' title='bbox 1150 5146 1332 5202; x_wconf 89' lang='grc' dir='ltr'><strong>πάντα</strong></span> <span class='ocrx_word' id='word_1_774' title='bbox 1370 5148 1696 5221; x_wconf 82' lang='grc' dir='ltr'><strong>προώμεθα,</strong></span> <span class='ocrx_word' id='word_1_775' title='bbox 1731 5153 1783 5205; x_wconf 85' lang='grc' dir='ltr'><strong>εἰ</strong></span> 
     </span>
    </p>
   </div>
   <div class='ocr_carea' id='block_1_100' title="bbox 181 5233 1783 5311">
    <p class='ocr_par' dir='ltr' id='par_1_100' title="bbox 181 5233 1783 5311">
     <span class='ocr_line' id='line_1_100' title="bbox 181 5233 1783 5311; baseline 0.004 -24"><span class='ocrx_word' id='word_1_776' title='bbox 181 5233 239 5287; x_wconf 63' lang='grc' dir='ltr'><strong>δὲ</strong></span> <span class='ocrx_word' id='word_1_777' title='bbox 279 5233 355 5305; x_wconf 82' lang='grc' dir='ltr'><strong>μὴ</strong></span> <span class='ocrx_word' id='word_1_778' title='bbox 386 5233 587 5302; x_wconf 79' lang='grc' dir='ltr'><strong>πάντα,</strong></span> <span class='ocrx_word' id='word_1_779' title='bbox 623 5236 1011 5308; x_wconf 85' lang='grc' dir='ltr'><strong>συμμεριστάς</strong></span> <span class='ocrx_word' id='word_1_780' title='bbox 1036 5235 1171 5304; x_wconf 79' lang='grc' dir='ltr'><strong>γοῦν</strong></span> <span class='ocrx_word' id='word_1_781' title='bbox 1200 5238 1427 5308; x_wconf 83' lang='grc' dir='ltr'><strong>ποιῆσαι</strong></span> <span class='ocrx_word' id='word_1_782' title='bbox 1458 5239 1586 5304; x_wconf 84' lang='grc' dir='ltr'><strong>τοὺς</strong></span> <span class='ocrx_word' id='word_1_783' title='bbox 1614 5239 1783 5311; x_wconf 78' lang='grc' dir='ltr'><strong>πένη-</strong></span> 
     </span>
    </p>
   </div>
   <div class='ocr_carea' id='block_1_101' title="bbox 182 5325 1784 5400">
    <p class='ocr_par' dir='ltr' id='par_1_101' title="bbox 182 5325 1784 5400">
     <span class='ocr_line' id='line_1_101' title="bbox 182 5325 1784 5400; baseline 0.005 -20"><span class='ocrx_word' id='word_1_784' title='bbox 182 5342 307 5391; x_wconf 86' lang='grc' dir='ltr'><strong>τας,</strong></span> <span class='ocrx_word' id='word_1_785' title='bbox 340 5327 438 5381; x_wconf 68' lang='grc' dir='ltr'><strong>καὶ</strong></span> <span class='ocrx_word' id='word_1_786' title='bbox 465 5325 643 5393; x_wconf 77' lang='grc' dir='ltr'><strong>οὕτως</strong></span> <span class='ocrx_word' id='word_1_787' title='bbox 670 5328 734 5382; x_wconf 82' lang='grc' dir='ltr'><strong>τὸ</strong></span> <span class='ocrx_word' id='word_1_788' title='bbox 766 5328 1033 5384; x_wconf 90' lang='grc' dir='ltr'><strong>ἀδύνατον</strong></span> <span class='ocrx_word' id='word_1_789' title='bbox 1071 5328 1302 5395; x_wconf 74' lang='grc' dir='ltr'><strong>δυνατὸν</strong></span> <span class='ocrx_word' id='word_1_790' title='bbox 1343 5330 1578 5400; x_wconf 88' lang='grc' dir='ltr'><strong>γίνεται.</strong></span> <span class='ocrx_word' id='word_1_791' title='bbox 1624 5332 1784 5388; x_wconf 77' lang='grc' dir='ltr'><strong>’Δδύο</strong></span> 
     </span>
    </p>
   </div>
   <div class='ocr_carea' id='block_1_102' title="bbox 183 5418 1779 5495">
    <p class='ocr_par' dir='ltr' id='par_1_102' title="bbox 183 5418 1779 5495">
     <span class='ocr_line' id='line_1_102' title="bbox 183 5418 1779 5495; baseline 0.003 -22"><span class='ocrx_word' id='word_1_792' title='bbox 183 5434 350 5473; x_wconf 83' lang='grc' dir='ltr'><strong>νατον</strong></span> <span class='ocrx_word' id='word_1_793' title='bbox 395 5418 499 5487; x_wconf 75' lang='grc' dir='ltr'><strong>μὶν</strong></span> <span class='ocrx_word' id='word_1_794' title='bbox 542 5420 653 5491; x_wconf 83' lang='lat'><strong>7&amp;9</strong></span> <span class='ocrx_word' id='word_1_795' title='bbox 694 5419 789 5474; x_wconf 78' lang='grc' dir='ltr'><strong>τὸν</strong></span> <span class='ocrx_word' id='word_1_796' title='bbox 838 5419 913 5492; x_wconf 81' lang='grc' dir='ltr'><strong>μὴ</strong></span> <span class='ocrx_word' id='word_1_797' title='bbox 948 5422 1130 5475; x_wconf 80' lang='grc' dir='ltr'><strong>πάντα</strong></span> <span class='ocrx_word' id='word_1_798' title='bbox 1181 5421 1491 5495; x_wconf 76' lang='grc' dir='ltr'><strong>προέμενον</strong></span> <span class='ocrx_word' id='word_1_799' title='bbox 1516 5421 1779 5495; x_wconf 85' lang='grc' dir='ltr'><strong>σωθῆναι,</strong></span> 
     </span>
    </p>
   </div>
   <div class='ocr_carea' id='block_1_103' title="bbox 184 5511 1781 5589">
    <p class='ocr_par' dir='ltr' id='par_1_103' title="bbox 184 5511 1781 5589">
     <span class='ocr_line' id='line_1_103' title="bbox 184 5511 1781 5589; baseline 0.003 -22"><span class='ocrx_word' id='word_1_800' title='bbox 184 5512 329 5584; x_wconf 80' lang='grc' dir='ltr'><strong>πλὴν</strong></span> <span class='ocrx_word' id='word_1_801' title='bbox 359 5511 449 5566; x_wconf 85' lang='grc' dir='ltr'><strong>διά</strong></span> <span class='ocrx_word' id='word_1_802' title='bbox 485 5512 904 5585; x_wconf 80' lang='grc' dir='ltr'><strong>φιλανθρωπίαν</strong></span> <span class='ocrx_word' id='word_1_803' title='bbox 933 5514 1069 5569; x_wconf 81' lang='grc' dir='ltr'><strong>Θεοῦ</strong></span> <span class='ocrx_word' id='word_1_804' title='bbox 1093 5514 1305 5585; x_wconf 86' lang='grc' dir='ltr'><strong>γίνεται</strong></span> <span class='ocrx_word' id='word_1_805' title='bbox 1327 5516 1421 5570; x_wconf 73' lang='grc' dir='ltr'><strong>καὶ</strong></span> <span class='ocrx_word' id='word_1_806' title='bbox 1445 5515 1508 5571; x_wconf 82' lang='grc' dir='ltr'><strong>τὸ</strong></span> <span class='ocrx_word' id='word_1_807' title='bbox 1532 5519 1781 5589; x_wconf 84' lang='grc' dir='ltr'><strong>μερικῶς</strong></span> 
     </span>
    </p>
   </div>
   <div class='ocr_carea' id='block_1_104' title="bbox 187 5592 1781 5681">
    <p class='ocr_par' dir='ltr' id='par_1_104' title="bbox 187 5592 1781 5681">
     <span class='ocr_line' id='line_1_104' title="bbox 187 5592 1781 5681; baseline 0.004 -22"><span class='ocrx_word' id='word_1_808' title='bbox 187 5604 518 5677; x_wconf 77' lang='grc' dir='ltr'><strong>μεταδοῦναι</strong></span> <span class='ocrx_word' id='word_1_809' title='bbox 566 5607 647 5670; x_wconf 79' lang='grc' dir='ltr'><strong>εἰς</strong></span> <span class='ocrx_word' id='word_1_810' title='bbox 681 5606 955 5677; x_wconf 70' lang='grc' dir='ltr'><strong>ὠφέλειαν</strong></span> <span class='ocrx_word' id='word_1_811' title='bbox 1005 5592 1294 5678; x_wconf 70' lang='grc' dir='ltr'><strong>ἀνάλογον.</strong></span> <span class='ocrx_word' id='word_1_812' title='bbox 1354 5607 1500 5681; x_wconf 70' lang='grc' dir='ltr'><strong>Πρὸς</strong></span> <span class='ocrx_word' id='word_1_813' title='bbox 1546 5610 1725 5665; x_wconf 84' lang='grc' dir='ltr'><strong>ταῦτα</strong></span> <span class='ocrx_word' id='word_1_814' title='bbox 1752 5612 1781 5665; x_wconf 94' lang='lat'><strong>6</strong></span> 
     </span>
    </p>
   </div>
   <div class='ocr_carea' id='block_1_105' title="bbox 182 5698 1787 5772">
    <p class='ocr_par' dir='ltr' id='par_1_105' title="bbox 182 5698 1787 5772">
     <span class='ocr_line' id='line_1_105' title="bbox 182 5698 1787 5772; baseline 0.002 -19"><span class='ocrx_word' id='word_1_815' title='bbox 182 5699 392 5770; x_wconf 71' lang='grc' dir='ltr'><strong>Πέτρος</strong></span> <span class='ocrx_word' id='word_1_816' title='bbox 441 5698 657 5771; x_wconf 63' lang='grc' dir='ltr'><strong>ἐρωτᾷ·</strong></span> <span class='ocrx_word' id='word_1_817' title='bbox 692 5698 828 5753; x_wconf 79' lang='grc' dir='ltr'><strong>Ἰδοὺ</strong></span> <span class='ocrx_word' id='word_1_818' title='bbox 875 5700 1039 5770; x_wconf 77' lang='grc' dir='ltr'><strong>ἡμεῖς</strong></span> <span class='ocrx_word' id='word_1_819' title='bbox 1093 5700 1389 5772; x_wconf 79' lang='grc' dir='ltr'><strong>ἀφήκαμεν</strong></span> <span class='ocrx_word' id='word_1_820' title='bbox 1437 5700 1658 5756; x_wconf 77' lang='grc' dir='ltr'><strong>πάντα·</strong></span> <span class='ocrx_word' id='word_1_821' title='bbox 1691 5703 1787 5757; x_wconf 82' lang='grc' dir='ltr'><strong>καὶ</strong></span> 
     </span>
    </p>
   </div>
   <div class='ocr_carea' id='block_1_106' title="bbox 183 5792 1785 5869">
    <p class='ocr_par' dir='ltr' id='par_1_106' title="bbox 183 5792 1785 5869">
     <span class='ocr_line' id='line_1_106' title="bbox 183 5792 1785 5869; baseline 0.003 -24"><span class='ocrx_word' id='word_1_822' title='bbox 183 5793 367 5865; x_wconf 74' lang='grc' dir='ltr'><strong>ἐρωτᾷ</strong></span> <span class='ocrx_word' id='word_1_823' title='bbox 394 5792 494 5866; x_wconf 84' lang='grc' dir='ltr'><strong>οὐχ</strong></span> <span class='ocrx_word' id='word_1_824' title='bbox 540 5792 684 5867; x_wconf 71' lang='grc' dir='ltr'><strong>ὑπὲρ</strong></span> <span class='ocrx_word' id='word_1_825' title='bbox 743 5792 943 5850; x_wconf 70' lang='grc' dir='ltr'><strong>ἑαυτοῦ</strong></span> <span class='ocrx_word' id='word_1_826' title='bbox 1004 5793 1189 5865; x_wconf 85' lang='grc' dir='ltr'><strong>μόνον,</strong></span> <span class='ocrx_word' id='word_1_827' title='bbox 1239 5793 1378 5849; x_wconf 83' lang='grc' dir='ltr'><strong>ἀλλὰ</strong></span> <span class='ocrx_word' id='word_1_828' title='bbox 1423 5795 1561 5867; x_wconf 80' lang='grc' dir='ltr'><strong>πρὸς</strong></span> <span class='ocrx_word' id='word_1_829' title='bbox 1602 5810 1785 5869; x_wconf 83' lang='grc' dir='ltr'><strong>παρα-</strong></span> 
     </span>
    </p>
   </div>
   <div class='ocr_carea' id='block_1_107' title="bbox 189 5884 1782 5961">
    <p class='ocr_par' dir='ltr' id='par_1_107' title="bbox 189 5884 1782 5961">
     <span class='ocr_line' id='line_1_107' title="bbox 189 5884 1782 5961; baseline 0.003 -22"><span class='ocrx_word' id='word_1_830' title='bbox 189 5884 389 5957; x_wconf 76' lang='grc' dir='ltr'><strong>μυθίαν</strong></span> <span class='ocrx_word' id='word_1_831' title='bbox 461 5885 687 5943; x_wconf 76' lang='grc' dir='ltr'><strong>πάντων</strong></span> <span class='ocrx_word' id='word_1_832' title='bbox 738 5887 850 5944; x_wconf 83' lang='grc' dir='ltr'><strong>τῶν</strong></span> <span class='ocrx_word' id='word_1_833' title='bbox 914 5887 1188 5961; x_wconf 83' lang='grc' dir='ltr'><strong>πενήτων.</strong></span> <span class='ocrx_word' id='word_1_834' title='bbox 1246 5888 1365 5943; x_wconf 81' lang='grc' dir='ltr'><strong>Ἵνα</strong></span> <span class='ocrx_word' id='word_1_835' title='bbox 1417 5888 1526 5959; x_wconf 88' lang='lat'><strong>7&amp;9</strong></span> <span class='ocrx_word' id='word_1_836' title='bbox 1601 5887 1678 5961; x_wconf 81' lang='grc' dir='ltr'><strong>μή</strong></span> <span class='ocrx_word' id='word_1_837' title='bbox 1730 5890 1782 5944; x_wconf 82' lang='grc' dir='ltr'><strong>οἰ</strong></span> 
     </span>
    </p>
   </div>
   <div class='ocr_carea' id='block_1_108' title="bbox 1893 4673 3500 4747">
    <p class='ocr_par' dir='ltr' id='par_1_108' title="bbox 1893 4673 3500 4747">
     <span class='ocr_line' id='line_1_108' title="bbox 1893 4673 3500 4747; baseline -0.001 -12"><span class='ocrx_word' id='word_1_838' title='bbox 1893 4678 2192 4747; x_wconf 83' lang='lat' dir='ltr'><strong>humanam</strong></span> <span class='ocrx_word' id='word_1_839' title='bbox 2222 4677 2371 4733; x_wconf 91' lang='lat' dir='ltr'><strong>illam</strong></span> <span class='ocrx_word' id='word_1_840' title='bbox 2394 4674 2772 4732; x_wconf 80' lang='lat' dir='ltr'><strong>infirmitatem</strong></span> <span class='ocrx_word' id='word_1_841' title='bbox 2796 4673 3051 4740; x_wconf 89' lang='lat' dir='ltr'><strong>divitum,</strong></span> <span class='ocrx_word' id='word_1_842' title='bbox 3082 4682 3136 4731; x_wconf 92' lang='lat' dir='ltr'><strong>et</strong></span> <span class='ocrx_word' id='word_1_843' title='bbox 3164 4675 3500 4733; x_wconf 82' lang='lat' dir='ltr'><strong>voluerimus</strong></span> 
     </span>
    </p>
   </div>
   <div class='ocr_carea' id='block_1_109' title="bbox 1892 4768 3501 4838">
    <p class='ocr_par' dir='ltr' id='par_1_109' title="bbox 1892 4768 3501 4838">
     <span class='ocr_line' id='line_1_109' title="bbox 1892 4768 3501 4838; baseline -0.001 -11"><span class='ocrx_word' id='word_1_844' title='bbox 1892 4771 2053 4828; x_wconf 89' lang='lat' dir='ltr'><strong>nobis</strong></span> <span class='ocrx_word' id='word_1_845' title='bbox 2076 4771 2262 4828; x_wconf 87' lang='lat' dir='ltr'><strong>facere</strong></span> <span class='ocrx_word' id='word_1_846' title='bbox 2291 4770 2503 4825; x_wconf 89' lang='lat' dir='ltr'><strong>amicos</strong></span> <span class='ocrx_word' id='word_1_847' title='bbox 2537 4782 2603 4825; x_wconf 85' lang='lat' dir='ltr'><strong>ex</strong></span> <span class='ocrx_word' id='word_1_848' title='bbox 2635 4782 2946 4825; x_wconf 86' lang='lat' dir='ltr'><strong>mammona</strong></span> <span class='ocrx_word' id='word_1_849' title='bbox 2983 4768 3290 4838; x_wconf 61' lang='lat' dir='ltr'><strong>iniustitia,</strong></span> <span class='ocrx_word' id='word_1_850' title='bbox 3321 4770 3501 4827; x_wconf 87' lang='lat' dir='ltr'><strong>salva-</strong></span> 
     </span>
    </p>
   </div>
   <div class='ocr_carea' id='block_1_110' title="bbox 1892 4862 3497 4935">
    <p class='ocr_par' dir='ltr' id='par_1_110' title="bbox 1892 4862 3497 4935">
     <span class='ocr_line' id='line_1_110' title="bbox 1892 4862 3497 4935; baseline -0.001 -12"><span class='ocrx_word' id='word_1_851' title='bbox 1892 4868 2077 4923; x_wconf 91' lang='lat' dir='ltr'><strong>bimur</strong></span> <span class='ocrx_word' id='word_1_852' title='bbox 2108 4878 2207 4935; x_wconf 90' lang='lat' dir='ltr'><strong>per</strong></span> <span class='ocrx_word' id='word_1_853' title='bbox 2226 4878 2345 4930; x_wconf 88' lang='lat' dir='ltr'><strong>eas,</strong></span> <span class='ocrx_word' id='word_1_854' title='bbox 2369 4871 2423 4918; x_wconf 93' lang='lat' dir='ltr'><strong>et</strong></span> <span class='ocrx_word' id='word_1_855' title='bbox 2451 4862 2785 4934; x_wconf 89' lang='lat' dir='ltr'><strong>recipiemur</strong></span> <span class='ocrx_word' id='word_1_856' title='bbox 2812 4863 2866 4919; x_wconf 92' lang='lat' dir='ltr'><strong>in</strong></span> <span class='ocrx_word' id='word_1_857' title='bbox 2887 4874 3091 4920; x_wconf 68' lang='lat' dir='ltr'><strong>aeterna</strong></span> <span class='ocrx_word' id='word_1_858' title='bbox 3119 4862 3497 4921; x_wconf 84' lang='lat' dir='ltr'><strong>tabernacula.</strong></span> 
     </span>
    </p>
   </div>
   <div class='ocr_carea' id='block_1_111' title="bbox 1893 4955 3494 5028">
    <p class='ocr_par' dir='ltr' id='par_1_111' title="bbox 1893 4955 3494 5028">
     <span class='ocr_line' id='line_1_111' title="bbox 1893 4955 3494 5028; baseline -0.002 -11"><span class='ocrx_word' id='word_1_859' title='bbox 1893 4960 2029 5017; x_wconf 81' lang='lat' dir='ltr'><strong>Nam</strong></span> <span class='ocrx_word' id='word_1_860' title='bbox 2068 4959 2265 5016; x_wconf 88' lang='lat' dir='ltr'><strong>melius</strong></span> <span class='ocrx_word' id='word_1_861' title='bbox 2302 4957 2525 5028; x_wconf 92' lang='lat' dir='ltr'><strong>quidem</strong></span> <span class='ocrx_word' id='word_1_862' title='bbox 2578 4955 2744 5012; x_wconf 87' lang='lat' dir='ltr'><strong>fuerit</strong></span> <span class='ocrx_word' id='word_1_863' title='bbox 2792 4958 3072 5015; x_wconf 88' lang='lat' dir='ltr'><strong>dimittere</strong></span> <span class='ocrx_word' id='word_1_864' title='bbox 3118 4958 3305 5014; x_wconf 86' lang='lat' dir='ltr'><strong>omnia</strong></span> <span class='ocrx_word' id='word_1_865' title='bbox 3340 4976 3354 5025; x_wconf 89' lang='lat'><strong>;</strong></span> <span class='ocrx_word' id='word_1_866' title='bbox 3384 4960 3494 5014; x_wconf 89' lang='lat' dir='ltr'><strong>hoc</strong></span> 
     </span>
    </p>
   </div>
   <div class='ocr_carea' id='block_1_112' title="bbox 1893 5047 3500 5122">
    <p class='ocr_par' dir='ltr' id='par_1_112' title="bbox 1893 5047 3500 5122">
     <span class='ocr_line' id='line_1_112' title="bbox 1893 5047 3500 5122; baseline 0.001 -15"><span class='ocrx_word' id='word_1_867' title='bbox 1893 5061 2075 5107; x_wconf 88' lang='lat' dir='ltr'><strong>autem</strong></span> <span class='ocrx_word' id='word_1_868' title='bbox 2109 5050 2154 5106; x_wconf 93' lang='lat' dir='ltr'><strong>si</strong></span> <span class='ocrx_word' id='word_1_869' title='bbox 2190 5049 2397 5115; x_wconf 89' lang='lat' dir='ltr'><strong>minus,</strong></span> <span class='ocrx_word' id='word_1_870' title='bbox 2435 5047 2633 5105; x_wconf 90' lang='lat' dir='ltr'><strong>saltem</strong></span> <span class='ocrx_word' id='word_1_871' title='bbox 2666 5050 2849 5106; x_wconf 84' lang='lat' dir='ltr'><strong>facere</strong></span> <span class='ocrx_word' id='word_1_872' title='bbox 2876 5051 3176 5121; x_wconf 78' lang='lat' dir='ltr'><strong>partlarios</strong></span> <span class='ocrx_word' id='word_1_873' title='bbox 3202 5065 3500 5122; x_wconf 88' lang='lat' dir='ltr'><strong>pauperes,</strong></span> 
     </span>
    </p>
   </div>
   <div class='ocr_carea' id='block_1_113' title="bbox 1892 5143 3500 5217">
    <p class='ocr_par' dir='ltr' id='par_1_113' title="bbox 1892 5143 3500 5217">
     <span class='ocr_line' id='line_1_113' title="bbox 1892 5143 3500 5217; baseline -0.001 -15"><span class='ocrx_word' id='word_1_874' title='bbox 1892 5154 1948 5202; x_wconf 89' lang='lat' dir='ltr'><strong>et</strong></span> <span class='ocrx_word' id='word_1_875' title='bbox 1976 5146 2055 5202; x_wconf 90' lang='lat' dir='ltr'><strong>sic</strong></span> <span class='ocrx_word' id='word_1_876' title='bbox 2081 5143 2424 5215; x_wconf 85' lang='lat' dir='ltr'><strong>impossibile</strong></span> <span class='ocrx_word' id='word_1_877' title='bbox 2449 5144 2545 5200; x_wconf 83' lang='lat' dir='ltr'><strong>ﬁet</strong></span> <span class='ocrx_word' id='word_1_878' title='bbox 2577 5145 2861 5214; x_wconf 87' lang='lat' dir='ltr'><strong>possibile.</strong></span> <span class='ocrx_word' id='word_1_879' title='bbox 2897 5146 3243 5216; x_wconf 86' lang='lat' dir='ltr'><strong>lmpossibile</strong></span> <span class='ocrx_word' id='word_1_880' title='bbox 3279 5149 3500 5217; x_wconf 88' lang='lat' dir='ltr'><strong>quidem</strong></span> 
     </span>
    </p>
   </div>
   <div class='ocr_carea' id='block_1_114' title="bbox 1894 5238 3499 5305">
    <p class='ocr_par' dir='ltr' id='par_1_114' title="bbox 1894 5238 3499 5305">
     <span class='ocr_line' id='line_1_114' title="bbox 1894 5238 3499 5305; baseline -0.001 -10"><span class='ocrx_word' id='word_1_881' title='bbox 1894 5248 2045 5295; x_wconf 85' lang='lat' dir='ltr'><strong>esset</strong></span> <span class='ocrx_word' id='word_1_882' title='bbox 2076 5251 2184 5292; x_wconf 92' lang='lat' dir='ltr'><strong>non</strong></span> <span class='ocrx_word' id='word_1_883' title='bbox 2232 5238 2489 5293; x_wconf 91' lang='lat' dir='ltr'><strong>omnibus</strong></span> <span class='ocrx_word' id='word_1_884' title='bbox 2535 5238 2781 5293; x_wconf 87' lang='lat' dir='ltr'><strong>dimissis</strong></span> <span class='ocrx_word' id='word_1_885' title='bbox 2814 5238 3047 5305; x_wconf 83' lang='lat' dir='ltr'><strong>salvari,</strong></span> <span class='ocrx_word' id='word_1_886' title='bbox 3081 5254 3271 5295; x_wconf 85' lang='lat' dir='ltr'><strong>verum</strong></span> <span class='ocrx_word' id='word_1_887' title='bbox 3318 5251 3499 5296; x_wconf 85' lang='lat' dir='ltr'><strong>tamen</strong></span> 
     </span>
    </p>
   </div>
   <div class='ocr_carea' id='block_1_115' title="bbox 1892 5327 3504 5402">
    <p class='ocr_par' dir='ltr' id='par_1_115' title="bbox 1892 5327 3504 5402">
     <span class='ocr_line' id='line_1_115' title="bbox 1892 5327 3504 5402; baseline 0.001 -15"><span class='ocrx_word' id='word_1_888' title='bbox 1892 5342 1951 5387; x_wconf 90' lang='lat' dir='ltr'><strong>et</strong></span> <span class='ocrx_word' id='word_1_889' title='bbox 1980 5338 2064 5386; x_wconf 88' lang='lat' dir='ltr'><strong>est</strong></span> <span class='ocrx_word' id='word_1_890' title='bbox 2094 5340 2318 5400; x_wconf 87' lang='lat' dir='ltr'><strong>propter</strong></span> <span class='ocrx_word' id='word_1_891' title='bbox 2348 5327 2787 5384; x_wconf 89' lang='lat' dir='ltr'><strong>misericordiam</strong></span> <span class='ocrx_word' id='word_1_892' title='bbox 2816 5330 2938 5397; x_wconf 88' lang='lat' dir='ltr'><strong>Dei,</strong></span> <span class='ocrx_word' id='word_1_893' title='bbox 2972 5330 3019 5386; x_wconf 85' lang='lat' dir='ltr'><strong>si</strong></span> <span class='ocrx_word' id='word_1_894' title='bbox 3053 5341 3238 5402; x_wconf 89' lang='lat' dir='ltr'><strong>partes</strong></span> <span class='ocrx_word' id='word_1_895' title='bbox 3286 5332 3504 5389; x_wconf 79' lang='lat' dir='ltr'><strong>dederi—</strong></span> 
     </span>
    </p>
   </div>
   <div class='ocr_carea' id='block_1_116' title="bbox 1893 5420 3500 5499">
    <p class='ocr_par' dir='ltr' id='par_1_116' title="bbox 1893 5420 3500 5499">
     <span class='ocr_line' id='line_1_116' title="bbox 1893 5420 3500 5499; baseline 0.001 -21"><span class='ocrx_word' id='word_1_896' title='bbox 1893 5438 2019 5479; x_wconf 88' lang='lat' dir='ltr'><strong>mus</strong></span> <span class='ocrx_word' id='word_1_897' title='bbox 2051 5423 2104 5477; x_wconf 89' lang='lat' dir='ltr'><strong>in</strong></span> <span class='ocrx_word' id='word_1_898' title='bbox 2133 5436 2291 5478; x_wconf 88' lang='lat' dir='ltr'><strong>usum</strong></span> <span class='ocrx_word' id='word_1_899' title='bbox 2324 5434 2646 5492; x_wconf 89' lang='lat' dir='ltr'><strong>congruum.</strong></span> <span class='ocrx_word' id='word_1_900' title='bbox 2674 5420 2759 5478; x_wconf 80' lang='lat' dir='ltr'><strong>Ad</strong></span> <span class='ocrx_word' id='word_1_901' title='bbox 2788 5423 2904 5479; x_wconf 68' lang='lat' dir='ltr'><strong>haec</strong></span> <span class='ocrx_word' id='word_1_902' title='bbox 2928 5421 3125 5479; x_wconf 86' lang='lat' dir='ltr'><strong>Petrus</strong></span> <span class='ocrx_word' id='word_1_903' title='bbox 3157 5424 3459 5499; x_wconf 87' lang='lat' dir='ltr'><strong>interrogat</strong></span> <span class='ocrx_word' id='word_1_904' title='bbox 3484 5442 3500 5480; x_wconf 88' lang='lat'><strong>:</strong></span> 
     </span>
    </p>
   </div>
   <div class='ocr_carea' id='block_1_117' title="bbox 1895 5514 3498 5591">
    <p class='ocr_par' dir='ltr' id='par_1_117' title="bbox 1895 5514 3498 5591">
     <span class='ocr_line' id='line_1_117' title="bbox 1895 5514 3498 5591; baseline 0.002 -18"><span class='ocrx_word' id='word_1_905' title='bbox 1895 5517 2035 5573; x_wconf 85' lang='lat' dir='ltr'><strong>Ecce</strong></span> <span class='ocrx_word' id='word_1_906' title='bbox 2070 5530 2170 5572; x_wconf 92' lang='lat' dir='ltr'><strong>nos</strong></span> <span class='ocrx_word' id='word_1_907' title='bbox 2196 5514 2520 5586; x_wconf 88' lang='lat' dir='ltr'><strong>reliquimus</strong></span> <span class='ocrx_word' id='word_1_908' title='bbox 2564 5516 2772 5573; x_wconf 88' lang='lat' dir='ltr'><strong>omnia.</strong></span> <span class='ocrx_word' id='word_1_909' title='bbox 2817 5516 3124 5591; x_wconf 88' lang='lat' dir='ltr'><strong>lntcrrogat</strong></span> <span class='ocrx_word' id='word_1_910' title='bbox 3173 5530 3359 5577; x_wconf 90' lang='lat' dir='ltr'><strong>autem</strong></span> <span class='ocrx_word' id='word_1_911' title='bbox 3393 5536 3498 5577; x_wconf 87' lang='lat' dir='ltr'><strong>non</strong></span> 
     </span>
    </p>
   </div>
   <div class='ocr_carea' id='block_1_118' title="bbox 1893 5606 3499 5686">
    <p class='ocr_par' dir='ltr' id='par_1_118' title="bbox 1893 5606 3499 5686">
     <span class='ocr_line' id='line_1_118' title="bbox 1893 5606 3499 5686; baseline 0.004 -23"><span class='ocrx_word' id='word_1_912' title='bbox 1893 5624 1994 5682; x_wconf 89' lang='lat' dir='ltr'><strong>pro</strong></span> <span class='ocrx_word' id='word_1_913' title='bbox 2024 5624 2085 5666; x_wconf 89' lang='lat' dir='ltr'><strong>se</strong></span> <span class='ocrx_word' id='word_1_914' title='bbox 2118 5608 2258 5675; x_wconf 88' lang='lat' dir='ltr'><strong>solo,</strong></span> <span class='ocrx_word' id='word_1_915' title='bbox 2301 5608 2398 5665; x_wconf 91' lang='lat' dir='ltr'><strong>sed</strong></span> <span class='ocrx_word' id='word_1_916' title='bbox 2426 5606 2497 5663; x_wconf 88' lang='lat' dir='ltr'><strong>ad</strong></span> <span class='ocrx_word' id='word_1_917' title='bbox 2522 5608 2979 5679; x_wconf 71' lang='lat' dir='ltr'><strong>{consolationem</strong></span> <span class='ocrx_word' id='word_1_918' title='bbox 3010 5611 3255 5668; x_wconf 87' lang='lat' dir='ltr'><strong>omnium</strong></span> <span class='ocrx_word' id='word_1_919' title='bbox 3297 5630 3499 5686; x_wconf 82' lang='lat' dir='ltr'><strong>paupe-</strong></span> 
     </span>
    </p>
   </div>
   <div class='ocr_carea' id='block_1_119' title="bbox 1895 5700 3501 5777">
    <p class='ocr_par' dir='ltr' id='par_1_119' title="bbox 1895 5700 3501 5777">
     <span class='ocr_line' id='line_1_119' title="bbox 1895 5700 3501 5777; baseline 0 -17"><span class='ocrx_word' id='word_1_920' title='bbox 1895 5720 2039 5760; x_wconf 88' lang='lat' dir='ltr'><strong>rum.</strong></span> <span class='ocrx_word' id='word_1_921' title='bbox 2071 5703 2142 5762; x_wconf 87' lang='lat' dir='ltr'><strong>Ut</strong></span> <span class='ocrx_word' id='word_1_922' title='bbox 2167 5703 2313 5760; x_wconf 89' lang='lat' dir='ltr'><strong>enim</strong></span> <span class='ocrx_word' id='word_1_923' title='bbox 2344 5718 2450 5759; x_wconf 88' lang='lat' dir='ltr'><strong>non</strong></span> <span class='ocrx_word' id='word_1_924' title='bbox 2481 5700 2582 5760; x_wconf 90' lang='lat' dir='ltr'><strong>soli</strong></span> <span class='ocrx_word' id='word_1_925' title='bbox 2615 5702 2815 5760; x_wconf 86' lang='lat' dir='ltr'><strong>divites</strong></span> <span class='ocrx_word' id='word_1_926' title='bbox 2846 5702 3047 5760; x_wconf 88' lang='lat' dir='ltr'><strong>bonam</strong></span> <span class='ocrx_word' id='word_1_927' title='bbox 3073 5720 3227 5777; x_wconf 86' lang='lat' dir='ltr'><strong>spem</strong></span> <span class='ocrx_word' id='word_1_928' title='bbox 3262 5707 3501 5763; x_wconf 78' lang='lat' dir='ltr'><strong>habeant</strong></span> 
     </span>
    </p>
   </div>
   <div class='ocr_carea' id='block_1_120' title="bbox 1893 5796 3494 5869">
    <p class='ocr_par' dir='ltr' id='par_1_120' title="bbox 1893 5796 3494 5869">
     <span class='ocr_line' id='line_1_120' title="bbox 1893 5796 3494 5869; baseline 0.002 -16"><span class='ocrx_word' id='word_1_929' title='bbox 1893 5812 1954 5855; x_wconf 92' lang='lat' dir='ltr'><strong>se</strong></span> <span class='ocrx_word' id='word_1_930' title='bbox 1986 5798 2162 5853; x_wconf 89' lang='lat' dir='ltr'><strong>.multa</strong></span> <span class='ocrx_word' id='word_1_931' title='bbox 2209 5805 2626 5864; x_wconf 87' lang='lat' dir='ltr'><strong>consecuturos,</strong></span> <span class='ocrx_word' id='word_1_932' title='bbox 2680 5797 2775 5868; x_wconf 91' lang='lat' dir='ltr'><strong>qui</strong></span> <span class='ocrx_word' id='word_1_933' title='bbox 2833 5796 3064 5853; x_wconf 90' lang='lat' dir='ltr'><strong>multum</strong></span> <span class='ocrx_word' id='word_1_934' title='bbox 3121 5797 3447 5869; x_wconf 88' lang='lat' dir='ltr'><strong>reliquerint</strong></span> <span class='ocrx_word' id='word_1_935' title='bbox 3479 5842 3494 5863; x_wconf 87' lang='lat'><strong>,</strong></span> 
     </span>
    </p>
   </div>
   <div class='ocr_carea' id='block_1_121' title="bbox 1895 5886 3496 5963">
    <p class='ocr_par' dir='ltr' id='par_1_121' title="bbox 1895 5886 3496 5963">
     <span class='ocr_line' id='line_1_121' title="bbox 1895 5886 3496 5963; baseline -0.002 -18"><span class='ocrx_word' id='word_1_936' title='bbox 1895 5902 2165 5963; x_wconf 80' lang='lat' dir='ltr'><strong>pauperes</strong></span> <span class='ocrx_word' id='word_1_937' title='bbox 2188 5898 2369 5945; x_wconf 86' lang='lat' dir='ltr'><strong>autem</strong></span> <span class='ocrx_word' id='word_1_938' title='bbox 2402 5903 2625 5960; x_wconf 81' lang='lat' dir='ltr'><strong>parvam</strong></span> <span class='ocrx_word' id='word_1_939' title='bbox 2659 5903 2814 5959; x_wconf 81' lang='lat' dir='ltr'><strong>spem</strong></span> <span class='ocrx_word' id='word_1_940' title='bbox 2850 5886 3110 5956; x_wconf 85' lang='lat' dir='ltr'><strong>habeant,</strong></span> <span class='ocrx_word' id='word_1_941' title='bbox 3148 5890 3295 5959; x_wconf 86' lang='lat' dir='ltr'><strong>quod</strong></span> <span class='ocrx_word' id='word_1_942' title='bbox 3327 5905 3496 5963; x_wconf 72' lang='lat' dir='ltr'><strong>pach</strong></span> 
     </span>
    </p>
   </div>
  </div>
