4100 6334
668 398 809 464 1015

1534 397 2110 458 ΤΠΕΟΡΗΥΙΑΕΤΙ
2147 395 2552 458 BL’LGARLE
2594 401 2636 454 Α
2649 396 2795 456 1ὶοίὶ
2809 397 2822 453 l
2838 396 2946 454 [ΞΡ.

3776 389 3904 459 1016

668 513 1008 584 reliquerint,
1056 519 1112 567 et
1148 520 1432 582 propterea
1474 526 1670 581 parvas
1726 511 2115 565 retrihntioocs
2151 512 2231 564 ha.

2352 509 2596 563 πλούσιοι
2641 509 2792 579 μόνοι
2828 505 3102 569 εὐέλπιδες
3132 498 3282 566 ὦσιν,
3320 503 3396 568 ὠς
3431 501 3642 556 πολλῶν
3673 505 3919 574 τευξόμεσ

669 608 833 663 hituri
892 607 1032 672 sint,
1081 606 1381 674 interrogat
1420 604 1612 658 Petrus
1649 614 1703 657 et
1753 605 1941 664 aunlit,
1997 607 2138 670 quod
2187 606 2237 657 in

665 702 766 754 hoc
807 706 860 753 ct
907 699 958 751 in
1006 706 1236 752 venturo
1298 695 1498 751 sarculo
1567 695 1952 749 retributiones
2020 695 2236 749 habitu-

664 805 755 844 rus
812 790 880 843 sit
936 787 1115 843 omnis
1155 789 1247 858 qui
1299 797 1521 858 propter
1586 787 1751 840 Deum
1811 788 2240 855 qualescumque

660 880 1032 946 possessiones
1099 879 1410 947 reliquerit',
1463 877 1625 932 etiam
1676 879 1722 930 si
1785 893 1961 946 parvae
2013 876 2235 932 fuerint.

660 969 780 1024 Non
829 971 974 1025 enim
1043 971 1144 1024 hoc
1191 970 1538 1034 consideres,
1578 969 1716 1037 quod
1753 984 1936 1038 pauca:
2000 968 2235 1031 fuerint,

658 1063 753 1116 sed
806 1063 946 1132 quod
1025 1078 1189 1131 parva
1242 1064 1356 1117 haec
1419 1063 1621 1116 homini
1679 1070 1823 1115 totus
1886 1062 2059 1115 victus
2127 1063 2239 1116 lue-

661 1156 789 1210 rint.
829 1155 890 1208 Et
915 1154 1053 1208 situt
1083 1166 1135 1208 tu
1168 1155 1347 1209 multis
1374 1162 1426 1208 ct
1469 1153 1677 1224 magnis
1698 1193 1712 1216 ,
1743 1153 1813 1206 ita
1848 1153 1936 1206 ille
1969 1152 2154 1221 paucis
2185 1162 2240 1205 et

659 1245 839 1314 parvis
873 1247 1036 1300 vitam
1069 1245 1236 1318 440
1285 1262 1433 1299 suum
1468 1259 1525 1300 se
1558 1245 1829 1299 sustinere
1860 1259 2016 1314 posse
2049 1259 2236 1312 spera-

659 1338 768 1390 hat.
799 1335 870 1391 Ut
902 1352 968 1391 ne
997 1337 1168 1391 dicam
1205 1339 1351 1399 quod
1399 1339 1490 1406 qui
1532 1353 1701 1406 pauca
1733 1337 1915 1399 habet,
1950 1337 2135 1405 majori
2171 1337 2236 1389 ad

657 1427 746 1481 illa
821 1437 1066 1482 teneatur
1134 1427 1416 1483 aﬂectione
1462 1447 1474 1483 :
1519 1429 1680 1498 idque
1757 1428 2106 1483 manifestum
2161 1445 2233 1484 ex

659 1518 920 1584 patribus,
953 1520 1041 1588 qui
1077 1521 1293 1587 quando
1330 1522 1505 1574 uinum
1568 1521 1769 1574 habent
1809 1535 2030 1588 puerum
2059 1559 2073 1585 ,
2124 1536 2239 1572 ma-

652 1610 825 1679 jorem
883 1626 1006 1682 erga
1046 1611 1192 1665 illum
1237 1610 1576 1667 affectionem
1631 1621 1845 1682 gerunt,
1895 1628 2057 1680 quam
2107 1627 2235 1682 erga

658 1702 956 1769 plurimos:
991 1704 1057 1756 ita
1111 1713 1164 1758 et
1209 1720 1411 1772 pauper
1481 1720 1640 1758 unam
1699 1706 1916 1758 domum
1971 1713 2024 1758 et
2073 1720 2235 1758 unum

657 1809 842 1862 agrum
877 1794 1170 1861 impensius
1207 1794 1405 1864 diligit,
1453 1810 1614 1860 quam
1647 1805 1701 1848 tu
1733 1797 1952 1849 multos.
2004 1795 2158 1862 Quod
2190 1796 2234 1851 si

2349 621 2458 664 νοι,
2511 597 2597 655 οἷα
2640 601 2850 656 πολλῶν
2880 599 3409 669 ,καταφρονήσαντες
3435 636 3449 660 ,
3491 599 3537 649 οί
3585 595 3642 648 δὲ
3699 597 3920 666 πένητες

2346 694 2777 748 δυσελπισθῶσιν
2800 688 2886 744 οἷα
2917 693 3112 759 ὀλίγων
3147 691 3504 752 ἀποστάντες.
3537 692 3627 742 καὶ
3658 689 3749 742 διὰ
3777 691 3921 743 τοῦτο

2348 787 2538 854 ὀλίγας
2583 786 2818 855 ἀμοιϐὰς
2853 783 3280 856 προσδοκῶντες,
3331 782 3512 853 ἐρωτᾷ
3540 785 3566 835 6
3602 783 3809 852 Πέτρος
3839 785 3921 833 καὶ

2349 879 2560 941 ἀκούει,
2594 879 2675 932 ὅτι
2723 879 2818 930 καὶ
2851 878 2907 928 ἐν
2934 877 3010 946 τῷ
3035 875 3128 928 νῦν
3163 875 3316 928 αἰῶνι
3347 877 3442 926 καὶ
3487 877 3544 926 ὲν
3566 875 3646 944 τῷ
3682 874 3920 944 μέλλοντι

2347 972 2446 1034 τὰς
2483 970 2717 1040 ἀμοιϐὰς
2742 969 2874 1034 ἔξει,
2914 971 3020 1033 πᾶς
3047 971 3073 1022 6
3099 967 3276 1022 ὁτιοῦν
3306 966 3392 1020 διὰ
3422 967 3555 1018 Θεὸν
3581 968 3921 1035 καταφρονή-

2350 1079 2445 1124 σας
2474 1061 2584 1113 τῶν
2612 1061 2986 1130 ὑπαρχόντων,
3019 1059 3122 1112 κᾶν
3156 1059 3328 1129 μικρά
3355 1054 3482 1111 εἷεν.
3519 1059 3608 1115 Μὴ
3643 1057 3755 1126 γὰρ
3777 1057 3922 1109 τοῦτο

2351 1153 2633 1222 σκοπήσῃς
2662 1153 2742 1206 ὃτι
2783 1153 2975 1222 μικρά,
3009 1150 3123 1204 ἀλλ’
3162 1152 3243 1204 ὅτι
3277 1151 3390 1220 βίος
3423 1152 3543 1212 ὅλος
3569 1147 3712 1218 ἦσαν
3747 1151 3920 1202 ἐκεῖνα

2349 1243 2417 1296 τὰ
2453 1245 2627 1314 μικρά
2660 1245 2738 1316 τῷ
2781 1243 3073 1315 ἀνθρώπῳ,
3111 1243 3206 1296 καὶ
3250 1243 3438 1314 ῶσπερ
3469 1244 3536 1296 σὺ
3561 1246 3674 1304 τοῖς
3713 1243 3921 1302 πολλοῖς

2348 1335 2442 1386 καὶ
2479 1336 2752 1402 μεγάλοις,
2780 1333 2952 1397 οὕτως
2975 1337 3180 1397 ἐκεῖνος
3211 1338 3321 1398 τοῖς
3361 1335 3561 1402 ὀλίγοις
3585 1336 3682 1389 καὶ
3712 1337 3922 1405 μικροῖς

2347 1425 2618 1495 ἐμϐιῶσαι
2657 1427 2978 1498 προσεδόκα,
3003 1428 3088 1480 ἵνα
3122 1429 3197 1499 μὴ
3224 1428 3388 1494 λέγω,
3413 1429 3494 1481 ὅτι
3523 1429 3551 1480 6
3581 1428 3742 1495 ὀλίγα
3767 1429 3916 1496 ἔχων,

2349 1517 2572 1570 πλείονα
2599 1522 2780 1588 σχέσιν
2812 1518 2922 1589 ἔχει
2954 1519 3087 1590 πρὸς
3119 1520 3291 1573 ταῦτα
3325 1537 3336 1549 ·
3371 1520 3466 1573 καὶ
3489 1520 3652 1588 δῆλον
3681 1521 3792 1572 ἀπὸ
3821 1521 3920 1570 τῶν

2353 1609 2622 1679 πατέρων,
2662 1611 2712 1662 οἳ
2738 1611 2866 1663 ὅταν
2894 1611 2988 1663 ἕνα
3035 1614 3202 1666 παῖδα
3229 1613 3416 1682 ἔχωσι,
3459 1613 3627 1664 πλείω
3662 1614 3761 1680 τὴν
3801 1615 3919 1681 σχέ-

2347 1721 2431 1755 σιν
2466 1703 2864 1757 ἐπιδείκνυνται
2889 1705 3024 1775 πρὸς
3044 1705 3308 1776 τοῦτον,ἦ
3341 1706 3474 1776 πρὸς
3499 1707 3740 1768 πλείους.
3771 1705 3920 1757 Οὕτω

2349 1795 2439 1848 καὶ
2471 1797 2498 1848 6
2537 1796 2705 1865 πένης
2732 1797 2869 1868 πρὸς
2895 1798 2994 1868 τὴν
3035 1799 3162 1866 μίαν
3188 1799 3385 1863 οίκίαν,
3423 1800 3515 1852 καὶ
3545 1800 3680 1869 πρὸς
3707 1801 3796 1851 τὸν
3832 1798 3919 1850 ἕνα

658 1899 782 1948 ιιοιι,
831 1895 974 1938 certe
1007 1885 1088 1939 vel
1122 1889 1306 1940 eadem
1351 1887 1596 1956 uti-isque
1633 1898 1716 1941 cst
1750 1888 1985 1951 affectio,
2015 1897 2067 1942 et
2106 1903 2228 1956 pro-

2339 1889 2504 1955 ἀγρδν
2539 1887 2886 1958 -δριμύτερον
2943 1887 3230 1952 διάκειται,
3265 1890 3295 1960 ἦ
3325 1893 3388 1944 σὺ
3422 1892 3557 1960 πρὸς
3607 1893 3737 1954 τοὺς
3789 1892 3916 1944 πολι

655 1988 836 2044 ptet'ea
880 1977 1017 2031 idem
1052 1989 1106 2031 et
1135 1990 1498 2047 contemptus.
1536 1979 1633 2033 Hic
1665 1996 1798 2035 sane
1821 1992 1873 2033 et
1901 1981 2000 2034 hoc
2035 1980 2234 2035 sazculo

655 2071 911 2136 praesenti
953 2071 1275 2133 multiplices
1325 2071 1602 2142 accipiunt
1655 2072 2060 2136 retributiones,
2098 2073 2239 2127 sicut

656 2162 882 2228 apostoli
917 2162 1013 2216 illi.
1051 2162 1342 2232 Tuguriola
1374 2165 1595 2233 quidem
1645 2164 1982 2234 reliquerant
2017 2163 2088 2218 illi
2117 2180 2238 2218 om-

651 2263 853 2317 ues,ct
893 2270 1036 2309 nunc
1086 2255 1284 2310 habent
1332 2256 1726 2325 fulgentissima
1784 2255 2017 2324 templa,
2067 2266 2120 2308 et
2152 2270 2240 2310 res

653 2342 972 2408 familiares,
997 2353 1045 2398 et
1073 2360 1252 2414 agros,
1283 2357 1337 2399 et
1367 2360 1564 2400 uxores
1600 2345 1817 2408 multas,
1844 2360 1966 2415 quae
1996 2343 2102 2398 illis
2131 2343 2234 2398 fer-

653 2449 779 2488 vore
812 2434 934 2490 ﬁdei
967 2435 1262 2504 adhmrent,
1295 2437 1502 2507 aliaque
1525 2438 1700 2493 omnia
1723 2455 1737 2504 ;
1763 2438 1813 2492 in
1845 2437 2026 2492 futuro
2051 2447 2230 2491 autem

647 2524 867 2589 saeculo,
900 2541 1007 2581 non
1053 2543 1214 2599 agros
1266 2529 1400 2584 tales
1455 2531 1784 2599 multiplices
1827 2540 1879 2584 et
1921 2529 2231 2598 corporales

652 2617 1059 2685 retributiones,
1095 2622 1189 2676 sed
1227 2622 1388 2676 vitam
1419 2631 1702 2678 aeternam.

2338 1977 2483 2040 λούς.
2517 1978 2578 2030 Et
2625 1979 2680 2032 δὲ
2732 1980 2827 2048 μὴ,
2876 1979 2991 2033 ἀλλ’
3036 1977 3156 2033 ἴσον
3209 1981 3339 2050 γοῦν
3372 1983 3703 2052 ἀμφοτέροις
3740 1984 3801 2034 τὸ
3826 1983 3918 2052 τῆς

2349 2070 2607 2138 σχέσεως·
2645 2069 2732 2123 διὰ
2767 2070 2925 2124 τοῦτο
2951 2073 3043 2124 καὶ
3075 2072 3136 2126 τὸ
3166 2073 3265 2141 τῆς
3294 2076 3761 2144 περιφρονήσεως.
3795 2075 3916 2126 Ἐν-

2339 2160 2427 2213 θεν
2459 2178 2539 2214 τοι
2574 2162 2668 2214 καὶ
2700 2165 2757 2215 ὲν
2782 2163 2859 2233 τῷ
2887 2163 2980 2216 νῦν
3001 2164 3159 2216 αίῶνι
3183 2165 3551 2227 πολυπλασίας
3582 2165 3914 2235 λαμϐάνουσι

2337 2251 2434 2314 τὰ,
2473 2252 2732 2321 ἀμοιϐὰς,
2765 2253 2841 2315 ὡς
2870 2252 2918 2305 oi
2946 2254 3235 2308 ἀπόστολοι
3270 2255 3422 2308 αὐτοὶ
3453 2251 3622 2310 οὗτοι.
3664 2256 3914 2324 Καλύϐης

2341 2343 2448 2413 γὰρ
2496 2345 3015 2414 καταφρονήσαντες
3056 2345 3308 2412 ἕκαστος,
3357 2347 3450 2398 νῦν
3501 2347 3915 2416 λαμπροτάτους

2340 2435 2504 2498 ναοὺς
2529 2435 2714 2504 ἔχουσι
2751 2438 2844 2490 καὶ
2879 2438 3103 2508 ἀγροὺς,
3130 2440 3225 2491 καὶ
3261 2439 3577 2508 προσόδους,
3614 2441 3708 2491 καί
3734 2444 3913 2506 γυναῖ-

2340 2543 2439 2589 κας
2463 2527 2664 2589 πολλὰς
2680 2529 2780 2591 τὰς
2805 2531 2869 2600 τῇ
2898 2530 3034 2599 πρὸς
3057 2532 3251 2587 αὐτοὺς
3274 2531 3591 2602 θερμότητι,
3618 2533 3711 2582 καὶ
3737 2532 3911 2583 πίστει

2341 2620 2750 2692 συνδεδεμένας,
2785 2624 2876 2676 καὶ
2908 2621 3080 2676 τᾶλλα
3131 2626 3311 2678 πάντα
3366 2624 3550 2687 ἁπλῶς
3575 2642 3588 2655 ο
3629 2626 3724 2677 καὶ
3751 2627 3808 2676 ὲν
3839 2625 3911 2693 τῷ

653 2714 903 2784 μέλλοντι
934 2714 992 2769 δὲ
1025 2715 1182 2769 αἰῶνι
1217 2717 1316 2769 οὐκ
1367 2717 1572 2789 ἀγροὺς
1621 2717 1898 2781 τοιούτους
1954 2713 2378 2781 πολυπλασίους,
2404 2717 2500 2770 καὶ
2555 2718 2874 2789 σωματικὰς
2901 2719 3201 2783 ἀντιδόσεις
3261 2719 3520 2785 λάϐωσιν,
3583 2719 3720 2774 ἀλλά
3773 2721 3908 2790 ζωὴν

648 2827 682 2860 α
693 2804 886 2862 Ξὼνιον.

726 2901 882 2954 Vens.
915 2899 1102 2956 51-54.
1140 2921 1158 2953 ι
1189 2903 1494 2974 Αεειιηιρδιι
1521 2915 1702 2962 autem
1736 2905 1895 2962 Jesus
1924 2906 2231 2972 duodecim,

648 3003 702 3044 et
747 2993 821 3047 ait
875 2993 1024 3048 illis:
1063 2994 1199 3049 Ecce
1257 2999 1600 3054 ascendimus
1665 2997 2093 3072 Hierosolymam
2121 3041 2135 3067 ,
2179 3010 2231 3055 et

651 3086 1174 3140 consummabuntur
1204 3091 1386 3143 omnia
1421 3106 1540 3160 quae
1572 3091 1769 3161 scripta
1802 3102 1930 3148 sunt
1976 3108 2071 3163 per
2098 3109 2223 3164 pro-

2413 2919 2432 2952 ι
2473 2900 2819 2970 Παραλαϐὼν
2850 2901 2907 2956 δὲ
2940 2903 3066 2966 τοὺς
3091 2903 3320 2968 δώδεκα,
3360 2899 3483 2957 εἷπε
3517 2904 3651 2972 πρὸς
3684 2901 3906 2966 αὐτούς’

2350 2993 2480 3047 Ἰδοὺ
2515 2995 2882 3064 ἀναϐαίνομεν
2902 2999 2981 3058 είς
3016 2997 3386 3068 Ἰεροσόλυμα.
3413 3000 3502 3051 καὶ
3528 2997 3904 3066 τελεσθήσεται

2335 3084 2517 3137 πάντα
2547 3084 2616 3137 τά
2657 3086 3022 3157 γεγραμμένα
3053 3087 3140 3140 διά
3187 3087 3295 3140 τῶν
3350 3089 3646 3159 προφητῶν
3692 3088 3770 3158 τῷ
3801 3089 3905 3157 Υίῴ

650 3178 843 3246 phetas
873 3177 938 3233 de
970 3177 1107 3234 Filio
1157 3179 1414 3235 hominis.
1472 3179 1738 3237 Tradetur
1767 3185 1908 3238 enim
1952 3184 2221 3255 gentibus,

2339 3175 2427 3229 τοῦ
2460 3176 2773 3246 ἀνθρώπου.
2811 3170 3259 3249 Παραδοθήσεται
3292 3181 3403 3252 γὰρ
3438 3184 3551 3242 τοῖς
3581 3182 3780 3246 ἔθνεσι,
3816 3187 3905 3236 καῖ

650 3278 705 3322 et
731 3269 1000 3335 illudetur,
1031 3279 1082 3325 et
1119 3273 1459 3328 contumeliis
1484 3273 1764 3341 afﬁcietur,
1801 3285 1854 3330 et
1878 3286 2224 3346 conspuetur,

649 3371 700 3412 et
731 3369 1016 3432 postquam
1071 3362 1478 3433 ﬂagellaverint,
1531 3367 1773 3423 occident
1813 3384 1958 3432 eum,
1989 3379 2041 3423 et
2069 3369 2228 3425 tertia

649 3456 738 3508 die
771 3465 1035 3524 resurget.
1065 3456 1128 3510 Et
1159 3457 1257 3526 ipsi
1305 3458 1439 3512 nihil
1482 3460 1673 3514 horum
1730 3460 2128 3514 intellexerunt.
2162 3461 2228 3515 Et

651 3553 764 3598 nat
795 3547 1013 3601 verbum
1043 3547 1184 3603 istud
1209 3549 1584 3605 absconditum
1619 3551 1686 3606 ab
1710 3553 1806 3619 eis,
1841 3569 1938 3607 nec
1960 3553 2226 3623 intelligev

651 3639 784 3690 hiut
814 3654 933 3707 quae
965 3639 1302 3696 dicebautur.
1341 3661 1358 3694 ι
1387 3642 1638 3699 Ρι-ιιοάἱοῐι
1666 3645 1741 3699 eis
1769 3645 2074 3714 passionem
2098 3660 2227 3714 pro-

651 3740 770 3792 pter
802 3727 906 3781 duo
932 3727 1018 3781 illa
1049 3747 1061 3781 :
1108 3743 1294 3796 unum,
1330 3742 1386 3786 ut
1414 3734 1687 3797 ostendat,
1726 3735 1867 3804 quod
1896 3750 2001 3790 non
2030 3736 2228 3789 invitus

652 3830 825 3884 nequc
856 3827 914 3870 ut
936 3832 1102 3885 purus
1134 3821 1546 3877 homomorlem
1576 3824 1831 3891 ignorans
1854 3825 2225 3892 cruciﬁgatur,

646 3909 743 3963 sed
779 3917 834 3963 et
878 3912 1192 3977 prim-ideal,
1244 3922 1300 3967 et
1333 3915 1636 3970 voluntarie
1676 3917 1910 3984 patiatur
1954 3931 1966 3968 :
2005 3932 2128 3971 nam
2181 3919 2225 3971 si

652 4001 908 4054 noluisset
934 4004 1063 4071 pati.
1096 4005 1389 4060 devilasset
1408 4009 1590 4075 utique
1614 4024 1732 4076 qua:
1755 4010 2090 4078 praesciebat.
2123 4010 2227 4064 Eo-

653 4109 768 4146 rum
807 4095 950 4150 enim
983 4096 1072 4164 qui
1094 4112 1197 4150 non
1223 4107 1348 4153 sunt
1368 4100 1600 4168 praescii,
1621 4111 1698 4154 est
1726 4101 1844 4170 capi
1869 4119 1883 4168 ;
1904 4104 2225 4170 secundum,

652 4197 708 4238 ut
739 4187 1037 4242 Joceziteos
1064 4189 1255 4244 leviter
1288 4190 1431 4246 ferre
1463 4208 1582 4262 qua:
1611 4202 1893 4260 eventura,
1925 4205 2107 4266 utpote
2136 4199 2225 4266 qui

651 4287 812 4332 antea
851 4279 1176 4346 audiverim,
1217 4292 1268 4334 et
1302 4299 1406 4337 non
1449 4296 1671 4353 repente
1700 4286 1754 4338 in
1788 4285 1876 4340 illa
1913 4286 2222 4344 inciderint.

648 4371 784 4423 (Eum
837 4382 1015 4426 autem
1072 4373 1396 4442 perﬁcienda
1458 4387 1613 4431 erant
1650 4379 1700 4432 in
1753 4388 1804 4434 te
1849 4395 1968 4449 quae
2013 4379 2155 4436 dicta
2198 4398 2227 4435 a

653 4463 953 4532 prophetis,
987 4473 1082 4519 cu'r
1125 4469 1400 4531 ascendis,
1435 4485 1465 4523 ο
1495 4470 1762 4526 Domine?
1811 4472 2039 4543 PrOpter
2087 4475 2227 4529 istud

2334 3267 2800 3339 ἐμπαιχθήσεται,
2839 3270 2931 3322 καὶ
2963 3270 3375 3342 ὑϐρισθήσεται,
3409 3269 3502 3325 καὶ
3533 3274 3906 3342 ἐμπτυσθήσε-

2331 3376 2441 3423 ται,
2477 3360 2570 3413 καὶ
2601 3359 3044 3428 μαστιγώσαντες
3075 3361 3687 3426 ἀποκτενοῦσιναὺτδν,
3721 3365 3814 3417 καὶ
3843 3369 3903 3434 τῇ

2330 3453 2489 3524 τρίτη
2525 3455 2713 3526 ἡμέρᾳ.
2745 3457 3137 3526 ἀναστήσεται.
3175 3458 3285 3511 Καὶ
3320 3459 3473 3512 αὐτοὶ
3519 3458 3674 3511 οὐδὲν
3708 3459 3904 3512 τούτων

2333 3547 2600 3615 συνῆκαν,
2657 3550 2750 3600 καὶ
2796 3545 2864 3619 ἦν
2894 3550 2956 3602 τὸ
2987 3549 3138 3620 ρἧα
3171 3553 3330 3604 τοῦτο
3379 3552 3768 3623 κεκρυμμένον
3815 3555 3887 3603 ἀπ

2329 3643 2531 3707 αὐτῶν,
2566 3645 2658 3696 καὶ
2698 3645 2796 3698 οὑκ
2833 3646 3131 3711 ἐγίνωσκον
3164 3648 3232 3700 τὰ
3262 3648 3549 3720 λεγόμενα.
3589 3669 3606 3701 ι
3645 3649 3904 3718 Προλέγει

2329 3735 2516 3798 αὐτοῖς
2540 3737 2607 3789 τά
2639 3736 2730 3789 τοῦ
2762 3737 2989 3800 πάθους,
3030 3740 3115 3792 ἶνα
3137 3740 3230 3793 δύο
3264 3741 3438 3796 ταῦτα
3472 3743 3820 3815 κατορθώσῃ*
3852 3743 3906 3795 ἓν

2335 3826 2434 3894 μὲν
2459 3827 2517 3878 τὸ
2541 3827 2732 3891 δεῖξαι,
2769 3827 2852 3880 ὅτι
2878 3830 2977 3881 οὐκ
3006 3831 3153 3882 ἄκων
3188 3832 3306 3884 οὐδὲ
3336 3833 3410 3894 ὡς
3434 3833 3590 3903 ψιλὸς
3622 3835 3906 3904 ἄνθρωπος

2330 3915 2543 3983 ἀγνοῶν
2565 3917 2656 3970 τὸν
2697 3917 2925 3971 θάνατον
2955 3921 3309 3990 σταυροῦται,
3345 3922 3480 3978 ἀλλά
3520 3927 3616 3977 καὶ
3646 3926 3792 3996 προ-ᾗ
3810 3927 3904 3988 δει,

2331 4009 2425 4062 καὶ
2457 4010 2597 4062 ἑκὼν
2642 4011 2841 4080 πάσχει
2868 4028 2880 4040 ·
2918 4015 2966 4064 εί
2997 4011 3107 4083 γὰρ
3137 4012 3388 4068 ἐϐούλετο
3422 4018 3495 4085 μὴ
3527 4017 3746 4082 παθεῖν,
3799 4017 3906 4082 ἑξέ-

2333 4102 2513 4155 κλινεν
2545 4101 2612 4157 ἂν
2633 4142 2647 4166 ,
2691 4098 2777 4158 οἷα
2806 4103 2869 4176 δή
2899 4107 3165 4176 προειδώς
3191 4124 3205 4138 ο
3246 4107 3353 4160 τῶν
3392 4109 3502 4181 γάρ
3536 4110 3609 4180 μὴ
3642 4128 3907 4181 προγινω-

2333 4195 2572 4248 σκόντων
2606 4197 2725 4248 ἐστὶ
2767 4197 2828 4250 τὸ
2856 4197 3176 4252 ἁλίσκεσθαι
3210 4215 3222 4229 ⁸
3260 4200 3512 4272 δεύτερον
3551 4202 3606 4255 δὲ
3639 4207 3698 4254 τὸ
3733 4205 3907 4255 πείσαι

2332 4288 2530 4353 αὐτοὺς
2559 4288 2796 4354 εὐκόλως
2837 4290 3029 4361 φέρειν
3056 4291 3123 4345 τὰ
3157 4292 3572 4363 συμϐησόμενα,
3603 4293 3700 4348 ἅτε
3747 4313 3906 4365 πριαο

2336 4383 2624 4448 κηκοότας,
2658 4382 2750 4434 καὶ
2787 4381 2860 4452 μὴ
2895 4384 2957 4435 ἐκ
3001 4383 3094 4435 τοῦ
3125 4385 3391 4453 αἰφνιδίου
3447 4385 3629 4449 αὐτοῖς
3672 4404 3907 4455 προσπε-

2337 4473 2518 4526 σόντα.
2547 4475 2738 4527 Καίτοι
2763 4478 2810 4527 εί
2843 4475 3026 4542 μέλλοι
3053 4475 3488 4545 τελεσθῆναιὲπὶ
3521 4478 3625 4536 σοὶ,
3648 4471 3692 4530 ὧ
3719 4480 3902 4548 Κύριε,

653 4560 853 4624 ipsum,
892 4570 948 4613 ut
977 4561 1204 4614 salutem
1233 4576 1444 4631 aperer.
1480 4561 1545 4617 Et
1577 4563 1648 4618 ita
1681 4565 2022 4621 voluntarius
2056 4568 2224 4623 vadit.

2339 4565 2406 4618 τά
2438 4565 2604 4620 πάλαι
2654 4565 2758 4635 ὑπὸ
2807 4567 2917 4620 τῶν
2952 4568 3250 4639 προφητῶν
3299 4568 3579 4637 λεχθέντα,
3608 4570 3754 4623 διατί
3787 4575 3907 4624 ἀνα-

657 4651 720 4700 ι·;ι
769 4650 884 4719 ipse
937 4652 1150 4719 quidem
1212 4656 1358 4718 hmc,
1406 4657 1650 4724 discipuli
1709 4669 1890 4714 autem
1939 4672 2065 4715 tunc
2110 4662 2232 4732 qui-

652 4742 772 4793 dem
827 4742 959 4796 nihil
1013 4744 1409 4801 intellexerunt.
1473 4747 1601 4803 Erat
1647 4752 1790 4805 enim
1848 4754 2072 4808 verbum
2129 4756 2229 4810 hoc

652 4833 1031 4889 absconditum
1083 4838 1151 4892 ab
1199 4839 1310 4904 eis,
1347 4850 1400 4896 et
1427 4843 1658 4898 maxime
1709 4840 1950 4899 omnium
2005 4850 2226 4903 verbum

651 4927 754 4981 hoc
841 4930 1262 4985 resurrectionis
1333 4934 1554 4988 onniuo
1643 4950 1748 4989 non
1836 4939 2225 5006 agnoscebant.

652 5016 717 5069 Et
768 5018 870 5072 alia
921 5035 1134 5090 quoque
1189 5037 1293 5076 non
1347 5025 1748 5093 agnoscebant,
1791 5037 1848 5082 ut
1906 5031 2045 5083 trudi
2097 5046 2231 5099 gen-

655 5110 818 5165 tibus.
867 5111 1099 5168 Maxime
1139 5125 1314 5170 autem
1365 5121 1585 5174 verbum
1628 5123 2042 5178 resurrectionis
2079 5125 2230 5192 igno-

655 5201 885 5268 rubant,
936 5208 1079 5274 quod
1137 5224 1242 5262 nou
1304 5222 1423 5266 erat
1476 5213 1527 5266 iu
1587 5228 1708 5267 usu.
1759 5215 1824 5269 El
1881 5232 1988 5269 non
2041 5232 2232 5272 omnes

653 5292 820 5347 Judaei
853 5296 1150 5352 credebant
1198 5305 1672 5371 resurrectionem,
1712 5305 1761 5358 in
1793 5307 1980 5374 primis
2023 5307 2232 5361 Saddu-

652 5388 769 5441 θεοί.
810 5389 914 5443 Sed
964 5390 1188 5457 dixeris,
1235 5393 1300 5446 Et
1344 5396 1385 5448 si
1436 5397 1570 5450 nihil
1619 5399 1999 5468 agnoscebant,
2060 5417 2231 5470 quare

653 5495 782 5547 ergo
837 5482 915 5535 cis
956 5482 1069 5539 haec
1116 5487 1399 5555 prmilicit?
1427 5506 1545 5554 qua}
1589 5494 1729 5545 enim
1782 5494 1985 5548 utilitas
2035 5495 2130 5547 illi.
2168 5497 2229 5549 nd

651 5572 1076 5629 consolationem
1114 5588 1354 5646 tempore
1389 5583 1600 5648 erucis,
1632 5585 1672 5635 si
1707 5600 1810 5638 non
1862 5587 2229 5656 intelligebant

653 5679 713 5715 ea
750 5679 868 5732 qua:
913 5665 1272 5723 dicebantur?
1307 5671 1456 5737 Quod
1490 5691 1591 5728 non
1631 5693 1817 5743 parum
1861 5680 2007 5732 utilia
2043 5693 2230 5749 postea

661 5757 835 5808 I'ntura
866 5769 1072 5822 essent,
1122 5761 1245 5814 dum
1290 5766 1706 5821 reret-darentur
1731 5771 1874 5838 quod
1922 5771 2022 5824 ista
2051 5783 2231 5825 essent

661 5861 778 5914 Quae
813 5857 937 5906 tunc
994 5850 1318 5921 pmlkrnte
1370 5857 1598 5912 Domino
1655 5877 1756 5915 non
1826 5862 2229 5926 intellexerunt,

2335 4658 2574 4724 6αίνεις;
2629 4660 2708 4710 Δι’
2757 4659 2888 4711 αὐτὸ
2943 4660 3040 4728 μὲν
3104 4659 3196 4713 οὖν
3253 4660 3450 4725 τοῦτο,
3503 4662 3590 4714 ἵνα
3643 4666 3907 4733 σωτηρίαν

2333 4751 2682 4821 ἐργάσωμαι.
2727 4751 2892 4804 Ὥστε
2915 4750 3056 4804 ἑκὼν
3080 4750 3322 4822 ἔρχεται.
3361 4751 3504 4805 Ἀλλ’
3528 4755 3557 4806 6
3586 4754 3687 4823 μὲν
3718 4756 3905 4809 ταῦτα·

2333 4845 2380 4896 οἱ
2415 4843 2470 4895 δὲ
2508 4843 2748 4913 μαθηταὶ
2780 4843 2900 4896 τότε
2941 4844 3038 4914 μὲν
3077 4845 3333 4899 συνίεσαν
3360 4846 3518 4900 οὐδὲν
3561 4862 3578 4879 ο
3609 4844 3679 4920 ἦν
3717 4851 3826 4918 γὰρ
3851 4850 3906 4900 τὸ

2336 4937 2489 5004 ῥῆμα
2522 4935 2678 4998 τοῦτο
2716 4938 3287 5009 παρακεκαλυμμένον
3317 4941 3412 4994 ἀπ’
3442 4941 3646 5005 αὐτῶν,
3683 4943 3906 5012 μάλιστα

2336 5026 2554 5079 πάντων
2591 5028 2650 5080 τὸ
2695 5029 2848 5098 ῥῆμα
2896 5031 2994 5100 τῆς
3041 5032 3425 5096 ἀναστάσεως·
3458 5034 3552 5087 καὶ
3591 5030 3760 5088 τᾶλλα
3812 5036 3906 5105 μὲν

2335 5120 2444 5188 γὰρ
2473 5119 2572 5172 οὑκ
2603 5121 2996 5187 ἐπεγίνωσκον,
3031 5117 3142 5176 οόν
3174 5123 3236 5176 τὸ
3278 5126 3755 5196 παραδοθήσεσθαι
3802 5129 3905 5188 τοῖς

2334 5212 2530 5277 ἔθνεσι,
2577 5213 2812 5283 μάλιστα
2848 5214 2901 5268 δὲ
2929 5216 2988 5268 τὸ
3014 5215 3112 5286 τῆς
3141 5219 3491 5282 ἀναστάσεως
3520 5222 3620 5274 οὐκ
3653 5222 3904 5290 ἐπεγίνω-

2337 5321 2463 5357 σκον
2495 5307 2632 5369 ὅλως
2663 5325 2677 5338 ·
2712 5307 2831 5360 οὐδὲ
2860 5308 2968 5378 γὰρ
2997 5305 3062 5379 ἦν
3096 5312 3153 5362 ὲν
3186 5297 3526 5382 καταχρήσει
3577 5315 3753 5378 τοῦτο,
3788 5315 3902 5367 οὔτε

2338 5399 2534 5461 πάντες
2567 5398 2856 5452 ἐπίστευον
2886 5403 2936 5452 oi
2979 5401 3377 5466 Ἰουδαῖζοντες,
3419 5405 3537 5458 οὐδὲ
3575 5407 3675 5476 τὴν
3728 5408 3901 5465 ἁπλῶς

2337 5494 2654 5557 ἀνάστασιν,
2704 5493 2797 5545 καὶ
2833 5493 2991 5563 δῆλον
3036 5495 3144 5547 ἀπὸ
3182 5494 3290 5547 τῶν
3317 5495 3704 5552 Σαδδουκαίων.
3749 5497 3879 5549 Ἀλλ’

2335 5575 2506 5649 είποις
2544 5587 2632 5652 ἂν,
2662 5587 2724 5641 El
2751 5587 2842 5640 καὶ
2875 5587 2948 5657 μὴ
2974 5588 3362 5654 ἐπεγίνωσκον,
3397 5589 3448 5640 τί
3475 5589 3658 5643 λοιπὸν
3685 5589 3894 5660 8.005).:-

2335 5696 2428 5746 γεν
2453 5680 2632 5742 αὐτοῖς
2659 5681 2828 5734 ταῦτα
2855 5697 2868 5744 ;
2901 5681 2965 5734 Τί
2995 5682 3105 5751 γὰρ
3134 5682 3195 5734 τὸ
3218 5680 3412 5750 ὄφελος
3438 5684 3621 5746 αὐτοῖς
3657 5684 3786 5754 προς
3807 5684 3894 5751 τὴν

2334 5775 2390 5824 ὲν
2422 5773 2498 5842 τῷ
2530 5775 2710 5844 καιρῷ
2754 5774 2848 5827 τοῦ
2888 5775 3122 5845 σταυροῦ
3164 5775 3537 5847 παράκλησιν,
3571 5779 3645 5848 μὴ
3684 5781 3893 5830 συνθεῖσι

2345 5867 2391 5919 .6
2422 5867 2747 5937 λεγόμενονς
2776 5869 2850 5922 Οὐ
2889 5870 3058 5941 μικρὰ
3081 5867 3388 5939 ὠφελοῦντο
3419 5873 3499 5936 εἰς
3523 5873 3583 5924 τὸ
3619 5870 3894 5942 μετέπειτα
