4100 6334
301 362 444 423 1οΠ

989 360 1442 433 ENARRATIO
1485 375 1564 436 ΚΝ
1605 377 1901 437 EVANGE

2007 381 2112 442 UH
2154 367 2681 443 Luc-etme.
2723 382 2940 444 XVIII.

3449 376 3598 444 1018

295 477 874 550 ἀναμιμνησκόμενοι,
924 478 1005 532 ὅτι
1038 480 1212 534 ταῦτα
1248 477 1411 553 ἦσαν,
1443 483 1479 538 ἃ
1510 486 1647 548 τέως
1699 487 1900 556 προλέ-

2007 493 2351 547 manifestum
2387 509 2451 546 ex
2487 494 2700 556 multis,
2727 501 2781 547 et
2813 493 3049 546 maxime
3077 507 3141 545 rx
3175 491 3259 546 his
3288 505 3408 562 qum
3430 492 3598 550 leuti-

292 588 492 639 γοντος
522 572 616 625 τοῦ
644 573 851 640 Κυρίου
884 577 942 625 οὺ
978 573 1254 626 συνίεσανο
1291 577 1384 628 καὶ
1414 577 1573 629 τοῦτο
1598 578 1756 646 δῆλον
1784 579 1891 631 ἀπὸ

299 666 534 726 πολλῶν,
570 665 664 717 καὶ
699 665 934 734 μάλιστα
965 666 1058 734 ἀφ’
1087 661 1161 720 ὧν
1205 667 1462 730 Ἰωάννης
1499 669 1679 737 λέγει·
1705 670 1894 722 Ταῦτα

295 755 361 807 δέ
386 757 487 807 οὐκ
514 756 760 831 ἔγνωσαν
783 759 832 809 οἱ
861 757 1106 826 μαθηταὶ
1141 760 1332 823 αὐτοῦ,
1379 760 1604 829 ὕστερον
1628 762 1681 814 δὲ
1725 763 1896 830 ἐμνή-

301 847 534 917 σθησαν,
575 850 656 902 ὅτι
692 851 864 903 ταῦτα
893 846 960 922 ἦν
993 855 1358 923 γεγραμμένα
1406 855 1491 906 ἐπ’
1521 855 1690 926 αὐτῷ.
1738 857 1845 908 Καὶ
1868 857 1895 907 6

306 939 669 1012 Παράκλητος
698 943 753 994 δὲ
786 944 1104 1012 ἀναμνήσας
1134 947 1332 1008 αὐτοὺς
1369 945 1548 998 πάντα
1577 947 1893 1011 ἀξιοπιστο-

293 1034 472 1102 τέραν
500 1034 600 1105 τὴν
641 1036 767 1098 περὶ
803 1036 1042 1107 Χριστοῦ
1078 1040 1387 1109 μαρτυρίαν
1431 1040 1614 1102 αὐτοῖς
1666 1039 1896 1107 ἐγκατέ·

298 1125 460 1197 θηκε.
499 1128 632 1198 Περὶ
659 1127 716 1180 δὲ
745 1128 838 1179 τοῦ
869 1127 984 1190 πῶς
1007 1131 1310 1200 τριήμερος
1335 1133 1368 1201 ἡ
1397 1133 1565 1204 ταφὴ,
1605 1133 1806 1197 ἱκανῶς
1838 1136 1896 1186 ἐν

294 1223 414 1282 τοῖς
445 1221 626 1282 ἄλλοις
656 1221 1087 1289 Εὐαγγελισταῐς
1120 1224 1360 1292 εἴρηται.

384 1335 404 1368 ‹
457 1314 702 1382 Ἐγένετο
734 1316 788 1367 δέ
840 1317 894 1367 ἐν
931 1316 1007 1385 τῷ
1043 1315 1282 1384 ἐγγίζειν
1329 1317 1492 1370 αὐτὸν
1537 1320 1616 1382 εἰς
1666 1318 1894 1391 Ἰεριχὼ,

294 1409 502 1477 τυφλός
531 1426 613 1470 τις
639 1409 874 1477 ἐκάθητο
895 1408 1044 1478 παρὰ
1065 1410 1165 1478 τὴν
1187 1409 1305 1462 ὁδὸν
1330 1411 1664 1480 προσαιτῶν.
1710 1411 1899 1464 Ἀκού-

299 1516 404 1562 σας
436 1499 492 1551 δὲ
538 1499 697 1568 ὄχλου
737 1499 1227 1569 διαπορευομένου,
1271 1503 1602 1556 ἐπυνθάνετο
1630 1504 1682 1555 τι
1707 1502 1772 1556 ἂν
1810 1503 1896 1574 εἴη

292 1593 478 1646 τοῦτο.
524 1592 894 1662 Ἀπήγγειλαν
923 1593 979 1644 δὲ
1005 1593 1153 1660 αὐτῷ
1176 1594 1258 1646 ὅτι
1295 1593 1501 1664 Ἰησοῦς
1522 1597 1548 1648 6
1575 1596 1899 1665 Ναζωραῖος

296 1684 665 1754 παρέρχεται.
710 1683 819 1736 Kal
857 1684 1049 1754 ἐϐόησε
1095 1685 1270 1753 λέγων
1295 1703 1308 1715 ·
1350 1687 1547 1756 Ἰησοῦ,
1587 1689 1680 1742 Υίὲ
1713 1688 1899 1754 Δαυῖδ,

294 1775 529 1846 ἐλέησόν
579 1793 670 1846 με.
718 1777 829 1829 Kal
862 1779 910 1829 οἱ
947 1777 1286 1846 προάγοντες
1321 1781 1602 1851 ἐπετίμων
1631 1781 1780 1851 αὑτῷ
1813 1780 1902 1834 ἵνα

1997 600 2096 639 nes
2138 586 2271 640 dicit
2310 603 2321 637 :
2363 585 2489 640 llaec
2542 594 2724 639 autem
2780 600 2887 640 non
2937 595 3310 655 cognoverunt
3346 585 3595 651 discipu!i
3633 591 3642 602 '

1997 681 2114 749 ejus
2145 679 2228 746 9‘;
2265 676 2452 749 poste‘a
2480 690 2660 733 autem
2697 693 2971 734 memores
2997 677 3126 733 facti
3157 688 3285 734 sunt
3316 679 3458 747 quod
3484 679 3598 735 htec

1998 771 2065 824 de
2097 770 2212 837 ipso
2257 779 2440 824 essent
2479 771 2707 840 scripta.
2743 769 2811 824 Et
2861 766 3098 836 Spiritus
3132 767 3442 838 paracletus
3472 784 3600 839 sug-

1998 864 2167 933 gessit
2193 863 2272 917 eis
2304 863 2466 934 M1
2505 863 2712 928 omnia,
2739 861 3105 916 certissimum
3138 861 3506 915 testimonium
3532 860 3600 914 de

1949 1001 1954 1006 .
1998 953 2220 1008 Christo
2264 955 2320 1008 in
2369 955 2477 1008 illis
2516 953 2786 1024 ponendo.
2841 952 2916 1006 De
2949 967 3048 1018 co,
3102 948 3377 1020 quomodo
3420 949 3601 1004 triduo

1999 1044 2167 1099 fuerit
2200 1045 2252 1100 in
2303 1047 2578 1116 sepulcro,
2614 1045 2754 1102 satis
2802 1043 3008 1131 dic-tum
3040 1051 3125 1100 est
3153 1042 3208 1098 in
3238 1041 3601 1113 Evangelistis

2076 1320 2239 1375 Vens.
2279 1318 2476 1375 55-45.
2512 1338 2530 1371 ‹
2567 1318 2785 1372 Accidit
2815 1325 2997 1372 autem
3039 1332 3162 1372 cum
3191 1316 3600 1386 appropinqua-

2004 1425 2086 1470 ret
2116 1414 2357 1480 Jericho,
2387 1429 2563 1469 crecus
2593 1413 2811 1481 quidam
2837 1410 3063 1466 sedebat
3090 1410 3247 1480 juxta
3276 1409 3417 1463 viam
3452 1423 3601 1462 men-

2004 1509 2216 1574 dicans,
2239 1517 2436 1562 etcum
2470 1506 2683 1560 audiret
2713 1505 2926 1559 turbam
2958 1511 3402 1572 prteterenntem,
3430 1502 3605 1556 inter-

2007 1601 2232 1670 rogabat
2275 1600 2402 1669 quid
2441 1597 2547 1654 hnc
2599 1606 2763 1653 esset.
2809 1597 3084 1651 Dixerunt
3135 1604 3317 1654 autem
3362 1596 3410 1650 ei
3460 1594 3606 1664 quod

2004 1693 2163 1748 Jesus
2197 1692 2510 1746 Nazarenus
2545 1693 2820 1752 transiret.
2848 1699 2902 1743 et
2926 1688 3182 1744 clamavit
3217 1689 3443 1743 dicens:
3475 1684 3605 1742 Jesu

1988 1784 2107 1839 'Fili
2129 1783 2317 1848 David,
2352 1783 2613 1837 miserere
2646 1782 2772 1836 mei.
2805 1779 2872 1833 Et
2901 1780 2989 1849 qui
3021 1780 3286 1850 przeihant
3310 1818 3324 1845 ,
3358 1777 3607 1846 increpa-

297 1868 577 1940 σιωπήσῃ,
600 1868 761 1931 αὐτὸς
786 1868 842 1921 δὲ
868 1870 1044 1940 πολλῴ
1076 1871 1276 1940 μᾶλλον
1297 1848 1530 1941 ἔκραζεν
1548 1890 1562 1904 ·
1589 1874 1685 1928 Υἱέ
1710 1848 1893 1942 Δαυῒδ,

2009 1875 2140 1928 haut
2167 1890 2289 1926 eum
2322 1882 2380 1927 ut
2411 1880 2637 1928 taceret.
2671 1872 2794 1941 Ipse
2826 1887 2955 1926 vero
2990 1870 3163 1925 multo
3196 1869 3368 1939 magis
3401 1868 3609 1921 clama-

293 1962 524 2032 ἐλέησόν
564 1979 652 2033 με.
690 1962 919 2027 Σταθεὶς
962 1964 1017 2016 δὲ
1059 1967 1087 2018 6
1134 1965 1344 2036 Ἰησοῦς
1371 2010 1385 2033 ,
1418 1969 1705 2023 ἐκέλευσεν
1736 1971 1897 2024 αὐτὸν

300 2052 542 2123 ἀχθῆναι
569 2053 705 2124 πρὸς
733 2054 916 2108 αὐτόν.
966 2055 1321 2125 Ἐγγίσαντος
1352 2059 1407 2112 δὲ
1439 2062 1606 2113 αὑτοῦ
1629 2103 1640 2122 ,
1676 2062 1899 2131 ἐπηρώσο

294 2162 469 2212 τησεν
491 2144 654 2198 αὐτὸν
676 2146 848 2214 λέγων
869 2165 881 2177 ’
899 2148 963 2200 Τί
983 2166 1066 2201 σοι
1093 2149 1270 2214 θέλεις
1295 2155 1506 2222 ποιήσω
1526 2171 1542 2219 ;
1573 2153 1635 2208 '0
1659 2153 1716 2208 δὲ
1739 2151 1858 2207 εἷπε
1882 2171 1893 2185 ·

297 2238 500 2311 Κύριε,
521 2239 608 2292 ἵνα
626 2239 931 2310 ἀναϐλέψω.
961 2241 1018 2292 ’0
1041 2241 1096 2294 δὲ
1127 2242 1332 2312 Ἰησοῦς
1355 2238 1510 2296 εἶπεν
1527 2244 1677 2315 αὐτῷ
1693 2263 1706 2277 ο
1740 2244 1899 2298 Ἀνά-

298 2331 571 2402 6λεψσν,ὴ
598 2332 777 2392 πίστις
800 2348 894 2384 σου
924 2333 1131 2387 σέσωκέ
1177 2351 1258 2389 σε.
1285 2336 1393 2387 Καὶ
1428 2335 1772 2407 παραχρῆμα
1805 2339 1899 2390 άν-

296 2425 520 2496 ιόλεψε,
559 2427 651 2479 καὶ
671 2426 1039 2497 ⁴ὴκολούθησεν
1070 2428 1217 2498 αὐτῷ
1244 2471 1258 2494 ,
1298 2428 1538 2494 δοξάζων
1567 2431 1659 2483 τὸν
1691 2431 1845 2485 Θεόν.
1873 2451 1890 2483 ι

300 2519 415 2570 Kal
458 2518 565 2580 πᾶς
597 2519 623 2570 6
674 2518 801 2582 λαὸς
836 2519 997 2585 ἰδὼν,
1045 2515 1194 2573 αῐνον
1235 2520 1404 2575 ἔδωκε
1447 2523 1526 2593 τῷ
1558 2522 1701 2594 Θεῷ.
1743 2523 1898 2576 Ὀδοῦ

296 2611 580 2680 πάρεργον
611 2611 639 2663 6
671 2612 875 2681 Κύριος
904 2614 963 2664 τὸ
997 2614 1089 2665 ἐπὶ
1119 2614 1195 2684 τῷ
1231 2615 1419 2686 τυφλῷ
1449 2615 1634 2686 θαῦμα
1665 2617 1898 2687 ἐργάξε-

295 2715 428 2766 cat,
457 2703 544 2756 ἴνα
579 2704 714 2772 μηδὲ
752 2705 784 2774 ὴ
818 2705 1051 2774 πάροδος
1077 2707 1244 2760 αὑτοῦ
1277 2708 1602 2779 ἀλυσιτελὴς
1648 2713 1731 2781 εἴη
1767 2712 1901 2782 ἡμῖν

295 2792 654 2856 διδασκαλία,
689 2796 785 2846 καὶ
813 2798 926 2857 τοῖς
960 2795 1052 2848 τοῦ
1085 2798 1325 2865 Χριστοῦ
1365 2799 1636 2868 μαθηταῖς
1657 2844 1669 2861 ,
1700 2801 1786 2853 ἵνα
1813 2802 1901 2855 διὰ

297 2886 546 2950 πάντων,
572 2887 668 2939 καὶ
686 2888 935 2951 πάντοτε,
962 2890 1055 2942 καῖ
1091 2891 1368 2962 πανταχοῦ
1396 2894 1698 2961 ἐπωφελεῖς
1725 2887 1898 2965 ὦμεν,

300 2978 403 3031 xal
431 2979 595 3049 μηδὲν
627 2980 776 3049 ἡμῶν
810 2982 982 3051 ἀργὸν
1111 2983 1170 3034 Ὀ
1197 2984 1375 3037 τοίνυν
1400 2985 1601 3053 τυφλὸς
1632 2987 1792 3038 αὐτὸν
1823 2983 1904 3038 εἷ-

299 3089 395 3126 ναι
424 3072 515 3126 τὸν
563 3073 918 3142 ἐλπιζόμενον
952 3075 1190 3144 Χριστὸν
1237 3077 1569 3142 πιστεύσας,
1607 3080 1754 3142 εἰκὸς
1793 3081 1901 3150 γὰρ

296 3160 373 3236 ἦν
404 3165 585 3231 αὐτὸν,
621 3169 714 3220 ἅτε
749 3168 813 3236 δὴ
838 3171 948 3232 τοῖς
992 3171 1304 3230 Ἰουδαϊκοῖς
1333 3171 1794 3242 ἐντεθραμμένον,
1826 3174 1899 3245 μὴ

299 3261 522 3344 ἀγνοεῖν
567 3261 649 3314 ὅτι
696 3261 761 3314 ἐκ
803 3261 1122 3332 σπέρματος
1169 3263 1336 3317 Δαυῒδ
1379 3267 1406 3319 6
1438 3266 1711 3337 Χριστὸς.
1747 3270 1898 3337 φωνῇ

304 3354 526 3428 μεγάλῃ
553 3354 671 3425 βοᾷ,
706 3355 799 3407 Υἱέ
831 3355 1028 3418 Δαυῒδ,
1059 3357 1283 3426 ἐλέησόν
1341 3375 1408 3426 με
1441 3374 1455 3388 ο
1494 3359 1589 3412 καὶ
1615 3359 1693 3428 τῷ
1728 3361 1903 3412 εἰπεῖν

305 3447 659 3516 δέ,Ἐλέησόν
691 3447 1047 3518 με,ἐμφαίνει
1069 3450 1148 3502 ὅτι
1171 3450 1449 3520 θειοτέραν
1474 3452 1594 3504 τινὰ
1625 3447 1738 3521 εἶχε
1775 3451 1906 3521 περὶ

299 3539 473 3596 αὐτοῦ
505 3540 737 3607 ἔννοιαν,
762 3541 858 3593 καὶ
895 3541 954 3593 οὐ
983 3541 1135 3609 ψιλὸν
1166 3541 1454 3612 ἄνθρωπον
1485 3544 1726 3614 ἐνόμιζε.
1762 3544 1906 3597 Θαύ-

304 3653 484 3707 μασον
511 3635 568 3688 δέ
604 3653 693 3705 μοι
720 3637 816 3688 καὶ
845 3635 944 3706 τὴν
975 3635 1226 3689 ἔνστασιν
1261 3637 1429 3690 αὑτοῦ
1461 3637 1562 3708 τῆς
1585 3639 1904 3708 ὁμολογίας,

302 3727 428 3790 πῶς
457 3727 632 3781 καίτοι
669 3727 880 3782 πολλῶν
923 3728 1302 3798 ἐπιτιμώντων
1333 3728 1484 3798 αὑτῴ
1506 3771 1518 3790 ,
1558 3730 1658 3782 οὐκ
1703 3729 1862 3798 ἐσίγα
1889 3772 1903 3797 ,

301 3820 449 3876 ἀλλὰ
487 3822 880 3892 περισσότερον
911 3819 1136 3892 ἐκραζε,
1169 3821 1445 3892 θερμότης
1480 3824 1590 3892 γὰρ
1623 3817 1692 3893 ἦν
1722 3821 1784 3875 τὸ
1818 3821 1907 3876 ἐν-

311 3915 472 3968 δοθεν
511 3915 696 3967 κινοῦν
727 3915 912 3967 αὐτόν.
947 3915 1038 3966 Διὸ
1068 3915 1162 3966 καὶ
1197 3917 1224 3966 6
1266 3913 1472 3982 Ἰησοῦς
1516 3917 1906 3984 προσκαλεῖται

309 4006 479 4060 αὑτὸν
516 4007 591 4069 ὡς
638 4006 714 4076 τῷ
757 4005 872 4059 ὅντι
919 4005 1069 4070 ἄξιον
1103 4008 1319 4076 ἐγγίσαι
1359 4008 1530 4078 αὐτῷ,
1569 4010 1908 4082 ἐπερωτᾷδέ

303 4097 511 4163 αὐτὸν,
545 4098 610 4150 Τί
635 4115 719 4151 σοι
753 4097 926 4161 θέλεις
957 4100 1202 4167 ποιήσω;
1240 4101 1338 4170 οὐχ
1369 4100 1443 4163 ὠς
1506 4102 1717 4168 ἀγνοῶν
1738 4144 1752 4167 ,
1793 4103 1906 4154 ἀλλ’

307 4188 464 4250 ὅπως
524 4189 596 4258 μὴ
638 4189 764 4261 δόξῃ
809 4194 923 4251 τοῖς
973 4189 1278 4258 παροῦσιν,
1324 4192 1404 4243 ὅτι
1445 4191 1580 4244 ἄλλα
1628 4192 1910 4254 αἰτοῦντος

304 4281 545 4342 ἐκείνου,
578 4281 712 4336 ἄλλα
738 4283 902 4345 αὐτὸς
930 4281 1135 4346 δίδωσι,
1174 4284 1267 4336 καὶ
1300 4284 1374 4346 ὼς
1400 4285 1609 4348 ἐκεῖνος
1640 4285 1738 4354 μὲν
1768 4286 1912 4337 αἰτεῖ

307 4374 594 4444 χρήματα,
624 4374 783 4439 αὐτὸς
806 4375 863 4426 δὲ
889 4369 975 4428 οἷα
1011 4375 1404 4446 φιλευδείκτης,
1430 4378 1742 4447 τυφλότητα
1763 4377 1910 4442 ἐξιᾶ-

303 4477 424 4515 ταιο
446 4464 575 4526 ῐσως
593 4465 702 4533 γὰρ
729 4464 952 4517 τοιαῦτα
968 4466 996 4517 6
1018 4465 1210 4534 φθόνος
1234 4469 1440 4538 ἀνόητα
1465 4469 1906 4539 ἐσυκοφάντησεν

307 4558 399 4612 ἄν.
440 4558 531 4634 Διιὸ
558 4559 862 4628 ἐρωτήσας,
890 4559 1080 4628 ἐπειδὴ
1103 4555 1262 4631 εὗρεν
1295 4561 1458 4614 αὐτὸν
1479 4561 1574 4615 τοῦ
1603 4562 1907 4630 ἀναϐλέψαι

308 4651 714 4722 ἐπιθυμοῦντα,
741 4651 902 4704 τοῦτο
927 4653 1162 4707 δίδωσιν.
1192 4655 1334 4725 Ὅρα
1355 4654 1412 4708 δὲ
1435 4657 1496 4707 τὸ
1522 4657 1904 4727 άκόμεπαστον·

317 4742 392 4798 ἰι
442 4745 627 4809 πίστις
671 4763 765 4798 σου
788 4787 802 4812 ,
836 4747 993 4817 φησὶ,
1029 4747 1238 4800 σέσωκέ
1276 4765 1368 4815 σε,
1407 4748 1736 4812 ἐπίστευσας
1774 4749 1905 4820 γὰρ,

305 4839 396 4893 ὅτι
417 4840 445 4892 6
465 4839 874 4909 κηρυττόμενος
898 4840 1011 4902 υἱός
1036 4842 1151 4911 ειμι
1176 4841 1383 4903 ἐκεῖνος
1407 4842 1503 4896 τοῦ
1527 4843 1690 4896 Δαυῒδ
1717 4845 1746 4896 6
1772 4845 1908 4914 Χρι-

310 4933 464 4998 στὸς,
483 4934 577 4985 καὶ
610 4931 882 5000 τοσαύτην
909 4934 1260 4987 ἐπεδείκνυσο
1287 4935 1385 5004 τὴν
1407 4935 1739 5006 θερμότητα,
1766 4936 1908 4990 ὥστε

314 5021 455 5092 μηδέ
487 5023 891 5095 ἐπιτιμώμενος
920 5027 1098 5097 σιγᾷν.
1128 5027 1494 5096 Μανθάνομεν
1516 5028 1573 5081 δὲ
1601 5030 1665 5081 ἐκ
1691 5028 1904 5094 τούτου,

309 5114 546 5168 ὃτιὸταν
576 5116 713 5184 μετὰ
742 5115 976 5180 πίστεως
1004 5117 1270 5187 αἰτῶμεν,
1302 5119 1403 5172 οὐκ
1427 5119 1561 5173 ἄλλα
1593 5120 1695 5190 μὲν
1727 5121 1910 5176 αἰτοῦ-

315 5223 440 5274 μεν,
462 5206 598 5258 άλλα
619 5207 675 5260 δὲ
691 5207 927 5269 δίδωσιν,
951 5209 1066 5262 ἀλλ’
1097 5213 1279 5264 ἐκεῖνα
1309 5211 1449 5265 αὑτά
1476 5227 1490 5242 ⁸
1516 5211 1658 5265 ὥστε
1685 5213 1907 5266 ἐπειδὰν

310 5299 453 5353 ἄλλα
483 5299 788 5365 αἰτοῦντες,
811 5301 945 5356 ἄλλα
985 5291 1368 5373 λαμϐάνομεν,
1415 5304 1680 5376 πρόδηλον
1716 5306 1796 5358 ὃτι
1846 5306 1906 5359 οὐ

310 5391 494 5456 καλῶς
518 5394 640 5446 οὐδὲ
668 5394 873 5459 πιστῶς
897 5395 1048 5448 αίτοῦ
1060 5414 1181 5466 μενο
1214 5417 1231 5449 ι
1256 5399 1463 5450 Αἰτεῖτε
1490 5398 1620 5469 γὰρ,
1639 5400 1793 5468 φησι,
1815 5401 1909 5453 καὶ

308 5484 377 5539 οὐ
406 5484 736 5555 λαμϐάνετε,
757 5488 892 5542 διότι
913 5490 1095 5553 κακῶς
1119 5493 1342 5549 αἰτεῖτε,
1377 5511 1394 5542 ι
1426 5493 1569 5564 Ὅρα
1594 5494 1649 5547 δὲ
1682 5495 1775 5546 xal
1805 5495 1906 5566 τὴν

310 5577 590 5642 ἐξουσίαν⁹
628 5581 974 5652 Ἀνάϐλεψον.
1000 5583 1095 5647 Τίς
1125 5583 1232 5654 γὰρ
1256 5585 1364 5638 τῶν
1397 5586 1694 5658 προφητῶν
1733 5585 1905 5651 οὕτως

309 5666 721 5739 ἐθεράπευσεν,
767 5674 825 5726 ἐν
857 5673 1094 5746 τοσαύτῃ
1131 5675 1275 5745 φημὶ
1315 5677 1562 5749 ἐξουσίᾳ;
1597 5676 1760 5732 Ὅθεν
1807 5679 1904 5732 καὶ

391 5853 435 5884 "'
483 5850 640 5908 Joen.
679 5869 777 5919 xu,
815 5853 896 5908 16.
1002 5854 1070 5889 οῖ’
1099 5853 1216 5912 Jac.
1256 5873 1327 5923 tv,
1360 5859 1414 5914 3.

2007 1967 2265 2025 batzFili
2304 1966 2496 2034 David,
2544 1967 2806 2022 miserere
2857 1966 2985 2020 mei.
3033 1964 3197 2020 Stans
3228 1973 3411 2018 autem
3447 1959 3610 2016 Jesus

2003 2062 2167 2132 jussit
2211 2060 2361 2115 illum
2393 2058 2586 2114 adduci
2617 2059 2684 2113 ad
2719 2072 2799 2112 se.
2842 2057 2909 2112 Et
2936 2072 3059 2112 cum
3095 2055 3610 2125 appropinquasset:

2009 2154 2360 2224 interrogavit
2409 2153 2596 2216 illum,
2633 2151 2822 2206 dicens
2864 2168 2878 2203 :
2918 2150 3059 2216 Quid
3110 2149 3208 2203 tibi
3242 2148 3325 2203 vis
3367 2145 3611 2201 faciam?

1966 2231 1972 2235 ”
2007 2250 2075 2304 At
2118 2247 2209 2303 ille
2239 2249 2414 2302 dixit:
2449 2245 2697 2315 Domine,
2736 2256 2794 2299 ut
2822 2245 3000 2299 visum
3039 2243 3325 2314 recipiam.
3354 2242 3420 2296 Et
3447 2240 3610 2297 Jesus

2010 2342 2152 2397 dixit
2173 2343 2222 2395 ei
2258 2360 2271 2394 :
2302 2340 2552 2410 Recipito
2577 2340 2775 2404 visum,
2806 2338 2940 2393 {Ides
2971 2347 3062 2392 tua
3098 2347 3151 2391 te
3182 2336 3392 2390 salvum
3430 2332 3612 2388 reddi-

2011 2436 2109 2490 dit.
2133 2435 2200 2489 Et
2222 2433 2508 2488 confestim
2535 2433 2706 2486 visum
2733 2431 2960 2500 recepit,
2985 2445 3047 2484 ac
3070 2429 3402 2499 sequebatur
3433 2427 3607 2491 illum,

2010 2528 2318 2601 glorificans
2369 2528 2554 2580 Deum.
2603 2525 2670 2578 Et
2718 2523 2897 2578 omnis
2936 2523 3110 2591 plebs,
3146 2531 3204 2576 ut
3241 2520 3408 2586 vidit,
3461 2518 3613 2573 dedit

2012 2622 2222 2674 laudem
2252 2619 2382 2673 Duo.
2424 2638 2444 2670 ι
2486 2618 2748 2672 Dominus
2787 2615 3111 2671 miraculum
3147 2615 3250 2669 hoc
3275 2612 3407 2669 cmci
3433 2612 3612 2667 obiter

2010 2714 2063 2768 in
2109 2713 2192 2765 via
2229 2721 2484 2782 operatus
2507 2721 2612 2777 est,
2647 2719 2704 2762 ut
2728 2718 2783 2764 et
2814 2709 3081 2764 transitus
3109 2708 3229 2777 eius
3265 2707 3421 2762 nobis
3462 2704 3611 2760 utilis

2009 2815 2155 2860 esset
2180 2805 2453 2866 doctrina,
2489 2819 2548 2856 ac
2583 2801 2867 2871 discipulis
2899 2800 3137 2865 Christi;
3180 2807 3243 2854 ut
3287 2811 3508 2866 semper
3555 2804 3612 2851 et

2011 2901 2211 2968 ubique
2256 2907 2310 2952 et
2363 2897 2504 2965 apud
2550 2909 2740 2950 omnes
2782 2893 2945 2948 utiles
2985 2894 3157 2948 simus
3184 2934 3198 2959 ,
3240 2901 3295 2946 et
3330 2905 3609 2961 nunquam

2012 2993 2212 3062 ignavi.
2243 2991 2432 3046 Cmcus
2462 2989 2625 3057 igitur
2657 2987 2887 3041 credens
2915 3001 3038 3040 eum
3068 3000 3191 3040 esse
3218 2983 3495 3038 Christum
3519 2979 3614 3051 qui

2014 3079 2836 3152 rxspcctabatur,——\'erisimile
2875 3078 3018 3131 enim
3051 3074 3154 3131 fuit
3187 3075 3384 3143 ipsum,
3428 3079 3614 3141 utpote

2017 3177 2333 3232 innutritum
2361 3173 2626 3238 Judaicis,
2657 3187 2761 3227 non
2799 3171 3081 3241 ignorasse
3113 3167 3389 3222 Christum
3422 3180 3489 3219 ex
3524 3178 3615 3221 se.

2015 3270 2156 3322 mine
2183 3266 2374 3328 David,
2399 3295 2460 3306 ——
2491 3279 2625 3317 voce
2651 3276 2846 3331 magna
2871 3258 3095 3325 clamat,
3113 3256 3214 3310 Fili
3241 3256 3430 3322 David,
3449 3255 3614 3310 mise-

2013 3377 2130 3416 rere
2156 3360 2281 3414 mei.
2314 3357 2377 3411 Et
2399 3355 2650 3421 dicendo,
2671 3354 2925 3409 Miserere
2950 3351 3080 3416 mei,
3103 3349 3341 3405 declarat
3368 3347 3511 3416 quod
3529 3347 3616 3402 di-

2012 3451 2277 3505 viniorem
2310 3449 2602 3518 quamdam
2620 3448 2685 3500 de
2709 3445 2799 3498 illo
2826 3443 3156 3498 sententlam
3185 3442 3406 3504 habeat,
3433 3448 3487 3494 et
3508 3453 3615 3493 non

2012 3543 2285 3598 hominem
2332 3555 2527 3609 purum
2558 3546 2802 3592 censeat.
2833 3536 3126 3590 Admirare
3163 3542 3370 3599 autem,
3409 3545 3616 3600 quasso,

2011 3633 2280 3703 quomodo
2304 3629 2704 3685 confessionem
2738 3643 2891 3682 suam
2927 3625 3250 3694 multiplicet
3275 3662 3290 3686 ,
3317 3621 3615 3692 quomodo,

2012 3727 2261 3795 quamvis
2303 3724 2453 3777 multi
2495 3723 2849 3787 increparent
2893 3735 3055 3781 eum.
3092 3733 3202 3771 non
3241 3715 3490 3779 tacebat,
3524 3713 3619 3768 sed

2012 3819 2242 3887 amplius
2273 3817 2564 3872 clamabat.
2603 3814 2807 3870 Fervor
2841 3812 3064 3883 quidam
3132 3809 3461 3864 intrinsecus
3518 3806 3619 3860 sti-

2012 3914 2262 3968 mulabat
2301 3925 2423 3964 eum
2471 3925 2486 3962 :
2524 3908 2730 3962 idcirco
2760 3917 2816 3960 et
2850 3904 3007 3960 Jesus
3041 3902 3207 3971 jussit
3234 3900 3384 3956 illum
3423 3897 3619 3953 adduci

2014 4007 2079 4062 ad
2119 4020 2199 4070 se,
2237 4002 2380 4073 quod
2436 4003 2688 4071 profecto
2715 3999 2912 4069 dignus
2959 4005 3106 4052 esset
3143 3995 3234 4064 qui
3270 3991 3622 4063 appropiarct

2015 4101 2085 4154 ei.
2121 4097 2429 4164 lnterrogat
2458 4101 2641 4146 autem
2673 4091 2823 4151 illum
2853 4087 3027 4155 :Quid
3060 4087 3141 4140 vis
3175 4097 3233 4138 ut
3260 4084 3355 4138 tibi
3383 4079 3620 4134 faciam?

2015 4207 2120 4244 non
2149 4197 2206 4242 ut
2237 4191 2516 4258 ignorans,
2548 4184 2644 4238 sed
2675 4198 2741 4237 ne
2771 4183 2861 4236 ille
2896 4177 3259 4250 prmsentibus
3299 4174 3401 4228 alia
3433 4183 3621 4243 petere

2014 4286 2285 4349 videatur,
2313 4284 2424 4350 ipse
2452 4279 2557 4333 alia
2594 4280 2755 4332 dare:
2787 4288 2840 4330 et
2864 4277 2989 4328 dum
3023 4273 3113 4326 ille
3143 4271 3280 4342 petit
3303 4266 3618 4339 pecuniam,

2017 4382 2129 4449 ipse
2153 4390 2210 4432 ut
2242 4386 2568 4437 ostentator,
2602 4373 2903 4427 caacitatem
2930 4376 3170 4424 sanaret.
3202 4364 3336 4418 Nam
3367 4361 3621 4417 fortassis

2013 4474 2336 4543 insipienter
2377 4469 2506 4522 talia
2560 4468 2766 4534 lingere
2816 4472 3001 4535 posset
3041 4460 3270 4515 invidia.
3325 4458 3622 4527 Propterea

2016 4583 2137 4621 cum
2186 4565 2581 4632 interrogasset
2633 4571 2689 4614 et
2737 4556 3098 4627 comperisset
3146 4569 3270 4607 eum
3315 4550 3616 4620 recipiendi

2013 4661 2163 4713 visus
2201 4656 2356 4710 valde
2389 4655 2669 4725 cupidum,
2715 4653 2808 4705 dat
2863 4650 3008 4719 quod
3063 4648 3218 4716 petit.
3260 4645 3396 4700 Vide
3438 4651 3620 4697 autem

2013 4767 2177 4822 quam
2226 4750 2440 4804 alienus
2471 4749 2542 4802 sit
2574 4746 2642 4801 ab
2676 4744 3011 4816 arrogantia.
3053 4740 3215 4796 Fides
3254 4747 3373 4804 tua,
3419 4736 3618 4808 inquit,

2007 4846 2219 4900 salvum
2270 4855 2323 4898 te
2364 4841 2518 4907 fecit,
2553 4839 2829 4894 credidisti
2870 4838 3018 4891 enim
3051 4835 3196 4905 quod
3228 4848 3328 4904 ego
3367 4847 3487 4887 sum
3518 4830 3610 4886 ille

2013 4935 2154 4990 filius
2192 4936 2378 5000 David,
2413 4934 2503 5003 qui
2529 4932 2841 4988 celebratur
2869 4928 3148 4996 Christus,
3182 4935 3236 4981 et
3268 4933 3476 4980 tantum
3511 4936 3623 4992 prae

2014 5037 2067 5085 te
2110 5030 2279 5083 tulisti
2333 5031 2640 5092 fervorem,
2680 5035 2742 5079 ut
2790 5023 3043 5093 quamvis
3086 5022 3479 5089 increpavere,
3516 5031 3620 5071 non

2012 5122 2254 5177 silueris.
2293 5120 2578 5175 Discamus
2604 5131 2782 5172 autem
2809 5132 2875 5170 ex
2905 5117 3028 5180 hoc,
3065 5111 3213 5182 quod
3245 5113 3467 5181 quando
3499 5123 3622 5163 cum

2017 5213 2118 5268 fide
2151 5214 2386 5283 petimus
2408 5253 2424 5279 ,
2461 5228 2568 5265 non
2610 5211 2715 5264 alia
2742 5211 2963 5280 quidem
2995 5223 3093 5262 nos
3141 5204 3378 5276 petimus
3401 5245 3414 5269 ,
3439 5211 3496 5257 et
3520 5200 3620 5256 alia

2015 5309 2130 5377 ipse
2149 5311 2262 5371 dat,
2281 5309 2372 5361 sed
2390 5308 2476 5361 illa
2497 5307 2633 5375 ipsa.
2653 5305 2827 5374 Atque
2845 5305 2916 5357 ita
2943 5302 3156 5371 quoties
3173 5300 3279 5354 alia
3293 5298 3550 5366 petimus,
3570 5304 3626 5349 et

2014 5403 2118 5456 alia
2140 5403 2459 5471 accipimus,
2485 5399 2833 5455 manifestum
2853 5399 2995 5469 quod
3015 5412 3118 5451 non
3136 5396 3272 5450 bene
3290 5407 3469 5462 neque
3490 5391 3622 5443 tide-

2015 5496 2139 5550 liter
2167 5497 2425 5564 petimus.
2461 5515 2478 5547 ‹
2504 5495 2696 5549 Pctitis
2722 5495 2888 5558 enim,
2911 5493 3109 5562 inquit,
3132 5500 3188 5544 et
3210 5504 3318 5545 non
3349 5483 3620 5554 accipitis,

2013 5605 2077 5644 eo
2094 5591 2235 5658 quod
2262 5590 2399 5644 male
2419 5589 2754 5657 petatis.“‘»
2781 5586 2912 5642 Vide
2937 5589 3165 5656 insuper
3189 5589 3618 5655 etpotestatetn:

2011 5680 2216 5751 Ret-ipe
2232 5681 2429 5748 visum,
2446 5681 2640 5751 inquit.
2662 5681 2721 5736 Et
2740 5681 2862 5751 quis
2881 5680 3272 5753 prophetarum
3289 5680 3358 5732 ita
3375 5673 3622 5736 sanavit,
