4100 6334
392 331 531 401 1021

1073 332 1528 399 ENARRATIO
1562 334 1649 400 IN
1687 336 2194 401 EVANGELIUM
2235 338 2473 401 LUC/E.
2516 360 2590 374 -
2628 335 2794 398 CAP.
2836 337 3000 399 XIX.

3558 334 3699 404 1022

386 449 525 520 βίον.
554 446 663 503 Καὶ
686 444 826 501 αὑτά
841 443 952 519 1&9
972 443 1010 500 ἃ
1030 446 1408 525 ὑπεκράτησε,
1435 449 1526 505 διά
1546 450 1609 505 τὸ
1630 450 1777 523 ἔχειν
1806 450 1967 506 δοῦνα

2097 453 2343 523 quaedam
2371 448 2541 518 dedit,
2566 451 2660 508 sed
2684 452 2869 508 omnia
2902 452 2971 506 ad
2998 450 3169 506 vitam
3196 448 3527 506 necessaria.
3563 448 3695 506 Nam

381 546 501 607 τοῖς
550 539 887 611 ἀδικηθεῖσιν
939 541 1318 615 ὑπεκρὼιησε.
1383 543 1494 598 Καὶ
1550 545 1663 618 γὰρ
1712 542 1981 599 διδάσκων

379 637 554 708 ἡμᾶς,
584 636 664 689 ὅτι
690 633 845 688 οὐδὲν
876 634 1091 705 κέρδος,
1130 637 1290 708 εῖπερ
1321 636 1380 705 ἐξ
1416 637 1635 703 ἀδικίας
1674 636 1815 709 ἔχων
1846 637 1983 709 χρή-

384 730 535 802 ματά
559 744 646 791 τις
673 727 865 791 ἀλλους
894 726 1057 796 ἐλεεῖ,
1085 730 1518 801 καταλιμπάνων
1545 731 1673 791 τοὺς
1697 730 1983 799 ἀδικηθέν-

378 839 481 887 τας
509 837 524 852 ·
563 820 668 892 δρα
693 820 746 875 τί
776 821 880 875 κάν
909 821 1086 893 τούτῳ
1133 824 1296 875 ποιεῖ’
1331 821 1679 893 τετραπλοῦν
1715 821 1983 879 ἀποδίδω-

380 931 489 980 σιν,
513 915 556 968 εἰ
593 914 705 968 ιινά
741 930 795 968 τι
823 913 1082 986 ἠδίκησεν
1105 954 1120 977 ,
1171 914 1367 984 ἐκείνῳ
1386 915 1538 985 αὑτῷ
1563 914 1644 986 τῷ
1665 914 1979 983 ἀδικηθέντι

378 1006 481 1079 τὴν
510 1006 717 1076 ζημίαν
747 1005 1182 1078 ἀποθεραπεύων
1206 1024 1219 1037 ·
1251 1005 1412 1061 τοῦτο
1437 1008 1546 1079 γὰρ
1584 1007 1822 1079 ἀληθοῦς
1855 1008 1978 1062 ἐλε-

379 1118 414 1170 η
424 1101 631 1171 postiam
719 1103 815 1155 καὶ
838 1101 937 1172 οὐχ
957 1099 1147 1165 ἀπλῶς
1175 1100 1275 1173 τὴν
1296 1100 1524 1172 ζημίαν,
1552 1102 1691 1155 ἀλλά
1712 1103 1810 1156 καὶ
1836 1100 1978 1173 μετά

380 1194 589 1264 προσθί
626 1240 651 1245 .η
680 1210 726 1258 ς’
758 1196 901 1249 κατὰ
926 1194 1018 1249 τὸν
1048 1195 1235 1266 νόμον.
1282 1198 1342 1250 ’0
1372 1197 1483 1267 γὰρ
1523 1197 1687 1266 νόμος
1728 1195 1819 1248 τὸν
1853 1195 1979 1250 κλέα

381 1302 525 1355 πτην
627 1286 924 1357 ,τραπλοῦν
984 1286 1332 1343 ἀποτιννύειν
1383 1289 1627 1343 ἐκέλευε.
1685 1289 1879 1344 Καίτοι
1927 1289 1978 1344 εῖ

377 1377 627 1449 ἀκριϐῶς
662 1380 1050 1450 σκοπήσομεν,
1085 1382 1244 1436 οὐδὲν
1283 1381 1423 1445 δλως
1465 1382 1617 1454 αὺτῷ
1652 1383 1978 1438 ὑπελείπετο

376 1470 491 1524 τῶν
512 1470 831 1543 χρημάτων.
859 1473 1071 1528 Δέδωκε
1105 1475 1206 1546 μὲν
1235 1475 1348 1547 1&9
1374 1474 1445 1530 τὰ
1467 1475 1639 1548 ἡμίση
1662 1476 1771 1531 τῶν
1798 1477 1981 1547 ὑπαρ-

378 1565 589 1637 χόντων
624 1567 737 1631 τοῖς
779 1570 1019 1639 πτωχοῖς
1062 1585 1079 1602 ο
1133 1569 1545 1643 ὑπελείφθησαν
1593 1571 1650 1625 δὲ
1708 1566 1860 1640 αὑτῷ
1905 1570 1975 1625 τὰ

377 1660 579 1733 ἡμίσηο
607 1660 673 1714 ἐκ
698 1660 904 1717 τούτων
925 1662 1089 1718 πάλιν
1117 1664 1230 1718 τῶν
1254 1663 1697 1734 ὑπολειφθέντων
1718 1663 1974 1719 ἀπεδίδου

374 1751 718 1823 τετραπλοῦν
757 1755 871 1818 τοῖς
902 1753 1035 1825 παρ’
1066 1754 1237 1808 αὐτοῦ
1276 1754 1617 1825 ἀδικηθεῖσιν
1637 1796 1651 1818 ,
1686 1752 1829 1808 ὥστε
1861 1754 1910 1807 εί
1945 1753 1975 1808 ὁ

379 1843 494 1915 βίος
523 1844 620 1899 τοῦ
648 1845 1018 1917 ἀρχιτελώνου
1040 1846 1102 1913 ἐξ
1122 1847 1363 1913 ἀδικίας,
1390 1847 1553 1911 αὐτὸς
1581 1847 1641 1901 δὲ
1667 1849 1846 1903 πάντα
1874 1848 1975 1901 ὅσα

375 1933 606 2006 ἠδίκησε
638 1936 1054 2008 τετραπλασίως
1086 1936 1419 2004 ἀποδίδωσι,
1460 1938 1655 1993 σκόπει
1691 1938 1769 2002 ὡς
1806 1940 1974 2006 γεγύ-

379 2046 591 2101 μνωται
625 2029 930 2095 παντελῶς.
966 2032 1281 2087 Κάντεῦθεν
1319 2032 1637 2104 εὑρίσκεται
1668 2031 1766 2085 τοῦ
1805 2032 1973 2103 νόμου

374 2125 628 2195 κρεῖττον
662 2125 899 2196 φρονῶν,
932 2125 1013 2197 τῷ
1041 2125 1367 2199 Εὕαγγελίῳ
1398 2125 1867 2198 μθητευὸμενος,
1897 2124 1974 2190 ὡς

374 2219 520 2289 ὑπὲρ
551 2219 744 2274 ἑαυτὸν
787 2220 1086 2291 ἀγαπήσας
1117 2220 1211 2273 τὸν
1243 2220 1508 2290 πλησίον,
1545 2220 1642 2273 καὶ
1678 2219 1975 2290 ὑπισχνού-

374 2326 541 2379 μενος
578 2311 677 2381 μὲν
705 2310 899 2378 ταῦτα,
933 2311 1136 2381 μᾶλλον
1167 2312 1227 2367 δὲ
1256 2314 1514 2384 ποιήσας.
1561 2312 1638 2365 Οὐ
1668 2311 1779 2383 1&9
1818 2306 1973 2365 εἷπεν

368 2400 477 2467 ὅτι,
525 2402 696 2457 Δώσω
729 2402 799 2457 τά
825 2403 1001 2475 ἡμίση
1023 2445 1039 2470 ,
1067 2405 1165 2458 καλ⁸
1196 2403 1468 2459 ἀποδώσω
1495 2404 1557 2459 τὸ
1589 2403 1928 2474 τετραπλοῦν
1952 2445 1970 2473 ,

370 2497 516 2564 ἀλλ’,
563 2498 696 2553 Ἰδοὺ
723 2500 916 2570 δίδωμι
942 2500 1037 2554 καὶ
1072 2501 1395 2571 ἀποδίδωμι.
1436 2502 1679 2556 Ἤκουσε
1719 2502 1830 2573 γὰρ
1872 2502 1973 2573 τῆς

364 2590 464 2645 τοῦ
480 2592 825 2660 Σολομῶντος
849 2595 1248 2666 παραινέσεως·
1275 2613 1293 2647 t
1321 2594 1411 2667 Μὴ
1432 2593 1971 2666 εῖπῃς,Ἐπανελθὼν

366 2683 646 2756 ιπάνηκε,
674 2685 769 2737 καὶ
808 2685 1001 2755 αὔριον
1041 2684 1200 2740 δώσω
1226 2703 1331 2741 σοι.
1371 2706 1390 2738 ι
1434 2686 1493 2741 '0
1523 2686 1764 2760 Χριστὸς
1805 2689 1971 2758 εὐαγ-

370 2775 654 2844 γελίζεται
685 2776 833 2847 αὐτῷ
870 2776 971 2849 τὴν
1022 2778 1335 2849 σωτηρίαν·
1366 2770 1645 2850 Σήμερον,
1687 2781 1846 2851 φησὶ,
1878 2779 1965 2834 δί-

363 2868 494 2935 δως,
543 2870 784 2941 σήμερόν
823 2887 907 2925 σοι
957 2872 1225 2943 σωτηρία.
1278 2872 1469 2928 Εἰπὼν
1497 2877 1631 2944 γὰρ,
1689 2874 1781 2943 Τῷ
1833 2875 1970 2946 οῐκῳ

366 2959 573 3033 τούτῳ,
629 2966 851 3028 πάντως
899 2962 991 3017 τὸν
1028 2965 1299 3035 Ζακχαῖον
1348 2965 1500 3035 δηλοῖ
1539 2968 1639 3037 τὴν
1690 2967 1969 3040 σωτηρίαν

362 3054 820 3127 προσδεχόμενον.
871 3055 932 3111 '0
971 3058 1082 3129 1&9
1119 3060 1388 3131 Ζακχαῖος
1422 3058 1512 3114 διὰ
1556 3058 1652 3114 τοῦ
1684 3060 1836 3115 οῐκου
1868 3060 1967 3133 δη-

2086 556 2142 602 et
2169 546 2258 601 illa
2290 561 2413 616 qua
2440 545 2693 612 retinuit,
2721 555 2781 601 ut
2815 545 3043 601 haberet
3078 544 3224 615 quod
3257 542 3455 613 injuria
3485 542 3696 603 affectis

2085 639 2262 705 daret,
2321 638 2569 694 retinuit.
2625 639 2793 694 Docet
2845 637 2992 693 enim
3042 653 3143 693 nos
3190 637 3396 692 nullum
3446 652 3569 693 esse
3614 637 3697 692 iu-

2084 749 2263 798 crum,
2290 734 2334 789 si
2362 734 2585 804 quidam
2618 749 2685 789 ex
2719 733 2987 804 injustitia
3020 733 3280 801 pecunias
3312 733 3539 800 habens,
3570 731 3696 789 aliis

2085 829 2436 893 misereatur,
2479 828 2687 883 relictis
2720 828 2826 882 illis
2857 842 2999 897 quos
3054 827 3254 895 injuria
3296 825 3577 883 affecerat.
3629 827 3695 883 Et

2082 921 2208 976 ride
2257 920 2536 991 quomodo
2570 921 2622 974 in
2654 921 2757 975 hoc
2791 935 2852 976 se
2876 930 3053 991 gerat.
3088 918 3467 988 Quadruplum
3512 916 3696 973 reddit

2082 1014 2127 1069 si
2178 1029 2342 1084 quem
2395 1014 2773 1081 defraudavit,
2812 1023 2869 1067 ut
2920 1013 3067 1067 illius
3120 1013 3208 1068 cui
3266 1011 3467 1081 injuria
3510 1011 3691 1075 facta,

2080 1107 2343 1163 damnum
2384 1110 2742 1163 resarciatur.
2798 1107 2923 1163 Haec
2962 1107 3108 1161 enim
3162 1121 3292 1161 vera
3342 1105 3691 1176 eleemosyna

2081 1208 2185 1264 est,
2226 1209 2285 1254 ut
2312 1215 2424 1255 non
2451 1200 2717 1254 reddatur
2738 1199 2917 1253 solum
2945 1199 3206 1253 damnum
3227 1196 3485 1264 simplex,
3515 1197 3614 1251 sed
3635 1204 3694 1250 et

2080 1308 2204 1349 cum
2234 1303 2551 1364 augmento,
2577 1292 2733 1363 juxta
2770 1292 2967 1363 legem.
3000 1290 3112 1345 Lex
3148 1293 3296 1346 enim
3330 1290 3506 1346 furem
3548 1306 3693 1361 qua-

2080 1381 2332 1451 druplum
2365 1379 2858 1450 redderejuhebat.
2887 1379 3152 1448 Quamvis
3177 1380 3220 1435 si
3249 1381 3540 1449 diligenter
3566 1395 3696 1436 eon-

2080 1475 2413 1538 sideremus,
2453 1474 2618 1529 nulla:
2668 1489 2894 1544 prorsus
2926 1474 3171 1543 pecunias
3215 1473 3262 1526 ei
3304 1473 3506 1529 relicta:
3540 1480 3692 1527 sunt.

2080 1563 2239 1620 Dedit
2268 1564 2415 1620 enim
2448 1565 2737 1621 dimidium
2773 1566 3040 1620 honorum
3072 1565 3431 1636 pauperibus.
3468 1562 3694 1619 Relicta:

2079 1670 2264 1715 autent
2301 1669 2427 1715 sunt
2458 1659 2779 1723 dimidiata},
2815 1668 2870 1716 et
2903 1674 2971 1715 ex
3008 1659 3092 1714 his
3125 1658 3332 1714 relictis
3368 1657 3517 1713 dedit
3552 1672 3692 1728 qua-

2080 1754 2333 1824 druplum
2365 1755 2451 1810 his
2479 1754 2574 1825 qui
2604 1768 2633 1808 a
2664 1769 2723 1810 se
2755 1754 2951 1822 iniuria
2982 1761 3143 1809 erant
3167 1751 3353 1808 affecti
3396 1769 3411 1805 :
3450 1760 3505 1807 et
3536 1752 3611 1805 ita
3643 1749 3690 1806 si

2080 1845 2220 1900 bona
2256 1846 2521 1916 principis
2557 1846 2972 1915 publicanoi-um
3009 1860 3077 1900 ex
3108 1844 3395 1914 iniustitia,
3436 1842 3555 1907 ipse
3589 1857 3690 1896 au-

2081 1947 2187 1993 tem
2207 1938 2391 1994 omnia
2409 1953 2771 2008 quacumque
2792 1938 2992 2009 injuste
3009 1935 3257 2001 abstulit,
3284 1931 3688 2006 quadrifariam

2078 2031 2337 2097 reddidit,
2358 2031 2649 2087 considera
2674 2032 2952 2102 quomodo
2977 2033 3206 2085 omnino
3231 2028 3398 2085 fuerit
3421 2029 3685 2085 nudatus.

2078 2123 2146 2179 Et
2188 2124 2319 2179 hinc
2366 2123 2707 2195 comperitur
2740 2123 2885 2194 quod
2918 2122 3209 2193 sublimius
3242 2120 3487 2191 sapuerit
3522 2135 3687 2190 quam

2077 2218 2164 2275 lex
2198 2216 2588 2289 praecipiebat,
2626 2232 2771 2272 nunc
2795 2216 3044 2272 eruditus
3080 2230 3148 2271 ex
3183 2212 3524 2285 Evangelia:
3556 2211 3688 2284 quia

2074 2311 2268 2367 dilexit
2302 2311 2618 2382 proximum
2666 2308 2788 2380 plus
2823 2323 2989 2378 quam
3025 2322 3117 2370 se,
3154 2307 3281 2362 talia
3310 2306 3645 2377 promittens
3667 2343 3687 2371 ,

2074 2404 2186 2458 imo
2222 2402 2451 2458 faciens.
2493 2399 2610 2456 Non
2646 2400 2798 2455 enim
2833 2398 2972 2455 dixit
3012 2414 3029 2454 :
3073 2398 3227 2454 Dabo
3267 2398 3593 2463 dimidium,
3630 2406 3688 2452 et

2074 2498 2298 2554 reddam
2338 2496 2704 2568 quadruplum
2738 2512 2752 2549 :
2788 2494 2908 2558 sed,
2944 2492 3085 2548 Ecce
3114 2492 3221 2557 do,
3254 2500 3307 2547 et
3344 2491 3535 2549 reddo.
3570 2492 3687 2547 Διι-

2073 2592 2250 2646 dierat
2278 2588 2424 2645 enim
2458 2588 2771 2645 Salomonis
2798 2587 3229 2644 admonitionem
3260 2603 3276 2642 :
3312 2603 3334 2639 ε
3371 2582 3452 2640 Ne
3491 2585 3645 2640 dicas
3666 2623 3686 2652 ,

2072 2680 2310 2738 Rediens
2341 2680 2481 2743 redi,
2504 2691 2555 2736 et
2581 2694 2705 2736 cras
2736 2680 2876 2735 dabo
2904 2679 2973 2734 ”.
3018 2698 3038 2732 ι
3063 2678 3316 2734 Christus
3345 2675 3689 2749 evmgelizat

2071 2778 2119 2831 ei
2152 2777 2381 2833 salutem
2416 2792 2433 2829 :
2466 2773 2644 2830 Hodie
2682 2774 2852 2843 enim,
2891 2774 3103 2845 inquit,
3141 2774 3261 2837 das,
3300 2772 3464 2828 hodie
3496 2770 3590 2828 tih'i
3631 2781 3690 2829 et

2071 2868 2241 2923 salus.
2262 2867 2505 2923 Dicendo
2526 2866 2699 2931 enim,
2729 2866 2922 2921 Domni
2947 2866 3095 2930 huic,
3118 2866 3344 2919 omnino
3360 2863 3685 2921 Zacchaum

2070 2962 2365 3033 signiilcat,
2390 2964 2484 3035 qui
2524 2962 2757 3020 salutem
2789 2962 3024 3032 accepit.
3054 2961 3356 3019 Zacchaaus
3394 2964 3543 3018 enim
3585 2977 3688 3034 per

2069 3056 2293 3110 domum
2311 3054 2678 3127 significatur.
2700 3054 2920 3112 Etenim
2943 3055 3303 3110 inanimatam
3324 3055 3546 3110 domum
3572 3070 3683 3111 non

358 3145 575 3215 λοῦται,
603 3148 727 3201 ἐπεὶ
746 3147 956 3219 ἄψυχον
971 3150 1317 3223 οἰκοδόμημα
1346 3150 1446 3206 οὐκ
1467 3150 1535 3206 ἂν
1559 3153 1675 3206 υἱὸν
1707 3152 1965 3224 Ἀϐραὰμ

2074 3149 2286 3205 dicehat
2313 3148 2482 3203 filium
2515 3150 2751 3205 Abrahae
2789 3163 2803 3201 :
2844 3149 2940 3204 sed
2977 3147 3340 3203 manifestum
3374 3149 3522 3218 quod
3557 3148 3685 3205 ani-

362 3240 554 3309 ἔλεγεν
574 3283 589 3307 ,
621 3241 761 3295 ἀλλά
792 3242 1062 3314 πρόδηλον
1107 3243 1192 3298 ὅτι
1239 3245 1331 3299 τὸν
1370 3244 1616 3318 ἔμψυχον
1646 3247 1965 3301 οἰκοδεσπό-

357 3353 495 3407 την⁹
531 3337 650 3390 υίδν
671 3336 731 3390 δὲ
766 3337 1021 3410 ’Δϐραάμ
1041 3338 1207 3393 αὑτὸν
1232 3337 1490 3407 ὠνόμασε
1514 3377 1530 3402 ,
1559 3339 1707 3410 τάχα
1746 3339 1845 3410 μὲν
1872 3340 1966 3392 κα)⁸

308 3486 321 3489 _
360 3429 441 3494 ὡς
476 3431 869 3498 πιστεύσαντα,
903 3432 1000 3485 καὶ
1031 3432 1395 3487 δικαιωθέντα
1433 3433 1498 3486 ὲκ
1528 3432 1789 3497 πίστεως,
1817 3432 1959 3504 τάχα

361 3522 422 3579 δὲ
466 3526 564 3579 καὶ
594 3523 671 3587 ὡς
717 3526 850 3598 περὶ
877 3525 949 3578 τά
988 3527 1252 3599 χρήματα
1283 3522 1664 3598 μεγαλόψυχον
1690 3526 1786 3579 καὶ
1812 3526 1964 3596 φιλό-

361 3635 603 3689 πτωχον,
634 3615 745 3681 οἷος
772 3614 843 3690 ἦν
875 3620 1083 3683 ἐκεῖνος
1112 3622 1141 3673 ὁ
1172 3619 1542 3692 πατριάρχης.
1584 3619 1732 3691 Ὅρα
1761 3620 1818 3675 δὲ
1837 3661 1851 3685 ,
1880 3621 1963 3675 δτι

260 3738 269 3751 ο
359 3708 459 3764 νῦν
481 3705 635 3763 εἶπεν
664 3710 783 3764 υίὸν
818 3710 1076 3783 Ἀϐραὰμ
1101 3712 1195 3765 τὸν
1224 3715 1517 3785 Ζακχαῖον,
1543 3716 1626 3770 ὅτι
1650 3715 1749 3786 τὴν
1780 3717 1844 3769 ἐκ
1865 3714 1962 3771 τοῦ

356 3803 568 3873 τρόπου
609 3800 749 3857 εῐδεν
795 3805 854 3857 ὲν
883 3803 1036 3875 αὑτῷ
1073 3804 1395 3875 ὁμοιότητα.
1430 3807 1504 3860 Οὐ
1550 3807 1657 3878 γὰρ
1693 3803 1849 3861 εἶπεν
1877 3809 1963 3863 ὅτι

358 3896 569 3952 Καθοτι
594 3900 687 3951 καὶ
717 3896 879 3961 αὐτὸς
901 3898 1019 3960 υίὸς
1052 3898 1303 3969 Ἀϐραὰμ
1324 3895 1413 3971 ἦν,
1446 3900 1663 3954 ἀλλ’ὅτι
1693 3902 1810 3954 ἐστὶ
1841 3904 1957 3955 νῦν⁹

357 3987 555 4060 πρώην
588 3988 719 4061 1&9,
748 3989 837 4043 ὅτε
880 3988 1254 4061 ἀρχιτελώνης
1281 3985 1352 4062 ἦν
1392 3990 1486 4045 καὶ
1526 3991 1842 4061 φορολόγος.
1867 3991 1963 4044 οὑ-

355 4079 551 4150 δςμίαν
573 4082 870 4151 ὁμοιότητα
894 4076 1035 4151 ἔχων
1066 4082 1202 4152 πρὸς
1229 4082 1321 4137 τὸν
1344 4082 1573 4147 δίκαιον,
1603 4082 1706 4136 οὐκ
1728 4079 1796 4154 ἦν
1820 4082 1957 4147 υίός.

2070 3247 2277 3296 matum
2312 3251 2525 3312 patrem
2570 3240 2811 3296 familias
2849 3241 3018 3295 tilium
3053 3240 3289 3297 Abrahae
3321 3238 3622 3297 nominarit
3663 3259 3682 3299 :

2066 3332 2319 3390 fortassis
2349 3342 2403 3389 et
2442 3333 2589 3404 quod
2617 3333 2961 3396 crediderat,
2985 3331 3439 3404 justiﬁeatusque
3467 3338 3592 3388 erat
3615 3348 3685 3389 ex

2068 3430 2172 3484 lide
2214 3446 2227 3482 :
2263 3426 2516 3484 fortassis
2570 3427 2717 3498 quod
2789 3428 2843 3482 in
2904 3427 3293 3499 dispensandis
3326 3428 3523 3500 opibus
3566 3444 3685 3484 ma-

2065 3522 2381 3594 gnanimus,
2432 3532 2488 3579 et
2537 3536 2842 3592 pauperum
2886 3533 3122 3589 amator,
3171 3522 3356 3594 qualis
3412 3530 3535 3578 erat
3577 3537 3681 3594 pa-

2067 3614 2305 3670 triarcha
2338 3614 2451 3669 ille.
2487 3612 2626 3669 Vide
2652 3615 2875 3685 insuper
2904 3614 3048 3684 quod
3081 3624 3137 3669 et
3168 3630 3315 3671 nunc
3342 3614 3478 3671 dicit
3508 3614 3681 3671 filium

2062 3709 2297 3765 Abraha‘
2325 3707 2651 3777 Zachmum,
2690 3724 2817 3765 cum
2848 3725 3062 3766 morum
3086 3709 3505 3765 similitudinem
3539 3710 3593 3764 in
3622 3724 3684 3766 se

2060 3804 2319 3860 ostendit.
2351 3803 2539 3873 Neque
2562 3803 2707 3857 enim
2742 3803 2906 3870 dixit,
2946 3799 3024 3857 Eo
3042 3802 3185 3871 quod
3218 3812 3277 3857 et
3304 3802 3421 3874 ipse
3447 3800 3685 3859 Abrahae

2062 3898 2207 3951 illius
2242 3880 2450 3960 fuerit,
2484 3899 2581 3952 sed
2628 3897 2775 3967 quod
2826 3912 2973 3952 nunc
3006 3898 3097 3952 sit.
3146 3894 3311 3953 Prius
3358 3897 3507 3952 enim
3552 3913 3680 3954 cum

2060 3993 2315 4061 princeps
2346 3991 2762 4060 publicanorum
2801 4001 2858 4047 et
2886 4001 3115 4047 exactor
3141 4002 3312 4058 esset,
3344 3991 3595 4062 nihilque
3625 3990 3682 4048 ei

2062 4087 2116 4141 in
2147 4086 2359 4155 justitia
2402 4101 2529 4139 cum
2564 4086 2844 4140 Abraham
2879 4100 3172 4140 commune
3200 4093 3379 4149 esset,
3407 4098 3514 4139 non
3559 4093 3682 4141 erat

368 4171 531 4225 Ἐπεὶ
570 4172 625 4226 δὲ
672 4173 768 4225 καὶ
812 4172 1116 4241 ἐγόγγυζον
1144 4174 1310 4240 τ·νὲς,
1343 4175 1427 4227 ὅτι
1458 4175 1611 4245 παρά
1640 4174 1958 4247 ἁμαρτωλῷ

2074 4179 2229 4233 filius.
2281 4178 2553 4247 Quoniam
2603 4188 2786 4233 autem
2822 4185 2877 4248 et
2915 4178 3411 4233 obmurmurabant
3449 4176 3676 4247 quidam

354 4266 515 4334 ἀνδρὶ
539 4266 823 4329 καταλύει,
852 4266 990 4337 πρὸς
1013 4266 1075 4321 τὸ
1100 4267 1455 4337 ὲπστομίσαι
1482 4268 1728 4335 τούτους,
1760 4268 1951 4341 φησίν·

2074 4273 2206 4342 quod
2264 4272 2407 4341 apud
2466 4281 2816 4341 peccatorem
2872 4270 3154 4325 hominem
3209 4270 3555 4338 divertisset,
3607 4273 3678 4327 ad

354 4354 530 4413 Ἦλθε
564 4360 671 4431 γὰρ
700 4361 729 4414 ὁ
767 4359 895 4423 Υἱὸς
929 4358 1025 4415 τοῦ
1057 4361 1154 4415 ἀνθ
1198 4362 1350 4415 ὡπου
1381 4360 1638 4433 ζητῆσαι,
1662 4364 1755 4417 καὶ
1782 4363 1955 4418 σῶσαι

2074 4364 2424 4420 :onfutaudos
2453 4380 2570 4427 eos,
2610 4365 2829 4434 inquit:
2863 4361 3015 4419 Venit
3048 4364 3195 4419 enim
3227 4362 3403 4419 Filius
3440 4364 3681 4419 hominis

351 4454 417 4508 τὸ
450 4453 754 4516 ἀπολωλός.
784 4451 972 4508 Ταῦτα
1022 4455 1120 4523 μὲν
1186 4456 1241 4510 :&
1288 4454 1383 4509 τοῦ
1426 4456 1615 4525 ῥητοῦ.
1660 4456 1875 4528 Ῥᾴδιον
1909 4459 1957 4511 δ’

2074 4470 2325 4525 quaerere.
2351 4466 2408 4510 et
2442 4455 2660 4510 salvare
2704 4455 2849 4526 quod
2883 4454 3144 4524 perierat.
3188 4455 3258 4509 Et
3303 4455 3408 4509 hoc
3450 4454 3678 4525 quidem

351 4545 472 4598 tati.
489 4545 585 4597 καὶ
602 4543 775 4607 ἄλλως
792 4521 1123 4597 ὲκλαϐίσθαι
1144 4546 1221 4609 είς
1240 4521 1438 4617 ἠθικὴν
1461 4521 1951 4613 ῶφέλειαν-ταῦτα·

2074 4521 2212 4619 tuna
2252 4551 2557 4606 historiam.
2599 4521 2786 4605 Facile
2818 4521 3005 4603 autem
3040 4557 3094 4604 et
3136 4547 3297 4602 aliter
3337 4521 3678 4617 hate-expo-

352 4638 464 4700 πᾶς
494 4636 604 4705 1&9
629 4636 658 4689 ὁ
699 4635 886 4707 ἀρχων
920 4639 980 4690 ὲν
1009 4637 1180 4707 κακίᾳ
1207 4636 1442 4697 πολλῶν.
1481 4637 1678 4709 μικρός
1712 4639 1830 4693 ἐστι
1855 4639 1953 4710 τὴν

2074 4660 2201 4699 nere
2224 4642 2351 4698 licet
2378 4644 2430 4697 in
2460 4642 2755 4697 utilitatem
2786 4641 3073 4696 moralem.
3107 4641 3301 4696 Omnis
3336 4642 3481 4694 enim
3517 4640 3675 4711 prin-

352 4726 736 4798 πνευματικὴν
795 4728 1057 4799 ἠλικίαν,
1109 4729 1414 4784 ἀντίκειται
1471 4731 1582 4801 1&9
1644 4731 1782 4801 σὰρξ
1858 4732 1953 4785 καὶ

2074 4752 2191 4807 ceps
2222 4737 2521 4791 multorum
2556 4735 2608 4789 in
2640 4734 2869 4800 malitia,
2902 4726 3102 4803 parvus
3130 4742 3218 4789 est
3252 4733 3523 4803 spirituali
3556 4744 3673 4789 sta—

352 4822 578 4892 πνεῦμα
600 4865 616 4883 ,
642 4822 738 4877 καὶ
774 4822 865 4877 διὰ
903 4824 1063 4878 τοῦτο
1092 4825 1154 4879 οὐ
1182 4824 1409 4879 δύναται
1447 4826 1576 4880 ίδεῖν
1605 4827 1699 4880 τὸν
1741 4825 1954 4897 Ἰησοῦν

2074 4836 2206 4890 iura,
2258 4827 2539 4882 contraria
2590 4826 2736 4880 enim
2790 4835 2919 4894 sunt
2969 4840 3101 4880 caro
3155 4836 3211 4879 et
3261 4825 3489 4894 spiritus
3542 4841 3556 4877 :
3619 4836 3677 4879 t-t

352 4915 467 4969 ἀπὸ
517 4910 612 4969 τοῦ
643 4914 802 4986 ὄχλου
832 4932 848 4947 ο
879 4915 986 4969 ὑπὸ
1005 4916 1116 4970 τῶν
1141 4918 1329 4971 παθῶν
1350 4917 1696 4989 ὀχλούμενος,
1726 4921 1822 4973 καὶ
1855 4919 1961 4973 ὑπὸ

2074 4919 2223 4993 m
2252 4928 2543 4990 prepterea
2568 4934 2676 4973 non
2706 4928 2888 4988 potest
2916 4917 3108 4973 videre
3132 4916 3322 4972 Jesum
3350 4928 3460 4984 prae
3487 4920 3670 4972 turlia.

353 5007 710 5077 πραγμάτων
754 5007 1050 5079 βιωτικῶν,
1083 5010 1143 5062 οὗ
1174 5009 1401 5065 δύναται
1432 5013 1568 5083 ὁρᾷν
1609 5012 1700 5065 τὸν
1742 5013 1955 5085 Ἰησοῦν

2074 5012 2157 5079 )ui
2182 5012 2329 5067 enim
2363 5027 2391 5065 a
2422 5010 2780 5065 saecularibus
2806 5008 3043 5079 negotiis
3066 5019 3119 5063 et
3152 5008 3533 5064 aﬂectionihus
3557 5022 3673 5061 tur-

351 5098 684 5170 ἐνεργοῦντα
706 5142 721 5166 ,
764 5100 861 5154 καὶ
892 5103 1212 5172 κινούμενον
1235 5144 1251 5169 ,
1282 5104 1379 5157 καὶ
1411 5104 1849 5176 περιπατοῦντα.
1897 5106 1957 5159 ’0

2074 5115 2239 5169 tatur,
2269 5121 2375 5159 non
2402 5105 2552 5159 videt
2580 5102 2770 5159 Jesum
2802 5113 3145 5172 operantem,
3168 5114 3224 5158 et
3253 5116 3591 5167 moventem,
3616 5112 3672 5158 ct

348 5187 463 5258 1&9
501 5188 745 5253 τοιοῦτος
778 5191 1039 5262 οὐδεμίαν
1085 5193 1373 5264 ἐνέργειαν
1413 5195 1774 5264 ἐπιγινώσκει
1818 5199 1959 5268 X9:-

2074 5197 2450 5251 imbulantem.
2486 5195 2624 5251 Nam
2673 5196 2764 5266 qui
2803 5196 2927 5251 talis
2966 5206 3086 5263 est,
3138 5196 3345 5251 nullam
3388 5198 3673 5266 experitur

352 5279 556 5350 στιανῷ
580 5282 905 5352 πρέπουσαν
928 5300 942 5315 ο
980 5285 1140 5338 τοῦτο
1172 5288 1283 5358 γάρ
1322 5290 1441 5342 ἐστι
1478 5289 1539 5342 τὸ
1581 5289 1821 5359 βαδίζειν
1865 5291 1958 5344 τὸν

2074 5288 2435 5359 iperationem
2470 5288 2785 5345 Christiano
2817 5289 3062 5358 dignam.
3098 5290 3216 5345 Hoc
3246 5300 3330 5344 est
3358 5291 3505 5343 enim
3550 5305 3671 5342 am-

361 5371 575 5441 Ἰησοῦν
596 5413 611 5437 ,
640 5376 914 5441 τουτέστι,
943 5376 1006 5430 τὸ
1035 5378 1297 5449 πράττειν
1324 5397 1378 5434 τι
1410 5380 1467 5433 ὲν
1502 5384 1635 5452 ἡμῖν
1668 5382 1762 5435 τὸν
1808 5384 1947 5454 Χρι-

2074 5383 2246 5439 iulare
2278 5383 2464 5438 Jesum
2488 5426 2504 5450 ,
2539 5385 2757 5454 operari
2802 5382 3089 5440 Christum
3142 5383 3350 5455 aliquid
3392 5384 3449 5439 in
3483 5383 3670 5439 nobis.

349 5466 497 5519 στόν.
534 5464 675 5519 Ἀλλ’
700 5470 729 5521 ὀ
760 5468 1004 5534 τοιοῦτος
1026 5471 1315 5542 ἅνθρωπος
1337 5477 1365 5528 ὁ
1394 5475 1664 5546 μηδέποτε
1702 5476 1828 5529 ἰδὼν
1854 5477 1945 5529 τὸν

2074 5479 2124 5532 tt
2166 5478 2291 5531 talis
2332 5478 2497 5532 homo
2524 5479 2617 5549 qui
2667 5494 2946 5549 nunquam
2982 5479 3117 5534 vidit
3151 5477 3339 5534 Iesum
3378 5476 3670 5531 ambulau-

358 5556 571 5629 Ἰησοῦν
611 5559 937 5631 βαδίζοντα.
991 5564 1131 5620 ἀλλὰ
1177 5567 1360 5637 πάσης
1412 5569 1669 5641 πράξεως
1718 5572 1944 5641 Χριστῷ

2079 5586 2187 5634 em,
2226 5586 2400 5640 neque
2433 5573 2605 5626 sensit
2647 5571 2810 5625 ullam
2853 5572 3229 5641 operationem
3272 5570 3493 5624 Christo
3524 5585 3667 5624 con-

344 5648 701 5724 ἁρμοζούσης
732 5656 1157 5729 ἀνεπαίσθητος,
1192 5661 1257 5714 ὲκ
1293 5661 1663 5732 μεταμελείας
1698 5662 1778 5727 είς
1813 5678 1939 5717 συν·

2074 5679 2269 5733 ;ruam,
2292 5678 2436 5733 smpe
2463 5678 2559 5735 per
2582 5664 2966 5735 pmnitentiam
2988 5664 3147 5722 venit
3171 5666 3225 5721 in
3252 5663 3659 5720 conscientiam

413 5826 461 5860 "
490 5827 653 5886 i‘rov.
687 5845 768 5898 tu,
800 5831 893 5889 9.8.
