4100 6334
539 349 672 415 UB3

1413 354 1515 413 ΤΠ
1529 355 1991 415 EOPHYLACTI
2039 353 2447 418 BULGARIE
2495 357 2534 411 Α
2549 355 2849 414 RCIIIEP.

3646 357 3784 419 ltili

534 477 585 518 et
637 463 885 518 ascendit
936 463 988 517 in
1040 463 1387 532 capt-idcum,
1428 482 1640 521 ouiuem
1683 467 2008 536 voluptatem
2056 485 2081 521 ιι

2222 467 2471 538 αίσθησιν
2508 467 2724 536 ἔρχεται.
2766 465 3046 532 πολλάκις,
3081 468 3171 521 καὶ
3203 469 3478 522 ἀναϐαίνει
3508 470 3600 522 ἐπὶ
3636 488 3790 524 συκο-

530 552 892 617 dulcedinem,
920 569 1037 623 qua:
1064 569 1159 623 per
1200 555 1357 610 lit-um
1392 558 1719 622 insinuatur,
1753 561 2027 616 inl'atuaus
2054 573 2108 616 et

532 648 883 700 mort-ificans.
933 646 996 700 Et
1041 647 1120 702 sic
1155 652 1422 704 excelsior
1470 668 1525 706 se
1572 652 1778 720 factus,
1831 657 2105 711 ascensio-

534 754 740 808 nesque
762 739 813 792 in
837 741 997 792 corde
1020 757 1115 795 suo
1145 759 1369 808 ponens,
1391 745 1600 799 videtur
1626 763 1652 799 a
1681 745 1830 813 Jesu,
1856 757 1909 803 et
1936 751 2101 805 videt.

529 831 776 897 Dicitque
814 830 877 888 ad
915 833 1061 886 illum
1097 833 1392 892 Dominus:
1420 836 1658 903 Festina,
1689 840 1976 909 descende,
2004 845 2104 900 hoc

527 934 628 987 est,
661 926 960 978 Aseendisti
996 941 1089 992 per
1117 929 1487 994 pmnitentiam
1520 931 1570 984 in
1610 931 1981 989 sublimiorem
2019 939 2101 989 vi-

529 1022 656 1074 tam,
701 1013 966 1066 descende
995 1029 1087 1082 per
1119 1016 1501 1072 humilitatem.
1542 1018 1656 1072 Non
1707 1029 1759 1073 te
1797 1023 2104 1090 supplanlet

525 1105 786 1168 superbus
821 1120 1013 1159 sensus
1060 1123 1073 1160 :
1110 1108 1300 1161 festina
1324 1151 1338 1174 ,
1388 1110 1689 1166 buntiliare.
1735 1111 1789 1166 Si
1825 1114 1968 1168 enim
2006 1115 2103 1168 Int-

525 1195 762 1249 miliatus
808 1196 1008 1260 fueris,
1045 1200 1096 1252 in
1139 1201 1299 1254 domo
1337 1213 1421 1254 tua
1471 1214 1681 1270 Oportet
1725 1219 1808 1257 me
1859 1219 2098 1260 manere.

524 1284 753 1339 Necesse
782 1288 948 1353 enim,
980 1291 1175 1358 inquit,
1217 1301 1272 1343 ut
1302 1307 1401 1360 ego
1437 1309 1684 1348 maneam
1722 1295 1773 1348 in
1804 1297 1960 1350 domo
1997 1299 2094 1349 ltu-

526 1378 711 1432 milis:
753 1399 771 1430 ι
824 1380 903 1432 Ad
940 1398 1098 1449 quem
1159 1385 1300 1437 enim
1367 1387 1649 1455 respiciam
1715 1403 1873 1456 quam
1938 1405 2102 1454 super

525 1480 892 1534 mansuetum,
942 1483 992 1524 et
1030 1474 1270 1541 quietutn
1296 1517 1310 1540 ,
1346 1485 1399 1530 et
1446 1487 1764 1533 trementem
1814 1495 2099 1538 sermones

522 1572 671 1610 meos
702 1561 786 1613 ’5?
816 1581 832 1610 )
866 1561 1075 1616 Etenim
1110 1565 1199 1631 qui
1240 1566 1360 1621 talis
1386 1578 1488 1630 est,
1517 1570 1796 1623 dimidium
1837 1573 2095 1627 benorum

523 1665 741 1703 Sunrum
778 1655 864 1705 dat
911 1658 1232 1724 pauperibus
1279 1659 1631 1714 dzemonibus.
1678 1661 1917 1729 Duplicia
1953 1665 2097 1718 enim

521 1749 648 1790 sunt
681 1741 813 1791 bona
847 1751 1025 1795 nostra
1048 1782 1062 1805 ,
1092 1747 1334 1813 corporis
1365 1749 1486 1802 diro
1507 1790 1520 1811 ,
1553 1764 1602 1803 et
1639 1754 1852 1807 animte.
1902 1752 2094 1809 Oumia

2216 561 2439 628 μορέαν,
2473 560 2652 611 πᾶσαν
2683 559 2879 629 ἡδονὴν
2910 559 3004 613 καὶ
3043 559 3385 630 γλυκύτητα,
3427 562 3548 632 ἣτις
3576 562 3662 614 διὰ
3692 565 3788 628 τῆς

2213 653 2380 719 συκῆς
2406 651 2684 722 δηλοῦται,
2726 652 3018 722 μωραίνων
3058 654 3152 706 καὶ
3185 654 3509 725 ἁπονεκρῶν
3531 695 3547 719 ,
3583 657 3674 708 καὶ
3701 656 3789 708 σῦ-

2207 761 2313 806 τως
2343 744 2674 814 ὑψηλότερος
2707 743 2904 797 ἑαυτοῦ
2942 745 3253 814 γενόμενος,
3291 748 3384 800 καὶ
3417 748 3706 811 ἀναϐάσεις
3733 749 3789 800 ἐν

2205 841 2272 909 τῇ
2304 839 2502 909 καρδίᾳ
2539 838 2932 908 διατιθέμενος,
2958 841 3153 910 ὁρᾶται
3190 841 3294 894 ὑπὸ
3327 841 3422 895 τοῦ
3468 843 3668 913 Ἰησοῦ,
3699 845 3789 896 καὶ

2206 931 2329 1000 ὁρᾷ,
2361 929 2454 983 καί
2491 947 2626 1000 φησι
2655 930 2792 1002 πρὸς
2829 931 2991 984 αὑτὸν
3021 933 3049 985 ό
3084 931 3310 1004 Κύριος,
3342 933 3591 996 Σπεύσας
3624 935 3790 986 κατέ-

2205 1022 2351 1090 ϐηθι,
2380 1023 2678 1086 τουτέστιν,
2725 1023 2950 1095 Ἀνέϐης
2975 1025 3062 1078 διὰ
3084 1027 3180 1096 τῆς
3208 1026 3501 1096 μετανοίας
3545 1027 3631 1094 ἐφ’
3657 1027 3788 1096 ser,-

2205 1110 2424 1182 λότερον
2458 1112 2590 1183 βίον,
2617 1112 2887 1182 κατάϐηθι
2925 1113 3011 1166 διὰ
3043 1113 3138 1182 τῆς
3167 1113 3635 1185 ταπεινοφροσύνη
3649 1131 3688 1181 ς,
3718 1116 3789 1184 μή

2207 1225 2265 1260 σε
2297 1189 2629 1277 ὑποσκελίσῃ
2659 1209 2689 1277 ἡ
2722 1207 3166 1278 ὑψηλοφροσύνη.
3213 1207 3478 1269 Σπεῦσον,
3520 1206 3789 1260 ταπεινώ-

2203 1303 2346 1373 θητι.
2394 1305 2519 1358 Ἐὰν
2543 1305 2652 1376 γὰρ
2681 1303 3028 1375 ταπεινωθῇς
3051 1348 3064 1371 ,
3101 1304 3159 1356 ἂν
3191 1302 3268 1374 τῷ
3299 1303 3434 1374 οἴκῳ
3470 1320 3565 1358 σου
3600 1304 3682 1356 δεῖ
3723 1321 3788 1372 με

2205 1399 2384 1466 μεῖναι
2411 1411 2424 1426 ·
2459 1395 2754 1464 ἀναγκαῖον
2787 1395 2915 1467 γὰρ,
2961 1396 3146 1468 φησὶν,
3182 1395 3300 1447 ἐστὶ
3351 1395 3412 1448 τὸ
3458 1397 3515 1448 ὲν
3549 1395 3626 1464 τῷ
3657 1395 3790 1464 οἴκῳ

2200 1489 2294 1542 τοῦ
2333 1487 2594 1542 ταπεινοῦ
2630 1489 2814 1557 μένειν
2849 1506 2938 1558 με.
2971 1509 2989 1540 ι
3038 1489 3161 1541 Ἐπὶ
3191 1488 3312 1540 τίνα
3348 1489 3456 1557 γὰρ
3486 1487 3787 1555 ementem,

2203 1581 2232 1652 ἢ
2262 1581 2350 1633 ἐπὶ
2377 1581 2468 1634 τὸν
2491 1582 2666 1652 πρᾷον
2685 1583 2777 1634 καὶ
2801 1581 3025 1652 ἡσύχιον
3053 1582 3145 1635 καὶ
3173 1581 3444 1650 τρέμοντα
3473 1581 3600 1642 τοὺς
3625 1581 3789 1650 ἐμοὺς

2199 1669 2419 1737 λόγους;
2456 1690 2472 1722 ι
2518 1671 2574 1724 '0
2610 1670 2852 1734 τοιοῦτος
2883 1671 2979 1724 καὶ
3005 1670 3073 1724 τὰ
3101 1670 3274 1740 ἡμίση
3303 1671 3410 1723 τῶν
3434 1671 3790 1740 ὑπαρχόντων

2199 1761 2385 1815 δίδωσι
2413 1766 2524 1826 τοῖς
2552 1765 2788 1833 πτωχοῖς
2818 1763 3061 1833 δαίμοσι.
3093 1763 3296 1816 Διττῶν
3328 1763 3437 1833 γὰρ
3466 1763 3636 1816 ὄντων
3659 1765 3787 1831 ἡμῖν

520 1829 820 1893 corporalia
837 1834 1084 1884 concedit
1102 1833 1278 1898 justus
1299 1852 1422 1891 vere
1441 1843 1790 1907 pauperibus,
1839 1845 2088 1913 omnique

2199 1854 2307 1906 τῶν
2347 1855 2701 1926 ὑπαρχόντων
2728 1896 2742 1917 ,
2780 1855 3107 1926 σωματικῶν
3143 1872 3324 1926 φημι,
3355 1872 3446 1908 και
3501 1854 3781 1924 ψυχικῶν·

518 1917 656 1969 bono
684 1916 954 1974 destitutis
981 1923 1334 1980 daemonibus.
1367 1930 1575 1985 Animae
1608 1945 1786 1987 autem
1819 1937 1951 1988 bona
1986 1953 2090 1990 non

520 2007 812 2076 dispendii,
859 2012 908 2065 id
951 2015 1092 2080 quod
1138 2027 1192 2071 et
1236 2018 1302 2072 de
1335 2017 1438 2074 Job
1487 2021 1772 2077 Domimun
1827 2027 2088 2080 dicentem

517 2103 859 2158 audivimus:
887 2105 1268 2164 Verumtamen
1299 2112 1533 2167 animam
1562 2116 1679 2184 ejus
1723 2132 1788 2170 ne
1824 2120 2085 2189 tetigeris.

518 2192 622 2247 Sed
653 2205 705 2247 ct
733 2197 776 2250 si
813 2213 972 2266 quem
1007 2200 1358 2268 deft-sudavit,
1403 2207 1574 2260 reddit
1599 2209 1974 2280 quadruplum.
2005 2212 2089 2265 lu-

516 2286 762 2341 sinuatur
797 2291 957 2358 igitur
995 2307 1089 2357 per
1125 2295 1226 2347 hoc
1260 2297 1402 2364 quod
1443 2300 1621 2352 omnis
1646 2303 1736 2369 qui
1788 2317 1884 2369 per
1913 2306 2091 2373 pecni-

514 2376 736 2427 tentiam
775 2379 910 2432 viam
947 2382 1091 2436 vadit
1133 2386 1457 2438 contrariam
1500 2388 1665 2452 priori
1705 2392 1958 2459 malitize,
1996 2411 2092 2462 per

514 2476 744 2533 quatuor
776 2472 1000 2527 virtutes
1027 2477 1202 2527 omnia
1231 2493 1348 2544 qua:
1379 2479 1525 2547 prius
1560 2491 1778 2549 peccata
1813 2495 1968 2545 sunt,
2003 2500 2088 2538 sa—

515 2570 653 2614 nat:
690 2572 742 2615 ct
787 2566 864 2618 sic
907 2566 1101 2634 accipit
1151 2572 1414 2635 Salutem,
1473 2572 1726 2642 ﬁliusque
1775 2578 2088 2632 nominatur

511 2650 773 2718 Abrabze,
809 2671 872 2708 eo
902 2659 1039 2724 quod
1069 2669 1119 2712 et
1155 2660 1266 2728 ipse
1308 2678 1558 2732 egressus
1587 2667 1659 2719 sit
1695 2667 1759 2721 de
1789 2677 1929 2724 terra
1965 2687 2085 2739 sua,

511 2750 567 2795 et.
606 2746 922 2812 cognatione
971 2750 1165 2818 prioris
1202 2753 1452 2818 malitiae,
1501 2767 1555 2809 et
1595 2757 1662 2812 de
1711 2759 1874 2814 domo
1919 2764 2089 2830 patris

511 2835 624 2894 sui,
665 2835 767 2888 hoc
799 2849 910 2901 est,
948 2852 1096 2892 extra
1144 2842 1380 2911 seipsu-n
1420 2841 1595 2899 factus
1622 2887 1635 2908 ,
1671 2859 1724 2900 et
1758 2863 1959 2918 negans
2005 2867 2089 2904 se-

511 2929 705 2994 ipsum.
747 2928 944 2984 Domus
975 2936 1114 2986 enim
1151 2937 1317 3000 patris
1346 2940 1429 2991 ειιὶ
1457 2939 1655 2995 diaboli
1686 2941 1800 3008 ipse
1820 2952 1953 2995 erat.
1981 2941 2087 3011 lgi-

512 3031 598 3074 tstr
628 3034 778 3076 extra
806 3017 1040 3093 seibsum
1073 3025 1246 3082 factus
1277 3038 1330 3084 et
1375 3030 1642 3087 alienatus
1685 3034 1912 3090 salutem
1945 3035 2085 3091 sicut

506 3114 778 3167 Abraham
814 3123 1184 3186 consequitur.

2199 1944 2308 1997 τῶν
2358 1946 2458 2017 μὲν
2500 1947 2834 2016 σωματικῶν
2888 1948 3106 2001 πάντων
3145 1949 3469 2019 παραχωρεῖ
3513 1947 3541 1998 ό
3579 1947 3785 2009 δίκαιος

2201 2039 2312 2100 τοῖς
2346 2041 2583 2108 πτωχοῖς
2621 2038 2698 2108 τῷ
2742 2040 2876 2104 ὄντι,
2921 2041 3014 2092 καὶ
3064 2039 3265 2102 παντὸς
3303 2038 3512 2107 ἀγαθοῦ
3559 2041 3785 2109 ἐστερη-

2204 2132 2384 2200 μένοις
2417 2130 2668 2199 δαίμοσι·
2700 2131 2809 2185 τῶν
2848 2131 2903 2184 δὲ
2925 2132 3173 2202 ψυχικῶν
3205 2131 3303 2202 οὑχ
3343 2131 3730 2196 ὑπεξίσταται,
3757 2131 3784 2184 ὃ

2201 2223 2293 2276 καὶ
2327 2223 2416 2274 ἐπὶ
2441 2222 2534 2274 τοῦ
2578 2221 2697 2274 Ἰὼϐ
2724 2223 2967 2292 ἔγνωμεν
2994 2224 3086 2276 τὸν
3113 2223 3318 2292 Κύριον
3348 2223 3596 2292 λέγοντα,
3639 2223 3783 2294 Πλὴν

2198 2315 2296 2380 τῆς
2325 2311 2501 2381 ψυχῆς
2533 2310 2698 2365 αὑτοῦ
2736 2311 2808 2384 μὴ
2843 2313 2976 2383 ἅψῃ.
3010 2313 3178 2367 Ἀλλὰ
3211 2314 3306 2367 καὶ
3335 2313 3389 2366 εἴ
3411 2314 3552 2378 τινός
3580 2333 3629 2368 τι
3660 2317 3780 2368 ἐσυ-

2199 2405 2507 2474 κοφάντησε
2533 2445 2546 2468 ,
2582 2407 2923 2473 τετραπλοῦν
2965 2408 3339 2462 ἀποτίννυσιν.
3382 2408 3690 2461 Αἰνίττεται
3723 2408 3778 2461 δὲ

2197 2497 2285 2550 διὰ
2315 2498 2530 2560 τούτου,
2566 2499 2645 2551 ὅτι
2676 2501 2783 2563 πᾶς
2813 2501 2838 2552 ὁ
2865 2500 2952 2554 διὰ
2989 2501 3277 2570 μετανοίας
3304 2502 3402 2572 τὴν
3436 2503 3684 2555 ἐναντίαν
3713 2504 3776 2571 τῇ

2198 2589 2440 2659 προτέρα
2475 2589 2643 2659 κακίᾳ
2678 2589 2796 2644 ὁδὸν
2842 2590 3170 2660 ἐρχόμενος,
3222 2592 3310 2645 διὰ
3344 2593 3455 2647 τῶν
3500 2593 3778 2662 τεσσάρων

2196 2681 2407 2750 ἀρετῶν
2428 2682 2603 2734 πάντα
2623 2682 2692 2735 τα
2716 2684 2980 2756 πρότερον
3007 2685 3394 2756 ἁμαρτηθέντα
3424 2688 3656 2752 ὲξιᾶται,
3689 2687 3778 2740 καὶ

2197 2772 2370 2836 οὕτως
2417 2775 2685 2845 λαμϐάνει
2717 2777 2815 2848 τὴν
2863 2781 3175 2851 σωτηρίαν,
3226 2779 3322 2833 καὶ
3382 2781 3632 2852 Ἀϐραάμ
3667 2781 3778 2844 υἱὸς

2197 2863 2545 2933 ὀνομάζεται,
2577 2866 2652 2928 ὡς
2681 2868 2775 2919 καὶ
2807 2867 2968 2932 αὑτὸς
2992 2868 3222 2933 ἐξελθὼν
3249 2872 3312 2923 ὲκ
3336 2870 3434 2938 τῆς
3453 2871 3557 2939 γῆς
3590 2871 3776 2931 αὑτοῦ,

2195 2957 2289 3007 καί
2321 2959 2382 3008 ὲκ
2413 2958 2511 3026 τῆς
2543 2959 2864 3026 συγγενείας
2886 2961 2985 3027 τῆς
3006 2961 3278 3033 προτέρας
3306 2964 3526 3025 κακίας,
3559 2967 3652 3016 καὶ
3676 2964 3780 3027 ἔξω

2199 3049 2286 3102 τοῦ
2319 3050 2468 3102 οἴκου
2503 3051 2594 3103 τοῦ
2630 3051 2836 3121 πατρὸς
2863 3052 3029 3105 αὑτοῦ
3052 3093 3066 3116 ,
3102 3055 3405 3117 τουτέστιν,
3441 3053 3544 3118 ἔξω
3584 3053 3776 3107 ἑαυτοῦ

2195 3141 2460 3209 γεγονὼς,
2491 3144 2586 3196 καὶ
2617 3143 3080 3214 ἁπαρνησάμενος
3110 3146 3320 3200 ἑαυτόν.
3361 3143 3520 3209 Οἶκος
3550 3146 3658 3216 γὰρ
3683 3145 3774 3199 τοῦ

509 3209 711 3278 πατρὸς
752 3211 916 3263 αὑτοῦ
962 3215 1055 3266 τοῦ
1103 3215 1347 3272 διαϐόλου
1394 3219 1555 3284 αὑτὸς
1598 3216 1685 3293 ἦν.
1726 3223 1871 3289 Ἔξω
1911 3230 2092 3284 τοίνυν
2129 3231 2326 3288 ἑαυτοῦ
2360 3237 2621 3304 γεγονὼς,
2654 3209 2752 3291 καί
2780 3209 3117 3302 ἀλλοιωθεὶς,
3180 3238 3457 3311 σωτηρίας
3520 3240 3777 3310 τυγχάνει

508 3303 646 3356 κατὰ
675 3302 767 3355 τὸν
812 3304 1080 3379 Ἀϐραάμ.

579 3393 745 3450 Vens.
787 3398 966 3453 ll—H.
1011 3419 1028 3452 ι
1084 3401 1217 3469 Hoc,
1257 3406 1364 3462 illis
1397 3411 1776 3477 audientibus,
1821 3415 2082 3485 adjiciens
2117 3423 2162 3485 C

508 3487 637 3540 dicit
679 3492 1022 3560 parabolam,
1071 3511 1134 3549 eo
1169 3499 1309 3566 quod
1361 3512 1505 3557 esset
1558 3520 1724 3575 prope
1773 3506 2086 3583 Hierosoly-

509 3594 650 3631 mam
674 3620 687 3643 ,
723 3586 970 3652 quodque
1009 3588 1381 3645 existimarent
1416 3593 1530 3650 fore
1570 3608 1626 3650 ιιι
1675 3601 1958 3656 confestim
1997 3620 2082 3659 re-

506 3688 671 3740 gnum
697 3673 788 3727 Dei
822 3678 1279 3738 manifeSIaretur.
1303 3684 1446 3739 Dixit
1470 3704 1597 3759 ergo
1627 3707 1640 3744 :
1668 3691 1838 3748 llomo
1864 3697 2079 3763 quidam

508 3778 801 3830 generosus
824 3770 1208 3835 profectusgest
1236 3777 1287 3829 iu
1314 3780 1592 3848 regionem
1625 3783 1998 3855 longinquam,
2025 3801 2083 3844 ut

506 3856 772 3925 acciperet
799 3861 898 3914 sibi
937 3878 1179 3933 regnum,
1213 3884 1275 3921 ac
1307 3885 1690 3929 reverteretur.
1730 3875 1947 3933 Vocatis
1981 3896 2080 3934 au-

506 3958 610 4001 tem
644 3951 827 4005 decent
858 3958 1026 4009 servis
1057 3959 1188 4024 suis,
1217 3961 1360 4016 dedit
1384 3965 1462 4018 eis
1484 3967 1668 4022 decem
1695 3972 1890 4035 minas,
1926 3982 1978 4027 et
2008 3974 2082 4027 ait

505 4041 569 4090 ad
612 4040 726 4095 illos
758 4060 769 4094 :
801 4042 1156 4114 Ni-gotietnini
1207 4051 1378 4107 donec
1425 4057 1655 4110 veniam.
1705 4059 1861 4114 Cives
1897 4070 2075 4116 autem

505 4131 618 4195 ejus
654 4139 875 4188 oderant
927 4155 1081 4206 eum,
1141 4144 1509 4217 miseruntque
1576 4149 1900 4220 legationem
1958 4166 2078 4222 post

506 4224 687 4288 illum,
739 4228 981 4283 diueutes
1032 4249 1046 4284 :
1099 4231 1360 4291 Nolumus
1425 4239 1569 4293 ltunc
1629 4259 1856 4312 regnare
1913 4263 2076 4317 super

505 4332 624 4371 nos.
674 4337 692 4369 ι
750 4319 971 4376 Videtur
1025 4327 1151 4380 mihi
1195 4333 1336 4398 quod
1379 4334 1625 4390 homines
1673 4338 1746 4391 illi
1791 4340 2072 4395 audientes

505 4426 726 4477 regnum
773 4414 884 4480 Dei,
924 4417 1048 4470 illud
1090 4423 1506 4490 suspicabantur
1548 4432 1846 4498 temporale
1883 4446 2005 4488 esse
2041 4449 2072 4488 a

505 4500 608 4552 Deo
644 4504 824 4556 datum
878 4508 926 4560 in
991 4509 1290 4566 libertatem
1348 4517 1597 4572 Hebraici
1651 4526 1864 4589 generis
1922 4543 1932 4577 :
1993 4526 2074 4578 id-

500 4592 646 4643 i-irro
699 4603 752 4646 et
807 4599 1226 4662 Suspicabanlttr
1282 4609 1421 4672 quod
1476 4608 1632 4665 Jesus
1668 4617 1969 4669 ascendens
2022 4619 2071 4670 iu

497 4681 816 4750 Jerusalem,
871 4687 1031 4760 445
1082 4705 1394 4764 sumpturus
1443 4711 1589 4758 esset
1645 4703 1745 4758 hoc
1820 4722 2068 4777 regnum.

2283 3436 2299 3468 ι
2345 3417 2684 3471 Ἀκουόντων
2709 3419 2764 3472 δὲ
2797 3419 2977 3473 αὑτῶν
3011 3419 3202 3485 ταῦτα,
3240 3421 3499 3492 προσθεὶς
3531 3416 3650 3474 εἷπε
3681 3434 3777 3474 πα·

2197 3511 2452 3582 ραϐολὴν,
2489 3511 2577 3564 διὰ
2608 3512 2667 3565 τὸ
2699 3513 2866 3580 ἐγγὺς
2897 3513 3059 3566 αὑτὸν
3089 3509 3229 3566 εἶναι
3273 3515 3650 3585 Ἰερουσαλὴμ,
3683 3516 3778 3567 καὶ

2191 3604 2371 3656 δοκεῖν
2399 3604 2617 3668 αὐτοὺς,
2651 3604 2731 3657 ὅτι
2763 3605 3110 3675 παραχρῆμα
3141 3607 3324 3675 μέλλει
3351 3607 3381 3676 ἡ
3410 3606 3658 3676 βασιλεία
3683 3606 3774 3660 τοῦ

2191 3696 2324 3750 Θεοῦ
2342 3697 2755 3765 ἀναφαίνεσθαι.
2779 3694 2944 3751 Εἶπεν
2969 3699 3081 3753 οὖν·
3103 3700 3424 3770 Ἀνθρωπος
3444 3718 3528 3764 τις
3549 3700 3776 3772 εὐγενὴς

2190 3790 2462 3860 ἐπορεύθη
2486 3793 2563 3852 είς
2595 3794 2778 3862 χώραν
2803 3793 3044 3860 μακρὰν,
3070 3793 3254 3846 λαϐεῖν
3273 3794 3451 3863 ἐαυτῷ
3475 3793 3775 3864 βασιλείαν,

2190 3882 2284 3934 καὶ
2336 3881 2712 3951 ὑποστρέψαι,
2751 3883 2987 3946 καλέσας
3023 3884 3078 3936 δὲ
3117 3884 3249 3938 δέκα
3277 3885 3498 3947 δούλους
3533 3887 3731 3939 ἑαυτοῦ
3758 3928 3772 3951 ,

2189 3972 2389 4026 ἔδωκεν
2435 3975 2618 4038 αὐτοῖς
2659 3973 2791 4027 δέκα
2824 3976 2962 4044 μνᾶς
2986 4018 2999 4040 ,
3035 3976 3129 4028 καὶ
3163 3971 3316 4030 εἶπεν
3369 3979 3506 4049 πρὸς
3539 3980 3772 4044 αὐτοὺς,

2194 4063 2725 4132 Πραγματεύσασθε,
2757 4067 2861 4126 ἕως
2893 4065 3143 4136 ἔρχομαι.
3172 4069 3234 4120 Οἱ
3263 4069 3318 4121 δὲ
3351 4069 3577 4123 πολῖται
3608 4069 3771 4122 αὑτοῦ

2186 4153 2410 4222 ἑμίσουν
2430 4157 2612 4220 αὑτὸν,
2635 4156 2729 4208 καὶ
2751 4158 3078 4211 ἀπέστειλαν
3097 4159 3392 4229 πρεσϐείαν
3413 4162 3588 4216 ὀπίσω
3610 4163 3772 4216 αὑτοῦ

2185 4246 2457 4314 λέγοντες,
2493 4250 2566 4301 Οὑ
2601 4249 2828 4318 θέλομεν
2865 4250 3053 4304 τοῦτον
3083 4251 3399 4321 βασιλεῦσαι
3428 4257 3512 4323 ἐφ’
3544 4258 3712 4326 ἡμᾶς.
3751 4277 3767 4308 ι

2185 4344 2341 4394 Δοκεῖ
2389 4359 2497 4409 μοι,
2541 4345 2620 4394 ὄτι
2662 4344 2711 4394 οἱ
2755 4343 3034 4413 ἄνθρωποι
3075 4339 3221 4399 οὗτοι
3276 4347 3569 4411 ἀκούοντες
3615 4349 3769 4418 βασι·

2183 4435 2332 4486 λείαν
2383 4434 2536 4498 Θεοῦ,
2598 4435 2861 4506 αἰσθητὴν
2913 4436 3117 4506 ταύτην
3172 4437 3557 4508 ὑπελάμϐανον
3621 4442 3772 4512 παρᾶ

2188 4527 2324 4580 Θεοῦ
2364 4527 2745 4595 εὑδοκηθεῖσαν
2775 4529 2867 4582 ἐπὶ
2892 4529 3178 4603 ἐλευθερίᾳ
3233 4533 3328 4586 τοῦ
3370 4533 3658 4603 Ἐϐραῖκοῦ
3681 4537 3771 4604 γέ-

2182 4620 2422 4684 νους,,διὸ
2451 4621 2545 4672 καὶ
2575 4621 2859 4686 ὑπενόουν,
2882 4623 2962 4675 ὅτι
2992 4625 3020 4675 ὁ
3057 4623 3266 4692 Ἰησοῦς
3293 4625 3661 4696 ἀνερχόμενος
3690 4629 3768 4690 εἰς

2193 4713 2569 4784 Ἰερουσαλὴμ,
2608 4713 2853 4782 λήψεται¹
2884 4714 3090 4785 ταύτην
3122 4717 3219 4785 τὴν
3257 4716 3555 4786 βασιλείαν.
3601 4718 3660 4771 Ὀ
3704 4719 3760 4772 δὲ

502 4774 757 4828 Dominus
784 4789 963 4833 autem
1008 4796 1272 4841 monstrat
1301 4793 1381 4845 eis
1412 4795 1551 4860 quod
1589 4774 2073 4872 insipientia-quae-

2194 4774 2387 4879 Κύριος
2433 4774 2697 4861 δεικνύων
2769 4809 2972 4872 αὑτοῖς,
3035 4809 3116 4862 ὃτι
3184 4810 3389 4881 άνόητά
3447 4828 3568 4864 τινα
3617 4810 3765 4880 λογί-

499 4865 529 4911 ιι
557 4885 622 4915 τιιι
669 4869 873 4929 dicunt,
905 4888 1007 4924 non
1045 4875 1186 4927 enim
1218 4883 1512 4948 temporale
1547 4901 1768 4956 regnum
1803 4891 1949 4958 ejus;
1996 4895 2078 4946 iu-

504 4970 642 5008 ενι-οῖ·
694 4968 748 5011 et
790 4961 889 5015 ltoe
935 4963 1193 5033 declarat,
1241 4973 1382 5040 quod
1422 4983 1478 5029 ut
1525 4976 1664 5032 Deus
1723 4983 2081 5050 cogitationes

500 5066 684 5100 mrum
739 5056 914 5109 sciat:
976 5061 1116 5112 unde
1168 5072 1221 5116 et
1282 5068 1418 5121 hanc
1466 5073 1778 5138 parabolam
1821 5078 1976 5145 dicit,
2027 5088 2083 5132 et

501 5143 773 5198 hominem
808 5164 1128 5211 generosum
1161 5171 1218 5209 se
1248 5157 1556 5219 introducit.
1590 5165 1722 5220 Nam
1757 5168 1882 5222 licet
1917 5171 2079 5226 homo

504 5233 686 5300 fuerit,
736 5243 924 5295 uinusit
961 5255 1138 5301 tamen
1195 5249 1244 5302 in
1287 5251 1499 5324 (as-ligio
1548 5268 1602 5312 et
1647 5261 1929 5317 nobilitate
1965 5264 2081 5317 dei.

507 5329 650 5379 tatis.
709 5328 956 5388 Perfecto
997 5350 1172 5392 autem
1230 5351 1486 5412 mysterio
1541 5350 1962 5418 dispensationis
2027 5359 2078 5411 iu

500 5433 686 5485 Carne,
714 5424 766 5475 in
805 5427 1071 5491 regionem
1127 5433 1496 5506 longinquam,
1540 5445 1732 5498 coalqu
1765 5449 1906 5514 dico,
1953 5466 2074 5517 pro-

497 5505 677 5564 fatus
719 5523 820 5575 est,
873 5527 927 5568 ut
974 5524 1236 5592 acciperet
1285 5531 1385 5583 sibi
1427 5548 1669 5602 regnum,
1705 5538 1806 5592 hoc
1854 5551 1956 5606 est,
2021 5553 2077 5596 ut

498 5603 651 5669 quasi
700 5614 752 5658 et
804 5613 1098 5668 secundum
1132 5622 1271 5687 quod
1315 5623 1476 5680 homo
1527 5629 1739 5685 sederet
1786 5631 1835 5686 in
1886 5638 2072 5691 dextra

569 5785 604 5814 "
654 5783 729 5838 La
789 5804 924 5859 Lm,
969 5795 1021 5849 ρ,

2183 4899 2391 4962 ζονται,
2425 4899 2485 4952 οὑ
2532 4898 2642 4969 γάρ
2692 4900 2925 4971 αἰσθητὴ
2961 4903 2992 4971 ὴ
3035 4899 3283 4971 βασιλεία
3323 4904 3490 4958 αὑτοῦ
3516 4918 3530 4933 ⁸
3566 4904 3682 4974 ἅμα
3711 4906 3766 4958 δὲ

2181 4989 2276 5042 καὶ
2319 4991 2623 5059 ἐμφαίνων,
2669 4992 2913 5055 ὅτιθεὸς
2958 4992 3032 5046 ὣν
3075 4989 3184 5047 οἶδε
3218 4996 3341 5060 τοὺς
3381 4997 3763 5067 διαλογισμοὺς

2181 5084 2384 5146 αὑτῶν,
2415 5083 2563 5152 λέγει
2594 5085 2801 5155 ταύτην
2833 5085 2933 5155 τὴν
2970 5087 3311 5159 παραϐολὴν,
3346 5090 3640 5157 ἄνθρωπον
3665 5090 3763 5161 μὲν

2184 5175 2378 5244 εὐγενῆ
2436 5177 2794 5245 παρεισάγων
2851 5178 3069 5232 ἑαυτόν.
3131 5181 3251 5234 Κᾶν
3312 5179 3422 5251 γὰρ
3480 5183 3765 5253 ἅνθρωπος

2180 5265 2420 5332 γέγονεν,
2455 5267 2591 5319 ἀλλὰ
2631 5270 2940 5340 μεμένηκεν
2969 5273 3026 5324 ὲν
3072 5273 3149 5344 τῷ
3198 5272 3344 5344 ὕψει,
3374 5275 3468 5327 καὶ
3503 5279 3569 5346 τῇ
3607 5277 3762 5344 εὑγε-

2180 5359 2298 5429 νείᾳ
2354 5360 2453 5428 τῆς
2527 5360 2801 5429 θεότητος,
2863 5365 3218 5434 συμπερανας
3268 5365 3324 5419 δὲ
3368 5367 3429 5419 τὸ
3475 5367 3578 5436 τῆς
3625 5369 3762 5436 μετὰ

2183 5452 2387 5522 σαρκὸς
2444 5453 2757 5524 οἰκονομίας
2817 5458 3138 5528 μυστήριον,
3178 5460 3257 5521 είς
3301 5459 3485 5530 χώραν
3527 5461 3759 5529 μακρὰν,

2176 5542 2267 5595 τὸν
2295 5544 2545 5613 οὐρανὸν,
2585 5549 2753 5617 φημὶ,
2806 5549 3271 5622 ἀναπεφοίτηκεν,
3299 5551 3374 5612 ὡς
3399 5553 3463 5606 ἂν
3490 5553 3630 5627 λάϐῃ
3661 5553 3760 5622 βα-

2179 5639 2388 5694 σιλείαν
2419 5639 2623 5712 ἑαυτῷ,
2647 5643 2949 5713 τουτέστιν,
2982 5644 3057 5709 ὡς
3087 5646 3152 5700 ἂν
3181 5651 3274 5702 καὶ
3306 5647 3440 5701 καθὸ
3470 5648 3758 5718 ἄνθρωπος
