4100 6334
354 394 494 463 ιθέἓ

1060 392 1506 454 ENARRATIO
1545 393 1626 453 IN
1664 391 2176 455 EVANGELIUM
2221 391 2462 455 LUCrE.
2500 415 2572 428 -·
2611 389 2774 454 CAP.
2812 390 2976 452 XIX.

3526 385 3668 452 1026

347 509 571 566 καθίσει
605 507 662 561 ἐν
717 504 868 577 δεξιᾷ
911 502 1005 558 τοῦ
1046 502 1237 576 θρόνου
1287 504 1388 574 τῆς
1429 503 1831 576 μεγαλωσύνης
1888 505 1940 558 ὲν

2055 505 2240 559 throni
2269 503 2698 576 magnificentize
2729 505 2781 557 in
2819 500 3057 557 excelsis
3076 515 3199 556 cum
3227 513 3415 555 carne.
3453 499 3668 554 Etenim

348 601 582 672 ὑψηλοῖς
631 601 767 670 μετᾶ
801 599 1026 669 σαρκός.
1076 597 1163 659 Ὠς
1193 597 1293 667 μὲν
1343 594 1453 667 γάρ
1497 596 1652 660 Θεὸς,
1690 597 1777 650 ἀεὶ
1821 613 1948 648 συν.

346 693 616 768 ιῖριάζων
642 688 710 764 ἦν
743 691 821 763 τῷ
850 692 1048 761 Πατρὶ,
1074 691 1147 754 ὡς
1179 691 1234 744 δὲ
1275 687 1560 761 ἄνθρωπος
1590 689 1710 743 τότε
1758 689 1946 742 ἐκάθι-

350 804 465 852 σεν,
506 787 632 839 ὅταν
682 783 958 855 ἀνελήφθη
1008 783 1342 855 περιμένων,
1377 783 1484 846 ἓως
1515 777 1577 838 οὗ
1614 782 1850 836 τεθῶσιν
1897 782 1948 835 οί

344 878 535 950 ἐχθροὶ
576 878 680 930 ὑπὸ
709 879 835 939 τοὺς
875 876 1041 941 πόδας
1079 874 1269 930 αὑτοῦ.
1317 875 1490 929 Τοῦτο
1520 876 1574 929 δὲ
1606 876 1760 929 ἔσται
1793 879 1850 929 ἐν
1880 881 1946 948 τῇ

347 972 657 1043 συντελείᾳ,
691 971 780 1023 ὅτε
812 969 882 1021 τὰ
924 969 1103 1022 πάντα
1139 968 1234 1020 καὶ
1288 967 1491 1021 ἄκοντα
1528 968 1945 1039 ὑποταγήσεται

341 1066 500 1136 αὖτῷ
549 1063 944 1126 πιστεύσαντα,
974 1063 1055 1115 ὅτι
1087 1061 1292 1132 Κύριος
1351 1062 1562 1130 Ἰησοῦς
1595 1062 1834 1132 Χριστδς
1865 1063 1948 1126 είς

341 1159 504 1221 δόξαν
535 1155 671 1209 Θεοῦ
730 1155 966 1226 Πατρός.
1009 1151 1230 1208 Πολῖται
1261 1153 1314 1206 δὲ
1349 1153 1515 1207 αὑτοῦ
1549 1157 1689 1207 εἰσιν
1728 1158 1776 1208 οί
1809 1158 1946 1210 Ίου-

341 1251 485 1304 δαῖπ
538 1248 828 1319 μισοῦντες
873 1247 1062 1305 αὐτόν.
1109 1247 1421 1318 Έωράκασι
1453 1247 1582 1318 γὰρ,
1619 1250 1807 1318 φησὶν,
1851 1250 1946 1303 καὶ

343 1345 693 1414 μεμισήκασι
735 1341 830 1395 καὶ
860 1341 980 1410 ἐμὲ,
1032 1339 1128 1392 καὶ
1171 1340 1263 1393 τὸν
1308 1340 1527 1412 Πατέρα
1587 1360 1712 1412 μου,
1745 1343 1795 1397 οἳ
1846 1345 1946 1398 οὐκ

341 1436 621 1506 ἠθέλησαν
652 1434 814 1487 αὐτὸν
850 1432 938 1485 ἐπ’
971 1432 1171 1494 αὐτοὺς
1197 1430 1544 1499 βασιλεῦσαι.
1584 1435 1676 1486 Διὸ
1707 1437 1801 1490 καὶ
1831 1437 1945 1489 ἐλε-

350 1547 452 1600 γον
486 1529 621 1598 πρὸς
653 1527 890 1581 Πιλάτον
926 1523 1257 1596 ἀρνούμενοι
1289 1525 1386 1596 τὴν
1413 1526 1697 1596 βασιλείαν
1729 1529 1898 1581 αὐτο]
1928 1543 1942 1556 ⁸

344 1644 362 1676 ι
385 1624 502 1676 Οὐκ
531 1621 728 1692 ἔχομεν
746 1619 970 1689 βασιλέα
990 1637 1038 1669 ο»
1059 1606 1152 1671 καὶ
1177 1619 1336 1671 πάλιν
1353 1633 1364 1646 ο
1392 1639 1409 1668 ‹
1431 1619 1520 1691 Μὴ
1544 1621 1745 1691 γράφε,
1763 1621 1824 1672 '0
1848 1621 1944 1690 βα.

341 1716 526 1779 σιλεὺς
553 1717 662 1768 τῶν
681 1713 971 1769 Ἰουδαίων.
1005 1734 1023 1763 ι
1051 1713 1241 1766 Καίτοι
1267 1714 1545 1785 Ζαχαρίας
1579 1715 1698 1785 βοᾷ·
1721 1736 1736 1765 ι
1771 1716 1944 1786 Χαῖρε

341 1810 576 1880 σφόδρα,
598 1808 837 1877 θύγατερ
871 1804 1032 1869 Σιὼν,
1071 1807 1154 1858 ὅτι
1183 1805 1446 1869 Βασιλεύς
1480 1825 1571 1859 σου
1614 1808 1832 1878 ἔρχεταί
1864 1825 1944 1862 σοι

337 1904 570 1969 δίκαιος,
592 1903 684 1956 καὶ
718 1901 961 1965 σώζωνοι
1000 1899 1092 1954 καὶ
1123 1901 1404 1964 Ἠσαῖαςοι
1431 1900 1560 1956 Ἰδοὺ
1591 1903 1654 1971 δὴ
1687 1903 1943 1971 βασ.λεὺς

337 1997 548 2059 δίκαιος
581 1995 947 2064 βασιλεύσειοι
978 1995 1070 2045 καὶ
1103 1993 1317 2051 Δαυίδ,ι
1343 1993 1484 2061 Ἐγὼ
1510 1995 1562 2048 δὲ
1600 1995 1941 2066 κατεστάθην

341 2087 602 2159 βασιλεὺς
630 2088 721 2140 ὑπ’
764 2085 953 2141 αὑτοῦ.
988 2106 1006 2138 ›
1041 2087 1103 2140 Οἱ
1138 2091 1238 2156 μὲν
1270 2081 1363 2140 οὖν
1387 2087 1633 2140 Ἰουδαῖοι
1668 2089 1942 2159 ἐμίσησαν

337 2183 434 2237 τον
469 2181 699 2251 Κύριον,
743 2183 770 2234 ὁ
799 2181 855 2234 δέ
896 2183 1005 2244 τοῖς
1041 2181 1251 2244 δούλοις
1295 2182 1468 2235 αὐτοῦ
1499 2181 1630 2235 δέκα
1678 2184 1819 2252 μνᾶς
1851 2183 1940 2235 δέ-

338 2274 506 2328 δωκε.
537 2274 723 2327 Δοῦλοι
751 2272 806 2326 δέ
839 2272 1007 2325 αὐτοῦ
1043 2273 1091 2325 οἱ
1125 2276 1183 2326 ἐν
1213 2277 1278 2343 τῇ
1323 2273 1629 2346 Ἐκκλησία
1659 2276 1940 2339 διακονίας

341 2367 802 2437 πεπιστευμένοι,
835 2364 967 2418 δέκα
998 2366 1284 2436 λεγόμενοι
1329 2361 1493 2431 εἶναι,
1528 2367 1616 2419 διὰ
1647 2369 1706 2420 τὸ
1732 2368 1941 2421 τέλειον

340 2458 446 2528 τῆς
483 2459 946 2529 ἐκκλησιαστικῆς
978 2457 1342 2528 προστασίας.
1388 2458 1452 2511 'H
1494 2458 1603 2530 γάρ
1637 2462 1693 2511 ἐν
1724 2463 1789 2529 τῇ
1824 2460 1943 2514 Ἐκ-

339 2545 545 2616 διλησίᾳ
595 2545 747 2609 τάξις
802 2543 1013 2599 τελείαν
1072 2545 1184 2616 ἔχει
1235 2545 1335 2616 τὴν
1403 2547 1513 2600 τῶν
1582 2549 1942 2619 προεστώτων

338 2636 728 2706 διακόσμησιν,
759 2637 853 2691 καὶ
870 2635 994 2690 οὒτε
1026 2637 1281 2700 πλείονας
1317 2639 1424 2693 ἔδει
1449 2636 1609 2707 εἶναι,
1632 2641 1754 2696 οὔτε
1784 2643 1943 2698 ἐλάτ-

338 2747 526 2794 τονας.
565 2723 715 2797 Οἷον,
740 2729 903 2798 λόγου
936 2730 1120 2801 χάριν,
1167 2731 1296 2802 τρία
1332 2732 1504 2787 ταῦτα
1536 2734 1754 2806 ὁρῶμεν
1788 2739 1844 2789 ἐν
1874 2740 1940 2808 τῇ

346 2824 674 2896 Ἐκκλησία,
703 2824 997 2894 κάθαρσιν,
1032 2826 1336 2897 φωτισμδν,
1368 2829 1464 2880 καὶ
1485 2829 1786 2883 τελείωσιν’
1816 2831 1942 2904 τρία

342 2916 445 2969 καὶ
470 2916 539 2968 τὰ
559 2916 762 2980 ταύτας
790 2918 890 2981 τὰς
918 2918 1200 2988 ἐνεργείας
1227 2919 1635 2992 κληρωσάμενα
1656 2923 1936 2992 τάγματα·

339 3009 394 3062 οί
436 3009 675 3063 διάκονοι
723 3009 1050 3081 καθαίρουσι
1123 3011 1212 3065 διὰ
1260 3014 1619 3084 κατηχήσεως
1669 3018 1763 3069 καὶ
1795 3017 1942 3070 διδα-

344 3101 600 3169 σκαλίας,
650 3104 699 3156 oi
733 3103 1100 3177 πρεσϐύτεροι
1151 3106 1449 3174 φωτίζουσι
1492 3108 1582 3162 διὰ
1613 3109 1708 3162 τοῦ
1743 3109 1942 3181 βαπτί·

344 3213 576 3267 σματος,
625 3197 676 3251 οί
721 3197 1003 3270 ἀρχιερεῖς
1054 3198 1150 3252 καὶ
1200 3201 1482 3270 ἱερατικὰς
1531 3203 1718 3268 τάξεις
1787 3205 1943 3259 καθι-

343 3289 518 3344 στῶσι
554 3294 648 3345 καὶ
695 3291 1018 3357 τελειοῦσιν,
1053 3293 1082 3346 ὃ
1134 3295 1272 3355 ἐστι,
1311 3297 1732 3368 χειροτονοῦσιν.
1781 3299 1945 3371 Ὁρᾷς

340 3385 416 3439 τὰ
454 3384 715 3456 τάγματα
753 3385 891 3457 πρὸς
943 3387 1044 3451 τὰς
1086 3387 1388 3459 ἐνεργείας,
1436 3391 1530 3442 καὶ
1577 3391 1702 3444 οὗτε
1750 3391 1942 3458 πλείω,

342 3476 474 3532 οὔτε
519 3479 750 3544 ἐλάττω,
811 3481 882 3532 τὰ
931 3479 1042 3533 τῶν
1097 3480 1460 3551 προεστώτων
1487 3485 1667 3554 φημί;
1717 3479 1946 3548 Τούτοις

343 3561 442 3620 οὖν
474 3567 588 3630 τοῖς
619 3565 831 3630 δούλοις
875 3567 1120 3639 διανέμει
1147 3570 1281 3624 δέκα
1321 3573 1482 3640 μνᾶς,
1529 3573 1598 3626 τὰ
1628 3576 1945 3646 χαρίσματα

343 3673 511 3728 φημι,
547 3656 584 3710 ἃ
613 3658 832 3728 ἑκάστῳ
864 3658 1070 3712 δίδοται
1099 3661 1236 3732 πρὸς
1264 3661 1325 3713 τὸ
1359 3662 1661 3734 συμφέρον.
1695 3665 1809 3727 Πᾶς
1835 3665 1942 3738 γὰρ

340 3753 372 3803 ό
402 3750 740 3820 προστασίαν
773 3753 1164 3823 ἐγχειρισθεὶς,
1210 3754 1312 3808 κᾶν
1343 3753 1561 3820 ἀνάξιος
1593 3752 1652 3832 ᾖ,
1692 3760 1942 3830 χάρισμα

235 3851 242 3857 ’
340 3846 458 3917 ἔχει
505 3845 562 3913 ἐξ
614 3847 783 3918 αὐτῆς
819 3849 918 3916 τῆς
969 3848 1226 3920 κρίσεως,
1282 3851 1376 3903 καὶ
1410 3850 1533 3904 ἐστι
1591 3853 1750 3905 τοῦτο
1797 3856 1942 3924 μέγα

337 3940 511 4003 ὅντως
546 3941 642 4012 τῆς
683 3941 777 3993 τοῦ
819 3942 957 3996 Θεοῦ
1010 3943 1428 4016 φιλανθρωπίας
1476 3945 1574 3999 καὶ
1619 3947 1938 4019 οἰκονομίας

343 4033 672 4106 μυστήριον.

419 4145 437 4178 ι
479 4127 591 4180 Καὶ
638 4127 859 4195 ἐγένετο
914 4129 1096 4200 ἐντῷ
1123 4129 1446 4184 ἐπανελθεῖν
1491 4130 1656 4184 αὐτὸν
1701 4121 1938 4186 λα’ϐόντα

335 4223 439 4292 τὴν
483 4221 784 4293 βασιλείαν,
824 4218 946 4275 εἷπε
997 4223 1319 4295 φωνηθῆναι
1360 4226 1511 4297 αὖτῷ
1545 4226 1671 4289 τοὺς
1716 4225 1938 4291 δούλους

335 4314 591 4379 τοᾶτους,
622 4310 700 4376 οἷς
733 4314 899 4367 ἔδωκε
940 4315 1001 4368 τὸ
1033 4315 1320 4386 ἀργύριον,
1358 4317 1444 4370 ἶνα
1475 4318 1586 4390 γνῷ
1619 4319 1703 4378 τίς
1748 4320 1799 4370 τί
1826 4319 1937 4372 διε-

338 4405 835 4475 πραγματεύσατο.
887 4407 1230 4480 Παρεγένετο
1273 4409 1330 4462 δὲ
1377 4412 1405 4463 ό
1455 4411 1673 4480 πρῶτος
1722 4411 1933 4478 λέγων·

340 4501 536 4568 Κίριε,
583 4501 617 4569 ἠ
678 4501 787 4569 μνᾶ
834 4517 928 4553 σου
960 4503 1404 4572 προσειργάσατο
1436 4504 1566 4558 δέκα
1619 4505 1779 4574 μνᾶς.
1826 4505 1936 4558 Καὶ

2057 596 2196 650 sicut
2220 596 2387 658 Deus.
2413 610 2632 664 semper
2659 594 2955 649 considens
2982 593 3084 646 fuit
3112 591 3256 645 Patri
3287 609 3298 644 :
3336 594 3478 645 sicut
3508 589 3670 645 homo

2057 699 2240 744 autem
2280 702 2408 744 tunc
2460 691 2622 754 sedit,
2659 688 2878 755 quando
2936 697 3253 757 assumptus
3304 697 3409 749 est,
3456 700 3672 754 perma~

2055 799 2194 838 nens
2247 786 2422 838 donec
2453 794 2729 853 ponantur
2777 782 2982 836 inimici
3019 782 3136 850 ejus
3168 780 3271 835 sub
3318 782 3484 850 pedes
3528 781 3670 850 ejus.

2055 879 2169 937 Hoc
2219 892 2400 936 autem
2463 882 2566 936 erit
2625 881 2676 934 in
2734 879 3234 941 consummatione,
3304 880 3523 947 quando
3555 895 3671 931 om-

2050 973 2140 1027 nia
2202 974 2368 1027 etiam
2406 989 2528 1032 qua:
2577 972 2791 1037 nolunt,
2850 971 3216 1041 subjicien'tur
3259 973 3351 1035 ei,
3388 973 3669 1025 credentia

2053 1063 2199 1133 quod
2241 1064 2502 1118 Dominus
2540 1061 2698 1118 Iesus
2731 1064 2987 1117 Christus
3024 1065 3074 1116 in
3127 1063 3296 1133 gloria
3346 1061 3436 1115 Dei
3466 1062 3666 1118 l’atris.

2051 1155 2211 1210 Cives
2243 1166 2427 1210 autem
2474 1156 2594 1226 ejus
2631 1166 2756 1210 sunt
2797 1154 2995 1219 Judaei,
3029 1158 3153 1209 odio
3201 1157 3464 1210 habentes
3495 1156 3668 1212 illum.

2059 1249 2327 1304 Viderunt
2362 1251 2527 1311 enim,
2569 1249 2767 1320 inquit,
2800 1259 2853 1303 et
2881 1251 3004 1302 odio
3051 1250 3360 1302 habuerunt
3388 1259 3442 1302 et
3473 1264 3581 1316 tne,
3615 1259 3670 1304 et

2050 1343 2265 1398 Patrem
2329 1359 2534 1408 meum,
2588 1357 2642 1398 et
2704 1342 2996 1396 noluerunt
3057 1357 3183 1395 eum
3246 1357 3411 1411 super
3461 1358 3518 1396 se
3569 1356 3672 1396 re-

2050 1455 2254 1508 gnare:
2323 1437 2466 1493 unde
2515 1448 2572 1492 et
2639 1437 2898 1492 dicebant
2964 1435 3033 1490 ad
3081 1435 3341 1504 Pilatum,
3401 1450 3669 1505 negantes

2051 1548 2276 1602 regnum
2311 1531 2427 1601 ejus
2458 1548 2470 1584 :
2515 1549 2531 1580 ι
2564 1530 2684 1584 Non
2735 1530 2999 1583 habemus
3027 1544 3250 1600 regem;
3288 1549 3304 1580 ι
3334 1540 3387 1583 et
3419 1530 3618 1582 iterum
3651 1545 3665 1584 :

2057 1647 2072 1677 ι
2115 1624 2191 1681 Ne
2235 1625 2476 1690 scribas,
2519 1623 2631 1677 Rex
2682 1622 3019 1678 Iudaeorum.
3071 1642 3089 1675 ι
3147 1625 3410 1689 Quaunis
3460 1621 3673 1676 Zacha-

2051 1717 2159 1769 rias
2200 1716 2344 1769 dicat
2377 1733 2390 1770 :
2427 1733 2446 1766 ι
2470 1715 2660 1770 Gaude
2696 1715 2872 1780 Valde,
2908 1715 3014 1768 lilia
3066 1714 3370 1784 Sion,quia
3408 1730 3500 1768 rex
3545 1724 3671 1768 tuus

2053 1807 2231 1862 veniet
2275 1807 2368 1861 tibi
2427 1806 2608 1876 justus
2669 1817 2724 1861 et
2765 1807 2984 1860 saluus
3024 1807 3071 1838 ³⁷
3116 1823 3130 1873 ;
3167 1826 3184 1858 ι
3235 1815 3400 1876 atque
3457 1806 3665 1861 Isaias:

1981 1879 2019 1931 Β
2059 1921 2075 1952 ι
2104 1900 2242 1954 Ecce
2267 1917 2356 1954 rex
2379 1901 2560 1970 justus
2587 1901 2834 1970 regnabit
2861 1917 2906 1965 ;›
2939 1901 3160 1970 itzsuper
3183 1914 3236 1954 ct
3271 1899 3436 1954 David
3464 1918 3512 1955 ιι
3557 1898 3670 1970 Ego

2053 2008 2232 2049 aurem
2290 1996 2620 2049 constitutus
2672 2011 2790 2048 sum
2851 2009 2942 2048 rex
3001 1997 3068 2049 ab
3121 2010 3204 2048 eo.
3259 2014 3276 2045 ›
3319 1993 3491 2048 .ltnazi
3533 2009 3668 2048 sane

2053 2088 2182 2141 Ollit)
2234 2087 2905 2142 habueruntDominum.
2962 2087 3135 2141 Ρυιιό
3191 2087 3453 2141 Dominus
3511 2085 3666 2142 dedit

2051 2183 2228 2251 sertis
2265 2185 2452 2235 detetn
2505 2183 2704 2236 minas.
2743 2179 2906 2256 [Serti
2959 2191 3140 2234 autem
3178 2181 3251 2234 illi
3285 2194 3410 2234 sunt
3445 2181 3495 2234 hi
3541 2181 3664 2249 qni-

2053 2276 2154 2329 bus
2189 2276 2238 2328 in
2275 2273 2518 2329 Ecclesia
2560 2275 2924 2329 mittiSIeriutn
2975 2275 3351 2328 concreditum
3396 2287 3516 2337 eSt;
3568 2273 3666 2326 tle»

2051 2383 2171 2422 ccm
2215 2368 2475 2421 dicuntur
2514 2382 2656 2431 esse.
2704 2377 2927 2436 propter
2960 2367 3356 2437 perfectionem
3399 2367 3661 2422 ecclesia-

2052 2461 2202 2514 stica:
2236 2460 2614 2529 praasjdentiai.
2638 2457 2786 2515 Ordo
2818 2461 2963 2514 enim
2996 2461 3045 2514 in
3070 2460 3316 2514 Ecclesia
3359 2459 3658 2528 perfectam

2052 2553 2462 2622 prmsideutium
2501 2552 2919 2623 dispositionem
2955 2551 3138 2616 habet,
3185 2561 3238 2604 et
3263 2566 3441 2620 neque
3469 2550 3658 2620 plures

2051 2645 2344 2713 Oportebat
2372 2659 2516 2710 esse,
2548 2659 2723 2713 neque
2750 2645 3037 2714 pauciores
3068 2661 3081 2698 :
3118 2652 3174 2696 ut
3205 2641 3442 2709 exempli
3479 2641 3659 2711 gratia

2054 2752 2090 2795 ιι
2109 2744 2153 2796 Ea
2171 2740 2289 2797 h.ec
2313 2743 2560 2796 videmus
2593 2757 2712 2796 esse
2739 2742 2788 2794 in
2817 2741 3080 2804 Ecclesia,
3109 2740 3509 2810 purgationem,
3536 2738 3662 2790 illu-

2054 2835 2434 2900 uinationem,
2489 2843 2548 2888 et
2602 2833 3018 2904 perfectionem.
3072 2830 3434 2902 Operationes
3476 2831 3645 2884 etiam

2053 2927 2196 2992 illas,
2227 2937 2340 2981 tres
2379 2927 2560 2982 sortiti
2591 2936 2720 2982 sunt
2750 2927 2992 2982 ordines.
3035 2925 3260 2980 Diaconi
3297 2932 3530 2994 purgant
3564 2938 3660 2992 per

2051 3019 2474 3074 instructionem
2513 3030 2568 3074 et
2615 3021 2947 3085 doctrinatn,
3001 3019 3311 3090 presbyteri
3348 3015 3663 3070 illuminant

2051 3128 2156 3182 per
2177 3112 2536 3183 baptismum,
2569 3113 2812 3186 episcopi
2857 3112 3230 3185 sacerdotales
3263 3109 3486 3165 ordines
3525 3123 3662 3162 con-

2051 3206 2288 3261 stituunt
2338 3217 2394 3263 et
2451 3207 2762 3277 perﬁciunt,
2808 3208 2913 3262 hoc
2976 3215 3083 3272 est,
3155 3205 3436 3262 ordinant.
3491 3201 3660 3257 Vides

2049 3300 2275 3355 ordines
2305 3314 2429 3356 cum
2471 3301 2910 3368 operationibus,
2943 3309 2998 3356 et
3029 3313 3206 3368 neque
3237 3297 3446 3366 plures,
3481 3309 3660 3365 neque

2049 3391 2335 3460 pauciores
2359 3431 2374 3456 ,
2398 3389 2804 3462 praesidentium
2830 3390 3053 3460 inquam
3092 3388 3337 3444 ordines.
3359 3385 3468 3442 Illis
3494 3386 3659 3456 igitur

2048 3484 2225 3539 servis
2257 3481 2541 3537 distribuit
2595 3482 2782 3538 decem
2834 3481 3032 3545 minas,
3071 3482 3173 3536 hoc
3204 3488 3312 3542 est,
3348 3478 3486 3533 dona
3535 3493 3658 3546 quae

2047 3575 2341 3644 unfcuique
2399 3572 2526 3627 data
2589 3584 2719 3628 sunt
2780 3572 2838 3627 in
2902 3572 3220 3626 utilitatem.
3268 3570 3460 3624 Omnis
3505 3569 3656 3624 enim

2047 3669 2359 3735 cuicunque
2392 3667 2714 3722 concredita
2763 3676 2848 3721 est
2885 3665 3256 3735 praesidentia,
3289 3664 3458 3718 etiam
3490 3662 3537 3717 si
3574 3661 3659 3714 itt-

2046 3764 2242 3831 dignus
2305 3761 2492 3827 fuerit,
2551 3759 2756 3816 donum
2834 3759 3000 3814 habet
3069 3773 3134 3814 ex
3181 3759 3465 3813 .unctiono
3531 3772 3654 3823 sua,

2046 3858 2096 3911 id
2136 3858 2278 3926 quod
2319 3872 2582 3929 magnum
2629 3855 2830 3910 divina:
2895 3853 3285 3909 misericordia:
3329 3866 3653 3909 sacramen-

2044 3959 2160 4006 tum
2199 3961 2303 4006 est.

2115 4127 2286 4183 Vens.
2338 4126 2518 4181 15.28.
2560 4145 2579 4178 ι
2622 4126 2687 4181 Et
2729 4125 2933 4181 factum
2968 4132 3053 4181 est
3105 4133 3163 4178 ut
3214 4123 3438 4186 rediret,
3491 4135 3654 4177 acce-

2042 4232 2135 4293 pto
2169 4237 2357 4291 regno,
2393 4221 2651 4289 misitque
2675 4233 2875 4273 vocare
2914 4231 3105 4273 servos
3147 4216 3266 4270 illos
3307 4215 3374 4270 ad
3411 4230 3489 4277 se,
3526 4213 3654 4284 qui-

2039 4317 2142 4370 bus
2186 4315 2414 4369 dederat
2455 4312 2768 4383 pecuniam,
2807 4321 2865 4365 ut
2911 4311 3078 4366 sciret
3111 4317 3375 4378 quantum
3417 4306 3655 4377 quisque

2043 4407 2355 4478 negetiatus
2400 4414 2566 4460 esset.
2606 4403 2770 4459 Venit
2810 4413 2994 4457 autem
3032 4403 3241 4472 primus
3279 4400 3506 4452 dicens:
3547 4398 3655 4450 Do-

2040 4500 2207 4564 mine,
2242 4499 2389 4553 mina
2428 4508 2518 4551 tua
2552 4497 2742 4552 decem
2769 4497 2949 4552 minas
2981 4493 3296 4564 acquisivit.
3326 4491 3390 4544 Et
3417 4491 3492 4545 ait
3532 4489 3603 4543 illi
3635 4507 3649 4544 :

336 4587 497 4646 εἶπεν
528 4592 679 4663 αὐτῷ
698 4609 714 4622 °
747 4592 840 4656 Εὖ,
861 4593 1015 4647 δοῦλε
1041 4595 1233 4663 ἀγαθὲ,
1267 4598 1346 4650 ὃτι
1369 4599 1425 4650 ἐν
1453 4598 1724 4669 ἐλαχίστῳ
1745 4598 1933 4661 πιστὸς

2049 4593 2218 4663 Euge,
2253 4590 2422 4663 “6
2469 4590 2612 4646 bone
2669 4603 2869 4645 serve:
2922 4587 3048 4656 quia
3105 4588 3158 4650 in
3220 4585 3447 4640 minimo
3502 4581 3653 4637 fuisti

337 4682 551 4752 ἐγένου,
587 4684 698 4738 ίσθι
734 4683 984 4750 ἐξουσίαν
1017 4684 1157 4756 ἔχων
1180 4687 1369 4741 ἐπάνω
1397 4685 1530 4752 δέκα
1559 4689 1790 4744 πόλεων.
1824 4690 1935 4743 Καὶ

335 4772 549 4848 ἦλθενό
579 4775 832 4848 δεύτερος
861 4777 1070 4846 λέγων·
1125 4779 1320 4850 Κύριε,
1353 4783 1385 4851 ή
1427 4785 1537 4853 μνᾶ
1581 4800 1674 4836 σου
1711 4784 1937 4852 ἐποίησε

338 4869 506 4923 πέντε
562 4869 724 4938 μνᾶς.
787 4864 925 4923 Eine
974 4871 1054 4941 δὲ,
1092 4872 1190 4926 καὶ
1239 4874 1451 4944 τούτῳ·
1505 4876 1616 4928 Καὶ
1666 4875 1729 4927 σὺ
1781 4876 1935 4944 γίνου

338 4961 530 5017 ἐπάνω
561 4961 724 5016 πέντε
759 4963 991 5017 πόλεων.
1020 4965 1130 5017 Καὶ
1163 4964 1349 5037 ἔτερος
1391 4963 1522 5037 ἦλθε
1555 4968 1732 5036 λέγων
1765 4983 1779 4998 ο
1816 4967 1937 5021 Κύ-

339 5073 449 5130 ριε,
484 5055 593 5110 ίδοὺ
623 5057 656 5124 ἡ
691 5042 798 5128 μνᾶ
846 5075 964 5123 σου,
997 5059 1064 5130 ην
1093 5054 1242 5130 εἶχον
1284 5061 1659 5132 ἀποκειμένην
1704 5062 1762 5114 ἐν
1811 5079 1939 5115 σου-

339 5147 534 5220 δαρίῳο
571 5149 888 5221 ἐφοϐούμην
910 5152 1020 5224 γάρ
1038 5169 1120 5214 σε,
1139 5154 1223 5207 ὅτι
1246 5152 1534 5220 ἄνθρωπος
1563 5154 1839 5224 αὐστηρὸς
1865 5150 1935 5218 εἷ,

339 5240 520 5312 αῑριις
569 5240 600 5294 δ
631 5243 731 5296 οὐκ
764 5242 992 5314 ἔθηκας,
1028 5245 1123 5299 καί
1175 5243 1413 5317 θερίζεις
1443 5245 1470 5298 ὃ
1514 5247 1615 5299 οὐκ
1649 5247 1934 5318 ἔσπειρας.

338 5334 506 5404 Λέγει
534 5333 593 5388 δὲ
621 5334 769 5406 αύτῷ
794 5352 809 5369 ⁸
855 5337 952 5391 Ἐκ
978 5337 1074 5392 τοῦ
1110 5340 1380 5410 στόματός
1405 5357 1499 5394 σου
1532 5339 1704 5412 κρινῶ
1731 5358 1810 5404 σε,
1842 5359 1938 5394 πο-

339 5431 474 5500 νηρὲ
500 5428 675 5485 δοῦλε.
708 5431 919 5503 ’ῌδεις,
944 5432 1028 5486 ὅτι
1060 5431 1171 5502 ἐγὼ
1189 5432 1475 5504 ἄνθρωπος
1501 5433 1773 5503 αὐστηρός
1796 5435 1934 5504 είμι,

339 5523 516 5594 αίρων
539 5523 569 5577 δ
599 5524 702 5578 οὐκ
740 5524 932 5596 ἔθηκα,
973 5527 1069 5580 καὶ
1099 5525 1332 5596 θερίζων
1359 5526 1387 5579 δ
1420 5525 1520 5579 οὐκ
1556 5525 1808 5596 ἔσπειρα,
1840 5525 1934 5579 καὶ

337 5619 431 5675 διὰ
460 5618 514 5671 τί
554 5617 657 5671 οὐκ
702 5618 912 5683 ἔδωκας
959 5620 1021 5672 τὸ
1060 5618 1326 5691 ἀργύριόν
1364 5637 1466 5690 μου
1501 5622 1592 5672 ἐπὶ
1627 5619 1932 5691 τράπεζαν,

339 5711 438 5769 καὶ
470 5709 584 5780 ἐγὼ
607 5709 799 5778 ἐλθὼν,
826 5713 925 5767 σὺν
949 5712 1094 5783 τόκῳ
1123 5711 1191 5768 ἂν
1225 5711 1438 5779 ἔπραξα
1475 5712 1638 5780 αὑτός
1670 5711 1782 5768 Καὶ
1821 5713 1934 5774 τοῖς

415 5891 462 5926 θ’
493 5891 636 5947 Psal.
664 5908 720 5945 ιι.
763 5893 845 5945 18.

2047 4685 2246 4750 ﬁdelis,
2284 4685 2483 4739 habeto
2508 4690 2834 4754 potestatem
2871 4695 3032 4750 super
3055 4679 3246 4734 decem
3277 4679 3550 4731 civitates.
3583 4673 3652 4730 Et

2045 4777 2186 4832 alter
2237 4776 2385 4831 venit
2437 4776 2664 4832 dicens:
2730 4773 2979 4835 Domine,
3043 4771 3192 4825 mina
3261 4777 3352 4822 tua
3410 4765 3651 4822 confecit

2046 4870 2290 4940 quinque
2325 4870 2524 4923 minas.
2560 4867 2628 4923 Et
2673 4867 2802 4921 huic
2849 4865 2963 4919 ait:
3008 4863 3073 4916 Et
3106 4873 3160 4917 tu
3192 4859 3487 4932 przefectus
3529 4871 3649 4912 e5to

2045 4962 2286 5032 quinque
2315 4960 2650 5017 civitatibus.
2688 4958 2754 5012 Et
2779 4958 2917 5012 alius
2945 4955 3094 5010 venit
3122 4954 3352 5010 dicens:
3397 4951 3645 5014 Domine,

2043 5070 2174 5111 ecce
2213 5054 2357 5108 mina
2402 5063 2490 5106 tua
2527 5068 2691 5122 quam
2734 5035 2900 5105 habui
2942 5049 3240 5119 repositam
3293 5049 3348 5100 ln
3386 5042 3646 5098 sudario:

2042 5148 2196 5201 timui
2254 5147 2399 5201 enim
2456 5155 2532 5211 te,
2583 5148 2728 5214 quod
2786 5147 2948 5198 homo
3008 5150 3266 5196 austeros
3327 5138 3448 5193 sis:
3500 5135 3649 5191 tollis

2043 5241 2189 5310 quod
2244 5255 2348 5294 non
2381 5239 2637 5310 posuisti,
2683 5245 2738 5292 et
2790 5237 2951 5290 metis
2991 5235 3134 5304 quod
3183 5249 3289 5287 non
3335 5230 3646 5286 setninasti.

2047 5332 2186 5386 Dicit
2242 5333 2338 5388 ei:
2401 5332 2473 5384 De
2520 5345 2618 5384 ore
2689 5338 2782 5384 tuo
2829 5335 2882 5383 te
2932 5327 3212 5395 iudicabo,
3265 5337 3423 5379 Serve
3483 5321 3645 5373 male.

2044 5427 2272 5483 Sciebas
2298 5425 2445 5495 quod
2475 5440 2576 5495 ego
2615 5424 2780 5479 homo
2817 5431 3075 5478 austerus
3115 5422 3240 5488 sim,
3273 5418 3469 5474 tollens
3498 5415 3645 5486 quod

2046 5538 2152 5576 non
2222 5520 2399 5590 posui,
2455 5528 2508 5572 et
2573 5528 2783 5572 metens
2838 5517 2987 5588 quod
3047 5530 3156 5570 non
3213 5510 3480 5570 seminavi
3525 5527 3538 5562 :
3589 5516 3646 5563 et

2046 5631 2214 5685 quare
2245 5631 2349 5667 non
2393 5613 2590 5668 dedisti
2627 5610 2913 5682 pecuniam
2940 5624 3128 5664 .tneam
3169 5607 3236 5662 ad
3280 5616 3550 5666 mensam,
3589 5609 3647 5656 et

2048 5725 2146 5780 ego
2180 5708 2402 5767 veniens
2435 5721 2557 5763 cum
2597 5705 2780 5761 usuris
2811 5705 3002 5774 utique
3032 5703 3336 5772 exegissem
3367 5694 3550 5756 illam?
3575 5692 3648 5751 Et
