4100 6334
500 404 635 471 1027

1385 392 1965 461 THEOPHYLACTI
2009 388 2420 453 BULGARIE
2453 385 2814 447 ARCHIEP.

3613 373 3756 441 1023

492 519 802 579 astantibus
836 516 1006 574 dixit:
1043 514 1266 571 Auferte
1300 512 1369 568 ab
1391 513 1481 567 illo
1516 512 1742 573 minam,
1775 518 1831 564 et
1860 508 1985 561 date
2009 505 2084 559 illi

2199 503 2542 575 παρεστῶσιν
2571 497 2728 554 εἶπεν
2752 513 2767 528 ⁸
2800 497 3005 568 Ἀρατε
3036 495 3132 549 ἀπ’
3166 492 3337 549 αὑτοῦ
3361 491 3461 561 τὴν
3490 492 3653 563 μνᾶν,
3686 491 3782 546 καὶ

493 612 585 683 qui
620 611 806 666 decem
850 608 1025 665 minas
1052 604 1236 662 habet.
1294 604 1358 659 Et
1397 604 1649 658 dixerunt
1699 601 1791 656 ei:
1834 598 2084 666 Domine,

494 706 661 764 habet
702 704 886 759 decem
934 701 1134 755 minas.
1180 699 1310 753 Dico
1370 696 1543 761 vobis,
1598 693 1740 763 quod
1797 691 1946 746 οιιιιιί
1987 691 2085 745 ha-

494 800 642 857 beuli
690 798 921 862 dabitur,
951 798 1018 850 ab
1073 809 1138 850 eo
1194 801 1373 847 autem
1412 789 1502 860 qui
1557 805 1661 843 non
1704 788 1890 851 habet,
1925 786 2086 839 etiam

496 888 640 960 quod
674 887 867 951 hahet,
899 884 1198 939 auferetur.
1217 882 1357 946 Ouin
1391 880 1643 934 inimicos
1676 894 1826 932 meos
1852 877 1972 931 illos
1997 877 2088 945 qui

497 979 801 1035 noluerunt
842 994 926 1033 me
974 994 1202 1049 regnare
1254 990 1416 1047 super
1446 990 1525 1039 se,
1580 972 1836 1027 adducite
1866 972 1993 1037 huc,
2037 976 2091 1022 et

498 1074 797 1129 interficite
867 1082 995 1126 ante
1052 1086 1163 1125 me.
1230 1071 1297 1126 Et
1347 1068 1432 1124 bis
1475 1067 1637 1123 dictis
1688 1066 1799 1120 ibat
1857 1077 2092 1135 pergens

501 1167 802 1221 ascendere
865 1163 1325 1235 Hierosolymam.
1392 1181 1412 1215 ι
1474 1161 1610 1217 Cum
1672 1160 1951 1214 rediturus
2010 1162 2095 1211 est

502 1253 757 1311 Christus
787 1271 1087 1326 generosus
1116 1257 1204 1311 ille
1234 1265 1288 1309 et
1330 1254 1625 1309 secundum
1669 1252 1960 1306 humanam
1992 1263 2093 1304 na-

498 1356 704 1413 turam,
742 1364 806 1403 ex
842 1347 991 1419 regio
1017 1350 1162 1403 enim
1194 1362 1392 1419 genere
1422 1344 1703 1400 descendit
1735 1341 2014 1403 Dominus,
2039 1349 2093 1395 et

500 1440 800 1496 secundum
836 1438 1097 1501 divinam,
1128 1438 1233 1491 hoc
1254 1447 1359 1502 est,
1393 1438 1443 1489 in
1472 1437 1712 1492 secundo
1733 1434 1849 1504 ejus
1886 1433 2091 1487 adven-

503 1538 585 1597 tu,
645 1528 860 1600 quando
912 1529 1194 1599 apparebit
1241 1543 1335 1582 rex
1379 1544 1498 1583 cum
1552 1528 1759 1597 angelis
1811 1526 1864 1582 in
1920 1524 2092 1597 gloria

504 1617 975 1684 Patris'veniens,
1024 1629 1077 1674 et
1127 1634 1289 1673 omne
1334 1632 1472 1689 genu
1524 1618 1771 1673 flectetur
1829 1617 1917 1671 ei:
1966 1627 2093 1673 tunc

502 1726 634 1768 sane
675 1714 741 1767 ad
791 1714 1055 1768 rationem
1100 1710 1327 1783 adiget,
1384 1726 1480 1766 eos
1526 1712 1617 1781 qui
1688 1711 1828 1765 dona
1872 1724 2096 1779 accepe-

504 1813 654 1869 runt,
701 1816 758 1859 et
796 1805 1103 1860 invenietur
1144 1820 1292 1860 unus
1324 1806 1540 1874 quidem
1577 1801 1762 1857 multis
1796 1802 2090 1871 profuisse,

2189 598 2308 653 δότε
2371 596 2452 667 τῷ
2500 596 2599 660 τὰς
2631 594 2761 648 δέκα
2810 594 2951 663 μνᾶς
2992 589 3193 662 ἔχοντι.
3236 589 3351 644 Καὶ
3397 584 3553 642 εἷπον
3596 585 3780 656 αὐτῷ’

2192 691 2385 761 Κύριε,
2442 688 2574 742 δέκα
2610 688 2749 756 μνᾶς
2784 685 2920 756 ἔχει.
2970 684 3131 753 Λέγω
3181 682 3333 753 ὑμῖν,
3384 682 3469 737 δτι
3505 680 3673 735 παντὶ
3703 677 3782 749 τῷ

2192 784 2367 855 ἔχοντι
2416 782 2731 853 δοθήσεται,
2794 780 2903 834 ἀπὸ
2960 779 3016 832 δὲ
3065 776 3161 831 τοῦ
3222 778 3298 850 μὴ
3342 775 3583 848 ἔχοντος,
3635 772 3787 827 καὶὸ

2192 877 2327 947 ἔχει,
2364 874 2665 946 ἀρθήσεται
2714 872 2809 926 ἀπ’
2836 870 3025 926 αὑτοῦ.
3056 867 3204 941 Πλὴν
3244 869 3371 931 τοὺς
3420 866 3654 938 ἐχθρούς
3684 880 3785 933 μου

2193 968 2439 1029 ἐκείνους
2491 965 2619 1028 τοὺς
2664 966 2738 1036 μὴ
2790 962 3131 1035 θελήσαντάς
3190 978 3258 1029 με
3312 957 3637 1029 βασιλεῦσαι
3699 956 3784 1009 ἐπ’

2194 1061 2381 1123 αὐτοῖς
2405 1097 2421 1123 ,
2458 1056 2698 1126 ἀγάγετε
2733 1048 2836 1108 ὧδε
2864 1098 2877 1117 ,
2910 1052 3007 1107 καὶ
3038 1050 3429 1120 κατασφάξατε
3466 1047 3786 1121 ἔμπροσθέν

2198 1169 2322 1223 μου.
2356 1151 2466 1223 καὶ
2512 1147 2683 1203 εἰπὼν
2715 1145 2909 1211 ταῦτα,
2948 1141 3243 1214 ἐπορεύετο
3282 1140 3622 1213 ἔμπροσθεν,
3658 1140 3787 1192 ἁνα-

2196 1220 2400 1299 ϐαίνων
2430 1220 2543 1307 ἐίς
2614 1238 2989 1313 Ἱεροσόλυμα.
3041 1256 3060 1289 ι
3120 1237 3212 1290 Ἐν
3266 1235 3345 1306 τῷ
3387 1231 3788 1303 ἐπανέρχεσθαι

2195 1339 2380 1404 αὐτὸν,
2410 1340 2437 1391 6
2472 1335 2707 1407 Χριστὸς
2748 1335 2777 1387 6
2835 1332 3091 1401 εὐγενὴς,
3124 1332 3219 1384 καὶ
3247 1329 3389 1382 κατὰ
3414 1329 3477 1381 τὸ
3504 1324 3787 1396 ἀνθρώπι-

2195 1447 2306 1496 νον,
2360 1431 2425 1482 ὲκ
2463 1426 2743 1499 βασιλικοῦ
2774 1427 2886 1497 γὰρ
2931 1424 3125 1494 γένους
3172 1422 3449 1491 κατήγετο
3479 1423 3509 1475 6
3557 1420 3785 1490 Κύριος.

2195 1524 2456 1579 καὶκατὰ
2484 1524 2546 1577 τὸ
2585 1523 2749 1585 Θεῖον,
2789 1519 3090 1584 τουτέστιν,
3124 1519 3185 1571 ὲν
3224 1518 3291 1587 τῇ
3334 1514 3569 1584 δευτέρᾳ
3620 1510 3787 1565 αὐτοῦ

2196 1617 2429 1683 δλεύσει,
2464 1618 2553 1671 ὅτε
2586 1618 2891 1685 φανήσεται
2928 1611 3182 1681 βασιλεὺς
3214 1608 3355 1681 μετὰ
3394 1608 3505 1661 τῶν
3540 1604 3791 1673 ἀγγέλων

2197 1713 2255 1764 ὲν
2284 1714 2350 1782 τῇ
2405 1710 2534 1783 δόξῃ
2584 1707 2680 1762 τοῦ
2735 1705 2951 1775 Πατρδς
3000 1704 3321 1776 ἐρχόμενος,
3364 1702 3459 1755 καὶ
3502 1702 3611 1753 πᾶν
3661 1698 3789 1766 γόνυ

2198 1804 2409 1875 κάμψει
2443 1802 2615 1873 αὐτῷ,
2647 1802 2769 1855 τότε
2808 1802 2873 1872 δὴ
2906 1802 3029 1855 τότε
3075 1797 3172 1852 καὶ
3202 1796 3328 1857 τοὺς
3360 1794 3431 1847 τὰ
3470 1792 3792 1862 χαρίσματα

504 1910 561 1953 et
596 1898 968 1968 decuplicasse
1015 1898 1238 1963 donum,
1282 1898 1423 1952 alius
1457 1907 1640 1951 autem
1669 1893 1939 1966 profuisse
1970 1895 2095 1964 qui-

2199 1870 2525 1966 δεξαμένους
2564 1870 2785 1957 δούλους
2839 1870 3196 1962 λογοπραγεῐ,
3260 1888 3353 1940 καὶ
3410 1884 3788 1953 εὑρίσκονται,

505 1990 629 2045 dem
658 1998 713 2043 et
756 1990 893 2055 ipse,
935 1992 1031 2042 sed
1081 1989 1430 2058 paucioribus
1469 1985 1777 2057 profuisse:
1824 1986 1963 2040 alius
1993 2000 2095 2040 au-

504 2089 611 2139 tem
638 2080 841 2137 nemini
874 2080 1163 2152 profuisse,
1198 2080 1293 2136 sed
1331 2081 1598 2152 ignaviter
1644 2079 1968 2135 transivisse
1996 2093 2093 2135 ne-

503 2178 825 2249 gotiationis
872 2189 1107 2248 tempus.
1152 2177 1388 2233 Proinde
1416 2177 1507 2247 qui
1556 2176 1919 2248 decuplieavit
1950 2175 2097 2247 quod

504 2280 815 2342 acceperat,
868 2285 1035 2342 super
1077 2270 1266 2326 decem
1304 2269 1552 2326 civitates
1585 2269 1959 2338 constituitur,
1995 2272 2099 2326 hoc

511 2376 621 2429 est,
668 2356 997 2433 multiplices
1063 2364 1456 2419 retributiones
1518 2364 1762 2434 accipit:
1834 2373 1890 2419 et
1957 2363 2099 2420 alius

507 2458 765 2529 deinceps
826 2458 983 2528 juxta
1037 2473 1194 2512 suam
1249 2457 1442 2527 recipit
1498 2458 1930 2529 proportionem.
1992 2457 2098 2525 Qui

505 2559 683 2607 autem
715 2551 846 2606 nihil
877 2551 1127 2606 lucratus
1171 2549 1311 2617 fuit,
1352 2550 1770 2607 condemnatur.
1807 2549 2097 2606 Videamus

507 2650 687 2697 autem
714 2649 768 2697 et
809 2641 938 2713 quid
979 2643 1166 2698 dicat:
1215 2641 1466 2708 Domine,
1510 2655 1639 2697 ecce
1682 2642 1823 2696 mina
1857 2653 1970 2707 tua,
2008 2639 2099 2698 a'c-

507 2735 626 2805 cipe
656 2750 796 2802 eam,
831 2734 992 2789 habui
1018 2734 1163 2790 enim
1199 2735 1356 2789 istam
1387 2736 1440 2788 in
1481 2734 1705 2790 sudario
1738 2736 2095 2789 reconditam.

510 2825 775 2881 Dominus
802 2838 1046 2881 mortuus
1102 2826 1321 2881 sudario
1347 2826 1620 2881 involutus
1668 2826 1796 2887 luit,
1828 2836 1881 2880 et
1906 2826 2098 2881 Lazari

508 2919 679 2975 facies
739 2920 794 2974 in
835 2919 1087 2987 sepulcro
1115 2919 1331 2973 sudario
1359 2917 1610 2973 obvoluta
1659 2917 1759 2972 fuit
1782 2918 1856 2972 ".
1905 2917 2099 2973 Merito

2195 1990 2224 2041 6
2254 1989 2353 2060 μὲν
2380 1989 2611 2051 πολλοὺς
2658 1987 2967 2058 ὠφελήσας,
2997 1984 3090 2038 καὶ
3130 1980 3577 2040 ὃεκαπλασιάσας
3603 1977 3664 2029 τὸ
3692 1974 3792 2045 χά-

2199 2100 2396 2154 ρισμα.
2439 2084 2466 2135 6
2500 2081 2558 2133 δὲ
2607 2080 2903 2151 ὠφελήσας
2938 2079 3035 2149 μὲν
3079 2077 3175 2129 καὶ
3204 2074 3390 2135 αὐτὸς,
3421 2072 3682 2131 ἐλάττους
3708 2067 3786 2133 δὲ,

2196 2177 2224 2229 6
2254 2174 2312 2228 δὲ
2351 2173 2471 2244 μήδ’
2504 2174 2641 2232 ὅλως
2671 2171 2965 2242 ὠφελήσας
2998 2167 3140 2233 τινὰ,
3176 2164 3294 2219 ἀλλ’
3336 2163 3394 2216 ὲν
3430 2161 3673 2234 ῥαθςμίᾳ
3697 2158 3790 2211 δα-

2199 2266 2451 2337 πανήσας
2500 2265 2593 2318 τὸν
2635 2264 2827 2335 καιρὸν
2869 2262 2971 2333 τῆς
3016 2260 3426 2332 πραγματείας.
3471 2256 3564 2308 Διὸ
3611 2258 3641 2307 6
3692 2251 3789 2324 μὲν

2198 2357 2645 2420 δεκαπλασιάσας
2676 2357 2705 2410 6
2735 2356 2951 2418 ἐλαϐεν,
3000 2354 3187 2406 ἐπάνω
3231 2352 3366 2405 δέκα
3414 2348 3625 2402 πόλεων
3657 2344 3791 2399 καθ-

2203 2451 2441 2511 ίσταται,
2481 2450 2789 2513 τουτέστιν,
2823 2446 3000 2520 ἀρχὴν
3034 2446 3169 2500 δέκα
3201 2446 3411 2499 πόλεων
3438 2441 3733 2512 λαμϐάνει,
3761 2438 3789 2492 6

2200 2545 2339 2606 ἐστι,
2389 2541 2832 2604 πολλαπλασίους
2873 2540 2971 2603 τὰς
3029 2539 3269 2610 ἀμοιϐὰς
3321 2538 3560 2607 δέχεται.
3606 2534 3720 2588 Καὶ
3762 2534 3791 2586 6

2197 2635 2397 2705 ἐφεξῆς
2423 2635 2567 2689 κατὰ
2596 2636 2696 2704 τὴν
2725 2632 3043 2702 ἀναλογίαν.
3083 2633 3144 2685 Ὀ
3185 2631 3242 2684 δὲ
3278 2629 3445 2702 μηδὲν
3494 2626 3791 2697 κερδάνας,

2200 2731 2616 2799 κατακρίνεται.
2654 2727 2886 2797 Ἵδωμεν
2918 2723 2976 2779 δὲ
3018 2726 3116 2779 καὶ
3147 2723 3202 2777 τί
3239 2739 3413 2793 φησι·
3444 2718 3643 2790 Κύριε,
3680 2718 3787 2771 ἰδοὺ

2200 2821 2234 2889 ἡ
2275 2820 2385 2888 μνᾶ
2411 2836 2530 2883 σου,
2560 2817 2692 2872 λάϐε
2734 2816 2944 2887 ταύτην
2974 2831 2987 2846 ·
3027 2811 3172 2885 εἶχον
3211 2814 3321 2883 γὰρ
3348 2811 3551 2882 ταύτην
3581 2812 3637 2862 ὲν
3669 2827 3791 2861 σου-

2200 2910 2372 2981 δαρίῳ
2396 2910 2793 2981 ἀποκειμένην.
2822 2905 3022 2978 Νεκρῷ
3042 2906 3158 2960 δντι
3186 2905 3265 2977 τῷ
3291 2903 3481 2975 Κυρίῳ
3505 2903 3789 2969 σουδάριον

509 3012 675 3082 igitur
737 3011 963 3081 ignavus
1008 3010 1096 3066 ille
1144 3013 1198 3064 in
1270 3010 1488 3065 sudario
1533 3012 1711 3080 inquit
1756 3011 2095 3066 reconditum

2203 2998 2519 3070 περιετέθη,
2574 2999 2669 3053 καὶ
2724 2998 2817 3053 τοῦ
2860 2999 3117 3069 Λαζάρου
3162 2999 3221 3050 ὲν
3265 2995 3344 3067 τῷ
3392 2995 3551 3067 τάφῳ
3592 2997 3623 3065 ἡ
3670 2994 3791 3063 ὄψις

510 3103 681 3159 fuisse
735 3105 960 3159 donum.
1026 3102 1295 3157 Mortuum
1366 3104 1513 3158 enim
1570 3103 1701 3158 illud
1760 3100 1989 3171 fecerat,
2044 3113 2095 3157 et

2204 3091 2476 3163 σουδαρίῳ
2534 3091 3041 3161 περιεκαλύπτετο·
3117 3090 3349 3155 εἰκότως
3404 3085 3498 3144 οὖν
3560 3087 3791 3166 όκνττρὲές

510 3195 781 3260 ineiﬁcax,
812 3211 917 3251 non
960 3196 1236 3263 evolvens,
1277 3211 1452 3265 neque
1478 3198 1689 3252 lucrum
1728 3196 1957 3253 faciens.
2000 3195 2094 3250 Ti-

510 3290 722 3344 mebam
748 3290 893 3343 enim
914 3298 987 3352 te,
1020 3290 1213 3357 inquit,
1236 3291 1358 3357 quia
1384 3290 1531 3343 tollis
1551 3291 1695 3359 quod
1719 3305 1824 3343 non
1848 3290 2097 3357 posuisti.

512 3379 668 3435 Talia
717 3380 870 3434 multi
919 3389 1251 3450 praetexunt.
1304 3381 1563 3436 Noletttes
1618 3384 1760 3435 enim
1813 3383 1937 3435 ullis
1972 3400 2101 3451 pro-

510 3474 709 3537 desse,
746 3473 934 3527 dicunt
989 3489 1001 3524 :
1046 3470 1144 3526 Ulti
1212 3488 1315 3526 non
1378 3475 1664 3528 seminavit
1722 3473 1864 3530 Deus
1904 3477 2099 3527 bonum

512 3564 743 3620 indolem
788 3575 843 3619 et
897 3565 1288 3635 aptitudluem,
1336 3566 1479 3620 illiue
1529 3582 1595 3621 ne
1662 3570 1908 3635 requies
1961 3585 2102 3622 mes-

511 3672 650 3713 σθω.
713 3654 867 3711 Illum
933 3672 1037 3711 non
1091 3656 1218 3711 fecit
1278 3657 1732 3725 industrium,ct
1798 3661 1863 3712 ad
1901 3659 2099 3713 doctri-

512 3763 637 3802 nam
672 3747 951 3814 idoneum,
1001 3758 1057 3805 et
1094 3749 1226 3817 quid
1253 3765 1285 3804 a
1335 3765 1423 3804 me
1457 3751 1699 3821 exigitur
1740 3760 1799 3804 ut
1829 3752 1951 3805 inde
1984 3751 2097 3806 fru-

511 3850 659 3896 ctmn
683 3840 1142 3897 faciam‘lldcirco
1167 3843 1425 3898 Dominus
1450 3844 1613 3897 dicit:
1637 3844 1716 3897 'l'u
1746 3846 1902 3905 doce.
1932 3855 1985 3899 et
2010 3844 2103 3901 de-

512 3945 652 4001 pone
669 3934 954 4002 pecuniam
988 3946 1161 3987 meatn
1183 3934 1325 4004 apud
1354 3937 1682 4000 mensarios,
1712 3936 1813 3991 hoc
1830 3946 1934 3998 est,
1961 3939 2102 4006 apud

511 4039 701 4079 omnes
722 4024 991 4091 homines,
1016 4027 1106 4095 qui
1129 4028 1387 4097 propositi
1408 4038 1534 4081 sunt
1552 4038 1607 4080 ut
1634 4028 1933 4098 percipiant
1958 4027 2103 4083 utili-

2200 3182 2352 3248 οὗτος
2404 3185 2673 3256 σουδαρίῳ
2730 3186 2895 3255 φησὶν
2923 3185 3268 3241 ἑναποθείναι
3321 3184 3381 3239 τὸ
3416 3185 3667 3258 χάρισμα
3707 3204 3793 3239 νε·

2202 3280 2333 3347 κρὸν
2385 3276 2491 3346 γὰρ
2546 3277 2708 3329 αὑτὸν
2761 3278 2998 3347 ποιήσας
3069 3278 3166 3331 καὶ
3212 3276 3575 3348 ἁνενέργητον
3608 3318 3623 3343 ,
3694 3279 3794 3330 οὐκ

2202 3369 2660 3439 ὲπεξειργάσασο,
2711 3370 2831 3424 οὐδὲ
2878 3370 3236 3440 κεκέρδηκεν.
3295 3370 3644 3441 Ἐφοϐούμην
3687 3372 3794 3442 γάρ

2205 3452 2288 3525 σε,
2320 3462 2510 3532 φησὶν,
2545 3462 2628 3514 ὅτι
2660 3463 2837 3534 αἴρεις
2867 3463 2895 3516 ὃ
2920 3464 3023 3516 οὐκ
3057 3463 3287 3533 ἔθηκας.
3330 3446 3573 3517 Τοιαῦτα
3611 3465 3795 3517 πολλοὶ

2204 3554 2641 3623 προφασίζονται
2674 3570 2690 3585 ο
2721 3557 2794 3623 μὴ
2843 3554 3092 3619 θέλοντες
3142 3558 3251 3629 γάρ
3290 3556 3575 3626 ὠφελῆσαί
3618 3573 3789 3619 τινας,

2202 3648 2390 3715 φασὶν,
2425 3647 2510 3701 ὅτι
2558 3648 2739 3702 Ὅπου
2768 3650 2869 3702 οὐκ
2900 3649 3152 3720 ἔσπειρεν
3180 3655 3209 3705 6
3241 3652 3374 3714 Θεὸς
3418 3651 3669 3719 εὐφυΐαν,
3704 3652 3797 3703 καὶ

2201 3738 2648 3810 ἐπιτηδειότητα,
2708 3740 2919 3794 ἐκεῖθεν
2952 3740 3029 3812 μὴ
3077 3740 3233 3813 ζήτει
3282 3741 3463 3813 θέρος.
3496 3742 3602 3796 Τὸν
3645 3743 3795 3795 δεινὰ

2202 3832 2305 3886 οὐκ
2347 3831 2607 3903 ἐποίησεν
2657 3834 2835 3901 εὐφυᾶ
2874 3833 2971 3885 καὶ
3006 3834 3145 3903 πρὸς
3188 3833 3428 3904 μάθησιν
3461 3834 3792 3903 ἐπιτήδειον,

2208 3924 2301 3977 καὶ
2331 3923 2385 3977 τί
2423 3941 2491 3993 με
2527 3925 2755 3977 άπαιτεῖ
2803 3924 2901 3995 τὴν
2939 3926 3155 3978 ἐκείνου
3209 3925 3514 3994 ὠφέλειανς
3569 3927 3662 3979 Διὸ
3704 3911 3806 3978 καῖ

2202 4019 2232 4071 6
2286 4018 2490 4088 Κύριός
2554 4033 2736 4087 φησι·
2806 4018 2880 4070 Σὺ
2935 4017 3171 4085 δίδαξον,
3239 4019 3337 4072 καὶ
3400 4019 3679 4072 κατάϐαλε
3735 4018 3795 4072 τὸ

514 4120 681 4166 tatem
698 4152 713 4167 .
736 4111 927 4169 Omnis
944 4116 1089 4169 enim
1123 4117 1285 4171 homo
1312 4118 1617 4171 mensarius
1638 4134 1664 4169 ει
1691 4117 1797 4172 Deo
1819 4120 2095 4175 ordinatus

2205 4109 2470 4180 ἀργύριόν
2513 4126 2615 4178 μου
2644 4112 2759 4173 τοῖς
2790 4110 3172 4181 τραπεζίταις,
3204 4112 3479 4173 τουτέστι,
3516 4113 3651 4164 πᾶσι
3684 4114 3795 4175 τοῖς

510 4202 673 4276 “7
708 4217 812 4273 est,
851 4217 907 4260 ut
942 4208 993 4260 in
1030 4206 1188 4275 hujus
1222 4208 1406 4261 mundi
1440 4205 1651 4262 oﬂicina
1695 4223 1886 4277 magna
1926 4224 2095 4279 nego-

2203 4202 2340 4273 πρδς
2360 4201 2417 4255 τὸ
2435 4200 2765 4272 ὠφελεῖσθαι
2790 4204 3172 4274 προκειμένοις
3190 4203 3523 4275 άνῦρώποις.
3549 4205 3665 4267 Πᾶς
3684 4204 3793 4275 γάρ

513 4295 710 4347 cietur.
739 4293 801 4347 Et
825 4309 924 4364 ego
955 4295 1175 4350 veniens
1201 4297 1503 4365 exegissem
1541 4296 1693 4359 illud.
1732 4297 1836 4352 hoc
1862 4308 1964 4363 est,
2000 4315 2095 4353 re-

2200 4292 2487 4363 άνθρωπος
2504 4292 2843 4363 τραπεζίτης
2861 4293 2969 4345 ὑπὸ
2990 4293 3125 4347 θεοῦ
3152 4295 3624 4367 προκεχείρισται,
3648 4294 3792 4349 ὥστε

512 4386 816 4455 petiissem,
847 4401 971 4440 cum
1016 4402 1202 4441 usura.
1243 4389 1470 4457 Oportet
1523 4389 1688 4457 igitur
1720 4399 1773 4443 et
1812 4406 1909 4443 nos
1955 4391 2095 4459 quod

2200 4387 2260 4439 ὲν
2280 4386 2356 4456 τῷ
2388 4385 2612 4455 μεγάλῳ
2638 4386 2732 4439 τοῦ
2767 4386 2975 4456 κόσμου
3021 4387 3211 4441 τούτου
3266 4390 3616 4460 ἐργαστηρίῳ
3647 4408 3792 4460 πρα-

512 4490 759 4535 nostrum
787 4488 870 4533 est
901 4480 1081 4534 facere
1108 4496 1123 4533 :
1153 4480 1292 4535 alios
1319 4490 1498 4535 autem
1526 4481 1785 4535 Dominus
1805 4482 2093 4551 judieabit,

2210 4478 2607 4547 γματεύεσοαι.
2637 4480 2745 4531 Καὶ
2777 4477 2889 4547 ἐγὼ
2916 4478 3108 4547 ἐλθὼν,
3130 4482 3344 4553 ἔπραξα
3366 4483 3432 4536 ἂν
3458 4484 3611 4549 αὐτὸ,
3632 4501 3792 4542 τουτο

513 4572 557 4627 si
597 4571 871 4626 uoluerint
902 4572 1191 4625 utilitatem
1234 4573 1357 4627 inde
1390 4575 1692 4644 percipere.
1733 4573 1966 4629 Tollitur
1996 4577 2095 4647 igi-

2204 4568 2373 4633 έστιν,
2394 4569 2652 4638 ἀπῄτησα
2673 4571 2770 4622 σὺν
2792 4569 2955 4641 τόκῳ.
2986 4576 3076 4623 Δεῖ
3104 4572 3202 4641 μὲν
3221 4573 3328 4644 γὰρ
3347 4574 3495 4642 ἡμᾶς
3511 4578 3573 4626 τὸ
3590 4578 3793 4629 οἰκεῖον

515 4671 602 4718 tur
631 4666 854 4727 donum,
889 4674 943 4719 et
974 4668 1134 4720 datur
1164 4666 1306 4721 bono
1340 4668 1686 4736 negotiatori.
1724 4666 1859 4722 Nam
1890 4668 2015 4724 licet
2053 4671 2095 4726 il

2208 4665 2401 4726 ποιεῖν,
2442 4661 2569 4731 περὶ
2598 4662 2657 4716 δὲ
2685 4663 2792 4716 τῶν
2833 4663 3153 4733 μετέπειτα,
3180 4667 3315 4729 θεὸς
3354 4670 3533 4738 κρινεῖ
3562 4671 3693 4734 τοὺς
3718 4669 3792 4741 μὴ

516 4754 734 4822 habeat,
776 4764 993 4826 propter
1042 4757 1183 4811 istud
1235 4759 1409 4828 ipsum
1471 4770 1648 4813 tamen
1709 4762 1881 4831 magis
1936 4763 2095 4819 debet

2207 4753 2542 4826 θελήσαντας
2590 4755 2962 4828 ὠφεληθῆναι.
3009 4758 3235 4829 Λῖρεται
3287 4758 3381 4815 οὖν
3416 4760 3474 4813 τὸ
3521 4762 3789 4834 χάρισμα.

515 4847 673 4919 plura
714 4847 982 4916 accipere.
1036 4846 1265 4904 Habenti
1323 4851 1469 4904 enim
1502 4851 1740 4919 dabitur,
1773 4854 1875 4907 hoc
1901 4865 2016 4922 est,
2046 4855 2094 4909 ei

516 4938 608 5009 qui
646 4952 714 4993 ex
748 4940 1111 5009 negotiatione
1143 4941 1266 4996 boni
1314 4942 1480 4995 multa
1521 4943 1760 4999 lucratus
1800 4944 1980 5011 fuerit,
2019 4946 2095 5001 illi

519 5028 733 5083 dabitur
766 5039 820 5084 et
848 5030 1099 5095 amplius.
1140 5030 1274 5085 Nam
1324 5034 1365 5087 si
1397 5048 1563 5101 parva
1604 5036 1656 5089 in
1691 5037 1918 5105 dccupla
1970 5035 2098 5092 fecit

520 5134 789 5187 crescere,
846 5124 1189 5179 manifestum
1242 5128 1382 5194 quod
1420 5136 1474 5182 et
1524 5128 1677 5199 plura
1720 5130 2099 5198 decuplicabit,

522 5209 747 5278 majoris
792 5212 924 5265 lucri
966 5224 1153 5268 auctor
1197 5214 1420 5271 domino
1453 5216 1684 5273 futurus.
1720 5220 1765 5273 Α
1799 5220 2104 5291 negligente

522 5310 703 5354 autem
734 5309 788 5354 et
817 5301 1029 5372 ignavo,
1076 5313 1131 5359 et
1163 5307 1247 5359 cui
1285 5321 1394 5362 non
1425 5317 1508 5364 est
1537 5310 1774 5363 studium
1806 5320 1863 5363 ut
1892 5321 2104 5365 crescat

519 5399 575 5446 et
598 5403 857 5462 augeatur
886 5396 1029 5463 quod
1076 5409 1384 5469 acceperat,
1432 5412 1485 5455 et
1533 5403 1671 5457 istuc
1721 5402 1896 5470 ipsum
1950 5404 2096 5471 Quod

520 5482 685 5537 habet
718 5484 955 5553 tolletur,
991 5498 1047 5543 ut
1088 5505 1155 5545 ne
1209 5506 1296 5546 res
1349 5492 1619 5547 dominica
1683 5494 1882 5549 frustra
1920 5506 2094 5560 vacet,

522 5592 645 5647 qua:
676 5581 790 5635 dari
821 5592 997 5651 potest
1022 5587 1202 5653 alteri,
1229 5596 1282 5643 et
1314 5589 1682 5657 multiplicari.
1712 5591 1833 5645 ΙΙίεο
1864 5607 1965 5645 non
2000 5606 2092 5646 so-

520 5668 630 5727 lum
660 5672 728 5728 de
756 5687 1006 5731 sermone
1039 5689 1091 5734 et
1144 5680 1387 5739 doctrina
1430 5684 1771 5755 exponimus,
1813 5686 1904 5741 sed
1944 5696 1996 5741 et
2031 5687 2096 5743 de

592 5850 637 5884 "
669 5849 823 5907 Joan.
875 5869 951 5910 xi.

2204 4846 2299 4901 καὶ
2335 4849 2539 4902 δίδοται
2578 4849 2657 4920 τῷ
2692 4850 2883 4922 ἁγαθῷ
2916 4854 3342 4923 πραγματευτῇ’
3377 4854 3490 4919 ,κᾶν
3525 4857 3636 4928 γὰρ
3672 4858 3791 4928 ἔχῃ.

2209 4942 2408 5012 μᾶλλον
2437 4942 2505 4996 δι’
2535 4943 2668 4996 αὐτὸ
2694 4945 2855 4998 τοῦτο
2878 4945 3087 5014 ὀφείλει
3119 4947 3291 5002 πλείω
3324 4948 3679 5016 προσλαϐεῖν.
3706 4952 3793 5021 Τῷ

2203 5037 2311 5106 γὰρ
2358 5036 2535 5106 ἔχοντι
2586 5035 2895 5107 δοθήσεται,
2928 5040 3200 5105 τουτέστι,
3247 5038 3327 5111 τῷ
3362 5040 3427 5093 ἐκ
3470 5041 3568 5095 τοῦ
3608 5043 3794 5108 καλῶς

2203 5128 2732 5200 πραγματεύσασθαι
2755 5130 2969 5183 πολλῶν
2986 5133 3380 5204 εὐπορήσαντι,
3406 5134 3604 5206 ἐκείνῳ
3634 5136 3792 5208 δοθή-

2206 5238 2355 5275 σεται
2385 5222 2479 5274 καὶ
2511 5222 2700 5276 πλείω.
2740 5222 2805 5276 Ei
2841 5224 2951 5294 γὰρ
2982 5225 3049 5277 τὰ
3074 5224 3233 5293 ὀλίγα.
3275 5225 3483 5297 ηύξησε
3517 5226 3793 5283 δεκαπλαο

2204 5315 2434 5379 σιάσας,
2503 5315 2771 5386 πρόδηλον
2830 5317 2913 5371 ὄτι
2976 5318 3046 5371 τὰ
3104 5318 3243 5373 πλείι
3313 5319 3791 5387 δεκαπλασιάζων,

2204 5405 2447 5469 πλείονος
2474 5406 2697 5476 κέρδους
2733 5407 2993 5477 πρόξενος
3024 5409 3104 5482 τῷ
3133 5410 3375 5486 δεσπότῃ
3409 5410 3617 5467 ἔσεται.
3661 5414 3793 5468 Ἀπὸ

2204 5496 2259 5549 δὲ
2286 5496 2521 5569 ἀμελοῦς
2549 5500 2642 5551 κοιλ⁵
2671 5500 2928 5571 όκπιροῦ,
2960 5502 3055 5556 καὶ
3079 5501 3154 5575 μὴ
3188 5502 3425 5573 αὐξῆσαι
3456 5506 3790 5559 σπουδάσαν-

2203 5608 2294 5654 τος
2332 5590 2360 5643 ὃ
2391 5591 2575 5655 ἔλαϐε,
2614 5595 2706 5646 καὶ
2734 5593 2868 5647 αὐτὸ
2900 5596 3099 5660 ἐκεῖνο,
3122 5596 3151 5649 δ
3181 5595 3315 5669 ἔχει,
3344 5597 3669 5669 ἀρθήσεται,
3702 5599 3790 5653 ίνα

2208 5686 2283 5755 μὴ
2306 5685 2449 5757 ἀργῇ
2486 5684 2547 5740 τὸ
2574 5685 2895 5744 δεσποτικὸν
2933 5691 3189 5760 πρᾶγμα,
3216 5690 3444 5745 δυνατὸν
3477 5690 3538 5747 ὃν
3570 5692 3791 5761 δοθῆναι
