4100 6334
270 409 414 474 1023

997 406 1446 469 ENARRATIO
1487 404 1572 469 IN
1613 402 2129 468 EVANGELIUM
2168 402 2504 467 LUCzEu-
2529 404 2696 468 CAP.
2736 402 2912 469 XIX.

3447 400 3591 472 1030

258 525 457 595 ἑτέρῳ,
492 524 587 577 καὶ
627 520 1195 593 πολυπλασιασθῆναι.
1245 520 1435 578 Ταῦτα
1480 521 1539 576 δέ
1580 520 1659 593 μὴ
1701 520 1869 593 μόνον

1981 520 2275 579 moralibus
2304 521 2627 579 virtutibus.
2658 520 2799 578 Nam
2826 530 2884 579 et
2913 520 2969 585 in
2997 518 3085 577 bis
3124 517 3270 577 dona
3306 518 3464 577 nobis
3492 521 3592 578 de-

259 616 357 671 ἐπὶ
391 613 487 669 τοῦ
530 614 715 683 λόγου,
749 617 846 669 καὶ
888 614 992 686 τῆς
1026 613 1378 680 διδασκαλίας
1422 613 1869 687 ἐκλαμϐάνομεν,

254 710 401 765 ἀλλὰ
429 709 525 765 καὶ
549 707 645 761 ἐπὶ
668 709 778 763 τῶν
809 706 1021 779 ὴθικῶν
1053 708 1287 780 ἀρετῶν.
1327 708 1441 763 Καὶ
1468 708 1580 781 γὰρ
1608 709 1714 765 κάν
1739 708 1875 763 ταύ-

258 821 388 868 ταις
424 804 660 859 δέδωκεν
697 804 888 875 ήμϊνό
936 801 1071 867 Θεὸς
1122 802 1465 874 χαρίσματα,
1508 803 1588 874 τῷ
1633 804 1734 874 μὲν
1779 822 1874 876 νη-

262 897 474 965 στείας,
499 896 577 968 τῷ
618 897 676 952 δέ
708 897 1104 969 ἐλεημοσύνης,
1137 896 1216 966 τῷ
1247 896 1306 951 δὲ
1333 897 1673 970 πραότητος,
1713 898 1792 970 τῷ
1816 898 1874 951 δὲ

258 990 522 1058 ἀτυφίας.
546 988 663 1044 Κᾶν
682 990 783 1059 μέν
810 992 1097 1062 νήφωμεν,
1116 989 1636 1061 ωλυπλασιὰζομεν
1660 991 1865 1044 ταῦτα’

256 1080 329 1135 ἂν
356 1080 413 1134 δὲ
446 1081 808 1153 ῥαθυμῶμεν,
839 1084 933 1137 καὶ
972 1082 1456 1155 ἀπονεκρωθῶμεν
1483 1086 1555 1154 τῇ
1602 1084 1870 1156 προαιρέο

259 1191 369 1241 σει,
425 1173 654 1245 ὕστερον
690 1176 1054 1248 αἰτιασόμεθα
1099 1178 1191 1229 τὸν
1252 1177 1409 1243 Θεὸν,
1460 1177 1537 1242 ὡς
1592 1178 1874 1248 εἰώθαμεν

255 1264 468 1332 λέγειν,
498 1266 609 1318 Καὶ
632 1266 685 1318 τί
715 1268 965 1337 ποιήσως
1002 1267 1130 1320 Ἐὰν
1165 1269 1193 1321 ό
1218 1268 1368 1321 δεῖνα
1464 1269 1641 1337 ἆγιος,
1674 1268 1819 1322 θέλει
1847 1270 1875 1323 ό

257 1359 418 1421 Θεὸς,
466 1358 562 1411 καὶ
594 1357 743 1411 ἐστιν
793 1357 972 1425 ἅγιοςο
1017 1360 1119 1430 ἐμὲ
1166 1361 1228 1413 ού
1262 1360 1431 1424 θέλει,
1467 1361 1565 1415 καὶ
1601 1362 1700 1415 οὐκ
1731 1360 1870 1432 είμί.

258 1451 374 1504 Καὶ
404 1453 617 1516 ἐκεῖνος
644 1452 853 1524 Πέτρος
883 1448 971 1523 ἦν,
1006 1455 1215 1517 ἐκεῖνος
1249 1454 1485 1518 Παῦλος.
1521 1453 1741 1527 ’Δνόητε
1779 1455 1875 1510 ἄν·

260 1544 475 1615 θρωπε,
520 1548 553 1617 ή
598 1547 709 1616 μνᾶ
752 1546 899 1616 αῦτη
949 1547 1158 1618 Πέτρον
1184 1565 1243 1602 σε
1294 1552 1444 1603 ποιεί
1491 1550 1587 1603 καὶ
1633 1548 1873 1604 Παῦλον.

264 1640 543 1708 Ἐργασαι
567 1640 625 1693 δὲ
663 1640 806 1694 κατὰ
835 1641 1091 1711 δύναμιν,
1120 1643 1216 1697 καὶ
1240 1644 1563 1715 προσάγαγὲ
1598 1662 1649 1698 τι
1677 1642 1757 1714 τῷ
1786 1643 1874 1697 δε-

262 1732 490 1798 δωκότι,
533 1733 635 1787 κᾶν
687 1736 762 1806 μὴ
822 1736 947 1789 ὅσον
984 1738 1013 1789 ὁ
1045 1737 1275 1808 Πέτρος,
1304 1739 1399 1790 καὶ
1430 1737 1640 1803 Παῦλος
1667 1754 1682 1769 ο
1713 1738 1780 1791 xi:
1814 1737 1872 1791 δὲ

260 1826 335 1879 τ⁹ὰ
382 1826 521 1879 αὐτὰ
550 1824 628 1897 τῷ
682 1828 873 1898 Πέτρῳ
924 1830 1020 1883 καὶ
1053 1829 1133 1901 τῷ
1166 1830 1366 1901 Παύλῳ
1390 1831 1688 1901 δεξάμενος
1712 1848 1727 1863 ο
1766 1834 1873 1885 κά-

1977 612 2061 670 dit
2096 613 2265 683 Deus,
2299 623 2492 686 utpote
2520 617 2612 671 uni
2653 617 2855 672 donum
2883 612 3103 686 jejunii,
3141 612 3231 669 alii
3273 627 3405 669 vero
3431 612 3593 671 elee-

1978 722 2242 779 mosynaa.
2266 708 2359 765 alii
2393 718 2576 763 autem
2602 708 3066 775 mansuetudinis,
3088 706 3381 763 aliiautem
3410 708 3597 763 humi-

1978 800 2169 855 litatis.
2199 801 2265 856 Et
2308 804 2357 857 sl
2408 802 2628 872 quidem
2670 801 2842 857 sobrii
2883 800 3155 859 fuerimus
3183 810 3236 856 et
3272 802 3593 874 vigilantes,

1980 893 2471 965 multiplicabimus
2513 897 2629 950 tunc
2682 914 2697 951 :
2747 896 2831 951 sin
2880 906 3064 951 autem
3117 894 3478 967 negligentes,
3535 900 3594 949 et

1980 986 2257 1041 voluntate
2335 987 2574 1052 mortui,
2640 995 2827 1058 postea
2897 1002 3191 1059 arguemus
3261 986 3474 1055 Deum,
3535 993 3599 1048 ut

1977 1083 2363 1137 consuevimus
2443 1084 2629 1141 dicere
2673 1102 2687 1138 :
2734 1084 2806 1139 Et
2854 1085 2986 1155 quid
3059 1082 3297 1138 faciam“!
3361 1082 3421 1140 Si
3469 1082 3597 1154 quis

1978 1171 2143 1231 fuerit
2178 1176 2575 1241 sauctus,vult
2628 1177 2793 1243 Deus,
2825 1186 2880 1232 et
2923 1186 3009 1232 est
3046 1185 3279 1233 sanctus
3317 1194 3332 1232 :
3370 1192 3457 1231 me
3482 1191 3595 1232 non

1981 1268 2114 1329 vult,
2155 1276 2210 1323 et
2238 1284 2343 1322 non
2385 1284 2509 1325 sum
2546 1278 2644 1324 :et
2684 1268 2774 1325 ille
2805 1271 3002 1325 Petrus
3037 1268 3160 1335 fuit,
3188 1278 3244 1325 et
3270 1270 3360 1324 ille
3390 1269 3597 1324 Paulus

1980 1361 2100 1417 fuit.
2134 1360 2311 1420 Stulte
2347 1365 2532 1429 homo,
2571 1363 2717 1418 mina
2750 1362 2841 1418 illa
2897 1362 3127 1417 Paulum
3162 1373 3213 1439 te
3245 1362 3376 1419 fecit
3405 1371 3459 1417 et
3487 1360 3584 1417 Pe-

1980 1465 2144 1511 trum.
2177 1458 2420 1528 Operare
2441 1468 2625 1513 autem
2646 1458 2802 1528 juxta
2834 1457 3117 1523 virtutem,
3138 1465 3195 1513 et
3217 1454 3355 1512 aﬂ'er
3382 1455 3594 1526 aliquid

1976 1549 2025 1604 ei
2058 1550 2147 1621 qui
2179 1550 2346 1616 dedit,
2381 1552 2594 1605 etiamsi
2622 1567 2729 1605 non
2753 1560 3019 1622 quantum
3044 1548 3251 1606 Paulus
3281 1560 3338 1606 et
3368 1549 3592 1606 Petrus,

1975 1639 2055 1696 Tu
2088 1653 2268 1698 autem
2295 1658 2417 1697 cum
2452 1643 2643 1698 eadem
2677 1643 2957 1714 acceperis
2991 1658 3114 1714 qua:
3138 1642 3337 1697 Petrus
3368 1652 3423 1699 et
3451 1642 3577 1697 Paur

1976 1735 2060 1792 lus
2095 1753 2110 1792 :
2151 1751 2275 1790 nam
2306 1746 2361 1791 et
2396 1736 2483 1791 ille
2520 1736 2746 1802 minam,
2778 1746 2834 1789 et
2865 1744 2921 1789 tu
2964 1736 3172 1790 minam
3204 1752 3218 1789 :
3258 1730 3445 1805 postea
3484 1749 3592 1789 non

1976 1839 2156 1884 motus
2182 1830 2408 1885 omnino
2436 1829 2504 1884 ad
2540 1829 2918 1895 operationem
2957 1829 3110 1894 boui,
3143 1829 3334 1898 arguis
3376 1829 3597 1883 Deum?

262 1919 448 1981 κεῖνος
474 1918 584 1990 γὰρ
620 1920 782 1989 μνᾶν,
815 1922 1000 1976 καὶσὺ
1036 1900 1176 1991 μνᾶν
1237 1900 1431 1975 ἔπειτα
1464 1900 1600 1995 μηδέ
1629 1922 1875 1994 κινηθεὶς

1981 1921 2213 1992 Propter
2242 1922 2345 1976 hoc
2377 1922 2583 1992 indigni
2617 1921 2821 1976 inventi
2856 1921 3038 1985 donis,
3065 1920 3171 1975 illis
3202 1919 3591 1990 spoliabimur.

262 2009 406 2074 ὅλως
451 2012 531 2075 είς
572 2012 840 2082 ἐργασίαν
883 2013 981 2068 τοῦ
1020 2016 1190 2070 καλοῦ
1240 2018 1393 2088 αίτιᾷ
1426 2017 1518 2070 τὸν
1566 2016 1737 2083 Θεόν;
1775 2014 1875 2068 Διὰ

1981 2016 2237 2072 Inimicos
2270 2030 2441 2083 meos,
2490 2016 2642 2080 dicit,
2684 2029 2781 2071 eos
2829 2014 2923 2085 qui
2976 2015 3171 2069 nolunt
3203 2028 3291 2069 me
3337 2028 3595 2083 regnare,

260 2100 427 2155 τοῦτο
461 2102 674 2170 ἀνάξιοι
718 2104 1105 2176 εὑρισκόμενοι
1149 2105 1263 2160 τῶν
1304 2106 1688 2179 χαρισμάτων,
1739 2107 1875 2159 ἀπο-

1991 2109 2247 2164 adducite
2274 2108 2402 2175 huc,
2436 2118 2485 2163 et
2519 2109 2773 2164 occidite.
2798 2106 3017 2164 Judaeos
3039 2108 3194 2172 dicit,
3230 2122 3372 2177 quos
3398 2107 3596 2162 interi-

264 2193 630 2264 γυμνούμεθα
677 2197 907 2252 τούτων.
956 2198 1097 2259 Τοὺς
1148 2197 1206 2251 δὲ
1242 2198 1473 2270 ἐχθρούς
1533 2215 1659 2269 μου,
1713 2198 1874 2271 φησὶ,

1981 2201 2055 2256 lui
2091 2202 2287 2267 tradet,
2328 2203 2383 2258 in
2435 2201 2611 2272 ignem
2648 2210 2915 2256 aeternum
2967 2201 3193 2256 mittens
3225 2200 3369 2255 illos.
3416 2199 3599 2270 Atque

260 2288 395 2351 τοὺς
442 2290 518 2361 μὴ
567 2290 821 2355 θέλοντας
858 2308 926 2362 με
954 2289 1298 2361 βασιλεῦσαι,
1327 2292 1567 2361 ἀγάγετε
1598 2285 1726 2355 ὦδε,
1778 2289 1875 2343 καὶ

1981 2293 2111 2348 adeo
2134 2292 2208 2348 illi
2245 2294 2431 2349 miseri
2456 2292 2631 2348 iuboe
2660 2292 2864 2349 mundo
2893 2292 3059 2349 occisi
3101 2302 3230 2348 sunt
3268 2306 3298 2346 a
3331 2289 3599 2347 Romanis

264 2381 513 2451 σφάξατε
540 2399 555 2415 ·
580 2384 702 2448 τοὺς
738 2383 1029 2447 Ἰουδαίους
1051 2386 1238 2457 φησὶν,
1279 2384 1373 2449 οὒς
1404 2384 1723 2455 καταφθορᾷ
1747 2400 1844 2438 πα-

1981 2384 2309 2450 :xercitibus,
2356 2395 2757 2456 servanturque
2815 2385 3179 2441 internecioni
3209 2383 3460 2455 quze‘illic
3488 2391 3597 2447 est,

265 2474 522 2547 ραδώσει,
546 2478 625 2539 είς
645 2477 705 2530 τὸ
720 2476 829 2547 πῦρ
848 2479 909 2531 τὸ
932 2475 1199 2548 ἐξώτερον
1221 2478 1618 2548 παραπέμπων
1655 2475 1875 2540 αὐτούς.
1908 2476 2023 2531 Καὶ
2055 2476 2240 2549 μέντοι
2280 2470 2426 2531 οὗτοι
2466 2479 2516 2531 οἱ
2575 2477 2752 2533 ἄθλιοι
2803 2475 3109 2543 κάνταῦθα,
3145 2479 3205 2531 ἐν
3260 2476 3339 2548 τῷ
3404 2476 3598 2548 κόσμῳ

262 2570 445 2640 τούτῳ
479 2571 641 2640 φημὶ,
684 2571 1109 2643 κατεσφάγησαν
1130 2572 1235 2627 ὑπὸ
1261 2572 1371 2627 τῶν
1404 2572 1742 2643 Ῥωμαϊκῶν
1771 2574 2221 2644 στρατευμάτων,
2249 2573 2582 2645 τηρούμενοι
2621 2575 2718 2628 καὶ
2748 2573 3115 2645 φυλαξάμενοι
3142 2576 3209 2647 τῇ
3242 2575 3363 2629 ἐκεί
3381 2576 3594 2645 σφαγῇ,

344 2686 366 2721 ι
404 2670 512 2722 Καὶ
539 2669 760 2737 ἐγένετο
800 2670 875 2735 ὡς
923 2672 1158 2743 ήγγισεν
1191 2674 1273 2735 είς
1311 2670 1604 2742 Βηθφαγὴ,
1641 2671 1739 2725 καὶ
1768 2671 1875 2741 Βη-

2054 2669 2225 2726 Vsus.
2249 2670 2322 2727 29
2350 2673 2442 2727 ιθ.
2479 2691 2500 2724 σ
2538 2671 2606 2727 Ει
2633 2672 2840 2727 factum
2873 2683 2959 2730 est
2991 2689 3117 2730 cum
3153 2674 3595 2745 appropinquas-

264 2760 465 2815 θανίαν
522 2762 661 2832 πρὸς
709 2762 771 2816 τὸ
812 2761 938 2832 ὅρος
980 2763 1043 2817 τὸ
1109 2764 1450 2835 καλούμενον
1492 2763 1742 2829 Ἐλαιῶν,
1772 2764 1875 2817 ἁπ-

1981 2771 2065 2818 set
2088 2763 2155 2816 ad
2188 2762 2504 2834 Betbpbage
2540 2772 2596 2819 et
2648 2762 2974 2818 Betltaniam
3014 2764 3171 2835 juxta
3216 2775 3462 2822 montem
3504 2767 3597 2839 qui

282 2855 497 2909 ἐστειλε
529 2856 624 2910 δύο
651 2857 760 2911 τῶν
798 2858 1059 2929 μαθητῶν
1088 2859 1257 2913 αὑτοῦ
1284 2860 1475 2913 εἰπών⁸
1494 2857 1769 2928 Ὑπάγετε
1800 2858 1875 2922 είς

1989 2865 2219 2911 vocatur
2246 2857 2545 2925 Olivarum,
2598 2856 2748 2913 misit
2792 2856 2930 2913 duos
2978 2846 3277 2927 discipulos
3323 2874 3473 2923 suos,
3512 2863 3599 2917 di-

265 2948 373 3017 τὴν
398 2948 684 3002 κατέναντι
718 2950 936 3021 κώμην,
955 2952 1012 3004 ἐν
1107 2952 1583 3025 εἰσπορευόμενοι,
1610 2953 1875 3023 εὑρήσετε

1981 2961 2149 3003 cens:
2179 2945 2256 3003 Ite
2296 2946 2350 3003 iu
2374 2947 2656 3021 castellum
2698 2948 2842 3019 quod
2873 2964 2905 3005 e
2940 2950 3165 3019 regione
3186 2960 3290 3016 est,
3350 2951 3403 3005 in
3438 2952 3598 3019 Quod

268 3039 457 3093 πῶλον
491 3040 801 3111 δεδεμένον,
849 3043 937 3113 ἐφ’
986 3040 1046 3095 δν
1086 3044 1265 3107 οὐδεὶς
1306 3044 1528 3098 πώποτε
1565 3044 1875 3116 ἀνθρώπων

1981 3038 2325 3094 introeuntes
2365 3039 2661 3094 invenietis
2679 3040 2885 3110 pullum
2920 3041 3115 3107 asinae,
3169 3040 3481 3111 alligatum,
3539 3043 3595 3099 in

269 3136 528 3190 ἐκάθισε’
561 3134 825 3200 λύσαντες
855 3136 1019 3191 αὑτὸν
1062 3136 1327 3206 ἀγάγετε,
1362 3137 1455 3192 καὶ
1491 3136 1588 3190 ἐάν
1618 3155 1703 3202 τις
1732 3137 1875 3207 ὑμᾶς

1985 3146 2095 3201 quo
2126 3146 2287 3189 nemo
2316 3148 2555 3202 unquam
2599 3132 2881 3186 hominum
2935 3132 3103 3187 sedit.
3152 3130 3361 3189 Solvite
3410 3133 3593 3201 illum,

266 3229 474 3301 ἐρωτᾷ,
504 3228 656 3282 Διατί
680 3227 835 3282 λύετε
860 3247 876 3297 ;
907 3228 1079 3294 οὕτως
1103 3231 1278 3301 ἐρεῖτε
1303 3230 1563 3300 αὐτῷ,ὃτι
1591 3230 1652 3283 '0
1674 3229 1875 3301 Κύριος

1985 3232 2039 3276 et
2088 3222 2359 3277 adducite.
2417 3222 2484 3276 Et
2515 3222 2560 3276 si
2593 3221 2719 3290 quis
2768 3237 2866 3277 vos
2922 3222 3371 3292 interrogaverit,
3409 3222 3597 3291 Quare

266 3321 439 3376 αὐτοῦ
480 3321 671 3393 χρείαν
708 3320 843 3393 ἔχει.
887 3321 1243 3385 Ἀπελθόντες
1277 3322 1335 3376 δὲ
1368 3324 1418 3377 oi.
1445 3322 1875 3395 ἀπεσταλμένοι,

1984 3313 2229 3370 solvitis?
2255 3315 2335 3370 sic
2361 3313 2556 3369 dicetis
2579 3314 2628 3369 ei
2654 3333 2667 3369 :
2692 3312 2833 3379 Quia
2862 3313 3130 3368 Dominus
3148 3328 3215 3369 eo
3243 3328 3382 3385 opus
3405 3316 3593 3371 habet.

268 3410 434 3487 εὗρον
483 3414 667 3479 καθὼς
722 3411 879 3468 εἶπεν
926 3416 1132 3479 αὐτοῖς.
1169 3417 1425 3470 Λυὸντων
1456 3416 1514 3470 δὲ
1566 3416 1749 3470 αὐτῶν
1786 3417 1879 3471 τὸν

271 3506 481 3572 πῶλον,
514 3501 670 3559 εἷπον
696 3507 744 3559 ol
772 3506 953 3577 κύριοι
985 3506 1151 3559 αὑτοῦ
1186 3508 1326 3577 πρὸς
1356 3508 1589 3568 αὐτοὺς*
1628 3508 1693 3560 Τί
1721 3507 1879 3561 λύετε

266 3605 365 3657 τὸν
390 3604 601 3670 πῶλον;
630 3604 695 3656 Οί
717 3602 774 3657 δὲ
794 3598 950 3657 εἷπον
972 3620 985 3633 ·
1024 3603 1083 3657 '0
1105 3602 1309 3673 Κύριος
1331 3601 1499 3656 αὐτοῦ
1525 3602 1715 3673 χρείαν
1738 3602 1878 3672 ἔχει.

268 3700 386 3753 Καὶ
416 3698 622 3769 ήγαγον
654 3697 817 3751 αὑτὸν
852 3697 991 3769 πρὸς
1024 3694 1116 3751 τὸν
1155 3693 1390 3766 Ἰησοῦν,
1423 3697 1518 3749 καὶ
1547 3694 1879 3767 ἐπιρρίψαν-

268 3807 367 3852 τες
394 3789 605 3843 ἑαυτῶν
634 3789 704 3842 τὰ
731 3789 929 3859 ἱμάτια
958 3788 1054 3841 ἐπὶ
1076 3787 1169 3839 τὸν
1198 3786 1399 3853 πῶλον,
1423 3785 1763 3840 ἐπεϐίϐασαν
1784 3786 1880 3840 τὸν

283 3880 519 3952 Ἰησοῦν.
578 3880 960 3949 Πορευομένου
1008 3877 1064 3931 δὲ
1099 3877 1293 3941 αὐτοῦ,
1355 3876 1778 3948 ὑπεστρώννυον
1809 3876 1881 3931 τὰ

284 3977 483 4044 ἱμάτια
511 3973 696 4027 αὐτῶν
725 3973 784 4026 ἐν
819 3975 886 4042 τῇ
916 3970 1040 4039 eaq).
1090 3970 1435 4040 Ἐγγίζοντος
1486 3971 1544 4023 δὲ
1583 3970 1748 4025 αὑτοῦ
1778 3970 1877 4042 ήδη

273 4066 417 4139 πρὸς
443 4068 509 4137 τῇ
550 4065 853 4119 καταὸἀσει
879 4064 970 4117 τοῦ
1006 4064 1168 4135 ὅρους
1204 4064 1312 4118 τῶν
1352 4062 1603 4126 Ἐλαιῶν,
1646 4062 1881 4133 ἧρξαντο

273 4160 427 4215 ἅπαν
452 4160 515 4212 τὸ
547 4158 753 4228 πλῆθος
785 4156 897 4211 τῶν
944 4156 1209 4227 μαθητῶν
1234 4156 1544 4227 χαίροντες,
1579 4158 1754 4210 αίνείν
1785 4156 1879 4211 τὸν

272 4253 411 4308 Θεὸν
445 4255 599 4324 φωνῇ
646 4251 857 4327 μεγάλῃ
884 4252 1013 4323 περὶ
1044 4250 1257 4319 πασῶν,
1290 4244 1369 4305 ὧν
1397 4246 1539 4305 εἶδον
1568 4250 1875 4321 δυνάμεων,

274 4348 529 4415 λέγοντες
550 4365 564 4379 ·
591 4346 970 4417 Εὐλογημένος
996 4346 1025 4397 ὁ
1053 4344 1347 4417 ἐρχόμενος
1392 4343 1653 4408 Βασιλεὺς
1677 4345 1734 4396 ὲν
1758 4342 1879 4396 δνό-

280 4452 414 4503 ματι
427 4435 659 4507 Κυρίου.
688 4435 896 4507 Εἰρήνη
920 4436 978 4488 ἐν
1004 4434 1357 4506 οὐρανῷ,’ἔ.αὶ
1377 4436 1507 4503 δόξα
1523 4436 1582 4488 ἐν
1602 4434 1873 4505 ὑψίστοις.

1982 3406 2254 3461 Abierunt
2276 3414 2461 3461 autem
2492 3406 2584 3476 qui
2609 3406 2760 3461 missi
2786 3414 2967 3470 erant,
2995 3416 3051 3462 et
3091 3406 3421 3464 invenerunt
3450 3409 3597 3465 sicut

1984 3500 2203 3555 dixerat
2241 3498 2373 3555 illis.
2409 3498 2764 3554 Solventibus
2791 3505 2976 3554 autem
3016 3499 3124 3555 illis
3160 3500 3388 3570 pullum,
3425 3503 3598 3558 dixe-

1984 3600 2112 3647 runt
2142 3591 2349 3646 domini
2386 3591 2506 3659 ejus
2541 3592 2609 3646 ad
2660 3592 2785 3646 illos
2825 3608 2840 3646 :
2880 3589 3062 3657 Quare
3095 3592 3307 3649 solvitis
3346 3592 3598 3664 pullum?

1981 3686 2051 3739 At
2081 3685 2159 3741 illi
2190 3686 2444 3741 dixerunt
2482 3703 2495 3737 :
2529 3684 2671 3752 Quia
2704 3685 2972 3743 Dominus
3000 3701 3067 3742 eo
3111 3702 3250 3755 opus
3298 3687 3487 3744 habet.
3523 3688 3595 3744 Et

1982 3781 2257 3834 duxerunt
2308 3776 2457 3831 illum
2501 3778 2569 3832 ad
2619 3776 2828 3846 Jesum,
2870 3787 2923 3834 et
2976 3777 3195 3847 injectis
3242 3780 3594 3837 vestimentis

1982 3873 2097 3941 suis
2129 3886 2294 3943 super
2315 3870 2546 3943 pullum,
2579 3870 2961 3941 imposuerunt
2981 3868 3193 3928 Iesum.
3219 3872 3391 3947 448
3411 3874 3593 3929 Eunte

1982 3978 2162 4022 autem
2201 3965 2311 4031 illo,
2332 3965 2759 4021 substernebant
2791 3964 3121 4020 vestimenta
3162 3981 3259 4021 sua
3295 3969 3349 4021 in
3383 3968 3492 4022 via.
3526 3967 3594 4023 Et

1982 4074 2107 4114 cum
2141 4057 2607 4128 appropinquaret
2631 4055 2747 4127 jam
2782 4056 2848 4111 ad
2878 4054 3212 4112 descensum
3239 4059 3445 4112 montis
3471 4058 3591 4113 Oli-

1982 4166 2194 4214 varum,
2250 4157 2541 4219 cmperuut
2596 4149 2781 4204 omnis
2839 4148 3136 4204 multitudo
3192 4140 3643 4220 discipulorqu

1981 4245 2279 4314 gaudentes
2300 4240 2521 4296 laudare
2547 4239 2720 4295 Deum
2740 4254 2873 4297 voce
2903 4254 3099 4312 magna
3131 4255 3301 4311 super
3328 4243 3589 4299 omnibus

1981 4352 2119 4407 quas
2151 4336 2405 4390 viderunt
2436 4335 2757 4399 virtutibus,
2789 4333 3038 4391 dicentes
3074 4351 3089 4389 :
3137 4334 3463 4391 Benedictus
3492 4338 3587 4407 qui

1984 4431 2131 4485 venit
2161 4429 2277 4485 Rex
2302 4430 2355 4484 in
2385 4428 2602 4484 nomine
2632 4427 2869 4483 Domini.
2900 4426 3015 4483 Pax
3045 4428 3101 4483 in
3137 4428 3301 4495 cmlo,
3326 4438 3385 4485 et
3414 4429 3589 4501 gloria

275 4527 388 4584 Καί
413 4546 557 4593 τινες
588 4529 699 4582 τῶν
726 4528 1039 4598 Φαρισαίων
1077 4528 1188 4582 ἀπὸ
1236 4528 1333 4583 τοῦ
1355 4529 1516 4601 ὄχλου
1564 4525 1718 4582 εἷπον
1742 4530 1875 4600 πρὶς

1986 4526 2041 4576 in
2074 4522 2376 4577 altissimis.
2403 4519 2470 4575 Et
2490 4520 2711 4590 quidam
2738 4520 3139 4577 Pharisaeorum
3170 4536 3201 4577 e
3234 4524 3394 4577 turba
3426 4523 3586 4579 dixe-

278 4620 449 4675 αὐτόν
477 4637 490 4651 ·
532 4621 853 4683 Διδάσκαλε,
905 4621 1235 4691 ἐπιτίμησον
1262 4624 1377 4685 τοῖς
1429 4621 1704 4693 μαθηταῖς
1757 4637 1872 4675 σου.

277 4714 394 4769 Καὶ
437 4713 761 4785 ἀποκριθεὶς
805 4708 962 4767 εἶπεν
1001 4714 1190 4777 αὐτοῖς
1228 4729 1243 4744 ⁸
1288 4715 1452 4783 Λέγω
1484 4716 1636 4785 ὑμῖν,
1668 4716 1751 4768 ὅτι
1782 4712 1878 4769 ἐὰν

276 4799 429 4861 οῦτοι
463 4809 838 4877 σιωπήσωσιν,
886 4806 937 4860 oi
991 4806 1131 4860 λίθοι
1167 4808 1558 4877 κεκράξονται.
1615 4826 1635 4861 ι
1682 4807 1788 4861 Δύο
1820 4810 1879 4861 ἐν

275 4895 465 4966 ταυτῷ
494 4898 523 4950 δ
545 4896 748 4967 Κύριος
773 4896 1056 4968 ὑποδηλῶν
1086 4898 1179 4951 ἐπὶ
1208 4897 1304 4951 τοῦ
1335 4898 1516 4953 πώλου
1550 4898 1784 4965 καθίζει’
1819 4897 1878 4953 ἓν

280 4990 404 5058 μὲν.
431 4988 655 5059 πληρῶν
678 4991 1021 5060 προφητείαν
1051 4990 1150 5060 τὴν
1174 4990 1468 5058 λέγουσαν,
1510 4991 1647 5045 Ἰδοὺ
1669 4995 1697 5045 ὁ
1722 4991 1878 5062 βασι-

166 5137 173 5144 _
274 5079 403 5143 λεύς
454 5097 547 5133 σου
596 5081 813 5152 ἔρχεται
854 5082 1169 5154 καθήμενος
1222 5084 1315 5137 ἐπὶ
1367 5082 1531 5136 ὄνου·
1575 5083 1765 5154 ἕτερον
1796 5083 1875 5148 δὲ,

274 5172 558 5246 τροπικῶς
594 5176 726 5244 ἡμῖν
760 5175 1157 5245 αἰνιττόμενος,
1188 5177 1273 5229 ὅτι
1309 5177 1637 5248 ἐπιϐήσεται
1669 5180 1761 5230 ἐπὶ
1787 5178 1879 5231 τὸν

276 5268 421 5330 νέον,
456 5268 550 5320 καὶ
592 5267 929 5337 ἀκάθαρτον,
980 5271 1072 5322 καὶ
1115 5270 1432 5340 ἀδάμαστον
1478 5271 1692 5325 ἐθνικὸν
1727 5272 1873 5325 λαόν.

276 5358 355 5411 Οὐ
389 5359 500 5429 γὰρ
544 5359 719 5430 δήπου
762 5360 849 5415 διὰ
888 5360 951 5415 τὸ
1006 5362 1107 5431 τῆς
1156 5361 1280 5415 ὁδοῦ
1326 5364 1503 5433 μῆκος
1553 5364 1726 5418 ἐδεῖτο
1779 5363 1876 5416 τοῦ

277 5452 579 5520 ὑποζυγίου
616 5468 629 5481 ·
676 5455 704 5507 ὁ
736 5455 847 5526 γὰρ
905 5458 1089 5511 πᾶσαν
1150 5456 1440 5513 Γαλιλαίαν
1475 5459 1571 5514 καὶ
1617 5459 1879 5513 Ἰουδαίαν

276 5544 421 5614 πεζῇ
451 5544 899 5617 περιερχόμενος,
940 5549 1060 5614 πῶς
1108 5550 1174 5604 ἂν
1202 5551 1313 5605 ἀπὸ
1346 5551 1624 5621 Βηθανίας
1654 5554 1734 5616 είς
1780 5551 1879 5605 Ἰε-

281 5637 569 5709 ρουσαλὴμ
589 5639 760 5705 διῖὼν,
794 5642 989 5714 ἐδεήθη
1018 5642 1115 5697 τοῦ
1144 5644 1349 5710 πώλου,
1385 5645 1568 5715 ὀλίγου
1606 5646 1759 5709 ὄντος
1780 5646 1876 5699 τοῦ

277 5729 671 5801 διαστήματος,
702 5732 779 5798 ὡς
831 5737 1031 5799 πάντες
1063 5736 1277 5803 ίσασινς
1327 5737 1509 5811 Ὅπερ
1556 5734 1650 5793 οῦν
1696 5734 1873 5805 εἷπον,

284 5820 562 5882 nummi),-
594 5820 767 5875 ταῦτα
804 5828 964 5882 ποιεῖ,
1000 5826 1297 5899 Δεδεμένος
1329 5829 1385 5883 δὲ
1412 5825 1479 5899 ἦν
1511 5831 1539 5883 ὁ
1574 5829 1751 5895 πῶλος
1780 5836 1875 5885 καὶ

354 5934 429 5968 ’δ”
459 5936 648 5993 ὶιιιιίίι.
691 5954 804 6005 xxi,
847 5941 900 5996 5.

1986 4624 2111 4669 runt
2152 4616 2218 4668 ad
2254 4614 2447 4668 illum:
2488 4613 2767 4683 Magister,
2819 4613 3043 4682 increpa
3089 4614 3389 4684 discipulos
3437 4624 3587 4672 tuos.

1982 4708 2188 4775 Quibus
2224 4708 2340 4778 ipse
2373 4709 2451 4761 ait
2488 4708 2665 4763 :Dico
2700 4708 2873 4772 vobis,
2914 4710 3059 4778 quod
3108 4709 3152 4764 si
3192 4709 3246 4762 bi
3290 4714 3589 4777 tacuerint,

1984 4817 2110 4856 mox
2151 4800 2363 4872 lapides
2415 4799 2751 4855 clamabunt.
2795 4818 2813 4852 ι
2858 4801 3121 4857 Dominus
3172 4816 3338 4872 super
3376 4803 3587 4873 pullum

1983 4898 2199 4960 sedens,
2237 4895 2345 4949 duo
2390 4894 2675 4949 declarat:
2713 4906 2878 4946 unum
2914 4894 3057 4963 quod
3087 4892 3309 4963 impleat
3348 4896 3587 4965 prOpbe-

1986 4990 2113 5042 tiam
2148 4989 2460 5044 dicentem:
2502 5005 2520 5038 ι
2549 4985 2687 5040 Ecce
2728 4998 2826 5038 rex
2850 4992 2979 5039 tuus
3014 4990 3165 5040 venit
3187 4985 3386 5040 sedens
3420 5002 3587 5056 super

1982 5082 2294 5149 οεὶιιοιιι⁸⁸·;
2320 5100 2341 5133 ›
2366 5080 2663 5136 secundum
2684 5078 2991 5149 ﬁguraliter
3008 5079 3164 5134 nobis
3181 5080 3422 5135 insinuat
3438 5083 3585 5151 quod

1982 5189 2235 5242 sessurus
2266 5175 2338 5230 sit
2365 5189 2530 5246 super
2576 5187 2782 5228 novum
2814 5180 2872 5228 et
2906 5172 3233 5227 indomitum
3259 5183 3313 5226 et
3343 5172 3586 5227 immun-

1983 5270 2110 5323 dum
2148 5268 2406 5337 populum
2433 5265 2710 5337 gentilem.
2735 5261 2858 5321 Non
2883 5264 3031 5319 enim
3068 5263 3321 5318 videlicet
3359 5277 3460 5332 pro
3498 5265 3586 5317 iti-

1984 5362 2130 5417 neris
2168 5360 2501 5431 longitudine
2529 5360 2780 5431 jumeuto
2818 5373 2956 5428 opus
3005 5356 3264 5413 habebat.
3300 5356 3401 5425 Qui
3436 5358 3583 5411 enim

1984 5470 2079 5525 per
2132 5464 2298 5509 totam
2340 5452 2620 5509 Galilaeam
2675 5461 2731 5507 et
2782 5450 3027 5509 Judaeum
3095 5451 3334 5520 pedestri
3390 5451 3585 5504 itinere

1982 5548 2269 5611 circuibat,
2304 5544 2579 5616 quomodo
2618 5558 2647 5597 a
2681 5544 2944 5598 Bethania
2992 5538 3371 5609 inflerusalem
3398 5549 3582 5593 trans-

1986 5642 2102 5695 iens
2147 5650 2363 5711 rogaret
2402 5648 2462 5692 ut
2496 5638 2673 5707 pullus
2718 5638 2819 5691 sibi
2875 5637 3119 5702 daretur,
3180 5649 3302 5689 cum
3348 5648 3455 5687 non
3512 5631 3587 5685 sit

1986 5744 2134 5789 tanta
2164 5732 2445 5796 distantia,
2480 5740 2540 5784 ut
2577 5730 2759 5784 sciunt
2791 5729 3019 5783 omnes?
3050 5728 3309 5789 Proinde,
3345 5736 3405 5780 ut
3429 5724 3583 5779 dice-

1984 5833 2133 5897 bum,
2167 5830 2394 5901 mystica
2418 5834 2544 5884 sunt
2573 5826 2707 5881 tunc.
2742 5822 2973 5880 Vinctus
3013 5833 3192 5879 autem
3214 5830 3337 5876 erat
3374 5816 3581 5892 pullus,
