4100 6334
523 510 526 513 ’
588 523 644 568 et
675 509 924 564 dominos

590 603 764 667 stolis,
797 602 897 653 hoc
934 607 1018 651 est
1072 594 1139 648 ab
1179 591 1270 645 his
1316 589 1407 657 qui
1450 585 1597 640 missi
1644 584 1880 638 fuerunt.
1929 578 2157 632 Sensum

588 663 766 748 autem
818 691 957 744 hunc
1002 685 1166 738 habet
1204 675 1498 740 :Bethania
1532 672 1746 741 quidem
1792 669 1983 721 domus
2014 663 2158 716 obe—

576 786 802 841 ‘dieutia:
823 783 1226 848 interpretatur,
1255 769 1566 839 Betbphage
1595 778 1742 825 vero,
1764 762 1954 814 domus
1976 753 2161 848 maxil-

589 880 783 933 larum.
814 873 942 928 Erat
963 846 1090 924 sane
1115 869 1267 920 vicus
1302 861 1661 917 sacerdotum.
1686 852 1899 907 Etenim
1928 846 2160 903 maxillae

586 965 955 1023 sacerdotibus
995 961 1279 1020 dabantur,
1327 955 1470 1008 sicut
1509 951 1561 1004 in
1600 950 1713 1017 lege
1752 945 2011 1012 scriptum
2053 949 2156 995 est.

587 1058 870 1110 lndieatur-
890 1063 1065 1106 autem
1098 1065 1192 1118 per
1217 1043 1463 1099 maxillas
1482 1052 1660 1094 sermo
1688 1035 1969 1096 doctrinm,
1999 1045 2156 1102 quetn

496 1181 499 1185 -
590 1153 668 1220 spi
684 1149 904 1203 rituales
936 1143 1166 1198 maxilla:
1197 1138 1835 1201 eﬂiciunl,etattenuant.
1867 1127 1966 1182 Ubi
2000 1125 2161 1194 igitur

586 1218 776 1295 domus
806 1237 1073 1292 sermonis
1093 1231 1369 1293 doctrinae,
1396 1239 1448 1282 et
1483 1224 1803 1280 obedientite
1827 1235 1950 1289 erga
1984 1218 2155 1278 illum,

585 1332 714 1385 illuc
741 1332 1024 1383 mittuntur
1053 1323 1295 1390 discipuli
1319 1317 1556 1378 Domini,
1583 1325 1635 1368 et
1663 1313 1877 1366 solvunt
1901 1307 2156 1378 populum

585 1428 793 1480 catenis
827 1430 1167 1491 peccatorum
1207 1416 1449 1483 ligatum,
1487 1409 1776 1473 multiSque
1805 1403 1951 1456 curis
1989 1401 2111 1451 vitm
2143 1413 2155 1450 :

583 1526 637 1572 et
672 1529 766 1584 pro
791 1489 852 1566 eo
888 1509 1028 1579 quod
1067 1507 1226 1561 habet
1277 1503 1470 1558 multos
1525 1500 1768 1552 dominos
1801 1504 1855 1548 et
1889 1495 2041 1555 deos,
2075 1489 2157 1543 fa-

583 1613 732 1663 ciunt
754 1618 875 1659 eum
913 1602 1112 1656 habere
1140 1609 1305 1651 unum
1340 1593 1622 1648 Dominum
1647 1589 1830 1644 lusum
1859 1587 2156 1647 Christum,

582 1712 636 1756 et
671 1714 832 1752 unum
867 1696 1033 1748 Deum
1068 1691 1305 1746 Patrem.
1345 1685 1450 1741 Ubi
1486 1694 1662 1737 autem
1711 1696 1814 1736 non
1850 1687 1935 1732 est
1970 1678 2160 1730 domus

583 1789 921 1851 obedientia,
968 1785 1050 1839 vel
1090 1781 1360 1850 susceptio
1407 1778 1552 1832 verbi
1599 1775 1880 1835 doctrinae,
1916 1770 1988 1824 ibi
2028 1769 2155 1823 illud

1472 364 2055 437 TllEOPIIYLAC'l‘I
2103 337 2518 434 BULGARUE
2561 355 2918 418 ABCHIEP.

962 501 1188 559 habebat
1211 495 1406 578 multos
1440 514 1452 547 :
1480 495 1573 549 sed
1603 491 1810 548 solutus
1836 494 1920 544 est
1948 486 2161 551 abapo-

2266 475 2487 547 λυρίους
2516 468 2628 544 εἶχε
2658 472 2905 536 πολλοὺς,
2928 468 3066 528 ἀλλὰ
3093 469 3274 523 λύεται
3301 465 3453 538 παρὰ
3480 466 3586 520 τῶν
3614 465 3843 520 ἀποστόο

3706 341 3843 408 Ῑοέῖἳ

2264 569 2391 633 λων,
2421 566 2689 630 τουτέστι,
2719 565 2828 617 τῶν
2859 562 3291 618 ἀποσταλέντων.
3319 559 3489 613 Τοῦτο
3519 559 3576 612 δὲ
3607 557 3843 613 τοιοῦτόν

2263 660 2378 713 ἔστι
2399 675 2410 688 ·
2445 657 2681 726 Βηθανία
2717 657 2815 726 μὲν
2845 652 2986 719 οἶκος
3019 653 3268 721 ὑπακοῆς
3295 651 3682 722 ἑρμηνεύεται,
3713 649 3844 719 Βηθ-

2264 757 2413 824 φαγὴ
2455 753 2510 806 δὲ
2549 749 2696 815 οἶκος
2746 751 3035 818 σιαγόνων,
3085 746 3359 820 ἱερατικὸς
3403 745 3480 824 ζυν
3511 746 3698 803 τόπος.
3741 743 3844 796 Καὶ

2262 849 2370 919 γὰρ
2399 847 2645 916 σιαγὸνες
2681 847 2792 908 τοῖς
2828 841 3065 913 ἱερεῦσιν
3098 841 3351 904 ἐδίδοντο,
3381 822 3455 900 ὧς
3487 839 3544 888 ὲν
3575 837 3654 906 τῷ
3701 835 3844 905 νόμῳ

2264 938 2701 1005 ἀναγέγραπται.
2748 935 3013 1004 Δηλοῦται
3041 933 3096 985 δὲ
3133 932 3220 984 διὰ
3253 931 3364 982 τιῖιν
3399 929 3668 994 σιαγόνων
3697 929 3725 980 6
3753 926 3844 995 τῆς

2261 1029 2608 1092 διδασκαλίας
2653 1029 2829 1096 λόγος,
2867 1028 2924 1079 ὃν
2954 1027 3010 1078 αἱ
3038 1025 3268 1095 ψυχικαὶ
3299 1023 3547 1090 σιαγόνες
3580 1019 3847 1088 κατεργά-

2263 1122 2468 1186 ζονται,
2524 1125 2617 1174 καὶ
2666 1121 3053 1174 λεπτύνουσινέ
3099 1117 3269 1170 Ἔνθα
3325 1115 3506 1168 τοίνυν
3561 1111 3710 1177 οἶκος
3757 1111 3846 1165 τοῦ

2262 1213 2426 1283 λόγου
2455 1215 2548 1267 τοῦ
2593 1210 2997 1275 διδασκαλικοῦ,
3029 1210 3242 1278 καὶτῆς
3276 1209 3414 1279 πρὸς
3455 1207 3646 1260 τοῦτον
3717 1206 3851 1258 ὑπα-

2265 1310 2418 1376 κοῆς,
2452 1310 2565 1360 ἐκεῖ
2610 1307 2918 1360 στέλλονται
2953 1307 3001 1358 οἱ
3039 1305 3130 1357 τοῦ
3161 1302 3384 1371 ’Κυρίου
3440 1301 3704 1369 μαθηταὶ,
3761 1298 3851 1353 καὶ

2265 1402 2450 1454 λύουσι
2507 1401 2596 1453 τὸν
2660 1402 2779 1462 ταῖς
2806 1401 3013 1467 σειραῖς
3071 1396 3354 1464 δεδεμένον
3407 1394 3514 1444 τῶν
3566 1392 3851 1461 ἁμαρτιῶν

2265 1495 2414 1559 λαὸν,
2447 1495 2538 1546 καὶ
2582 1495 2699 1553 ταῖς
2739 1493 2988 1561 φροντίσι
3023 1490 3116 1544 τοῦ
3147 1492 3262 1558 βίον
3289 1491 3407 1550 ταῖς
3460 1487 3707 1550 πολλαῖς,
3759 1486 3852 1539 καὶ

2263 1589 2383 1641 ἀντὶ
2407 1587 2522 1650 τοῦ,
2554 1586 2781 1647 πολλοὺς
2813 1585 2960 1655 ἔχειν
2991 1585 3233 1656 κυρίους,
3264 1585 3356 1635 καὶ
3385 1581 3563 1644 θεοὺς,
3607 1580 3852 1634 ποιοῦσιν

2265 1679 2426 1732 αὑτὸν
2449 1679 2594 1749 ἔχειν
2614 1679 2709 1731 ἕνα
2742 1678 2940 1746 Κύριον
2968 1675 3197 1746 Ἰησοῦν,
3225 1677 3316 1728 καὶ
3346 1674 3439 1726 ἕνα
3459 1675 3590 1727 Θεὸν
3608 1675 3849 1742 Πατέρα.

2265 1774 2439 1825 Ὅπου
2473 1774 2580 1842 γὰρ
2613 1774 2714 1826 οὑκ
2742 1771 2890 1825 ἐστιν
2925 1765 3072 1832 οἶκος
3106 1770 3372 1838 ὑπακοῆς,
3403 1768 3525 1821 οὑδὲ
3562 1767 3850 1838 παραδοχὴ

585 1829 921 1851 ................,
979 1829 1050 1839 .-.
1090 1829 1358 1850 -.-ηὝνν
1445 1829 1485 1832 ,γ
1611 1829 1614 1830 ν
1869 1829 1878 1835 _

585 1902 688 1941 non
729 1886 805 1951 lit,
846 1896 1021 1952 neque
1055 1880 1229 1949 pullus
1265 1876 1517 1931 solvitur.
1565 1873 1706 1924 Duos
1735 1878 1911 1921 autem
1963 1866 2160 1920 missos

2265 1866 2423 1932 λόγου
2470 1829 2879 1925 διδιασκαλικοῦ,
2936 1829 3177 1915 τοιοῦτόν
3225 1878 3277 1913 τι
3309 1829 3395 1912 ,ού
3439 1829 3658 1927 γίνεται
3713 1829 3849 1922 exit,

583 1992 722 2042 esse,
760 1976 859 2030 hoc
906 1974 1036 2038 vult,
1080 1971 1220 2038 quod
1254 1971 1304 2021 in
1352 1967 1671 2019 addttctione
1721 1960 1900 2031 populi
1950 1958 2160 2029 gentilis

584 2072 649 2125 ad
671 2069 946 2124 Christum
983 2075 1040 2118 ιιι
1065 2062 1316 2117 obediant
1346 2058 1418 2121 ei,
1449 2058 1552 2110 duo
1585 2055 1805 2110 ordines
1833 2052 2156 2111 ministrent,

583 2142 879 2229 prophetat,
915 2166 967 2210 et
1000 2151 1248 2224 apostoli.
1302 2148 1366 2202 Et
1392 2149 1591 2206 ducunt
1632 2159 1754 2197 eum
1806 2157 1872 2196 ex
1914 2139 2156 2202 casti-llo,

584 2266 640 2308 ut
670 2254 939 2308 discamus
964 2249 1131 2303 fuisse
1161 2244 1416 2316 populum
1450 2241 1600 2294 valde
1631 2253 1873 2294 crassqu
1903 2245 1953 2289 et
1979 2236 2161 2288 ineru-

584 2349 775 2402 ditum.
804 2343 1052 2409 Nondum
1081 2341 1222 2393 enim
1253 2339 1464 2392 sederat
1485 2347 1648 2403 super
1679 2347 1801 2386 eutn
1864 2343 2041 2383 sermo
2072 2326 2156 2380 vel

585 2436 877 2498 Mosaiens,
904 2433 984 2487 Vel
1015 2429 1381 2500 propheticus,
1405 2425 1512 2479 sed
1548 2422 1724 2492 pullus
1764 2432 1883 2473 erat
1929 2418 2160 2471 indomi-

585 2539 689 2583 tus.
724 2525 979 2592 Quamvis
1025 2533 1204 2574 autem
1247 2517 1579 2586 evangelista
1619 2513 1757 2566 alius
1789 2510 1924 2564 dixit
1964 2524 2160 2578 pueros

583 2618 746 2674 fuisse
777 2620 868 2688 qui
899 2615 1204 2668 clamabant
1237 2629 1248 2663 :
1282 2608 1534 2663 llosauna
1573 2605 1680 2658 ﬁlio
1715 2602 1944 2656 David”
1976 2619 1988 2654 :
2022 2609 2160 2653 atta-

586 2729 707 2765 men
741 2722 792 2764 et
829 2709 900 2763 illi
945 2705 1520 2760 insinuabantnomm
1570 2697 1848 2768 populttm.
1877 2692 2160 2748 Credendo

584 2805 728 2858 enim
779 2800 959 2856 Jesunt
1013 2813 1074 2851 ex
1129 2796 1335 2850 semine
1389 2792 1555 2846 David
1600 2789 1894 2844 secundum
1940 2799 2159 2839 carnem

585 2867 956 2964 apparuisse,
1006 2887 1228 2957 gloriam
1302 2882 1606 2937 retulerunt
1666 2877 1807 2940 Deo.
1857 2877 2156 2937 secundum

586 2983 725 3054 quod
773 2981 1035 3048 scriptum
1083 2987 1166 3029 est
1206 2994 1220 3030 :
1267 2973 1501 3044 Populus
1539 2970 1634 3041 qui
1689 2978 1928 3036 creatur,
1969 2969 2158 3022 lauda-

585 3077 664 3130 hit
717 3069 1065 3127 Dominum‘.
1100 3065 1562 3130 Vestimentorum
1608 3073 1789 3117 autem
1824 3061 2156 3127 substratio,

2263 1958 2380 2010 οὑδὲ
2412 1955 2598 2009 λύεται
2635 1959 2662 2009 ὁ
2691 1955 2892 2018 πῶλος.
2924 1953 3028 2006 Δύο
3059 1953 3115 2006 δὲ
3150 1952 3302 2014 ὄντες
3345 1953 3392 2004 οἱ
3421 1949 3846 2018 ἀπεσταλμένοι,

2261 2051 2420 2104 τοῦτο
2451 2051 2802 2113 αἰνίττονται,
2849 2049 2932 2100 ὅτι
2965 2049 3030 2117 τῇ
3069 2046 3161 2099 τοῦ
3198 2045 3413 2098 ὲθνικοῦ
3459 2044 3589 2097 λαοῦ
3648 2060 3852 2116 προσαο

2262 2145 2439 2212 γωγῇ,
2473 2145 2567 2195 καὶ
2595 2144 2660 2213 τῇ
2713 2141 2848 2211 πρὸς
2895 2141 3129 2209 Χριστὸν
3176 2140 3424 2208 ὑποταγῇ
3460 2137 3553 2190 δύο
3595 2138 3853 2205 τάγματα

2263 2235 2616 2307 ὑπουργοῦσι,
2658 2237 2960 2305 προφῆται,
2991 2233 3084 2285 καὶ
3122 2231 3436 2286 ἁπόστοῗοι.
3479 2232 3588 2283 Καὶ
3625 2232 3853 2293 ἄγουσιν

2263 2329 2426 2380 αὑτὸν
2459 2326 2522 2378 ἐκ
2565 2341 2708 2387 τινος
2746 2323 2960 2392 κώμης,
3013 2322 3100 2375 ἵνα
3143 2321 3406 2390 μάθωμεν
3459 2321 3538 2372 ὅτι
3593 2317 3854 2388 ἀγροικίᾳ.

2265 2419 2430 2488 πολὶῇ
2471 2418 2631 2487 συνῆν
2670 2419 2697 2470 6
2728 2416 2855 2479 λαὸς
2884 2408 3040 2488 οὗτος
3075 2414 3171 2468 καὶ
3209 2412 3562 2482 ἀπαιδευσίᾳ.
3597 2411 3706 2463 Καὶ
3743 2411 3850 2480 γὰρ

2264 2511 2381 2563 οὐδὲ
2411 2509 2662 2562 ἐκάθισεν
2693 2509 2777 2561 ἐπ’
2808 2508 2969 2560 αὑτὸν
2997 2497 3250 2560 οὐδέποτε
3275 2508 3434 2575 λόγος
3468 2507 3499 2576 ἦ
3531 2505 3846 2569 Μωσαῖκὸς,

2265 2602 2297 2672 ἢ
2333 2602 2691 2670 προφητικὸς,
2721 2600 2856 2654 ἀλλὰ
2887 2600 3063 2662 πῶλος
3089 2595 3157 2671 ἦν
3186 2600 3529 2659 ἀπαίδευτος.
3564 2600 3626 2652 El
3646 2599 3701 2652 δὲ
3728 2601 3847 2664 καὶ,

2266 2697 2338 2757 ὼς
2369 2696 2554 2765 ἕτερος
2589 2696 2695 2749 τῶν
2741 2694 3146 2762 εὑαγγελιστῶν
3187 2693 3315 2763 ἔφη,
3383 2692 3578 2763 παῖδες
3617 2687 3756 2760 ἦσαν
3799 2692 3848 2743 οῖ

2268 2786 2496 2856 βοῶντες
2517 2788 2594 2848 τὸ,
2622 2787 2855 2839 Ὡσαννὰ
2880 2785 2956 2856 τῷ
2981 2785 3079 2856 υἱῷ
3103 2785 3286 2848 Δαυῒδ,
3312 2787 3405 2838 καί
3429 2780 3575 2838 οὗτοι
3606 2784 3670 2838 ἂν
3695 2784 3847 2837 ὑπαι-

2265 2879 2527 2930 νίττοιντο
2556 2877 2646 2930 τὸν
2669 2877 2837 2930 αὑτὸν
2874 2877 2992 2928 νέον
3023 2875 3170 2950 λαὸν,
3211 2875 3299 2929 διὰ
3331 2874 3426 2928 τοῦ
3468 2873 3744 2928 πιστεύειν
3774 2872 3850 2943 τῷ

2277 2968 2450 3037 Ἰησοῦ
2476 2971 2539 3020 ἐκ
2563 2969 2876 3039 σπέρματος
2898 2967 3060 3021 Δαυῖδ
3078 2967 3245 3040 σαρκὶ
3267 2968 3510 3037 φανέντι,
3531 2967 3689 3030 δόξαν
3713 2968 3848 3019 ἁνα-

2265 3061 2571 3130 πέμποντες
2592 3059 2712 3130 Θεῴ
2748 3061 2887 3113 κατά
2911 3060 2972 3113 τὸ
2999 3061 3410 3131 γεγραμμένον,
3437 3060 3580 3124 Λαὸς
3615 3062 3641 3112 6
3672 3058 3849 3122 κτιζόο

583 3163 889 3235 significare
953 3160 1161 3214 videtur
1231 3160 1372 3228 quod
1444 3157 1605 3221 exuti,
1657 3156 1930 3211 hominem
1997 3163 2159 3208 vet:-

2267 3171 2425 3226 μενος
2447 3153 2654 3209 αἰνέσει
2673 3153 2764 3207 τὸν
2785 3152 3012 3224 Κύριον.
3029 3154 3093 3208 Ἦ
3115 3155 3169 3207 δὲ
3187 3153 3296 3207 τῶν
3318 3153 3546 3223 ἱματίων
3567 3151 3848 3224 ὑπόστρω·

586 3273 719 3320 rem,
754 3254 917 3327 M9
944 3255 1032 3322 qui
1065 3253 1211 3321 digni
1247 3260 1371 3305 sunt
1412 3249 1632 3305 laudare
1664 3247 1876 3313 Jesutn,
1911 3249 2158 3302 suhster-

585 3353 715 3398 Itant
751 3344 896 3397 illum
931 3354 984 3397 et
1039 3342 1324 3410 subjiciam
1362 3339 1459 3407 ipsi
1490 3377 1506 3403 ,
1543 3350 1599 3392 ut
1649 3355 1772 3394 cum
1829 3340 2159 3402 ascenderit,

586 3437 890 3493 sanctiticet
943 3451 1099 3500 eum,
1137 3444 1191 3488 et
1231 3449 1334 3488 non
1373 3433 1512 3502 ultra
1544 3443 1808 3503 repugnet
1838 3447 1965 3486 caro
1997 3432 2162 3501 spiri-

589 3529 684 3594 tui,
711 3539 767 3582 nt
788 3538 840 3581 et
864 3527 958 3596 ipsi
988 3527 1192 3596 possint
1220 3525 1400 3588 dicere
1441 3541 1454 3579 :
1483 3523 1769 3593 Subjectus
1804 3523 1878 3576 fui
1911 3523 2160 3587 Domino,

587 3630 640 3674 et
672 3621 816 3674 ovavi
851 3635 972 3674 eum
1000 3621 1043 3671 '.
1093 3617 1264 3672 Porro
1299 3631 1511 3670 onmem
1552 3615 1953 3675 multitudinem
1992 3615 2162 3670 disci-

586 3713 828 3780 polorum
861 3711 992 3765 dixit
1025 3709 1200 3764 Lucas
1224 3709 1444 3762 laudare
1478 3708 1643 3768 Deutn
1683 3726 1697 3761 :
1731 3707 2029 3778 discipulos
2055 3722 2160 3762 vo-

586 3802 718 3858 cans
771 3803 1088 3871 simpliciter
1133 3816 1322 3856 omnes
1356 3800 1448 3869 qui
1485 3809 1786 3870 sequuntur
1807 3798 2017 3864 Jesum,
2056 3815 2160 3854 non

588 3896 760 3948 solum
801 3894 1106 3958 duodecim,
1141 3893 1609 3963 velzseptuagida,
1647 3893 1741 3946 sed
1780 3903 1996 3945 omnem
2029 3890 2166 3944 mul-

588 3987 870 4040 titudinem
894 4001 1012 4054 quae
1054 3985 1135 4038 vel
1173 3993 1394 4053 prOpter
1427 3983 1707 4049 miracula,
1746 3982 1830 4036 vel
1855 3984 1921 4037 ad
1956 3991 2187 4051 tempus.

589 4080 902 4135 trahebatur
936 4094 965 4132 a
1001 4078 1246 4132 doctrina
1297 4084 1353 4129 ut
1382 4085 1698 4146 sequeretur
1729 4073 1932 4142 Jesum,
1972 4075 2025 4129 in
2058 4068 2162 4144 qua

585 4179 639 4224 ot
662 4183 856 4237 pueros
879 4167 1041 4223 fuisse
1070 4167 1365 4223 verisimile
1384 4176 1467 4222 est
1503 4207 1517 4233 ,
1548 4165 1794 4221 sicutalii
1819 4167 2164 4237 evangelista:

589 4261 836 4315 dixerunt
863 4254 1048 4325 ;~et‘hi
1088 4259 1247 4314 alllati
1272 4260 1402 4325 Deo,-
1435 4274 1613 4328 regem
1652 4259 1799 4313 illum
1834 4259 2164 4315 confiteban-

593 4363 677 4406 tur
713 4354 764 4406 in
790 4352 1007 4406 nomine
1033 4351 1125 4406 Dei
1159 4363 1466 4413 venturum,
1507 4351 1607 4403 hoc
1638 4363 1742 4416 est,
1773 4343 2070 4416 ut‘Deum;
2111 4361 2163 4406 et

588 4457 770 4514 pacem
806 4444 988 4496 dicunt
1032 4443 1081 4495 in
1121 4441 1277 4505 coelo,
1312 4457 1408 4510 pro
1439 4456 1502 4496 eo
1538 4442 1682 4510 quod
1708 4451 1828 4496 est:
1871 4443 2164 4511 Antiquum

587 4499 784 4584 hellutn
829 4530 968 4599 quod
1023 4499 1324 4584 habuimus
1350 4499 1755 4584 contra-Deum
1779 4570 1794 4596 ,
1828 4499 2154 4602 diremptum

587 4630 688 4675 est.
724 4620 836 4674 Non
868 4623 1009 4676 enim
1039 4632 1153 4676 erat
1193 4622 1243 4674 in
1275 4629 1418 4676 terra
1472 4637 1561 4676 rex
1605 4624 1763 4688 Deus,
1797 4637 1938 4678 nunc
1974 4633 2175 4679 autem.

592 4712 804 4767 invento
834 4715 940 4767 Deo
975 4729 1134 4782 super
1172 4723 1396 4776 terram,
1434 4715 1624 4768 merito
1653 4729 1755 4784 pax
1805 4716 1857 4768 in
1913 4711 2159 4784 coelofet

593 4803 794 4858 idcirco
835 4805 1001 4876 gloria
1054 4807 1106 4859 in
1145 4805 1450 4870 altissimis,
1491 4807 1691 4876 angelis
1736 4806 2158 4876 gloriﬁcantibus

593 4898 646 4951 in
696 4897 892 4952 unione
927 4910 980 4951 et
1007 4898 1383 4972 conciliatione
1423 4897 1512 4951 tali
1557 4915 1717 4968 quam
1774 4901 1930 4956 nobis
1978 4917 2070 4957 rex
2104 4913 2159 4958 et

592 4987 729 5044 Deus
778 4989 866 5059 qui
921 4989 1062 5057 pullo
1096 4990 1329 5054 vehitur,
1366 4990 1590 5061 largitus
1620 5003 1722 5049 εει.
1764 4993 1975 5049 Etenim
2019 4997 2158 5052 istud

591 5082 784 5150 ipsum,
805 5084 942 5150 quod
967 5081 1105 5136 Deus
1129 5083 1399 5135 exsistens
1421 5100 1582 5153 super
1611 5098 1808 5140 terram
1832 5091 2162 5156 apparuerit,

592 5182 646 5226 et
685 5172 737 5226 in
774 5174 987 5240 regione
1019 5173 1360 5227 inimicorum
1411 5190 1627 5230 suorum
1657 5177 2044 5244 ambulaverit,
2083 5181 2163 5233 itt-

596 5264 738 5318 dicat
771 5262 946 5318 fmdus
975 5263 1172 5318 factum
1208 5267 1350 5320 inter
1390 5283 1484 5322 nos
1509 5277 1563 5322 et
1593 5269 1789 5338 ipsum.
1817 5271 1985 5326 Porro
2021 5274 2162 5328 l’ha-

593 5355 734 5410 riaei
766 5358 1172 5410 murmurabant
1222 5360 1363 5425 quod
1401 5376 1577 5430 regem
1612 5378 1732 5417 cum
1783 5369 2157 5422 nominuverat

593 5447 837 5516 populus,
857 5460 909 5502 et
931 5449 1069 5517 quod
1098 5459 1153 5504 ut
1179 5450 1344 5504 Deum
1379 5454 1709 5511 laudaverat.
1745 5460 1820 5512 Ad
1840 5462 2156 5516 seditionem

594 5540 735 5592 enim
766 5541 1032 5608 pertinere
1083 5557 1276 5596 nomen
1329 5547 1504 5615 regis,
1546 5558 1599 5603 et
1655 5553 1719 5604 ad
1769 5551 2156 5622 blasphemiam

602 5630 808 5685 Domini
857 5635 1261 5690 existimabant.
1295 5641 1363 5693 At
1417 5639 1671 5698 Dominus
1715 5663 1727 5699 :
1764 5645 1818 5699 Si
1851 5646 1928 5711 hi,
1963 5647 2155 5717 inquit,

665 5812 709 5847 ”
744 5812 927 5868 Matth.
986 5832 1096 5882 ut,
1140 5821 1190 5875 9.

2265 3266 2347 3311 σις
2363 3250 2520 3314 τοῦτο
2541 3250 2826 3319 σημαίνειν
2844 3247 3142 3312 ἔοικεν,νὸτι
3162 3247 3479 3317 ἐκδυόμενοι
3503 3247 3595 3300 τὸν
3621 3246 3848 3300 παλαιὸν

2263 3340 2553 3410 ἄνθρωπον
2594 3342 2641 3392 οί
2686 3338 2827 3404 ἄξιοι
2867 3340 3020 3404 δντες
3064 3341 3254 3410 ὑμνεῖν
3288 3319 3380 3392 τὸν
3428 3339 3674 3410 Ἰησοῦν,
3717 3325 3896 3393 ὑποδ

2267 3433 2661 3504 στρωννύουσιν
2697 3435 2904 3500 αὑτὸν,
2935 3434 3031 3489 καὶ
3090 3433 3486 3488 ὑποτάττουσιν
3538 3432 3723 3504 αὐτῷ,
3763 3433 3851 3487 ἶνα

2265 3527 2463 3590 ἐπιϐὰς
2512 3527 2710 3592 αὑτοῦ,
2752 3528 2954 3601 ἁγιάσῃ
2994 3526 3194 3593 αὑτὸν,
3253 3527 3348 3580 καὶ
3407 3527 3606 3596 μηκέτι
3647 3527 3850 3598 ήσὰρξ

2265 3622 2622 3688 ἐπανίστηται
2777 3618 3070 3691 πνεύματι,
3125 3619 3202 3683 ὡς
3248 3620 3315 3674 ἂν
3357 3621 3448 3672 καὶ
3493 3620 3651 3695 αύτοὶ
3684 3623 3848 3691 ἔχωσι

2277 3713 2493 3782 λέγειν,
2539 3710 2852 3782 ’Υπετὰγην
2889 3711 2968 3783 τῷ
3005 3706 3343 3782 Κυρίῳ,’καὶ
3383 3713 3636 3768 ἱκέτευσα
3667 3714 3844 3769 αὑτόν.

2267 3804 2449 3869 Ἀπαν
2479 3804 2552 3858 δὲ-
2574 3803 2633 3857 τὸ
2666 3803 2869 3875 πλῆθος
2897 3804 3004 3858 τῶν
3041 3804 3298 3875 μαθητῶν
3328 3804 3431 3875 εφη
3463 3805 3492 3858 6
3519 3806 3734 3868 Λουκᾶς
3767 3807 3848 3858 al-

2266 3901 2376 3950 νεῖν
2415 3899 2508 3951 τὸν
2533 3897 2699 3963 Θεὸν,
2738 3897 2985 3968 μαθητὰς
3011 3897 3187 3965 λέγων
3229 3897 3417 3961 ἁπλῶς
3445 3899 3575 3963 τοὺς
3624 3899 3846 3952 ἀκολουο

2267 3991 2491 4053 θοῦντας
2518 3991 2726 4054 πάντας
2761 3990 2840 4060 τῷ
2883 3989 3082 4062 Ἰησοῦ,
3110 3991 3171 4044 οὑ
3215 3991 3341 4054 τοὺς
3385 3991 3596 4045 δώδεκα
3634 3993 3848 4062 μόνους,

2266 4082 2387 4136 οὑδὲ
2417 4084 2543 4146 τοὺς
2575 4082 2969 4153 ἐϐδομήκοντα,
3003 4081 3140 4136 ἀλλὰ
3185 4082 3276 4137 τὸν
3315 4081 3471 4153 δχλον
3521 4086 3739 4138 ἅπαντα
3764 4086 3854 4138 τὸν

2265 4174 2298 4245 ἢ
2325 4173 2413 4227 διὰ
2441 4176 2630 4245 χρείαν
2653 4173 2968 4243 θαυμάτων,
2997 4176 3030 4246 ἦ
3065 4175 3152 4230 διὰ
3176 4176 3237 4229 τὸ
3267 4177 3404 4246 πρὸς
3439 4179 3630 4248 καιρὸν
3665 4177 3858 4246 θέλγε-

2267 4265 2390 4320 σθιιι
2425 4267 2531 4321 ὑπὸ
2563 4267 2664 4338 τῆς
2696 4267 3044 4329 διδασκαλίας
3095 4269 3494 4324 ἀκολουθοῦντα
3535 4272 3614 4342 τῷ
3652 4270 3852 4344 Ἰησοῦ,

2266 4358 2324 4410 ἐν
2353 4353 2435 4421 οἷς
2478 4359 2625 4422 εἰκὸς
2677 4364 2770 4412 καὶ
2817 4361 2990 4429 νήπια
3032 4362 3427 4432 ἀναμεμίχθαι,
3475 4363 3619 4417 καθὰ
3669 4364 3856 4434 ἕτεροι

2267 4447 2420 4505 εἷπον
2475 4452 2882 4521 εὑαγγελισταίο
2918 4454 3351 4526 Θεοφορούμενοι
3403 4457 3460 4509 δὲ
3493 4450 3662 4523 οὗτοι,
3700 4458 3859 4528 βασι-

2261 4544 2359 4598 λέα
2391 4544 2554 4598 αὑτὸν
2584 4545 3030 4616 ἀνομολογοῦσιν,
3062 4549 3121 4598 ἐν
3162 4548 3387 4618 ὀνόματι
3433 4549 3644 4618 Κυρίου
3693 4553 3856 4623 ἐρχό-

2266 4654 2450 4707 μενον,
2481 4637 2778 4703 τουτέστιν,
2839 4637 2913 4701 ὼς
2963 4637 3115 4702 Θεὸν,
3153 4639 3270 4703 καὶ,
3313 4640 3518 4713 Εἰρήνη
3541 4682 3556 4706 ,
3577 4644 3765 4710 φασὶ-ν,
3795 4647 3856 4697 ἑν

2260 4729 2493 4799 οὐρανῷ,
2523 4729 2646 4782 ἀντὶ
2684 4729 2800 4794 τοῦ,
2845 4729 2904 4782 Ὀ
2938 4727 3162 4791 παλαιὸς
3221 4730 3458 4801 πόλεμος
3489 4773 3504 4798 ,
3539 4731 3600 4785 ὃν
3634 4734 3857 4804 εἴχομεν

2264 4821 2399 4892 πρὸς
2435 4822 2528 4874 τὸν
2547 4821 2700 4888 Θεὸν,
2736 4821 3026 4890 κατελύθη.
3060 4822 3134 4875 Οὐ
3165 4821 3273 4894 γὰρ
3305 4817 3374 4893 ἦν
3403 4825 3460 4876 ἑν
3490 4827 3556 4897 ,τῇ
3586 4829 3655 4894 γῇ
3696 4825 3858 4896 βασι-

2261 4915 2384 4976 λεὺς
2419 4915 2574 4977 Θεός.
2606 4915 2720 4967 Νῦν
2756 4915 2812 4969 δὲ
2835 4914 2925 4968 τοῦ
2958 4915 3092 4968 Θεοῦ
3130 4917 3427 4987 ἐρχομένου
3464 4919 3559 4973 ιπι
3610 4919 3737 4990 γῆς,
3775 4923 3859 4975 εί-

2271 5007 2406 5077 ρήνη
2429 5007 2735 5070 εἰκότως-ὲν
2770 5009 3008 5079 οὐρανῷ.
3052 5002 3162 5062 και
3183 5009 3270 5063 διὰ
3305 5009 3465 5066 τοῦτο
3485 5011 3615 5079 δόξα
3645 5015 3704 5065 ὲν
3730 5013 3856 5082 ὑψί-

2271 5115 2439 5162 στοις,
2489 5097 2599 5150 τῶν
2654 5099 2904 5169 ἀγγέλων
2961 5099 3294 5167 δοξαζόντων
3350 5103 3444 5156 ἐπὶ
3497 5106 3566 5175 τῇ
3624 5104 3852 5178 τοιαύτῃ

2267 5190 2479 5256 ἑνώσει,
2513 5195 2605 5246 καὶ
2637 5194 2975 5263 καταλλαγῇ,
3018 5195 3083 5265 ἢν
3124 5197 3257 5266 ἡμῖν
3285 5199 3313 5250 6
3351 5198 3441 5250 ἐπὶ
3479 5197 3659 5251 πώλου
3690 5199 3855 5271 ἐρχό-

2269 5303 2427 5354 μενος
2457 5285 2709 5356 βασιλεὺς
2730 5291 2818 5341 καὶ
2840 5288 2972 5352 Θεὸς
3004 5290 3316 5360 ὶχαρίσατο.
3354 5291 3497 5344 Αὐτὸ
3531 5290 3642 5363 γὰρ
3669 5293 3851 5356 τοῦτο,

2266 5379 2324 5430 τὸ
2353 5379 2483 5431 Θεὸν
2526 5379 2656 5433 ὅντα
2707 5381 2800 5433 ἐπὶ
2850 5380 2953 5450 γῆς
3006 5381 3314 5450 φαίνεσθαι,
3350 5386 3442 5437 καὶ
3475 5385 3534 5435 ἐν
3583 5387 3650 5455 τῇ
3694 5383 3853 5457 χώρᾳ

2266 5470 2422 5538 ἡμῶν
2446 5469 2554 5522 τῶν
2591 5471 2799 5541 ἐχθρῶν
2835 5473 2999 5526 αὑτοῦ
3041 5475 3399 5544 περιπατεῖν,
3433 5473 3587 5545 δηλοῖ
3619 5476 3853 5540 σπονδὲς

2269 5562 2521 5630 γενέσθαι
2563 5565 2767 5632 μεταξὺ
2820 5565 2979 5636 ἡμῶν
3014 5567 3106 5619 καὶ
3151 5566 3339 5621 αὑτοῦ.
3387 5568 3450 5619 Οἱ
3479 5567 3536 5620 δὲ
3565 5568 3855 5638 Φαρισαῖοι

2269 5654 2641 5726 διεγόγγυζον,
2683 5659 2764 5711 ὅτι
2797 5675 2852 5710 τε
2883 5657 3105 5729 βασιλέα
3135 5660 3299 5713 αὑτὸν
3333 5659 3582 5731 ὠνόμαζε
3612 5660 3673 5714 τὸ
3715 5659 3859 5731 πλῆ-

1273 5823 1283 5852 ¹
1327 5823 1469 5880 Psal.
1502 5839 1570 5892 Cl,
1617 5828 1691 5883 19.
1771 5830 1789 5860 ’
1817 5829 1954 5883 l‘sal.
2008 5849 2186 5902 xxxvi,
2216 5835 2266 5891 6.
