4100 6334
631 420 769 483 1.θῖὶῆ

1555 410 2135 475 THEOPIIYLACTI
2179 410 2591 472 BULGARLE
2632 412 2986 474 ARCHIEP.

3761 411 3892 477 1036

618 542 732 595 illi?
773 537 828 591 Si
861 535 1172 596 dixerimus,
1214 545 1288 585 ex
1343 530 1678 594 hominibus,
1735 526 1886 596 plebs
1943 527 2192 579 universa

2300 528 2398 580 οὐκ
2442 525 2801 580 ἐπιστεύσατε
2851 526 3036 597 αὖτῴς
3091 525 3185 581 ἐὰν
3215 530 3267 583 δὲ
3301 530 3566 601 εἴπωμεν,
3602 529 3661 597 ἐξ
3691 531 3897 602 ἀνθρὼ-

613 632 874 704 lapidabit
907 645 1036 682 nos:
1072 639 1386 696 persuasum
1406 623 1550 677 enim
1589 622 1752 674 habet
1781 616 2048 673 Joannem
2075 635 2203 684 pro-

623 729 833 794 phetam
861 736 1001 776 esse.
1037 718 1521 786 Errcsponderunt
1543 729 1602 768 se
1634 711 1845 766 nescire
1872 711 2013 763 unde
2034 715 2198 763 esset.

617 803 684 872 Et
712 816 868 872 Jesus
904 814 979 868 ait
1012 812 1154 866 illis:
1185 809 1369 878 Neque
1410 820 1511 876 ego
1546 805 1667 858 dico
1690 802 1844 858 vobis
1881 816 1984 872 qua
2018 812 2205 854 aucto-

617 912 780 963 ritate
825 907 939 961 haec
977 904 1194 958 faciam.
1239 919 1256 952 ι
1299 899 1454 955 Jesus
1495 898 1730 967 gloriose
1773 895 2074 950 Jerusalem
2122 894 2205 948 in-

616 1015 860 1070 gressus,
887 1012 997 1052 snze
1017 994 1360 1048 auctoritatis
1383 989 1646 1044 iudicium
1681 986 1834 1053 facil,
1863 987 2203 1055 repurgando

621 1095 836 1144 domum
870 1088 1042 1141 Patris
1087 1085 1167 1139 sui
1201 1100 1228 1136 a
1264 1079 1694 1149 negotiatoribus
1732 1095 1747 1133 :
1782 1077 2032 1147 quamvis
2063 1085 2119 1130 et
2145 1080 2200 1129 ln

617 1182 884 1254 principio
915 1176 1316 1249 praedicationis
1372 1175 1472 1227 hoc
1512 1171 1723 1232 fecerit,
1771 1170 1916 1224 sicut
1966 1167 2202 1222 Joannes

616 1279 788 1331 dicit:
829 1284 878 1328 et
910 1274 1105 1325 iterum
1140 1283 1280 1322 nunc
1317 1281 1484 1322 set-un
1510 1267 1560 1316 lo
1602 1262 1733 1317 facit
1766 1280 1778 1315 :
1834 1261 1889 1314 id
1941 1261 2084 1329 quod
2134 1261 2201 1314 ad

621 1371 880 1439 majorem
934 1364 1246 1419 Jnilzeorum
1305 1358 1709 1414 accusationem
1750 1354 2017 1425 pertinet,
2059 1354 2200 1421 quod

619 1463 794 1531 primo
827 1471 926 1512 suo
952 1457 1190 1507 atht'lllll
1229 1467 1333 1504 non
1371 1449 1574 1504 fuerint
1616 1449 1742 1502 facti
1777 1445 2198 1510 emendation-es,

611 1566 673 1610 et
701 1551 1003 1606 manserint
1044 1548 1144 1617 ipsi
1179 1545 1574 1616 negotiatores,
1628 1542 1775 1595 illum
1810 1541 1898 1595 Dei
1937 1541 2195 1593 adversa-

616 1648 753 1704 rium
779 1646 1042 1708 dicentes,
1080 1654 1200 1694 cum
1231 1637 1447 1693 Patrem
1494 1645 1549 1691 et
1588 1636 1754 1690 Deum
1793 1635 2030 1688 maxime
2059 1634 2204 1687 cole-

617 1751 723 1800 ret,
749 1739 901 1792 itaut
931 1745 984 1790 et
1028 1735 1244 1810 dpmum
1288 1729 1436 1784 illius
1477 1745 1505 1781 a
1543 1728 1976 1798 negotiatoribus
2012 1742 2199 1794 repur-

618 1845 796 1905 galam
829 1827 1078 1882 voluerit.
1118 1825 1329 1880 Idcirco
1363 1832 1420 1876 et
1447 1824 1643 1875 Isaiam
1691 1820 1900 1874 inducit
1924 1859 1940 1883 ,
1971 1819 2061 1886 qui
2099 1832 2194 1873 eos

2305 637 2444 686 πων,
2492 622 2598 683 πᾶς
2653 623 2682 673 ὀ
2734 618 2864 683 λαὸς
2895 621 3245 676 καταλιθάσει
3289 626 3472 694 ἡμᾶς,
3527 624 3896 694 πεπεισμένὶις

2307 713 2414 783 γάρ
2446 713 2563 765 ἐστι
2595 713 2685 765 τὸν
2730 711 2988 784 Ἰωάννην
3015 715 3309 787 προφήτην
3329 711 3491 772 εἶναι.
3527 718 3637 769 Καὶ
3667 717 3893 788 ἀπειρία

2305 804 2476 874 θησαν
2501 805 2576 876 μὴ
2597 805 2798 860 εἰδέναι
2831 807 3017 863 πόθεν.
3051 808 3164 862 Καὶ
3190 808 3220 861 δ
3257 807 3464 878 Ἰησοῦς
3485 805 3642 862 εἶπεν
3675 810 3852 873 αὐτοῖς
3870 827 3883 841 ο

2305 899 2438 952 Οὐδὲ
2471 900 2582 966 ἐγὼ
2612 898 2756 967 λέγω
2793 901 2922 972 ὑμῖν
2951 904 3010 955 ἐν
3044 903 3176 973 ποίᾳ
3206 901 3436 974 ἐξουσίᾳ
3460 901 3636 956 ταῦτα
3676 903 3831 956 ποιῶ.
3862 923 3880 955 ι

2316 992 2404 1044 Ἐν
2436 991 2562 1062 δόξῃ
2605 992 2870 1046 εἰσελθὼν
2901 996 2930 1048 ὁ
2968 993 3176 1066 Κύριος
3217 995 3318 1064 τὴν
3355 995 3752 1067 Ἰερουσαλὴμ,
3785 1001 3888 1057 τοῖς

2305 1085 2511 1146 οἰκείας
2543 1085 2836 1149 αὑθεντίας
2879 1089 3110 1140 ποιεῖται
3146 1085 3365 1156 δεῖγμα,
3409 1089 3469 1140 τὸ
3501 1088 3591 1141 τὸν
3624 1086 3774 1142 οἷκον
3801 1089 3889 1141 τοῦ

2308 1177 2522 1246 Πατρὸς
2551 1177 2717 1231 αὑτοῦ
2753 1179 3109 1250 ἐκκαθαίρειν
3147 1179 3256 1231 τῶν
3292 1178 3740 1246 καπηλευόντων,
3771 1180 3888 1234 καίο

2303 1285 2386 1322 τοι
2431 1270 2524 1321 καὶ
2562 1273 2618 1321 ἐν
2662 1270 2804 1340 ἀρχῇ
2838 1271 2932 1323 τοῦ
2979 1271 3338 1341 κηρύγματος
3378 1270 3538 1323 τοῦτο
3569 1273 3889 1343 πεποίηκεν,

2304 1363 2379 1426 ὡς
2427 1364 2680 1434 Ἰωάννης
2717 1365 2873 1434 φησὶ,
2904 1368 2994 1418 καὶ
3027 1367 3190 1418 πάλιν
3223 1365 3319 1417 νῦν
3350 1364 3508 1418 τοῦτο
3542 1367 3607 1418 ἐκ
3637 1365 3889 1438 δευτέρου

2303 1454 2468 1512 ποιεῖ,
2499 1453 2528 1504 ὃ
2572 1455 2665 1508 καὶ
2700 1457 2835 1525 πρὸς
2867 1455 3043 1525 μείζω
3090 1458 3432 1528 κατηγορίαν
3466 1457 3576 1509 τῶν
3626 1456 3891 1511 Ἰουδᾷἰων

2303 1545 2454 1598 ἐστὶν
2507 1547 2589 1599 ὅτι
2619 1548 2740 1600 οὐδὲ
2783 1550 2890 1601 ἀπὸ
2919 1551 3017 1618 τῆς
3070 1551 3342 1621 προτέρας
3381 1549 3544 1603 αὑτοῦ
3583 1551 3892 1620 παρρησίας

2301 1639 2809 1709 ἐσωφρονίσοησαν,
2836 1641 2950 1692 ἀλλ’
2973 1641 3237 1711 ἐπέμενον
3262 1643 3327 1711 τῇ
3354 1641 3654 1712 καπηλεία,
3687 1642 3781 1693 καὶ
3806 1642 3894 1695 ἁν-

2300 1731 2476 1784 τίθεον
2515 1732 2681 1785 αὐτὸν
2714 1733 2900 1801 ελεγον
2932 1733 3022 1786 τὸν
3049 1733 3223 1797 οὕτως
3255 1734 3506 1802 τιμῶντα
3547 1735 3640 1787 τὸν
3677 1733 3893 1805 Πατέρα

2301 1827 2395 1877 καὶ
2435 1823 2588 1891 Θεὸν,
2619 1825 2694 1889 ὡς
2741 1827 2835 1879 καὶ
2864 1825 2958 1879 τὸν
2987 1822 3138 1880 οἷκον
3185 1829 3352 1881 αὐτοῦ
3388 1828 3745 1900 ἐκκαθαίρειν
3789 1828 3892 1880 τῶν

618 1934 832 1998 arguat,
884 1924 1154 1976 dicentem
1188 1938 1202 1974 :
1241 1919 1440 1972 Domus
1475 1930 1594 1970 mea
1637 1914 1832 1969 domus
1865 1913 2194 1983 precationis

2309 1919 2760 1988 καπηλευόντων.
2792 1921 2881 1972 Διὸ
2913 1921 3003 1974 καὶ
3031 1923 3119 1974 τὸν
3164 1922 3390 1977 Ἠσαίαν
3422 1924 3607 1987 αὐτοῖς
3639 1921 3890 1991 ἐπιφέρει

616 2017 898 2074 vocabitur
922 2013 963 2067 ³.
995 2015 1063 2068 At
1092 2010 1169 2066 illi
1197 2008 1370 2071 stulte
1393 2009 1739 2074 interrogant
1763 2020 1910 2069 eum,
1949 2004 2064 2071 Qua
2106 2020 2201 2057 an-

616 2111 872 2168 ctoritate
901 2106 1016 2160 haec
1039 2101 1214 2157 facis?
1243 2100 1494 2172 quamvis
1525 2098 1662 2153 satis
1704 2097 2007 2167 intelligere
2039 2107 2197 2167 pote-

617 2215 763 2259 rant.
801 2200 1066 2268 Quoniam
1098 2197 1244 2252 enim
1274 2194 1654 2264 propheticum
1694 2191 1898 2246 dictum
1933 2191 2196 2257 subdidit,

617 2297 759 2369 quod
785 2304 1014 2351 testatur
1037 2291 1256 2348 domum
1299 2286 1392 2343 Dei
1427 2289 1646 2343 domum
1678 2286 2009 2356 precationis
2054 2298 2196 2346 esse,

617 2405 728 2446 non
766 2386 1066 2458 emporium
1099 2395 1152 2438 et
1192 2380 1502 2453 speluncam
1551 2379 1848 2445 latronum,
1900 2378 2199 2446 negotiatio

616 2483 761 2538 enim
787 2492 841 2537 et
872 2479 1098 2535 avaritia
1122 2478 1394 2532 latronum
1421 2485 1524 2540 est,
1565 2473 1691 2544 quid
1717 2482 1906 2543 postea
1931 2486 2066 2540 opus
2109 2485 2196 2525 ro-

617 2591 747 2648 gare
769 2590 890 2631 eum
919 2587 1024 2643 qua
1080 2570 1406 2626 auctoritate
1439 2569 1553 2624 hmo
1587 2565 1800 2622 faciat?
1833 2562 2014 2618 Facile
2051 2563 2195 2618 enim

620 2665 932 2737 conjectare
971 2669 1222 2734 poterant
1257 2673 1323 2714 ex
1376 2658 1538 2713 dictis
1571 2657 1850 2727 propheta:
1878 2653 2021 2724 quod
2057 2653 2197 2706 Deus

627 2762 741 2814 Iure
786 2758 1032 2826 jusserit.
1076 2755 1146 2808 At
1196 2751 1274 2806 illi
1324 2739 1683 2816 interrogant,
1713 2747 1830 2814 Qua
1870 2747 2199 2801 auctoritate

618 2851 754 2907 facis
792 2848 940 2904 lucc?
970 2847 1078 2901 Lex
1100 2885 1115 2909 ,
1149 2845 1420 2914 inquiunt,
1448 2843 1530 2896 his
1560 2841 1651 2911 qui
1684 2855 1713 2894 a
1750 2839 1880 2894 Levi
1930 2839 2196 2908 originem

618 2945 907 3006 deducunt,
971 2939 1154 3010 templi
1217 2935 1665 3006 gubernationem
1735 2933 2005 3004 permittit
2060 2950 2074 2985 :
2142 2940 2195 2984 tu

617 3051 769 3101 vero,
804 3049 925 3090 cum
961 3047 1025 3087 ex
1068 3031 1210 3084 tribu
1242 3028 1370 3084 Levi
1399 3042 1505 3083 non
1560 3026 1877 3091 descendas,
1925 3022 2197 3093 quomodo

616 3126 960 3184 sacerdotum
992 3122 1082 3194 jus
1135 3121 1228 3176 tibi
1265 3135 1512 3191 usurpas,
1543 3128 1597 3174 ct
1629 3118 1741 3172 hmc
1765 3117 1940 3172 facis?
1973 3114 2192 3181 Verum,

617 3233 651 3272 ο
695 3216 898 3278 ιυιιωε,
944 3227 1156 3269 memor
1212 3221 1333 3266 esto
1390 3210 1516 3278 quid
1566 3207 1726 3281 451
1765 3207 1931 3261 David
1979 3207 2123 3260 dlcat
2178 3223 2193 3259 ε

618 3307 698 3363 Tu
763 3322 822 3361 es
895 3304 1147 3360 sacerdos
1199 3304 1250 3355 in
1301 3311 1564 3356 aeternum
1605 3298 1902 3354 secundum
1951 3299 2195 3352 ordinem

617 3398 1012 3455 Melchisedech
1077 3396 1117 3448 ⁸.
1189 3393 1577 3449 Melchisedech
1639 3402 1820 3446 autem
1877 3391 2053 3445 dictus
2115 3399 2200 3443 est

615 3492 869 3548 sacerdos
920 3507 934 3544 :
981 3486 1376 3543 Melchisedech
1432 3501 1557 3541 vero
1620 3499 1725 3539 non
1787 3485 1887 3537 fuit
1934 3485 2198 3537 sacerdos

618 3583 912 3640 secundum
965 3582 1163 3651 legem,
1205 3594 1378 3648 neque
1427 3593 1490 3632 ex
1543 3578 1686 3631 tribu
1742 3574 2006 3630 Levitica.
2044 3575 2194 3641 Qun-

618 3674 780 3730 modo
823 3674 966 3728 enim
999 3680 1182 3741 posset
1211 3671 1311 3724 hoc
1345 3669 1473 3733 diei,
1507 3677 1626 3722 eum
1681 3666 1842 3720 fuerit
1876 3666 2058 3720 multis
2096 3678 2196 3719 sa:-

616 3767 752 3822 culis
793 3774 920 3818 ante
968 3762 1138 3818 Levi?
1175 3760 1412 3826 Deinde,
1452 3760 1580 3830 quid
1627 3758 1827 3828 quzeris
1887 3759 1938 3812 in
1971 3757 2193 3812 Christo

615 3859 858 3916 ordinem
901 3855 1069 3923 legis?
1101 3852 1245 3908 Deus
1281 3851 1486 3922 legibus
1525 3866 1628 3905 non
1659 3859 1741 3905 est
1768 3850 2037 3903 subditus.
2089 3848 2194 3901 lm-

616 3951 859 4021 perabat,
910 3964 1033 4004 cum
1100 3957 1309 4016 tempus
1363 3955 1532 4008 esset,
1590 3944 1903 3998 sacerdotes
1950 3957 2072 3996 esse
2127 3955 2193 3995 cx

613 4043 758 4100 tribu
795 4041 920 4097 Levi
967 4059 979 4094 :
1029 4054 1170 4094 nunc
1214 4037 1472 4092 transfert
1523 4037 1662 4090 hanc
1703 4036 1907 4104 legem,
1962 4044 2015 4090 et
2055 4050 2192 4105 pra:-

615 4136 720 4192 fert
795 4135 1152 4190 sacerdotium
1213 4129 1646 4197 Melchisedech;
1709 4137 1997 4200 propterea
2046 4129 2193 4196 ejicit

612 4237 857 4282 ementes
908 4234 962 4280 et
1004 4222 1297 4277 vendenzes
1349 4223 1414 4277 ad
1455 4221 1870 4276 sacrificandum
1906 4220 2188 4286 animalia,

612 4321 754 4374 sicut
783 4331 913 4372 oves
950 4326 1005 4371 et
1034 4314 1335 4370 columbas.
1368 4313 1448 4367 Ad
1479 4313 1591 4367 haec
1615 4313 1918 4368 decentiam
1944 4322 1998 4368 et
2019 4313 2192 4368 hone-

610 4422 806 4467 statem
857 4409 1039 4479 templi
1099 4407 1353 4461 vindicat.
1395 4405 1622 4476 Insuper
1651 4414 1706 4460 et
1767 4406 1870 4460 hoc
1923 4404 2186 4468 ostendit,

610 4501 753 4572 quod
791 4519 896 4555 non
931 4501 1067 4554 ultra
1101 4498 1416 4553 animalium
1461 4495 1745 4551 sacriﬁciis
1782 4495 1984 4566 placari
2019 4495 2183 4549 Deum

2310 2011 2624 2082 κατήγορον
2658 2011 2886 2080 λέγοντα
2914 2032 2926 2044 ·
2982 2015 3040 2070 '0
3065 2011 3214 2078 οἶκός
3249 2035 3353 2087 μου
3400 2013 3549 2081 οἶκος
3582 2014 3894 2087 προεευχῆς

2301 2101 2658 2172 κληθήσεται.
2693 2097 2772 2155 Οί
2795 2103 2852 2156 δέ
2882 2105 3125 2178 ἀνοήτως
3176 2108 3531 2179 ἐπερωτῶσιν
3558 2109 3723 2161 αὑτὸν
3743 2149 3759 2172 ,
3807 2107 3891 2159 Ἐν

2303 2194 2434 2266 ποίᾳ
2463 2195 2682 2266 ἐξουσίᾳ
2706 2194 2878 2249 ταῦτα
2911 2199 3120 2262 ποιετςς
3151 2200 3488 2271 Καίτοιὲξῆν
3517 2199 3771 2271 ἐννοῆσαι
3799 2199 3890 2252 αὐ-

2301 2285 2444 2348 τούς.
2475 2283 2600 2341 Ὀτι
2627 2289 2748 2340 ἐπεὶ
2781 2289 3126 2359 προφητικὴν
3157 2292 3316 2361 ῥῆσιν
3348 2295 3639 2362 παρήγαγε
3686 2309 3893 2362 μαρτυ·

2303 2376 2526 2447 ροῦσαν,
2567 2380 2648 2432 ὅτι
2673 2382 2701 2432 ὁ
2730 2376 2878 2444 οίκος
2907 2379 3000 2433 τοῦ
3035 2381 3172 2435 Θεοῦ
3201 2378 3348 2446 οἶκος
3373 2385 3687 2456 προσευχῆς
3718 2387 3886 2449 ἐστιν,

2301 2471 2402 2522 οὐκ
2434 2472 2725 2542 ἐμπόριον,
2765 2473 2857 2526 καὶ⁵
2893 2475 3156 2545 σπήλαιον
3189 2475 3423 2548 λῃστῶνο
3459 2478 3754 2548 λῃστρικὸν
3783 2477 3888 2547 γὰρ

2301 2563 2334 2630 ή
2376 2562 2678 2631 πλεονεξία,
2705 2565 2800 2617 καὶ
2830 2565 3104 2636 καπηλεία
3127 2605 3144 2631 ,
3171 2567 3258 2631 τίς
3287 2567 3474 2623 λοιπὸν
3499 2569 3662 2639 χρεία
3684 2572 3883 2639 ἐρωτᾷι

2299 2654 2462 2709 αὑτὸν
2490 2658 2548 2710 ἐν
2583 2657 2712 2727 ποίᾳ
2739 2658 2958 2730 ἐξουσίᾳ
2983 2658 3160 2714 ταῦτα
3212 2663 3393 2726 ποιεῖς
3448 2659 3674 2731 ῑτοιμον
3697 2663 3804 2730 γὰρ
3833 2659 3890 2714 ὃν

2300 2750 2644 2818 λογίσασθαι,
2675 2753 2801 2807 ὅτιὸ
2835 2754 2968 2818 Θεὸς
3000 2754 3176 2809 ταῦτα
3205 2754 3420 2808 κελεύει
3442 2755 3530 2809 διὰ
3557 2755 3653 2808 τοῦ
3682 2757 3889 2826 προφή-

2300 2858 2416 2895 του.
2439 2842 2500 2896 Οί
2515 2843 2592 2907 δὲ,
2612 2845 2702 2898 Ἐν
2720 2847 2849 2916 ποίᾳ
2865 2845 3084 2918 ἐξουσέᾳ
3097 2845 3271 2899 ταῦτα
3300 2848 3470 2908 ποιεῖς
3488 2866 3502 2911 ς
3520 2845 3819 2917 ἐρωτῶσιν.
3835 2847 3890 2900 Ὁ

2302 2935 2486 3006 νόμος,
2514 2936 2670 3005 φασὶ,
2692 2938 2805 2999 τοῖς
2829 2939 2892 2989 ἐκ
2921 2936 3051 2989 Astii
3071 2936 3470 3008 καταγομένοις
3497 2939 3597 3006 τὴν
3622 2937 3718 2990 τοῦ
3745 2936 3887 3008 ἱεροῦ

2299 3026 2662 3096 διακόσμησιν
2699 3025 2968 3097 ἐπέτρεψε
2994 3041 3008 3055 ⁸
3037 3030 3100 3081 σὺ
3133 3027 3206 3099 μή
3236 3028 3609 3095 καταγόμενος
3636 3030 3702 3079 ἐκ
3731 3030 3882 3080 Λευῖ-

2300 3118 2460 3188 τικῆς
2495 3117 2691 3188 φυλῆς,
2735 3117 2853 3183 πῶς
2888 3117 3064 3172 ταῦτα
3104 3121 3279 3182 ποιεῖς
3311 3159 3326 3182 ,
3372 3120 3467 3173 καὶ
3523 3121 3590 3172 τὰ
3641 3119 3888 3190 ἱερατικὰ

2303 3213 2608 3283 ἁρπάζεις;
2643 3213 3208 3285 Ἀλλ⁹ἀναμνήσθητε,
3243 3211 3887 3280 Ἰουδαῖοι,λέγοντοςτοῦ

2301 3305 2486 3369 Δαυῒδ,
2548 3305 2621 3358 Σὺ
2669 3307 2850 3376 ἱερεὺς
2883 3307 2964 3372 είς
3019 3307 3114 3360 τὸν
3167 3306 3342 3361 αἰῶνα
3399 3307 3543 3359 κατὰ
3593 3305 3692 3376 τὴν
3739 3304 3888 3370 τάξιν

2300 3397 2638 3467 Μεὶχισεδέκ
2672 3414 2685 3428 ⁸
2734 3397 3072 3468 Μελχισεδὲκ
3122 3398 3179 3451 δὲ
3227 3398 3448 3469 δίρηται
3514 3397 3730 3467 ῑερεύς·
3763 3400 3792 3451 ὁ
3835 3397 3888 3450 δὲ

2299 3488 2645 3558 Μελχισεδὲκ
2679 3489 2741 3542 οὺ
2779 3488 2923 3542 κατὰ
2974 3490 3143 3560 νόμον
3169 3485 3238 3560 ἦν
3287 3490 3488 3562 ίερεὺς,
3525 3488 3647 3543 οὐδὲ
3681 3491 3745 3541 ἐκ
3795 3489 3889 3557 τῆς

2299 3583 2592 3652 Λευῖτικῆς
2628 3581 2821 3653 φυλῆς.
2851 3581 2975 3645 Πῶς
3003 3583 3134 3652 γὰρ,
3171 3582 3228 3645 ὃς
3251 3585 3678 3656 προγενέστερο,
3704 3578 3772 3654 ἦν
3799 3583 3887 3636 τοῦ

2297 3675 2428 3730 Aea?
2483 3675 2774 3746 τοσοῦτονς
2833 3677 2942 3730 Καὶ
2979 3676 3189 3743 λοιπὸν,
3237 3678 3290 3730 τί
3342 3678 3526 3749 ζητεῖς
3576 3681 3634 3731 ἐν
3669 3677 3889 3748 Χριστῷ

2296 3768 2395 3838 τὴν
2429 3768 2586 3835 τάξιν
2627 3768 2722 3822 τοῦ
2773 3771 2979 3840 νόμους
3011 3770 3146 3833 Θεὸς
3194 3769 3378 3841 νόμοις
3417 3771 3517 3841 οὺχ
3578 3771 3884 3824 ὑπόκειται.

2298 3863 2641 3932 Προσὲταξεν
2674 3865 2761 3916 ὅτε
2793 3864 2986 3933 καιρὸς
3016 3858 3104 3935 ἦν,
3139 3867 3202 3918 ἐκ
3224 3865 3517 3934 Λευῖτικῆς
3545 3860 3684 3917 εἶναι
3720 3864 3887 3934 φυλῆς

2297 3957 2426 4018 τοὺς
2470 3957 2657 4026 ἱερεῖς,
2711 3955 2807 4008 νῦν
2839 3957 3169 4024 μετατάττει
3215 3957 3406 4010 τοῦτον
3438 3957 3529 4010 τὸν
3567 3958 3760 4028 νόμον,
3796 3956 3885 4012 καὶ

2295 4055 2395 4126 τὴν
2430 4053 2525 4106 τοῦ
2566 4054 2911 4125 Μελχισεδὲκ
2957 4053 3261 4125 ίερωούνην
3319 4053 3629 4124 προκρίνει,
3683 4053 3766 4106 διὸ
3797 4054 3884 4106 καὶ

2296 4146 2547 4200 ἐκῖἀλλει
2581 4148 2706 4212 τοὺς
2744 4146 3071 4211 πωλοῦντας
3117 4147 3212 4200 καὶ
3253 4147 3625 4216 ἀγοράζοντας
3653 4146 3724 4198 τὰ
3757 4145 3882 4216 πρὸς

2295 4241 2486 4293 θυσίαν
2531 4240 2667 4305 ζῶα,
2709 4235 2820 4292 οἷον
2855 4240 3137 4311 πρόϐατα,
3183 4257 3271 4294 κα.
3325 4240 3696 4311 περιστεράς·
3752 4239 3884 4308 μετὰ

2294 4335 2388 4384 καὶ
2419 4334 2510 4384 τοι]
2554 4333 2654 4403 τὴν
2707 4334 3070 4403 εὐπρέπειαν,
3108 4335 3203 4388 καὶ
3243 4335 3304 4387 τὸ
3357 4331 3633 4402 εὔσχημον
3664 4330 3744 4401 τῷ
3777 4330 3884 4400 ναῷ

2295 4426 2741 4493 περιποιεῖσθαι,
2780 4426 2861 4478 ἐτι
2912 4427 3007 4480 καὶ
3059 4424 3216 4478 τοῦτο
3268 4424 3612 4490 ὑποδεικνὺς,
3669 4423 3755 4476 ὅτι
3791 4425 3883 4476 οὐκ

2294 4517 2374 4568 ἔτι
2405 4520 2524 4581 ταῖς
2572 4517 2898 4582 ξωοθυσίαις
2949 4519 3031 4572 δεῖ
3062 4519 3154 4571 τὸν
3180 4517 3314 4571 Θεὸν
3342 4516 3741 4585 ἐξιλάσκεσθαι
3798 4535 3882 4570 πι-

609 4595 756 4650 credi
785 4594 995 4648 debeat.
1024 4590 1190 4661 Igitur
1223 4589 1474 4660 quamvis
1504 4588 1556 4643 in
1592 4597 1844 4659 promptu
1875 4599 2019 4643 esset
2043 4590 2186 4657 quod

2300 4609 2530 4662 στεύειν.
2564 4605 2670 4661 Ἦν
2705 4609 2803 4680 μὲν
2830 4605 2925 4663 οὖν
2965 4610 3188 4680 ’ἑτοιμον
3231 4607 3309 4679 τῷ
3344 4609 3538 4679 Κυρίῳ
3576 4609 3882 4680 ἀποκρίνα-

609 4685 691 4740 eis
719 4684 1069 4753 responderet
1099 4681 1381 4746 Dominus,
1418 4681 1561 4735 sicut
1587 4680 1791 4735 dictum
1826 4691 1929 4747 est,
1955 4690 2011 4736 et
2037 4679 2186 4734 diee-

615 4787 702 4832 ret
735 4779 877 4846 quod
911 4776 1171 4844 propheta
1207 4776 1340 4839 ham,
1380 4773 1487 4827 imo
1522 4772 1662 4828 Deus
1705 4773 1988 4842 praecipiat
2038 4790 2054 4828 :
2091 4787 2188 4825 ve-

612 4877 913 4923 rumtamen
943 4877 1000 4920 ut
1021 4866 1270 4920 ostendat
1299 4867 1376 4920 eis
1403 4864 1543 4933 quod
1574 4878 1788 4934 semper
1811 4865 2187 4918 inobedientes

609 4961 719 5014 sint
776 4957 1000 5027 Spiritui
1049 4965 1260 5022 sancto,
1291 4965 1346 5011 et
1399 4971 1506 5010 non
1554 4955 1718 5011 modo
1764 4955 2032 5010 noluerint
2068 4970 2184 5010 cre-

610 5054 737 5107 dere
790 5051 940 5107 Isaire
988 5051 1156 5106 veteri
1211 5051 1522 5120 prophetae,
1567 5052 1727 5120 cujus
1779 5049 1920 5105 forte
1973 5067 2182 5108 memo-

612 5143 746 5196 riam
785 5159 890 5196 nun
951 5142 1242 5206 habebant,
1295 5141 1389 5197 sed
1447 5157 1515 5198 ne
1554 5142 1749 5198 Joanni
1804 5144 2022 5213 quidem
2071 5146 2188 5199 viro

610 5242 942 5307 evangelieo,
999 5240 1327 5307 minimeque
1359 5240 1604 5304 carnali,
1665 5244 1757 5312 qui
1810 5258 1980 5312 nuper
2019 5233 2186 5312 ap'pa.

611 5342 838 5393 ruerat,
901 5330 1274 5396 crediderint,
1353 5343 1634 5400 propterea
1705 5336 2184 5406 interrogationum

612 5420 754 5474 hanc
811 5423 1169 5476 admiratione
1240 5424 1452 5489 dignam
1523 5425 1668 5489 facit,
1727 5442 1831 5494 quzt
1890 5437 1943 5480 ct
1994 5427 2186 5482 ceriu-

614 5523 691 5568 tat
749 5514 885 5567 illos.
936 5513 1186 5568 Ostendit
1247 5527 1423 5570 autent
1477 5528 1529 5572 et
1589 5521 1745 5574 nobis
1792 5524 1932 5590 quod
1983 5523 2027 5575 si
2093 5522 2184 5576 tali

610 5609 884 5673 propheta:
911 5605 1124 5672 Joanni,
1149 5610 1240 5679 qui
1289 5611 1459 5678 major
1485 5627 1544 5666 se
1577 5613 1894 5678 habebatur,
1929 5634 2031 5671 non
2070 5632 2186 5668 crc—

612 5698 863 5752 diderunt
907 5702 973 5752 de
1038 5701 1152 5768 ipso
1185 5703 1475 5772 testificati,
1530 5707 1800 5775 quomodo
1847 5709 1949 5764 sibi
2000 5720 2186 5765 essent

690 5877 710 5907 ⁸
757 5875 985 5945 lsa.Lvt,
1025 5877 1076 5930 7.
1154 5878 1174 5909 ⁸
1216 5879 1355 5933 l’sal.
1385 5897 1493 5948 cn,
1528 5883 1580 5936 4.

2299 4699 2421 4754 σθαι
2453 4701 2588 4771 πρὸς
2621 4703 2844 4764 αὐτοὺς,
2877 4702 3138 4772 καθάπερ
3165 4703 3410 4772 εἴρηται,
3440 4703 3537 4753 καὶ
3566 4701 3772 4768 εἰπεῖν,
3800 4702 3882 4755 ὅτι

2307 4789 2366 4843 '0
2397 4794 2681 4862 προφήτης
2715 4793 2909 4859 ταῦτα,
2939 4793 3141 4864 μᾶλλον
3179 4793 3234 4846 δὲ
3259 4794 3287 4846 ό
3314 4792 3446 4858 Θεὸς
3477 4791 3876 4846 διακελεύεται·

2295 4883 2435 4952 πλὴν
2474 4885 2558 4936 ἵνα
2591 4885 2740 4955 δείξῃ
2788 4885 3009 4949 αὐτοὺς,
3055 4885 3138 4940 ὃτι
3184 4885 3416 4940 πάντοτε
3478 4883 3771 4938 ἀπειθοῦσι
3809 4883 3885 4957 τῷ

2295 4977 2581 5047 ιινεύματι
2612 4979 2688 5048 τῷ
2718 4980 2882 5048 ἁγίῳ,
2924 4981 3017 5033 καὶ
3069 4980 3168 5050 οὐχ
3193 4980 3277 5032 ὅτι
3321 4995 3387 5048 γε
3433 4977 3636 5050 Ἡσαΐᾳ
3665 4976 3748 5048 τῷ
3777 4995 3879 5030 πα-

2294 5070 2431 5140 λαιῷ
2464 5072 2743 5144 προφήτῃ,
2777 5073 2870 5123 καὶ
2899 5072 2978 5134 είς
3005 5072 3178 5141 λήθην
3201 5073 3332 5136 ῐσως
3358 5071 3542 5132 αὐτοῖς
3575 5071 3877 5141 γενομένῳ,

2293 5163 2430 5215 ἀλλᾶ
2458 5164 2550 5215 καὶ
2579 5163 2654 5233 τῷ
2681 5164 2805 5234 χθὲς
2833 5163 3058 5230 φανέντι
3109 5164 3354 5234 Ἰωάννῃ,
3391 5161 3468 5230 τῷ
3499 5161 3650 5233 ἁΰλῳ
3680 5161 3876 5232 μικροῦ

2294 5257 2386 5307 καὶ
2417 5256 2666 5325 ἀσάρκῳ,
2697 5257 2797 5308 οὐκ
2833 5256 3108 5327 ἠθέλησαν
3139 5257 3452 5320 πιστεῦσαι,
3482 5256 3572 5309 διὰ
3599 5255 3758 5310 τοῦτο
3786 5258 3876 5308 ἀν.

2293 5351 2508 5419 τερωτᾲ
2534 5349 2733 5412 αὐτοὺς
2759 5349 2858 5419 τὴν
2886 5349 3328 5418 ἁξιοθαύμαστον
3353 5349 3560 5419 ταύτην
3587 5347 3868 5419 ἐρώτησιν,

2292 5442 2358 5494 δι’
2391 5437 2457 5512 ἧς
2485 5443 2828 5512 ἐπιστομίζει
2866 5443 2968 5510 μὲν
2999 5443 3094 5495 καὶ
3121 5442 3342 5506 αὐτοὺς,
3366 5441 3609 5495 δείκνυσι
3634 5440 3691 5494 δέ
3718 5441 3865 5509 ἡμῖν,

2293 5533 2373 5585 ὅτι
2423 5537 2469 5586 εί
2521 5535 2598 5604 τῷ
2645 5535 2947 5606 τηλικούτῳ
2995 5537 3250 5605 προφήτῃ
3289 5535 3391 5586 οὐκ
3439 5534 3768 5587 ἐπίστευσαν
3797 5531 3867 5599 τῷ

2307 5623 2546 5694 Ίωᾶννῃ.
2608 5627 2685 5694 τῲ
2743 5626 2951 5694 μείζονι
2991 5626 3155 5679 αὑτοῦ
3207 5623 3480 5689 δοκοῦντι,
3522 5625 3652 5695 περὶ
3707 5620 3860 5676 αὐτοῦ

2299 5709 2690 5782 μαρτυροῦντι,
2725 5712 2839 5775 πῶς
2889 5711 2955 5764 ἂν
2999 5712 3148 5783 αὐτῷ
3189 5709 3543 5766 πιστεύσαιεν
3574 5709 3860 5776 ἀπολογου-
