4100 6334
250 466 343 534 1οἴ
366 469 397 528 7

1009 455 1457 519 ENARRATIO
1498 452 1581 515 IN
1618 445 2125 514 EVANGELIUM
2167 441 2407 505 LUC/ii.
2441 439 2673 501 -C.AP.
2713 434 2843 501 XX.

3414 429 3553 495 10:53

252 588 405 657 μένῳ
454 583 640 644 αὐτοῖς
690 582 748 633 ἐν
797 577 929 649 ποίᾳ
977 573 1203 646 ἐξουσίᾳ
1249 572 1425 627 ταῦτα
1458 569 1633 631 ποιεῖς
1666 566 1852 657 Ὅπερ

1996 557 2222 615 redituri
2272 566 2606 624 responsum
2642 566 2749 621 qua
2802 546 3131 604 auctoritate
3182 546 3299 614 haec
3349 544 3555 600 faciat?

2042 649 2091 657 ..
2174 646 2226 657 ..
2330 644 2341 656 .
2451 642 2482 657 ..
2531 642 2542 655 .
2645 648 2658 657 ,
2822 654 2834 657 _
3010 637 3312 657 “du”.
3346 634 3421 657 3...
3465 649 3519 657 ,,

249 656 465 748 γὰρᾶν
489 670 636 738 εἶπε,
680 672 900 732 πάντως
931 669 997 723 ἂν
1033 668 1164 737 ἐξῆν
1198 666 1381 728 αὐτοῖς
1410 660 1686 716 διαϐαλεῖν
1717 656 1849 711 αὐτὸ

247 770 351 825 καὶ
378 766 697 831 διαπτύσαι,
731 762 924 833 ὥσπερ
950 759 1049 813 καὶ
1076 758 1207 822 τοὺς
1248 757 1503 813 Ἰωάννου
1528 752 1723 821 λόγους
1754 748 1847 801 τοῦ

248 861 598 933 ἐνδοξοτέραν
641 873 758 929 παρ
796 855 981 919 αὐτοῖς
1003 852 1321 906 διέπτυσαν.

866 1047 1119 1116 ΚΕΦΑΛ.
1165 1054 1252 1113 ις’.

257 1180 407 1252 napi
447 1179 555 1235 τοῦ
596 1176 955 1252 ἀμπελῶνες
998 1166 1507 1252 «amicei-ﬂeet
1531 1164 1654 1252 ξεῖν
1680 1164 1857 1252 ore:

287 1234 561 1327 :tjértwa'
585 1234 683 1327 δίὰ
710 1250 818 1302 τὸν
848 1234 1107 1327 xiii-cor:
1134 1242 1275 1327 ηερὶ
1295 1234 1859 1327 τῶνηΣαρδοξκαίωζ

328 1326 449 1392 τὴν
506 1320 853 1392 ἀνάστασικ·
911 1308 1357 1392 Ἲάρνουμέκωνξγ
1396 1308 1537 1392 Ῑζερῖ
1588 1308 1699 1392 τῆς
1751 1308 1859 1357 τοῦ

335 1379 562 1463 Κὺρίου
584 1379 1009 1459 ἐπερωτήσεως
1032 1379 1184 1451 πρὸς
1205 1382 1363 1448 τοὺς
1409 1379 1799 1447 Φαρισαίους.

339 1528 358 1558 ι
406 1506 652 1579 Ἤρξατο
675 1503 731 1557 δέ
763 1501 901 1573 πρὸς
932 1499 1022 1553 τὸν
1047 1495 1177 1551 λαὸν
1206 1495 1388 1563 λέγειν
1415 1493 1515 1564 τὴν
1544 1486 1861 1579 παραϐολὴν

256 1598 471 1670 ταύτην
492 1578 508 1627 ν·
556 1593 882 1666 Ἄνθρωπός
932 1609 1018 1652 τις
1046 1588 1348 1657 ἐφύτευσεν
1399 1582 1728 1656 ἀμπελῶνα,
1763 1578 1862 1633 καὶ

258 1692 478 1762 ἐξέδοτο
534 1689 696 1743 αὑτὸν
738 1686 1011 1755 γεωργοῖς
1040 1720 1055 1750 ,
1093 1685 1191 1737 καὶ
1236 1680 1563 1750 ἀπεδήμησε
1634 1675 1865 1746 χρόνους

262 1761 513 1842 ἱκανούς.
538 1777 647 1830 Καὶ
665 1777 722 1827 ἐν
745 1773 926 1844 καιρῷ
950 1770 1241 1827 ἀπέστειλε
1272 1769 1410 1839 πρὸς
1430 1767 1558 1828 τοὺς
1582 1761 1863 1834 γεωργοὺς

258 1872 476 1937 δοῦλον,
513 1871 599 1923 ἵνα
629 1867 737 1922 ἀπὸ
756 1865 853 1919 τοῦ
882 1864 1103 1937 καρποῦ
1124 1863 1219 1917 τοῦ
1243 1858 1572 1932 ἀμπελῶνος
1600 1854 1866 1909 ἐπιδῶσιν

1954 646 2227 717 Quidquid
2256 644 2402 699 enim
2432 642 2684 708 dixisset,
2724 640 2777 695 id
2811 653 2975 695 omne
3010 637 3319 710 potuissent
3346 634 3422 691 illi
3460 649 3557 692 ca-

1961 738 2220 795 lumniari
2280 746 2336 794 et
2372 750 2653 809 respuere,
2699 731 3166 805 quemadmodum
3225 738 3281 786 et
3329 725 3558 784 Joannis

1955 846 2240 887 sermones
2270 870 2287 895 ,
2341 830 2435 900 qui
2495 827 2695 883 clarior
2747 826 2891 896 apud
2940 838 3038 881 eos
3085 822 3413 888 habebatur,
3474 835 3556 876 re-

1957 936 2245 998 spucrunt.

2537 1032 2772 1093 CAPUT
2833 1034 2954 1091 XX.

2036 1150 2307 1206 Parabola
2338 1151 2401 1205 de
2424 1150 2598 1203 vinea.
2634 1146 2709 1200 De
2731 1146 2984 1202 insidiose
3015 1143 3471 1213 interrogantibus
3499 1141 3562 1195 ob

2034 1240 2271 1278 censum.
2311 1221 2385 1276 De
2417 1219 2732 1276 Saddncreis
2756 1218 3195 1272 resurrectionem
3224 1212 3562 1283 negantibus.

2037 1296 2113 1350 De
2139 1294 2551 1364 interrogatione
2573 1290 2701 1345 λειω
2739 1288 3031 1343 Phariswis
3062 1286 3233 1356 facta.

2040 1477 2207 1534 Vsus.
2262 1477 2421 1535 9-16.
2465 1497 2483 1530 ι
2525 1476 2707 1546 Cmpit
2764 1485 2945 1531 autem
2995 1473 3182 1529 dicere
3232 1474 3299 1527 ad
3354 1460 3569 1544 plebem

1967 1570 2284 1640 paraliolam
2319 1573 2461 1626 hanc
2502 1588 2516 1625 :
2559 1568 2736 1625 Homo
2766 1570 2988 1640 quidam
3026 1566 3293 1639 plantavit
3323 1565 3567 1625 vineam.

1967 1675 2020 1720 ct
2048 1666 2248 1720 locavit
2279 1680 2398 1719 eam
2435 1664 2667 1729 colonis,
2723 1672 2779 1719 et
2828 1664 2943 1732 ipse
2972 1676 3202 1734 peregre
3229 1661 3345 1731 egit
3402 1660 3572 1714 multo

1975 1768 2237 1828 tempore.
2263 1755 2511 1828 Cumque
2526 1766 3070 1827 essetopportunum,
3091 1756 3240 1809 misit
3257 1755 3323 1809 ad
3348 1753 3575 1808 colonos

1972 1866 2217 1918 servum,
2252 1860 2314 1905 ut
2346 1852 2412 1907 de
2445 1851 2622 1906 fructu
2656 1852 2831 1906 vineae
2856 1853 3049 1905 darent
3081 1850 3184 1919 ipsi
3212 1849 3343 1920 :qui
3370 1863 3573 1902 caesum

263 1963 447 2034 αὐτῷ·
486 1960 613 2015 οίδέ
645 1960 884 2030 γεωργοὶ
911 1957 1193 2027 δείραντες
1240 1950 1429 2017 αὑτὸν,
1469 1943 1863 2015 ἐξαπέστειλαν

1991 1944 2277 1998 :miserunt
2321 1958 2445 1999 eum
2484 1944 2728 1998 inanem.
2785 1943 2851 1997 Et
2886 1958 3079 1997 rursus
3110 1942 3293 1997 adhuc
3340 1940 3573 1996 alterum

263 2056 453 2111 κενόν.
491 2056 603 2107 Καὶ
657 2050 958 2125 προσέθετο
998 2047 1216 2119 πέμψαι
1262 2044 1453 2115 ἐτερον
1480 2039 1691 2102 δοῦλον,
1737 2038 1785 2091 οῖ
1812 2035 1870 2088 δὲ

266 2151 529 2203 κάκεῖνον
560 2146 865 2217 δείραντες,
901 2142 997 2196 καὶ
1030 2141 1431 2211 ἀτιμάσαντες,
1474 2130 1791 2202 ἐξαπέστειὶ
1851 2166 1866 2181 .

266 2241 457 2295 κενόν.
512 2238 622 2291 Καὶ
686 2233 993 2307 προσέθετο
1048 2232 1269 2301 πέμψαι
1318 2227 1526 2299 τρίτον,
1580 2225 1629 2277 οἱ
1661 2221 1720 2277 δὲ
1776 2219 1873 2274 καὶ

270 2330 468 2386 τοῦτον
494 2328 974 2401 τραυματίσαντες
1030 2320 1309 2387 ἐξέϐαλον.
1349 2314 1487 2371 Εῐπε
1518 2313 1576 2369 δὲ
1620 2316 1648 2368 ό
1682 2311 1873 2383 κύριος

282 2423 385 2479 τοῦ
420 2421 735 2491 ἀμπελῶνι).
824 2418 889 2470 Τί
922 2415 1173 2485 ποιήσω;
1217 2409 1426 2480 Πέμψω
1470 2408 1562 2461 τὸν
1594 2406 1711 2459 υἱόν
1770 2418 1872 2473 μου

271 2516 370 2571 τὸν
397 2512 680 2584 ἀγαπητόν
704 2528 718 2543 ο
754 2509 883 2573 ἴσως
924 2506 1072 2562 τοῦτ’
1096 2525 1117 2558 ν
1152 2505 1357 2566 ἰδόντες
1408 2500 1870 2570 ἐντραπήσονται.

286 2607 519 2670 Ἰδόντες
570 2607 629 2658 61:
662 2602 829 2658 αὐτὸν
882 2603 932 2653 οἱ
982 2597 1246 2670 γεωργοὶ,
1313 2590 1676 2662 διελογίζοντο
1740 2585 1878 2657 πρὸς

268 2702 509 2763 ἑαυτοὺς
546 2698 820 2767 λέγοντες·
860 2687 1030 2755 Οὗτός
1057 2694 1208 2745 ἐστιν
1242 2692 1270 2743 ὁ
1294 2685 1660 2758 κληρονόμος,
1692 2678 1873 2743 δεῦτε,

272 2794 706 2862 ἀποκτείνωμεν
733 2789 919 2854 αὐτὸν,
949 2789 1037 2841 ἵνα
1074 2784 1233 2857 ἡμῶν
1283 2782 1511 2852 γένηται
1542 2779 1576 2849 ή
1615 2777 1877 2845 κληρονο-

284 2887 412 2960 μία.
453 2884 563 2938 Καὶ
612 2881 939 2944 ἐκϐαλόντες
998 2877 1163 2933 αὑτὸν
1210 2875 1317 2940 ἔξω
1369 2872 1465 2926 τοῦ
1526 2865 1879 2963 ἀμπελῶνοςἐ

273 2980 639 3035 ἀπέκτειναν.
678 2974 747 3029 Τί
804 2969 899 3027 οὖν
947 2972 1166 3042 ποιήσει
1224 2967 1409 3028 αὐτοῖς
1464 2964 1493 3017 ό
1549 2960 1742 3031 κύριος
1783 2960 1878 3009 τοῦ

277 3071 610 3143 ἀμπελῶνος
635 3086 654 3137 ;
687 3066 1025 3132 Ἐλεύσεται,
1053 3064 1149 3117 καὶ
1173 3060 1430 3115 ἀπολέσει
1455 3057 1581 3117 τοὺς
1599 3050 1882 3121 γεωργοὺς

277 3162 533 3229 τούτους,
563 3158 661 3217 καὶ
688 3158 853 3213 δώσει
882 3158 974 3211 τὸν
1006 3153 1309 3227 ἀμπελῶνα
1344 3150 1549 3211 ἄλλοις.
1591 3165 1610 3198 ι
1640 3143 1885 3213 Βραχεία.

285 3254 389 3326 μὲν
422 3252 563 3323 αῦτη
593 3254 627 3322 ἡ
662 3248 975 3320 παραϐολὴ,
1013 3246 1156 3318 πλὴν
1188 3244 1362 3297 πολλὰ
1418 3240 1512 3293 καὶ
1553 3235 1767 3308 μεγάλα
1798 3233 1881 3286 δι-

1970 2050 2189 2091 servum
2244 2036 2414 2091 misit.
2457 2035 2542 2091 llli
2617 2051 2749 2093 vero
2792 2037 2939 2091 hunc
2980 2050 3199 2106 quoque
3244 2051 3472 2098 caesum,
3521 2045 3578 2087 et

1970 2128 2322 2184 contumeliis
2369 2129 2660 2195 allectum,
2712 2131 3016 2187 emiserunt
3065 2130 3308 2184 inanem.
3362 2126 3581 2182 Rursus

1981 2222 2128 2275 misit
2162 2230 2218 2276 et
2254 2222 2500 2277 tertium.
2541 2225 2611 2278 At
2665 2223 2741 2278 illi
2794 2224 2940 2278 hunc
2986 2237 3208 2294 quoque
3259 2221 3581 2277 vulneribus

1974 2311 2202 2368 inﬂictis
2268 2312 2565 2379 eiecerunt.
2621 2313 2770 2368 Dixit
2821 2326 3002 2369 autem
3054 2314 3310 2368 dominus
3358 2313 3576 2367 vineae:

1978 2405 2119 2472 Quid
2151 2404 2388 2461 faciam?
2412 2406 2622 2463 Mittam
2647 2406 2835 2462 ﬁlium
2874 2422 3056 2463 meum
3085 2406 3370 2471 dilectum,
3416 2406 3584 2462 forsi-

1978 2506 2069 2553 tan
2121 2516 2245 2555 cum
2284 2501 2428 2557 hunc
2471 2500 2730 2564 viderint,
2788 2502 3213 2558 reverebuntur.
3246 2500 3420 2568 Quem
3456 2516 3581 2556 cum

1978 2593 2247 2649 vidissent
2297 2593 2498 2661 coloni,
2532 2594 2918 2665 cogitaverunt
2949 2593 3092 2647 intra
3145 2608 3230 2657 se,
3278 2594 3532 2648 dicentes
3566 2611 3581 2648 :

1981 2685 2084 2742 llic
2142 2696 2227 2741 est
2288 2687 2505 2752 hreres,
2549 2687 2768 2752 venite,
2832 2686 3151 2740 occidamus
3198 2684 3365 2759 452
3408 2685 3585 2749 illum,

1986 2784 2046 2829 ut
2091 2784 2282 2829 nostra
2318 2774 2413 2832 ﬁat
2455 2774 2791 2830 hatreditas:
2845 2785 2900 2831 et
2930 2773 3199 2844 ejectum“
3226 2776 3379 2831 illum
3429 2786 3587 2831 extra

1989 2867 2226 2929 vineam,
2282 2868 2628 2923 occiderunt.
2662 2866 2803 2933 Quid
2828 2882 2961 2938 ergo
2995 2866 3159 2923 faciet
3197 2867 3307 2924 illis
3333 2867 3589 2923 dominus

1982 2956 2205 3013 vineae?
2235 2958 2425 3014 Veniet
2454 2970 2510 3015 et
2545 2960 2735 3031 perdet
2763 2964 2991 3016 colonos
3026 2960 3200 3026 istos,
3238 2970 3293 3016 et
3323 2960 3476 3017 dabit
3508 2961 3590 3015 vi-

1987 3064 2147 3104 neam
2192 3050 2336 3106 aliis.
2382 3070 2401 3104 ι
2454 3052 2640 3109 Brevis
2669 3052 2889 3122 quidem
2932 3054 3035 3109 ista
3087 3054 3371 3124 parabola,
3421 3054 3591 3112 multa

1988 3150 2171 3197 tamen
2230 3155 2284 3199 et
2320 3160 2517 3215 magna
2572 3160 2671 3201 nos
2718 3144 2883 3202 docet
2926 3165 2940 3202 :
2978 3145 3182 3202 Curam
3238 3162 3405 3218 quam
3448 3147 3593 3202 Deus

1992 3242 2198 3287 tantam
2230 3249 2356 3303 erga
2384 3233 2643 3293 Hebraeos
2663 3238 2936 3304 exhibuit,
2964 3239 3054 3308 qui
3087 3241 3155 3292 ab
3186 3238 3345 3292 initio
3368 3236 3595 3294 luerunt

280 3299 486 3402 ἔάσκέι
1205 3336 1299 3389 τοῦ
1334 3332 1492 3397 Θεοῦ,
1533 3299 1599 3401 ἦν
1638 3299 1735 3380 ἐπὶ
1768 3326 1880 3387 τοῖς

1992 3327 2314 3395 homicida;
2351 3345 2520 3383 unum
2550 3344 2672 3386 esse
2703 3330 2874 3384 Deum
2922 3332 3126 3385 veteris
3150 3339 3206 3385 et
3233 3345 3385 3384 nova:
3414 3331 3594 3399 legis;

295 3437 576 3509 Ἑϐραίοις
591 3434 864 3505 τοσαύτην
884 3433 1196 3504 ἐχαρίσατο,
1227 3428 1430 3499 μᾶλλον
1460 3426 1517 3479 δέ
1548 3419 1881 3485 ἐπεδείξατο,

284 3532 353 3584 τὸ
384 3532 445 3595 ἐξ
474 3531 650 3601 ἀρχῆς
684 3529 867 3583 αὐτῶν
893 3527 1138 3597 φονικὸν,
1172 3524 1233 3577 τὸ
1264 3522 1361 3575 καὶ
1390 3521 1489 3590 τῆς
1518 3517 1762 3579 Haloti;
1792 3513 1887 3567 καὶ

282 3622 392 3692 τῆς
423 3622 570 3685 Νέας
605 3621 703 3674 ἐνα
735 3614 875 3674 εῖναι
908 3618 999 3671 τὸν
1054 3616 1208 3681 Θεὸν,
1249 3613 1311 3666 τὸ
1357 3609 1785 3681 είσαχθήσεσθαι
1817 3604 1889 3658 τὰ

284 3714 447 3786 ἔθνη,
481 3716 541 3767 τὸ
572 3710 1055 3786 ἀπορῤιφήσεσθαι
1078 3711 1209 3773 τοὺς
1246 3705 1557 3767 Ἰουδαίους.
1597 3698 1887 3772 Ἀμπελὼν

286 3807 386 3864 οἷν
419 3809 555 3881 αῦτη
596 3811 630 3879 ἡ
667 3808 973 3876 Συναγωγὴ
1006 3804 1113 3857 τῶν
1163 3801 1462 3866 Ἰουδαίων,
1499 3795 1740 3867 γεωργοὶ
1764 3794 1820 3846 δέ
1839 3792 1888 3845 οῖ

289 3902 333 3955 Γ
340 3904 678 3973 ραμματεῖς,
719 3901 816 3989 καὶ
842 3900 1136 3969 Φαρισαῖοι
1164 3894 1213 3947 οἱ
1253 3891 1603 3962 προέχοντες,
1637 3885 1735 3940 καὶ
1767 3885 1890 3989 ἐπι-

290 4000 488 4048 στάται
513 3990 608 4047 τοῦ
632 3978 838 4061 λαοῦῖῆ
867 3992 961 4044 καὶ
984 3989 1215 4051 ἕκαστος
1244 3984 1403 4057 ἡμῶν
1427 3978 1889 4053 αὑτὸςάμπελὼν,

290 4082 460 4143 αὐτὸς
517 4080 796 4152 γεωργός·
844 4080 1079 4141 ἕκαστος
1127 4078 1237 4147 γὰρ
1274 4074 1435 4147 ἡμῶν
1492 4073 1655 4134 αὐτὸς
1696 4071 1891 4124 ἐαυτὸν

291 4178 558 4246 γεωργεῖ.
592 4173 795 4226 Τοῦτον
821 4168 916 4225 οὖν
947 4173 1039 4225 τὸν
1068 4170 1373 4241 ἀμπελῶνα
1406 4166 1600 4228 ἐκδοὺς
1622 4166 1891 4236 γεωργοῖς

290 4269 322 4321 ό
348 4268 756 4340 φιλάνθρωπος,
783 4267 1130 4337 ἀπεδήμησε,
1165 4264 1470 4329 τουτέστιν,
1503 4259 1892 4325 αὑτεξουσίους

292 4361 499 4425 αὐτοὺς
524 4359 707 4430 ἀφῆκε
744 4358 1100 4430 πορεύεσθαι.
1144 4357 1459 4412 Ἀπέστειλε
1511 4354 1570 4407 δὲ
1599 4352 1892 4423 διαφόρους

291 4448 543 4513 δούλους,
597 4451 889 4520 προφήτας
922 4451 1090 4519 φημὶ,
1137 4448 1213 4511 ὼς
1266 4449 1332 4502 ἂν
1383 4445 1541 4517 σχοίη
1591 4463 1645 4499 τι
1702 4444 1895 4515 κέρδος

300 4542 526 4614 μικρόν.
568 4540 675 4595 ’Er.‘
698 4541 792 4594 τοῦ
824 4541 1040 4610 καρποῦ
1071 4541 1203 4613 γὰρ,
1241 4539 1439 4611 φησὶν,
1472 4538 1632 4610 ἡθελε
1684 4535 1891 4600 λαϐεῖν,

1990 3421 2264 3476 vocandas
2326 3431 2538 3490 gentes,
2600 3435 2657 3478 et
2702 3424 3047 3492 abjicieudos
3114 3422 3354 3479 Jndreos.
3420 3422 3595 3478 Vinea

1991 3513 2161 3583 igitur
2214 3516 2339 3581 ista,
2390 3516 2679 3588 Synagoga
2740 3529 2863 3573 erat
2910 3517 3225 3575 Iudaeorum
3279 3537 3293 3574 :
3352 3518 3596 3574 cultores

1994 3617 2200 3673 autem,
2240 3607 2448 3664 Scribat:
2488 3620 2545 3665 et
2574 3610 2865 3677 Pharisaei,
2904 3612 2996 3679 qui
3046 3621 3321 3683 praeerant
3372 3613 3595 3682 p0puln.

1994 3700 2091 3755 Est
2111 3710 2168 3757 et
2203 3704 2582 3773 unusquisque
2610 3705 2791 3770 vinea,
2828 3715 2883 3759 et
2914 3704 3059 3760 idem
3097 3706 3365 3777 agricola.
3410 3705 3599 3763 Unus-

1995 3795 2228 3863 quisque
2278 3796 2423 3849 enim
2474 3806 2727 3851 nostrum
2758 3799 2999 3867 seipsum
3039 3798 3188 3853 colit.
3244 3797 3394 3855 llanc
3430 3800 3602 3870 igitur

1995 3888 2208 3942 vincam
2246 3904 2372 3943 cum
2404 3890 2729 3946 collocassct
2774 3892 3034 3963 agricolis
3072 3894 3414 3960 misericors,
3450 3911 3603 3965 pere~

1998 3994 2097 4049 gre
2130 3982 2411 4049 protectus
2447 3991 2555 4049 est,
2593 3983 2699 4038 hoc
2731 3994 2837 4049 εει,
2869 3984 3120 4053 permisit
3151 3999 3246 4039 eos
3272 3987 3429 4055 juxta
3462 3986 3602 4041 libe-

2000 4090 2119 4128 rum
2153 4074 2444 4130 arbitrium
2482 4076 2721 4146 ingredi.
2768 4077 2918 4133 Misit
2957 4088 3139 4133 autem
3187 4078 3441 4135 diversos
3481 4095 3603 4134 ser-

1997 4182 2118 4231 vos,
2144 4168 2442 4239 pr0phetas
2460 4170 2608 4234 dico,
2632 4180 2691 4224 ut
2713 4170 2941 4225 haberet
2972 4171 3050 4225 vel
3075 4186 3302 4241 parvum
3327 4172 3602 4241 quoddam

1999 4259 2235 4315 lucrum.
2272 4260 2500 4317 Volebat
2530 4265 2677 4318 enim
2729 4262 2797 4319 de
2849 4264 3028 4319 fructu
3060 4280 3280 4334 capere,
3315 4281 3424 4320 non
3482 4257 3608 4321 frui

2002 4366 2150 4410 ctum
2177 4371 2428 4423 onmem;
2463 4357 2591 4427 quid
2622 4358 2770 4412 enim
2798 4357 3150 4414 lucrifaceret
3176 4361 3322 4415 Dens
3352 4374 3419 4415 ex
3446 4362 3608 4417 nobis

2003 4449 2109 4502 nisi
2146 4449 2230 4503 sui
2268 4450 2640 4519 agnitionem?
2676 4451 2810 4506 Illud
2835 4464 3016 4506 autem
3051 4454 3217 4507 etiam
3248 4464 3499 4519 nostrum
3524 4468 3609 4510 est

2005 4540 2216 4595 lucrum
2270 4560 2283 4595 :
2329 4550 2571 4598 attamen
2628 4544 2859 4599 salutem
2927 4554 3216 4610 nostram,
3268 4518 3611 4616 iuet-umque

298 4637 369 4695 οὐ
400 4636 496 4691 τὸν
531 4636 748 4706 καρπὸν
773 4634 1012 4689 ἅπαντα·
1046 4636 1102 4688 τί
1134 4635 1244 4705 γάρ
1273 4633 1548 4704 κερδαίνει
1579 4633 1607 4684 ό
1628 4630 1763 4693 Θεὸς
1798 4629 1884 4698 ἀφ¹

2007 4642 2281 4699 nostrum,
2317 4650 2473 4689 suum
2509 4634 2663 4690 facit.
2702 4634 3066 4691 Contumeliis
3094 4646 3277 4693 autem
3305 4635 3610 4693 all'ecerunt

300 4726 487 4801 ἡμῶν,
523 4730 573 4781 ει
623 4728 699 4799 μὴ
753 4727 856 4799 τὴν
898 4726 1065 4780 αὑτοῦ
1104 4728 1434 4792 ἐπίγνωσιν;
1476 4724 1586 4779 Καὶ
1640 4720 1780 4791 αῦτη
1838 4720 1897 4773 δέ

301 4820 577 4892 ἡμέτερον
608 4820 823 4890 κέρδος,
855 4820 1009 4889 ὅμως
1040 4819 1141 4889 τὴν
1193 4816 1471 4887 σωτηρίαν
1502 4814 1661 4886 ἡμῶν
1709 4814 1805 4867 καὶ
1837 4812 1899 4866 τὸ

299 4913 578 4985 ἡμέτερον
615 4912 806 4982 κέρδος
828 4914 1031 4965 οἰκεῖον
1066 4912 1327 4964 ποιεῖται.
1368 4908 1642 4979 ’Ύϐρισαν
1677 4907 1735 4961 δὲ
1771 4906 1900 4969 τοὺς

299 5007 717 5071 ἀποσταλέντας
769 5006 821 5058 οῖ
868 5005 1030 5058 κακοὶ
1070 5006 1332 5075 γεωργοὶ,
1388 5003 1691 5075 δείραντες,
1760 4999 1901 5071 μετά

303 5100 404 5153 καὶ
427 5098 523 5151 τοῦ
555 5098 745 5159 κενοὺς
776 5096 1184 5163 ἐξαποστεῖλαι,
1211 5094 1515 5158 τουτέστιν,
1542 5095 1622 5157 είς
1642 5090 1900 5146 τοσοῦτον

302 5192 710 5263 ἀγνωμοσύνης
738 5187 924 5263 ἦλθον,
958 5189 1101 5242 ὥστε
1159 5188 1218 5241 οὐ
1255 5188 1418 5258 μόνον
1472 5186 1756 5251 ἐξέκλιναν
1794 5184 1904 5237 ἀπὸ

308 5291 408 5345 τοῦ
443 5289 633 5353 καλοῦ,
670 5290 768 5343 καὶ
794 5288 989 5341 οὐδένα
1020 5286 1235 5357 καρπὸν
1268 5284 1474 5353 ἀγαθὸν
1507 5284 1740 5349 ἔδωκαν,
1767 5280 1903 5336 ἀλλά

311 5388 412 5440 καὶ
452 5386 723 5455 πονηρίαν
759 5383 1050 5453 ἐποίησαν,
1090 5381 1118 5435 ὸ
1145 5380 1395 5453 μείζονος
1421 5379 1697 5441 κολάσεως
1727 5378 1904 5445 ἀξιον.

306 5483 351 5535 Τ
356 5481 433 5533 ῶν
474 5475 567 5532 οὗν
608 5478 904 5551 προφητῶν
931 5475 1080 5529 οὕτω
1112 5478 1182 5529 τὰ
1209 5476 1495 5529 δεινότατα
1534 5473 1844 5537 παθόντων,
1879 5471 1908 5524 ό

306 5575 437 5638 Υἱὸς
463 5571 1065 5635 ἀποστέλλεταιιἼσως
1096 5571 1227 5639 γὰρ,
1259 5571 1446 5643 φησιν,
1473 5568 1908 5642 ἐντραπήσονται.

307 5671 402 5725 τὸν
429 5667 561 5721 Υίόν
597 5685 722 5739 μου.
762 5668 934 5721 Τοῦτο
982 5668 1040 5721 δὲ
1074 5663 1255 5731 εἶπεν,
1306 5664 1405 5735 οὐχ
1459 5664 1536 5729 ὡς
1572 5664 1787 5732 ἀγνοῶν
1847 5662 1910 5715 τὸ

310 5761 533 5834 μέλλον,
564 5761 659 5815 καὶ
696 5761 779 5814 ὃτι
830 5760 1087 5833 μέλλουσι
1125 5761 1329 5830 μᾶλλον
1366 5760 1529 5815 αὑτὸν
1572 5762 1758 5829 χεῖρον
1799 5756 1910 5811 τῶν

307 5853 614 5925 προφητῶν
655 5851 963 5917 διαθέσθαι,
1005 5852 1123 5905 ἀλλ’
1174 5854 1353 5905 ἐκεῖνο
1392 5852 1590 5919 λέγων,
1638 5852 1778 5922 ὅπερ
1800 5848 1911 5904 ἔδει

308 5948 593 6002 γενέσθαι*
621 5947 729 6001 εδει
755 5948 864 6001 νάο
889 5946 1230 6002 ἐντοαπῆναι
1248 5947 1434 6004 αὐτόν.
1466 5947 1530 6002 El
1550 5945 1607 6002 δέ
1633 5950 1728 6004 καὶ
1755 5942 1910 6004 αὐτοὶ

2004 4724 2134 4778 mali
2187 4724 2443 4794 agricola:
2480 4727 2701 4792 missos,
2752 4738 2807 4782 et
2846 4742 3018 4783 cwsos
3068 4729 3337 4783 miserunt
3379 4745 3606 4798 vacuos,

2004 4819 2111 4874 hoc
2138 4828 2243 4884 est,
2286 4820 2338 4873 in
2378 4829 2585 4875 tantam
2620 4830 2993 4890 pervenerunt
3032 4822 3512 4892 ingratitudinem,
3550 4835 3611 4880 ut

2006 4923 2115 4964 nou
2142 4909 2317 4965 solum
2351 4910 2749 4966 declinaverint
2784 4928 2812 4966 a
2848 4912 3019 4979 bono,
3043 4922 3101 4966 et
3124 4912 3332 4968 nullum
3366 4915 3609 4971 fructum

2004 5004 2279 5068 dederint,
2318 5005 2415 5059 sed
2459 5013 2515 5058 et
2547 5003 2688 5059 mala
2735 5003 3008 5060 fecerint:
3042 5006 3187 5074 quod
3222 5008 3418 5078 majori
3461 5022 3611 5079 sup-

2007 5099 2172 5167 plicio
2220 5098 2465 5169 dignum.
2536 5099 2708 5169 Igitur
2756 5114 2882 5155 cum
2938 5102 3219 5172 prophetae
3270 5111 3381 5156 tam
3423 5105 3610 5173 gravia

2006 5196 2403 5252 sustinuissent
2443 5212 2457 5248 :
2498 5194 2667 5251 Filius
2714 5194 2970 5250 mittitur.
3012 5194 3177 5251 Forte
3208 5196 3378 5261 enim,
3414 5198 3613 5269 inquit,

2012 5296 2163 5350 hunc
2212 5292 2639 5348 reverebuntur.
2685 5291 2851 5347 Forte
2908 5292 3066 5358 dixit,
3103 5308 3213 5347 non
3249 5304 3307 5347 ut
3349 5296 3615 5365 ignorans

2010 5387 2254 5442 futurum
2293 5385 2440 5457 quod
2506 5387 2661 5455 pejus
2713 5400 2837 5440 eum
2886 5384 3134 5441 all'ecturi
3194 5393 3389 5441 essent
3441 5401 3613 5457 quam

2010 5483 2309 5550 prophetas
2341 5499 2356 5533 :
2391 5482 2486 5535 sed
2523 5480 2654 5534 illud
2687 5479 2821 5534 dicit
2854 5480 2997 5551 quod
3034 5479 3150 5534 lleri
3180 5479 3414 5535 debebat
3460 5496 3476 5534 :
3522 5483 3612 5535 ἀει

2013 5576 2215 5631 bebant
2249 5575 2394 5629 enim
2429 5575 2670 5628 revereri
2700 5573 2878 5627 illum.
2914 5573 2985 5626 At
3016 5572 3093 5627 illi
3126 5588 3297 5643 usque
3330 5573 3467 5627 adeo
3501 5589 3611 5629 non

2011 5680 2141 5724 sunt
2171 5668 2414 5735 reveriti,
2444 5678 2502 5722 ut
2523 5668 2689 5722 etiam
2714 5668 3022 5722 occiderint
3048 5686 3061 5721 :
3092 5669 3235 5738 quod
3265 5668 3317 5721 in
3342 5667 3610 5737 majorem

2014 5779 2204 5818 eorum
2248 5763 2658 5817 accusationem
2692 5771 2800 5827 est,
2840 5761 2967 5832 quia
3001 5772 3292 5832 postquam
3325 5760 3619 5816 allirmavit

2017 5857 2157 5912 Dl-ns
2178 5855 2383 5911 bonum
2414 5855 2516 5909 hoc
2547 5870 2689 5919 esse,
2732 5855 3092 5910 reverentiam
3112 5854 3303 5910 baberi
3337 5854 3495 5919 Filio,
3538 5848 3617 5907 illi

2020 5952 2176 6006 nl.n;c
2209 5951 2544 6007 contrariam
2597 5951 2837 6007 tulerunt
2870 5949 3223 6007 sententiam.
3272 5948 3400 6008 llaec
3434 5960 3615 6007 autem
