4100 6334
247 346 383 422 toil

957 348 1406 424 ΕΝΛΗΒΑΤΙΟ
1443 352 1524 412 1N
1567 352 2073 413 EVANGELIUM
2109 354 2426 415 LUCE.‘
2453 357 2609 419 CAP.
2650 357 2776 417 XX.

3403 349 3546 412 1042

239 468 336 536 Μὴ
368 467 592 533 γένοιτο.
627 465 690 516 Τί
720 462 810 514 οῦν
845 463 872 514 ὁ
914 463 1185 532 Χριστός;
1233 464 1460 531 Ἐπαγει
1494 465 1588 517 καὶ
1638 466 1834 533 ἑτέραν

1959 463 2062 517 lein
2097 466 2311 534 quidem
2342 467 2581 535 seipsum
2617 469 2938 529 nominars,
2978 465 3310 518 a'diiieantes
3353 473 3537 542 autem

242 559 558 628 μαρτυρίαν
585 555 692 609 ἀπὸ
728 555 820 608 τοῦ
859 557 1044 619 Δαυὶδ,
1082 556 1231 609 λίθον
1261 557 1360 627 μὲν
1389 559 1584 610 ἐαυτὸν
1635 559 1836 628 ὀνομά-

241 651 375 715 ζων,
414 649 730 716 οἰκοδόμους
775 648 833 700 δὲ·
867 649 996 711 τοὺς
1044 650 1402 712 διδασκάλους
1436 652 1635 716 αὐτοὺς
1691 652 1836 705 καθὰ

239 743 339 796 καὶ
379 745 406 795 6
470 739 730 810 Ἰεζεκιήλ
769 757 954 809 φησιν,
1011 742 1435 809 Οἰκοδομοῦντες
1492 744 1583 796 τὸν
1635 747 1833 812 τοῖχον,

237 835 340 889 καὶ
397 833 710 902 ἀλείφοντες
764 832 1100 904 ἀναρτύτως,
1135 835 1438 900 τουτέστιν,
1485 837 1533 889 oi
1577 836 1648 889 τά
1700 833 1837 908 πρὸς

238 929 406 998 χάριν
439 926 708 994 λέγοντες,
738 927 832 978 καὶ
862 925 1338 993 συγκαλύπτοντες
1370 929 1435 982 τε
1476 928 1836 998 ἐλαττώματα

235 1019 336 1072 ’τοῦ
395 1018 527 1071 λαοῦ
593 1020 686 1071 καὶ
746 1013 856 1071 οἷον
916 1018 1323 1086 ἐμπλάττοντες
1380 1021 1718 1084 ἐπιπολαίως
1767 1019 1838 1073 τὰ

239 1112 422 1183 σαθρά
443 1111 535 1164 τοῦ
586 1111 740 1169 λαοῦ.
773 1110 961 1180 ὥσπερ
991 1112 1135 1174 τινος
1166 1114 1366 1181 τοίχου.
1403 1113 1526 1176 Πῶς
1553 1113 1609 1166 δὲ
1638 1113 1837 1168 ἀπεδο-

247 1205 496 1273 κίμασαν
532 1204 718 1257 τοῦτον
738 1205 827 1256 τὸν
858 1204 1034 1268 λίθον;
1062 1206 1341 1267 Είπόντες’
1365 1201 1537 1270 Οὗτος
1560 1207 1661 1260 οὐκ
1692 1206 1838 1261 ἐστιν

236 1300 303 1351 ὲκ
333 1298 427 1351 τοῦ
459 1299 616 1352 θεοῦ.
657 1299 759 1351 Δύο
808 1298 863 1350 δὲ
898 1299 1177 1360 ἀπωλείας
1217 1299 1451 1354 ἐνταῦθα
1487 1300 1636 1368 λέγει
1661 1319 1674 1332 ο
1704 1302 1838 1370 μίαν

239 1392 344 1459 μὲν
374 1394 470 1461 τὴν
506 1393 614 1446 τῶν
638 1392 823 1462 ψυχῶν
847 1391 1049 1452 αὐτῶν,
1077 1393 1145 1462 ἣν
1171 1393 1325 1447 αὐτοὶ
1357 1393 1839 1459 σκανδαλισθέντες

235 1485 470 1538 ἔπαθον
521 1487 634 1549 Πᾶς
689 1486 799 1556 γὰρ
844 1487 872 1539 ὁ
922 1485 1104 1539 πεσὼν
1151 1488 1245 1539 ἐπὶ
1291 1485 1383 1541 τὸν
1427 1489 1574 1540 λίθον
1648 1489 1842 1543 τοῦτον

237 1578 734 1647 συνθλασθήσεται·
769 1580 964 1642 ἑτέραν
1007 1580 1064 1632 δὲ
1120 1580 1218 1649 τὴν
1250 1581 1359 1632 ἀπὸ
1406 1580 1508 1650 τῆς
1554 1581 1838 1651 αἰχμαλω-

238 1672 386 1733 σίας,
416 1672 525 1741 ἢνό
549 1670 693 1733 λίθος
717 1673 899 1735 αὐτοῖς
939 1673 1243 1741 ἐπήγαγεν,
1279 1673 1306 1724 6
1335 1673 1466 1743 παρ’
1489 1673 1669 1727 αὐτῶν
1686 1673 1838 1737 ἐξου-

231 1762 516 1822 δενωθείς.
559 1763 614 1816 Ἐ
632 1763 675 1831 ρ’
722 1763 779 1816 ὃν
803 1765 931 1834 γὰρ,
957 1765 1113 1834 φησὶ,
1145 1765 1323 1828 πέσει,
1358 1765 1618 1836 λικμήσει
1653 1766 1833 1818 αὐτόν.

1942 557 2193 613 dor-tores
2227 560 2374 628 ipsos
2407 578 2419 614 :
2474 561 2930 630 quetna'lntodntu
2977 570 3030 614 et
3064 557 3310 613 Ezechiel
3362 557 3495 610 dicit
3524 548 3547 609 ι’

1941 647 2301 705 Ediﬂcantes
2332 652 2593 721 parietem
2641 664 2696 708 et
2731 653 2985 707 linientes
3019 652 3224 720 absque
3269 658 3541 718 tempera-

1941 748 2083 804 tura,
2107 743 2206 797 boe
2228 754 2328 810 est,
2352 746 2441 814 qui
2465 747 2775 816 adgratiam
2799 747 3114 816 loquuntur,
3141 754 3194 798 et
3219 745 3542 811 cooperiunt

1941 835 2134 890 delicta
2184 837 2389 907 pepuli,
2433 849 2488 894 et
2525 840 2688 895 veluti
2724 841 2775 893 in
2829 839 3124 908 superﬁcie
3172 839 3302 892 vitia
3358 837 3538 908 populi

1941 929 2157 996 lininnt,
2219 933 2364 985 velut
2422 935 2684 1002 parietem
2740 935 3052 1004 quemdam.
3093 933 3378 999 Quomodo
3445 948 3541 984 an-

1947 1028 2051 1071 tem
2117 1022 2546 1088 reprobavernnt
2593 1023 2826 1092 lapidem
2864 1024 3056 1077 illum?
3086 1024 3210 1090 quia
3237 1023 3490 1076 dicebant
3525 1042 3537 1076 :

1945 1109 2044 1164 llic
2079 1127 2182 1165 non
2229 1122 2308 1166 est
2347 1127 2411 1169 ex
2462 1112 2592 1170 Deo.
2629 1115 2771 1169 Duas
2833 1129 3015 1170 autem
3054 1113 3392 1184 perditiones
3457 1113 3544 1166 hic

1943 1199 2124 1254 dicit:
2165 1201 2338 1256 Unam
2390 1206 2698 1259 animarum
2755 1207 2969 1261 illorum
3011 1207 3060 1259 in
3111 1220 3275 1275 quam
3336 1204 3542 1259 incide-

1945 1294 2073 1348 bant
2107 1296 2461 1350 seandalizati
2496 1315 2508 1351 :
2542 1295 2732 1351 Omnis
2764 1297 2910 1350 enim
2945 1297 3034 1366 qui
3069 1297 3330 1352 ceciderit
3377 1311 3542 1364 super

1946 1384 2174 1454 lapidem
2234 1386 2449 1452 istum,
2495 1386 2910 1459 confringetur;
2962 1387 3187 1443 alteram
3249 1388 3542 1457 captivita-

1947 1480 2034 1544 tis,
2071 1497 2232 1551 quant
2283 1491 2627 1552 contemptus
2673 1485 2762 1537 ille
2793 1484 2927 1553 lapis
2955 1485 3035 1539 eis
3068 1483 3331 1538 attulerit.
3367 1483 3545 1552 Super

1942 1587 2102 1640 quem
2157 1575 2301 1628 enim
2362 1575 2644 1638 ceciderit,
2706 1576 2945 1631 dissilire
3008 1575 3156 1630 ίΙιιιιιι
3215 1575 3401 1630 fac'et.
3451 1576 3544 1630 Sic

1945 1665 2111 1736 igitur
2166 1667 2520 1722 dissiluerunt
2571 1668 2764 1734 Judtei,
2816 1678 2870 1723 et
2913 1670 3145 1740 dispersi
3201 1679 3349 1734 sunt,
3401 1669 3546 1723 sicut

1947 1759 2116 1826 palea:
2137 1761 2204 1813 ab
2237 1776 2342 1814 una
2378 1777 2501 1815 area
2527 1760 2726 1816 Judtea:
2761 1763 2813 1816 in
2847 1771 3022 1818 totum
3053 1761 3221 1835 ἥ,δῶ
3255 1761 3541 1818 mundum.

244 1857 438 1918 Οὕτως
465 1857 558 1910 οῦν
612 1822 993 1927 εἰλικμήθησναν
1019 1822 1072 1910 ἐἰ
1101 1822 1382 1923 νΊουδαῖοι,
1415 1822 1839 1929 καίδιεσπάρη-

1954 1822 2184 1906 Dbserva
2223 1865 2404 1908 autem
2469 1854 2612 1923 quod
2671 1855 2747 1907 illi
2803 1856 2953 1924 prius
3008 1822 3328 1910 cecidg‘unt
3379 1871 3546 1925 super

241 1966 367 2016 σαν,
403 1949 593 2018 ὥσπερ
625 1949 808 2019 ἄχυρα
835 1949 941 2001 ἀπὸ
972 1951 1103 2017 μιᾶς
1154 1949 1381 2015 ἅλωνος,
1414 1949 1514 2016 τῆς
1555 1950 1836 2014 Ἰουδαίας,

237 2043 321 2102 είς
358 2043 534 2095 παντα
572 2041 663 2094 τὸν
696 2041 918 2110 κόσμον.
951 2042 1360 2112 Παρατήρησον
1395 2043 1474 2104 δὲ,
1508 2043 1590 2095 ὅτι
1640 2045 1838 2113 πρότε-

242 2149 341 2200 ρον
378 2134 578 2184 ἐκεῖνοι
629 2132 827 2185 ἔπεσον
873 2134 968 2186 ἐπὶ
1004 2133 1094 2185 τὸν
1121 2133 1292 2197 λίθον,
1316 2135 1622 2198 τουτέστιν,
1645 2136 1842 2188 ἐσκαν-

235 2223 598 2294 δαλίσθησαν,
628 2219 727 2276 εἷθ’
765 2223 938 2288 οὕτως
990 2226 1018 2278 6
1061 2223 1205 2288 λίθος
1250 2226 1447 2280 ἔπεσεν
1487 2228 1576 2280 ἐπ’
1621 2229 1839 2294 αὐτοὺς,

238 2306 337 2367 καὶ
371 2317 775 2385 ἐτιμωρήσατο’
812 2319 1139 2386 προηγεῖται
1171 2316 1280 2388 γὰρ
1330 2320 1361 2388 ἡ
1416 2318 1524 2388 ἐμὴ
1570 2318 1838 2388 ἁμαρτία,

243 2403 349 2460 εἷθ’
379 2406 552 2469 οὕτως
581 2409 614 2479 η
644 2407 736 2460 τοῦ
768 2407 904 2461 Θεοῦ
933 2407 1019 2461 ἐπ’
1046 2408 1146 2480 ἐμὲ
1169 2409 1353 2462 δικαία
1391 2411 1652 2481 τιμωρία.
1701 2410 1840 2465 Ἀλλ’

237 2501 294 2553 οί
344 2499 444 2569 μὲν
498 2500 747 2553 Ἰουδαῖοι
797 2500 1214 2569 ἀπεδοκίμασαν
1258 2503 1350 2555 τὸν
1391 2503 1540 2556 λίθον
1567 2503 1781 2557 τοῦτον·
1813 2506 1841 2556 ό

238 2591 298 2644 δὲ
335 2591 594 2645 τοσοῦτον
625 2589 692 2662 ἦν
711 2593 898 2658 καλὸς,
940 2595 1035 2648 καὶ
1067 2595 1346 2662 ἐκλεκτὸς,
1366 2596 1511 2650 ὥστε
1543 2600 1622 2661 είς
1663 2615 1840 2668 κεφα-

240 2685 344 2754 λὴν
394 2688 598 2754 γωνίας
640 2687 884 2758 τεθῆναι,
916 2690 1009 2742 καὶ
1051 2689 1148 2742 δύο
1190 2690 1409 2760 τοίχους
1466 2690 1841 2760 συμϐαλέσθαι

244 2779 342 2829 καὶ
397 2777 620 2842 ἑνῶσαι,
649 2778 721 2830 τά
771 2796 829 2830 τε
868 2779 1076 2833 παλαιά
1125 2780 1220 2833 καὶ
1242 2782 1306 2834 τὰ
1337 2780 1450 2835 νέα.
1487 2782 1682 2836 Καίτοι
1735 2782 1843 2836 ἔδει

243 2869 446 2929 absab;
489 2868 723 2924 ἀκοῦσαι
773 2869 998 2924 Ἡσαΐου
1045 2871 1322 2940 λέγοντος’
1367 2892 1385 2925 ι
1439 2873 1644 2944 Κύριον
1677 2875 1841 2929 αὑτὸν

239 2963 535 3029 ἁγιάσατε,
571 2963 664 3015 καὶ
689 2963 852 3026 αύτδς
888 2963 1042 3017 ἔσται
1076 2965 1207 3035 ὑμῖν
1258 2965 1449 3035 φόϐος,
1494 2967 1591 3020 καὶ
1621 2969 1722 3037 οὐχ
1766 2967 1842 3030 ὡς

243 3054 401 3108 λίθου
467 3055 855 3126 προσκόμματι
919 3059 1286 3129 συναντήσετε
1349 3059 1522 3128 αὐτῷ,
1585 3060 1694 3113 οὐδ’
1767 3064 1842 3124 ὡς

1911 1945 2202 2016 lapidem,
2245 1947 2348 2001 hoc
2398 1949 2502 2011 e‘st,
2553 1948 2910 2003 scandalizati
2961 1958 3111 2014 sunt,
3149 1949 3350 2003 deinde
3406 1951 3546 2018 lapis

1946 2039 2143 2092 cecidit
2171 2053 2332 2108 super
2359 2052 2473 2105 eos,
2509 2049 2562 2095 et
2603 2039 2747 2094 ultus
2774 2051 2856 2095 est
2887 2041 3004 2096 illos
3044 2057 3057 2094 :
3096 2042 3360 2112 przecedit
3397 2042 3543 2096 enim

1945 2144 2227 2200 peccatum
2269 2148 2466 2199 meum,
2517 2133 2712 2189 deinde
2752 2136 3000 2205 sequitur
3027 2145 3082 2189 et
3117 2135 3265 2205 iusta
3301 2134 3393 2190 Dei
3431 2137 3548 2189 viu-

1936 2227 2109 2279 ‘(licm.
2136 2224 2339 2280 Verum
2370 2226 2543 2280 Judaei
2576 2227 2798 2296 quidem
2836 2227 3278 2297 reprobaverunt
3311 2227 3544 2297 lapidem

1950 2318 2134 2372 istum.
2169 2317 2242 2372 At
2294 2317 2435 2388 lapis
2472 2319 2564 2374 ille
2618 2329 2737 2375 erat
2770 2321 3000 2390 pulcher
3022 2328 3077 2375 et
3116 2320 3349 2400 electus,
3383 2323 3454 2374 ita
3492 2329 3548 2373 ut

1944 2424 1995 2470 et
2050 2414 2103 2468 in
2141 2425 2302 2486 eaput
2341 2417 2523 2486 anguli
2559 2416 2630 2470 sit
2680 2419 2913 2486 positus,
2955 2426 3010 2472 et
3040 2418 3390 2488 conjunxerit
3449 2432 3546 2484 pa-

1947 2508 2132 2574 rietes,
2157 2516 2209 2561 et
2261 2509 2498 2563 univerit
2539 2520 2723 2565 vetera
2761 2526 2822 2564 ac
2856 2526 3018 2565 nova.
3045 2509 3112 2564 Et
3147 2511 3277 2582 quid
3312 2510 3550 2564 multis?

1944 2599 2248 2668 Oportebat
2277 2601 2397 2656 illos
2439 2603 2628 2658 audire
2685 2603 2882 2658 Isaiam
2928 2605 3201 2660 dicentem
3242 2623 3255 2658 :
3301 2623 3318 2656 ι
3363 2603 3552 2657 Domi-

1947 2708 2073 2746 num
2113 2693 2286 2764 ip~t|m
2319 2693 2674 2759 sanetiiieate,
2708 2702 2762 2750 et
2789 2697 2904 2765 ipse
2934 2695 3039 2749 erit
3065 2695 3463 2757 vester'tirnor,
3499 2703 3561 2749 et

1949 2799 2054 2837 non
2096 2785 2411 2854 impingctis
2434 2787 2486 2839 in
2513 2785 2660 2840 illum
2685 2797 2746 2841 ut
2779 2789 2830 2840 in
2864 2787 3098 2856 lapidem
3127 2786 3471 2850 offensionis,
3499 2794 3555 2840 et

1950 2889 2156 2947 petram
2184 2878 2424 2932 scandali
2471 2879 2511 2933 ⁸.
2545 2897 2566 2932 ι
2614 2879 2686 2934 At
2747 2879 2822 2934 illi
2865 2880 3104 2934 scientes
3131 2879 3278 2950 quod
3331 2888 3555 2949 propter

1950 2972 2097 3042 ipsos
2157 2974 2470 3040 parabolam
2537 2977 2709 3040 dicat,
2767 2977 3058 3032 consilium
3118 2977 3311 3031 ineunt
3360 2987 3552 3033 contra

1949 3069 2346 3129 eum,et\nisi
2409 3067 2606 3125 fuisset
2662 3071 2826 3124 timor
2889 3072 3295 3141 pepuli,etiam
3360 3086 3556 3126 manus

167 3209 170 3212 _
253 3147 467 3218 πέτρας
491 3146 773 3220 πτώματι.
817 3168 835 3201 ι
869 3151 930 3202 Ui
958 3149 1014 3202 δὲ
1047 3152 1139 3204 καὶ
1164 3153 1406 3219 γνόντες,
1437 3155 1520 3208 ὅτι
1546 3154 1613 3208 δι’
1646 3155 1843 3220 αὐτοὺς

1954 3159 2264 3227 injecissent
2311 3160 2364 3216 in
2418 3176 2564 3218 eum.
2600 3164 2664 3218 Et
2709 3176 3156 3236 contempserunt
3207 3165 3427 3236 quidem
3478 3168 3555 3223 le-

244 3240 350 3309 τὴν
381 3240 696 3312 παραϐολὴν
731 3241 904 3310 λέγει,
942 3242 1291 3312 βουλεύονται
1339 3247 1460 3299 κατ’
1516 3247 1706 3311 αὐτοῦ,
1755 3249 1852 3302 καὶ

247 3337 300 3386 εἰ
340 3334 415 3404 μὴ
457 3330 525 3404 ἦν
567 3336 595 3387 ό
619 3335 714 3388 τοῦ
761 3335 890 3388 λαοῦ
922 3336 1109 3405 φόϐος,
1143 3340 1235 3392 καὶ
1263 3339 1453 3409 χεῖρας
1487 3340 1555 3393 ἂν
1587 3341 1854 3396 ἐπέϐαλον

251 3425 341 3478 ἐπ’
373 3427 555 3482 αὐτόν.
588 3429 698 3482 Καὶ
730 3428 823 3482 τοῦ
862 3429 960 3498 μὲν
988 3431 1156 3501 νόμου
1197 3431 1470 3500 λέγοντος,
1519 3433 1720 3488 Ἀθῶον
1761 3437 1855 3488 καὶ

247 3517 467 3571 δίκαιον
515 3520 615 3572 οὐκ
681 3521 1026 3585 ἀποκτενεῖς,
1062 3523 1449 3593 παρήκουσαν,
1484 3524 1578 3578 τὸν
1631 3525 1688 3579 δὲ
1745 3525 1856 3577 τῶν

253 3607 560 3677 ἀνθρώπων
601 3610 773 3680 θυμὸν
805 3611 1120 3680 φοϐοῦνται,
1149 3614 1246 3667 καὶ¹
1301 3617 1722 3671 ἀναστέλλονται
1757 3619 1857 3688 τῆς

250 3703 324 3752 ἐκ
352 3701 444 3754 τοῦ
477 3704 715 3774 φανεροῦ
741 3707 1068 3771 ἐπιθέσεως,
1100 3708 1518 3763 ἐπιϐουλεύουσι
1562 3710 1618 3763 δὲ
1654 3712 1855 3774 ἄλλως.

336 3815 353 3844 ι
398 3797 506 3848 Καὶ
557 3801 1076 3868 παρατηρήσαντες,
1128 3802 1461 3855 ἀπέστειλαν
1515 3804 1854 3871 ἐγκαθέτους

256 3889 724 3959 ὑποκρινομένους
761 3892 987 3956 ἑαυτοὺς
1035 3891 1278 3957 δικαίους
1324 3893 1486 3960 εἶναι,
1526 3897 1612 3950 ἵνα
1665 3898 1855 3952 ἐπιλά-

255 3982 468 4036 ϐωνται
537 3983 703 4037 αὐτοῦ
745 3985 901 4052 λόγον
963 3989 1043 4049 είς
1074 3986 1134 4039 τὸ
1191 3987 1525 4057 παραδοῦναι
1578 3992 1742 4045 αὑτὸν
1788 3995 1855 4063 τῇ

257 4078 429 4148 ἀρχῇ,
462 4079 557 4130 καὶ
591 4079 658 4148 τῇ
696 4077 917 4150 ἐξουσίᾳ
952 4080 1044 4132 τοῦ
1083 4081 1374 4151 ἡγεμόνος.
1415 4084 1528 4136 Καὶ
1555 4086 1859 4155 ἐπηρώτων

257 4169 448 4234 αὺτὸν,
490 4169 769 4238 λέγοντες·
803 4172 1124 4237 Διδάσκαλε,
1154 4176 1397 4244 οἴδαμεν,
1426 4177 1508 4230 ὅτι
1556 4178 1733 4248 ὀρθῶς
1767 4182 1857 4234 λέ-

257 4276 406 4327 γεις,
441 4263 534 4313 καὶ
595 4261 890 4326 διδάσκεις,
921 4265 1017 4319 καὶ
1069 4268 1131 4318 ού
1185 4267 1486 4338 λαμϐάνεις
1543 4273 1854 4343 πρόσωπον,

258 4351 381 4406 ἀλλ’
421 4353 506 4406 ἐπ’
540 4353 797 4425 ἀληθείας
828 4356 926 4427 τὴν
964 4358 1083 4412 ὁδὸν
1106 4358 1199 4412 τοῦ
1227 4360 1362 4413 Θεοῦ
1397 4362 1694 4428 διδάσκεις.
1744 4367 1860 4434 ἐξε-

264 4461 387 4496 στιν
415 4447 548 4514 ἡμῖν
581 4446 746 4516 φόρον
774 4449 1016 4521 Καίσαρι
1060 4450 1269 4518 δοῦναι,
1298 4454 1330 4526 ἢ
1360 4455 1422 4508 οῦ
1449 4474 1466 4524 ;
1493 4458 1870 4530 Katavoﬁaa;

1959 3269 2078 3324 gem
2129 3270 2250 3323 qua:
2281 3257 2412 3313 dicit
2444 3277 2459 3311 ι
2489 3258 2842 3314 Innocentem
2885 3270 2939 3313 et
2985 3259 3192 3328 justum
3253 3275 3359 3313 non
3405 3262 3556 3314 occi-

1958 3349 2074 3402 des.
2112 3347 2436 3404 Timuerunt
2469 3359 2650 3405 autem
2687 3365 2742 3406 et
2771 3354 3008 3418 repressi
3041 3361 3166 3406 sunt
3197 3368 3225 3405 a
3263 3362 3409 3405 metu
3455 3355 3556 3407 lm-

1961 3442 2188 3506 minum,
2228 3457 2294 3497 ne
2344 3444 2634 3501 manifeste
2671 3445 2934 3502 invadant
2984 3461 3134 3513 eum,
3178 3447 3274 3503 sed
3319 3448 3460 3504 clam
3507 3451 3559 3508 ei

1962 3537 2140 3594 denuo
2168 3539 2522 3595 insidiantur.

2039 3815 2206 3869 Vrns.
2231 3817 2292 3870 2|
2333 3817 2424 3871 26.
2456 3836 2474 3868 ι
2513 3817 2580 3872 Et
2608 3819 2969 3876 observantes
2999 3822 3303 3878 emiserunt
3329 3824 3557 3879 insidia-

1965 3920 2110 3964 tores
2149 3912 2240 3980 qui
2284 3925 2343 3966 se
2369 3911 2544 3978 justos
2578 3913 2928 3980 simularent,
2959 3924 3020 3968 ut
3049 3927 3310 3984 caperent
3341 3933 3465 3972 eum
3493 3934 3561 3975 ex

1959 4017 2237 4069 sermone,
2270 4007 2659 4075 traderentqne
2688 4005 2839 4059 illum
2878 4007 3210 4077 principatui
3245 4019 3299 4063 et
3368 4021 3557 4079 potes-

1964 4101 2059 4151 tati
2118 4100 2366 4167 pra3sidis
2404 4117 2418 4152 :
2449 4111 2503 4153 et
2553 4101 3029 4170 interrogaverunt
3080 4119 3227 4166 eum,
3265 4104 3512 4159 dicentes
3545 4123 3559 4160 :

1961 4191 2245 4257 Magister,
2285 4191 2488 4245 seinms
2523 4191 2668 4261 quod
2719 4203 2865 4247 recte
2922 4193 3057 4246 dicis
3111 4207 3174 4247 ac
3231 4195 3416 4258 doces,
3464 4211 3566 4248 nec

1964 4286 2190 4353 respicis
2230 4299 2543 4354 personam,
2585 4285 2678 4339 sed
2727 4289 2870 4339 viam
2910 4285 3002 4339 Dei
3037 4301 3159 4340 cum
3196 4287 3430 4340 veritate
3469 4287 3570 4342 do-

1964 4390 2056 4430 ces
2091 4393 2107 4427 :
2137 4375 2265 4429 liret
2322 4375 2479 4427 nobis
2526 4376 2787 4429 tributum
2851 4376 2982 4430 dare
3029 4376 3254 4439 Ctesari,
3292 4394 3359 4431 an
3419 4380 3568 4433 non?

1967 4466 2245 4521 Intellecta
2297 4476 2478 4520 autem
2531 4465 2746 4520 illorum
2811 4455 3074 4534 versutia,
3115 4469 3252 4522 dixit
3300 4471 3367 4526 ad
3427 4487 3565 4526 eos:

261 4538 322 4591 δὲ
369 4539 550 4592 αὐτῶν
578 4541 674 4612 τὴν
705 4546 1062 4613 πανουργίαν,
1095 4542 1216 4598 εἶπε
1261 4550 1400 4616 πρὸς
1430 4551 1660 4616 αὐτούς·
1695 4556 1762 4646 ζΓί
1792 4574 1849 4627 με

1969 4561 2107 4626 Quid
2140 4575 2225 4614 me
2268 4560 2527 4614 tentatis?
2561 4561 2841 4615 Ostendite
2889 4562 3020 4614 mihi
3059 4563 3368 4618 denarium.
3400 4563 3570 4632 Cujus

265 4632 594 4701 πειράζετε;
657 4633 991 4702 Ἐπιδείξατέ
1056 4655 1149 4706 μοι
1194 4640 1470 4710 δηνάριον.
1519 4632 1713 4712 Τίνος’
1750 4649 1864 4718 ἔχει

263 4725 455 4777 ιίκόνα
477 4726 570 4778 καὶ
604 4729 950 4797 ἐπιγραφήνς
996 4729 1416 4804 ’Δποκριθέντες
1447 4734 1620 4801 εἶπον,
1650 4742 1866 4794 Καίσα-

273 4832 392 4885 ρος.
438 4815 497 4870 '0
553 4817 609 4870 δὲ
653 4814 806 4873 εἶπεν
852 4822 1056 4884 αὐτοῖς·
1105 4825 1359 4879 Ἀπόδοτε
1403 4830 1584 4882 τοίνυν
1624 4836 1694 4885 τὰ
1737 4836 1869 4888 Καί-

267 4925 441 4979 σαρος
503 4910 763 4982 Καίσαρι,
820 4916 913 4968 καὶ
950 4916 1020 4968 τὰ
1070 4917 1166 4972 τοῦ
1216 4919 1356 4973 Θεοῦ
1417 4911 1496 4992 τῷ
1553 4923 1694 4995 Θεῷ.
1754 4929 1867 4982 Καὶ

263 5001 374 5053 οὐκ
415 5000 640 5071 ἴσχυσαν
696 5006 1054 5062 ἐπιλαϐέσθαι
1112 5011 1280 5064 αὑτοῦ
1323 5014 1569 5084 ῥήματος
1621 5020 1863 5073 ἐναντίον

265 5095 368 5148 τοῦ
441 5096 572 5149 λαοῦ
606 5137 619 5159 ,
683 5100 779 5151 καὶ
831 5100 1217 5170 θαυμάσαντες
1293 5109 1385 5159 ἐπὶ
1438 5112 1502 5178 τῇ
1569 5111 1862 5179 ἀποκρίσει

267 5188 481 5252 αὑτοῦ,
542 5191 826 5262 ἐσίγησαν.
897 5214 917 5245 ι
975 5196 1188 5263 Παγίδα
1233 5198 1537 5268 ἡτοίμασαν
1582 5204 1631 5255 oi.
1695 5204 1863 5272 Φαρι-

271 5283 419 5333 σαῖοι
461 5281 857 5352 δυσδιάφυκτον
897 5284 972 5356 τῷ
1007 5289 1218 5358 Κυρίῳ,
1247 5290 1320 5353 ὣς
1350 5309 1412 5358 γε
1445 5293 1685 5356 ἐδόκουν,
1729 5295 1863 5348 ἀλλά

272 5373 588 5443 συνελήφθη
638 5377 697 5428 ἐν
745 5377 920 5450 ταύτῃ
961 5383 988 5432 6
1032 5382 1169 5444 ποῦς
1216 5383 1414 5435 αὐτῶν·
1457 5385 1533 5436 ἴδε
1599 5387 1708 5457 γὰρ
1763 5404 1864 5439 κα-

270 5469 562 5538 κουργίαν.
594 5471 656 5522 Εἰ
701 5470 800 5539 μὲν
830 5472 996 5534 εἴποι,
1041 5475 1229 5543 φησιν,
1268 5477 1454 5530 ὅτιδεῖ
1482 5480 1684 5548 φόρους
1723 5479 1864 5532 διδό-

274 5580 365 5614 ναι
405 5561 670 5630 Καίσαρι,
721 5569 1133 5635 κατηγορητέος
1170 5570 1306 5638 πρὸς
1351 5571 1442 5623 τὸν
1487 5572 1636 5635 λαὸν,
1670 5573 1744 5635 ὼς
1804 5573 1866 5626 τὸ

272 5653 427 5713 ἔθνος
454 5655 533 5716 εἰς
554 5655 798 5709 δουλείαν
833 5657 1082 5726 ὑπάγων,
1117 5662 1336 5731 σπέρμα
1375 5664 1629 5735 Ἀϐραὰμ
1658 5665 1736 5733 ὃν,
1769 5667 1865 5718 καὶ

350 5829 370 5859 ⁸
401 5826 506 5885 [5a.
537 5845 650 5897 vnt,
690 5832 774 5887 £5.
815 5833 898 5887 ll.

1967 4653 2131 4707 liabet
2185 4652 2474 4721 imaginem
2532 4663 2584 4705 et
2660 4653 3108 4721 inscr‘ptionem?
3158 4655 3574 4726 Respondentes

1967 4747 2248 4813 dixerunt,
2281 4746 2538 4801 Caesaris.
2572 4747 2638 4800 Et
2702 4747 2776 4799 ait
2817 4747 2960 4800 illis:
2992 4746 3219 4800 Reddite
3265 4764 3398 4818 ergo
3453 4766 3574 4818 qua:

1967 4844 2093 4888 sunt
2134 4836 2387 4901 Caesaris,
2417 4835 2620 4891 Ctesari
2659 4855 2671 4889 :
2707 4849 2760 4890 et
2805 4851 2925 4904 qua:
2990 4848 3116 4892 sunt
3166 4837 3280 4903 Dei,
3318 4841 3447 4894 Deo.
3511 4840 3576 4894 Et

1969 4943 2074 4980 non
2131 4937 2429 4996 potuerunt
2475 4928 2698 4983 verbum
2757 4929 2876 4999 ejus
2930 4932 3332 4997 reprehendere
3387 4949 3575 4989 coram

1970 5020 2166 5090 populo
2209 5039 2222 5074 :
2259 5031 2314 5076 et
2367 5022 2548 5075 mirati
2586 5037 2751 5090 super
2787 5038 3051 5090 responso
3091 5025 3233 5093 ejus,
3277 5027 3576 5081 obmutue-

1969 5123 2119 5166 runt.
2161 5131 2176 5163 ι
2217 5111 2495 5181 Laqueum
2528 5125 2854 5183 paraverant
2901 5113 3188 5178 Pharisaei,
3220 5134 3382 5186 quem
3438 5119 3579 5174 dim-

1969 5207 2092 5267 cile,
2133 5215 2189 5259 ut
2240 5206 2342 5260 sibi
2399 5207 2703 5272 Videbatur,
2735 5207 2973 5276 emisere
3017 5217 3228 5276 poterat
3268 5211 3572 5267 Dominus:

1971 5296 2064 5350 sed
2101 5299 2531 5364 comprehensus
2561 5309 2645 5352 est
2686 5297 2776 5352 illo
2830 5315 2925 5368 pes
2975 5315 3187 5354 eorum.
3239 5302 3377 5357 Vide
3428 5305 3574 5358 enim

1979 5386 2261 5441 malitiam.
2295 5386 2428 5440 Nam
2473 5387 2516 5441 si
2565 5389 2781 5456 quidem
2826 5390 3054 5445 dixisset
3103 5390 3344 5446 dandum
3405 5393 3578 5444 tribu-

1979 5488 2090 5531 tum
2124 5478 2351 5542 Czesari,
2395 5491 2752 5535 accusassent
2784 5497 2907 5534 eum
2945 5483 3087 5552 apud
3116 5484 3375 5553 pepulnm
3430 5485 3574 5552 quod

1975 5570 2026 5624 in
2074 5572 2391 5626 servitutem
2424 5575 2667 5642 redigere
2702 5578 2919 5630 studeat
2950 5587 3165 5647 gentem
3215 5594 3338 5648 quae
3382 5592 3574 5632 semen

1974 5667 2210 5722 Abraha:
2243 5666 2413 5733 sit,ct
2443 5667 2639 5725 nullius
2672 5670 2923 5725 servituti
2955 5671 3188 5727 obnoxia
3220 5688 3235 5726 :
3267 5670 3350 5729 sin
3386 5668 3577 5742 proni-
