4100 6334
578 292 713 356 1343

1419 282 1999 347 THEOPHYLACTI
2040 279 2453 341 BULGARIIE
2492 279 2847 340 ARCHIEP.

3691 277 3828 342 10H

569 412 778 471 buisset
830 409 979 470 dare,
1016 408 1215 463 iterum
1283 409 1349 458 ad
1392 403 1678 471 pulside
1727 412 1786 455 ut
1834 399 2149 455 seditiosum

2259 396 2449 469 μηδενὶ
2475 395 2787 449 δουλεῦσαν·
2818 396 2866 448 εί
2893 393 2949 446 δὲ
2973 394 3170 448 κωλύει
3197 395 3392 467 φόρους
3418 392 3643 459 διδόναι,
3674 394 3839 447 πάλιν

577 504 887 559 traxissent.
922 500 1121 554 Verum
1176 498 1295 568 ipse
1347 496 1569 565 laqueos
1621 507 1809 550 eorum
1856 487 2043 558 effugit
2091 496 2148 540 at

570 605 785 661 caprea,
834 604 940 659 quo
975 589 1194 643 nomine
1242 587 1419 656 ipsum
1474 585 1527 638 in
1578 582 1819 637 Canticis
1864 576 2150 649 appellavit

571 689 870 751 sponsa,et
897 680 1052 733 docet
1081 676 1209 731 utel
1250 675 1343 745 qui
1384 681 1739 744 postestatem
1772 671 1932 725 habet
1979 682 2144 737 super

570 788 797 842 corpora
832 780 1015 826 nostra
1059 768 1413 839 corporaliter
1463 765 1861 836 subjuceamus,
1896 762 2012 816 sive
2048 775 2147 814 rex

578 866 665 920 ille
696 865 789 929 sit,
823 865 937 918 sive
983 873 1268 933 tyrannus,
1300 860 1435 915 nihil
1480 860 1624 914 enim
1662 858 1762 911 hoc
1798 856 1952 910 nobis
1992 862 2149 909 nocet

570 969 628 1011 ut
696 957 1046 1025 spiritualiter
1105 957 1241 1009 bene
1292 956 1604 1025 placeamus
1656 950 1769 1005 Deo
1836 949 2144 1020 Spirituum.

569 1047 799 1102 Reddite
818 1047 985 1111 enim,
1014 1045 1213 1114 inquit,
1245 1060 1363 1113 quae
1407 1043 1635 1099 Caesaris
1664 1050 1810 1105 sunt,
1840 1037 2062 1103 Ctesari,
2093 1046 2149 1091 et

570 1155 691 1207 qua:
723 1147 851 1194 sunt
890 1138 1004 1202 Dei,
1038 1136 1166 1191 Deo.
1199 1136 1263 1190 Et
1296 1136 1422 1192 vide
1458 1136 1585 1205 quia
1633 1150 1736 1188 non
1772 1132 1929 1195 dixit,
1974 1134 2099 1185 date
2129 1147 2143 1181 :

572 1231 664 1285 sed
720 1231 945 1285 reddite.
1000 1230 1245 1285 Debitum
1291 1232 1476 1298 igitur,
1517 1228 1710 1295 inquit,
1761 1233 1895 1281 est:
1934 1223 2147 1277 reddite

573 1323 740 1392 igitur
788 1324 1046 1377 debitum.
1076 1323 1325 1378 Custodit
1362 1334 1411 1378 te
1451 1325 1701 1394 princeps
1727 1330 1850 1375 tuus
1894 1320 1961 1375 ab
2018 1319 2147 1373 bos-

574 1417 739 1478 tibus,
788 1416 954 1469 vitam
1003 1424 1148 1468 tuam
1200 1426 1447 1483 pacatam
1511 1414 1641 1469 facit
1697 1432 1710 1467 :
1764 1412 1926 1467 debes
1967 1411 2148 1479 itaque

571 1509 621 1562 ei
654 1522 750 1577 pro
774 1507 857 1562 his
895 1508 1180 1575 tributum,
1207 1508 1512 1577 praesertim
1537 1522 1657 1561 cum
1688 1515 1742 1559 et
1778 1506 1955 1573 ipsum
1986 1518 2145 1570 quem

572 1599 783 1668 profers
809 1616 1109 1666 nummum,
1136 1601 1202 1655 ab
1232 1600 1322 1655 illo
1351 1601 1470 1669 ipso
1488 1599 1673 1653 habes.
1693 1595 1857 1666 Igitur
1878 1595 2148 1650 numisma

576 1691 717 1758 regis
746 1692 938 1745 iterum
963 1692 1039 1746 illi
1073 1692 1253 1757 redde,
1292 1693 1506 1746 interim
1537 1704 1715 1746 autem
1746 1690 1908 1763 L55
1940 1690 2034 1744 tibi
2068 1690 2147 1743 lu-

574 1781 768 1845 craris,
784 1782 925 1849 quod
945 1797 1040 1850 per
1057 1782 1250 1852 ipsum,
1269 1798 1388 1853 quae
1405 1783 1526 1836 vita:
1544 1783 1719 1847 debita
1737 1793 1881 1847 sunt,
1897 1790 2151 1850 praestan-

574 1884 681 1927 tur.
700 1871 789 1927 Sic
812 1875 1043 1943 denique
1062 1885 1115 1928 et
1143 1890 1262 1943 quas
1284 1875 1376 1929 Dei
1401 1884 1549 1939 sunt,
1575 1873 1683 1930 Deo
1706 1885 1831 1929 sunt
1856 1874 2149 1930 reddenda.

572 1962 730 2021 Dedit
772 1965 867 2019 tibi
910 1974 1169 2033 mentem,
1198 1966 1344 2022 illam
1394 1968 1557 2022 redde
1618 1967 1689 2030 ei,
1716 1966 1866 2036 juxta
1917 1974 2151 2019 mentem

569 2074 843 2129 nperans:
881 2058 1030 2113 dedit
1078 2059 1169 2113 tibi
1218 2059 1507 2124 rationem,
1563 2058 1729 2113 redde
1774 2060 1821 2114 ei
1874 2058 2039 2126 illam,
2086 2072 2153 2113 ne

572 2149 675 2203 fias
700 2148 874 2203 brutis
909 2148 1293 2219 insipientibus
1316 2150 1536 2214 similis,
1568 2150 1665 2204 sed
1698 2149 1865 2205 facias
1890 2150 2072 2204 omnia
2097 2158 2155 2202 ut

578 2242 879 2298 rationalis.
926 2241 989 2295 Et
1019 2243 1072 2296 in
1108 2258 1343 2309 summa,
1370 2242 1521 2297 dedit
1554 2242 1647 2297 tibi
1683 2242 1920 2296 animam
1953 2252 2005 2296 et
2032 2256 2154 2295 cor-

573 2346 721 2397 pus:
756 2331 937 2385 omnia
982 2332 1144 2387 redde
1191 2334 1262 2399 ei,
1299 2342 1351 2388 et
1384 2334 1673 2400 imaginem
1728 2348 1881 2387 suam
1930 2332 2154 2387 restitue

573 2422 621 2476 ei
649 2438 744 2493 per
778 2424 959 2491 fidem,
984 2440 1078 2493 per
1109 2440 1278 2494 spent,
1302 2440 1503 2495 perque
1526 2426 1847 2479 charitatem
1874 2425 2150 2479 incedens.

576 2512 721 2567 Sane
749 2523 804 2568 et
844 2514 1000 2569 aliter
1032 2516 1295 2572 reddenda
1335 2525 1460 2570 sunt
1495 2515 1720 2584 Cmsari,
1747 2529 1866 2585 quae
1921 2514 2152 2569 Caesaris

576 2619 725 2672 sunt,
787 2610 1165 2679 unusquisque
1229 2610 1375 2664 enim
1425 2618 1667 2663 nostrum
1719 2606 2005 2675 imaginem
2059 2606 2153 2661 Dei

576 2706 772 2767 gestat,
809 2698 893 2753 vel
928 2699 1187 2768 principis
1214 2699 1420 2753 mundi.
1453 2698 1586 2755 Cum
1618 2700 1782 2769 igitur
1818 2699 2023 2753 similes
2054 2714 2154 2754 nos

576 2792 868 2845 fecerimus
903 2792 1127 2856 Caesari,
1155 2792 1283 2847 facti
1310 2792 1403 2847 ﬁlii
1437 2792 1662 2860 diaboli,
1699 2793 1990 2862 imaginem
2037 2793 2154 2861 ejus

573 2893 868 2955 gestantes,
894 2884 1038 2938 illam
1070 2886 1297 2941 reddere
1330 2886 1378 2940 ei
1410 2896 1645 2954 oportet,
1682 2894 1736 2940 et
1780 2886 2014 2953 abjicere
2052 2902 2064 2939 :
2096 2894 2154 2938 ut

574 2975 773 3029 habeat
810 2990 930 3046 quas
976 2990 1098 3041 sua,
1127 2986 1181 3031 et
1215 2977 1353 3031 nihil
1409 2978 1651 3031 inveniat
1706 2976 1759 3031 in
1812 2977 1965 3032 nobis
2008 2979 2152 3047 quod

2252 491 2388 563 πρὸς
2432 488 2522 543 τὸν
2558 489 2802 560 ἡγεμόνα
2856 486 3097 556 ἄξουσιν,
3123 488 3200 551 ὡς
3265 488 3619 555 στασιαστὴν.
3667 485 3726 538 '0
3784 487 3837 540 δξ

2250 587 2376 646 τοὺς
2407 582 2635 654 βρόχους
2668 581 2846 635 αὐτῶν
2878 581 3162 649 ἐκφεύγει,
3191 580 3266 644 ὡς
3295 579 3518 651 δορκάς,
3554 579 3699 632 οὕτω
3732 577 3836 647 γὰρ

2251 680 2414 733 αὐτὸν
2437 681 2494 732 ὲν
2516 678 2593 749 τῷ
2614 679 2856 749 ’ᾼσματι
2879 677 2911 745 ἡ
2936 674 3124 744 νύμφη
3148 673 3422 743 ὠνόμασε,
3456 671 3552 724 καὶ
3576 670 3834 730 διδάσκει,

2252 772 2429 827 ὅτιτὸ
2507 769 2839 839 σωματικῶς
2893 766 3215 821 ὑποκεῖσθαι
3277 765 3356 835 τῷ
3405 762 3514 818 τῶν
3570 762 3835 832 σωμάτων

2252 864 2409 937 ἡμῶν
2457 860 2870 928 ὲξουσιάζοντι,
2932 860 3042 913 εἴτε
3100 858 3333 930 βασιλεῖ,
3401 857 3513 910 εἴτε
3565 856 3830 926 τυράννῳ,

2252 957 2404 1011 οὐδὲν
2431 956 2565 1025 ἡμῖν
2604 954 2931 1023 λυμαίνεται
2961 952 3097 1023 πρὸς
3131 951 3193 1004 τὸ
3234 950 3552 1019 εὐαρεστεῖν
3590 963 3832 1015 πνευμα-

2250 1049 2417 1111 τικῶς
2448 1046 2524 1117 τῷ
2549 1045 2668 1117 Θεῷ
2700 1045 2808 1099 τῶν
2831 1043 3183 1113 πνευμάτων.
3226 1042 3479 1095 Ἀπόδοτε
3512 1041 3647 1107 γὰρ,
3682 1038 3830 1108 φησὶ,

2250 1144 2316 1196 τὰ
2353 1142 2635 1211 Καίσαρος
2658 1141 2921 1209 Καίσαρι,
2942 1140 3037 1191 καὶ
3075 1138 3145 1189 τὰ
3167 1134 3261 1189 τοῦ
3291 1133 3427 1188 Θεοῦ
3451 1132 3527 1202 τῷ
3558 1130 3701 1201 Θεῷ.
3731 1130 3833 1184 Καὶ

2249 1238 2371 1306 ὅρα,
2389 1236 2487 1288 οὐκ
2507 1228 2625 1286 εἷπε
2642 1233 2792 1291 Δότε,
2813 1231 2925 1284 ἀλλ’
2944 1229 3220 1283 Ἀπόδοτε.
3242 1226 3439 1296 Χρέος,
3460 1226 3649 1294 φησὶν,
3671 1224 3831 1289 ἐστὶν,

2252 1329 2455 1390 ἀπόδος
2510 1326 2604 1379 οὖν
2650 1325 2749 1395 τὴν
2776 1324 3021 1392 ὀφειλὴν.
3052 1321 3316 1375 Φυλάττει
3359 1337 3417 1373 σε
3462 1320 3490 1372 ὁ
3527 1317 3714 1387 ἀρχων
3745 1334 3834 1369 σου

2251 1424 2315 1474 ἐκ
2348 1418 2452 1471 τῶν
2484 1416 2780 1487 πολεμίων,
2816 1415 2908 1467 τὸν
2952 1412 3065 1483 βίον
3106 1428 3198 1464 σου
3241 1411 3515 1479 εἰρηναῖόν
3574 1408 3828 1460 summa.“

2250 1514 2543 1585 χρεωστεῖς
2566 1508 2657 1562 οὖν
2686 1507 2837 1577 αὖτῷ
2864 1506 2953 1560 τὸν
2986 1504 3152 1575 φόρον
3179 1504 3300 1557 ἀντὶ
3331 1500 3561 1566 τούτων,
3589 1500 3762 1563 ἄλλως
3784 1515 3841 1590 τε

2256 1609 2354 1660 καὶ
2382 1604 2538 1671 αὐτὸ,
2562 1602 2589 1655 ὃ
2618 1598 2972 1673 προσφέρεις,
3007 1597 3282 1662 τουτέστι,
3314 1595 3376 1647 τὸ
3409 1595 3678 1663 νόμισμα,
3712 1609 3824 1661 παρ

2251 1696 2458 1750 ἐκείνου
2510 1692 2675 1745 αὑτοῦ
2728 1690 2892 1762 ἔχεις.
2921 1689 2994 1741 Τὸ
3023 1688 3116 1742 οῦν
3147 1686 3244 1740 τοῦ
3297 1684 3564 1755 βασιλέως
3599 1682 3843 1753 νόμισμα

2259 1787 2454 1850 ἀπόδος
2489 1784 2653 1837 πάλιν
2682 1782 2850 1853 αὐτῷ.
2896 1781 2985 1833 Ἐν
3024 1779 3102 1850 τῷ
3130 1778 3281 1850 μέσῳ
3304 1778 3360 1831 δὲ
3387 1777 3737 1847 κεκέρδηκας
3776 1774 3842 1828 δι’

2257 1878 2424 1933 αὑτοῦ
2459 1876 2867 1939 συναλλάσσων,
2902 1873 3000 1927 καὶ
3044 1872 3113 1925 τὰ
3144 1870 3281 1943 πρδς
3310 1870 3402 1923 τὸν
3437 1869 3550 1941 βίον
3606 1867 3841 1939 χρειώδη

2258 1969 2771 2042 μεταχειριζόμενος
2796 1982 2809 1997 ·
2836 1965 3026 2036 ὥσπερ
3078 1963 3271 2033 ἀμέλει
3306 1963 3399 2016 καὶ
3444 1964 3511 2016 τὰ
3565 1962 3661 2015 τοῦ
3703 1959 3838 2014 Θεοῦ

2253 2069 2329 2136 τῷ
2374 2064 2495 2134 Θεῷ
2543 2064 2623 2116 δεῖ
2677 2061 3013 2116 ἀποδιδόναι.
3053 2058 3267 2113 Δέδωκέ
3321 2074 3404 2110 σοι
3456 2054 3607 2120 νοῦν,
3648 2054 3846 2117 ἀπόδος

2255 2162 2417 2226 αὑτὸν
2447 2157 2603 2229 αὺτῷ
2640 2155 2788 2210 κατὰ
2817 2153 2943 2209 νοῦν
2976 2153 3237 2225 ὲνεργῶν.
3287 2152 3498 2205 Δέδωκέ
3542 2169 3625 2205 σοι
3662 2150 3843 2219 λόγον,

2255 2253 2453 2316 ἀπόδος
2508 2251 2673 2305 αὑτὸν
2736 2246 2907 2318 αὐτῷ,
2944 2245 3019 2317 μὴ
3076 2244 3681 2315 συμπαραϐαλλόμενος
3736 2243 3846 2304 τοῖς

2258 2352 2482 2420 κτήνεσι
2507 2350 2621 2409 τοῖς
2657 2344 2929 2416 ἀνοήτοις,
2963 2343 3077 2396 ἀλλ’
3101 2342 3178 2405 ὡς
3206 2341 3426 2408 λογικὸς
3459 2342 3641 2393 πάντα
3672 2339 3846 2409 πράτο

2253 2460 2382 2497 των.
2438 2443 2549 2496 Καὶ
2599 2438 2789 2502 ἀπλῶς
2844 2437 3045 2491 δέδωκέ
3107 2453 3192 2489 σοι
3251 2434 3449 2505 ψυχὴν,
3512 2436 3611 2486 καὶ
3662 2432 3843 2503 σῶμα,

2255 2537 2434 2591 πάντα
2466 2534 2661 2596 ἀπόδος
2686 2530 2858 2602 αὐτῷ,
2884 2532 2983 2585 καὶ
3014 2532 3113 2600 τὴν
3146 2530 3333 2583 εἰκόνα
3354 2527 3522 2581 αὑτοῦ
3556 2527 3846 2583 ἀποκατά-

2257 2642 2456 2694 στησον
2495 2624 2641 2691 αὑτῷ
2680 2623 2769 2677 διὰ
2815 2622 3073 2686 πίστεως,
3120 2620 3187 2675 δι’
3231 2620 3471 2684 ἐλπίδος,
3499 2618 3565 2672 δι’
3623 2619 3845 2688 ἀγάπης

2259 2718 2511 2789 βαδίζων.
2552 2716 2662 2769 Καὶ
2710 2714 2815 2785 μὴν
2861 2715 2956 2767 καὶ
3005 2712 3211 2785 ἑτέρως
3261 2712 3367 2783 χρὴ
3418 2710 3729 2764 ἀποδιδόναι
3779 2710 3844 2763 τά

2256 2810 2534 2879 Καίσαρος
2568 2808 2809 2876 Καίσαρι
2835 2805 3103 2872 ’ἕκαστος
3133 2804 3242 2875 γάρ
3261 2802 3417 2873 ἡμῶν
3442 2803 3476 2873 ἦ
3500 2801 3638 2855 Θεοῦ
3660 2802 3843 2855 εἰκόνα

2256 2903 2432 2973 φορεῖ,
2462 2899 2495 2969 ἢ
2531 2899 2625 2952 τοῦ
2652 2898 3122 2968 κοσμοκράτορος.
3151 2897 3323 2950 Ὅταν
3355 2890 3449 2949 οὖν
3477 2894 3839 2965 ὁμοιώσωμεν

2254 2993 2479 3057 ἑαυτοὺς
2510 2991 2588 3063 τῷ
2618 2991 2879 3062 Καίσαρι,
2909 2991 3016 3044 υἱοὶ
3033 2988 3128 3043 τοῦ
3145 2989 3396 3043 διαϐόλου
3420 2988 3715 3059 γινόμενοι,
3743 2988 3841 3059 τὴν

575 3069 796 3136 praprie
831 3084 988 3123 suum
1011 3070 1101 3126 sit.
1136 3070 1213 3125 ita
1243 3079 1293 3125 ct
1324 3072 1500 3139 imago
1529 3070 1621 3124 Dei
1654 3080 1902 3125 servetur
1937 3085 1966 3124 a
1995 3069 2150 3125 nobis

2256 3088 2438 3142 εἰκόνα
2459 3085 2623 3140 αὑτοῦ
2648 3085 2942 3157 φοροῦμεν,
2979 3083 3049 3155 ἢν
3076 3084 3159 3137 δεῖ
3187 3082 3499 3139 ἀποδιδόναι
3534 3081 3705 3151 αὐτῷ,
3749 3083 3841 3135 καὶ

576 3162 1026 3217 incontaminata.
1082 3163 1293 3219 idcirco
1326 3173 1382 3219 et
1434 3163 1634 3219 Paulus
1690 3163 1968 3229 admonet,
2015 3164 2157 3219 sicut

574 3254 913 3321 portavimus
960 3253 1251 3323 imaginem
1316 3255 1563 3321 terreni,
1628 3256 1699 3309 ita
1753 3264 2036 3325 portemus
2100 3263 2158 3310 et

574 3348 867 3417 imaginem
930 3348 1213 3416 caelestis;
1266 3350 1285 3381 ⁷
1336 3361 1390 3405 et
1451 3349 1557 3404 alio
1611 3350 1729 3404 loco
1786 3366 1801 3404 :
1860 3348 2150 3420 Deponen-

580 3449 659 3494 tes
724 3449 961 3494 veterent
1024 3440 1299 3495 hominem
1347 3440 1388 3493 ⁸.
1434 3439 1587 3507 Quod
1633 3441 1735 3495 hoc
1794 3440 1914 3496 loco
1956 3440 2157 3495 dicitur

572 3534 748 3597 reddi,
805 3533 860 3587 id
907 3534 1049 3603 apud
1100 3531 1326 3588 Paulum
1379 3532 1579 3589 dicitur
1621 3533 1867 3604 deponi:
1920 3542 1975 3589 et
2011 3534 2156 3605 quod

575 3634 665 3685 hic
721 3630 897 3700 imago
945 3630 1203 3693 Caesaris,
1228 3630 1330 3685 hoc
1379 3630 1490 3685 illic
1543 3632 1720 3702 imago
1775 3633 1974 3687 terreni
2028 3646 2155 3701 pec-

576 3722 777 3778 caloris
810 3763 827 3790 ,
884 3724 1015 3777 Adae
1065 3724 1296 3787 scilicet,
1349 3739 1413 3779 ac
1463 3724 1662 3779 veteris
1711 3724 1966 3779 hominis.
2021 3725 2155 3779 Nam

575 3818 752 3883 imago
790 3816 986 3872 terreni
1017 3815 1151 3869 nihil
1191 3816 1334 3870 aliud
1359 3832 1520 3887 quam
1565 3816 1852 3887 corruptio
1881 3827 1936 3871 et
1966 3832 2155 3886 pecca-

578 3920 711 3973 tum,
743 3909 887 3977 quod
940 3910 1226 3964 habuimus
1274 3909 1565 3964 assimilari
1610 3919 1895 3979 apostatze,
1949 3922 2004 3965 et
2044 3925 2153 3963 non

578 4002 712 4069 regi.
737 4000 907 4056 Porro
932 4016 1034 4056 non
1062 4012 1361 4072 potuerunt
1387 4001 1647 4059 Phariszei
1677 4004 2143 4073 comprehendere

573 4092 756 4148 Jesum
788 4092 839 4145 in
872 4106 1124 4147 sermone
1154 4106 1338 4145 coram
1361 4093 1557 4159 popqu
1586 4109 1600 4155 ;
1626 4092 1718 4147 hic
1749 4095 1891 4147 enim
1918 4092 2155 4146 maxime

575 4184 935 4249 conabantur,
970 4193 1028 4237 ut
1060 4182 1197 4251 apud
1226 4182 1480 4250 populum
1503 4185 1676 4251 ipsum
1717 4196 1977 4236 accusare
2007 4180 2151 4235 vale-

576 4289 715 4343 rent,
749 4278 891 4348 quod
921 4277 1073 4331 illum
1106 4278 1355 4331 servituti
1381 4275 1807 4345 Romanipopuli
1835 4276 2152 4345 subigeret:

577 4368 670 4422 sed
728 4365 939 4427 efﬁcere
984 4366 1117 4422 nihil
1169 4368 1482 4433 valuerunt,
1517 4376 1734 4439 propter
1788 4365 2145 4423 excellentem

577 4459 751 4529 ipsius
782 4458 1121 4529 sapientiam.

648 4736 809 4792 Vens.
841 4735 1029 4789 27-40.
1074 4754 1090 4787 ι
1127 4735 1489 4791 Accesserunt
1539 4744 1719 4791 autem
1767 4738 1986 4805 quidam
2013 4738 2151 4795 Sad-

578 4831 879 4882 ilucaeorum
919 4828 1013 4895 qui
1065 4837 1260 4898 negant
1299 4842 1420 4882 esse
1472 4830 1944 4897 resurrectionem,
1982 4842 2033 4887 et
2061 4834 2146 4887 in-

579 4926 989 4987 terrogaverunt
1061 4933 1218 4984 eum,
1289 4920 1532 4975 dicentes
1567 4938 1581 4975 :
1616 4920 1905 4992 Magister,
1975 4924 2151 4981 Moses

577 5010 798 5079 scripsit
820 5009 973 5062 nobis
1002 5026 1015 5062 :
1040 5009 1084 5062 si
1108 5008 1259 5076 cujus
1278 5009 1445 5063 frater
1470 5020 1717 5067 mortuus
1750 5010 1915 5067 fuerit
1945 5012 2150 5070 habens

578 5116 822 5167 uxorem,
854 5103 1008 5170 isque
1034 5101 1151 5155 sine
1182 5101 1365 5156 liberis
1411 5116 1655 5157 mortuus
1704 5102 1885 5169 fuerit,
1919 5114 1977 5159 ut
2002 5105 2145 5160 acci-

580 5192 881 5260 piatfrater
930 5197 1048 5260 eius
1097 5208 1347 5261 uxorem,
1388 5207 1444 5249 et
1492 5196 1717 5251 suscitet
1756 5210 1939 5252 semen
1993 5198 2147 5255 fratri

578 5299 699 5338 suo.
726 5284 943 5355 Septem
991 5300 1119 5357 ergo
1150 5284 1347 5341 fratres
1390 5296 1566 5351 erant,
1599 5296 1653 5342 et
1681 5290 1887 5358 primus
1935 5290 2148 5357 accepit

573 5392 821 5443 uxorem,
854 5394 918 5433 ac
953 5390 1197 5436 mortuus
1234 5390 1316 5437 est
1346 5383 1466 5437 sine
1500 5382 1681 5439 liberis
1707 5403 1719 5438 :
1745 5396 1799 5441 et
1826 5386 2038 5455 accepit
2067 5400 2153 5441 se-

576 5472 784 5525 cundus
836 5472 1001 5537 illam,
1036 5480 1089 5525 et
1127 5474 1241 5543 ipse
1288 5486 1539 5531 mortuus
1570 5485 1654 5531 est
1696 5477 1814 5534 sine
1842 5479 2030 5535 liberis
2059 5498 2071 5533 :
2101 5488 2155 5534 et

579 5563 767 5617 tertius
814 5565 1023 5633 accepit
1073 5563 1253 5631 illam,
1296 5568 1546 5623 similiter
1594 5578 1650 5624 ct
1692 5573 1869 5627 caeteri
1920 5583 2149 5644 septem,

645 5738 711 5793 ἰ
743 5740 865 5798 Cor.
902 5760 970 5799 xv
1042 5745 1125 5801 tt).
1204 5747 1221 5778 ⁸
1252 5747 1456 5806 Coloss.
1516 5767 1596 5821 lli,
1633 5750 1685 5807 9.

2259 3180 2625 3255 ἀπορρίπτειν
2674 3178 2741 3231 ἵν’
2798 3177 2910 3247 ἔχοι
2965 3176 3035 3229 τά
3095 3177 3334 3245 ἑαυτοῦ,
3383 3176 3479 3231 καὶ
3539 3175 3709 3247 μηδὲν
3781 3177 3837 3227 ὲν

2258 3275 2390 3346 ἡμίν
2416 3272 2646 3345 εὑρίσκῃ
2685 3270 2883 3323 οἰκεῖον
2917 3268 3107 3333 αὐτοῦ,
3130 3268 3303 3333 οὕτως
3336 3269 3447 3340 γάρ
3474 3272 3573 3322 καὶ
3609 3270 3644 3338 ὴ
3678 3266 3839 3320 εἰκὼν

2256 3367 2351 3421 τοῦ
2381 3365 2515 3420 Θεοῦ
2536 3364 2742 3434 ἀμιγὴς
2768 3361 3035 3435 τηρηθείη
3064 3364 3221 3433 ἡμῖν.
3255 3359 3348 3415 Διδ
3384 3360 3599 3424 Παῦλος
3643 3374 3841 3429 παραι-

2260 3461 2363 3527 νεῖ,
2418 3456 2620 3522 Καθὼς
2674 3457 3017 3529 έφορέσαμεν
3066 3455 3167 3527 τὴν
3224 3456 3409 3510 εἰκόνα
3458 3454 3554 3508 τοῦ
3612 3451 3837 3525 χοϊκοῦ,

2259 3554 2581 3628 φορέσωμεν
2613 3554 2706 3607 καὶ⁵
2734 3553 2833 3622 τὴν
2857 3552 3040 3606 είκόνα
3071 3551 3167 3605 τοῦ
3200 3549 3549 3621 ἐπουρανίου.
3588 3548 3698 3601 Καὶ
3744 3544 3837 3598 ἀλ-

2256 3646 2447 3718 λαχοῖί⁸
2498 3645 2857 3715 Ἀποθέμενοι
2903 3644 2993 3698 τὸν
3026 3642 3257 3698 παλαιὸν
3301 3642 3610 3713 ἄνθρωπον.
3664 3640 3838 3709 Ὅπερ

2257 3737 2495 3791 ἐνταῦθα
2520 3738 2738 3806 εἴρηται
2767 3734 3104 3796 ἀποδιδόναι,
3134 3734 3293 3788 τοῦτο
3329 3734 3482 3803 παρά
3521 3730 3600 3801 τῷ
3642 3730 3838 3796 Παύλῳ

2256 3829 2316 3881 τὸ
2341 3825 2666 3889 ἀποθέσθαι,
2696 3826 2790 3879 καὶ
2819 3825 2847 3878 ὃ
2877 3824 3115 3877 ἐνταῦθα
3149 3826 3314 3877 είκὼν
3342 3825 3647 3895 Καίσαρος,
3681 3823 3836 3875 τοῦτο

2256 3923 2373 3975 ἐκεῖ
2392 3918 2556 3973 εἰκὼν
2572 3918 2759 3989 χοϊκοῦ
2788 3918 2882 3972 τοῦ
2908 3917 3234 3989 ἀμαρτωλοῦ
3264 3918 3505 3982 πάντως,
3551 3916 3726 3986 Ἀδάμ
3750 3915 3839 3968 καὶ

2257 4012 2487 4067 παλαιοῦ
2523 4010 2835 4078 ἀνθρώπου.
2882 4010 2949 4063 Ἠ
2981 4012 3050 4077 γά
3062 4026 3091 4079 ρ
3121 4010 3287 4063 εἰκὼν
3318 4007 3414 4061 τοῦ
3447 4006 3656 4078 χοϊκοῦ,
3691 4006 3840 4060 οὐδὲν

2255 4103 2404 4165 ἀλλο,
2432 4101 2523 4173 ἢή
2570 4101 2766 4171 φθορὰ.
2798 4102 2895 4155 καὶ
2942 4103 2975 4171 ἡ
3009 4101 3274 4171 ἁμαρτία,
3311 4101 3378 4171 ἢν
3406 4101 3646 4171 ἔσχομεν
3704 4101 3841 4168 ἀφο-

2258 4195 2583 4268 μοιωθέντες
2619 4193 2697 4265 τῷ
2745 4194 3051 4266 ἀποστάτῃ,
3083 4193 3176 4245 καὶ
3208 4193 3281 4263 μὴ
3326 4192 3405 4263 τῷ
3457 4192 3690 4262 βασιλεῖ.
3726 4192 3841 4245 Οὐκ

2258 4286 2482 4355 ἴσχυσαν
2518 4282 2611 4337 οὖν
2652 4284 2702 4336 oi
2752 4284 3038 4355 Φαρισαῖοι
3091 4283 3445 4337 ἐπιλαϐέσθαι
3500 4282 3597 4336 τοῦ
3668 4281 3839 4355 Ἰησοῦ

2255 4377 2487 4431 ἐνώπιον
2502 4375 2596 4429 τοῦ
2625 4374 2776 4429 λαοῦ⁹
2802 4375 2862 4428 τὸ
2886 4375 2996 4447 γὰρ
3020 4375 3455 4444 σπουδαζόμενον
3494 4375 3707 4440 αὐτοῖς,
3743 4375 3842 4444 μά-

2179 4434 2226 4491 D
2258 4471 2416 4524 λιστα
2437 4467 2601 4522 τοῦτο
2625 4464 2714 4540 ἦν,
2742 4468 2804 4521 τὸ
2830 4434 2979 4541 πρὸς,
3003 4436 3094 4523 τὸν
3143 4434 3270 4522 λαὸν
3296 4434 3577 4523 διαϐαλεῖν

2259 4567 2335 4629 ὡς
2376 4562 2811 4617 καταδουλοῦντα
2850 4566 2962 4625 τοῖς
3008 4560 3302 4633 Ῥωμαίοις
3346 4566 3406 4615 τὸ
3452 4561 3627 4627 ἔθνος,
3656 4562 3687 4614 δ
3743 4562 3844 4615 οὐκ

2260 4662 2487 4729 ἴσχυσαν
2516 4656 2734 4710 τελέσαι
2763 4655 2851 4710 διὰ
2875 4655 2973 4727 τὴν
3000 4657 3309 4727 ὑπέρσοφον
3341 4654 3504 4710 αὐτοῦ
3527 4656 3839 4724 ἀπόκρισιν.

2329 4749 2726 4821 Προσελθόντες
2757 4748 2812 4802 δέ
2836 4765 2979 4814 τινες
3000 4748 3109 4802 τῶν
3162 4748 3565 4815 Σαδδουκαίων,
3595 4750 3646 4802 οί
3695 4752 3843 4802 ἀντι-

2258 4841 2505 4910 λέγοντες
2540 4844 2837 4896 ἀνάστασιν
2862 4841 2937 4913 μὴ
2976 4838 3114 4896 εἶναι
3139 4881 3155 4907 ,
3204 4841 3507 4913 ἐπηρώτων
3550 4841 3717 4894 αὐτὸν
3752 4841 3841 4894 λέι-

2255 4951 2444 5003 γοντες
2466 4952 2479 4965 ·
2505 4934 2827 5001 Διδάσκαλε,
2857 4934 3065 5005 Μωσῆς
3086 4934 3325 5005 ἔγραψεν
3352 4935 3507 5004 ἡμῖν,
3549 4934 3676 4988 Ἐὰν
3696 4949 3841 4998 τινος

2254 5027 2482 5097 ἀδελφὸς
2525 5028 2775 5101 ἀποθάνῃ
2813 5027 2952 5098 ἔχων
2990 5030 3247 5096 γυναῖκα,
3284 5027 3379 5080 καὶ
3412 5020 3564 5089 οὗτος
3611 5026 3840 5088 ἄτεκνος

2252 5119 2519 5191 ἀποθάνῃ,
2554 5119 2642 5173 ἵνα
2672 5118 2810 5192 λάϐῃ
2843 5122 2871 5173 ό
2900 5118 3129 5188 ἀδελφὸς
3146 5118 3314 5173 αὑτοῦ
3336 5118 3435 5188 τὴν
3461 5119 3721 5187 γυναῖκα,
3745 5117 3839 5170 καὶ

2255 5213 2594 5287 ἐξαναστήσῃ
2632 5214 2856 5285 σπέρμα
2899 5213 2977 5281 τῷ
3007 5211 3219 5283 ἁδελφῷ
3253 5211 3419 5265 αὐτοῦ
3454 5252 3469 5267 .
3522 5211 3701 5264 Ἐπτά
3742 5205 3834 5262 οὖν

2254 5302 2474 5371 ἀδελφοὶ
2510 5299 2672 5375 ἦσαν,
2704 5306 2798 5357 καὶ
2840 5306 2867 5356 ὸ
2899 5304 3115 5375 πρῶτος
3147 5301 3329 5355 λαϐὼν
3379 5303 3614 5371 γυναῖκα
3637 5341 3653 5363 ,
3701 5299 3833 5353 ἀπέ-

2255 5397 2414 5452 θανεν
2435 5398 2682 5463 ἄτεκνος,
2712 5400 2808 5453 καὶ
2843 5398 3032 5452 ἔλαϐεν
3067 5399 3095 5451 ό
3130 5397 3383 5469 δεύτερος
3430 5395 3528 5465 τὴν
3576 5396 3827 5462 γυναῖκα,

2253 5490 2345 5542 καὶ
2375 5482 2529 5553 οὗτος
2561 5490 2833 5543 ἀπέθανεν
2863 5491 3109 5555 ἄτεκνος,
3142 5491 3236 5543 καὶ
3265 5490 3294 5542 ό
3317 5490 3500 5560 τρίτος
3530 5484 3829 5541 ἔλαϐεναὺ-

2252 5578 2371 5651 τὴν,
2398 5580 2657 5645 ὡσαύτως
2674 5581 2731 5634 δὲ
2754 5582 2847 5639 καὶ
2868 5583 2917 5635 oi
2939 5582 3099 5647 ἑπτὰ,
3134 5581 3225 5634 καὶ
3241 5582 3301 5633 οὐ
3332 5579 3624 5634 κατέλιπον
3646 5578 3824 5640 τέκνα,
