4100 6334
234 359 380 422 una

999 353 1446 415 EN.\ltlt.\'l‘lO
1493 354 1568 414 lN
1607 326 2111 414 liV.l..\'t.‘-EI.IUM
2158 350 2473 408 i.tu:.t«;.-
2505 347 2660 408 eum
2700 345 2827 406 xx.

3415 337 3552 406 1046

222 474 326 524 καὶ
355 471 648 524 ἀπέθανον.
686 469 942 538 ’Υετεροι
981 470 1197 521 πάντων
1219 468 1457 521 ἀπέθανε
1490 469 1581 521 καὶ
1615 469 1831 540 ὴγυνή.

1953 482 2042 521 nec
2075 465 2413 532 reliquerunt
2452 463 2675 527 liberos,
2712 471 2767 517 ct
2803 460 3001 515 mortui
3059 470 3208 515 sunt.
3246 458 3553 516 Novissima

234 566 332 618 'l-Iv
378 567 444 634 τῇ
481 563 574 616 οῦν
623 562 950 626 ἀναστάσει,
987 561 1130 624 τίνος
1179 562 1360 613 αὐτῶν
1408 562 1617 630 γίνεται
1659 563 1832 633 γυνής

220 659 293 710 Ol
327 657 441 727 γάρ
471 655 610 709 ὲπτά
637 653 795 723 ἔσχον
836 655 1010 724 αὐτὴν
1045 657 1301 720 γυναῖκα.
1356 655 1466 708 Καὶ
1512 655 1835 724 ἀποκριθεὶς

222 748 388 801 εἶπεν
420 749 604 810 αὐτοῖς
638 748 666 798 6
715 747 789 817 ’1η
804 747 926 808 ποῦς
958 763 971 774 ·
1009 750 1071 800 Ol
1107 748 1211 800 υἱοὶ
1261 747 1356 800 τοῦ
1407 747 1607 811 αἰῶνος
1638 747 1834 801 τούτου

221 842 471 911 γαμοῦσι
502 840 597 893 καὶ
617 841 1050 911 ὲκγαμίσιιονται
1078 859 1087 870 ·
1118 843 1166 895 οἱ
1191 841 1246 893 δὲ
1272 841 1702 907 καταξιωθέντες
1740 839 1834 893 τοῦ

221 939 427 1000 αἰῶνος
463 935 672 988 ἐκείνου
723 938 905 1004 τυχεῖν
931 977 944 997 ,
983 935 1077 988 καὶ
1121 937 1218 1006 τῆς
1249 936 1603 1000 ἀναστάσεως
1639 934 1740 1004 τῆς
1769 938 1834 988 ἐκ

222 1029 444 1097 νεκρῶν
467 1070 482 1091 ,
523 1026 646 1082 οὔτε
685 1028 955 1098 γαμοῦσιν
983 1071 997 1093 ,
1033 1028 1155 1084 οὔτε
1206 1029 1658 1099 ἐκγαμίσκονται.
1695 1028 1834 1082 Οῦτε

221 1126 341 1193 γὰρ
368 1123 662 1176 ἀποθανεῖν
693 1125 772 1178 ἔτι
803 1123 1085 1190 δύνανται,
1128 1125 1408 1194 ἰσάγγελοι
1436 1125 1546 1195 γάρ
1572 1126 1702 1188 είσι,
1741 1127 1835 1179 καὶ

223 1220 336 1271 uio‘.
365 1217 459 1270 τοῦ
512 1217 670 1281 Θεοῦ,
715 1218 813 1286 τῆς
861 1219 1216 1282 ἀναστάσεως
1265 1219 1371 1272 υἱοὶ
1410 1217 1584 1282 ὄντας.
1620 1219 1745 1272 Ὀτι
1776 1218 1834 1271 δὲ

227 1309 548 1378 ἐγείρονται
581 1312 630 1361 οῖ
662 1309 873 1380 νεκροὶ,
911 1312 1006 1363 καὶ
1045 1310 1255 1380 Μωσῆς
1293 1313 1571 1380 ἐμήνυσεν
1612 1312 1706 1365 ἐπὶ
1735 1312 1836 1380 τῆς

228 1401 423 1471 βάτου,
456 1404 532 1465 ὡς
589 1403 737 1470 λέγει
777 1403 981 1475 Κύριον
1011 1405 1102 1458 τὸν
1132 1405 1266 1458 Θεὸν
1305 1404 1580 1476 Ἀϐραάμ,
1615 1405 1711 1460 καὶ
1738 1404 1833 1459 τὸν

225 1493 366 1546 Θεδν
412 1495 611 1555 Ἰσαὰκ,
646 1497 740 1548 καὶ
780 1496 872 1549 τὸν
907 1497 1042 1550 Θεὸν
1081 1497 1300 1553 Ἰακώϐ.
1335 1499 1470 1563 Θεὸς
1496 1499 1551 1554 δὲ
1582 1502 1683 1554 οὐκ
1715 1499 1834 1554 ἔστι

229 1587 470 1656 νεκρῶν,
493 1588 629 1640 ἀλλὰ
654 1588 1112 1656 ζώντων,’πάντες
1130 1592 1239 1663 γάρ
1271 1593 1420 1664 αῦτῷ
1445 1594 1634 1658 ζῶσιν.
1675 1595 1836 1648 Ἀπο-

232 1680 515 1748 κριθὲντες
558 1682 612 1734 δέ
661 1700 803 1746 τινες
852 1684 961 1736 τῶν
991 1686 1377 1756 Γραμματέων
1421 1682 1618 1741 εἷπονο
1675 1688 1835 1740 Διδά-

233 1772 430 1836 σκαλε,
467 1771 646 1837 καλῶς
679 1768 862 1836 εἴπας.
895 1775 1009 1829 Οὐκ
1039 1776 1118 1830 ἔτι
1153 1777 1208 1830 δὲ
1257 1778 1502 1849 ἐτόλμων
1548 1779 1835 1850 ἐπερωτᾷν

231 1862 403 1914 αὑτὸν
428 1861 600 1915 οὐδέν.
641 1882 658 1915 ι
709 1863 923 1935 Σαθρὰν
971 1867 1380 1936 ὑποστήσαντες
1421 1869 1666 1938 κρηπῖδα
1705 1870 1836 1921 ἑαυ-

236 1955 350 2014 τοῖς
385 1955 434 2005 οι
467 1953 864 2022 Σαδδουκαῖοι,
898 1957 1224 2027 διηπίστουν
1254 1962 1367 2024 τοῖς
1406 1961 1536 2030 περὶ
1593 1959 1837 2013 ἀναστά-

235 2061 380 2109 σεως
412 2045 613 2114 λόγοις,
644 2047 973 2121 Σωματικὴν
1004 2051 1114 2120 γὰρ
1133 2051 1412 2122 διαγωγὴν
1440 2051 1664 2106 ἔσεσθαι
1691 2054 1749 2106 ἐν
1769 2054 1836 2123 τῇ

234 2141 535 2194 ἀναστάσει
567 2141 951 2208 ὑπονοοῦντες,
980 2147 1206 2208 εἰκότως
1234 2146 1585 2215 ἐσφάλλοντο,
1626 2147 1708 2201 διὸ
1745 2147 1841 2200 καὶ

234 2231 315 2292 ὡς
365 2231 567 2286 ἄτοπον
627 2232 1012 2298 διασάλλοντες
1067 2236 1128 2288 τὸ
1171 2238 1426 2307 περὶτῆς
1482 2239 1840 2302 ἀναστάσεως

233 2323 440 2392 δόγμα,
476 2324 802 2380 πλάττονται
846 2327 946 2398 τὴν
969 2329 1198 2399 ἀνόητον
1229 2330 1483 2401 διήγησιν
1507 2331 1736 2402 ταύτην.
1781 2331 1840 2387 ’0

239 2410 340 2468 οὖν
403 2415 608 2486 Κύριος
658 2420 756 2489 τὴν
804 2421 1047 2490 κρηπῖδα
1100 2423 1286 2485 αὐτοῖς
1332 2422 1713 2490 διασαλεύσας,
1750 2427 1842 2478 καὶ

236 2507 425 2571 δείξεις
469 2510 552 2562 ὅτι
585 2512 688 2564 οὐκ
737 2511 853 2565 ἐστι
888 2514 1182 2586 σωματικὴ
1211 2516 1481 2589 διαγωγὴ,
1516 2518 1635 2571 τότε
1680 2519 1842 2583 εὐθὺς

238 2605 306 2671 τῇ
333 2602 509 2675 σαθρᾷ
533 2605 701 2677 ταύτῃ
749 2609 1013 2676 κρηπῖδι,
1048 2610 1142 2662 καὶ
1164 2610 1389 2680 ὑπονοίᾳ
1418 2612 1839 2680 συγκατέσπασε

239 2697 304 2747 τῖι
331 2696 508 2766 δόγμα
537 2700 736 2764 αὐτῶν,
771 2699 944 2753 εἰπών
967 2719 978 2730 ⁸
1015 2703 1318 2763 Πλανᾶσθε,
1374 2703 1448 2776 μὴ
1504 2705 1708 2768 ειδότες
1743 2704 1843 2769 τὰς

242 2790 495 2860 Γραφάς,
546 2794 683 2847 ἀλλὰ
729 2799 1196 2868 παρεκδεχόμενοι
1248 2799 1340 2852 τὸν
1368 2799 1492 2853 νοῦν
1528 2801 1731 2855 αὐτῶν.
1778 2801 1842 2853 Ul

247 2883 348 2952 μὲν
393 2885 501 2956 γὰρ
549 2888 654 2939 υἱοὶ
705 2888 798 2941 τοῦ
846 2891 1043 2954 αἰῶνος
1071 2891 1287 2958 τούτου,
1347 2893 1395 2944 οῖ
1443 2894 1503 2945 ὲν
1536 2892 1616 2963 τῷ
1649 2892 1844 2964 κόσμῳ

243 2974 427 3048 τούτῳ
461 2981 781 3046 γεννῶντες,
816 2984 909 3036 καὶ
936 2985 1269 3056 γεννώμενοι
1301 2986 1574 3056 γαμοῦσι,
1619 2987 1715 3042 καὶ
1752 2989 1846 3040 ἐκ·

249 3072 636 3140 γαμίσκονται,
674 3075 971 3141 τουτέστιν,
1010 3080 1088 3140 εἰς
1121 3079 1338 3148 γάμους
1392 3079 1694 3134 ὲκδῐδονται
1723 3097 1734 3110 ο
1791 3081 1842 3132 οῖ

1941 559 2187 616 onmimu
2217 567 2432 613 mortua
2449 565 2531 613 est
2555 567 2612 611 et
2641 555 2856 610 mulier.
2886 555 2942 610 In
2965 558 3372 610 resurrectione
3396 571 3550 624 ergo,

1939 654 2097 723 cujus
2128 667 2317 708 eorum
2340 651 2443 704 crit
2487 651 2669 704 uxor?
2705 649 2977 718 siquidem
3009 647 3555 714 septemhabnorunt

1939 764 2060 803 eam
2117 762 2366 802 uxorem.
2411 745 2478 800 Et
2521 744 2865 814 respondens
2917 742 2994 796 ait
3039 741 3147 795 illis
3195 739 3397 795 Jesns:
3429 738 3552 794 Filii

1942 840 2102 905 hujus
2148 838 2331 894 smeuli
2386 838 2597 892 ducunt
2640 851 2865 899 uxores,
2903 847 2957 890 et
3007 843 3236 902 nuptum
3298 833 3550 887 dantur:

1946 932 2022 986 illi
2061 947 2190 986 vero
2227 932 2319 1002 qui
2351 929 2496 1002 digni
2529 929 2876 985 habebuntur
2900 929 3104 983 smculo
3135 927 3249 990 illo,
3281 935 3335 980 et
3365 941 3554 980 resur-

1943 1023 2185 1080 rcCtione
2214 1037 2279 1077 ex
2319 1021 2574 1088 mortuis,
2630 1035 2809 1091 neque
2842 1021 3052 1075 ducunt
3097 1034 3322 1083 uxores,
3379 1031 3557 1085 neque

1942 1129 2174 1186 nuptum
2211 1116 2432 1179 dantur,
2470 1130 2647 1180 neque
2700 1114 2845 1168 enim
2902 1113 3041 1167 ultra
3111 1113 3250 1166 mori
3302 1119 3552 1180 possunt.

1939 1209 2208 1280 qunales
2255 1209 2402 1264 enim
2441 1209 2653 1280 angelis
2690 1217 2838 1273 stmt,
2880 1219 2935 1263 et
2969 1208 3062 1262 ﬁlii
3094 1218 3224 1262 sunt
3279 1205 3393 1272 Dei,
3429 1221 3554 1258 cum

1939 1305 2048 1359 sint
2083 1304 2179 1359 lilii
2222 1303 2671 1360 resurrectionis.
2711 1303 2866 1369 Quod
2902 1317 3031 1357 vero
3065 1309 3357 1370 resurgant
3406 1315 3557 1352 tuor—

1943 1397 2040 1460 tui,
2074 1407 2129 1451 et
2159 1396 2337 1451 Moses
2371 1397 2611 1450 ostendit
2661 1396 2815 1464 jnsta
2869 1394 3091 1458 rubum,
3125 1410 3247 1449 cum
3277 1393 3413 1448 dii-it
3448 1392 3556 1446 Do-

1941 1489 2148 1544 minum
2206 1487 2375 1544 Deum
2431 1488 2735 1553 Abraham,
2767 1498 2822 1542 et
2861 1487 3029 1541 Deum
3087 1488 3260 1549 Isaac,
3298 1494 3351 1538 ct
3387 1485 3556 1539 Deum

1938 1578 2111 1636 Jacob
2150 1597 2164 1634 :
2199 1581 2341 1635 Deus
2391 1593 2574 1634 autem
2614 1597 2719 1633 non
2765 1589 2848 1633 cst
2883 1563 3249 1643 mortuorum,
3281 1578 3375 1631 sed
3406 1577 3558 1628 vivo-

1942 1689 2060 1726 rum
2089 1689 2104 1737 ;
2138 1687 2331 1727 omnes
2361 1671 2506 1726 enim
2555 1671 2628 1724 illi
2662 1673 2870 1727 vivunt.
2911 1669 3328 1739 lh'spnntlentes
3368 1677 3554 1721 atttem

1941 1766 2160 1835 quidam
2189 1765 2358 1838 556
2381 1765 2704 1820 Scribarum
2731 1767 2989 1821 dixerunt
3021 1785 3033 1820 :
3070 1766 3352 1835 Magister,
3419 1767 3558 1820 bene

1947 1860 2159 1914 dixisti.
2199 1858 2265 1913 Et
2299 1859 2531 1928 amplius
2575 1876 2683 1915 non
2739 1860 3016 1914 audi-bant
3073 1876 3199 1913 eum
3253 1860 3556 1929 quidquam

1945 1953 2308 2022 interrogare.
2373 1971 2392 2002 ι
2450 1952 2752 2006 Invalidum
2811 1953 3229 2006 fundamentum
3300 1968 3412 2008 sua:
3460 1954 3556 2007 du-

1941 2047 2133 2102 Ctrina:
2178 2045 2428 2101 fecerant
2462 2046 2772 2108 Sadducmi,
2823 2063 2928 2100 non
2960 2047 3253 2101 credentes
3305 2061 3559 2100 resurre-

1941 2141 2182 2195 ctionem
2212 2157 2226 2194 :
2264 2140 2589 2210 cogitabant
2624 2140 2768 2194 enim
2827 2138 3066 2195 futuram
3101 2139 3444 2210 corporalem
3480 2139 3560 2194 vi-

1946 2245 2056 2287 tam
2113 2233 2168 2287 in
2227 2235 2659 2290 resurrectione.
2737 2233 2865 2289 ideo
2921 2243 3181 2305 tauquam
3256 2234 3559 2289 absurdum

1947 2325 2372 2380 resurrectionis
2415 2325 2612 2396 dogma
2663 2324 3088 2392 calumniantes,
3123 2326 3348 2382 stultam
3408 2324 3559 2380 hanc

1946 2419 2313 2473 narrationem
2354 2417 2566 2488 ﬁngunt
2599 2437 2613 2474 :
2647 2419 2790 2473 unde
2826 2418 3087 2474 Dominus
3139 2417 3562 2475 fundamentum

1946 2527 2138 2566 eorum
2191 2511 2374 2566 statim
2421 2511 2728 2578 concussit,
2783 2523 2838 2566 et
2871 2513 3114 2568 ostendit
3161 2512 3306 2581 quod
3347 2527 3459 2567 non
3489 2512 3563 2568 sit

1945 2605 2252 2674 corporalis
2285 2606 2394 2660 vita
2429 2617 2558 2660 tunc
2583 2624 2597 2660 :
2627 2622 2736 2677 quo
2765 2606 2993 2672 factum,
3024 2617 3084 2662 ut
3117 2607 3316 2678 dogma
3341 2621 3559 2671 eorum,

1947 2696 2134 2749 statim
2190 2697 2386 2752 obtusa
2444 2698 2740 2767 opinione,
2796 2708 2850 2753 et
2902 2699 3141 2754 inualido
3199 2698 3562 2754 fundamento

1947 2789 2286 2846 c0neideret.
2328 2791 2542 2847 Erratis
2593 2792 2762 2859 enim,
2810 2793 3006 2860 inquit,
3055 2792 3372 2847 nescientes
3411 2791 3564 2848 Scri-

1946 2895 2160 2954 pturas,
2193 2884 2291 2940 sed
2343 2885 2684 2942 invertentes
2728 2881 2950 2941 sensum
3000 2901 3215 2940 earum.
3247 2883 3372 2939 Filii
3403 2884 3556 2940 cnim

1951 2977 2110 3045 hujus
2134 2977 2320 3034 saaculi
2355 2988 2624 3050 generant
2652 2988 2708 3034 et
2737 2984 3094 3048 generantur,
3125 2994 3326 3033 uxores
3355 2978 3564 3034 ducunt

1947 3080 2005 3126 et
2037 3083 2265 3143 nuptutn
2296 3072 2522 3139 dantur,
2572 3073 2676 3128 hoc
2723 3082 2831 3137 est,
2867 3073 2917 3126 in
2954 3073 3172 3143 nuptias
3211 3072 3506 3126 traduntur
3542 3091 3557 3127 :

243 3165 304 3218 δὲ
331 3167 424 3219 τοῦ
456 3167 652 3233 αῖῶνος
681 3170 892 3224 ἐκείνου
924 3173 1030 3227 υίοὶ
1074 3173 1229 3227 οὐδὲν
1257 3172 1537 3239 τοιοῦτον,
1575 3173 1698 3228 οὐδὲ
1733 3175 1843 3244 γὰρ

1953 3163 2045 3218 lilii
2101 3180 2228 3219 vero
2277 3165 2464 3221 saeculi
2524 3166 2670 3220 illius
2723 3167 2864 3220 nihil
2921 3167 3030 3222 tale
3091 3166 3328 3229 faciunt,
3382 3179 3563 3234 neque

248 3259 436 3312 θανεῖν
463 3261 541 3314 Ξτι
564 3262 840 3319 δύνανταιο
879 3266 960 3320 διὸ
986 3267 1106 3321 οὐδὲ
1128 3267 1196 3320 τά
1223 3267 1318 3320 τοῦ
1344 3266 1526 3338 γάμου
1559 3266 1696 3332 ἐκεῖ,
1729 3266 1848 3320 ἀλλ’

249 3352 521 3424 ἀγγελικὴ
550 3359 642 3409 καὶ
664 3356 783 3410 θεία
811 3357 1076 3429 διαγωγή.
1111 3359 1378 3413 Ἐνταῦθα
1393 3362 1492 3428 μὲν
1524 3358 1634 3432 γὰρ
1657 3360 1848 3432 ἐπειδὴ

249 3444 504 3511 θάνατος,
553 3448 642 3503 διὰ
683 3448 842 3503 τοῦτο
895 3451 1076 3521 γάμος
1101 3490 1116 3514 ,
1154 3453 1248 3507 καὶ
1292 3452 1482 3521 ἐπειδὴ
1507 3452 1709 3520 γάμος,
1757 3452 1848 3507 διὰ

226 3537 413 3609 ,τοῦτο
431 3539 682 3605 θάνατος.
721 3533 870 3598 Ἐκεῖ
895 3543 952 3598 δὲ
982 3544 1077 3598 τοῦ
1111 3546 1346 3599 θανάτου
1375 3545 1847 3615 καταργηθέντος,

254 3633 339 3695 τίς
390 3636 550 3704 χρεία
585 3636 679 3690 τοῦ
715 3639 940 3708 γάμου;
997 3640 1054 3693 ’0
1090 3640 1271 3711 γάμος
1323 3639 1431 3709 γάρ
1469 3640 1699 3711 βοήθεια
1753 3641 1850 3695 τοῦ

253 3723 477 3793 θνητοῦ,
515 3729 610 3782 καὶ
639 3731 919 3801 πλήρωσις
948 3732 1040 3786 τοῦ
1073 3733 1355 3798 λείποντος
1397 3751 1409 3764 ·
1447 3734 1579 3788 ἔνθα
1607 3735 1664 3789 δὲ
1698 3735 1850 3788 οὐδὲν

253 3815 456 3882 λείπει,
479 3817 560 3882 τίς
586 3820 746 3889 χρεία
771 3820 865 3875 τοῦ
881 3822 1219 3894 πληροῦντος
1244 3843 1258 3891 ;
1289 3824 1590 3895 ’ἰσάγγελοι
1611 3825 1703 3879 οῦν
1721 3828 1851 3892 εἰσι,

253 3910 351 3962 καὶ
409 3913 516 3965 υίοί
548 3913 642 3966 τοῦ
697 3913 856 3970 Θεοῦ.
904 3915 1004 3968 Διά
1055 3917 1147 3980 τί;
1186 3918 1310 3970 Ὀτι
1348 3918 1449 3989 τῆς
1500 3919 1855 3982 ἀναστάσεως

255 4005 398 4056 εἰσιν
425 4004 550 4058 υἱοί.
591 4008 653 4059 ⁸0
683 4007 738 4060 δὲ
767 4008 936 4074 λέγει,
962 4009 1204 4063 τοιοῦτόν
1239 4013 1408 4064 ἐστιν’
1436 4009 1630 4077 Εἶπον,
1663 4014 1851 4083 φησὶν,

255 4096 458 4159 αὐτοὺς
492 4099 637 4162 υἱοὺς
667 4098 824 4164 Θεοῦ,
851 4100 989 4155 διότι
1016 4103 1172 4155 οῦδὲν
1210 4105 1522 4174 σωματικὸν
1558 4106 1614 4158 ἐν
1640 4109 1706 4175 τῇ
1732 4123 1857 4173 γεν-

255 4191 414 4256 νήσει
473 4190 654 4244 αὐτῶν
709 4193 925 4262 ὁρᾶται,
954 4194 1091 4248 ἀλλά
1130 4196 1306 4249 πάντα
1343 4196 1502 4249 θεῖεν
1567 4195 1694 4250 οὕτε
1745 4199 1854 4268 γὰρ

257 4282 524 4334 συνουσία
550 4287 892 4354 προηγεῖται,
925 4283 1049 4338 οὔτε
1075 4287 1319 4356 σπέρμα,
1343 4287 1467 4340 οὕτε
1491 4289 1699 4360 μήτρα,
1730 4290 1854 4344 οὔτε

257 4373 455 4444 κύησις
481 4379 539 4429 ὲν
554 4380 620 4447 τῇ
643 4379 992 4442 ἀναστάστει,
1019 4379 1158 4433 ἀλλά
1183 4382 1314 4444 Θεός
1349 4385 1495 4434 ἐστιν
1516 4385 1544 4436 6
1561 4385 1765 4450 γεννῶν
1791 4385 1854 4437 τὰ

259 4453 493 4538 σώματα
520 4471 679 4541 ἡμῶν
730 4472 911 4541 λόγοις
960 4467 1043 4537 οἷς
1095 4472 1256 4530 οἶδεν.
1301 4475 1514 4528 Οὐκοῦν
1553 4477 1677 4530 ἐπεὶ
1721 4478 1855 4541 Θεὸς

1957 3258 2104 3313 enim
2139 3259 2278 3315 ultra
2334 3261 2474 3316 mori
2532 3259 2796 3330 possibile
2844 3270 2952 3316 est.
3009 3258 3251 3315 Proinde
3305 3276 3413 3314 non
3451 3259 3564 3314 illic

1955 3352 2179 3408 ﬁuutea
2220 3369 2342 3424 qua:
2376 3355 2428 3408 in
2463 3355 2689 3424 nuptiis,
2726 3356 2821 3410 sed
2863 3355 3110 3425 angelica
3137 3365 3193 3410 et
3222 3355 3404 3409 divina
3452 3353 3564 3408 vita

1953 3453 2058 3501 est.
2091 3445 2191 3501 llic
2219 3446 2366 3501 enim
2416 3447 2544 3517 quia
2596 3462 2768 3509 mors,
2825 3447 2948 3504 ideo
2974 3457 3029 3503 et
3061 3449 3267 3518 nuptia:
3300 3466 3312 3502 :
3347 3458 3404 3503 et
3431 3448 3565 3517 quia

1956 3539 2179 3608 nuptizc,
2218 3539 2340 3593 ideo
2371 3549 2428 3593 et
2476 3555 2647 3594 mors.
2701 3537 2815 3594 Illic
2863 3549 3044 3594 autem
3100 3550 3281 3595 morte
3331 3540 3562 3606 abolita,

1954 3632 2078 3702 quis
2112 3633 2424 3702 nuptiarum
2463 3633 2640 3686 usus?
2689 3629 2904 3702 Nuptias
2943 3632 3089 3688 enim
3139 3632 3406 3687 auxiliqu
3440 3634 3567 3690 vitae

1957 3723 2233 3788 mortalis,
2264 3734 2320 3780 et
2359 3725 2609 3796 impletio
2639 3723 2758 3793 ejus
2790 3725 2934 3794 quod
2981 3726 3166 3780 deﬁcit
3200 3744 3214 3782 :
3251 3727 3342 3780 ubi
3371 3738 3564 3781 autem

1957 3814 2091 3869 nihil
2131 3815 2334 3881 deﬁcit,
2366 3816 2497 3884 quid
2527 3831 2667 3886 opus
2701 3815 2999 3884 implente?
3029 3815 3198 3870 Pares
3226 3816 3411 3886 itaque
3435 3823 3569 3870 sunt

1956 3908 2184 3977 angelis,
2217 3919 2271 3963 et
2306 3909 2397 3964 lilii
2440 3909 2556 3964 Dei.
2595 3909 2820 3976 Quare?
2853 3909 2992 3975 Quia
3020 3910 3446 3966 resurrectionis
3469 3910 3569 3967 lilii

1957 4014 2108 4054 sunt.
2137 4000 2292 4067 Quod
2320 4011 2502 4056 autem
2533 4004 2688 4066 dicit,
2733 4003 2897 4057 talem
2929 4016 3154 4058 sensum
3187 4001 3383 4058 habet:
3421 4001 3565 4070 Dixi,

1959 4096 2157 4164 inquit,
2197 4095 2317 4151 illos
2357 4097 2500 4151 ﬁlios
2549 4097 2666 4158 Dei,
2703 4112 2769 4150 eo
2801 4098 2948 4166 quod
2986 4096 3120 4151 nihil
3151 4112 3480 4165 corporeum
3511 4099 3566 4152 in

1959 4190 2309 4257 generatione
2346 4206 2533 4244 eorum
2568 4191 2840 4257 videatur,
2871 4193 2964 4246 sed
2993 4193 3176 4246 omnia
3221 4194 3567 4248 divinasint.

1957 4281 2144 4351 Νιιῳιε
2170 4284 2316 4337 enim
2337 4282 2392 4337 in
2429 4285 2835 4339 resurrectione
2860 4286 3119 4354 praecedit
3139 4285 3223 4338 vel
3249 4287 3451 4352 coitus,
3480 4290 3568 4341 vel

1958 4391 2168 4441 semen,
2190 4376 2272 4432 vel
2299 4385 2508 4443 uterus,
2531 4378 2616 4434 Vt'l
2644 4380 3056 4448 impra'gnatio:
3083 4381 3176 4434 sed
3203 4379 3346 4435 Deus
3368 4390 3451 4433 est
3474 4383 3568 4450 qui

1965 4483 2190 4541 generat
2221 4487 2448 4541 corpora
2481 4481 2667 4525 nostra
2703 4474 2877 4527 modis
2913 4472 3112 4541 quibus
3163 4473 3283 4541 ipse
3332 4475 3456 4528 scit.
3506 4474 3575 4530 Et

257 4562 412 4614 ἐστιν
439 4564 467 4616 6
496 4564 736 4634 ἐνεργῶν
772 4566 831 4618 ὲν
858 4567 924 4637 τῇ
977 4567 1306 4631 ἀναστάσει,
1349 4569 1578 4632 εἰκότως
1633 4572 1739 4624 υἱοὶ
1765 4572 1847 4624 λέ-

1963 4567 2188 4636 proinde
2210 4567 2336 4636 quia
2367 4568 2504 4620 Deus
2533 4575 2617 4621 est
2643 4567 2733 4636 qui
2765 4578 3027 4635 operatur
3052 4568 3105 4621 in
3139 4567 3569 4635 re~urrectionc,

261 4669 453 4722 γονται
484 4655 618 4709 Θεοῦ
645 4657 697 4708 οῖ
727 4656 787 4724 ἐξ
813 4657 1170 4722 ἀναστάσεως
1197 4662 1665 4732 ἀναγεννώμενοιο
1714 4663 1861 4717 Ἐπι-

260 4747 420 4816 φὲρει
447 4748 504 4801 δὲ
535 4750 647 4810 τοῖς
685 4749 968 4821 λογισμοῖς
1026 4751 1124 4805 καὶ
1176 4754 1488 4824 μαρτυρίαν
1542 4756 1857 4826 Γραφικήν.

257 4843 403 4913 Φησὶ
425 4843 532 4912 γάρ
564 4844 592 4896 6
619 4844 824 4915 Μωσῆς
859 4849 948 4899 τὸν
979 4847 1112 4902 Θεὸν
1145 4850 1322 4903 εἰπεῖν
1350 4849 1502 4920 αὐτῷ
1531 4852 1596 4904 ὲκ
1626 4852 1727 4921 τῆς
1767 4851 1862 4920 βάς

260 4954 357 4989 του
384 4950 402 4968 ⁶
451 4937 593 5004 Ἐγώ
615 4939 730 5006 εἰμι
767 4940 796 4991 6
837 4938 969 5002 Θεὸς
1014 4940 1287 5011 Ἀϐραὰμ,
1316 4943 1413 4995 καὶ
1441 4942 1508 4996 τά
1541 4943 1690 5013 ἑξῆς.
1721 4947 1782 4996 Et
1803 4943 1860 4996 δὲ

263 5027 417 5093 ἅπαξ
441 5017 820 5100 ἠφανίσθησαν
851 5033 902 5084 οἱ
924 5033 1286 5103 πατριάρχαι,
1321 5035 1412 5088 καὶ
1436 5034 1510 5106 μὴ
1537 5035 1676 5100 ἔζων
1707 5036 1862 5107 παρὰ

261 5121 388 5194 Θεῷ
427 5124 493 5194 τῇ
541 5124 718 5178 ἑλπίδι
763 5125 862 5194 τῆς
896 5129 1271 5194 ἀναστάσεως,
1296 5128 1397 5182 οὐκ
1451 5129 1520 5184 ἂν
1568 5127 1745 5193 εἶπεν,
1778 5131 1862 5184 ὅτι

277 5214 424 5284 Ἐγώ
456 5218 594 5287 εἰμι,
616 5218 731 5271 ἀλλ’
761 5219 906 5286 Ἐγὼ
927 5221 1095 5292 ήμην.
1125 5221 1295 5275 Ἰὀῦτο
1325 5222 1434 5293 γὰρ
1460 5222 1735 5292 εἰώθαμεν
1775 5223 1861 5276 λέ-

266 5327 388 5381 γειν
412 5312 503 5364 hri.
534 5311 641 5366 τῶν
684 5313 1101 5384 διεφθαρμένων
1141 5317 1237 5370 καὶ
1276 5314 1685 5383 ἀφανισθέντων
1720 5333 1864 5387 πρα-

265 5405 516 5473 γμάτων*
558 5404 700 5474 Ἐγὼ
725 5407 875 5478 ήμην
907 5408 1173 5479 δεσπότης
1203 5408 1358 5462 τοῦδε
1385 5409 1478 5463 τοῦ
1506 5410 1856 5480 πράγματος.

262 5496 385 5552 Νῦν
414 5497 470 5552 δὲ
501 5497 692 5566 εἰπὼν,
723 5501 807 5553 δτι
837 5501 979 5570 Ἐγώ
998 5504 1138 5571 εἰμι,
1165 5501 1364 5568 ἔδειξεν
1388 5503 1469 5556 ὅτι
1501 5502 1722 5566 ζώντων
1746 5505 1864 5557 ἐστὶ

265 5588 548 5664 Δεσπότης
587 5594 683 5647 καὶ
727 5593 861 5658 Θεὸς
885 5635 900 5660 ,
943 5597 1036 5668 καὶ
1066 5597 1187 5665 οὑχί
1223 5596 1589 5668 διεφθορότων
1646 5595 1825 5664 πάντα
1848 5613 1862 5628 ·

268 5685 376 5739 κᾶν
416 5687 526 5757 γὰρ
553 5689 738 5760 νεκροὶ
763 5681 916 5755 ὦσιν,
939 5689 1074 5743 ἀλλὰ
1103 5693 1167 5760 τῇ
1188 5689 1365 5744 ἐλπίδι
1394 5689 1489 5742 τοῦ
1519 5689 1823 5757 ἀναστῆναι
1847 5732 1861 5755 ,

268 5773 461 5843 ζῶσιν,
492 5777 684 5849 ὥσπερ
729 5781 824 5833 καὶ
857 5782 887 5833 6
931 5781 1104 5848 Ἀδὰμ
1158 5782 1206 5831 εἰ
1259 5781 1356 5832 καὶ
1403 5779 1522 5849 ἔζη,
1575 5779 1767 5848 Θνητὸς
1798 5775 1864 5849 ἦν

267 5873 441 5940 ὅμως.
479 5875 573 5927 καὶ
606 5875 696 5928 ἀπ’
730 5875 901 5946 αὐτῆς
933 5876 1028 5948 τῆς
1061 5874 1232 5946 ὧρας,
1268 5877 1359 5946 ἀφ’
1386 5871 1450 5946 ἧς
1480 5875 1673 5944 ἔφαγε,
1725 5876 1863 5928 ἀπο-

1966 4661 2165 4715 mcrito
2208 4661 2301 4714 lilii
2357 4661 2446 4715 Dei
2491 4661 2752 4715 dicuntur
2787 4662 2972 4730 quicx
3019 4663 3425 4716 resurrectione
3477 4679 3573 4714 tta-

1965 4765 2215 4810 scuntur.
2247 4755 2444 4809 Subdit
2484 4764 2670 4810 autem
2715 4754 3022 4809 rationibus
3068 4754 3230 4810 etiam
3269 4757 3574 4824 Scriptura:

1975 4847 2373 4901 lt'SllIthllltllll.
2432 4845 2607 4902 Moses
2650 4849 2800 4902 enim
2836 4848 3016 4918 inquit
3042 4849 3246 4903 dixisse
3268 4849 3370 4904 sibi
3403 4849 3573 4902 Deum

1965 4957 2029 4994 ex
2048 4941 2184 4994 rubo
2208 4957 2222 4998 :
2248 4939 2360 5010 Ego
2378 4956 2498 4994 sum
2528 4940 2671 4994 Dens
2693 4940 2950 5005 Abrahae,
2970 4953 3077 4996 etc.
3103 4942 3257 5007 Quod
3274 4943 3316 4994 si
3347 4943 3576 4996 omnino

1966 5034 2315 5089 evanuissent
2341 5035 2690 5102 patriarchas,
2715 5043 2902 5089 etnon
2938 5037 3204 5090 vixissent
3227 5035 3367 5103 apud
3403 5035 3574 5090 Dcniu

1968 5125 2023 5180 in
2061 5111 2161 5194 spei
2215 5127 2660 5190 resurrectionis,
2715 5143 2822 5181 non
2881 5127 3070 5196 utique
3105 5125 3335 5181 dixisset
3383 5125 3572 5182 Deus:

1968 5219 2081 5289 Ego
2120 5237 2238 5274 sum
2269 5238 2283 5273 :
2317 5221 2434 5285 sed,
2471 5220 2581 5291 Ego
2606 5236 2778 5275 erant.
2813 5222 2885 5275 De
2913 5221 3077 5276 rebus
3099 5220 3248 5275 enim
3266 5221 3493 5292 perditis
3522 5233 3579 5278 et

1969 5315 2249 5381 corruptis
2280 5315 2462 5368 dicere
2487 5315 2729 5368 solemus
2759 5331 2772 5370 :
2807 5314 2920 5386 Ego
2945 5330 3096 5370 eram
3129 5315 3387 5369 dominus
3413 5313 3578 5384 hujus

1969 5418 2024 5462 et
2057 5407 2218 5477 hujus
2265 5407 2360 5462 rei.
2425 5407 2581 5463 Nunc
2638 5419 2820 5462 autem
2879 5410 3006 5476 quia
3059 5407 3197 5462 dixit
3229 5424 3244 5460 :
3279 5406 3394 5474 Ego
3431 5425 3574 5469 smn,

1969 5501 2214 5555 ostendit
2267 5501 2411 5570 quod
2452 5501 2522 5556 sit
2558 5503 2861 5555 viventium
2916 5501 3180 5555 Dominus
3223 5508 3279 5554 et
3324 5500 3489 5565 Deus,
3522 5509 3578 5554 et

1971 5610 2079 5650 non
2113 5596 2338 5649 omnino
2363 5608 2777 5665 corruptorum,
2829 5595 3046 5650 etiamsi
3081 5595 3285 5649 mortui
3313 5597 3444 5658 sint,
3480 5596 3576 5649 sed

1972 5703 2068 5757 spe
2099 5690 2415 5758 resnrgendi
2460 5689 2647 5743 vivunt
2682 5707 2694 5742 :
2721 5690 2865 5743 sicut
2893 5697 2946 5742 et
2993 5687 3167 5742 Adam
3216 5688 3470 5757 quamvis
3502 5688 3578 5740 vi-

1971 5781 2156 5842 vebat,
2210 5789 2452 5833 attamen
2514 5779 2760 5833 mortalis
2799 5789 2942 5843 erat,
2999 5795 3122 5833 nam
3158 5780 3227 5831 ab
3269 5779 3386 5847 ipsa
3439 5779 3572 5831 Itur-:l

1970 5888 2075 5942 qua
2111 5873 2370 5940 comedit,
2407 5873 2550 5929 mori
2577 5873 2880 5930 dicebatur.
2931 5873 3190 5930 Confusis
3226 5883 3409 5930 autem
3441 5872 3572 5926 Sad-
