4100 6334
597 380 732 449 1017

1441 380 2022 442 THEOPHYLACTI
2060 376 2303 438 liUUJ‘A
2317 377 2360 435 Β
2376 377 2466 436 l/E
2507 377 2859 438 ARCHIEP.

3725 358 3854 426 ιιιε

589 491 814 551 ducaris,
847 488 1284 558 approliaverunt
1326 488 1526 543 dictum
1560 487 1686 543 Jesu
1721 489 1948 551 Scribat,
1989 494 2173 554 utpote

2287 486 2458 540 iavsiv
2491 487 2733 554 λέγεται.
2768 485 2887 538 Τῶν
2918 481 3290 536 Σαδδουκαίων
3322 478 3381 533 δὲ
3433 475 3610 538 οὕτως
3643 475 3858 542 αἰσχυνο

589 581 894 639 adversarii
928 580 1164 646 illorum,
1186 569 1496 650 gaudentes
1534 579 1654 634 illos
1685 581 1878 634 victos.

669 859 828 915 Vens.
877 860 938 914 41
978 859 1066 914 47.
1106 877 1125 911 ι
1164 857 1329 911 Dixit’
1357 867 1538 912 autem
1583 859 1648 911 ad
1689 858 1805 911 illos
1845 875 1856 908 :
1893 856 2171 922 Quomodo

593 953 780 1006 dicunt
826 948 1102 1004 Christum
1139 950 1307 1002 tilium
1355 962 1476 1004 esse
1514 948 1704 1012 David,
1737 959 1791 1001 et
1840 947 1953 1016 ipse
2006 946 2170 999 David

591 1042 725 1096 dicit
768 1041 820 1095 in
857 1041 995 1094 libro
1032 1038 1372 1093 Psalmorum
1408 1056 1423 1095 :
1453 1039 1604 1092 Dixit
1652 1037 1910 1091 Dominus
1945 1036 2171 1090 Domino

593 1150 733 1189 meo.
787 1133 926 1188 Sede
963 1147 991 1186 a
1021 1134 1226 1186 dextris
1269 1133 1422 1198 meis,
1473 1133 1648 1187 donec
1679 1147 1873 1199 ponam
1923 1131 2173 1184 inimicos

595 1237 716 1281 tuos
750 1227 1045 1280 scabellum
1093 1226 1289 1294 pedum
1340 1223 1592 1278 tuorum?
1626 1223 1791 1276 David
1827 1238 1956 1291 ergo
1987 1222 2135 1276 Domi
2157 1250 2170 1261 -

590 1335 719 1373 num
755 1317 920 1390 457
959 1318 1104 1371 illum
1141 1328 1317 1382 vocat,
1348 1326 1400 1371 et
1429 1318 1700 1385 quomodo
1733 1317 1875 1368 [ilius
1907 1314 2023 1383 ejus
2054 1313 2174 1367 est?

593 1412 868 1467 Audiente
907 1424 1032 1463 vero
1063 1421 1262 1464 cuncto
1302 1410 1498 1478 populo
1533 1409 1667 1462 dixit
1698 1407 1977 1474 discipulis
2010 1405 2123 1459 suis
2155 1422 2167 1460 :

594 1504 792 1564 Cavete
828 1519 854 1555 a
884 1501 1113 1567 Scribis,
1141 1503 1233 1571 qui
1286 1503 1474 1556 volunt
1512 1501 1795 1554 ambulare
1823 1500 1877 1554 in
1915 1499 2085 1562 stolis,
2118 1510 2171 1552 et

592 1607 775 1650 amant
805 1596 1156 1651 salutationes
1187 1597 1237 1650 in
1282 1595 1432 1658 foris,
1470 1611 1534 1649 ac
1566 1595 1771 1663 primas
1807 1592 2095 1647 cathedras
2118 1592 2170 1645 in
2206 1647 2214 1654 ,

592 1687 914 1758 Syuagogis,
957 1699 1010 1742 et
1053 1688 1258 1756 primos
1312 1688 1611 1742 discubitus
1658 1686 1709 1739 in
1755 1685 2015 1740 conviviis
2044 1702 2055 1736 :
2083 1685 2171 1752 qui

593 1784 856 1836 devorant
887 1783 1076 1837 domos
1104 1782 1410 1847 viduarum,
1445 1782 1771 1836 simulantes
1798 1780 2013 1850 longam
2049 1795 2170 1834 ora-

596 1873 794 1926 tionem
830 1889 842 1924 :
883 1873 936 1926 hi
982 1875 1247 1940 accipient
1281 1873 1539 1940 majorem
1579 1873 2107 1927 condemnationem.
2147 1890 2165 1922 ι

594 1966 673 2025 Ad
701 1965 1006 2032 passionem
1027 1965 1341 2034 propediem
1368 1980 1710 2029 accessurus,
1735 1981 1888 2020 suam
1918 1964 2173 2034 praedicat

597 2057 934 2112 ditinitatcm
973 2078 984 2111 :
1023 2060 1185 2128 idque
1242 2075 1346 2112 non
1385 2059 1674 2112 admodum
1716 2068 1935 2126 aperte,
1971 2058 2174 2125 necja-

594 2160 824 2215 ctanter,
864 2153 954 2205 sed
981 2154 1244 2206 modeste.
1277 2152 1581 2222 lnterrognt
1619 2153 1762 2207 enim
1798 2151 1938 2217 illos,
1970 2160 2024 2205 et
2051 2165 2176 2219 per-

595 2242 782 2310 p'exos
818 2243 1014 2306 reddit,
1056 2243 1298 2314 sinitque
1342 2226 1654 2299 ratiocinari
1697 2245 1826 2316 quid
1889 2254 2174 2300 consecta-

595 2347 780 2386 neum.
838 2331 1002 2387 David
1068 2335 1247 2399 enim,
1295 2337 1506 2404 inquit,
1558 2335 1844 2392 Dominum
1889 2345 2067 2402 vocat,
2123 2345 2177 2391 et

597 2424 869 2489 quomodo
919 2425 1060 2479 tilius
1092 2426 1207 2493 ejus
1238 2437 1319 2481 est
1348 2429 1562 2494 purus?
1607 2429 1741 2482 Erat
1771 2429 1917 2482 enim
1951 2438 2004 2482 et
2034 2427 2176 2482 ﬁlius

597 2515 764 2571 David
790 2521 1084 2570 secundum
1105 2534 1344 2584 carnem,
1365 2520 1456 2574 sed
1480 2529 1532 2573 et
1563 2518 1703 2574 Deus
1728 2519 1868 2588 ejus.
1896 2519 1970 2572 Illi
1992 2529 2173 2573 autem

597 2603 770 2657 solum
803 2603 972 2658 lilium
1006 2605 1172 2660 David
1209 2621 1330 2663 esse
1363 2607 1749 2676 opinabantur,
1795 2607 1917 2662 ideo
1965 2610 2176 2678 opinio-

600 2711 720 2751 nem
784 2712 971 2751 eorum
1029 2701 1248 2765 evertit,
1301 2715 1406 2768 qua
1441 2702 1706 2770 putabant
1755 2700 1923 2758 [ilium
1957 2701 2177 2756 Davidis

600 2789 796 2843 solum.
834 2789 1085 2845 Dec!arat
1117 2794 1241 2845 item
1285 2795 1428 2861 quod
1461 2809 1566 2846 non
1597 2793 1668 2847 ait
1694 2794 2039 2848 adversarius
2071 2793 2178 2847 Deo

599 2879 772 2947 Patri,
806 2883 898 2938 sed
931 2885 1153 2939 multum
1183 2901 1302 2940 eum
1336 2885 1428 2939 illo
1461 2887 1656 2939 habeat
1701 2888 2070 2958 concordiam,
2106 2888 2181 2940 si-

597 2976 813 3044 quidem
840 2977 1089 3032 inimicos
1116 2978 1230 3047 ejus
1257 2978 1501 3032 butniliat
1529 2978 1711 3032 Pater.
1735 2978 1800 3033 Et
1824 2981 1936 3034 haec
1962 2983 2176 3050 quidem

602 3067 809 3123 Scribis
859 3070 1017 3124 dixit.
1083 3070 1218 3136 Quia
1293 3085 1475 3126 autem
1531 3072 1830 3142 discipulos
1888 3074 2180 3144 magistros

600 3164 748 3219 orbis
787 3165 953 3230 misit,
1000 3167 1199 3221 merito
1225 3183 1318 3222 cos
1342 3168 1596 3222 admonet
1627 3184 1691 3222 ne
1722 3169 2004 3224 imitentur
2043 3171 2182 3225 Pha-

2273 585 2494 648 θέντων,
2539 581 2869 646 ἀπεδέξαντο
2895 582 2986 630 τὸν
3028 575 3239 644 Ἰησοῦν
3274 575 3324 626 oi
3373 569 3754 642 Γραμματεϊς,
3785 567 3857 628 ὡς

2271 677 2584 746 ἀντίτεχνον
2608 675 2713 728 τῶν
2742 669 3138 732 Σαδδουκαίων,
3171 667 3431 737 ἡσθέντες
3483 664 3574 716 ἐπὶ
3614 664 3683 730 τῇ
3718 659 3857 711 ὲκεί-

2272 790 2376 825 νων
2401 788 2431 825 τι
2443 788 2562 825 ττη.

2351 790 2376 822 ν
2443 788 2498 821 ττ
2547 810 2562 824 .

2349 883 2365 914 ι
2401 772 2541 914 Eia:
2565 861 2620 915 δὲ
2655 859 2792 929 πρὸς
2821 855 3016 918 αύτούς
3042 873 3056 887 ·
3083 853 3210 916 Πῶς
3240 851 3464 916 λέγουσι
3497 848 3590 901 τὸν
3621 844 3856 915 Χριστδν

2277 958 2387 1009 υίον
2441 953 2604 1007 Δαυῖδ
2661 948 2822 1016 εἶναι,
2858 950 2950 1002 καὶ
2996 947 3155 1007 αὐτὸς
3206 943 3367 996 Δαυῖδ
3408 944 3556 1010 λέγει
3585 943 3661 992 μὲν
3695 937 3857 1006 βίϐλῳ

2274 1045 2538 1115 Ψαλμῶν,
2569 1040 2731 1097 Εἶπεν
2763 1045 2790 1096 ὁ
2832 1040 3036 1111 Κύριος
3087 1037 3161 1106 τῷ
3193 1036 3386 1105 Κυρίῳ
3421 1051 3546 1102 μου,
3577 1031 3763 1084 Κάθου
3797 1030 3858 1081 ἐκ

2273 1139 2462 1204 δεξιῶν
2486 1156 2613 1206 μου,
2639 1136 2747 1198 ἕως
2786 1134 2852 1188 ἂν
2881 1132 2957 1186 θῶ
2986 1132 3108 1191 τοὺς
3142 1126 3370 1199 ἐχθρούς
3427 1142 3520 1188 σου
3571 1122 3858 1177 ὑποπῶιον

2274 1234 2382 1286 τῶν
2418 1230 2592 1284 ποδῶν
2631 1245 2761 1293 σούς
2804 1226 2966 1280 Δαυῒδ
2997 1225 3087 1277 οὖν
3119 1223 3321 1292 Κύριον
3346 1220 3507 1273 αὑτὸν
3545 1218 3720 1276 καλεῖ,
3768 1215 3860 1267 καὶ

2275 1326 2390 1387 πῶς
2412 1325 2522 1386 υίὸς
2545 1320 2710 1376 αὑτοῦ
2734 1323 2917 1384 tatur,
2953 1317 3269 1378 Ἀκούοντος
3287 1312 3343 1366 δὲ
3367 1310 3567 1372 παντδς
3590 1307 3682 1361 τοῦ
3706 1305 3858 1370 λαοῦ,

2274 1415 2394 1470 εἷπε
2420 1418 2530 1479 τοῖς
2553 1415 2820 1486 μαθηταῖς
2848 1410 3016 1466 αὑτοῦ
3044 1428 3056 1438 ·
3085 1407 3391 1478 Προσέχετε
3416 1403 3523 1456 ἀπὸ
3542 1401 3648 1454 τῶν
3678 1399 3860 1469 Γραμσ

2281 1511 2492 1580 ματέων
2538 1507 2644 1560 τῶν
2693 1506 2956 1560 θελόντων
3008 1500 3334 1570 περιπατεῖν
3387 1498 3444 1548 ὲν
3491 1493 3742 1554 στολαῖς,
3771 1489 3861 1542 καὶ

2278 1601 2576 1673 φιλούντων
2607 1597 2933 1666 ἀσπασμοὺς
2968 1595 3025 1646 ὲν
3068 1594 3184 1654 ταῖς
3215 1590 3444 1660 ἀγοραῖς
3469 1628 3484 1651 ,
3519 1589 3616 1638 καὶ
3649 1599 3861 1651 πρωτο-

2275 1694 2568 1764 καθεδρίας
2628 1695 2685 1745 ὲν
2734 1691 2856 1751 ταῖς
2897 1685 3272 1753 Συναγωγαῖς,
3308 1682 3402 1734 καὶ
3459 1674 3861 1748 πρωτοκλισίας

2277 1793 2334 1842 ἐν
2355 1791 2467 1850 τοῖς
2496 1785 2752 1849 δείπνοις,
2786 1781 2835 1836 οἳ
2882 1778 3228 1833 κατεσθίουσι
3271 1775 3370 1834 τὰς
3399 1771 3575 1829 οἰκίας
3627 1767 3738 1819 τῶν
3767 1783 3862 1834 χη-

2286 1880 2415 1951 ρῶν,
2445 1879 2539 1931 καὶ
2570 1876 2842 1946 προφάσει
2876 1874 3064 1943 μακρᾷ
3114 1867 3527 1938 προσεύχονται.
3561 1856 3723 1915 οὗτοι
3769 1858 3860 1927 λήο

2282 1974 2474 2043 ψονται
2506 1968 2895 2041 περισσότερον
2924 1968 3118 2034 κρῖμα.
3169 1979 3189 2015 ι
3248 1959 3370 2012 Ἐπὶ
3397 1957 3456 2011 τὸ
3489 1954 3683 2016 πάθος,
3739 1953 3861 2004 ὅσον

2283 2067 2471 2126 οὔπω,
2525 2063 2734 2136 μέλλων
2796 2057 3052 2129 ἔρχεσθαι
3094 2054 3191 2125 τὴν
3241 2049 3433 2105 ἑαυτοῦ
3497 2045 3864 2115 ἀνακηρύττει

2285 2159 2537 2229 θεύτητα,
2571 2157 2665 2209 καὶ
2699 2152 3001 2208 οὐδὲτοῦτο
3029 2143 3516 2217 ἀπαρακαλύπτως
3538 2139 3633 2192 καὶ
3665 2136 3858 2198 ἀλαζο-

2285 2254 2472 2316 νικῶς,
2503 2251 2638 2304 ἀλλά
2671 2246 2764 2301 καὶ
2807 2245 3013 2315 σφόδρα
3046 2238 3474 2313 μετριοφρόνως.
3516 2231 3730 2301 Ἐρωτᾷ
3759 2229 3864 2296 γὰρ

2284 2347 2500 2411 αὐτοὺς,
2535 2343 2630 2397 καὶ
2682 2344 2760 2403 είς
2790 2338 3025 2409 ἀπορίαν
3079 2331 3363 2401 ὲναγαγὼν
3393 2329 3617 2398 ἀφίησιν
3667 2324 3863 2411 αὐτους

2288 2410 2708 2499 συλλογίσασθαι
2747 2429 2808 2479 τὸ
2842 2425 3155 2479 ἀκόλουθον.
3201 2419 3364 2476 Δαυῖδ
3393 2419 3521 2489 γὰρ,
3555 2415 3710 2484 φησὶ,
3763 2410 3866 2464 Kri-

2286 2545 2400 2601 ρεον
2420 2525 2582 2578 αὑτὸν
2609 2523 2786 2585 καλεῖ,
2816 2522 2910 2574 καὶ
2935 2521 3050 2584 πῶς
3073 2519 3188 2581 υίὸς
3208 2514 3373 2570 αὑτοῦ
3397 2515 3512 2571 ἐστι
3540 2509 3696 2580 ψιλός
3720 2525 3733 2572 ;
3763 2503 3866 2558 ἿΙν

2289 2621 2387 2688 μὲν
2423 2617 2530 2687 γὰρ
2582 2616 2696 2679 υἱὸς
2733 2612 2897 2666 Δαυῗδ
2927 2612 2986 2665 τὸ
3015 2613 3154 2664 κατά
3183 2610 3361 2681 σάρκα
3389 2648 3401 2671 ,
3439 2604 3575 2692 ἀλλά
3606 2604 3700 2656 καὶ
3737 2601 3866 2692 Θεος

2289 2710 2451 2764 αὑτοῦ
2476 2727 2487 2741 ο
2523 2710 2720 2761 ἐκεῖνοι
2762 2707 2817 2759 δὲ
2854 2706 3014 2776 μόνον
3045 2702 3200 2755 τοῦτο
3235 2701 3348 2753 υξδν
3382 2690 3542 2754 αὑτὸν
3571 2696 3665 2748 τοῦ
3706 2690 3866 2747 Ani;

2289 2804 2558 2873 ἐνόμιζον.
2585 2801 2676 2853 Διὸ
2697 2801 2993 2869 ἀνατρέπει
3017 2796 3220 2864 ταύτην
3247 2793 3424 2848 αὐτῶν
3454 2793 3552 2861 τὴν
3581 2790 3741 2856 δόξαν
3771 2786 3867 2854 τὴν

2290 2897 2420 2964 περὶ
2445 2893 2534 2946 τοῦ
2552 2892 2706 2962 ψιλὸν
2733 2887 2872 2943 εἶναι
2901 2889 3014 2943 υἱὸν
3035 2888 3130 2942 τοῦ
3166 2886 3351 2948 Δαυῒδ,
3386 2885 3644 2954 ἐμφαίνει
3676 2882 3734 2934 δὲ
3776 2881 3866 2932 καὶ

2289 2989 2371 3040 ὃτι
2403 2986 2502 3038 οὐκ
2533 2983 2811 3046 ἀντίθετός
2844 2985 2960 3035 ἐστι
2993 2979 3069 3050 τῷ
3105 2979 3300 3049 Πατρὶ,
3333 2976 3469 3031 ἀλλά
3518 2973 3722 3042 πολλὴν
3773 2971 3867 3040 τὴν

2289 3081 2545 3149 ὁμόνοιαν
2569 3076 2682 3146 ἔχει
2713 3075 2850 3147 πρὸς
2881 3075 3042 3128 αὐτὸν
3067 3114 3080 3136 ,
3115 3072 3229 3140 εῐγε
3260 3073 3388 3133 τοὺς
3419 3068 3650 3140 ἐχθροὺς
3703 3064 3866 3118 αὑτοῦ

2293 3169 2726 3239 καταγωνίζεται
2757 3168 2784 3220 ὁ
2809 3169 3020 3238 Πατήρ.
3058 3165 3243 3220 Ταῦτα
3283 3164 3379 3234 μὲν
3406 3162 3496 3215 οὖν
3528 3163 3640 3222 τοῖς
3679 3159 3867 3229 Γραμ-

600 3257 882 3311 τίεαξοτιιηι
933 3261 1322 3328 arrogantiam,
1353 3269 1405 3315 et
1432 3261 1776 3316 ambitiosam
1829 3273 2060 3318 mentem
2089 3282 2103 3319 :
2132 3276 2181 3319 et

2295 3265 2578 3336 ματεῦσιν.
2619 3263 2780 3316 Ἐπεὶ
2829 3262 2885 3314 δὲ
2921 3261 3046 3323 τοὺς
3098 3259 3346 3329 μαθητὰς
3383 3254 3746 3316 διδασκάλους
3775 3251 3871 3321 τῆς

601 3345 926 3416 simpliciter
956 3363 1026 3403 ne
1052 3350 1294 3418 cogitent
1331 3353 1604 3421 quomodo
1643 3355 1901 3422 placeant
1950 3355 2186 3409 homini-

601 3439 723 3494 bus.
757 3437 891 3494 Nam
940 3441 1359 3499 salutationibus
1408 3444 1511 3499 fori
1559 3448 1798 3512 studere,
1851 3447 2185 3501 adulantium

599 3534 1122 3611 occurrentibusest,
1149 3545 1204 3590 et
1219 3536 1524 3606 opinionem
1545 3539 1829 3608 probitatis
1850 3541 2182 3605 venantium,

599 3625 685 3678 vel
738 3625 876 3681 hanc
912 3629 1249 3682 occasionem
1285 3630 1349 3682 ad
1383 3630 1792 3701 congregandas
1841 3633 2058 3686 divitias
2095 3633 2188 3687 ad-

603 3718 937 3774 mittentium
975 3739 986 3774 :
1019 3723 1147 3790 quin
1178 3731 1231 3775 et
1261 3722 1316 3776 hi
1351 3722 1634 3777 viduarum
1672 3724 1861 3779 domos
1899 3723 2185 3792 devorant,

601 3812 779 3866 ventri
828 3811 1021 3876 dediti,
1050 3824 1103 3866 et
1132 3813 1273 3867 ultra
1325 3829 1487 3883 quam
1519 3831 1655 3884 opus
1691 3817 1764 3872 sit
1806 3819 2104 3885 insumunt,
2137 3830 2191 3875 et

603 3911 898 3970 pratertus
925 3904 1081 3972 quasi
1129 3906 1253 3974 pius
1284 3915 1386 3960 est.
1417 3905 1618 3962 Preces
1648 3910 1790 3962 enim
1817 3921 1870 3965 et
1901 3912 2187 3967 utilitatem

603 3993 908 4048 animarum
959 4006 1343 4065 praetexentes,
1395 4015 1499 4055 non
1532 4000 1799 4069 jejunium
1835 4003 2053 4069 docent,
2097 4006 2188 4059 sed

605 4085 922 4140 ebrietatem
947 4097 1002 4142 et
1023 4089 1452 4160 gastrimargiam
1482 4106 1496 4144 :
1521 4101 1574 4144 et
1606 4101 1890 4160 propterea
1921 4094 2190 4163 accipient

604 4173 922 4242 ampliorem
978 4178 1482 4231 condemnationem
1519 4195 1533 4230 :
1567 4179 1692 4247 quia
1741 4196 1849 4234 non
1901 4181 2073 4234 solum
2107 4181 2189 4233 fa-

603 4264 756 4318 ciunt
785 4264 1010 4329 malum,
1043 4268 1137 4321 sed
1171 4275 1474 4336 praetexunt
1504 4284 1715 4336 preces,
1761 4279 1816 4324 et
1843 4273 1983 4340 piam
2022 4272 2191 4326 hone-

606 4364 800 4410 atatem
852 4371 917 4411 ac
978 4358 1233 4412 virtutem
1305 4359 1509 4424 faciunt
1580 4369 1900 4428 prietextum
1961 4366 2188 4433 peccati.

603 4447 904 4519 Propterea
937 4464 1070 4504 sane
1113 4452 1336 4521 gravius
1380 4461 1507 4506 sunt
1558 4455 1837 4521 puniendi,
1876 4457 2046 4524 utqui
2081 4472 2190 4511 rem

2289 3358 2618 3428 οἰκουμένης
2644 3355 2987 3418 ἀπέστειλεν,
3025 3353 3253 3411 εἰκότως
3290 3352 3476 3414 αὐτοῖς
3509 3349 3773 3415 παραινεῖ
3801 3345 3872 3418 μὴ

2294 3450 2578 3522 μιμεῖσθαι
2610 3449 2716 3502 τῶν
2751 3447 3062 3517 Φαρισαίων
3095 3444 3193 3516 τὴν
3238 3442 3516 3512 φιλόδοξον
3574 3441 3673 3494 καὶ
3731 3439 3873 3508 φιλό-

2291 3561 2505 3615 πρωτον
2529 3542 2776 3612 γνώμην,
2811 3541 2906 3594 καὶ
2949 3537 3137 3600 ἀπλῶς
3169 3536 3442 3606 κοσμικὴν
3477 3535 3572 3588 καὶ
3617 3532 3872 3602 ἀνθρωπ-

2292 3638 2546 3706 άρεσκον.
2611 3633 2686 3686 Τὸ
2733 3631 2841 3702 γάρ
2879 3633 3005 3692 τοὺς
3041 3629 3367 3698 ἀσπασμοὺς
3424 3624 3772 3695 ἐπιτηδεύειν
3819 3623 3874 3674 ὲν

2290 3731 2408 3789 ταῖς
2451 3728 2702 3796 ἀγοραῖς,
2736 3722 3143 3776 κολακευόντων
3180 3722 3298 3774 ἔστι
3344 3721 3472 3782 τοὺς
3515 3717 3872 3786 ἐντυγχάνονο

2290 3835 2408 3879 τας,
2456 3816 2551 3868 καὶ
2581 3813 2737 3879 δόξαν
2766 3811 3060 3882 καλοηθίας
3093 3809 3449 3881 Οηρωμένων,
3487 3807 3518 3878 ἦ
3553 3807 3874 3874 συναγωγῆς

2291 3908 2588 3976 χρημάτων
2621 3906 2892 3976 πρόφασιν
2914 3903 3073 3958 τοῦτο
3100 3904 3424 3974 τιθεμένων.
3472 3899 3636 3953 Ἀλλὰ
3660 3899 3756 3952 καὶ
3783 3898 3872 3960 τὰς

2291 3999 2466 4060 οἰκίας
2498 3997 2605 4050 τῶν
2635 3997 2840 4066 χηρῶν,
2863 3998 3015 4067 φησί,
3050 3994 3402 4049 κατεσθίουσι
3429 3989 3871 4062 γαστριζόμενοι,

2293 4094 2387 4144 καὶ
2413 4093 2556 4160 πέρα
2588 4091 2681 4143 τοῦ
2715 4090 2922 4152 δέοντος
2952 4090 3337 4149 ἀναλίσκοντες
3362 4104 3375 4116 ’
3415 4090 3507 4140 καὶ
3536 4087 3568 4157 ἠ
3603 4086 3873 4155 πρόφασις

2291 4187 2367 4249 ὡς
2404 4184 2659 4254 εὐλαϐής.
2694 4183 2872 4253 Εύχὴν
2909 4184 3018 4250 γὰρ
3045 4184 3141 4236 καὶ
3181 4183 3453 4251 ὠφέλειαν
3475 4179 3716 4250 ψυχικὴν
3747 4195 3875 4248 προ-

2294 4280 2672 4350 φασιζόμενοι,
2709 4279 2770 4331 οὐ
2808 4278 3061 4347 νηστείαν
3090 4277 3458 4343 διδάσκουσιν,
3503 4275 3642 4330 ἀλλά
3683 4274 3874 4344 μέθην,

2296 4374 2389 4424 καὶ
2418 4369 2890 4440 γαστριμαργίαν,
2928 4369 3022 4421 καὶ
3056 4368 3144 4420 διὰ
3188 4367 3353 4420 τοῦτο
3382 4367 3668 4438 λήψονται,
3703 4366 3834 4434 φησι
3859 4405 3874 4429 ,

2296 4461 2686 4530 περισσότερον
2720 4461 2916 4528 κρῖμα,
2945 4458 3026 4512 ὅτι
3057 4459 3118 4511 ού
3158 4459 3324 4530 ,μόνον
3355 4457 3569 4512 ποιοῦσι
3599 4458 3660 4511 τὸ
3691 4459 3877 4521 κακὸν,

606 4545 886 4596 honestam
933 4542 1214 4600 calumnia:
1249 4546 1480 4600 reddunt
1532 4546 1843 4602 obnoxiam.
1895 4548 2181 4628 Oportebat

2302 4554 2437 4623 ἀλλά
2484 4552 2576 4605 καὶ
2613 4550 3043 4623 προφασίζονται
3091 4553 3275 4622 εὐχάς.
3319 4553 3428 4604 Καὶ
3474 4552 3534 4604 τὸ
3586 4554 3878 4622 πρόσχημα

604 4649 738 4690 ωηο
792 4636 1038 4690 misereri
1088 4636 1284 4702 viduis,
1346 4639 1422 4692 illi
1467 4651 1648 4693 autem
1675 4651 1743 4700 ει
1775 4641 1965 4695 domos
2003 4653 2194 4696 earum

607 4726 987 4796 ingrediuntur
1023 4730 1178 4798 quasi
1214 4746 1310 4798 per
1352 4731 1546 4800 longas
1577 4734 2142 4803 precea‘benedicaut
2178 4754 2190 4788 :

609 4817 826 4871 interim
860 4819 1032 4872 vidua:
1059 4820 1110 4871 in
1138 4823 1424 4888 prmsentia
1461 4821 1675 4874 illorum
1705 4823 1904 4877 multos
1931 4835 2196 4894 coguntur

607 4921 852 4978 sumptus
905 4908 1122 4976 facere,
1177 4925 1282 4978 quo
1325 4909 1386 4964 tit
1433 4921 1493 4965 ut
1535 4912 1928 4969 exhauriantur
1979 4915 2193 4970 illarum

609 5001 832 5060 divitiae.

1198 5284 1421 5340 CAPUT
1463 5285 1598 5340 ΧΧΙ.

618 5376 693 5429 De
733 5380 949 5457 ιιιιιίὶεγε
998 5397 1114 5433 cum
1175 5384 1376 5457 duobus
1428 5385 1664 5457 minutis.
1725 5385 2080 5457 Interrogatio
2136 5397 2199 5444 de

691 5449 876 5502 ultima
925 5453 1394 5523 consummatione.
1437 5454 1508 5507 De
1552 5457 1821 5508 obsidione
1876 5449 2195 5523 Jerusalem,

690 5528 735 5570 et
766 5521 1179 5595 quod_Chr_istus
1218 5527 1524 5588 pra’dixerit
1580 5528 1849 5592 discipulis
1885 5534 1996 5595 ejus
2040 5521 2202 5583 vasti-

693 5601 871 5644 tatem.
905 5591 979 5644 De
1003 5593 1158 5660 signia

697 5741 856 5798 Vens.
889 5747 995 5801 1-4.
1040 5766 1056 5798 ι
1093 5748 1409 5817 Respiciens
1444 5765 1622 5807 autem
1669 5753 1799 5808 vidit
1832 5769 1922 5810 eos
1954 5758 2043 5825 qui
2078 5758 2200 5810 tuit-

629 5832 808 5889 tcbunt
849 5854 1070 5896 munera
1104 5855 1195 5893 sua
1232 5842 1283 5894 in
1319 5844 1761 5914 gazophytauum
1793 5845 2011 5904 divites.
2051 5848 2197 5904 Vidit

2299 4648 2481 4707 αὐτοῖς
2513 4645 2760 4710 εὐλαϐὲς,
2795 4646 2888 4699 καὶ
2921 4645 3019 4715 τὴν
3053 4646 3258 4715 ἀρετὴν
3295 4644 3572 4714 πρόφασιν
3604 4645 3879 4698 ποιοῦνται

2269 4786 2276 4791 .
2301 4739 2589 4808 πονηρίας.
2628 4739 2719 4789 Διὸ
2747 4738 2812 4806 δὴ
2840 4738 2934 4790 καὶ
2967 4738 3361 4807 περισσότερον
3405 4739 3781 4807 κατακριτέοι.
3810 4737 3878 4798 ὡς

2301 4828 2394 4881 καὶ
2419 4828 2477 4878 τὸ
2513 4827 2676 4880 καλὸν
2716 4827 3095 4880 διαϐάλλεσθαι
3150 4828 3452 4889 ποιοῦντες.
3503 4831 3633 4887 Δέον
3658 4831 3767 4898 γὰρ
3792 4831 3878 4889 τὰς

2302 4920 2477 4987 χήρας
2509 4918 2677 4970 ἐλεεῖν
2698 4935 2710 4946 ·
2738 4919 2784 4970 οἳ
2820 4919 2874 4970 δὲ
2908 4918 3242 4989 εἰσέρχονται
3262 4922 3341 4981 εἰς
3364 4919 3460 4980 τὰς
3481 4919 3658 4982 οίκίας
3680 4921 3876 4982 αὐτῶν,

2301 5009 2376 5070 ὠς
2404 5009 2561 5078 δῆθεν
2610 5009 2696 5063 διὰ
2742 5010 2849 5061 τῶν
2885 5011 3115 5080 μακρῶν
3147 5011 3322 5081 εὐχῶν
3362 5012 3753 5081 εὑλογήσοντες
3781 5029 3792 5043 ·
3827 5013 3877 5064 αι

2303 5101 2357 5152 δὲ
2381 5101 2784 5167 ἀναγκάζονται
2820 5102 3137 5154 ἀναλίσκειν
3167 5104 3258 5156 ἐπὶ
3288 5107 3353 5173 τῇ
3385 5103 3665 5174 παρουσίᾳ
3686 5104 3877 5165 αὐτῶν,

2305 5195 2397 5245 καὶ
2424 5193 2594 5255 οὕτως
2631 5194 3066 5249 ἐκδαπανῶνται.

2876 5289 3125 5340 ΚΕΦΛΛ.
3165 5287 3296 5344 KA'.

2303 5382 2439 5448 Περὶ
2471 5380 2580 5446 τῆς
2617 5382 2687 5434 τὰ
2726 5381 2834 5433 δύο
2879 5381 3070 5434 λεπτὰ
3105 5382 3430 5446 βαλούσης
3486 5381 3698 5449 χήρας.
3751 5380 3880 5446 ﬁeri

2373 5455 2732 5516 συντελείας
2753 5452 3138 5518 ἐπερώτησις.
3174 5453 3306 5519 Περὶ
3339 5452 3447 5518 τῆς
3472 5453 3753 5517 άίώσεως
3783 5453 3878 5506 Ἰε-

2370 5523 2717 5590 μηνσιιλὴμ,
2752 5524 2850 5575 καὶ
2885 5525 2970 5574 ὅτι
3003 5527 3035 5576 ό
3080 5523 3292 5590 Κύριος
3334 5524 3582 5590 προεῖπε
3613 5523 3733 5587 τοῖς
3775 5542 3879 5591 μα-

2376 5595 2580 5657 Untair;
2634 5597 2746 5660 τὴν
2800 5594 2992 5661 αὐτῆς
3031 5591 3352 5661 ἐρήμωσιν.
3409 5595 3546 5663 Περὶ
3604 5594 3722 5646 τῶν
3775 5611 3878 5660 ση-

2371 5666 2572 5729 μείων.

2389 5759 2722 5826 Ἀναϐλέᾲας
2753 5759 2806 5811 δὲ
2840 5755 2944 5811 εἶδε
2969 5762 3092 5822 τοὺς
3126 5759 3416 5827 βάλλοντας
3441 5762 3505 5812 τὰ
3535 5761 3683 5827 δῶρα
3709 5758 3877 5812 αὐτῶν

2309 5855 2382 5915 είς
2416 5852 2472 5904 τ),
2502 5853 2901 5922 γαζοιρ-,ιὶοίκιον
2935 5851 3237 5918 πλουσίους.
3261 5850 3380 5907 Eii:
3413 5855 3468 5906 δὲ
3510 5856 3603 5908 καί
3647 5872 3759 5908 τινα
3784 5857 3875 5920 χή-
