  <div class='ocr_page' id='page_1' title='image "/cluster/home/n/w/nwhite01/storage/ocr_20150623/123/pst.000005714384/547.png"; bbox 0 0 4100 6334; ppageno 0'>
   <div class='ocr_carea' id='block_1_1' title="bbox 593 267 2212 349">
    <p class='ocr_par' dir='ltr' id='par_1_1' title="bbox 593 277 2212 349">
     <span class='ocr_line' id='line_1_1' title="bbox 593 277 2212 349; baseline -0.007 0"><span class='ocrx_word' id='word_1_1' title='bbox 593 282 730 349; x_wconf 70' lang='grc'><strong>1051</strong></span> <span class='ocrx_word' id='word_1_2' title='bbox 1471 277 2050 340; x_wconf 73' lang='lat' dir='ltr'><strong>THEOPHYLAC’FI</strong></span> <span class='ocrx_word' id='word_1_3' title='bbox 2086 279 2212 340; x_wconf 79' lang='lat' dir='ltr'><strong>BUl</strong></span> 
     </span>
    </p>
   </div>
   <div class='ocr_carea' id='block_1_2' title="bbox 2232 267 3851 349">
    <p class='ocr_par' dir='ltr' id='par_1_2' title="bbox 2234 267 3851 338">
     <span class='ocr_line' id='line_1_2' title="bbox 2234 267 3851 338; baseline -0.006 0"><span class='ocrx_word' id='word_1_4' title='bbox 2234 278 2329 338; x_wconf 75' lang='grc' dir='ltr'><strong>ΟΛ</strong></span> <span class='ocrx_word' id='word_1_5' title='bbox 2341 277 2415 336; x_wconf 69' lang='grc'><strong>111</strong></span> <span class='ocrx_word' id='word_1_6' title='bbox 2431 279 2494 337; x_wconf 54' lang='grc' dir='ltr'>,Ε</span> <span class='ocrx_word' id='word_1_7' title='bbox 2522 277 2876 337; x_wconf 76' lang='lat' dir='ltr'><strong>ARCUIEP.</strong></span> <span class='ocrx_word' id='word_1_8' title='bbox 3144 301 3148 306; x_wconf 93' lang='grc'><strong>·</strong></span> <span class='ocrx_word' id='word_1_9' title='bbox 3715 267 3851 331; x_wconf 71' lang='grc'><strong>1052</strong></span> 
     </span>
    </p>
   </div>
   <div class='ocr_carea' id='block_1_3' title="bbox 591 380 2210 466">
    <p class='ocr_par' dir='ltr' id='par_1_3' title="bbox 591 391 2210 466">
     <span class='ocr_line' id='line_1_3' title="bbox 591 391 2210 466; baseline -0.007 -14"><span class='ocrx_word' id='word_1_10' title='bbox 591 407 750 453; x_wconf 83' lang='lat' dir='ltr'><strong>erant</strong></span> <span class='ocrx_word' id='word_1_11' title='bbox 803 396 989 466; x_wconf 81' lang='lat' dir='ltr'><strong>palmae</strong></span> <span class='ocrx_word' id='word_1_12' title='bbox 1018 404 1070 447; x_wconf 89' lang='lat' dir='ltr'><strong>et</strong></span> <span class='ocrx_word' id='word_1_13' title='bbox 1117 393 1432 457; x_wconf 71' lang='lat' dir='ltr'><strong>(Iliorubim,</strong></span> <span class='ocrx_word' id='word_1_14' title='bbox 1481 402 1537 447; x_wconf 92' lang='lat' dir='ltr'><strong>et</strong></span> <span class='ocrx_word' id='word_1_15' title='bbox 1584 391 1820 452; x_wconf 78' lang='lat' dir='ltr'><strong>similia;</strong></span> <span class='ocrx_word' id='word_1_16' title='bbox 1866 391 1981 444; x_wconf 83' lang='lat' dir='ltr'><strong>haec</strong></span> <span class='ocrx_word' id='word_1_17' title='bbox 2026 391 2210 453; x_wconf 61' lang='lat' dir='ltr'><strong>enim,</strong></span> 
     </span>
    </p>
   </div>
   <div class='ocr_carea' id='block_1_4' title="bbox 2242 380 3861 466">
    <p class='ocr_par' dir='ltr' id='par_1_4' title="bbox 2242 380 3861 456">
     <span class='ocr_line' id='line_1_4' title="bbox 2242 380 3861 456; baseline -0.003 -15"><span class='ocrx_word' id='word_1_18' title='bbox 2242 389 2617 456; x_wconf 59' lang='grc' dir='ltr'>,καὶγλυπτά</span> <span class='ocrx_word' id='word_1_19' title='bbox 2676 388 2894 454; x_wconf 83' lang='grc' dir='ltr'>λέγειν,</span> <span class='ocrx_word' id='word_1_20' title='bbox 2948 380 3059 439; x_wconf 72' lang='grc' dir='ltr'>οἷον</span> <span class='ocrx_word' id='word_1_21' title='bbox 3112 385 3360 452; x_wconf 80' lang='grc' dir='ltr'>φοίνικας</span> <span class='ocrx_word' id='word_1_22' title='bbox 3410 383 3507 438; x_wconf 81' lang='grc' dir='ltr'>καὶ</span> <span class='ocrx_word' id='word_1_23' title='bbox 3558 385 3861 455; x_wconf 68' lang='grc' dir='ltr'>Χερου6ιμι</span> 
     </span>
    </p>
   </div>
   <div class='ocr_carea' id='block_1_5' title="bbox 593 476 2212 554">
    <p class='ocr_par' dir='ltr' id='par_1_5' title="bbox 593 479 2175 554">
     <span class='ocr_line' id='line_1_5' title="bbox 593 479 2175 554; baseline -0.006 -14"><span class='ocrx_word' id='word_1_24' title='bbox 593 486 734 541; x_wconf 79' lang='lat' dir='ltr'><strong>forte</strong></span> <span class='ocrx_word' id='word_1_25' title='bbox 764 485 1109 552; x_wconf 79' lang='grc' dir='ltr'>ἀναθήματα,</span> <span class='ocrx_word' id='word_1_26' title='bbox 1142 483 1240 536; x_wconf 84' lang='lat' dir='ltr'><strong>hoc</strong></span> <span class='ocrx_word' id='word_1_27' title='bbox 1267 482 1433 554; x_wconf 66' lang='grc'><strong>459</strong></span> <span class='ocrx_word' id='word_1_28' title='bbox 1453 490 1555 546; x_wconf 89' lang='lat' dir='ltr'><strong>est,</strong></span> <span class='ocrx_word' id='word_1_29' title='bbox 1593 482 1753 544; x_wconf 89' lang='lat' dir='ltr'><strong>dona,</strong></span> <span class='ocrx_word' id='word_1_30' title='bbox 1788 479 1958 533; x_wconf 87' lang='lat' dir='ltr'><strong>dicit:</strong></span> <span class='ocrx_word' id='word_1_31' title='bbox 1994 479 2175 532; x_wconf 83' lang='lat' dir='ltr'><strong>Domi-</strong></span> 
     </span>
    </p>
   </div>
   <div class='ocr_carea' id='block_1_6' title="bbox 2246 476 3865 554">
    <p class='ocr_par' dir='ltr' id='par_1_6' title="bbox 2277 476 3865 549">
     <span class='ocr_line' id='line_1_6' title="bbox 2277 476 3865 549; baseline -0.003 -18"><span class='ocrx_word' id='word_1_32' title='bbox 2277 479 2447 532; x_wconf 85' lang='grc' dir='ltr'>ταῦτα</span> <span class='ocrx_word' id='word_1_33' title='bbox 2466 481 2571 549; x_wconf 68' lang='grc' dir='ltr'><strong>γὰρ</strong></span> <span class='ocrx_word' id='word_1_34' title='bbox 2591 479 2718 542; x_wconf 74' lang='grc' dir='ltr'>ἴσως</span> <span class='ocrx_word' id='word_1_35' title='bbox 2745 480 2810 531; x_wconf 83' lang='grc' dir='ltr'>τὰ</span> <span class='ocrx_word' id='word_1_36' title='bbox 2851 477 3173 546; x_wconf 67' lang='grc' dir='ltr'>ἁιαοήματὶ</span> <span class='ocrx_word' id='word_1_37' title='bbox 3198 493 3362 548; x_wconf 84' lang='grc' dir='ltr'>φησιν</span> <span class='ocrx_word' id='word_1_38' title='bbox 3403 493 3414 505; x_wconf 83' lang='grc'><em>’</em></span> <span class='ocrx_word' id='word_1_39' title='bbox 3445 477 3508 529; x_wconf 87' lang='grc' dir='ltr'>Ὀ</span> <span class='ocrx_word' id='word_1_40' title='bbox 3533 476 3742 544; x_wconf 76' lang='grc' dir='ltr'>Κύριος</span> <span class='ocrx_word' id='word_1_41' title='bbox 3772 477 3865 528; x_wconf 68' lang='grc' dir='ltr'><strong>οὺ-</strong></span> 
     </span>
    </p>
   </div>
   <div class='ocr_carea' id='block_1_7' title="bbox 595 568 2214 640">
    <p class='ocr_par' dir='ltr' id='par_1_7' title="bbox 595 571 2173 638">
     <span class='ocr_line' id='line_1_7' title="bbox 595 571 2173 638; baseline -0.006 -6"><span class='ocrx_word' id='word_1_42' title='bbox 595 593 695 632; x_wconf 86' lang='lat' dir='ltr'><strong>nus</strong></span> <span class='ocrx_word' id='word_1_43' title='bbox 730 591 858 629; x_wconf 86' lang='lat' dir='ltr'><strong>vero</strong></span> <span class='ocrx_word' id='word_1_44' title='bbox 890 576 1023 629; x_wconf 85' lang='lat' dir='ltr'><strong>nihil</strong></span> <span class='ocrx_word' id='word_1_45' title='bbox 1047 575 1240 629; x_wconf 87' lang='lat' dir='ltr'><strong>horum</strong></span> <span class='ocrx_word' id='word_1_46' title='bbox 1269 577 1514 638; x_wconf 75' lang='lat' dir='ltr'><strong>miratur,</strong></span> <span class='ocrx_word' id='word_1_47' title='bbox 1542 573 1638 626; x_wconf 89' lang='lat' dir='ltr'><strong>sed</strong></span> <span class='ocrx_word' id='word_1_48' title='bbox 1670 581 1723 625; x_wconf 89' lang='lat' dir='ltr'><strong>et</strong></span> <span class='ocrx_word' id='word_1_49' title='bbox 1749 571 2173 625; x_wconf 79' lang='lat' dir='ltr'><strong>destructionem</strong></span> 
     </span>
    </p>
   </div>
   <div class='ocr_carea' id='block_1_8' title="bbox 2254 568 3873 640">
    <p class='ocr_par' dir='ltr' id='par_1_8' title="bbox 2279 568 3873 640">
     <span class='ocr_line' id='line_1_8' title="bbox 2279 568 3873 640; baseline -0.001 -19"><span class='ocrx_word' id='word_1_50' title='bbox 2279 569 2428 633; x_wconf 77' lang='grc' dir='ltr'>δενδς</span> <span class='ocrx_word' id='word_1_51' title='bbox 2453 571 2658 624; x_wconf 74' lang='grc' dir='ltr'>τούτων</span> <span class='ocrx_word' id='word_1_52' title='bbox 2685 571 3096 640; x_wconf 80' lang='grc' dir='ltr'>ἐπιστρέφεται,</span> <span class='ocrx_word' id='word_1_53' title='bbox 3120 569 3254 621; x_wconf 73' lang='grc' dir='ltr'>ἀλλὰ</span> <span class='ocrx_word' id='word_1_54' title='bbox 3278 568 3385 636; x_wconf 51' lang='grc' dir='ltr'>,τὴν</span> <span class='ocrx_word' id='word_1_55' title='bbox 3432 568 3734 621; x_wconf 75' lang='grc' dir='ltr'>κατάλυσιν</span> <span class='ocrx_word' id='word_1_56' title='bbox 3765 570 3873 621; x_wconf 71' lang='grc' dir='ltr'><strong>αὑ·-</strong></span> 
     </span>
    </p>
   </div>
   <div class='ocr_carea' id='block_1_9' title="bbox 597 650 2216 735">
    <p class='ocr_par' dir='ltr' id='par_1_9' title="bbox 597 662 2177 735">
     <span class='ocr_line' id='line_1_9' title="bbox 597 662 2177 735; baseline -0.004 -14"><span class='ocrx_word' id='word_1_57' title='bbox 597 683 784 721; x_wconf 87' lang='lat' dir='ltr'><strong>eorum</strong></span> <span class='ocrx_word' id='word_1_58' title='bbox 830 667 1093 735; x_wconf 75' lang='lat' dir='ltr'><strong>praedicit.</strong></span> <span class='ocrx_word' id='word_1_59' title='bbox 1151 665 1252 718; x_wconf 95' lang='lat' dir='ltr'><strong>Alii</strong></span> <span class='ocrx_word' id='word_1_60' title='bbox 1298 672 1478 718; x_wconf 85' lang='lat' dir='ltr'><strong>autem</strong></span> <span class='ocrx_word' id='word_1_61' title='bbox 1525 662 1729 732; x_wconf 78' lang='lat' dir='ltr'><strong>opinati</strong></span> <span class='ocrx_word' id='word_1_62' title='bbox 1777 671 1908 716; x_wconf 90' lang='lat' dir='ltr'><strong>sunt</strong></span> <span class='ocrx_word' id='word_1_63' title='bbox 1961 677 2081 716; x_wconf 84' lang='lat' dir='ltr'><strong>eum</strong></span> <span class='ocrx_word' id='word_1_64' title='bbox 2113 662 2177 714; x_wconf 86' lang='lat' dir='ltr'><strong>de</strong></span> 
     </span>
    </p>
   </div>
   <div class='ocr_carea' id='block_1_10' title="bbox 2242 650 3861 735">
    <p class='ocr_par' dir='ltr' id='par_1_10' title="bbox 2280 650 3861 733">
     <span class='ocr_line' id='line_1_10' title="bbox 2280 650 3861 733; baseline -0.002 -18"><span class='ocrx_word' id='word_1_65' title='bbox 2280 663 2388 715; x_wconf 83' lang='grc' dir='ltr'><strong>τῶν</strong></span> <span class='ocrx_word' id='word_1_66' title='bbox 2422 663 2694 733; x_wconf 80' lang='grc' dir='ltr'><strong>προλέγει.</strong></span> <span class='ocrx_word' id='word_1_67' title='bbox 2725 663 2787 714; x_wconf 79' lang='lat' dir='ltr'><strong>Oi</strong></span> <span class='ocrx_word' id='word_1_68' title='bbox 2823 662 2876 714; x_wconf 80' lang='grc' dir='ltr'>δὲ</span> <span class='ocrx_word' id='word_1_69' title='bbox 2908 660 3171 731; x_wconf 81' lang='grc' dir='ltr'><strong>ᾠήθησαν</strong></span> <span class='ocrx_word' id='word_1_70' title='bbox 3201 650 3362 714; x_wconf 57' lang='grc' dir='ltr'>αὐτον</span> <span class='ocrx_word' id='word_1_71' title='bbox 3393 663 3521 731; x_wconf 74' lang='grc' dir='ltr'>περὶ</span> <span class='ocrx_word' id='word_1_72' title='bbox 3548 663 3650 730; x_wconf 81' lang='grc' dir='ltr'><strong>τῆς</strong></span> <span class='ocrx_word' id='word_1_73' title='bbox 3702 662 3861 713; x_wconf 82' lang='grc' dir='ltr'>καθο-</span> 
     </span>
    </p>
   </div>
   <div class='ocr_carea' id='block_1_11' title="bbox 595 753 2214 826">
    <p class='ocr_par' dir='ltr' id='par_1_11' title="bbox 595 753 2178 821">
     <span class='ocr_line' id='line_1_11' title="bbox 595 753 2178 821; baseline -0.003 -11"><span class='ocrx_word' id='word_1_74' title='bbox 595 758 1063 810; x_wconf 83' lang='lat' dir='ltr'><strong>consummatimie</strong></span> <span class='ocrx_word' id='word_1_75' title='bbox 1119 753 1412 808; x_wconf 87' lang='lat' dir='ltr'><strong>universali</strong></span> <span class='ocrx_word' id='word_1_76' title='bbox 1468 754 1733 816; x_wconf 84' lang='lat' dir='ltr'><strong>locutum.</strong></span> <span class='ocrx_word' id='word_1_77' title='bbox 1807 754 2057 821; x_wconf 79' lang='lat' dir='ltr'><strong>quamvis</strong></span> <span class='ocrx_word' id='word_1_78' title='bbox 2113 753 2178 806; x_wconf 88' lang='lat' dir='ltr'><strong>de</strong></span> 
     </span>
    </p>
   </div>
   <div class='ocr_carea' id='block_1_12' title="bbox 2242 753 3861 826">
    <p class='ocr_par' dir='ltr' id='par_1_12' title="bbox 2277 753 3861 826">
     <span class='ocr_line' id='line_1_12' title="bbox 2277 753 3861 826; baseline -0.001 -19"><span class='ocrx_word' id='word_1_79' title='bbox 2277 757 2434 824; x_wconf 72' lang='grc' dir='ltr'>λικῆς</span> <span class='ocrx_word' id='word_1_80' title='bbox 2467 755 2775 818; x_wconf 81' lang='grc' dir='ltr'>συντελείας</span> <span class='ocrx_word' id='word_1_81' title='bbox 2809 755 3010 823; x_wconf 84' lang='grc' dir='ltr'>λέγειν,</span> <span class='ocrx_word' id='word_1_82' title='bbox 3048 753 3229 806; x_wconf 83' lang='grc' dir='ltr'>καίτοι</span> <span class='ocrx_word' id='word_1_83' title='bbox 3289 755 3416 826; x_wconf 78' lang='grc' dir='ltr'>περὶ</span> <span class='ocrx_word' id='word_1_84' title='bbox 3449 755 3551 824; x_wconf 82' lang='grc' dir='ltr'>τῆς</span> <span class='ocrx_word' id='word_1_85' title='bbox 3590 755 3696 807; x_wconf 79' lang='grc' dir='ltr'>ὑπὸ</span> <span class='ocrx_word' id='word_1_86' title='bbox 3737 755 3861 809; x_wconf 84' lang='grc' dir='ltr'><strong>Ῥω-</strong></span> 
     </span>
    </p>
   </div>
   <div class='ocr_carea' id='block_1_13' title="bbox 594 842 2213 920">
    <p class='ocr_par' dir='ltr' id='par_1_13' title="bbox 594 842 2175 914">
     <span class='ocr_line' id='line_1_13' title="bbox 594 842 2175 914; baseline -0.004 -15"><span class='ocrx_word' id='word_1_87' title='bbox 594 847 909 914; x_wconf 81' lang='lat' dir='ltr'><strong>captivitate</strong></span> <span class='ocrx_word' id='word_1_88' title='bbox 967 844 1468 913; x_wconf 80' lang='lat' dir='ltr'><strong>Hierosolymorum</strong></span> <span class='ocrx_word' id='word_1_89' title='bbox 1532 853 1586 897; x_wconf 88' lang='lat' dir='ltr'><strong>et</strong></span> <span class='ocrx_word' id='word_1_90' title='bbox 1638 842 1886 896; x_wconf 81' lang='lat' dir='ltr'><strong>Romano</strong></span> <span class='ocrx_word' id='word_1_91' title='bbox 1934 842 2175 895; x_wconf 77' lang='lat' dir='ltr'><strong>exercitu</strong></span> 
     </span>
    </p>
   </div>
   <div class='ocr_carea' id='block_1_14' title="bbox 2245 842 3864 920">
    <p class='ocr_par' dir='ltr' id='par_1_14' title="bbox 2251 845 3864 920">
     <span class='ocr_line' id='line_1_14' title="bbox 2251 845 3864 920; baseline -0.003 -19"><span class='ocrx_word' id='word_1_92' title='bbox 2251 852 2456 920; x_wconf 76' lang='grc' dir='ltr'>ομαὶων</span> <span class='ocrx_word' id='word_1_93' title='bbox 2486 849 2744 912; x_wconf 82' lang='grc' dir='ltr'><strong>ἁλώσεως</strong></span> <span class='ocrx_word' id='word_1_94' title='bbox 2767 850 2877 901; x_wconf 86' lang='grc' dir='ltr'><strong>τῶν</strong></span> <span class='ocrx_word' id='word_1_95' title='bbox 2920 846 3311 916; x_wconf 86' lang='grc' dir='ltr'>Ἱεροσολύμων</span> <span class='ocrx_word' id='word_1_96' title='bbox 3340 847 3588 914; x_wconf 83' lang='grc' dir='ltr'>λέγοντα.</span> <span class='ocrx_word' id='word_1_97' title='bbox 3641 847 3731 899; x_wconf 77' lang='grc' dir='ltr'><strong>Διὸ</strong></span> <span class='ocrx_word' id='word_1_98' title='bbox 3775 845 3864 897; x_wconf 75' lang='grc' dir='ltr'>καὶ</span> 
     </span>
    </p>
   </div>
   <div class='ocr_carea' id='block_1_15' title="bbox 597 933 2216 1010">
    <p class='ocr_par' dir='ltr' id='par_1_15' title="bbox 597 933 2170 1006">
     <span class='ocr_line' id='line_1_15' title="bbox 597 933 2170 1006; baseline -0.003 -15"><span class='ocrx_word' id='word_1_99' title='bbox 597 938 744 992; x_wconf 85' lang='lat' dir='ltr'><strong>dicat</strong></span> <span class='ocrx_word' id='word_1_100' title='bbox 779 957 790 992; x_wconf 90' lang='lat'>:</span> <span class='ocrx_word' id='word_1_101' title='bbox 826 938 944 990; x_wconf 89' lang='lat' dir='ltr'><strong>ideo</strong></span> <span class='ocrx_word' id='word_1_102' title='bbox 967 947 1020 989; x_wconf 90' lang='lat' dir='ltr'><strong>et</strong></span> <span class='ocrx_word' id='word_1_103' title='bbox 1053 937 1167 1002; x_wconf 90' lang='lat' dir='ltr'><strong>ipse</strong></span> <span class='ocrx_word' id='word_1_104' title='bbox 1197 951 1399 989; x_wconf 88' lang='lat' dir='ltr'><strong>morem</strong></span> <span class='ocrx_word' id='word_1_105' title='bbox 1427 951 1622 1006; x_wconf 91' lang='lat' dir='ltr'><strong>gerens</strong></span> <span class='ocrx_word' id='word_1_106' title='bbox 1664 935 1744 990; x_wconf 89' lang='lat' dir='ltr'><strong>eis</strong></span> <span class='ocrx_word' id='word_1_107' title='bbox 1774 933 2029 1003; x_wconf 91' lang='lat' dir='ltr'><strong>relinquit</strong></span> <span class='ocrx_word' id='word_1_108' title='bbox 2058 949 2170 987; x_wconf 87' lang='lat' dir='ltr'><strong>ser-</strong></span> 
     </span>
    </p>
   </div>
   <div class='ocr_carea' id='block_1_16' title="bbox 2239 933 3858 1010">
    <p class='ocr_par' dir='ltr' id='par_1_16' title="bbox 2278 939 3858 1010">
     <span class='ocr_line' id='line_1_16' title="bbox 2278 939 3858 1010; baseline -0.001 -17"><span class='ocrx_word' id='word_1_109' title='bbox 2278 943 2438 1006; x_wconf 70' lang='grc' dir='ltr'>αὐτδς</span> <span class='ocrx_word' id='word_1_110' title='bbox 2471 941 2922 1008; x_wconf 80' lang='grc' dir='ltr'>συγκαταϐαίνων</span> <span class='ocrx_word' id='word_1_111' title='bbox 2955 941 3164 1002; x_wconf 79' lang='grc' dir='ltr'>αὐτοῖς,</span> <span class='ocrx_word' id='word_1_112' title='bbox 3197 940 3394 1010; x_wconf 84' lang='grc' dir='ltr'>ἀφίησι</span> <span class='ocrx_word' id='word_1_113' title='bbox 3432 940 3530 1006; x_wconf 82' lang='grc' dir='ltr'><strong>μὲν</strong></span> <span class='ocrx_word' id='word_1_114' title='bbox 3559 939 3700 1000; x_wconf 80' lang='grc' dir='ltr'>τέως</span> <span class='ocrx_word' id='word_1_115' title='bbox 3737 939 3858 992; x_wconf 73' lang='grc' dir='ltr'>τοὺς</span> 
     </span>
    </p>
   </div>
   <div class='ocr_carea' id='block_1_17' title="bbox 601 1025 2220 1100">
    <p class='ocr_par' dir='ltr' id='par_1_17' title="bbox 601 1028 2178 1097">
     <span class='ocr_line' id='line_1_17' title="bbox 601 1028 2178 1097; baseline -0.001 -15"><span class='ocrx_word' id='word_1_116' title='bbox 601 1045 814 1082; x_wconf 80' lang='lat' dir='ltr'><strong>iuuncm</strong></span> <span class='ocrx_word' id='word_1_117' title='bbox 844 1028 910 1080; x_wconf 87' lang='lat' dir='ltr'><strong>de</strong></span> <span class='ocrx_word' id='word_1_118' title='bbox 944 1029 1281 1097; x_wconf 85' lang='lat' dir='ltr'><strong>captivitate,</strong></span> <span class='ocrx_word' id='word_1_119' title='bbox 1321 1029 1564 1080; x_wconf 90' lang='lat' dir='ltr'><strong>dicturus</strong></span> <span class='ocrx_word' id='word_1_120' title='bbox 1595 1029 1660 1081; x_wconf 89' lang='lat' dir='ltr'><strong>de</strong></span> <span class='ocrx_word' id='word_1_121' title='bbox 1688 1041 1748 1082; x_wconf 82' lang='lat' dir='ltr'><strong>ea</strong></span> <span class='ocrx_word' id='word_1_122' title='bbox 1777 1036 1961 1096; x_wconf 88' lang='lat' dir='ltr'><strong>postea</strong></span> <span class='ocrx_word' id='word_1_123' title='bbox 1993 1042 2007 1080; x_wconf 89' lang='lat'><strong>:</strong></span> <span class='ocrx_word' id='word_1_124' title='bbox 2034 1042 2178 1081; x_wconf 90' lang='lat' dir='ltr'><strong>nunc</strong></span> 
     </span>
    </p>
   </div>
   <div class='ocr_carea' id='block_1_18' title="bbox 2250 1025 3869 1100">
    <p class='ocr_par' dir='ltr' id='par_1_18' title="bbox 2280 1025 3869 1100">
     <span class='ocr_line' id='line_1_18' title="bbox 2280 1025 3869 1100; baseline -0.005 -18"><span class='ocrx_word' id='word_1_125' title='bbox 2280 1033 2409 1100; x_wconf 78' lang='grc' dir='ltr'>περὶ</span> <span class='ocrx_word' id='word_1_126' title='bbox 2444 1032 2544 1099; x_wconf 79' lang='grc' dir='ltr'>τῆς</span> <span class='ocrx_word' id='word_1_127' title='bbox 2577 1029 2829 1092; x_wconf 80' lang='grc' dir='ltr'><strong>ἁλώσεως</strong></span> <span class='ocrx_word' id='word_1_128' title='bbox 2859 1028 3071 1095; x_wconf 82' lang='grc' dir='ltr'>λόγους,</span> <span class='ocrx_word' id='word_1_129' title='bbox 3115 1026 3296 1095; x_wconf 77' lang='grc' dir='ltr'>μέλλει</span> <span class='ocrx_word' id='word_1_130' title='bbox 3323 1028 3431 1097; x_wconf 84' lang='grc' dir='ltr'><strong>γὰρ</strong></span> <span class='ocrx_word' id='word_1_131' title='bbox 3459 1025 3660 1085; x_wconf 75' lang='grc' dir='ltr'>αὐτοὺς</span> <span class='ocrx_word' id='word_1_132' title='bbox 3694 1040 3869 1091; x_wconf 80' lang='grc' dir='ltr'>παρα-</span> 
     </span>
    </p>
   </div>
   <div class='ocr_carea' id='block_1_19' title="bbox 601 1112 2220 1188">
    <p class='ocr_par' dir='ltr' id='par_1_19' title="bbox 601 1120 2176 1188">
     <span class='ocr_line' id='line_1_19' title="bbox 601 1120 2176 1188; baseline 0.002 -17"><span class='ocrx_word' id='word_1_133' title='bbox 601 1131 782 1174; x_wconf 83' lang='lat' dir='ltr'><strong>autem</strong></span> <span class='ocrx_word' id='word_1_134' title='bbox 814 1121 879 1175; x_wconf 86' lang='lat' dir='ltr'><strong>de</strong></span> <span class='ocrx_word' id='word_1_135' title='bbox 911 1123 1380 1175; x_wconf 84' lang='lat' dir='ltr'><strong>consummatione</strong></span> <span class='ocrx_word' id='word_1_136' title='bbox 1429 1120 1612 1173; x_wconf 72' lang='lat' dir='ltr'><strong>saeculi</strong></span> <span class='ocrx_word' id='word_1_137' title='bbox 1668 1120 1931 1188; x_wconf 88' lang='lat' dir='ltr'><strong>loquitur,</strong></span> <span class='ocrx_word' id='word_1_138' title='bbox 1960 1130 2014 1174; x_wconf 88' lang='lat' dir='ltr'><strong>et</strong></span> <span class='ocrx_word' id='word_1_139' title='bbox 2040 1135 2176 1188; x_wconf 81' lang='lat' dir='ltr'><strong>prae-</strong></span> 
     </span>
    </p>
   </div>
   <div class='ocr_carea' id='block_1_20' title="bbox 2248 1112 3867 1188">
    <p class='ocr_par' dir='ltr' id='par_1_20' title="bbox 2281 1112 3867 1188">
     <span class='ocr_line' id='line_1_20' title="bbox 2281 1112 3867 1188; baseline -0.006 -17"><span class='ocrx_word' id='word_1_140' title='bbox 2281 1119 2470 1186; x_wconf 78' lang='grc' dir='ltr'>πλέξαι</span> <span class='ocrx_word' id='word_1_141' title='bbox 2505 1121 2616 1182; x_wconf 82' lang='grc' dir='ltr'>τοῖς</span> <span class='ocrx_word' id='word_1_142' title='bbox 2651 1121 2787 1188; x_wconf 84' lang='grc' dir='ltr'><strong>μετά</strong></span> <span class='ocrx_word' id='word_1_143' title='bbox 2811 1119 3008 1181; x_wconf 85' lang='grc' dir='ltr'>ταῦτα,</span> <span class='ocrx_word' id='word_1_144' title='bbox 3043 1116 3138 1168; x_wconf 85' lang='grc' dir='ltr'><strong>νῦν</strong></span> <span class='ocrx_word' id='word_1_145' title='bbox 3171 1117 3227 1168; x_wconf 82' lang='grc' dir='ltr'><strong>δὲ</strong></span> <span class='ocrx_word' id='word_1_146' title='bbox 3259 1115 3387 1184; x_wconf 70' lang='grc' dir='ltr'>περὶ</span> <span class='ocrx_word' id='word_1_147' title='bbox 3428 1115 3527 1181; x_wconf 73' lang='grc' dir='ltr'>τῆς</span> <span class='ocrx_word' id='word_1_148' title='bbox 3556 1112 3867 1173; x_wconf 78' lang='grc' dir='ltr'>συντελείας</span> 
     </span>
    </p>
   </div>
   <div class='ocr_carea' id='block_1_21' title="bbox 601 1206 2220 1280">
    <p class='ocr_par' dir='ltr' id='par_1_21' title="bbox 601 1211 2180 1280">
     <span class='ocr_line' id='line_1_21' title="bbox 601 1211 2180 1280; baseline -0.001 -15"><span class='ocrx_word' id='word_1_149' title='bbox 601 1214 772 1265; x_wconf 86' lang='lat' dir='ltr'><strong>tnunit</strong></span> <span class='ocrx_word' id='word_1_150' title='bbox 799 1227 914 1275; x_wconf 56' lang='lat' dir='ltr'><strong>eos,</strong></span> <span class='ocrx_word' id='word_1_151' title='bbox 962 1227 1028 1264; x_wconf 92' lang='lat' dir='ltr'><strong>ne</strong></span> <span class='ocrx_word' id='word_1_152' title='bbox 1049 1226 1106 1264; x_wconf 73' lang='lat' dir='ltr'><strong>se</strong></span> <span class='ocrx_word' id='word_1_153' title='bbox 1136 1211 1286 1266; x_wconf 79' lang='lat' dir='ltr'><strong>falsis</strong></span> <span class='ocrx_word' id='word_1_154' title='bbox 1319 1211 1597 1280; x_wconf 79' lang='lat' dir='ltr'><strong>prophetis</strong></span> <span class='ocrx_word' id='word_1_155' title='bbox 1624 1222 1750 1266; x_wconf 86' lang='lat' dir='ltr'><strong>ante</strong></span> <span class='ocrx_word' id='word_1_156' title='bbox 1788 1227 1944 1265; x_wconf 83' lang='lat' dir='ltr'><strong>suum</strong></span> <span class='ocrx_word' id='word_1_157' title='bbox 1976 1213 2180 1264; x_wconf 85' lang='lat' dir='ltr'><strong>adven-</strong></span> 
     </span>
    </p>
   </div>
   <div class='ocr_carea' id='block_1_22' title="bbox 2247 1206 3866 1280">
    <p class='ocr_par' dir='ltr' id='par_1_22' title="bbox 2280 1206 3866 1280">
     <span class='ocr_line' id='line_1_22' title="bbox 2280 1206 3866 1280; baseline -0.006 -16"><span class='ocrx_word' id='word_1_158' title='bbox 2280 1211 2663 1280; x_wconf 74' lang='grc' dir='ltr'>διαλαμὸάνει,</span> <span class='ocrx_word' id='word_1_159' title='bbox 2696 1212 2790 1263; x_wconf 75' lang='grc' dir='ltr'>καὶ</span> <span class='ocrx_word' id='word_1_160' title='bbox 2825 1208 3295 1280; x_wconf 72' lang='grc' dir='ltr'>προασφαλίζεται</span> <span class='ocrx_word' id='word_1_161' title='bbox 3328 1208 3546 1270; x_wconf 79' lang='grc' dir='ltr'>αὐτοὺς,</span> <span class='ocrx_word' id='word_1_162' title='bbox 3583 1206 3724 1258; x_wconf 81' lang='grc' dir='ltr'>ὥστε</span> <span class='ocrx_word' id='word_1_163' title='bbox 3759 1209 3866 1265; x_wconf 83' lang='grc' dir='ltr'>τοῖς</span> 
     </span>
    </p>
   </div>
   <div class='ocr_carea' id='block_1_23' title="bbox 606 1299 2225 1374">
    <p class='ocr_par' dir='ltr' id='par_1_23' title="bbox 606 1302 2181 1358">
     <span class='ocr_line' id='line_1_23' title="bbox 606 1302 2181 1358; baseline 0 -4"><span class='ocrx_word' id='word_1_164' title='bbox 606 1314 716 1354; x_wconf 86' lang='lat' dir='ltr'><strong>tum</strong></span> <span class='ocrx_word' id='word_1_165' title='bbox 756 1304 997 1356; x_wconf 82' lang='lat' dir='ltr'><strong>venturis</strong></span> <span class='ocrx_word' id='word_1_166' title='bbox 1047 1302 1298 1356; x_wconf 82' lang='lat' dir='ltr'><strong>subdant.</strong></span> <span class='ocrx_word' id='word_1_167' title='bbox 1353 1303 1525 1356; x_wconf 88' lang='lat' dir='ltr'><strong>Erunt</strong></span> <span class='ocrx_word' id='word_1_168' title='bbox 1562 1315 1740 1356; x_wconf 88' lang='lat' dir='ltr'><strong>autem</strong></span> <span class='ocrx_word' id='word_1_169' title='bbox 1792 1303 1926 1358; x_wconf 88' lang='lat' dir='ltr'><strong>bella</strong></span> <span class='ocrx_word' id='word_1_170' title='bbox 1950 1313 2003 1356; x_wconf 91' lang='lat' dir='ltr'><strong>et</strong></span> <span class='ocrx_word' id='word_1_171' title='bbox 2040 1303 2181 1355; x_wconf 76' lang='lat' dir='ltr'><strong>sedi-</strong></span> 
     </span>
    </p>
   </div>
   <div class='ocr_carea' id='block_1_24' title="bbox 2252 1299 3871 1374">
    <p class='ocr_par' dir='ltr' id='par_1_24' title="bbox 2283 1299 3871 1374">
     <span class='ocr_line' id='line_1_24' title="bbox 2283 1299 3871 1374; baseline -0.004 -19"><span class='ocrx_word' id='word_1_172' title='bbox 2283 1304 2387 1374; x_wconf 73' lang='grc' dir='ltr'>πρὸ</span> <span class='ocrx_word' id='word_1_173' title='bbox 2421 1305 2517 1371; x_wconf 86' lang='grc' dir='ltr'><strong>τῆς</strong></span> <span class='ocrx_word' id='word_1_174' title='bbox 2562 1303 2728 1355; x_wconf 67' lang='grc' dir='ltr'>αὑτοῦ</span> <span class='ocrx_word' id='word_1_175' title='bbox 2765 1301 3069 1371; x_wconf 83' lang='grc' dir='ltr'>παρουσίας</span> <span class='ocrx_word' id='word_1_176' title='bbox 3125 1300 3412 1370; x_wconf 80' lang='grc' dir='ltr'>μέλλουσιν</span> <span class='ocrx_word' id='word_1_177' title='bbox 3455 1299 3633 1351; x_wconf 75' lang='grc' dir='ltr'>ἐλθεῖν</span> <span class='ocrx_word' id='word_1_178' title='bbox 3685 1299 3871 1366; x_wconf 69' lang='grc' dir='ltr'>ψευόος</span> 
     </span>
    </p>
   </div>
   <div class='ocr_carea' id='block_1_25' title="bbox 603 1391 2222 1465">
    <p class='ocr_par' dir='ltr' id='par_1_25' title="bbox 603 1395 2178 1459">
     <span class='ocr_line' id='line_1_25' title="bbox 603 1395 2178 1459; baseline 0.003 -14"><span class='ocrx_word' id='word_1_179' title='bbox 603 1395 776 1448; x_wconf 86' lang='lat' dir='ltr'><strong>tiones</strong></span> <span class='ocrx_word' id='word_1_180' title='bbox 811 1411 824 1447; x_wconf 87' lang='lat'><strong>:</strong></span> <span class='ocrx_word' id='word_1_181' title='bbox 863 1410 984 1448; x_wconf 90' lang='lat' dir='ltr'><strong>nam</strong></span> <span class='ocrx_word' id='word_1_182' title='bbox 1038 1411 1161 1447; x_wconf 91' lang='lat' dir='ltr'><strong>cum</strong></span> <span class='ocrx_word' id='word_1_183' title='bbox 1208 1395 1418 1448; x_wconf 87' lang='lat' dir='ltr'><strong>sublata</strong></span> <span class='ocrx_word' id='word_1_184' title='bbox 1476 1395 1636 1448; x_wconf 80' lang='lat' dir='ltr'><strong>fuerit</strong></span> <span class='ocrx_word' id='word_1_185' title='bbox 1689 1397 1867 1449; x_wconf 85' lang='lat' dir='ltr'><strong>omnis</strong></span> <span class='ocrx_word' id='word_1_186' title='bbox 1914 1396 2178 1459; x_wconf 75' lang='lat' dir='ltr'><strong>charitas,</strong></span> 
     </span>
    </p>
   </div>
   <div class='ocr_carea' id='block_1_26' title="bbox 2252 1391 3871 1465">
    <p class='ocr_par' dir='ltr' id='par_1_26' title="bbox 2283 1391 3871 1465">
     <span class='ocr_line' id='line_1_26' title="bbox 2283 1391 3871 1465; baseline -0.003 -18"><span class='ocrx_word' id='word_1_187' title='bbox 2283 1396 2592 1465; x_wconf 64' lang='grc' dir='ltr'>προφὴταις</span> <span class='ocrx_word' id='word_1_188' title='bbox 2629 1395 2705 1464; x_wconf 83' lang='grc' dir='ltr'>μὴ</span> <span class='ocrx_word' id='word_1_189' title='bbox 2749 1395 3079 1464; x_wconf 77' lang='grc' dir='ltr'>ὑπαχθῆναι.</span> <span class='ocrx_word' id='word_1_190' title='bbox 3132 1393 3386 1445; x_wconf 81' lang='grc' dir='ltr'>Ἔσονται</span> <span class='ocrx_word' id='word_1_191' title='bbox 3416 1391 3470 1444; x_wconf 82' lang='grc' dir='ltr'><strong>δὲ</strong></span> <span class='ocrx_word' id='word_1_192' title='bbox 3512 1393 3740 1460; x_wconf 79' lang='grc' dir='ltr'>πόλεμοι</span> <span class='ocrx_word' id='word_1_193' title='bbox 3778 1394 3871 1443; x_wconf 72' lang='grc' dir='ltr'><strong>καὶ</strong></span> 
     </span>
    </p>
   </div>
   <div class='ocr_carea' id='block_1_27' title="bbox 605 1484 2224 1557">
    <p class='ocr_par' dir='ltr' id='par_1_27' title="bbox 605 1484 2182 1541">
     <span class='ocr_line' id='line_1_27' title="bbox 605 1484 2182 1541; baseline 0.003 -6"><span class='ocrx_word' id='word_1_194' title='bbox 605 1484 800 1536; x_wconf 85' lang='lat' dir='ltr'><strong>merito</strong></span> <span class='ocrx_word' id='word_1_195' title='bbox 859 1485 1038 1537; x_wconf 55' lang='lat' dir='ltr'><strong>lovum</strong></span> <span class='ocrx_word' id='word_1_196' title='bbox 1097 1486 1370 1539; x_wconf 86' lang='lat' dir='ltr'><strong>habebunt</strong></span> <span class='ocrx_word' id='word_1_197' title='bbox 1408 1485 1546 1539; x_wconf 86' lang='lat' dir='ltr'><strong>bella</strong></span> <span class='ocrx_word' id='word_1_198' title='bbox 1582 1494 1636 1540; x_wconf 87' lang='lat' dir='ltr'><strong>et</strong></span> <span class='ocrx_word' id='word_1_199' title='bbox 1688 1486 2004 1541; x_wconf 80' lang='lat' dir='ltr'><strong>seditiones.</strong></span> <span class='ocrx_word' id='word_1_200' title='bbox 2055 1485 2182 1540; x_wconf 85' lang='lat' dir='ltr'><strong>Post</strong></span> 
     </span>
    </p>
   </div>
   <div class='ocr_carea' id='block_1_28' title="bbox 2255 1484 3874 1557">
    <p class='ocr_par' dir='ltr' id='par_1_28' title="bbox 2282 1486 3874 1557">
     <span class='ocr_line' id='line_1_28' title="bbox 2282 1486 3874 1557; baseline -0.003 -17"><span class='ocrx_word' id='word_1_201' title='bbox 2282 1486 2699 1541; x_wconf 72' lang='grc' dir='ltr'>ἀκαταστασίαιο</span> <span class='ocrx_word' id='word_1_202' title='bbox 2734 1488 2915 1555; x_wconf 79' lang='grc' dir='ltr'>πάσης</span> <span class='ocrx_word' id='word_1_203' title='bbox 2944 1488 3052 1557; x_wconf 84' lang='grc' dir='ltr'><strong>γάρ</strong></span> <span class='ocrx_word' id='word_1_204' title='bbox 3085 1488 3306 1556; x_wconf 79' lang='grc' dir='ltr'><strong>ἀγάπης</strong></span> <span class='ocrx_word' id='word_1_205' title='bbox 3357 1487 3759 1555; x_wconf 77' lang='grc' dir='ltr'>ἀναιρεθείσης.</span> <span class='ocrx_word' id='word_1_206' title='bbox 3796 1487 3874 1537; x_wconf 75' lang='grc' dir='ltr'><strong>εἱ-</strong></span> 
     </span>
    </p>
   </div>
   <div class='ocr_carea' id='block_1_29' title="bbox 603 1575 2222 1654">
    <p class='ocr_par' dir='ltr' id='par_1_29' title="bbox 603 1575 2183 1646">
     <span class='ocr_line' id='line_1_29' title="bbox 603 1575 2183 1646; baseline 0.003 -21"><span class='ocrx_word' id='word_1_207' title='bbox 603 1575 736 1626; x_wconf 74' lang='lat' dir='ltr'><strong>Lella</strong></span> <span class='ocrx_word' id='word_1_208' title='bbox 767 1590 894 1628; x_wconf 88' lang='lat' dir='ltr'><strong>vero</strong></span> <span class='ocrx_word' id='word_1_209' title='bbox 947 1575 1120 1630; x_wconf 87' lang='lat' dir='ltr'><strong>l&#39;atnes</strong></span> <span class='ocrx_word' id='word_1_210' title='bbox 1149 1589 1198 1628; x_wconf 85' lang='grc' dir='ltr'><strong>ιι</strong></span> <span class='ocrx_word' id='word_1_211' title='bbox 1236 1577 1558 1646; x_wconf 75' lang='lat' dir='ltr'><strong>pestilentiae</strong></span> <span class='ocrx_word' id='word_1_212' title='bbox 1588 1596 1600 1631; x_wconf 88' lang='lat'><strong>:</strong></span> <span class='ocrx_word' id='word_1_213' title='bbox 1631 1587 1685 1633; x_wconf 82' lang='lat' dir='ltr'><strong>et</strong></span> <span class='ocrx_word' id='word_1_214' title='bbox 1709 1577 2027 1646; x_wconf 77' lang='lat' dir='ltr'><strong>pestilentiae</strong></span> <span class='ocrx_word' id='word_1_215' title='bbox 2061 1578 2183 1645; x_wconf 89' lang='lat' dir='ltr'><strong>qui-</strong></span> 
     </span>
    </p>
   </div>
   <div class='ocr_carea' id='block_1_30' title="bbox 2253 1575 3872 1654">
    <p class='ocr_par' dir='ltr' id='par_1_30' title="bbox 2284 1577 3872 1654">
     <span class='ocr_line' id='line_1_30' title="bbox 2284 1577 3872 1654; baseline -0.003 -22"><span class='ocrx_word' id='word_1_216' title='bbox 2284 1581 2456 1640; x_wconf 81' lang='grc' dir='ltr'>κότως</span> <span class='ocrx_word' id='word_1_217' title='bbox 2487 1580 2535 1631; x_wconf 75' lang='grc' dir='ltr'>οἱ</span> <span class='ocrx_word' id='word_1_218' title='bbox 2570 1578 2798 1646; x_wconf 77' lang='grc' dir='ltr'>πόλεμοι</span> <span class='ocrx_word' id='word_1_219' title='bbox 2846 1580 2939 1632; x_wconf 78' lang='grc' dir='ltr'>καὶ</span> <span class='ocrx_word' id='word_1_220' title='bbox 2972 1581 3027 1631; x_wconf 77' lang='grc' dir='ltr'><strong>αἱ</strong></span> <span class='ocrx_word' id='word_1_221' title='bbox 3071 1578 3472 1631; x_wconf 69' lang='grc' dir='ltr'>ἀκαταστασίαι</span> <span class='ocrx_word' id='word_1_222' title='bbox 3503 1577 3691 1648; x_wconf 84' lang='grc' dir='ltr'>χώραν</span> <span class='ocrx_word' id='word_1_223' title='bbox 3719 1577 3872 1654; x_wconf 57' lang='grc' dir='ltr'><strong>’ἐξευ-</strong></span> 
     </span>
    </p>
   </div>
   <div class='ocr_carea' id='block_1_31' title="bbox 600 1663 2219 1740">
    <p class='ocr_par' dir='ltr' id='par_1_31' title="bbox 600 1663 2183 1738">
     <span class='ocr_line' id='line_1_31' title="bbox 600 1663 2183 1738; baseline 0.004 -22"><span class='ocrx_word' id='word_1_224' title='bbox 600 1663 724 1716; x_wconf 85' lang='lat' dir='ltr'><strong>dem</strong></span> <span class='ocrx_word' id='word_1_225' title='bbox 761 1675 1016 1734; x_wconf 89' lang='lat' dir='ltr'><strong>corrupto</strong></span> <span class='ocrx_word' id='word_1_226' title='bbox 1045 1667 1112 1719; x_wconf 87' lang='lat' dir='ltr'><strong>ab</strong></span> <span class='ocrx_word' id='word_1_227' title='bbox 1139 1669 1332 1722; x_wconf 77' lang='lat' dir='ltr'><strong>occisis</strong></span> <span class='ocrx_word' id='word_1_228' title='bbox 1357 1685 1503 1733; x_wconf 74' lang='lat' dir='ltr'><strong>aere,</strong></span> <span class='ocrx_word' id='word_1_229' title='bbox 1539 1669 1707 1722; x_wconf 81' lang='lat' dir='ltr'><strong>fanies</strong></span> <span class='ocrx_word' id='word_1_230' title='bbox 1742 1680 1920 1723; x_wconf 84' lang='lat' dir='ltr'><strong>autem</strong></span> <span class='ocrx_word' id='word_1_231' title='bbox 1949 1684 2013 1722; x_wconf 84' lang='lat' dir='ltr'><strong>ex</strong></span> <span class='ocrx_word' id='word_1_232' title='bbox 2039 1670 2183 1738; x_wconf 84' lang='lat' dir='ltr'><strong>agris</strong></span> 
     </span>
    </p>
   </div>
   <div class='ocr_carea' id='block_1_32' title="bbox 2249 1663 3868 1740">
    <p class='ocr_par' dir='ltr' id='par_1_32' title="bbox 2286 1669 3868 1740">
     <span class='ocr_line' id='line_1_32' title="bbox 2286 1669 3868 1740; baseline -0.004 -16"><span class='ocrx_word' id='word_1_233' title='bbox 2286 1689 2391 1733; x_wconf 87' lang='grc' dir='ltr'>σιν,</span> <span class='ocrx_word' id='word_1_234' title='bbox 2429 1674 2535 1724; x_wconf 64' lang='grc' dir='ltr'><strong>ἀπὸ</strong></span> <span class='ocrx_word' id='word_1_235' title='bbox 2555 1672 2612 1724; x_wconf 79' lang='grc' dir='ltr'>δὲ</span> <span class='ocrx_word' id='word_1_236' title='bbox 2647 1673 2756 1724; x_wconf 89' lang='grc' dir='ltr'><strong>τῶν</strong></span> <span class='ocrx_word' id='word_1_237' title='bbox 2782 1673 3031 1740; x_wconf 76' lang='grc' dir='ltr'>πολέμων</span> <span class='ocrx_word' id='word_1_238' title='bbox 3059 1671 3206 1740; x_wconf 69' lang='grc' dir='ltr'><strong>λιμολ⁸</strong></span> <span class='ocrx_word' id='word_1_239' title='bbox 3230 1672 3322 1723; x_wconf 71' lang='grc' dir='ltr'><strong>καὶ</strong></span> <span class='ocrx_word' id='word_1_240' title='bbox 3352 1670 3527 1738; x_wconf 86' lang='grc' dir='ltr'>λοιμοί</span> <span class='ocrx_word' id='word_1_241' title='bbox 3555 1685 3568 1698; x_wconf 83' lang='grc'><strong>’</strong></span> <span class='ocrx_word' id='word_1_242' title='bbox 3595 1671 3645 1721; x_wconf 71' lang='lat' dir='ltr'><strong>cl</strong></span> <span class='ocrx_word' id='word_1_243' title='bbox 3677 1669 3773 1738; x_wconf 77' lang='grc' dir='ltr'><strong>μὲν</strong></span> <span class='ocrx_word' id='word_1_244' title='bbox 3796 1669 3868 1730; x_wconf 80' lang='grc' dir='ltr'><strong>ὡς</strong></span> 
     </span>
    </p>
   </div>
   <div class='ocr_carea' id='block_1_33' title="bbox 603 1744 2222 1831">
    <p class='ocr_par' dir='ltr' id='par_1_33' title="bbox 603 1744 2222 1828">
     <span class='ocr_line' id='line_1_33' title="bbox 603 1744 2222 1828; baseline 0.004 -20"><span class='ocrx_word' id='word_1_245' title='bbox 603 1771 709 1809; x_wconf 89' lang='lat' dir='ltr'><strong>nun</strong></span> <span class='ocrx_word' id='word_1_246' title='bbox 741 1758 924 1812; x_wconf 88' lang='lat' dir='ltr'><strong>cultis.</strong></span> <span class='ocrx_word' id='word_1_247' title='bbox 957 1758 1184 1825; x_wconf 79' lang='lat' dir='ltr'><strong>Quidam</strong></span> <span class='ocrx_word' id='word_1_248' title='bbox 1217 1763 1586 1828; x_wconf 79' lang='lat' dir='ltr'><strong>pestilentiam</strong></span> <span class='ocrx_word' id='word_1_249' title='bbox 1619 1773 1669 1816; x_wconf 88' lang='lat' dir='ltr'><strong>et</strong></span> <span class='ocrx_word' id='word_1_250' title='bbox 1699 1761 1894 1814; x_wconf 70' lang='lat' dir='ltr'><strong>{mitem</strong></span> <span class='ocrx_word' id='word_1_251' title='bbox 1935 1777 2038 1815; x_wconf 89' lang='lat' dir='ltr'><strong>n0u</strong></span> <span class='ocrx_word' id='word_1_252' title='bbox 2067 1772 2185 1815; x_wconf 88' lang='lat' dir='ltr'><strong>tau—</strong></span> <span class='ocrx_word' id='word_1_253' title='bbox 2215 1744 2222 1802; x_wconf 54' lang='lat'>1</span> 
     </span>
    </p>
   </div>
   <div class='ocr_carea' id='block_1_34' title="bbox 2252 1744 3871 1831">
    <p class='ocr_par' dir='ltr' id='par_1_34' title="bbox 2252 1749 3871 1831">
     <span class='ocr_line' id='line_1_34' title="bbox 2252 1749 3871 1831; baseline 0 -19"><span class='ocrx_word' id='word_1_254' title='bbox 2252 1749 2258 1796; x_wconf 65' lang='grc' dir='ltr'><strong>ἶ</strong></span> <span class='ocrx_word' id='word_1_255' title='bbox 2289 1761 2383 1813; x_wconf 85' lang='grc' dir='ltr'><strong>τοῦ</strong></span> <span class='ocrx_word' id='word_1_256' title='bbox 2406 1763 2566 1831; x_wconf 84' lang='grc' dir='ltr'><strong>ἀέρος</strong></span> <span class='ocrx_word' id='word_1_257' title='bbox 2590 1763 2654 1813; x_wconf 79' lang='grc' dir='ltr'>ἐκ</span> <span class='ocrx_word' id='word_1_258' title='bbox 2682 1761 2787 1813; x_wconf 86' lang='grc' dir='ltr'><strong>τῶν</strong></span> <span class='ocrx_word' id='word_1_259' title='bbox 2833 1761 3167 1831; x_wconf 81' lang='grc' dir='ltr'>θνησιμαίων</span> <span class='ocrx_word' id='word_1_260' title='bbox 3211 1761 3692 1830; x_wconf 74' lang='grc' dir='ltr'>διαφθειρομένου,</span> <span class='ocrx_word' id='word_1_261' title='bbox 3732 1761 3783 1812; x_wconf 78' lang='grc' dir='ltr'>οἳ</span> <span class='ocrx_word' id='word_1_262' title='bbox 3817 1760 3871 1812; x_wconf 73' lang='grc' dir='ltr'>δὲ</span> 
     </span>
    </p>
   </div>
   <div class='ocr_carea' id='block_1_35' title="bbox 604 1851 2223 1922">
    <p class='ocr_par' dir='ltr' id='par_1_35' title="bbox 604 1852 2186 1922">
     <span class='ocr_line' id='line_1_35' title="bbox 604 1852 2186 1922; baseline 0.003 -21"><span class='ocrx_word' id='word_1_263' title='bbox 604 1857 714 1902; x_wconf 91' lang='lat' dir='ltr'><strong>tum</strong></span> <span class='ocrx_word' id='word_1_264' title='bbox 749 1853 799 1904; x_wconf 92' lang='lat' dir='ltr'><strong>in</strong></span> <span class='ocrx_word' id='word_1_265' title='bbox 829 1855 1296 1908; x_wconf 87' lang='lat' dir='ltr'><strong>consummatione</strong></span> <span class='ocrx_word' id='word_1_266' title='bbox 1349 1854 1553 1910; x_wconf 80' lang='lat' dir='ltr'><strong>saeculi.</strong></span> <span class='ocrx_word' id='word_1_267' title='bbox 1593 1853 1686 1906; x_wconf 86' lang='lat' dir='ltr'><strong>sed</strong></span> <span class='ocrx_word' id='word_1_268' title='bbox 1734 1852 1896 1907; x_wconf 87' lang='lat' dir='ltr'><strong>etiam</strong></span> <span class='ocrx_word' id='word_1_269' title='bbox 1928 1855 1978 1907; x_wconf 95' lang='lat' dir='ltr'><strong>iu</strong></span> <span class='ocrx_word' id='word_1_270' title='bbox 2012 1854 2186 1922; x_wconf 85' lang='lat' dir='ltr'><strong>capti—</strong></span> 
     </span>
    </p>
   </div>
   <div class='ocr_carea' id='block_1_36' title="bbox 2256 1851 3875 1922">
    <p class='ocr_par' dir='ltr' id='par_1_36' title="bbox 2291 1851 3875 1922">
     <span class='ocr_line' id='line_1_36' title="bbox 2291 1851 3875 1922; baseline -0.001 -19"><span class='ocrx_word' id='word_1_271' title='bbox 2291 1851 2364 1914; x_wconf 85' lang='grc' dir='ltr'>ὠς</span> <span class='ocrx_word' id='word_1_272' title='bbox 2406 1852 2479 1922; x_wconf 83' lang='grc' dir='ltr'>μὴ</span> <span class='ocrx_word' id='word_1_273' title='bbox 2505 1851 2611 1904; x_wconf 86' lang='grc' dir='ltr'><strong>τῶν</strong></span> <span class='ocrx_word' id='word_1_274' title='bbox 2645 1851 2837 1922; x_wconf 78' lang='grc' dir='ltr'>χωρῶν</span> <span class='ocrx_word' id='word_1_275' title='bbox 2863 1851 3322 1918; x_wconf 68' lang='grc' dir='ltr'>γεωργουμένων.</span> <span class='ocrx_word' id='word_1_276' title='bbox 3356 1851 3510 1909; x_wconf 82' lang='grc' dir='ltr'>Τινὲς</span> <span class='ocrx_word' id='word_1_277' title='bbox 3543 1851 3598 1902; x_wconf 79' lang='grc' dir='ltr'>δὲ</span> <span class='ocrx_word' id='word_1_278' title='bbox 3631 1851 3759 1912; x_wconf 78' lang='grc' dir='ltr'>τοὺς</span> <span class='ocrx_word' id='word_1_279' title='bbox 3798 1851 3875 1902; x_wconf 87' lang='grc' dir='ltr'>λι-</span> 
     </span>
    </p>
   </div>
   <div class='ocr_carea' id='block_1_37' title="bbox 604 1929 2223 2013">
    <p class='ocr_par' dir='ltr' id='par_1_37' title="bbox 604 1943 2191 2013">
     <span class='ocr_line' id='line_1_37' title="bbox 604 1943 2191 2013; baseline 0.004 -19"><span class='ocrx_word' id='word_1_280' title='bbox 604 1943 788 1996; x_wconf 58' lang='lat' dir='ltr'><strong>\‘itatis</strong></span> <span class='ocrx_word' id='word_1_281' title='bbox 847 1945 1183 2013; x_wconf 81' lang='lat' dir='ltr'><strong>temporibus</strong></span> <span class='ocrx_word' id='word_1_282' title='bbox 1225 1944 1338 2000; x_wconf 77' lang='lat' dir='ltr'><strong>fore</strong></span> <span class='ocrx_word' id='word_1_283' title='bbox 1388 1945 1792 2000; x_wconf 77' lang='lat' dir='ltr'><strong>intellexerunt.</strong></span> <span class='ocrx_word' id='word_1_284' title='bbox 1836 1945 2045 1999; x_wconf 85' lang='lat' dir='ltr'><strong>Etenim</strong></span> <span class='ocrx_word' id='word_1_285' title='bbox 2101 1945 2191 2000; x_wconf 84' lang='lat' dir='ltr'><strong>Jo-</strong></span> 
     </span>
    </p>
   </div>
   <div class='ocr_carea' id='block_1_38' title="bbox 2250 1929 3869 2013">
    <p class='ocr_par' dir='ltr' id='par_1_38' title="bbox 2297 1929 3869 2012">
     <span class='ocr_line' id='line_1_38' title="bbox 2297 1929 3869 2012; baseline 0 -17"><span class='ocrx_word' id='word_1_286' title='bbox 2297 1945 2449 2011; x_wconf 74' lang='grc' dir='ltr'>μους,</span> <span class='ocrx_word' id='word_1_287' title='bbox 2481 1944 2573 1995; x_wconf 77' lang='grc' dir='ltr'><strong>καὶ</strong></span> <span class='ocrx_word' id='word_1_288' title='bbox 2600 1943 2841 2010; x_wconf 79' lang='grc' dir='ltr'>λοιμοὺς,</span> <span class='ocrx_word' id='word_1_289' title='bbox 2873 1929 2976 1995; x_wconf 61' lang='grc' dir='ltr'>καῖ’</span> <span class='ocrx_word' id='word_1_290' title='bbox 3003 1941 3100 2004; x_wconf 86' lang='grc' dir='ltr'>τάς</span> <span class='ocrx_word' id='word_1_291' title='bbox 3148 1941 3312 2005; x_wconf 79' lang='grc' dir='ltr'>ἄλλας</span> <span class='ocrx_word' id='word_1_292' title='bbox 3343 1940 3552 2011; x_wconf 78' lang='grc' dir='ltr'>θλίψεις</span> <span class='ocrx_word' id='word_1_293' title='bbox 3583 1943 3685 1994; x_wconf 76' lang='grc' dir='ltr'><strong>οὐκ</strong></span> <span class='ocrx_word' id='word_1_294' title='bbox 3719 1943 3778 1996; x_wconf 80' lang='grc' dir='ltr'>ὲν</span> <span class='ocrx_word' id='word_1_295' title='bbox 3808 1946 3869 2012; x_wconf 75' lang='grc' dir='ltr'>τῇ</span> 
     </span>
    </p>
   </div>
   <div class='ocr_carea' id='block_1_39' title="bbox 606 2033 2225 2106">
    <p class='ocr_par' dir='ltr' id='par_1_39' title="bbox 606 2033 2190 2106">
     <span class='ocr_line' id='line_1_39' title="bbox 606 2033 2190 2106; baseline 0.004 -22"><span class='ocrx_word' id='word_1_296' title='bbox 606 2036 809 2101; x_wconf 77' lang='lat' dir='ltr'><strong>sophus</strong></span> <span class='ocrx_word' id='word_1_297' title='bbox 838 2033 1006 2089; x_wconf 91' lang='lat' dir='ltr'><strong>miras</strong></span> <span class='ocrx_word' id='word_1_298' title='bbox 1037 2045 1162 2090; x_wconf 91' lang='lat' dir='ltr'><strong>tunc</strong></span> <span class='ocrx_word' id='word_1_299' title='bbox 1191 2038 1534 2091; x_wconf 78' lang='lat' dir='ltr'><strong>calamitates</strong></span> <span class='ocrx_word' id='word_1_300' title='bbox 1587 2039 1752 2092; x_wconf 79' lang='lat' dir='ltr'><strong>fuisse</strong></span> <span class='ocrx_word' id='word_1_301' title='bbox 1785 2039 1914 2092; x_wconf 80' lang='lat' dir='ltr'><strong>dicit</strong></span> <span class='ocrx_word' id='word_1_302' title='bbox 1966 2045 2190 2106; x_wconf 79' lang='lat' dir='ltr'><strong>propter</strong></span> 
     </span>
    </p>
   </div>
   <div class='ocr_carea' id='block_1_40' title="bbox 2250 2033 3869 2106">
    <p class='ocr_par' dir='ltr' id='par_1_40' title="bbox 2294 2033 3869 2106">
     <span class='ocr_line' id='line_1_40' title="bbox 2294 2033 3869 2106; baseline 0.001 -20"><span class='ocrx_word' id='word_1_303' title='bbox 2294 2035 2576 2106; x_wconf 67' lang='grc' dir='ltr'>συντελείᾳ</span> <span class='ocrx_word' id='word_1_304' title='bbox 2609 2037 2768 2103; x_wconf 77' lang='grc' dir='ltr'>μόνον</span> <span class='ocrx_word' id='word_1_305' title='bbox 2797 2033 3039 2097; x_wconf 72' lang='grc' dir='ltr'>ἔσεσθαι,</span> <span class='ocrx_word' id='word_1_306' title='bbox 3063 2033 3201 2086; x_wconf 82' lang='grc' dir='ltr'><strong>ἀλλά</strong></span> <span class='ocrx_word' id='word_1_307' title='bbox 3226 2036 3322 2086; x_wconf 70' lang='grc' dir='ltr'><strong>καὶ</strong></span> <span class='ocrx_word' id='word_1_308' title='bbox 3351 2036 3464 2097; x_wconf 86' lang='grc' dir='ltr'>τοῖς</span> <span class='ocrx_word' id='word_1_309' title='bbox 3495 2035 3590 2104; x_wconf 80' lang='grc' dir='ltr'><strong>τῆς</strong></span> <span class='ocrx_word' id='word_1_310' title='bbox 3617 2034 3869 2100; x_wconf 81' lang='grc' dir='ltr'>ἁλώσεως</span> 
     </span>
    </p>
   </div>
   <div class='ocr_carea' id='block_1_41' title="bbox 605 2123 2224 2198">
    <p class='ocr_par' dir='ltr' id='par_1_41' title="bbox 605 2123 2191 2191">
     <span class='ocr_line' id='line_1_41' title="bbox 605 2123 2191 2191; baseline 0.004 -15"><span class='ocrx_word' id='word_1_311' title='bbox 605 2123 824 2191; x_wconf 82' lang='lat' dir='ltr'><strong>lameni,</strong></span> <span class='ocrx_word' id='word_1_312' title='bbox 854 2139 901 2180; x_wconf 90' lang='lat' dir='ltr'><strong>et</strong></span> <span class='ocrx_word' id='word_1_313' title='bbox 937 2130 1180 2182; x_wconf 82' lang='lat' dir='ltr'><strong>meminit</strong></span> <span class='ocrx_word' id='word_1_314' title='bbox 1213 2132 1371 2184; x_wconf 90' lang='lat' dir='ltr'><strong>etiam</strong></span> <span class='ocrx_word' id='word_1_315' title='bbox 1403 2129 1578 2184; x_wconf 84' lang='lat' dir='ltr'><strong>Lucas</strong></span> <span class='ocrx_word' id='word_1_316' title='bbox 1610 2132 1662 2183; x_wconf 91' lang='lat' dir='ltr'><strong>in</strong></span> <span class='ocrx_word' id='word_1_317' title='bbox 1691 2129 1880 2184; x_wconf 88' lang='lat' dir='ltr'><strong>Actis:</strong></span> <span class='ocrx_word' id='word_1_318' title='bbox 1908 2130 2074 2184; x_wconf 88' lang='lat' dir='ltr'><strong>Facta</strong></span> <span class='ocrx_word' id='word_1_319' title='bbox 2108 2139 2191 2185; x_wconf 91' lang='lat' dir='ltr'><strong>est</strong></span> 
     </span>
    </p>
   </div>
   <div class='ocr_carea' id='block_1_42' title="bbox 2255 2123 3874 2198">
    <p class='ocr_par' dir='ltr' id='par_1_42' title="bbox 2291 2125 3874 2198">
     <span class='ocr_line' id='line_1_42' title="bbox 2291 2125 3874 2198; baseline -0.001 -18"><span class='ocrx_word' id='word_1_320' title='bbox 2291 2129 2504 2197; x_wconf 87' lang='grc' dir='ltr'>καιροῖς</span> <span class='ocrx_word' id='word_1_321' title='bbox 2555 2127 2886 2191; x_wconf 63' lang='grc' dir='ltr'>ἔξεδέξαντο.</span> <span class='ocrx_word' id='word_1_322' title='bbox 2949 2126 3058 2178; x_wconf 79' lang='grc' dir='ltr'><strong>Καὶ</strong></span> <span class='ocrx_word' id='word_1_323' title='bbox 3101 2126 3213 2197; x_wconf 85' lang='grc' dir='ltr'><strong>γάρ</strong></span> <span class='ocrx_word' id='word_1_324' title='bbox 3254 2125 3512 2198; x_wconf 87' lang='grc' dir='ltr'>Ἰώσηπος</span> <span class='ocrx_word' id='word_1_325' title='bbox 3562 2130 3874 2197; x_wconf 80' lang='grc' dir='ltr'>ἀφορήτους</span> 
     </span>
    </p>
   </div>
   <div class='ocr_carea' id='block_1_43' title="bbox 611 2201 2230 2290">
    <p class='ocr_par' dir='ltr' id='par_1_43' title="bbox 611 2201 2189 2274">
     <span class='ocr_line' id='line_1_43' title="bbox 611 2201 2189 2274; baseline 0.005 -8"><span class='ocrx_word' id='word_1_326' title='bbox 611 2215 784 2268; x_wconf 80' lang='lat' dir='ltr'><strong>fames</strong></span> <span class='ocrx_word' id='word_1_327' title='bbox 814 2216 912 2271; x_wconf 83' lang='lat' dir='ltr'><strong>sub</strong></span> <span class='ocrx_word' id='word_1_328' title='bbox 931 2217 1151 2272; x_wconf 89' lang='lat' dir='ltr'><strong>Claudio</strong></span> <span class='ocrx_word' id='word_1_329' title='bbox 1169 2220 1386 2274; x_wconf 75' lang='lat' dir='ltr'><strong>Caesare</strong></span> <span class='ocrx_word' id='word_1_330' title='bbox 1414 2223 1456 2273; x_wconf 80' lang='lat'><strong>&#39;.</strong></span> <span class='ocrx_word' id='word_1_331' title='bbox 1487 2221 1651 2273; x_wconf 85' lang='lat' dir='ltr'><strong>Porro</strong></span> <span class='ocrx_word' id='word_1_332' title='bbox 1673 2201 1726 2274; x_wconf 77' lang='lat' dir='ltr'><strong>et</strong></span> <span class='ocrx_word' id='word_1_333' title='bbox 1749 2220 2189 2274; x_wconf 79' lang='lat' dir='ltr'><strong>terriculamenta</strong></span> 
     </span>
    </p>
   </div>
   <div class='ocr_carea' id='block_1_44' title="bbox 2252 2201 3871 2290">
    <p class='ocr_par' dir='ltr' id='par_1_44' title="bbox 2292 2217 3871 2290">
     <span class='ocr_line' id='line_1_44' title="bbox 2292 2217 3871 2290; baseline -0.002 -19"><span class='ocrx_word' id='word_1_334' title='bbox 2292 2220 2576 2290; x_wconf 64' lang='grc' dir='ltr'>συμφορὶς</span> <span class='ocrx_word' id='word_1_335' title='bbox 2605 2220 2692 2273; x_wconf 70' lang='grc' dir='ltr'>διὰ</span> <span class='ocrx_word' id='word_1_336' title='bbox 2720 2220 2809 2271; x_wconf 77' lang='grc' dir='ltr'>τὸν</span> <span class='ocrx_word' id='word_1_337' title='bbox 2839 2218 2995 2288; x_wconf 76' lang='grc' dir='ltr'>λιμὸν</span> <span class='ocrx_word' id='word_1_338' title='bbox 3020 2217 3169 2286; x_wconf 81' lang='grc' dir='ltr'>λέγει</span> <span class='ocrx_word' id='word_1_339' title='bbox 3202 2218 3552 2288; x_wconf 83' lang='grc' dir='ltr'>γεγενῆσθαι.</span> <span class='ocrx_word' id='word_1_340' title='bbox 3597 2219 3762 2272; x_wconf 78' lang='grc' dir='ltr'>’Λλλά</span> <span class='ocrx_word' id='word_1_341' title='bbox 3784 2221 3871 2272; x_wconf 83' lang='grc' dir='ltr'>καὶ</span> 
     </span>
    </p>
   </div>
   <div class='ocr_carea' id='block_1_45' title="bbox 608 2306 2227 2382">
    <p class='ocr_par' dir='ltr' id='par_1_45' title="bbox 608 2306 2188 2381">
     <span class='ocr_line' id='line_1_45' title="bbox 608 2306 2188 2381; baseline 0.005 -22"><span class='ocrx_word' id='word_1_342' title='bbox 608 2308 771 2359; x_wconf 88' lang='lat' dir='ltr'><strong>nndta</strong></span> <span class='ocrx_word' id='word_1_343' title='bbox 795 2306 1028 2373; x_wconf 79' lang='lat' dir='ltr'><strong>fuerunt,</strong></span> <span class='ocrx_word' id='word_1_344' title='bbox 1066 2311 1458 2377; x_wconf 65' lang='lat' dir='ltr'><strong>captititatem,</strong></span> <span class='ocrx_word' id='word_1_345' title='bbox 1494 2321 1550 2364; x_wconf 91' lang='lat' dir='ltr'><strong>ut</strong></span> <span class='ocrx_word' id='word_1_346' title='bbox 1585 2313 1722 2365; x_wconf 90' lang='lat' dir='ltr'><strong>idem</strong></span> <span class='ocrx_word' id='word_1_347' title='bbox 1755 2321 1964 2374; x_wconf 88' lang='lat' dir='ltr'><strong>narrat,</strong></span> <span class='ocrx_word' id='word_1_348' title='bbox 2015 2312 2188 2381; x_wconf 84' lang='lat' dir='ltr'><strong>ipsius</strong></span> 
     </span>
    </p>
   </div>
   <div class='ocr_carea' id='block_1_46' title="bbox 2255 2306 3874 2382">
    <p class='ocr_par' dir='ltr' id='par_1_46' title="bbox 2291 2311 3874 2382">
     <span class='ocr_line' id='line_1_46' title="bbox 2291 2311 3874 2382; baseline 0.001 -19"><span class='ocrx_word' id='word_1_349' title='bbox 2291 2312 2472 2375; x_wconf 83' lang='grc' dir='ltr'>καθώς</span> <span class='ocrx_word' id='word_1_350' title='bbox 2513 2329 2645 2382; x_wconf 86' lang='grc' dir='ltr'>φησι</span> <span class='ocrx_word' id='word_1_351' title='bbox 2669 2314 2885 2375; x_wconf 82' lang='grc' dir='ltr'>Λουκᾶς</span> <span class='ocrx_word' id='word_1_352' title='bbox 2910 2314 2967 2364; x_wconf 85' lang='grc' dir='ltr'><strong>ὲν</strong></span> <span class='ocrx_word' id='word_1_353' title='bbox 2999 2313 3122 2374; x_wconf 88' lang='grc' dir='ltr'>ταῖς</span> <span class='ocrx_word' id='word_1_354' title='bbox 3148 2311 3441 2380; x_wconf 82' lang='grc' dir='ltr'>Πράξεοιν,</span> <span class='ocrx_word' id='word_1_355' title='bbox 3477 2311 3698 2377; x_wconf 76' lang='grc' dir='ltr'>ἐγένετο</span> <span class='ocrx_word' id='word_1_356' title='bbox 3721 2313 3874 2378; x_wconf 79' lang='grc' dir='ltr'>λιμὸς</span> 
     </span>
    </p>
   </div>
   <div class='ocr_carea' id='block_1_47' title="bbox 605 2393 2224 2473">
    <p class='ocr_par' dir='ltr' id='par_1_47' title="bbox 605 2398 2184 2473">
     <span class='ocr_line' id='line_1_47' title="bbox 605 2398 2184 2473; baseline 0.004 -21"><span class='ocrx_word' id='word_1_357' title='bbox 605 2398 898 2454; x_wconf 76' lang='lat' dir='ltr'><strong>Jerusalem</strong></span> <span class='ocrx_word' id='word_1_358' title='bbox 931 2404 1285 2456; x_wconf 85' lang='lat' dir='ltr'><strong>declarantia.</strong></span> <span class='ocrx_word' id='word_1_359' title='bbox 1322 2403 1558 2458; x_wconf 82' lang='lat' dir='ltr'><strong>Omnino</strong></span> <span class='ocrx_word' id='word_1_360' title='bbox 1592 2416 1772 2456; x_wconf 85' lang='lat' dir='ltr'><strong>tamen</strong></span> <span class='ocrx_word' id='word_1_361' title='bbox 1807 2403 1922 2457; x_wconf 80' lang='lat' dir='ltr'><strong>haec</strong></span> <span class='ocrx_word' id='word_1_362' title='bbox 1951 2419 2184 2473; x_wconf 77' lang='lat' dir='ltr'><strong>sequen-</strong></span> 
     </span>
    </p>
   </div>
   <div class='ocr_carea' id='block_1_48' title="bbox 2256 2393 3875 2473">
    <p class='ocr_par' dir='ltr' id='par_1_48' title="bbox 2289 2393 3875 2472">
     <span class='ocr_line' id='line_1_48' title="bbox 2289 2393 3875 2472; baseline 0.001 -19"><span class='ocrx_word' id='word_1_363' title='bbox 2289 2403 2383 2455; x_wconf 77' lang='grc' dir='ltr'><strong>ἐπὶ</strong></span> <span class='ocrx_word' id='word_1_364' title='bbox 2438 2402 2709 2455; x_wconf 77' lang='grc' dir='ltr'>Κλαυδίου</span> <span class='ocrx_word' id='word_1_365' title='bbox 2767 2403 3064 2471; x_wconf 73' lang='grc' dir='ltr'>Καίσαρος.</span> <span class='ocrx_word' id='word_1_366' title='bbox 3112 2401 3273 2453; x_wconf 84' lang='grc' dir='ltr'>Ἀλλά</span> <span class='ocrx_word' id='word_1_367' title='bbox 3325 2403 3430 2470; x_wconf 80' lang='grc' dir='ltr'>μὴν</span> <span class='ocrx_word' id='word_1_368' title='bbox 3476 2402 3574 2453; x_wconf 84' lang='grc' dir='ltr'>καὶ</span> <span class='ocrx_word' id='word_1_369' title='bbox 3625 2393 3875 2472; x_wconf 77' lang='grc' dir='ltr'>φόϐητρα</span> 
     </span>
    </p>
   </div>
   <div class='ocr_carea' id='block_1_49' title="bbox 609 2493 2228 2570">
    <p class='ocr_par' dir='ltr' id='par_1_49' title="bbox 609 2493 2188 2570">
     <span class='ocr_line' id='line_1_49' title="bbox 609 2493 2188 2570; baseline 0.004 -26"><span class='ocrx_word' id='word_1_370' title='bbox 609 2493 705 2557; x_wconf 88' lang='lat' dir='ltr'><strong>tia,</strong></span> <span class='ocrx_word' id='word_1_371' title='bbox 736 2495 801 2570; x_wconf 85' lang='lat' dir='ltr'><strong>de</strong></span> <span class='ocrx_word' id='word_1_372' title='bbox 853 2496 1236 2558; x_wconf 84' lang='lat' dir='ltr'><strong>seditionibus,</strong></span> <span class='ocrx_word' id='word_1_373' title='bbox 1292 2497 1467 2554; x_wconf 73' lang='lat' dir='ltr'><strong>bellis.</strong></span> <span class='ocrx_word' id='word_1_374' title='bbox 1499 2510 1550 2550; x_wconf 89' lang='lat' dir='ltr'><strong>et</strong></span> <span class='ocrx_word' id='word_1_375' title='bbox 1593 2497 1734 2551; x_wconf 75' lang='lat' dir='ltr'><strong>fame</strong></span> <span class='ocrx_word' id='word_1_376' title='bbox 1761 2513 1825 2551; x_wconf 81' lang='lat' dir='ltr'><strong>ac</strong></span> <span class='ocrx_word' id='word_1_377' title='bbox 1855 2498 2065 2551; x_wconf 78' lang='lat' dir='ltr'><strong>ca&#39;leris</strong></span> <span class='ocrx_word' id='word_1_378' title='bbox 2093 2497 2188 2550; x_wconf 86' lang='lat' dir='ltr'><strong>lo-</strong></span> 
     </span>
    </p>
   </div>
   <div class='ocr_carea' id='block_1_50' title="bbox 2253 2493 3872 2570">
    <p class='ocr_par' dir='ltr' id='par_1_50' title="bbox 2290 2494 3872 2566">
     <span class='ocr_line' id='line_1_50' title="bbox 2290 2494 3872 2566; baseline -0.001 -18"><span class='ocrx_word' id='word_1_379' title='bbox 2290 2495 2458 2548; x_wconf 78' lang='grc' dir='ltr'>πολλά</span> <span class='ocrx_word' id='word_1_380' title='bbox 2525 2497 2780 2562; x_wconf 87' lang='grc' dir='ltr'>γεγόνασι</span> <span class='ocrx_word' id='word_1_381' title='bbox 2841 2495 2939 2566; x_wconf 82' lang='grc' dir='ltr'><strong>τὴν</strong></span> <span class='ocrx_word' id='word_1_382' title='bbox 2982 2494 3180 2548; x_wconf 75' lang='grc' dir='ltr'>ἅλωσιν</span> <span class='ocrx_word' id='word_1_383' title='bbox 3239 2495 3334 2564; x_wconf 83' lang='grc' dir='ltr'><strong>τῆς</strong></span> <span class='ocrx_word' id='word_1_384' title='bbox 3373 2494 3735 2565; x_wconf 81' lang='grc' dir='ltr'>Ἰερουσαλὴμ</span> <span class='ocrx_word' id='word_1_385' title='bbox 3783 2496 3872 2563; x_wconf 75' lang='grc' dir='ltr'>δη-</span> 
     </span>
    </p>
   </div>
   <div class='ocr_carea' id='block_1_51' title="bbox 611 2587 2230 2659">
    <p class='ocr_par' dir='ltr' id='par_1_51' title="bbox 611 2587 2185 2659">
     <span class='ocr_line' id='line_1_51' title="bbox 611 2587 2185 2659; baseline 0.006 -24"><span class='ocrx_word' id='word_1_386' title='bbox 611 2599 775 2652; x_wconf 82' lang='lat' dir='ltr'><strong>quor,</strong></span> <span class='ocrx_word' id='word_1_387' title='bbox 813 2598 1039 2654; x_wconf 71' lang='lat' dir='ltr'><strong>possunt</strong></span> <span class='ocrx_word' id='word_1_388' title='bbox 1071 2599 1199 2645; x_wconf 81' lang='lat' dir='ltr'><strong>.tam</strong></span> <span class='ocrx_word' id='word_1_389' title='bbox 1225 2590 1292 2643; x_wconf 85' lang='lat' dir='ltr'><strong>de</strong></span> <span class='ocrx_word' id='word_1_390' title='bbox 1319 2589 1635 2657; x_wconf 77' lang='lat' dir='ltr'><strong>captivitate</strong></span> <span class='ocrx_word' id='word_1_391' title='bbox 1670 2587 1991 2656; x_wconf 81' lang='lat' dir='ltr'><strong>Jerusalem,</strong></span> <span class='ocrx_word' id='word_1_392' title='bbox 2019 2604 2185 2659; x_wconf 88' lang='lat' dir='ltr'><strong>quam</strong></span> 
     </span>
    </p>
   </div>
   <div class='ocr_carea' id='block_1_52' title="bbox 2255 2587 3874 2659">
    <p class='ocr_par' dir='ltr' id='par_1_52' title="bbox 2288 2587 3874 2656">
     <span class='ocr_line' id='line_1_52' title="bbox 2288 2587 3874 2656; baseline 0.001 -17"><span class='ocrx_word' id='word_1_393' title='bbox 2288 2588 2503 2651; x_wconf 74' lang='grc' dir='ltr'>λοῦντα,</span> <span class='ocrx_word' id='word_1_394' title='bbox 2523 2590 2600 2653; x_wconf 86' lang='grc' dir='ltr'><strong>ώς</strong></span> <span class='ocrx_word' id='word_1_395' title='bbox 2624 2590 2652 2642; x_wconf 92' lang='grc' dir='ltr'><strong>ό</strong></span> <span class='ocrx_word' id='word_1_396' title='bbox 2681 2589 2842 2651; x_wconf 77' lang='grc' dir='ltr'>αὐτὸς</span> <span class='ocrx_word' id='word_1_397' title='bbox 2877 2589 3136 2654; x_wconf 86' lang='grc' dir='ltr'>Ἰώσηπος</span> <span class='ocrx_word' id='word_1_398' title='bbox 3161 2589 3384 2656; x_wconf 80' lang='grc' dir='ltr'>ἱστορεῖ.</span> <span class='ocrx_word' id='word_1_399' title='bbox 3414 2587 3598 2650; x_wconf 84' lang='grc' dir='ltr'>Ὀλως</span> <span class='ocrx_word' id='word_1_400' title='bbox 3621 2605 3679 2640; x_wconf 87' lang='grc' dir='ltr'><strong>τε</strong></span> <span class='ocrx_word' id='word_1_401' title='bbox 3705 2589 3874 2641; x_wconf 85' lang='grc' dir='ltr'>ταῦτα</span> 
     </span>
    </p>
   </div>
   <div class='ocr_carea' id='block_1_53' title="bbox 610 2675 2229 2748">
    <p class='ocr_par' dir='ltr' id='par_1_53' title="bbox 610 2675 1699 2747">
     <span class='ocr_line' id='line_1_53' title="bbox 610 2675 1699 2747; baseline 0.006 -21"><span class='ocrx_word' id='word_1_402' title='bbox 610 2675 676 2727; x_wconf 84' lang='lat' dir='ltr'><strong>de</strong></span> <span class='ocrx_word' id='word_1_403' title='bbox 717 2675 1190 2733; x_wconf 82' lang='lat' dir='ltr'><strong>cmisumtnatione</strong></span> <span class='ocrx_word' id='word_1_404' title='bbox 1225 2678 1409 2733; x_wconf 75' lang='lat' dir='ltr'><strong>saeculi</strong></span> <span class='ocrx_word' id='word_1_405' title='bbox 1452 2677 1699 2747; x_wconf 80' lang='lat' dir='ltr'><strong>intelligi.</strong></span> 
     </span>
    </p>
   </div>
   <div class='ocr_carea' id='block_1_54' title="bbox 2255 2675 3874 2748">
    <p class='ocr_par' dir='ltr' id='par_1_54' title="bbox 2291 2678 3874 2748">
     <span class='ocr_line' id='line_1_54' title="bbox 2291 2678 3874 2748; baseline 0.001 -18"><span class='ocrx_word' id='word_1_406' title='bbox 2291 2679 2442 2730; x_wconf 85' lang='grc' dir='ltr'>κοινά</span> <span class='ocrx_word' id='word_1_407' title='bbox 2469 2679 2722 2732; x_wconf 72' lang='grc' dir='ltr'>δύνανται</span> <span class='ocrx_word' id='word_1_408' title='bbox 2739 2678 2976 2731; x_wconf 80' lang='grc' dir='ltr'>νοεῖσθαι</span> <span class='ocrx_word' id='word_1_409' title='bbox 3006 2678 3099 2730; x_wconf 87' lang='grc' dir='ltr'><strong>τοῦ</strong></span> <span class='ocrx_word' id='word_1_410' title='bbox 3124 2695 3182 2731; x_wconf 88' lang='grc' dir='ltr'><strong>τε</strong></span> <span class='ocrx_word' id='word_1_411' title='bbox 3211 2678 3405 2748; x_wconf 80' lang='grc' dir='ltr'>καιροῦ</span> <span class='ocrx_word' id='word_1_412' title='bbox 3433 2680 3530 2748; x_wconf 78' lang='grc' dir='ltr'>τῆς</span> <span class='ocrx_word' id='word_1_413' title='bbox 3559 2681 3874 2744; x_wconf 82' lang='grc' dir='ltr'>συντελείας</span> 
     </span>
    </p>
   </div>
   <div class='ocr_carea' id='block_1_55' title="bbox 2290 2769 3873 2842">
    <p class='ocr_par' dir='ltr' id='par_1_55' title="bbox 2290 2769 3873 2842">
     <span class='ocr_line' id='line_1_55' title="bbox 2290 2769 3873 2842; baseline 0.003 -22"><span class='ocrx_word' id='word_1_414' title='bbox 2290 2769 2385 2820; x_wconf 74' lang='grc' dir='ltr'>καὶ</span> <span class='ocrx_word' id='word_1_415' title='bbox 2417 2771 2516 2839; x_wconf 78' lang='grc' dir='ltr'>τῆς</span> <span class='ocrx_word' id='word_1_416' title='bbox 2554 2769 2826 2833; x_wconf 82' lang='grc' dir='ltr'>ἁλώσεως,</span> <span class='ocrx_word' id='word_1_417' title='bbox 2858 2769 2923 2822; x_wconf 91' lang='grc' dir='ltr'><strong>τά</strong></span> <span class='ocrx_word' id='word_1_418' title='bbox 2959 2769 3087 2839; x_wconf 73' lang='grc' dir='ltr'>περὶ</span> <span class='ocrx_word' id='word_1_419' title='bbox 3115 2769 3223 2822; x_wconf 84' lang='grc' dir='ltr'><strong>τῶν</strong></span> <span class='ocrx_word' id='word_1_420' title='bbox 3251 2769 3678 2825; x_wconf 80' lang='grc' dir='ltr'>ἀκαταστασιῶν</span> <span class='ocrx_word' id='word_1_421' title='bbox 3729 2789 3873 2842; x_wconf 81' lang='grc' dir='ltr'>φημι</span> 
     </span>
    </p>
   </div>
   <div class='ocr_carea' id='block_1_56' title="bbox 2290 2858 3346 2930">
    <p class='ocr_par' dir='ltr' id='par_1_56' title="bbox 2290 2858 3346 2930">
     <span class='ocr_line' id='line_1_56' title="bbox 2290 2858 3346 2930; baseline 0.003 -19"><span class='ocrx_word' id='word_1_422' title='bbox 2290 2859 2512 2912; x_wconf 73' lang='grc' dir='ltr'>καὶτῶν</span> <span class='ocrx_word' id='word_1_423' title='bbox 2550 2861 2802 2930; x_wconf 82' lang='grc' dir='ltr'>πολέμων</span> <span class='ocrx_word' id='word_1_424' title='bbox 2836 2862 2930 2913; x_wconf 73' lang='grc' dir='ltr'><strong>καὶ</strong></span> <span class='ocrx_word' id='word_1_425' title='bbox 2960 2860 3068 2913; x_wconf 88' lang='grc' dir='ltr'><strong>τῶν</strong></span> <span class='ocrx_word' id='word_1_426' title='bbox 3120 2858 3346 2915; x_wconf 84' lang='grc' dir='ltr'>λοιπῶν.</span> 
     </span>
    </p>
   </div>
   <div class='ocr_carea' id='block_1_57' title="bbox 683 2948 2302 3026">
    <p class='ocr_par' dir='ltr' id='par_1_57' title="bbox 683 2948 2188 3025">
     <span class='ocr_line' id='line_1_57' title="bbox 683 2948 2188 3025; baseline 0.009 -25"><span class='ocrx_word' id='word_1_427' title='bbox 683 2948 846 3005; x_wconf 75' lang='lat' dir='ltr'><strong>Vens.</strong></span> <span class='ocrx_word' id='word_1_428' title='bbox 872 2950 1059 3006; x_wconf 72' lang='lat'><strong>12-19.</strong></span> <span class='ocrx_word' id='word_1_429' title='bbox 1095 2969 1111 3001; x_wconf 87' lang='grc' dir='ltr'><strong>ι</strong></span> <span class='ocrx_word' id='word_1_430' title='bbox 1143 2950 1248 3006; x_wconf 87' lang='lat' dir='ltr'><strong>Sed</strong></span> <span class='ocrx_word' id='word_1_431' title='bbox 1270 2959 1395 3006; x_wconf 84' lang='lat' dir='ltr'><strong>ante</strong></span> <span class='ocrx_word' id='word_1_432' title='bbox 1428 2952 1540 3006; x_wconf 78' lang='lat' dir='ltr'><strong>haec</strong></span> <span class='ocrx_word' id='word_1_433' title='bbox 1563 2954 1742 3008; x_wconf 85' lang='lat' dir='ltr'><strong>omnia</strong></span> <span class='ocrx_word' id='word_1_434' title='bbox 1765 2953 2008 3025; x_wconf 86' lang='lat' dir='ltr'><strong>iujicient</strong></span> <span class='ocrx_word' id='word_1_435' title='bbox 2032 2957 2188 3014; x_wconf 81' lang='lat' dir='ltr'><strong>vobis</strong></span> 
     </span>
    </p>
   </div>
   <div class='ocr_carea' id='block_1_58' title="bbox 2256 2948 3875 3026">
    <p class='ocr_par' dir='ltr' id='par_1_58' title="bbox 2372 2952 3875 3026">
     <span class='ocr_line' id='line_1_58' title="bbox 2372 2952 3875 3026; baseline 0.005 -24"><span class='ocrx_word' id='word_1_436' title='bbox 2372 2971 2390 3002; x_wconf 88' lang='grc' dir='ltr'><strong>ι</strong></span> <span class='ocrx_word' id='word_1_437' title='bbox 2431 2952 2545 3023; x_wconf 85' lang='grc' dir='ltr'>Πρὸ</span> <span class='ocrx_word' id='word_1_438' title='bbox 2568 2953 2622 3006; x_wconf 83' lang='grc' dir='ltr'>δὲ</span> <span class='ocrx_word' id='word_1_439' title='bbox 2645 2953 2849 3006; x_wconf 86' lang='grc' dir='ltr'>τούτων</span> <span class='ocrx_word' id='word_1_440' title='bbox 2873 2953 3094 3006; x_wconf 74' lang='grc' dir='ltr'>πάντων</span> <span class='ocrx_word' id='word_1_441' title='bbox 3113 2953 3463 3007; x_wconf 71' lang='grc' dir='ltr'>ἐπιϐαλοῦσιν</span> <span class='ocrx_word' id='word_1_442' title='bbox 3493 2955 3577 3024; x_wconf 71' lang='grc' dir='ltr'><strong>ἐφ’</strong></span> <span class='ocrx_word' id='word_1_443' title='bbox 3601 2957 3748 3026; x_wconf 78' lang='grc' dir='ltr'>ὑμᾶς</span> <span class='ocrx_word' id='word_1_444' title='bbox 3777 2955 3875 3019; x_wconf 82' lang='grc' dir='ltr'><strong>τάς</strong></span> 
     </span>
    </p>
   </div>
   <div class='ocr_carea' id='block_1_59' title="bbox 609 3045 2228 3118">
    <p class='ocr_par' dir='ltr' id='par_1_59' title="bbox 609 3045 2228 3118">
     <span class='ocr_line' id='line_1_59' title="bbox 609 3045 2228 3118; baseline 0.006 -23"><span class='ocrx_word' id='word_1_445' title='bbox 609 3057 804 3096; x_wconf 81' lang='lat' dir='ltr'><strong>manus</strong></span> <span class='ocrx_word' id='word_1_446' title='bbox 850 3058 995 3106; x_wconf 86' lang='lat' dir='ltr'><strong>suas,</strong></span> <span class='ocrx_word' id='word_1_447' title='bbox 1030 3052 1085 3096; x_wconf 91' lang='lat' dir='ltr'><strong>et</strong></span> <span class='ocrx_word' id='word_1_448' title='bbox 1125 3055 1540 3112; x_wconf 80' lang='lat' dir='ltr'><strong>persequentur,</strong></span> <span class='ocrx_word' id='word_1_449' title='bbox 1587 3045 1863 3103; x_wconf 87' lang='lat' dir='ltr'><strong>tradentes</strong></span> <span class='ocrx_word' id='word_1_450' title='bbox 1914 3052 1964 3102; x_wconf 92' lang='lat' dir='ltr'><strong>in</strong></span> <span class='ocrx_word' id='word_1_451' title='bbox 2004 3051 2185 3106; x_wconf 89' lang='lat' dir='ltr'><strong>conci-</strong></span> <span class='ocrx_word' id='word_1_452' title='bbox 2226 3116 2228 3118; x_wconf 19' lang='grc' dir='ltr'><strong><em>ι</em></strong></span> 
     </span>
    </p>
   </div>
   <div class='ocr_carea' id='block_1_60' title="bbox 2256 3045 3875 3118">
    <p class='ocr_par' dir='ltr' id='par_1_60' title="bbox 2290 3045 3875 3118">
     <span class='ocr_line' id='line_1_60' title="bbox 2290 3045 3875 3118; baseline 0.003 -21"><span class='ocrx_word' id='word_1_453' title='bbox 2290 3048 2475 3117; x_wconf 75' lang='grc' dir='ltr'>χ-ἰρας</span> <span class='ocrx_word' id='word_1_454' title='bbox 2507 3045 2686 3098; x_wconf 84' lang='grc' dir='ltr'>αὐτῶν</span> <span class='ocrx_word' id='word_1_455' title='bbox 2711 3045 2807 3099; x_wconf 65' lang='grc' dir='ltr'><strong>καὶ⁸</strong></span> <span class='ocrx_word' id='word_1_456' title='bbox 2838 3045 3139 3111; x_wconf 79' lang='grc' dir='ltr'>διώξουσιν,</span> <span class='ocrx_word' id='word_1_457' title='bbox 3178 3047 3566 3118; x_wconf 71' lang='grc' dir='ltr'>παραδιδόντες</span> <span class='ocrx_word' id='word_1_458' title='bbox 3598 3049 3677 3110; x_wconf 80' lang='grc' dir='ltr'>εἰς</span> <span class='ocrx_word' id='word_1_459' title='bbox 3718 3065 3875 3102; x_wconf 78' lang='grc' dir='ltr'>συναο</span> 
     </span>
    </p>
   </div>
   <div class='ocr_carea' id='block_1_61' title="bbox 611 3112 2230 3211">
    <p class='ocr_par' dir='ltr' id='par_1_61' title="bbox 611 3116 2230 3211">
     <span class='ocr_line' id='line_1_61' title="bbox 611 3116 2230 3211; baseline 0.009 -25"><span class='ocrx_word' id='word_1_460' title='bbox 611 3134 804 3188; x_wconf 87' lang='lat' dir='ltr'><strong>liabula</strong></span> <span class='ocrx_word' id='word_1_461' title='bbox 838 3145 891 3188; x_wconf 89' lang='lat' dir='ltr'><strong>et</strong></span> <span class='ocrx_word' id='word_1_462' title='bbox 934 3151 1199 3198; x_wconf 84' lang='lat' dir='ltr'><strong>carceres,</strong></span> <span class='ocrx_word' id='word_1_463' title='bbox 1233 3139 1508 3192; x_wconf 86' lang='lat' dir='ltr'><strong>trahentes</strong></span> <span class='ocrx_word' id='word_1_464' title='bbox 1543 3139 1609 3193; x_wconf 90' lang='lat' dir='ltr'><strong>ad</strong></span> <span class='ocrx_word' id='word_1_465' title='bbox 1655 3156 1810 3210; x_wconf 88' lang='lat' dir='ltr'><strong>reges</strong></span> <span class='ocrx_word' id='word_1_466' title='bbox 1842 3152 1894 3195; x_wconf 90' lang='lat' dir='ltr'><strong>ct</strong></span> <span class='ocrx_word' id='word_1_467' title='bbox 1933 3116 2230 3211; x_wconf 55' lang='lat' dir='ltr'><strong>praesides‘</strong></span> 
     </span>
    </p>
   </div>
   <div class='ocr_carea' id='block_1_62' title="bbox 2255 3112 3874 3211">
    <p class='ocr_par' dir='ltr' id='par_1_62' title="bbox 2255 3112 3874 3210">
     <span class='ocr_line' id='line_1_62' title="bbox 2255 3112 3874 3210; baseline 0.002 -22"><span class='ocrx_word' id='word_1_468' title='bbox 2255 3112 2501 3204; x_wconf 62' lang='grc' dir='ltr'>ίγωγὰς,</span> <span class='ocrx_word' id='word_1_469' title='bbox 2534 3138 2628 3190; x_wconf 73' lang='grc' dir='ltr'><strong>καὶ</strong></span> <span class='ocrx_word' id='word_1_470' title='bbox 2671 3137 2939 3206; x_wconf 83' lang='grc' dir='ltr'>φυλακὰς,</span> <span class='ocrx_word' id='word_1_471' title='bbox 2972 3112 3276 3210; x_wconf 71' lang='grc' dir='ltr'>ἀγομένους</span> <span class='ocrx_word' id='word_1_472' title='bbox 3327 3139 3422 3192; x_wconf 75' lang='grc' dir='ltr'><strong>ἐπὶ</strong></span> <span class='ocrx_word' id='word_1_473' title='bbox 3467 3138 3726 3208; x_wconf 81' lang='grc' dir='ltr'>βασιλεῖς,</span> <span class='ocrx_word' id='word_1_474' title='bbox 3779 3143 3874 3194; x_wconf 82' lang='grc' dir='ltr'>καὶ</span> 
     </span>
    </p>
   </div>
   <div class='ocr_carea' id='block_1_63' title="bbox 614 3227 2233 3302">
    <p class='ocr_par' dir='ltr' id='par_1_63' title="bbox 614 3229 2191 3300">
     <span class='ocr_line' id='line_1_63' title="bbox 614 3229 2191 3300; baseline 0.007 -20"><span class='ocrx_word' id='word_1_475' title='bbox 614 3238 829 3296; x_wconf 79' lang='lat' dir='ltr'><strong>propter</strong></span> <span class='ocrx_word' id='word_1_476' title='bbox 879 3245 1073 3282; x_wconf 90' lang='lat' dir='ltr'><strong>nomen</strong></span> <span class='ocrx_word' id='word_1_477' title='bbox 1122 3245 1322 3284; x_wconf 91' lang='lat' dir='ltr'><strong>meum.</strong></span> <span class='ocrx_word' id='word_1_478' title='bbox 1365 3229 1692 3300; x_wconf 89' lang='lat' dir='ltr'><strong>Contingent</strong></span> <span class='ocrx_word' id='word_1_479' title='bbox 1723 3243 1902 3288; x_wconf 90' lang='lat' dir='ltr'><strong>autem</strong></span> <span class='ocrx_word' id='word_1_480' title='bbox 1950 3237 2100 3296; x_wconf 74' lang='lat' dir='ltr'><strong>vobis</strong></span> <span class='ocrx_word' id='word_1_481' title='bbox 2139 3239 2191 3291; x_wconf 84' lang='lat' dir='ltr'><strong>iit</strong></span> 
     </span>
    </p>
   </div>
   <div class='ocr_carea' id='block_1_64' title="bbox 2255 3227 3874 3302">
    <p class='ocr_par' dir='ltr' id='par_1_64' title="bbox 2295 3227 3874 3302">
     <span class='ocr_line' id='line_1_64' title="bbox 2295 3227 3874 3302; baseline 0.003 -22"><span class='ocrx_word' id='word_1_482' title='bbox 2295 3229 2568 3298; x_wconf 73' lang='grc' dir='ltr'>ἡγεμόνας</span> <span class='ocrx_word' id='word_1_483' title='bbox 2600 3227 2786 3282; x_wconf 68' lang='grc' dir='ltr'>ἕνεκεν</span> <span class='ocrx_word' id='word_1_484' title='bbox 2822 3228 2916 3283; x_wconf 81' lang='grc' dir='ltr'><strong>τοῦ</strong></span> <span class='ocrx_word' id='word_1_485' title='bbox 2966 3230 3227 3300; x_wconf 83' lang='grc' dir='ltr'>όνόματός</span> <span class='ocrx_word' id='word_1_486' title='bbox 3275 3247 3400 3300; x_wconf 89' lang='grc' dir='ltr'>μου.</span> <span class='ocrx_word' id='word_1_487' title='bbox 3435 3231 3776 3302; x_wconf 78' lang='grc' dir='ltr'>ἀποόήσεται</span> <span class='ocrx_word' id='word_1_488' title='bbox 3819 3233 3874 3285; x_wconf 75' lang='grc' dir='ltr'>δι</span> 
     </span>
    </p>
   </div>
   <div class='ocr_carea' id='block_1_65' title="bbox 612 3319 2231 3396">
    <p class='ocr_par' dir='ltr' id='par_1_65' title="bbox 612 3320 2191 3396">
     <span class='ocr_line' id='line_1_65' title="bbox 612 3320 2191 3396; baseline 0.007 -23"><span class='ocrx_word' id='word_1_489' title='bbox 612 3321 1002 3376; x_wconf 80' lang='lat' dir='ltr'><strong>testimonimn.</strong></span> <span class='ocrx_word' id='word_1_490' title='bbox 1031 3320 1234 3376; x_wconf 72' lang='lat' dir='ltr'><strong>llaliete</strong></span> <span class='ocrx_word' id='word_1_491' title='bbox 1262 3322 1421 3390; x_wconf 79' lang='lat' dir='ltr'><strong>igitur</strong></span> <span class='ocrx_word' id='word_1_492' title='bbox 1442 3323 1602 3376; x_wconf 81' lang='lat' dir='ltr'><strong>ﬁxum</strong></span> <span class='ocrx_word' id='word_1_493' title='bbox 1630 3326 1680 3378; x_wconf 93' lang='lat' dir='ltr'><strong>in</strong></span> <span class='ocrx_word' id='word_1_494' title='bbox 1700 3325 1954 3381; x_wconf 83' lang='lat' dir='ltr'><strong>cordibus</strong></span> <span class='ocrx_word' id='word_1_495' title='bbox 1977 3330 2191 3396; x_wconf 84' lang='lat' dir='ltr'><strong>vestris,</strong></span> 
     </span>
    </p>
   </div>
   <div class='ocr_carea' id='block_1_66' title="bbox 2258 3319 3877 3396">
    <p class='ocr_par' dir='ltr' id='par_1_66' title="bbox 2295 3319 3877 3393">
     <span class='ocr_line' id='line_1_66' title="bbox 2295 3319 3877 3393; baseline 0.002 -21"><span class='ocrx_word' id='word_1_496' title='bbox 2295 3322 2423 3390; x_wconf 83' lang='grc' dir='ltr'>ὑμῖν</span> <span class='ocrx_word' id='word_1_497' title='bbox 2452 3321 2532 3381; x_wconf 83' lang='grc' dir='ltr'><strong>είς</strong></span> <span class='ocrx_word' id='word_1_498' title='bbox 2563 3319 2882 3393; x_wconf 84' lang='grc' dir='ltr'>μαρτύριον.</span> <span class='ocrx_word' id='word_1_499' title='bbox 2919 3320 3088 3375; x_wconf 81' lang='grc' dir='ltr'>Θέσθε</span> <span class='ocrx_word' id='word_1_500' title='bbox 3111 3320 3205 3373; x_wconf 78' lang='grc' dir='ltr'><strong>οῦν</strong></span> <span class='ocrx_word' id='word_1_501' title='bbox 3233 3322 3312 3382; x_wconf 83' lang='grc' dir='ltr'>εις</span> <span class='ocrx_word' id='word_1_502' title='bbox 3335 3319 3434 3384; x_wconf 83' lang='grc' dir='ltr'>τὰς</span> <span class='ocrx_word' id='word_1_503' title='bbox 3464 3321 3693 3388; x_wconf 79' lang='grc' dir='ltr'>καρδίας</span> <span class='ocrx_word' id='word_1_504' title='bbox 3724 3322 3877 3390; x_wconf 85' lang='grc' dir='ltr'>ὑμῶν</span> 
     </span>
    </p>
   </div>
   <div class='ocr_carea' id='block_1_67' title="bbox 612 3410 2231 3490">
    <p class='ocr_par' dir='ltr' id='par_1_67' title="bbox 612 3413 2192 3490">
     <span class='ocr_line' id='line_1_67' title="bbox 612 3413 2192 3490; baseline 0.008 -25"><span class='ocrx_word' id='word_1_505' title='bbox 612 3429 717 3466; x_wconf 91' lang='lat' dir='ltr'><strong>non</strong></span> <span class='ocrx_word' id='word_1_506' title='bbox 783 3428 902 3466; x_wconf 88' lang='lat' dir='ltr'><strong>esse</strong></span> <span class='ocrx_word' id='word_1_507' title='bbox 955 3413 1428 3480; x_wconf 70' lang='lat' dir='ltr'><strong>prarmeditandsm</strong></span> <span class='ocrx_word' id='word_1_508' title='bbox 1470 3416 1859 3474; x_wconf 79' lang='lat' dir='ltr'><strong>defensionem.</strong></span> <span class='ocrx_word' id='word_1_509' title='bbox 1897 3418 2032 3474; x_wconf 82' lang='lat' dir='ltr'><strong>Nam</strong></span> <span class='ocrx_word' id='word_1_510' title='bbox 2077 3421 2192 3490; x_wconf 86' lang='lat' dir='ltr'><strong>ipse</strong></span> 
     </span>
    </p>
   </div>
   <div class='ocr_carea' id='block_1_68' title="bbox 2260 3410 3879 3490">
    <p class='ocr_par' dir='ltr' id='par_1_68' title="bbox 2299 3410 3879 3483">
     <span class='ocr_line' id='line_1_68' title="bbox 2299 3410 3879 3483; baseline -0.001 -20"><span class='ocrx_word' id='word_1_511' title='bbox 2299 3411 2373 3480; x_wconf 84' lang='grc' dir='ltr'>μὴ</span> <span class='ocrx_word' id='word_1_512' title='bbox 2409 3411 2750 3482; x_wconf 79' lang='grc' dir='ltr'>προμελετᾷν</span> <span class='ocrx_word' id='word_1_513' title='bbox 2777 3411 3209 3480; x_wconf 85' lang='grc' dir='ltr'>ἀπολογηθῆναι.</span> <span class='ocrx_word' id='word_1_514' title='bbox 3251 3410 3394 3479; x_wconf 85' lang='grc' dir='ltr'>Ἐγὼ</span> <span class='ocrx_word' id='word_1_515' title='bbox 3431 3410 3542 3483; x_wconf 82' lang='grc' dir='ltr'>γὰρ</span> <span class='ocrx_word' id='word_1_516' title='bbox 3566 3411 3724 3465; x_wconf 85' lang='grc' dir='ltr'>δώσω</span> <span class='ocrx_word' id='word_1_517' title='bbox 3752 3413 3879 3481; x_wconf 83' lang='grc' dir='ltr'>ὑμῖν</span> 
     </span>
    </p>
   </div>
   <div class='ocr_carea' id='block_1_69' title="bbox 612 3495 2231 3580">
    <p class='ocr_par' dir='ltr' id='par_1_69' title="bbox 612 3506 2192 3580">
     <span class='ocr_line' id='line_1_69' title="bbox 612 3506 2192 3580; baseline 0.007 -20"><span class='ocrx_word' id='word_1_518' title='bbox 612 3507 754 3560; x_wconf 84' lang='lat' dir='ltr'><strong>dabo</strong></span> <span class='ocrx_word' id='word_1_519' title='bbox 789 3506 932 3560; x_wconf 87' lang='lat' dir='ltr'><strong>vobis</strong></span> <span class='ocrx_word' id='word_1_520' title='bbox 967 3522 1027 3558; x_wconf 90' lang='lat' dir='ltr'><strong>os</strong></span> <span class='ocrx_word' id='word_1_521' title='bbox 1058 3515 1109 3560; x_wconf 83' lang='lat' dir='ltr'><strong>et</strong></span> <span class='ocrx_word' id='word_1_522' title='bbox 1141 3509 1457 3576; x_wconf 79' lang='lat' dir='ltr'><strong>sapientiam</strong></span> <span class='ocrx_word' id='word_1_523' title='bbox 1493 3511 1576 3562; x_wconf 92' lang='lat' dir='ltr'><strong>cui</strong></span> <span class='ocrx_word' id='word_1_524' title='bbox 1629 3524 1736 3564; x_wconf 90' lang='lat' dir='ltr'><strong>non</strong></span> <span class='ocrx_word' id='word_1_525' title='bbox 1769 3520 2018 3580; x_wconf 89' lang='lat' dir='ltr'><strong>poterunt</strong></span> <span class='ocrx_word' id='word_1_526' title='bbox 2061 3531 2192 3570; x_wconf 88' lang='lat' dir='ltr'><strong>con-</strong></span> 
     </span>
    </p>
   </div>
   <div class='ocr_carea' id='block_1_70' title="bbox 2259 3495 3878 3580">
    <p class='ocr_par' dir='ltr' id='par_1_70' title="bbox 2297 3495 3878 3576">
     <span class='ocr_line' id='line_1_70' title="bbox 2297 3495 3878 3576; baseline 0.001 -22"><span class='ocrx_word' id='word_1_527' title='bbox 2297 3501 2495 3570; x_wconf 85' lang='grc' dir='ltr'>στόμα,</span> <span class='ocrx_word' id='word_1_528' title='bbox 2529 3502 2621 3555; x_wconf 71' lang='grc' dir='ltr'><strong>καὶ</strong></span> <span class='ocrx_word' id='word_1_529' title='bbox 2654 3502 2869 3570; x_wconf 73' lang='grc' dir='ltr'>σοφίαν,</span> <span class='ocrx_word' id='word_1_530' title='bbox 2911 3495 2946 3576; x_wconf 77' lang='grc' dir='ltr'>ᾖ</span> <span class='ocrx_word' id='word_1_531' title='bbox 2985 3503 3046 3554; x_wconf 88' lang='grc' dir='ltr'>οὺ</span> <span class='ocrx_word' id='word_1_532' title='bbox 3081 3500 3403 3571; x_wconf 85' lang='grc' dir='ltr'>δυνήσονται</span> <span class='ocrx_word' id='word_1_533' title='bbox 3429 3502 3729 3567; x_wconf 82' lang='grc' dir='ltr'>ἀντειπεῖν,</span> <span class='ocrx_word' id='word_1_534' title='bbox 3759 3502 3878 3556; x_wconf 47' lang='lat' dir='ltr'><strong>eam</strong></span> 
     </span>
    </p>
   </div>
   <div class='ocr_carea' id='block_1_71' title="bbox 612 3591 2231 3670">
    <p class='ocr_par' dir='ltr' id='par_1_71' title="bbox 612 3596 2194 3670">
     <span class='ocr_line' id='line_1_71' title="bbox 612 3596 2194 3670; baseline 0.008 -21"><span class='ocrx_word' id='word_1_535' title='bbox 612 3596 875 3650; x_wconf 86' lang='lat' dir='ltr'><strong>tradicere</strong></span> <span class='ocrx_word' id='word_1_536' title='bbox 907 3612 1081 3665; x_wconf 71' lang='lat' dir='ltr'><strong>neque</strong></span> <span class='ocrx_word' id='word_1_537' title='bbox 1125 3600 1382 3654; x_wconf 81' lang='lat' dir='ltr'><strong>resistere</strong></span> <span class='ocrx_word' id='word_1_538' title='bbox 1413 3615 1604 3655; x_wconf 91' lang='lat' dir='ltr'><strong>omnes</strong></span> <span class='ocrx_word' id='word_1_539' title='bbox 1630 3601 1721 3670; x_wconf 89' lang='lat' dir='ltr'><strong>qui</strong></span> <span class='ocrx_word' id='word_1_540' title='bbox 1760 3603 2194 3662; x_wconf 87' lang='lat' dir='ltr'><strong>adversabuntur</strong></span> 
     </span>
    </p>
   </div>
   <div class='ocr_carea' id='block_1_72' title="bbox 2260 3591 3879 3670">
    <p class='ocr_par' dir='ltr' id='par_1_72' title="bbox 2294 3591 3879 3663">
     <span class='ocr_line' id='line_1_72' title="bbox 2294 3591 3879 3663; baseline 0 -19"><span class='ocrx_word' id='word_1_541' title='bbox 2294 3592 2614 3662; x_wconf 82' lang='grc' dir='ltr'>ἀντιστῆναι</span> <span class='ocrx_word' id='word_1_542' title='bbox 2651 3592 2850 3654; x_wconf 82' lang='grc' dir='ltr'>πάντες</span> <span class='ocrx_word' id='word_1_543' title='bbox 2874 3593 2924 3644; x_wconf 78' lang='lat' dir='ltr'><strong>ot</strong></span> <span class='ocrx_word' id='word_1_544' title='bbox 2956 3591 3326 3661; x_wconf 80' lang='grc' dir='ltr'>ἀντικείμενοι</span> <span class='ocrx_word' id='word_1_545' title='bbox 3364 3592 3516 3660; x_wconf 78' lang='grc' dir='ltr'>ὑμῖν.</span> <span class='ocrx_word' id='word_1_546' title='bbox 3555 3593 3879 3663; x_wconf 80' lang='grc' dir='ltr'>Παραδοθή-</span> 
     </span>
    </p>
   </div>
   <div class='ocr_carea' id='block_1_73' title="bbox 613 3683 2232 3759">
    <p class='ocr_par' dir='ltr' id='par_1_73' title="bbox 613 3684 2194 3759">
     <span class='ocr_line' id='line_1_73' title="bbox 613 3684 2194 3759; baseline 0.009 -23"><span class='ocrx_word' id='word_1_547' title='bbox 613 3685 787 3740; x_wconf 75' lang='lat' dir='ltr'><strong>vobis.</strong></span> <span class='ocrx_word' id='word_1_548' title='bbox 821 3684 1126 3740; x_wconf 87' lang='lat' dir='ltr'><strong>Trademini</strong></span> <span class='ocrx_word' id='word_1_549' title='bbox 1157 3698 1336 3742; x_wconf 82' lang='lat' dir='ltr'><strong>autem</strong></span> <span class='ocrx_word' id='word_1_550' title='bbox 1378 3690 1538 3743; x_wconf 83' lang='lat' dir='ltr'><strong>etiam</strong></span> <span class='ocrx_word' id='word_1_551' title='bbox 1578 3706 1608 3744; x_wconf 90' lang='lat' dir='ltr'><strong>a</strong></span> <span class='ocrx_word' id='word_1_552' title='bbox 1653 3692 1898 3759; x_wconf 84' lang='lat' dir='ltr'><strong>patribus</strong></span> <span class='ocrx_word' id='word_1_553' title='bbox 1927 3704 1980 3748; x_wconf 88' lang='lat' dir='ltr'><strong>et</strong></span> <span class='ocrx_word' id='word_1_554' title='bbox 2014 3695 2194 3751; x_wconf 86' lang='lat' dir='ltr'><strong>lratri-</strong></span> 
     </span>
    </p>
   </div>
   <div class='ocr_carea' id='block_1_74' title="bbox 2260 3683 3879 3759">
    <p class='ocr_par' dir='ltr' id='par_1_74' title="bbox 2298 3683 3879 3753">
     <span class='ocr_line' id='line_1_74' title="bbox 2298 3683 3879 3753; baseline 0 -17"><span class='ocrx_word' id='word_1_555' title='bbox 2298 3683 2456 3738; x_wconf 89' lang='grc' dir='ltr'>σεσθε</span> <span class='ocrx_word' id='word_1_556' title='bbox 2480 3684 2539 3738; x_wconf 83' lang='grc' dir='ltr'>δὲ</span> <span class='ocrx_word' id='word_1_557' title='bbox 2579 3684 2674 3736; x_wconf 81' lang='grc' dir='ltr'>καὶ</span> <span class='ocrx_word' id='word_1_558' title='bbox 2715 3683 2819 3738; x_wconf 82' lang='grc' dir='ltr'>ὑπὸ</span> <span class='ocrx_word' id='word_1_559' title='bbox 2849 3684 3075 3753; x_wconf 83' lang='grc' dir='ltr'>γονέων,</span> <span class='ocrx_word' id='word_1_560' title='bbox 3106 3685 3199 3738; x_wconf 77' lang='grc' dir='ltr'><strong>καὶ</strong></span> <span class='ocrx_word' id='word_1_561' title='bbox 3227 3683 3530 3752; x_wconf 83' lang='grc' dir='ltr'>συγγενῶν,</span> <span class='ocrx_word' id='word_1_562' title='bbox 3563 3686 3658 3736; x_wconf 83' lang='grc' dir='ltr'>καὶ</span> <span class='ocrx_word' id='word_1_563' title='bbox 3692 3685 3879 3752; x_wconf 73' lang='grc' dir='ltr'>φίλων,</span> 
     </span>
    </p>
   </div>
   <div class='ocr_carea' id='block_1_75' title="bbox 611 3766 2230 3857">
    <p class='ocr_par' dir='ltr' id='par_1_75' title="bbox 611 3778 2197 3857">
     <span class='ocr_line' id='line_1_75' title="bbox 611 3778 2197 3857; baseline 0.01 -29"><span class='ocrx_word' id='word_1_564' title='bbox 611 3778 735 3838; x_wconf 81' lang='lat' dir='ltr'><strong>bus,</strong></span> <span class='ocrx_word' id='word_1_565' title='bbox 769 3786 822 3832; x_wconf 90' lang='lat' dir='ltr'><strong>et</strong></span> <span class='ocrx_word' id='word_1_566' title='bbox 853 3779 1096 3846; x_wconf 78' lang='lat' dir='ltr'><strong>Cognatis</strong></span> <span class='ocrx_word' id='word_1_567' title='bbox 1137 3789 1189 3833; x_wconf 89' lang='lat' dir='ltr'><strong>et</strong></span> <span class='ocrx_word' id='word_1_568' title='bbox 1228 3779 1441 3845; x_wconf 86' lang='lat' dir='ltr'><strong>amicis,</strong></span> <span class='ocrx_word' id='word_1_569' title='bbox 1471 3791 1521 3834; x_wconf 92' lang='lat' dir='ltr'><strong>et</strong></span> <span class='ocrx_word' id='word_1_570' title='bbox 1557 3793 1726 3838; x_wconf 88' lang='lat' dir='ltr'><strong>morte</strong></span> <span class='ocrx_word' id='word_1_571' title='bbox 1761 3783 1996 3840; x_wconf 80' lang='lat' dir='ltr'><strong>allicient</strong></span> <span class='ocrx_word' id='word_1_572' title='bbox 2026 3804 2197 3857; x_wconf 86' lang='lat' dir='ltr'><strong>quos-</strong></span> 
     </span>
    </p>
   </div>
   <div class='ocr_carea' id='block_1_76' title="bbox 2262 3766 3881 3857">
    <p class='ocr_par' dir='ltr' id='par_1_76' title="bbox 2298 3766 3881 3848">
     <span class='ocr_line' id='line_1_76' title="bbox 2298 3766 3881 3848; baseline -0.001 -16"><span class='ocrx_word' id='word_1_573' title='bbox 2298 3780 2393 3832; x_wconf 75' lang='grc' dir='ltr'>καὶ</span> <span class='ocrx_word' id='word_1_574' title='bbox 2422 3777 2690 3846; x_wconf 82' lang='grc' dir='ltr'>ἀδελφῶν,</span> <span class='ocrx_word' id='word_1_575' title='bbox 2717 3779 2810 3830; x_wconf 80' lang='grc' dir='ltr'><strong>καὶ</strong></span> <span class='ocrx_word' id='word_1_576' title='bbox 2841 3766 3244 3833; x_wconf 83' lang='grc' dir='ltr'>θανατώσουσιν</span> <span class='ocrx_word' id='word_1_577' title='bbox 3275 3776 3335 3843; x_wconf 82' lang='grc' dir='ltr'><strong>ὲξ</strong></span> <span class='ocrx_word' id='word_1_578' title='bbox 3357 3777 3534 3848; x_wconf 79' lang='grc' dir='ltr'>ὑμῶν,</span> <span class='ocrx_word' id='word_1_579' title='bbox 3566 3778 3662 3830; x_wconf 74' lang='grc' dir='ltr'><strong>καὶ</strong></span> <span class='ocrx_word' id='word_1_580' title='bbox 3693 3777 3881 3830; x_wconf 68' lang='grc' dir='ltr'>ἔσεσθε</span> 
     </span>
    </p>
   </div>
   <div class='ocr_carea' id='block_1_77' title="bbox 613 3869 2232 3948">
    <p class='ocr_par' dir='ltr' id='par_1_77' title="bbox 613 3869 2196 3948">
     <span class='ocr_line' id='line_1_77' title="bbox 613 3869 2196 3948; baseline 0.008 -25"><span class='ocrx_word' id='word_1_581' title='bbox 613 3873 732 3923; x_wconf 87' lang='lat' dir='ltr'><strong>dam</strong></span> <span class='ocrx_word' id='word_1_582' title='bbox 767 3886 830 3924; x_wconf 80' lang='lat' dir='ltr'><strong>ex</strong></span> <span class='ocrx_word' id='word_1_583' title='bbox 876 3871 1043 3923; x_wconf 81' lang='lat' dir='ltr'><strong>vobls.</strong></span> <span class='ocrx_word' id='word_1_584' title='bbox 1083 3869 1146 3924; x_wconf 87' lang='lat' dir='ltr'><strong>Et</strong></span> <span class='ocrx_word' id='word_1_585' title='bbox 1185 3873 1340 3925; x_wconf 88' lang='lat' dir='ltr'><strong>eritis</strong></span> <span class='ocrx_word' id='word_1_586' title='bbox 1373 3873 1529 3926; x_wconf 86' lang='lat' dir='ltr'><strong>invisi</strong></span> <span class='ocrx_word' id='word_1_587' title='bbox 1559 3876 1812 3930; x_wconf 85' lang='lat' dir='ltr'><strong>omnibus</strong></span> <span class='ocrx_word' id='word_1_588' title='bbox 1845 3891 2059 3948; x_wconf 83' lang='lat' dir='ltr'><strong>propter</strong></span> <span class='ocrx_word' id='word_1_589' title='bbox 2096 3898 2196 3936; x_wconf 88' lang='lat' dir='ltr'><strong>no-</strong></span> 
     </span>
    </p>
   </div>
   <div class='ocr_carea' id='block_1_78' title="bbox 2262 3869 3881 3948">
    <p class='ocr_par' dir='ltr' id='par_1_78' title="bbox 2303 3869 3881 3942">
     <span class='ocr_line' id='line_1_78' title="bbox 2303 3869 3881 3942; baseline -0.001 -19"><span class='ocrx_word' id='word_1_590' title='bbox 2303 3869 2619 3942; x_wconf 83' lang='grc' dir='ltr'>μισούμενοι</span> <span class='ocrx_word' id='word_1_591' title='bbox 2656 3871 2758 3924; x_wconf 86' lang='grc' dir='ltr'><strong>ὑπὸ</strong></span> <span class='ocrx_word' id='word_1_592' title='bbox 2789 3872 3006 3924; x_wconf 77' lang='grc' dir='ltr'>πάντων</span> <span class='ocrx_word' id='word_1_593' title='bbox 3036 3871 3126 3924; x_wconf 84' lang='grc' dir='ltr'><strong>διά</strong></span> <span class='ocrx_word' id='word_1_594' title='bbox 3164 3871 3222 3923; x_wconf 74' lang='grc' dir='ltr'>τὸ</span> <span class='ocrx_word' id='word_1_595' title='bbox 3247 3870 3418 3940; x_wconf 75' lang='grc' dir='ltr'>ὄνομά</span> <span class='ocrx_word' id='word_1_596' title='bbox 3449 3888 3574 3936; x_wconf 88' lang='grc' dir='ltr'>μου.</span> <span class='ocrx_word' id='word_1_597' title='bbox 3612 3871 3724 3923; x_wconf 75' lang='grc' dir='ltr'><strong>Καὶ</strong></span> <span class='ocrx_word' id='word_1_598' title='bbox 3765 3869 3881 3940; x_wconf 71' lang='grc' dir='ltr'>θρὶξ</span> 
     </span>
    </p>
   </div>
   <div class='ocr_carea' id='block_1_79' title="bbox 614 3960 2233 4040">
    <p class='ocr_par' dir='ltr' id='par_1_79' title="bbox 614 3960 2199 4040">
     <span class='ocr_line' id='line_1_79' title="bbox 614 3960 2199 4040; baseline 0.009 -24"><span class='ocrx_word' id='word_1_599' title='bbox 614 3977 738 4016; x_wconf 84' lang='lat' dir='ltr'><strong>men</strong></span> <span class='ocrx_word' id='word_1_600' title='bbox 771 3978 968 4017; x_wconf 89' lang='lat' dir='ltr'><strong>meum.</strong></span> <span class='ocrx_word' id='word_1_601' title='bbox 989 3960 1053 4015; x_wconf 87' lang='lat' dir='ltr'><strong>Et</strong></span> <span class='ocrx_word' id='word_1_602' title='bbox 1077 3965 1214 4033; x_wconf 90' lang='lat' dir='ltr'><strong>pilus</strong></span> <span class='ocrx_word' id='word_1_603' title='bbox 1241 3964 1305 4018; x_wconf 89' lang='lat' dir='ltr'><strong>de</strong></span> <span class='ocrx_word' id='word_1_604' title='bbox 1332 3965 1509 4034; x_wconf 87' lang='lat' dir='ltr'><strong>capite</strong></span> <span class='ocrx_word' id='word_1_605' title='bbox 1529 3977 1703 4022; x_wconf 84' lang='lat' dir='ltr'><strong>vestro</strong></span> <span class='ocrx_word' id='word_1_606' title='bbox 1720 3984 1823 4023; x_wconf 91' lang='lat' dir='ltr'><strong>non</strong></span> <span class='ocrx_word' id='word_1_607' title='bbox 1851 3972 2067 4040; x_wconf 85' lang='lat' dir='ltr'><strong>peribit.</strong></span> <span class='ocrx_word' id='word_1_608' title='bbox 2095 3973 2199 4031; x_wconf 84' lang='lat' dir='ltr'><strong>Per</strong></span> 
     </span>
    </p>
   </div>
   <div class='ocr_carea' id='block_1_80' title="bbox 2262 3960 3881 4040">
    <p class='ocr_par' dir='ltr' id='par_1_80' title="bbox 2299 3960 3881 4034">
     <span class='ocr_line' id='line_1_80' title="bbox 2299 3960 3881 4034; baseline -0.001 -17"><span class='ocrx_word' id='word_1_609' title='bbox 2299 3966 2362 4017; x_wconf 80' lang='grc' dir='ltr'>ὲκ</span> <span class='ocrx_word' id='word_1_610' title='bbox 2395 3965 2494 4032; x_wconf 85' lang='grc' dir='ltr'><strong>τῆς</strong></span> <span class='ocrx_word' id='word_1_611' title='bbox 2531 3965 2774 4034; x_wconf 81' lang='grc' dir='ltr'>κεφαλῆς</span> <span class='ocrx_word' id='word_1_612' title='bbox 2815 3963 2969 4033; x_wconf 84' lang='grc' dir='ltr'>ὑμῶν</span> <span class='ocrx_word' id='word_1_613' title='bbox 2998 3963 3057 4016; x_wconf 70' lang='grc' dir='ltr'><strong>οὐ</strong></span> <span class='ocrx_word' id='word_1_614' title='bbox 3090 3963 3164 4033; x_wconf 78' lang='grc' dir='ltr'>μὴ</span> <span class='ocrx_word' id='word_1_615' title='bbox 3196 3961 3485 4033; x_wconf 80' lang='grc' dir='ltr'>ἀπόληται.</span> <span class='ocrx_word' id='word_1_616' title='bbox 3537 3960 3627 4015; x_wconf 82' lang='grc' dir='ltr'><strong>Ἐν</strong></span> <span class='ocrx_word' id='word_1_617' title='bbox 3654 3966 3721 4032; x_wconf 80' lang='grc' dir='ltr'>τῇ</span> <span class='ocrx_word' id='word_1_618' title='bbox 3750 3964 3881 4016; x_wconf 82' lang='grc' dir='ltr'>ὑπο-</span> 
     </span>
    </p>
   </div>
   <div class='ocr_carea' id='block_1_81' title="bbox 617 4053 2236 4127">
    <p class='ocr_par' dir='ltr' id='par_1_81' title="bbox 617 4055 2191 4126">
     <span class='ocr_line' id='line_1_81' title="bbox 617 4055 2191 4126; baseline 0.01 -21"><span class='ocrx_word' id='word_1_619' title='bbox 617 4055 934 4124; x_wconf 86' lang='lat' dir='ltr'><strong>patieutiam</strong></span> <span class='ocrx_word' id='word_1_620' title='bbox 996 4066 1232 4111; x_wconf 89' lang='lat' dir='ltr'><strong>vestram</strong></span> <span class='ocrx_word' id='word_1_621' title='bbox 1299 4059 1574 4126; x_wconf 80' lang='lat' dir='ltr'><strong>possidete</strong></span> <span class='ocrx_word' id='word_1_622' title='bbox 1613 4062 1822 4116; x_wconf 86' lang='lat' dir='ltr'><strong>animas</strong></span> <span class='ocrx_word' id='word_1_623' title='bbox 1875 4075 2111 4124; x_wconf 87' lang='lat' dir='ltr'><strong>vestras.</strong></span> <span class='ocrx_word' id='word_1_624' title='bbox 2173 4086 2191 4120; x_wconf 73' lang='grc' dir='ltr'><strong>ι</strong></span> 
     </span>
    </p>
   </div>
   <div class='ocr_carea' id='block_1_82' title="bbox 2264 4053 3883 4127">
    <p class='ocr_par' dir='ltr' id='par_1_82' title="bbox 2302 4053 3883 4127">
     <span class='ocr_line' id='line_1_82' title="bbox 2302 4053 3883 4127; baseline 0.001 -19"><span class='ocrx_word' id='word_1_625' title='bbox 2302 4059 2436 4127; x_wconf 81' lang='grc' dir='ltr'>μονῇ</span> <span class='ocrx_word' id='word_1_626' title='bbox 2463 4055 2616 4125; x_wconf 85' lang='grc' dir='ltr'>ὑμῶν</span> <span class='ocrx_word' id='word_1_627' title='bbox 2641 4055 2918 4126; x_wconf 84' lang='grc' dir='ltr'>κτήσασθε</span> <span class='ocrx_word' id='word_1_628' title='bbox 2942 4055 3038 4119; x_wconf 80' lang='grc' dir='ltr'>τὰς</span> <span class='ocrx_word' id='word_1_629' title='bbox 3067 4055 3245 4125; x_wconf 82' lang='grc' dir='ltr'>ψυχὰς</span> <span class='ocrx_word' id='word_1_630' title='bbox 3277 4053 3453 4124; x_wconf 77' lang='grc' dir='ltr'>ὑμῶν.</span> <span class='ocrx_word' id='word_1_631' title='bbox 3491 4073 3509 4106; x_wconf 77' lang='grc' dir='ltr'><strong>ι</strong></span> <span class='ocrx_word' id='word_1_632' title='bbox 3544 4055 3658 4126; x_wconf 85' lang='grc' dir='ltr'>Πρὸ</span> <span class='ocrx_word' id='word_1_633' title='bbox 3680 4054 3883 4109; x_wconf 81' lang='grc' dir='ltr'>τούτων</span> 
     </span>
    </p>
   </div>
   <div class='ocr_carea' id='block_1_83' title="bbox 617 4146 2236 4222">
    <p class='ocr_par' dir='ltr' id='par_1_83' title="bbox 617 4147 2200 4222">
     <span class='ocr_line' id='line_1_83' title="bbox 617 4147 2200 4222; baseline 0.009 -21"><span class='ocrx_word' id='word_1_634' title='bbox 617 4147 758 4202; x_wconf 82' lang='lat' dir='ltr'><strong>Ante</strong></span> <span class='ocrx_word' id='word_1_635' title='bbox 785 4149 897 4202; x_wconf 77' lang='lat' dir='ltr'><strong>hanc</strong></span> <span class='ocrx_word' id='word_1_636' title='bbox 928 4149 1128 4213; x_wconf 89' lang='lat' dir='ltr'><strong>omnia,</strong></span> <span class='ocrx_word' id='word_1_637' title='bbox 1167 4150 1268 4204; x_wconf 87' lang='lat' dir='ltr'><strong>hoc</strong></span> <span class='ocrx_word' id='word_1_638' title='bbox 1307 4159 1410 4215; x_wconf 87' lang='lat' dir='ltr'><strong>est,</strong></span> <span class='ocrx_word' id='word_1_639' title='bbox 1445 4165 1506 4205; x_wconf 88' lang='lat' dir='ltr'><strong>ea</strong></span> <span class='ocrx_word' id='word_1_640' title='bbox 1560 4167 1678 4222; x_wconf 81' lang='lat' dir='ltr'><strong>quae</strong></span> <span class='ocrx_word' id='word_1_641' title='bbox 1711 4154 1841 4211; x_wconf 84' lang='lat' dir='ltr'><strong>nent</strong></span> <span class='ocrx_word' id='word_1_642' title='bbox 1891 4168 2018 4214; x_wconf 90' lang='lat' dir='ltr'><strong>ante</strong></span> <span class='ocrx_word' id='word_1_643' title='bbox 2070 4175 2200 4215; x_wconf 87' lang='lat' dir='ltr'><strong>eon-</strong></span> 
     </span>
    </p>
   </div>
   <div class='ocr_carea' id='block_1_84' title="bbox 2259 4146 3878 4222">
    <p class='ocr_par' dir='ltr' id='par_1_84' title="bbox 2300 4146 3878 4218">
     <span class='ocr_line' id='line_1_84' title="bbox 2300 4146 3878 4218; baseline -0.001 -17"><span class='ocrx_word' id='word_1_644' title='bbox 2300 4149 2540 4214; x_wconf 79' lang='grc' dir='ltr'>πάντων,</span> <span class='ocrx_word' id='word_1_645' title='bbox 2562 4147 2672 4200; x_wconf 85' lang='grc' dir='ltr'><strong>τῶν</strong></span> <span class='ocrx_word' id='word_1_646' title='bbox 2695 4147 2794 4217; x_wconf 79' lang='grc' dir='ltr'>τῆς</span> <span class='ocrx_word' id='word_1_647' title='bbox 2817 4146 3146 4213; x_wconf 88' lang='grc' dir='ltr'>συντελείας,</span> <span class='ocrx_word' id='word_1_648' title='bbox 3171 4147 3205 4218; x_wconf 82' lang='grc' dir='ltr'><strong>ἢ</strong></span> <span class='ocrx_word' id='word_1_649' title='bbox 3228 4147 3324 4200; x_wconf 74' lang='grc' dir='ltr'>καὶ</span> <span class='ocrx_word' id='word_1_650' title='bbox 3349 4147 3456 4200; x_wconf 87' lang='grc' dir='ltr'><strong>τῶν</strong></span> <span class='ocrx_word' id='word_1_651' title='bbox 3479 4148 3578 4216; x_wconf 82' lang='grc' dir='ltr'><strong>τῆς</strong></span> <span class='ocrx_word' id='word_1_652' title='bbox 3605 4146 3878 4212; x_wconf 77' lang='grc' dir='ltr'>ἁλώσεως·</span> 
     </span>
    </p>
   </div>
   <div class='ocr_carea' id='block_1_85' title="bbox 616 4234 2235 4312">
    <p class='ocr_par' dir='ltr' id='par_1_85' title="bbox 616 4237 2199 4312">
     <span class='ocr_line' id='line_1_85' title="bbox 616 4237 2199 4312; baseline 0.008 -20"><span class='ocrx_word' id='word_1_653' title='bbox 616 4242 1055 4304; x_wconf 85' lang='lat' dir='ltr'><strong>suunnationem,</strong></span> <span class='ocrx_word' id='word_1_654' title='bbox 1113 4237 1194 4293; x_wconf 82' lang='lat' dir='ltr'><strong>vel</strong></span> <span class='ocrx_word' id='word_1_655' title='bbox 1247 4239 1409 4293; x_wconf 90' lang='lat' dir='ltr'><strong>etiam</strong></span> <span class='ocrx_word' id='word_1_656' title='bbox 1469 4242 1868 4309; x_wconf 79' lang='lat' dir='ltr'><strong>captivitatem.</strong></span> <span class='ocrx_word' id='word_1_657' title='bbox 1923 4246 2079 4312; x_wconf 87' lang='lat' dir='ltr'><strong>Nam,</strong></span> <span class='ocrx_word' id='word_1_658' title='bbox 2140 4262 2199 4304; x_wconf 91' lang='lat' dir='ltr'><strong>ut</strong></span> 
     </span>
    </p>
   </div>
   <div class='ocr_carea' id='block_1_86' title="bbox 2259 4234 3878 4312">
    <p class='ocr_par' dir='ltr' id='par_1_86' title="bbox 2300 4234 3878 4309">
     <span class='ocr_line' id='line_1_86' title="bbox 2300 4234 3878 4309; baseline 0.001 -18"><span class='ocrx_word' id='word_1_659' title='bbox 2300 4239 2375 4302; x_wconf 83' lang='grc' dir='ltr'><strong>ὡς</strong></span> <span class='ocrx_word' id='word_1_660' title='bbox 2413 4234 2569 4291; x_wconf 71' lang='grc' dir='ltr'>εἷπον</span> <span class='ocrx_word' id='word_1_661' title='bbox 2585 4239 2715 4307; x_wconf 82' lang='grc' dir='ltr'>γὰρ,</span> <span class='ocrx_word' id='word_1_662' title='bbox 2749 4239 3098 4308; x_wconf 78' lang='grc' dir='ltr'>παραπλέκει</span> <span class='ocrx_word' id='word_1_663' title='bbox 3138 4240 3252 4299; x_wconf 89' lang='grc' dir='ltr'>τοῖς</span> <span class='ocrx_word' id='word_1_664' title='bbox 3280 4237 3536 4309; x_wconf 74' lang='grc' dir='ltr'>περὶτῆς</span> <span class='ocrx_word' id='word_1_665' title='bbox 3570 4239 3878 4304; x_wconf 84' lang='grc' dir='ltr'>συντελείας</span> 
     </span>
    </p>
   </div>
   <div class='ocr_carea' id='block_1_87' title="bbox 621 4316 2240 4404">
    <p class='ocr_par' dir='ltr' id='par_1_87' title="bbox 621 4316 2201 4404">
     <span class='ocr_line' id='line_1_87' title="bbox 621 4316 2201 4404; baseline 0.008 -21"><span class='ocrx_word' id='word_1_666' title='bbox 621 4330 751 4393; x_wconf 82' lang='lat' dir='ltr'><strong>dixi,</strong></span> <span class='ocrx_word' id='word_1_667' title='bbox 784 4330 1063 4398; x_wconf 85' lang='lat' dir='ltr'><strong>conjungit</strong></span> <span class='ocrx_word' id='word_1_668' title='bbox 1087 4316 1432 4384; x_wconf 74' lang='lat' dir='ltr'><strong>sermdnibus</strong></span> <span class='ocrx_word' id='word_1_669' title='bbox 1465 4332 1530 4386; x_wconf 90' lang='lat' dir='ltr'><strong>de</strong></span> <span class='ocrx_word' id='word_1_670' title='bbox 1565 4339 2053 4404; x_wconf 86' lang='lat' dir='ltr'><strong>consmmnatione,</strong></span> <span class='ocrx_word' id='word_1_671' title='bbox 2085 4357 2201 4398; x_wconf 90' lang='lat' dir='ltr'><strong>ser-</strong></span> 
     </span>
    </p>
   </div>
   <div class='ocr_carea' id='block_1_88' title="bbox 2261 4316 3880 4404">
    <p class='ocr_par' dir='ltr' id='par_1_88' title="bbox 2300 4330 3880 4403">
     <span class='ocr_line' id='line_1_88' title="bbox 2300 4330 3880 4403; baseline 0.002 -20"><span class='ocrx_word' id='word_1_672' title='bbox 2300 4331 2478 4400; x_wconf 85' lang='grc' dir='ltr'>λὸγοις</span> <span class='ocrx_word' id='word_1_673' title='bbox 2512 4333 2638 4391; x_wconf 77' lang='grc' dir='ltr'>τοὺς</span> <span class='ocrx_word' id='word_1_674' title='bbox 2696 4331 2826 4399; x_wconf 75' lang='grc' dir='ltr'>περὶ</span> <span class='ocrx_word' id='word_1_675' title='bbox 2882 4331 2978 4399; x_wconf 85' lang='grc' dir='ltr'>τῆς</span> <span class='ocrx_word' id='word_1_676' title='bbox 3039 4330 3314 4396; x_wconf 80' lang='grc' dir='ltr'>ἁλώσεως.</span> <span class='ocrx_word' id='word_1_677' title='bbox 3350 4330 3738 4385; x_wconf 78' lang='grc' dir='ltr'>Ἐπιὸαλοῦσιν</span> <span class='ocrx_word' id='word_1_678' title='bbox 3799 4335 3880 4403; x_wconf 72' lang='grc' dir='ltr'><strong>ἐφ’</strong></span> 
     </span>
    </p>
   </div>
   <div class='ocr_carea' id='block_1_89' title="bbox 623 4420 2242 4527">
    <p class='ocr_par' dir='ltr' id='par_1_89' title="bbox 623 4423 2242 4527">
     <span class='ocr_line' id='line_1_89' title="bbox 623 4423 2242 4527; baseline 0.011 -52"><span class='ocrx_word' id='word_1_679' title='bbox 623 4437 810 4476; x_wconf 86' lang='lat' dir='ltr'><strong>mones</strong></span> <span class='ocrx_word' id='word_1_680' title='bbox 832 4423 897 4475; x_wconf 91' lang='lat' dir='ltr'><strong>de</strong></span> <span class='ocrx_word' id='word_1_681' title='bbox 924 4423 1253 4491; x_wconf 87' lang='lat' dir='ltr'><strong>captivitate.</strong></span> <span class='ocrx_word' id='word_1_682' title='bbox 1302 4423 1551 4492; x_wconf 89' lang='lat' dir='ltr'><strong>lnjicient</strong></span> <span class='ocrx_word' id='word_1_683' title='bbox 1579 4429 1747 4494; x_wconf 90' lang='lat' dir='ltr'><strong>enim,</strong></span> <span class='ocrx_word' id='word_1_684' title='bbox 1785 4430 1981 4502; x_wconf 90' lang='lat' dir='ltr'><strong>inquit,</strong></span> <span class='ocrx_word' id='word_1_685' title='bbox 2020 4435 2070 4488; x_wconf 94' lang='lat' dir='ltr'><strong>in</strong></span> <span class='ocrx_word' id='word_1_686' title='bbox 2099 4451 2195 4492; x_wconf 83' lang='lat' dir='ltr'><strong>vos</strong></span> <span class='ocrx_word' id='word_1_687' title='bbox 2229 4471 2242 4527; x_wconf 71' lang='grc'><strong>1</strong></span> 
     </span>
    </p>
   </div>
   <div class='ocr_carea' id='block_1_90' title="bbox 2259 4420 3878 4527">
    <p class='ocr_par' dir='ltr' id='par_1_90' title="bbox 2259 4420 3878 4524">
     <span class='ocr_line' id='line_1_90' title="bbox 2259 4420 3878 4524; baseline -0.002 -47"><span class='ocrx_word' id='word_1_688' title='bbox 2259 4476 2271 4524; x_wconf 38' lang='grc' dir='ltr'><strong><em>ὓ</em></strong></span> <span class='ocrx_word' id='word_1_689' title='bbox 2303 4424 2471 4493; x_wconf 72' lang='grc' dir='ltr'>ὑμᾶς,</span> <span class='ocrx_word' id='word_1_690' title='bbox 2520 4423 2676 4492; x_wconf 72' lang='grc' dir='ltr'>φησὶ,</span> <span class='ocrx_word' id='word_1_691' title='bbox 2706 4422 2829 4485; x_wconf 82' lang='grc' dir='ltr'>τοὺς</span> <span class='ocrx_word' id='word_1_692' title='bbox 2871 4421 3037 4492; x_wconf 75' lang='grc' dir='ltr'>ἐμοὺς</span> <span class='ocrx_word' id='word_1_693' title='bbox 3069 4420 3340 4490; x_wconf 77' lang='grc' dir='ltr'>μαθητὰς,</span> <span class='ocrx_word' id='word_1_694' title='bbox 3381 4421 3480 4483; x_wconf 82' lang='grc' dir='ltr'><strong>τὰς</strong></span> <span class='ocrx_word' id='word_1_695' title='bbox 3527 4422 3737 4492; x_wconf 86' lang='grc' dir='ltr'>χεῖρας.</span> <span class='ocrx_word' id='word_1_696' title='bbox 3770 4421 3878 4476; x_wconf 78' lang='grc' dir='ltr'><strong>Καὶ</strong></span> 
     </span>
    </p>
   </div>
   <div class='ocr_carea' id='block_1_91' title="bbox 624 4512 2243 4594">
    <p class='ocr_par' dir='ltr' id='par_1_91' title="bbox 624 4512 2243 4594">
     <span class='ocr_line' id='line_1_91' title="bbox 624 4512 2243 4594; baseline 0.011 -26"><span class='ocrx_word' id='word_1_697' title='bbox 624 4516 774 4570; x_wconf 78' lang='lat' dir='ltr'><strong>meos</strong></span> <span class='ocrx_word' id='word_1_698' title='bbox 804 4515 1119 4586; x_wconf 82' lang='lat' dir='ltr'><strong>discipulos.</strong></span> <span class='ocrx_word' id='word_1_699' title='bbox 1159 4532 1370 4572; x_wconf 88' lang='lat' dir='ltr'><strong>manus.</strong></span> <span class='ocrx_word' id='word_1_700' title='bbox 1401 4518 1464 4572; x_wconf 84' lang='lat' dir='ltr'><strong>Et</strong></span> <span class='ocrx_word' id='word_1_701' title='bbox 1500 4531 1623 4576; x_wconf 90' lang='lat' dir='ltr'><strong>aute</strong></span> <span class='ocrx_word' id='word_1_702' title='bbox 1646 4534 1859 4594; x_wconf 82' lang='lat' dir='ltr'><strong>captain</strong></span> <span class='ocrx_word' id='word_1_703' title='bbox 1890 4524 2190 4584; x_wconf 82' lang='lat' dir='ltr'><strong>JeruSaletn</strong></span> <span class='ocrx_word' id='word_1_704' title='bbox 2229 4512 2243 4527; x_wconf 47' lang='lat' dir='ltr'><strong>I</strong></span> 
     </span>
    </p>
   </div>
   <div class='ocr_carea' id='block_1_92' title="bbox 2260 4512 3879 4594">
    <p class='ocr_par' dir='ltr' id='par_1_92' title="bbox 2260 4512 3879 4588">
     <span class='ocr_line' id='line_1_92' title="bbox 2260 4512 3879 4588; baseline -0.002 -19"><span class='ocrx_word' id='word_1_705' title='bbox 2260 4512 2268 4523; x_wconf 87' lang='grc'><em>’</em></span> <span class='ocrx_word' id='word_1_706' title='bbox 2301 4518 2405 4588; x_wconf 79' lang='grc' dir='ltr'><strong>πρὸ</strong></span> <span class='ocrx_word' id='word_1_707' title='bbox 2448 4517 2546 4586; x_wconf 73' lang='grc' dir='ltr'>τῆς</span> <span class='ocrx_word' id='word_1_708' title='bbox 2598 4515 2852 4578; x_wconf 83' lang='grc' dir='ltr'>ἁλώσεως</span> <span class='ocrx_word' id='word_1_709' title='bbox 2884 4515 2992 4584; x_wconf 82' lang='grc' dir='ltr'><strong>γάρ</strong></span> <span class='ocrx_word' id='word_1_710' title='bbox 3026 4512 3366 4584; x_wconf 69' lang='grc' dir='ltr'>ἐδιώχθησαν</span> <span class='ocrx_word' id='word_1_711' title='bbox 3411 4515 3459 4566; x_wconf 80' lang='grc' dir='ltr'><strong>οῖ</strong></span> <span class='ocrx_word' id='word_1_712' title='bbox 3491 4514 3782 4568; x_wconf 86' lang='grc' dir='ltr'>ἀπόστολοι</span> <span class='ocrx_word' id='word_1_713' title='bbox 3823 4517 3879 4567; x_wconf 83' lang='grc' dir='ltr'>ἐκ</span> 
     </span>
    </p>
   </div>
   <div class='ocr_carea' id='block_1_93' title="bbox 621 4601 2240 4689">
    <p class='ocr_par' dir='ltr' id='par_1_93' title="bbox 621 4608 2191 4689">
     <span class='ocr_line' id='line_1_93' title="bbox 621 4608 2191 4689; baseline 0.01 -30"><span class='ocrx_word' id='word_1_714' title='bbox 621 4608 994 4675; x_wconf 86' lang='lat' dir='ltr'><strong>persecutione</strong></span> <span class='ocrx_word' id='word_1_715' title='bbox 1041 4609 1178 4676; x_wconf 85' lang='lat' dir='ltr'><strong>pulsi</strong></span> <span class='ocrx_word' id='word_1_716' title='bbox 1231 4618 1357 4663; x_wconf 90' lang='lat' dir='ltr'><strong>sunt</strong></span> <span class='ocrx_word' id='word_1_717' title='bbox 1402 4613 1630 4678; x_wconf 76' lang='lat' dir='ltr'><strong>apostoli</strong></span> <span class='ocrx_word' id='word_1_718' title='bbox 1656 4628 1723 4667; x_wconf 76' lang='lat' dir='ltr'><strong>ex</strong></span> <span class='ocrx_word' id='word_1_719' title='bbox 1763 4613 2191 4689; x_wconf 77' lang='lat' dir='ltr'><strong>Hierosolymis:</strong></span> 
     </span>
    </p>
   </div>
   <div class='ocr_carea' id='block_1_94' title="bbox 2259 4601 3878 4689">
    <p class='ocr_par' dir='ltr' id='par_1_94' title="bbox 2297 4601 3878 4679">
     <span class='ocr_line' id='line_1_94' title="bbox 2297 4601 3878 4679; baseline -0.002 -19"><span class='ocrx_word' id='word_1_720' title='bbox 2297 4609 2406 4660; x_wconf 87' lang='grc' dir='ltr'><strong>τῶν</strong></span> <span class='ocrx_word' id='word_1_721' title='bbox 2439 4607 2705 4679; x_wconf 87' lang='grc' dir='ltr'>Ἱεροσολύ</span> <span class='ocrx_word' id='word_1_722' title='bbox 2716 4624 2853 4677; x_wconf 84' lang='grc' dir='ltr'>μων,</span> <span class='ocrx_word' id='word_1_723' title='bbox 2878 4604 2972 4658; x_wconf 85' lang='grc' dir='ltr'><strong>τοῦ</strong></span> <span class='ocrx_word' id='word_1_724' title='bbox 2993 4603 3129 4658; x_wconf 86' lang='grc' dir='ltr'>Θεοῦ</span> <span class='ocrx_word' id='word_1_725' title='bbox 3151 4601 3428 4656; x_wconf 78' lang='grc' dir='ltr'>καὶτοῦτο</span> <span class='ocrx_word' id='word_1_726' title='bbox 3448 4604 3878 4671; x_wconf 84' lang='grc' dir='ltr'>οίκονομοῦντος,</span> 
     </span>
    </p>
   </div>
   <div class='ocr_carea' id='block_1_95' title="bbox 621 4693 2240 4767">
    <p class='ocr_par' dir='ltr' id='par_1_95' title="bbox 621 4698 2217 4767">
     <span class='ocr_line' id='line_1_95' title="bbox 621 4698 2217 4767; baseline 0.01 -15"><span class='ocrx_word' id='word_1_727' title='bbox 621 4698 730 4752; x_wconf 83' lang='lat' dir='ltr'><strong>Deo</strong></span> <span class='ocrx_word' id='word_1_728' title='bbox 761 4699 861 4752; x_wconf 81' lang='lat' dir='ltr'><strong>huc</strong></span> <span class='ocrx_word' id='word_1_729' title='bbox 904 4700 976 4751; x_wconf 90' lang='lat' dir='ltr'><strong>ita</strong></span> <span class='ocrx_word' id='word_1_730' title='bbox 1017 4699 1382 4766; x_wconf 70' lang='lat' dir='ltr'><strong>dispensante,</strong></span> <span class='ocrx_word' id='word_1_731' title='bbox 1417 4710 1473 4754; x_wconf 92' lang='lat' dir='ltr'><strong>ut</strong></span> <span class='ocrx_word' id='word_1_732' title='bbox 1509 4703 1709 4759; x_wconf 90' lang='lat' dir='ltr'><strong>milites</strong></span> <span class='ocrx_word' id='word_1_733' title='bbox 1738 4706 1907 4760; x_wconf 89' lang='lat' dir='ltr'><strong>solum</strong></span> <span class='ocrx_word' id='word_1_734' title='bbox 1944 4701 2217 4767; x_wconf 16' lang='lat' dir='ltr'><strong>concute--</strong></span> 
     </span>
    </p>
   </div>
   <div class='ocr_carea' id='block_1_96' title="bbox 2259 4693 3878 4767">
    <p class='ocr_par' dir='ltr' id='par_1_96' title="bbox 2299 4693 3878 4767">
     <span class='ocr_line' id='line_1_96' title="bbox 2299 4693 3878 4767; baseline -0.002 -15"><span class='ocrx_word' id='word_1_735' title='bbox 2299 4700 2386 4753; x_wconf 88' lang='grc' dir='ltr'><strong>ῐνα</strong></span> <span class='ocrx_word' id='word_1_736' title='bbox 2424 4699 2602 4766; x_wconf 89' lang='grc' dir='ltr'>μόνοις</span> <span class='ocrx_word' id='word_1_737' title='bbox 2632 4701 2745 4762; x_wconf 84' lang='grc' dir='ltr'>τοῖς</span> <span class='ocrx_word' id='word_1_738' title='bbox 2779 4697 3122 4767; x_wconf 86' lang='grc' dir='ltr'>σταυρωταῖς</span> <span class='ocrx_word' id='word_1_739' title='bbox 3149 4693 3586 4765; x_wconf 78' lang='grc' dir='ltr'>ἑπικατασεισθῇ</span> <span class='ocrx_word' id='word_1_740' title='bbox 3617 4696 3686 4749; x_wconf 83' lang='grc' dir='ltr'><strong>τά</strong></span> <span class='ocrx_word' id='word_1_741' title='bbox 3713 4697 3878 4760; x_wconf 75' lang='grc' dir='ltr'>δεινὰ,</span> 
     </span>
    </p>
   </div>
   <div class='ocr_carea' id='block_1_97' title="bbox 621 4785 2240 4865">
    <p class='ocr_par' dir='ltr' id='par_1_97' title="bbox 621 4788 2193 4865">
     <span class='ocr_line' id='line_1_97' title="bbox 621 4788 2193 4865; baseline 0.008 -22"><span class='ocrx_word' id='word_1_742' title='bbox 621 4798 761 4853; x_wconf 84' lang='lat' dir='ltr'><strong>rent,</strong></span> <span class='ocrx_word' id='word_1_743' title='bbox 791 4797 844 4841; x_wconf 85' lang='lat' dir='ltr'><strong>ct</strong></span> <span class='ocrx_word' id='word_1_744' title='bbox 875 4789 1111 4856; x_wconf 75' lang='lat' dir='ltr'><strong>graviter</strong></span> <span class='ocrx_word' id='word_1_745' title='bbox 1142 4788 1438 4859; x_wconf 80' lang='lat' dir='ltr'><strong>adﬂigerent</strong></span> <span class='ocrx_word' id='word_1_746' title='bbox 1469 4791 1682 4848; x_wconf 75' lang='lat' dir='ltr'><strong>Judaeos</strong></span> <span class='ocrx_word' id='word_1_747' title='bbox 1706 4798 1797 4865; x_wconf 86' lang='lat' dir='ltr'><strong>qui</strong></span> <span class='ocrx_word' id='word_1_748' title='bbox 1828 4796 2098 4856; x_wconf 86' lang='lat' dir='ltr'><strong>Christum</strong></span> <span class='ocrx_word' id='word_1_749' title='bbox 2129 4804 2193 4856; x_wconf 87' lang='lat' dir='ltr'><strong>ad</strong></span> 
     </span>
    </p>
   </div>
   <div class='ocr_carea' id='block_1_98' title="bbox 2261 4785 3880 4865">
    <p class='ocr_par' dir='ltr' id='par_1_98' title="bbox 2300 4785 3880 4861">
     <span class='ocr_line' id='line_1_98' title="bbox 2300 4785 3880 4861; baseline -0.003 -15"><span class='ocrx_word' id='word_1_750' title='bbox 2300 4793 2456 4846; x_wconf 57' lang='grc' dir='ltr'>α’)τοϊ</span> <span class='ocrx_word' id='word_1_751' title='bbox 2487 4792 2543 4845; x_wconf 75' lang='grc' dir='ltr'>δὲ</span> <span class='ocrx_word' id='word_1_752' title='bbox 2563 4790 2654 4844; x_wconf 83' lang='grc' dir='ltr'>τὸν</span> <span class='ocrx_word' id='word_1_753' title='bbox 2675 4789 2879 4859; x_wconf 87' lang='grc' dir='ltr'>κόσμον</span> <span class='ocrx_word' id='word_1_754' title='bbox 2903 4788 3044 4852; x_wconf 81' lang='grc' dir='ltr'>ὅλον,</span> <span class='ocrx_word' id='word_1_755' title='bbox 3076 4788 3126 4840; x_wconf 77' lang='grc' dir='ltr'>οἱ</span> <span class='ocrx_word' id='word_1_756' title='bbox 3153 4785 3439 4840; x_wconf 78' lang='grc' dir='ltr'>ἀπόστολοι</span> <span class='ocrx_word' id='word_1_757' title='bbox 3463 4786 3630 4854; x_wconf 81' lang='grc' dir='ltr'>λέγω,</span> <span class='ocrx_word' id='word_1_758' title='bbox 3662 4787 3880 4861; x_wconf 76' lang='grc' dir='ltr'>πληρὼο</span> 
     </span>
    </p>
   </div>
   <div class='ocr_carea' id='block_1_99' title="bbox 620 4879 2239 4954">
    <p class='ocr_par' dir='ltr' id='par_1_99' title="bbox 620 4880 2192 4952">
     <span class='ocr_line' id='line_1_99' title="bbox 620 4880 2192 4952; baseline 0.009 -19"><span class='ocrx_word' id='word_1_759' title='bbox 620 4894 835 4936; x_wconf 70' lang='lat' dir='ltr'><strong>cruucm</strong></span> <span class='ocrx_word' id='word_1_760' title='bbox 869 4880 1190 4949; x_wconf 84' lang='lat' dir='ltr'><strong>adegerant;</strong></span> <span class='ocrx_word' id='word_1_761' title='bbox 1219 4883 1446 4952; x_wconf 85' lang='lat' dir='ltr'><strong>apostoli</strong></span> <span class='ocrx_word' id='word_1_762' title='bbox 1483 4884 1698 4939; x_wconf 85' lang='lat' dir='ltr'><strong>interim</strong></span> <span class='ocrx_word' id='word_1_763' title='bbox 1734 4898 1902 4942; x_wconf 91' lang='lat' dir='ltr'><strong>totum</strong></span> <span class='ocrx_word' id='word_1_764' title='bbox 1934 4895 2192 4947; x_wconf 79' lang='lat' dir='ltr'><strong>inumlnm</strong></span> 
     </span>
    </p>
   </div>
   <div class='ocr_carea' id='block_1_100' title="bbox 2257 4879 3876 4954">
    <p class='ocr_par' dir='ltr' id='par_1_100' title="bbox 2304 4879 3876 4954">
     <span class='ocr_line' id='line_1_100' title="bbox 2304 4879 3876 4954; baseline -0.002 -16"><span class='ocrx_word' id='word_1_765' title='bbox 2304 4903 2438 4938; x_wconf 86' lang='grc' dir='ltr'>σωσι</span> <span class='ocrx_word' id='word_1_766' title='bbox 2464 4883 2556 4939; x_wconf 89' lang='grc' dir='ltr'><strong>τοῦ</strong></span> <span class='ocrx_word' id='word_1_767' title='bbox 2580 4883 2956 4954; x_wconf 87' lang='grc' dir='ltr'>κηρύγματος.</span> <span class='ocrx_word' id='word_1_768' title='bbox 3003 4879 3287 4952; x_wconf 72' lang='grc' dir='ltr'>Ἤχθησκν</span> <span class='ocrx_word' id='word_1_769' title='bbox 3312 4881 3404 4934; x_wconf 79' lang='grc' dir='ltr'><strong>οὖν</strong></span> <span class='ocrx_word' id='word_1_770' title='bbox 3442 4883 3535 4935; x_wconf 69' lang='grc' dir='ltr'><strong>ἐπὶ</strong></span> <span class='ocrx_word' id='word_1_771' title='bbox 3559 4881 3800 4951; x_wconf 78' lang='grc' dir='ltr'>βασιλεῖς</span> <span class='ocrx_word' id='word_1_772' title='bbox 3832 4881 3876 4936; x_wconf 81' lang='grc' dir='ltr'><strong>οῖ</strong></span> 
     </span>
    </p>
   </div>
   <div class='ocr_carea' id='block_1_101' title="bbox 623 4973 2242 5050">
    <p class='ocr_par' dir='ltr' id='par_1_101' title="bbox 623 4973 2195 5050">
     <span class='ocr_line' id='line_1_101' title="bbox 623 4973 2195 5050; baseline 0.007 -26"><span class='ocrx_word' id='word_1_773' title='bbox 623 4973 1002 5042; x_wconf 67' lang='lat' dir='ltr'><strong>praedicatione</strong></span> <span class='ocrx_word' id='word_1_774' title='bbox 1029 4973 1332 5040; x_wconf 80' lang='lat' dir='ltr'><strong>implerent.</strong></span> <span class='ocrx_word' id='word_1_775' title='bbox 1362 4975 1511 5030; x_wconf 83' lang='lat' dir='ltr'><strong>Dueti</strong></span> <span class='ocrx_word' id='word_1_776' title='bbox 1542 4988 1663 5030; x_wconf 87' lang='lat' dir='ltr'><strong>sunt</strong></span> <span class='ocrx_word' id='word_1_777' title='bbox 1695 4978 1856 5047; x_wconf 82' lang='lat' dir='ltr'><strong>igitur</strong></span> <span class='ocrx_word' id='word_1_778' title='bbox 1876 4983 2098 5050; x_wconf 78' lang='lat' dir='ltr'><strong>apostoli</strong></span> <span class='ocrx_word' id='word_1_779' title='bbox 2129 4985 2195 5035; x_wconf 86' lang='lat' dir='ltr'><strong>ad</strong></span> 
     </span>
    </p>
   </div>
   <div class='ocr_carea' id='block_1_102' title="bbox 2262 4973 3881 5050">
    <p class='ocr_par' dir='ltr' id='par_1_102' title="bbox 2306 4973 3881 5046">
     <span class='ocr_line' id='line_1_102' title="bbox 2306 4973 3881 5046; baseline -0.003 -15"><span class='ocrx_word' id='word_1_780' title='bbox 2306 4977 2617 5043; x_wconf 78' lang='grc' dir='ltr'>ἀπόστολοι,</span> <span class='ocrx_word' id='word_1_781' title='bbox 2661 4977 2754 5030; x_wconf 77' lang='grc' dir='ltr'><strong>καὶ</strong></span> <span class='ocrx_word' id='word_1_782' title='bbox 2789 4976 2881 5029; x_wconf 66' lang='grc' dir='ltr'>επὶ</span> <span class='ocrx_word' id='word_1_783' title='bbox 2909 4974 3208 5044; x_wconf 82' lang='grc' dir='ltr'>ἡγεμόνας,</span> <span class='ocrx_word' id='word_1_784' title='bbox 3259 4973 3334 5036; x_wconf 85' lang='grc' dir='ltr'>ὼς</span> <span class='ocrx_word' id='word_1_785' title='bbox 3367 4973 3578 5036; x_wconf 83' lang='grc' dir='ltr'>Παῦλος</span> <span class='ocrx_word' id='word_1_786' title='bbox 3613 4975 3749 5046; x_wconf 79' lang='grc' dir='ltr'>πρὸς</span> <span class='ocrx_word' id='word_1_787' title='bbox 3795 4975 3881 5030; x_wconf 66' lang='grc' dir='ltr'><strong>τὸν</strong></span> 
     </span>
    </p>
   </div>
   <div class='ocr_carea' id='block_1_103' title="bbox 624 5066 2243 5142">
    <p class='ocr_par' dir='ltr' id='par_1_103' title="bbox 624 5066 2194 5139">
     <span class='ocr_line' id='line_1_103' title="bbox 624 5066 2194 5139; baseline 0.006 -21"><span class='ocrx_word' id='word_1_788' title='bbox 624 5079 779 5134; x_wconf 85' lang='lat' dir='ltr'><strong>reges</strong></span> <span class='ocrx_word' id='word_1_789' title='bbox 837 5074 893 5119; x_wconf 88' lang='lat' dir='ltr'><strong>et</strong></span> <span class='ocrx_word' id='word_1_790' title='bbox 951 5066 1222 5134; x_wconf 76' lang='lat' dir='ltr'><strong>praesides,</strong></span> <span class='ocrx_word' id='word_1_791' title='bbox 1271 5067 1412 5122; x_wconf 89' lang='lat' dir='ltr'><strong>sicut</strong></span> <span class='ocrx_word' id='word_1_792' title='bbox 1470 5067 1666 5124; x_wconf 87' lang='lat' dir='ltr'><strong>Paulus</strong></span> <span class='ocrx_word' id='word_1_793' title='bbox 1707 5071 1773 5124; x_wconf 88' lang='lat' dir='ltr'><strong>ad</strong></span> <span class='ocrx_word' id='word_1_794' title='bbox 1824 5071 2063 5139; x_wconf 83' lang='lat' dir='ltr'><strong>Festum,</strong></span> <span class='ocrx_word' id='word_1_795' title='bbox 2127 5075 2194 5128; x_wconf 87' lang='lat' dir='ltr'><strong>ad</strong></span> 
     </span>
    </p>
   </div>
   <div class='ocr_carea' id='block_1_104' title="bbox 2254 5066 3873 5142">
    <p class='ocr_par' dir='ltr' id='par_1_104' title="bbox 2304 5067 3873 5142">
     <span class='ocr_line' id='line_1_104' title="bbox 2304 5067 3873 5142; baseline -0.001 -18"><span class='ocrx_word' id='word_1_796' title='bbox 2304 5074 2533 5142; x_wconf 82' lang='grc' dir='ltr'>Φῆστον,</span> <span class='ocrx_word' id='word_1_797' title='bbox 2554 5071 2687 5140; x_wconf 77' lang='grc' dir='ltr'>πρὸς</span> <span class='ocrx_word' id='word_1_798' title='bbox 2705 5070 2796 5122; x_wconf 80' lang='grc' dir='ltr'><strong>τὸν</strong></span> <span class='ocrx_word' id='word_1_799' title='bbox 2824 5069 3154 5137; x_wconf 78' lang='grc' dir='ltr'>Ἀγρίππαν,</span> <span class='ocrx_word' id='word_1_800' title='bbox 3170 5067 3307 5136; x_wconf 90' lang='grc' dir='ltr'>πρός</span> <span class='ocrx_word' id='word_1_801' title='bbox 3326 5067 3591 5121; x_wconf 75' lang='grc' dir='ltr'>αὐτὶντὸν</span> <span class='ocrx_word' id='word_1_802' title='bbox 3609 5069 3873 5139; x_wconf 69' lang='grc' dir='ltr'>Καίσαρα.</span> 
     </span>
    </p>
   </div>
   <div class='ocr_carea' id='block_1_105' title="bbox 623 5155 2242 5233">
    <p class='ocr_par' dir='ltr' id='par_1_105' title="bbox 623 5155 2195 5224">
     <span class='ocr_line' id='line_1_105' title="bbox 623 5155 2195 5224; baseline 0.006 -15"><span class='ocrx_word' id='word_1_803' title='bbox 623 5156 918 5224; x_wconf 76' lang='lat' dir='ltr'><strong>Agrippam</strong></span> <span class='ocrx_word' id='word_1_804' title='bbox 957 5156 1023 5220; x_wconf 87' lang='grc'><strong>¹⁰,</strong></span> <span class='ocrx_word' id='word_1_805' title='bbox 1057 5155 1122 5209; x_wconf 88' lang='lat' dir='ltr'><strong>ad</strong></span> <span class='ocrx_word' id='word_1_806' title='bbox 1155 5157 1441 5222; x_wconf 75' lang='lat' dir='ltr'><strong>Caesarem,</strong></span> <span class='ocrx_word' id='word_1_807' title='bbox 1471 5169 1524 5215; x_wconf 91' lang='lat' dir='ltr'><strong>et</strong></span> <span class='ocrx_word' id='word_1_808' title='bbox 1566 5159 1763 5213; x_wconf 81' lang='lat' dir='ltr'><strong>factum</strong></span> <span class='ocrx_word' id='word_1_809' title='bbox 1792 5172 1874 5215; x_wconf 84' lang='lat' dir='ltr'><strong>est</strong></span> <span class='ocrx_word' id='word_1_810' title='bbox 1903 5165 1981 5217; x_wconf 88' lang='lat' dir='ltr'><strong>eis</strong></span> <span class='ocrx_word' id='word_1_811' title='bbox 2014 5167 2110 5219; x_wconf 86' lang='lat' dir='ltr'><strong>hoc</strong></span> <span class='ocrx_word' id='word_1_812' title='bbox 2142 5167 2195 5218; x_wconf 94' lang='lat' dir='ltr'><strong>iu</strong></span> 
     </span>
    </p>
   </div>
   <div class='ocr_carea' id='block_1_106' title="bbox 2257 5155 3876 5233">
    <p class='ocr_par' dir='ltr' id='par_1_106' title="bbox 2305 5160 3876 5233">
     <span class='ocr_line' id='line_1_106' title="bbox 2305 5160 3876 5233; baseline -0.006 -15"><span class='ocrx_word' id='word_1_813' title='bbox 2305 5165 2496 5233; x_wconf 72' lang='grc' dir='ltr'>Γέγονε</span> <span class='ocrx_word' id='word_1_814' title='bbox 2530 5165 2585 5217; x_wconf 72' lang='grc' dir='ltr'>δὲ</span> <span class='ocrx_word' id='word_1_815' title='bbox 2626 5165 2808 5227; x_wconf 81' lang='grc' dir='ltr'>αὐτοῖς</span> <span class='ocrx_word' id='word_1_816' title='bbox 2848 5162 3007 5215; x_wconf 87' lang='grc' dir='ltr'>τοῦτο</span> <span class='ocrx_word' id='word_1_817' title='bbox 3036 5163 3115 5224; x_wconf 78' lang='grc' dir='ltr'>εἰς</span> <span class='ocrx_word' id='word_1_818' title='bbox 3147 5160 3448 5230; x_wconf 74' lang='grc' dir='ltr'>μαρτυρίου</span> <span class='ocrx_word' id='word_1_819' title='bbox 3497 5160 3677 5226; x_wconf 74' lang='grc' dir='ltr'>δόξαν.</span> <span class='ocrx_word' id='word_1_820' title='bbox 3727 5160 3876 5215; x_wconf 76' lang='grc' dir='ltr'>Ἐπεὶ</span> 
     </span>
    </p>
   </div>
   <div class='ocr_carea' id='block_1_107' title="bbox 625 5249 2244 5327">
    <p class='ocr_par' dir='ltr' id='par_1_107' title="bbox 625 5249 2196 5325">
     <span class='ocr_line' id='line_1_107' title="bbox 625 5249 2196 5325; baseline 0.007 -25"><span class='ocrx_word' id='word_1_821' title='bbox 625 5249 849 5316; x_wconf 71' lang='lat' dir='ltr'><strong>gloriam</strong></span> <span class='ocrx_word' id='word_1_822' title='bbox 899 5250 1214 5302; x_wconf 88' lang='lat' dir='ltr'><strong>testimonii.</strong></span> <span class='ocrx_word' id='word_1_823' title='bbox 1247 5250 1384 5314; x_wconf 80' lang='lat' dir='ltr'><strong>Quia</strong></span> <span class='ocrx_word' id='word_1_824' title='bbox 1423 5261 1598 5305; x_wconf 89' lang='lat' dir='ltr'><strong>autem</strong></span> <span class='ocrx_word' id='word_1_825' title='bbox 1655 5253 1835 5308; x_wconf 65' lang='lat' dir='ltr'><strong>idiota:</strong></span> <span class='ocrx_word' id='word_1_826' title='bbox 1870 5267 1924 5310; x_wconf 90' lang='lat' dir='ltr'><strong>et</strong></span> <span class='ocrx_word' id='word_1_827' title='bbox 1963 5256 2196 5325; x_wconf 87' lang='lat' dir='ltr'><strong>imperiti</strong></span> 
     </span>
    </p>
   </div>
   <div class='ocr_carea' id='block_1_108' title="bbox 2258 5249 3877 5327">
    <p class='ocr_par' dir='ltr' id='par_1_108' title="bbox 2306 5253 3877 5327">
     <span class='ocr_line' id='line_1_108' title="bbox 2306 5253 3877 5327; baseline -0.003 -16"><span class='ocrx_word' id='word_1_828' title='bbox 2306 5260 2360 5311; x_wconf 78' lang='grc' dir='ltr'>δὲ</span> <span class='ocrx_word' id='word_1_829' title='bbox 2399 5257 2603 5312; x_wconf 88' lang='grc' dir='ltr'>ἰδιῶται</span> <span class='ocrx_word' id='word_1_830' title='bbox 2623 5253 2761 5327; x_wconf 84' lang='grc' dir='ltr'>ἦσαν</span> <span class='ocrx_word' id='word_1_831' title='bbox 2786 5256 2882 5308; x_wconf 80' lang='grc' dir='ltr'>καὶ</span> <span class='ocrx_word' id='word_1_832' title='bbox 2908 5257 3162 5324; x_wconf 79' lang='grc' dir='ltr'>ἀμαθεῖς.</span> <span class='ocrx_word' id='word_1_833' title='bbox 3197 5254 3289 5308; x_wconf 78' lang='grc' dir='ltr'><strong>ἵνα</strong></span> <span class='ocrx_word' id='word_1_834' title='bbox 3319 5254 3394 5324; x_wconf 88' lang='grc' dir='ltr'>μὴ</span> <span class='ocrx_word' id='word_1_835' title='bbox 3433 5253 3782 5324; x_wconf 81' lang='grc' dir='ltr'>ταραχθῶσιν</span> <span class='ocrx_word' id='word_1_836' title='bbox 3808 5253 3877 5314; x_wconf 77' lang='grc' dir='ltr'>ὡς</span> 
     </span>
    </p>
   </div>
   <div class='ocr_carea' id='block_1_109' title="bbox 625 5340 2244 5420">
    <p class='ocr_par' dir='ltr' id='par_1_109' title="bbox 625 5340 2198 5417">
     <span class='ocr_line' id='line_1_109' title="bbox 625 5340 2198 5417; baseline 0.01 -28"><span class='ocrx_word' id='word_1_837' title='bbox 625 5349 804 5402; x_wconf 84' lang='lat' dir='ltr'><strong>erant,</strong></span> <span class='ocrx_word' id='word_1_838' title='bbox 861 5353 927 5390; x_wconf 88' lang='lat' dir='ltr'><strong>ne</strong></span> <span class='ocrx_word' id='word_1_839' title='bbox 986 5340 1336 5394; x_wconf 89' lang='lat' dir='ltr'><strong>turbarentur</strong></span> <span class='ocrx_word' id='word_1_840' title='bbox 1396 5342 1658 5397; x_wconf 87' lang='lat' dir='ltr'><strong>reddituri</strong></span> <span class='ocrx_word' id='word_1_841' title='bbox 1735 5347 1996 5402; x_wconf 88' lang='lat' dir='ltr'><strong>rationem</strong></span> <span class='ocrx_word' id='word_1_842' title='bbox 2057 5349 2198 5417; x_wconf 81' lang='lat' dir='ltr'><strong>apud</strong></span> 
     </span>
    </p>
   </div>
   <div class='ocr_carea' id='block_1_110' title="bbox 2250 5340 3869 5420">
    <p class='ocr_par' dir='ltr' id='par_1_110' title="bbox 2311 5347 3869 5420">
     <span class='ocr_line' id='line_1_110' title="bbox 2311 5347 3869 5420; baseline -0.004 -14"><span class='ocrx_word' id='word_1_843' title='bbox 2311 5353 2596 5420; x_wconf 66' lang='grc' dir='ltr'>μέλλοντες</span> <span class='ocrx_word' id='word_1_844' title='bbox 2626 5349 2818 5418; x_wconf 82' lang='grc' dir='ltr'>λόγους</span> <span class='ocrx_word' id='word_1_845' title='bbox 2849 5348 3198 5402; x_wconf 79' lang='grc' dir='ltr'>ἀπαιτεῖσθαι</span> <span class='ocrx_word' id='word_1_846' title='bbox 3233 5350 3382 5416; x_wconf 75' lang='grc' dir='ltr'><strong>παρᾶ</strong></span> <span class='ocrx_word' id='word_1_847' title='bbox 3421 5347 3601 5416; x_wconf 75' lang='grc' dir='ltr'>σοφῶν</span> <span class='ocrx_word' id='word_1_848' title='bbox 3649 5347 3869 5416; x_wconf 85' lang='grc' dir='ltr'>ἀνδρῶν,</span> 
     </span>
    </p>
   </div>
   <div class='ocr_carea' id='block_1_111' title="bbox 625 5431 2244 5511">
    <p class='ocr_par' dir='ltr' id='par_1_111' title="bbox 625 5431 2201 5506">
     <span class='ocr_line' id='line_1_111' title="bbox 625 5431 2201 5506; baseline 0.009 -22"><span class='ocrx_word' id='word_1_849' title='bbox 625 5431 770 5486; x_wconf 78' lang='lat' dir='ltr'><strong>viros</strong></span> <span class='ocrx_word' id='word_1_850' title='bbox 803 5432 1072 5499; x_wconf 83' lang='lat' dir='ltr'><strong>sapientes</strong></span> <span class='ocrx_word' id='word_1_851' title='bbox 1099 5449 1112 5487; x_wconf 89' lang='lat'><strong>:</strong></span> <span class='ocrx_word' id='word_1_852' title='bbox 1150 5434 1324 5498; x_wconf 84' lang='lat' dir='ltr'><strong>Nihil,</strong></span> <span class='ocrx_word' id='word_1_853' title='bbox 1350 5433 1545 5506; x_wconf 91' lang='lat' dir='ltr'><strong>inquit,</strong></span> <span class='ocrx_word' id='word_1_854' title='bbox 1567 5437 1632 5490; x_wconf 91' lang='lat' dir='ltr'><strong>de</strong></span> <span class='ocrx_word' id='word_1_855' title='bbox 1660 5437 1762 5493; x_wconf 82' lang='lat' dir='ltr'><strong>liae</strong></span> <span class='ocrx_word' id='word_1_856' title='bbox 1791 5455 1847 5493; x_wconf 88' lang='lat' dir='ltr'><strong>re</strong></span> <span class='ocrx_word' id='word_1_857' title='bbox 1879 5443 2030 5496; x_wconf 90' lang='lat' dir='ltr'><strong>vobis</strong></span> <span class='ocrx_word' id='word_1_858' title='bbox 2057 5459 2201 5498; x_wconf 76' lang='lat' dir='ltr'><strong>curae</strong></span> 
     </span>
    </p>
   </div>
   <div class='ocr_carea' id='block_1_112' title="bbox 2254 5431 3873 5511">
    <p class='ocr_par' dir='ltr' id='par_1_112' title="bbox 2306 5438 3873 5511">
     <span class='ocr_line' id='line_1_112' title="bbox 2306 5438 3873 5511; baseline -0.004 -14"><span class='ocrx_word' id='word_1_859' title='bbox 2306 5443 2491 5511; x_wconf 79' lang='grc' dir='ltr'>Μηδὲν</span> <span class='ocrx_word' id='word_1_860' title='bbox 2521 5442 2670 5509; x_wconf 80' lang='grc' dir='ltr'>ὑμῖν,</span> <span class='ocrx_word' id='word_1_861' title='bbox 2705 5443 2856 5511; x_wconf 75' lang='grc' dir='ltr'>φησὶ,</span> <span class='ocrx_word' id='word_1_862' title='bbox 2887 5440 3015 5510; x_wconf 73' lang='grc' dir='ltr'>περὶ</span> <span class='ocrx_word' id='word_1_863' title='bbox 3033 5441 3220 5493; x_wconf 87' lang='grc' dir='ltr'>τούτου</span> <span class='ocrx_word' id='word_1_864' title='bbox 3252 5440 3480 5510; x_wconf 84' lang='grc' dir='ltr'>μελέτω·</span> <span class='ocrx_word' id='word_1_865' title='bbox 3514 5438 3751 5510; x_wconf 78' lang='grc' dir='ltr'>λήψεσθε</span> <span class='ocrx_word' id='word_1_866' title='bbox 3773 5439 3873 5508; x_wconf 75' lang='grc' dir='ltr'>γὰρ</span> 
     </span>
    </p>
   </div>
   <div class='ocr_carea' id='block_1_113' title="bbox 625 5523 2244 5606">
    <p class='ocr_par' dir='ltr' id='par_1_113' title="bbox 625 5523 2204 5605">
     <span class='ocr_line' id='line_1_113' title="bbox 625 5523 2204 5605; baseline 0.01 -31"><span class='ocrx_word' id='word_1_867' title='bbox 625 5523 688 5575; x_wconf 84' lang='lat' dir='ltr'><strong>sit</strong></span> <span class='ocrx_word' id='word_1_868' title='bbox 718 5540 732 5590; x_wconf 84' lang='lat'><strong>;</strong></span> <span class='ocrx_word' id='word_1_869' title='bbox 762 5523 1039 5592; x_wconf 86' lang='lat' dir='ltr'><strong>accipietis</strong></span> <span class='ocrx_word' id='word_1_870' title='bbox 1070 5526 1212 5580; x_wconf 88' lang='lat' dir='ltr'><strong>enim</strong></span> <span class='ocrx_word' id='word_1_871' title='bbox 1250 5539 1374 5582; x_wconf 90' lang='lat' dir='ltr'><strong>tunc</strong></span> <span class='ocrx_word' id='word_1_872' title='bbox 1407 5544 1436 5582; x_wconf 91' lang='lat' dir='ltr'><strong>a</strong></span> <span class='ocrx_word' id='word_1_873' title='bbox 1460 5544 1543 5584; x_wconf 90' lang='lat' dir='ltr'><strong>me</strong></span> <span class='ocrx_word' id='word_1_874' title='bbox 1574 5529 1934 5601; x_wconf 80' lang='lat' dir='ltr'><strong>eloquentiam</strong></span> <span class='ocrx_word' id='word_1_875' title='bbox 1963 5531 2126 5605; x_wconf 61' lang='lat'><strong>460</strong></span> <span class='ocrx_word' id='word_1_876' title='bbox 2150 5545 2204 5592; x_wconf 84' lang='lat' dir='ltr'><strong>et</strong></span> 
     </span>
    </p>
   </div>
   <div class='ocr_carea' id='block_1_114' title="bbox 2254 5523 3873 5606">
    <p class='ocr_par' dir='ltr' id='par_1_114' title="bbox 2310 5529 3873 5606">
     <span class='ocr_line' id='line_1_114' title="bbox 2310 5529 3873 5606; baseline -0.003 -18"><span class='ocrx_word' id='word_1_877' title='bbox 2310 5534 2441 5606; x_wconf 81' lang='grc' dir='ltr'>παρ’</span> <span class='ocrx_word' id='word_1_878' title='bbox 2475 5533 2610 5605; x_wconf 75' lang='grc' dir='ltr'>ἐμοῦ</span> <span class='ocrx_word' id='word_1_879' title='bbox 2635 5535 2694 5588; x_wconf 80' lang='grc' dir='ltr'>ὲν</span> <span class='ocrx_word' id='word_1_880' title='bbox 2718 5533 2897 5604; x_wconf 81' lang='grc' dir='ltr'>ταυτῷ</span> <span class='ocrx_word' id='word_1_881' title='bbox 2920 5535 3014 5589; x_wconf 75' lang='grc' dir='ltr'>καὶ</span> <span class='ocrx_word' id='word_1_882' title='bbox 3034 5533 3248 5602; x_wconf 61' lang='grc' dir='ltr'>σοφίαν,</span> <span class='ocrx_word' id='word_1_883' title='bbox 3280 5533 3374 5586; x_wconf 74' lang='grc' dir='ltr'>καὶ</span> <span class='ocrx_word' id='word_1_884' title='bbox 3395 5531 3713 5601; x_wconf 72' lang='grc' dir='ltr'>εὐστομίαν,</span> <span class='ocrx_word' id='word_1_885' title='bbox 3744 5529 3873 5584; x_wconf 76' lang='grc' dir='ltr'>ὥστε</span> 
     </span>
    </p>
   </div>
   <div class='ocr_carea' id='block_1_115' title="bbox 698 5697 1676 5773">
    <p class='ocr_par' dir='ltr' id='par_1_115' title="bbox 698 5697 1676 5773">
     <span class='ocr_line' id='line_1_115' title="bbox 698 5697 1676 5773; baseline 0.009 -19"><span class='ocrx_word' id='word_1_886' title='bbox 698 5697 715 5729; x_wconf 65' lang='grc' dir='ltr'>ί</span> <span class='ocrx_word' id='word_1_887' title='bbox 761 5702 878 5756; x_wconf 75' lang='lat' dir='ltr'><strong>Art.</strong></span> <span class='ocrx_word' id='word_1_888' title='bbox 914 5705 1101 5766; x_wconf 74' lang='lat' dir='ltr'><strong>.\t,‘23.</strong></span> <span class='ocrx_word' id='word_1_889' title='bbox 1187 5706 1225 5736; x_wconf 85' lang='lat'><strong>&#39;°</strong></span> <span class='ocrx_word' id='word_1_890' title='bbox 1253 5707 1370 5761; x_wconf 84' lang='lat' dir='ltr'><strong>Act.</strong></span> <span class='ocrx_word' id='word_1_891' title='bbox 1418 5723 1540 5773; x_wconf 71' lang='lat' dir='ltr'><strong>xxv,</strong></span> <span class='ocrx_word' id='word_1_892' title='bbox 1588 5707 1676 5762; x_wconf 69' lang='lat'><strong>&#39;20.</strong></span> 
     </span>
    </p>
   </div>
  </div>
