4100 6334
153 338 311 406 1053

885 337 1034 399 ENA
1046 336 1144 396 R-R
1158 333 1334 394 ATIO
1376 333 1454 394 ΙΝ
1499 331 1780 394 EVANG]

1885 330 2009 393 ,ΠΜ
2046 330 2281 392 ιῦΟίΕ.
2325 356 2393 367 -
2433 330 2592 391 CAP.
2628 327 2792 389 XXI.

3327 312 3470 379 105‘-

154 448 308 520 μηδὲ
344 446 552 509 πάντας
582 440 722 515 ὁμοῦ
753 442 833 506 είς
863 442 923 495 ἐν
951 442 1325 513 συνηγμένους
1356 440 1484 502 τοὺς
1524 439 1767 490 ἀντικει-

1885 438 2224 508 sapientiam,
2269 438 2341 492 ita
2381 447 2441 491 ut
2468 438 2635 492 etiam
2668 437 2712 489 si
2746 423 3272 494 omnesadversarii
3308 424 3476 478 vestri

159 541 368 611 μένους
418 535 680 591 δύνασθαι
726 534 1044 605 ἀντιστῆναι
1095 535 1244 603 ὑμῖν,
1295 531 1419 586 οὗτε
1477 530 1620 585 κατὰ
1668 530 1770 599 τὴν

158 632 385 701 σοφίαν,
415 627 685 693 τουτέστι,
727 627 870 680 κατὰ
900 627 1001 695 τὴν
1038 625 1147 680 τῶν
1181 625 1473 695 νοημάτων
1507 622 1764 691 δύναμιν,

156 724 293 777 οὗτε
362 720 505 775 κατὰ
561 722 663 791 τὴν
720 721 1039 792 εὐστομίαν,
1091 718 1189 772 καὶ
1246 719 1307 770 τὸ
1353 718 1454 787 τῆς
1519 716 1770 785 γλώττης

158 815 546 886 ἀπρόσκοπον.
593 814 863 875 Πολλάκις
909 812 1019 883 γάρ
1064 828 1149 874 τις
1186 810 1379 880 σοφίαν
1426 810 1526 878 μὲν
1561 809 1675 879 ἔχει
1714 810 1770 861 ἐν

162 908 479 976 λογισμοῖς,
520 908 616 959 καὶ
641 907 939 975 νοήμασιν,
963 904 1295 972 εὐτάρακτος
1329 902 1385 955 δὲ
1410 899 1485 954 ῶν
1517 901 1653 970 πρὸς
1685 900 1772 952 οο-

168 996 397 1067 ρύὸους,
422 997 642 1066 συγχέει
670 995 731 1047 τὸ
758 996 866 1045 πᾶν
896 995 953 1044 ἐν
985 992 1168 1063 καιρῷ
1199 991 1569 1060 δημηγορίας.
1626 990 1768 1042 Ἀλλ’

168 1086 324 1144 οὗτοί
366 1106 451 1157 γε,
486 1091 533 1141 οί
569 1087 859 1141 ἀπόστολοι
902 1084 1068 1150 λέγω,
1104 1084 1223 1137 κατ’
1248 1082 1549 1151 ἀμφότερα
1587 1082 1772 1149 ἐχαρισ-

164 1185 448 1255 τώθησαν,
482 1182 602 1235 ὅθεν
646 1182 743 1234 καὶ
780 1178 1174 1249 ἐξεπλήττοντο
1200 1178 1329 1240 τοὺς
1372 1178 1470 1245 μὲν
1510 1178 1640 1246 περὶ
1671 1176 1774 1229 [Ιέ-

162 1293 299 1348 τρον
350 1276 444 1329 καὶ
490 1272 743 1340 Ἰωάννην
795 1271 844 1322 οἱ
900 1270 1065 1339 ίερετς
1125 1268 1220 1320 ἐπὶ
1250 1269 1314 1337 τῇ
1370 1265 1542 1337 ἀθρόᾳ
1586 1265 1769 1334 σοφία,

166 1366 726 1438 καταλαμϐανόμενοι
778 1362 1010 1423 αὐτοὺς,
1086 1361 1167 1414 ὅτι
1234 1360 1502 1431 πρότερον
1562 1359 1773 1411 ἰδιῶται

166 1455 355 1531 ἦσαν’
413 1460 503 1512 τὸν
567 1458 626 1510 δὲ
689 1454 902 1509 Παῦλον
952 1454 981 1505 ὁ
1032 1454 1240 1521 Φῆστος
1291 1451 1499 1519 λέγων·
1563 1449 1771 1521 Μαίνῃ,

169 1553 376 1617 Παῦλε,
399 1552 467 1604 τὰ
488 1549 658 1603 πολλά
676 1566 734 1602 σε
762 1548 1070 1619 γράμματα
1094 1548 1173 1607 είς
1206 1545 1405 1614 μανίαν
1426 1543 1770 1614 περιτρέπει.

169 1645 361 1699 Ταῦτα
390 1643 582 1706 είπὼν,
618 1641 833 1695 καὶτὸν
875 1641 965 1691 ἐπὶ
1002 1640 1068 1708 τῇ
1111 1635 1358 1706 άμαθεία
1394 1634 1560 1703 φόϐον
1592 1632 1777 1686 αὑτῶν

171 1736 507 1801 ὑπεκλὺσας,
540 1735 793 1803 ἐπιφέρει
824 1733 918 1785 καὶ
951 1731 1139 1799 ἕτερον
1166 1730 1486 1797 ἀναγκαῖον,
1524 1728 1620 1780 καὶ
1653 1728 1769 1779 lxa-

1874 534 1927 588 in
1968 549 2135 588 unum
2182 530 2346 587 simul
2399 538 2822 601 congregemur.
2870 539 2983 579 non
3034 527 3290 590 poterunt
3329 517 3483 571 \‘ubis

1874 628 2155 689 resistere,
2188 640 2364 696 neque
2399 639 2496 693 per
2533 622 2882 692 sapientiam,
2928 618 3035 672 hoc
3074 622 3183 678 est,
3220 624 3480 666 sensuum

1873 721 2004 786 vim,
2049 733 2228 787 neque
2272 732 2367 787 per
2398 714 2795 785 eloquentiam,
2838 720 2893 766 et
2947 709 3145 777 lingua
3195 699 3484 758 certitudi-

1874 828 2020 867 neut.
2046 810 2202 881 Smpe
2225 812 2369 865 enim
2394 811 2516 879 quis
2547 808 2711 861 habet
2738 802 3065 874 sapientiam
3096 798 3149 852 in
3180 795 3483 851 rationibus

1874 916 1931 960 et
1962 906 2239 973 sensibus,
2272 906 2325 958 in
2367 902 2692 963 tumultibus
2722 909 2905 953 tamen
2938 908 3061 949 cum
3094 890 3256 945 facile
3294 884 3484 942 turbe-

1877 1008 1981 1062 tur,
2004 997 2286 1051 confnndit
2309 996 2491 1051 omnia
2517 1008 2639 1049 cum
2670 990 2965 1046 dicendum
2991 995 3077 1040 est
3108 983 3173 1037 ad
3202 981 3480 1052 populum.

1875 1088 1939 1142 lli
1976 1099 2181 1153 autem,
2210 1086 2437 1156 apostoli
2478 1084 2620 1149 dico,
2657 1082 2711 1136 in
2761 1090 2996 1148 utroque
3026 1074 3255 1147 gratiam
3285 1086 3482 1126 conse-

1876 1184 1987 1239 cuti
2032 1192 2182 1237 sttnt.
2224 1182 2379 1237 Unde
2412 1177 2817 1246 obstupuerunt
2856 1174 3173 1229 sacerdotes
3216 1171 3283 1223 de
3321 1165 3486 1221 Petro

1876 1286 1932 1329 ct
1982 1273 2191 1329 Joanne
2218 1274 2287 1328 ob
2318 1272 2647 1326 immensam
2680 1266 3033 1336 sapientiam,
3074 1264 3207 1318 dum
3240 1272 3489 1330 coinpre-

1878 1367 2182 1421 henderent
2221 1379 2337 1428 eos,
2362 1378 2467 1431 qua
2504 1362 2656 1431 prius
2682 1359 2965 1414 carebant.
2991 1355 3164 1413 Paulo
3201 1368 3331 1407 vero
3359 1349 3489 1407 dicit

1878 1460 2070 1515 Festus
2098 1478 2110 1513 :
2140 1457 2373 1522 Insanis,
2399 1455 2589 1519 Paule,
2609 1454 2792 1507 multa:
2816 1461 2868 1505 te
2898 1450 3094 1503 littera:
3120 1448 3185 1500 ad
3215 1445 3485 1499 insaniam

1878 1554 2151 1621 redigunt.
2177 1549 2389 1603 Etcum
2419 1548 2755 1601 excussisset
2784 1544 3036 1596 timorem
3068 1541 3286 1595 illorum
3319 1550 3481 1605 quem

1879 1659 1943 1699 ex
1978 1642 2248 1713 imperitia
2290 1640 2582 1703 habebant,
2617 1636 2803 1691 Subdit
2837 1645 2891 1689 et
2932 1633 3079 1687 aliud
3114 1628 3485 1685 necessariam

1879 1744 1933 1790 et
1967 1734 2201 1786 validum
2234 1730 2299 1783 ad
2350 1727 2741 1783 concutieudas
2780 1726 2995 1778 animas
3027 1739 3039 1776 :
3071 1718 3385 1775 Tradentiui
3419 1720 3488 1771 ab

172 1828 262 1881 νὺν
293 1792 619 1880 κατασνεῑσαι
639 1792 839 1892 ἀμυχὰς,
868 1822 948 1882 τὸ,
982 1792 1435 1891 Παραδοθήσεσθε
1455 1818 1565 1871 ὑπὸ
1595 1817 1767 1885 φίλων

1885 1826 2069 1878 amicis
2111 1832 2165 1878 et
2199 1822 2467 1891 cognatis.
2503 1818 2755 1874 Prmdicit
2782 1818 2948 1886 igitur
2970 1823 3023 1868 et
3057 1814 3123 1867 de
3168 1814 3289 1879 hoc,
3325 1819 3385 1864 ut
3422 1822 3488 1861 ne

172 1920 267 1973 καὶ
309 1916 609 1984 συγγενῶν.
657 1913 927 1985 Προλέγει
973 1911 1107 1981 γοῦν
1152 1913 1245 1965 καὶ
1278 1912 1407 1983 περὶ
1436 1912 1653 1972 τούτου,
1686 1909 1774 1961 ἵνα

174 2011 251 2080 μὴ
300 2009 497 2077 ἁθρόον
535 2005 784 2068 ἐπελθὸν,
824 2002 1128 2073 διαταράξη
1161 2001 1381 2064 αὑτούς.
1426 2001 1611 2052 Δεινδν
1665 1998 1775 2067 γάρ

170 2103 331 2157 τοῦτο
350 2101 529 2171 ψυχῆς
550 2099 896 2163 καθικέσθαι,
925 2098 999 2161 ὼς
1019 2100 1113 2150 καὶ
1137 2096 1299 2147 Δαυῖδ
1327 2110 1513 2165 φησιν,
1540 2094 1624 2144 ὅτι
1666 2110 1683 2142 ι
1716 2091 1777 2143 El

172 2200 199 2250 ὁ
226 2197 422 2267 ἐχθρὸς
461 2194 704 2249 ὠνείδισέ
739 2210 829 2263 με,
864 2192 1154 2263 ὑπήνεγκα
1195 2190 1259 2243 ἂν
1284 2205 1297 2217 ο
1340 2189 1403 2241 σὺ
1437 2188 1493 2241 δὲ
1523 2187 1777 2256 ἄνθρωπε

179 2291 424 2358 ἰσόψυχε.
460 2307 480 2340 ι
520 2288 627 2339 Καὶ
653 2284 835 2338 σπάλιν
856 2302 867 2313 ’
907 2302 925 2334 ι
973 2284 1031 2336 '0
1062 2282 1258 2335 ἐσθίων
1279 2282 1475 2349 ἄρτους
1507 2296 1609 2348 μου
1646 2280 1777 2349 ἐμε-

175 2382 413 2450 γάλυνεν
454 2379 539 2432 ἐπ’
583 2378 684 2449 ἐμὲ
729 2375 1089 2447 πτερνισμόν.
1133 2392 1151 2424 ι
1188 2373 1377 2427 Ταῦτα
1434 2371 1630 2434 εἰπὼν,
1684 2372 1780 2423 καὶ

177 2477 261 2529 ὅτι
310 2474 732 2545 μισηθήσονται,
764 2471 860 2525 καὶ
906 2472 988 2524 ὅτι
1021 2466 1501 2539 θανατωθήσονταί
1545 2480 1692 2527 τινες
1721 2464 1780 2529 ἐξ

179 2568 387 2630 αὐτῶν,
414 2568 667 2637 ἐπιφέρει
697 2567 795 2635 τὴν
822 2566 1094 2636 μεγίστην
1118 2562 1499 2633 παραμυθίαν,
1532 2562 1612 2613 ὅτι
1644 2557 1782 2628 Θρὶξ

178 2664 244 2714 ἐκ
272 2660 372 2730 τῆς
410 2658 654 2728 κεφαλῆς
697 2657 850 2727 ὑμῶν
884 2655 944 2709 οὑ
1005 2655 1081 2725 μὴ
1131 2655 1423 2724 ἀπόληται.
1459 2651 1781 2722 Σωθήσεσθε

181 2756 310 2824 γὰρ,
340 2756 494 2823 φησὶ,
525 2753 622 2804 καὶ
661 2750 783 2804 οὑδὲ
814 2750 876 2801 τὸ
908 2750 1192 2818 ἐλάχιστον
1226 2748 1381 2818 ὑμῶν
1409 2745 1781 2815 διαφθαρήσε-

180 2865 297 2910 ται,
342 2847 391 2899 εί
435 2846 528 2899 καὶ
576 2843 721 2909 δόξαι
772 2845 883 2906 τοῖς
922 2843 1137 2904 πολλοῖς
1174 2839 1541 2911 διαφθαρῆναι
1568 2853 1580 2866 ’
1623 2838 1782 2908 μόνον

183 2936 475 3005 ὑπομένειν
511 2934 592 2987 δεῖ
613 2950 625 2963 ’
675 2933 773 2987 καὶ
806 2934 916 3004 γὰρ
947 2937 1005 2984 ἐν
1038 2934 1105 3003 τῇ
1139 2932 1387 3003 ὑπομονῇ
1422 2929 1657 2983 κτᾶσθαι
1694 2929 1781 2981 δυ-

181 3025 413 3099 νήσεσθε
466 3025 562 3089 τὰς
621 3024 801 3095 ψυχάς
864 3023 1041 3094 ὑμῶν.
1112 3024 1372 3095 Πρόσεισι
1438 3021 1539 3092 μὲν
1596 3020 1707 3090 γὰρ
1754 3021 1782 3072 ό

182 3116 400 3187 ἐχθρὸς,
442 3110 529 3171 οἷά
570 3133 653 3179 τις
702 3114 1174 3188 αίχμαλωτιστὴς,
1236 3114 1334 3180 τὰς
1382 3114 1563 3185 ψυχὰς
1624 3113 1780 3184 ὑμῶν

182 3211 270 3265 διὰ
298 3209 399 3277 τῆς
425 3208 721 3277 ἐπαγωγῆς
756 3208 865 3260 τῶν
895 3207 1087 3261 δεινῶν
1121 3205 1474 3278 ἀφαρπάζειν
1501 3204 1781 3275 πειρώμεο

183 3319 295 3367 νος,
335 3300 452 3354 ἀλλ’
484 3301 643 3370 ὑμεῖς
681 3299 800 3353 δότε
845 3300 969 3354 ἀντὶ
1013 3299 1281 3371 ἀργυρίου
1333 3298 1433 3371 τὴν
1469 3297 1779 3369 ὑπομονὴν,

183 3394 280 3449 καὶ
303 3392 579 3462 κτήσασθε
628 3390 730 3454 τὰς
779 3390 960 3464 ψυχὰς
1018 3391 1174 3463 ὑμῶν
1221 3391 1399 3463 τούτῳ
1451 3389 1532 3463 τῷ
1582 3391 1783 3445 ἀνταλ-

182 3488 453 3557 λάγματι,
486 3488 582 3539 καὶ
614 3486 677 3539 οὺ
719 3484 1145 3556 ζημιωθήσεσθι
1175 3483 1398 3547 ταύτας.
1435 3483 1685 3555 Πρόσχες
1725 3482 1783 3537 δὲ

180 3583 246 3635 τὸ
277 3579 693 3635 Θανατώσουσιν
715 3576 775 3642 ἐξ
803 3576 976 3648 ὑμῶν’
1008 3577 1225 3649 νοήσεις
1248 3578 1357 3646 γὰρ
1383 3563 1582 3647 βαθύτε
1594 3578 1685 3647 ρὸν
1709 3594 1780 3639 τι,

182 3678 269 3731 ὅτι
341 3677 455 3745 Οὐχ
528 3674 860 3744 ὁλοκλήρους
926 3672 1071 3743 ὑμᾶς
1133 3672 1575 3737 θανατώσουσιν,
1645 3670 1786 3725 ἀλλὰ

182 3770 391 3826 διπλῶν
436 3768 605 3821 όντων
639 3766 815 3837 ὑμῶν,
850 3767 915 3818 ἐκ
947 3748 1127 3835 ᾦυχῆς
1156 3767 1251 3819 καὶ
1302 3765 1578 3835 σώματος,
1615 3765 1676 3818 οὐ
1716 3766 1786 3818 τὰ

182 3867 278 3918 δύο
309 3860 735 3927 θανατώσουσιν,
772 3860 886 3914 ἀλλ’
926 3859 984 3927 ἐξ
1023 3860 1178 3932 ὑμῶν
1208 3860 1267 3912 τὸ
1295 3860 1353 3912 ἓν
1385 3859 1784 3926 θανατώσουσι,

182 3958 246 4010 τὸ
268 3956 431 4025 σῶμά
461 3972 625 4025 φημι,
650 3954 748 4017 τὰς
787 3954 844 4007 δὲ
876 3954 1055 4024 ψυχὰς
1086 3952 1240 4024 ὑμῶν
1263 3953 1541 4024 κτήσασθε
1577 3954 1665 4007 διὰ
1684 3953 1786 4023 τῆς

188 4049 470 4121 ὑπομονῆς
504 4066 517 4079 '
549 4048 577 4102 ὃ
607 4049 700 4104 καὶ
743 4048 977 4121 ἀλλαχοῦ
1014 4064 1147 4118 φησι
1170 4066 1182 4080 ·
1220 4047 1312 4118 Μὴ
1365 4046 1619 4117 φοϐεῖσθε
1676 4048 1787 4101 ἀπὸ

184 4146 298 4200 τῶν
334 4144 747 4197 ἁποκτενόντων
773 4142 834 4195 τὸ
866 4141 1048 4213 σῶμα,
1077 4140 1177 4213 τὴν
1214 4141 1273 4195 δὲ
1314 4141 1493 4211 ψυχὴν
1525 4139 1601 4211 μὴ
1626 4139 1788 4192 δυνα-

188 4240 371 4308 μένων
401 4238 747 4289 ἀποκτεῖναι.

266 4350 286 4382 r
317 4330 487 4383 Ὅταν
510 4329 568 4382 δὲ
592 4328 737 4401 ἴδητε
766 4328 1143 4399 κυκλουμένην
1172 4326 1271 4397 τὴν
1302 4325 1663 4399 Ἰερουσαλὴμ
1683 4325 1789 4380 ὑπὸ

182 4426 299 4480 τῶν
341 4422 747 4493 στρατοπέδων,
792 4422 913 4476 τότε
959 4422 1158 4491 γνῶτε,
1200 4422 1281 4474 ὅτι
1311 4423 1543 4493 ἤγγικεν
1575 4422 1611 4492 ὴ
1658 4422 1789 4491 ἐρή-

1881 1935 2006 1973 cum
2039 1919 2142 1972 hoc
2170 1916 2350 1971 subito
2377 1914 2680 1984 contingat,
2709 1912 3023 1965 turbentur.
3059 1905 3316 1962 Graviter
3340 1903 3486 1958 enim

1884 2013 1987 2065 hoc
2020 2010 2255 2063 animam
2286 2007 2517 2072 cruciat,
2544 2006 2687 2058 sicut
2715 2014 2769 2058 et
2794 2002 2962 2055 David
2986 2000 3119 2053 dicit
3153 2016 3166 2051 :
3198 2015 3217 2049 ι
3252 1996 3404 2063 Quod
3442 1996 3485 2049 si

1884 2103 2138 2156 inimicus
2174 2115 2327 2155 mens
2362 2097 2734 2153 maledixisset
2770 2095 2927 2157 mihi,
2962 2092 3345 2147 sustinuissent
3387 2088 3491 2143 uti-

1884 2212 1987 2265 que
2018 2214 2031 2255 :
2064 2205 2119 2249 tu
2146 2203 2325 2248 autem
2361 2194 2524 2247 homo
2548 2190 2825 2245 unanimis
2851 2188 2921 2252 “,
2959 2205 2978 2238 ι
3007 2196 3112 2241 etc.
3146 2184 3210 2237 Et
3244 2183 3442 2238 iterum
3471 2197 3485 2235 :

1890 2307 1908 2340 ι
1947 2287 2048 2355 Qui
2075 2288 2313 2342 comedit
2344 2300 2511 2355 panes
2546 2297 2698 2337 meos
2716 2296 2955 2347 mecum,
2990 2277 3362 2346 magniﬁcavit
3392 2290 3491 2330 su-

1884 2399 2084 2456 perute
2114 2382 2610 2453 supplantationem
2635 2378 2699 2432 ¹¹.
2732 2397 2749 2429 ι
2784 2376 2919 2431 Cum
2945 2374 3171 2429 dixisset
3193 2372 3335 2442 quod
3366 2370 3494 2425 odio

1885 2478 2119 2533 habendi
2168 2484 2224 2531 et
2273 2476 2414 2545 quod
2452 2471 2734 2528 occidendi
2785 2478 2969 2525 essent
3001 2464 3229 2537 quidam
3279 2477 3345 2516 ex
3387 2462 3492 2527 eis,

1891 2567 2077 2622 subdit
2118 2566 2411 2620 maximam
2448 2562 2881 2618 consolationem
2906 2576 2918 2612 :
2942 2558 3181 2628 Capillus
3216 2558 3281 2610 de
3316 2554 3497 2623 capite

1886 2669 2065 2712 veSIro
2084 2673 2190 2712 non
2217 2657 2435 2727 peribit.
2456 2652 2814 2709 Salvabimini
2839 2652 3009 2715 enim,
3032 2649 3227 2719 inquit,
3247 2657 3299 2703 et
3320 2661 3497 2717 neque

1886 2753 2173 2807 minimum
2215 2751 2472 2820 quiddam
2522 2751 2574 2803 iu
2625 2747 2782 2803 vobis
2833 2753 3245 2816 corrumpetur,
3278 2740 3497 2797 etiamsi

1890 2846 2147 2901 videatur
2175 2844 2363 2900 multis
2413 2842 2712 2913 corrumpi.
2757 2839 2996 2895 Tantum
3046 2838 3192 2894 ferre
3220 2847 3437 2909 oportet
3470 2854 3486 2891 :

1886 2953 1985 3009 per
2031 2936 2347 3008 patientiam
2398 2936 2543 2990 enim
2594 2932 2950 3004 possidebitis
3000 2932 3216 2985 animas
3252 2940 3495 2984 vestras.

1888 3029 2023 3085 Nam
2053 3027 2308 3084 inimicus
2334 3027 2556 3097 quidem
2588 3024 2795 3079 invadit
2830 3038 2927 3080 ceu
2959 3023 3153 3087 bosus,
3194 3020 3245 3074 in
3270 3020 3500 3089 captivi-

1806 3157 1854 3218 ο
1891 3134 2053 3180 tatem
2075 3124 2340 3178 ducturus
2359 3121 2573 3175 animas
2595 3127 2830 3186 vestras,
2852 3128 2906 3173 et
2931 3126 3105 3172 tentat
3128 3129 3223 3185 per
3244 3112 3497 3168 aﬂiictio-

1890 3234 1983 3274 nes
2021 3230 2211 3287 rapere
2244 3234 2258 3271 :
2292 3216 2387 3272 sed
2432 3230 2529 3269 vos
2565 3216 2689 3269 date
2729 3228 2827 3283 pro
2876 3211 3104 3282 pecunia
3137 3207 3488 3280 patientiam,

1886 3317 1942 3363 et
1973 3306 2327 3376 possidebitis
2344 3305 2562 3360 animas
2587 3315 2797 3359 vestras
2824 3305 2926 3358 bac
2948 3300 3422 3373 compensatione,
3446 3308 3500 3353 et

1886 3401 2025 3456 nihil
2051 3400 2204 3455 vobis
2231 3400 2415 3454 damni
2459 3398 2564 3452 erit
2610 3400 2662 3451 in
2706 3398 2832 3452 illis.
2866 3397 3102 3451 Attende
3143 3404 3321 3450 autem
3357 3391 3501 3463 quod

1889 3496 2043 3560 dicit,
2077 3492 2250 3548 Morte
2286 3492 2520 3548 allicieut
2562 3507 2629 3546 ex
2666 3491 2864 3546 vobis:
2898 3489 3167 3560 intelliges
3197 3488 3345 3544 enim
3374 3502 3503 3557 pro-

1889 3588 2112 3644 fundius
2129 3586 2409 3657 quiddam,
2426 3585 2550 3656 quia
2570 3584 2688 3640 Non
2712 3584 2955 3654 integros
2984 3599 3079 3639 vos
3104 3582 3347 3639 occident
3373 3579 3504 3637 :sed

1890 3700 2013 3739 cum
2038 3700 2103 3738 ex
2124 3683 2333 3737 duobus
2358 3683 2498 3748 sitis,
2524 3682 2707 3735 anima
2722 3691 2775 3734 et
2800 3694 3174 3748 corpore,non
3202 3687 3503 3746 utrumque

1891 3787 2066 3831 morte
2096 3776 2357 3841 aiiicieut,
2386 3774 2481 3826 sed
2516 3787 2682 3826 unum
2711 3785 2775 3824 ex
2809 3770 2963 3825 vobis
2988 3768 3269 3832 occident,
3304 3781 3505 3837 corpus

1889 3873 2033 3935 dico,
2084 3868 2296 3922 animas
2333 3874 2513 3919 autem
2580 3875 2794 3919 vestras
2844 3862 3197 3934 pnssidebitis
3246 3876 3342 3930 per
3392 3874 3505 3930 pa-

1890 3961 2136 4017 tientiam
2168 3975 2183 4015 :
2218 3958 2362 4029 quod
2414 3966 2469 4011 et
2502 3957 2629 4012 alibi
2679 3958 2814 4013 dicit
2846 3976 2859 4011 :
2892 3954 2973 4012 Ne
3031 3955 3272 4011 timeatis
3318 3954 3384 4008 ab
3420 3954 3504 4007 bis

1892 4054 1981 4123 qui
2014 4052 2271 4106 occidunt
2307 4062 2531 4119 corpus,
2587 4050 2826 4105 animam
2875 4060 3057 4106 autem
3102 4048 3356 4104 occidere
3395 4062 3504 4101 non

1892 4155 2173 4217 poterunt.

1966 4336 2133 4392 Vens.
2173 4335 2370 4391 20—27.
2406 4352 2424 4387 ι
2472 4334 2607 4391 Cum
2652 4342 2832 4387 autem
2885 4329 3137 4386 videritis
3167 4327 3499 4385 circumdari

1893 4427 1963 4483 ab
1996 4427 2330 4482 exercitibus
2375 4422 2701 4491 Jerusalem,
2736 4434 2868 4477 tunc
2902 4422 3099 4477 scitote
3134 4422 3277 4489 quod
3324 4420 3508 4474 immi-

190 4534 367 4590 μωσις
403 4516 597 4585 αὐτῆς.
623 4516 755 4569 Τότε
782 4517 831 4569 οἱ
858 4518 915 4570 ἐν
959 4518 1025 4587 τῇ
1062 4515 1293 4587 Ἰουδαίᾳ
1328 4516 1685 4583 φευγέτωσαν
1708 4516 1780 4578 είς

1900 4529 2022 4576 neat
2054 4519 2316 4575 desolatio
2340 4518 2483 4589 ejus.
2512 4516 2668 4572 Tunc
2688 4516 2782 4584 qui
2810 4517 2862 4571 in
2893 4512 3079 4569 Judma
3106 4523 3253 4579 sunt,
3284 4511 3505 4581 fugiant

184 4614 256 4667 τὰ
282 4610 408 4680 ὅρη,
440 4610 534 4662 καὶ
560 4609 609 4661 οί
652 4610 708 4662 ἐν
739 4612 889 4681 μέσῳ
913 4610 1107 4678 αὑτῆς,
1140 4609 1577 4679 ἐκχωρείτωσαν.
1614 4607 1724 4661 Καὶ
1744 4608 1795 4660 oi.

181 4706 249 4759 ἐν
298 4706 421 4767 ταῖς
469 4702 698 4774 χώραις,
750 4703 825 4773 μὴ
876 4702 1317 4774 είσερχέσθωσαν
1367 4704 1446 4766 είς
1486 4701 1676 4773 αὑτὴν,
1708 4702 1792 4755 ὅτι

186 4797 399 4869 ἡμέραι
454 4795 791 4867 ἐκδικήσεως
859 4790 1020 4850 αὗταί
1086 4796 1215 4861 είσι,
1277 4794 1374 4848 τοῦ
1433 4794 1791 4866 πληρωθῆναι

187 4890 374 4945 πάντα
398 4889 468 4942 τά
488 4888 879 4959 γεγραμμένα.
900 4888 1036 4941 Οὐαὶ
1060 4890 1179 4950 ταῖς
1204 4890 1261 4940 ἐν
1282 4887 1487 4957 γαστρὶ
1513 4887 1788 4956 ἐχούσαις,

189 4985 290 5039 καὶ
321 4984 439 5045 ταῖς
465 4980 831 5051 θηλαζούσαις
854 4984 909 5033 ἐν
939 4981 1178 5043 ἐκείναις
1201 4983 1323 5043 ταῖς
1350 4980 1609 5051 ἡμέραις,
1635 4979 1792 5033 ἔσται

187 5079 304 5147 γάρ
348 5074 562 5145 ἀνάγκη
612 5072 824 5145 μεγάλη
855 5074 949 5128 ἐπὶ
982 5072 1083 5143 τῆς
1115 5072 1243 5143 γῆς,
1294 5074 1389 5127 καὶ
1424 5071 1563 5144 ὀργὴ
1616 5073 1676 5125 ἐν
1712 5070 1792 5141 τῷ

187 5167 309 5237 λαῷ
353 5166 551 5235 τούτῳ,
607 5166 705 5219 καὶ
745 5164 1039 5219 πεσοῦνται
1084 5165 1316 5235 στόματι
1360 5166 1657 5237 μαχαίρας,
1695 5165 1793 5219 καὶ

187 5258 803 5332 αἰχμαλωτισθήσονται
837 5259 918 5321 είς
948 5258 1129 5311 πάντα
1150 5258 1217 5311 τά
1246 5258 1395 5328 ἔθνη,
1447 5260 1542 5311 καὶ
1588 5258 1794 5330 Ἰερου-

190 5352 378 5422 σαλὴμ
405 5350 561 5405 ἐσται
588 5350 913 5422 πατουμένη
942 5350 1049 5405 ὑπὸ
1074 5350 1267 5414 ἐθνῶν,
1291 5350 1421 5421 ἄχρι
1449 5352 1787 5423 πληρωθῶσι

188 5445 375 5517 καιροὶ
400 5443 592 5499 ἐθνῶν.
612 5445 723 5499 Καὶ
757 5443 912 5497 ἔσται
935 5446 1137 5515 σημεῖα
1166 5444 1223 5496 ἐν
1252 5444 1410 5514 ἡλίῳ,
1439 5444 1535 5497 καὶ
1562 5444 1785 5515 σελήνῃ,

194 5541 289 5595 καὶ
322 5536 566 5609 ἄστροις,
628 5537 723 5591 καὶ
782 5538 875 5589 ἐπὶ
925 5536 1028 5607 τῆς
1081 5536 1189 5606 γῆς
1247 5538 1447 5607 συνοχὴ
1500 5537 1693 5601 ἐθνῶν,
1729 5540 1787 5590 ἐν

192 5634 401 5707 ἀπορίᾳ
423 5632 667 5705 ἡκούσης
696 5632 995 5705 θαλάσσης,
1030 5634 1125 5688 καὶ⁵
1158 5631 1345 5701 σάλου,
1389 5632 1787 5704 ἀποψυχόντων

278 5820 321 5850 ¹¹
402 5815 551 5873 Psal.
605 5833 713 5883 LIV,
763 5816 846 5887 t5,
885 5818 966 5874 Η.
1047 5820 1089 5850 ¹⁹
1118 5817 1265 5873 Psal.
1306 5836 1394 5889 ιι,
1431 5819 1513 5875 l0.

1894 4616 1961 4671 ad
2000 4624 2211 4670 montes
2268 4630 2282 4668 :
2335 4624 2388 4668 et
2428 4612 2521 4684 qui
2575 4611 2627 4665 in
2679 4609 2860 4665 medio
2893 4610 3033 4678 ejus,
3074 4608 3411 4663 discedant:
3455 4613 3510 4659 et

1894 4710 1987 4781 qui
2026 4710 2079 4764 in
2108 4707 2443 4779 regionibus,
2474 4718 2580 4761 non
2615 4706 2821 4761 intrent
2858 4704 2910 4757 iu
2939 4719 3083 4769 eam,
3113 4704 3240 4771 quia
3268 4702 3385 4755 dies
3421 4698 3504 4753 ul-

1896 4803 2061 4858 tionis
2107 4801 2332 4864 bisttnt,
2391 4810 2451 4853 ut
2506 4798 2839 4869 impleantur
2892 4796 3075 4851 omnia
3126 4808 3250 4865 quas
3305 4792 3517 4863 scripta.

1894 4902 2044 4949 sunt.
2082 4892 2171 4948 Va:
2202 4904 2384 4947 autem
2434 4891 2870 4962 przegnantibus,
2900 4900 2955 4945 et
2986 4904 3225 4944 mamma
3256 4885 3518 4941 nutrien-

1897 4987 2043 5041 tibus
2068 4987 2122 5041 in
2154 4986 2259 5042 illis
2286 4986 2499 5041 diebus.
2527 4982 2645 5038 Erit
2678 4984 2824 5039 cnim
2860 4981 3083 5038 alnictio
3110 4994 3304 5051 magna
3338 4993 3517 5047 super

1896 5092 2098 5137 terram
2124 5089 2182 5136 et
2215 5080 2295 5134 ira
2320 5080 2373 5133 in
2398 5078 2599 5149 populo
2626 5078 2748 5143 hoc,
2775 5086 2830 5134 et
2855 5079 3056 5133 cadent
3097 5078 3151 5131 in
3183 5090 3280 5131 ore
3322 5074 3518 5144 gladii,

1894 5182 1947 5225 et
1986 5171 2186 5241 captivi
2218 5171 2487 5225 ducentur
2533 5170 2587 5224 in
2620 5185 2821 5225 omnes
2856 5180 3069 5237 gentes,
3105 5177 3160 5221 et
3199 5162 3508 5221 Jerusalem

1894 5262 2197 5320 calcabitur
2216 5278 2243 5316 a
2269 5264 2542 5333 gentibus,
2568 5263 2739 5317 donec
2759 5262 3087 5331 impleantur
3109 5270 3351 5329 tempora
3374 5271 3516 5328 gen-

1902 5358 2061 5412 tium.
2095 5354 2257 5428 561
2310 5356 2378 5411 Et
2407 5364 2567 5411 erunt
2622 5358 2776 5426 signa
2826 5354 2880 5409 in
2952 5353 3089 5418 sole,
3151 5362 3206 5406 et
3265 5351 3415 5413 luna,
3446 5357 3504 5403 et

1902 5448 2101 5514 stellis,
2132 5460 2186 5503 et
2238 5450 2290 5502 in
2328 5449 2495 5503 terris
2536 5450 2786 5502 anxietas
2826 5446 3070 5515 gentium
3102 5458 3200 5515 per
3241 5441 3507 5509 despera-

1904 5544 2127 5608 tionem,
2178 5551 2472 5598 resonante
2508 5543 2646 5596 mari
2682 5550 2735 5596 et
2784 5539 2971 5605 ﬂuctu,
3009 5533 3507 5594 extabescentibus.

1901 5638 2216 5695 hominibus
2250 5652 2359 5707 pne
2392 5636 2610 5702 timore,
2650 5645 2705 5692 et
2730 5633 3141 5707 exspectatione
3161 5644 3352 5687 eorum
3377 5641 3511 5701 qum
