4100 6334
666 359 815 426 1055

1553 356 2129 419 THEOPHYLACTI
2165 357 2575 418 BULGARUE
2617 358 2656 415 Α
2670 355 2971 417 RCHIEP.

3760 344 3892 412 1056

670 473 1046 542 supervenient
1069 471 1182 523 orbi
1224 479 1508 525 terrarum.
1543 471 1674 526 Nam
1711 473 1934 525 virtutes
1964 471 2223 525 caelorum

2331 471 2634 542 ἀνθρώπων
2670 471 2776 522 ἀπο
2807 470 2971 537 φόϐου
3011 469 3100 520 καὶ
3135 464 3460 536 προσδοκίας
3507 457 3617 514 τῶν
3673 462 3894 530 implo-

674 564 1048 624 movcban‘tur,
1099 570 1151 612 et
1185 571 1310 614 tunc
1351 563 1606 615 videbunt
1638 561 1830 614 Filium
1869 562 2100 615 hominis
2136 576 2225 615 ve-

673 649 904 706 nientem
940 651 989 704 in
1024 653 1162 705 nube
1201 667 1318 705 cum
1347 661 1613 721 potestate
1641 662 1693 706 et
1727 653 1890 722 gloria
1947 670 2159 724 magna.
2202 672 2220 706 ι

674 740 1107 796 Mauifestissime
1145 758 1286 797 nunc
1316 745 1382 797 de
1427 746 1738 810 ciiptivitate
1781 743 2079 800 Jerusalem
2120 758 2230 800 tra-

671 835 766 905 dit.
802 829 956 886 Unde
982 834 1056 887 sic
1089 835 1277 900 Opinor
1303 835 1701 903 intelligendum
1735 836 1860 889 illud
1889 856 1900 889 :
1931 840 2070 890 Ante
2108 838 2222 892 haec

667 923 845 977 omnia
879 936 1080 988 autem,
1110 928 1210 978 hoc
1238 935 1336 990 est,
1367 936 1488 977 ante
1511 925 1680 980 fames
1712 940 1760 980 et
1787 928 2142 995 pestilentias,
2174 939 2227 983 et

667 1015 767 1067 alia
798 1018 974 1084 gravia
1008 1031 1125 1084 qua:
1155 1027 1278 1069 sunt
1310 1029 1566 1071 eventura
1602 1020 1652 1071 in
1689 1029 1925 1088 tempore
1969 1037 2223 1075 consum-

669 1106 940 1168 mationis,
1014 1109 1438 1176 persecutionem
1500 1111 1712 1177 quidem
1791 1111 2067 1179 patiemini
2132 1121 2227 1166 νος

667 1197 916 1264 apustoli,
950 1208 1001 1248 et
1036 1207 1228 1251 czrtera
1261 1216 1273 1250 :
1317 1199 1510 1252 deinde
1550 1210 1602 1251 et
1652 1198 2042 1270 Hierosolymis
2088 1201 2226 1255 mala

668 1283 1043 1338 imminebunt.
1093 1283 1224 1337 Nam
1272 1287 1525 1354 quoniam
1578 1287 1650 1340 illi
1690 1289 1951 1358 putabant
1999 1291 2138 1358 quod
2172 1291 2227 1345 in

671 1383 907 1442 tempore
941 1379 1420 1431 consummationis
1470 1379 1789 1432 destruenda
1835 1393 2018 1434 essent
2057 1381 2227 1435 tedili-

667 1467 744 1518 cia
782 1467 960 1534 templi
992 1485 1004 1519 :
1044 1467 1184 1532 Non,
1211 1470 1400 1538 inquit.
1434 1469 1668 1539 Tempus
1702 1472 1845 1524 enim
1878 1487 2226 1526 consumma-

666 1555 826 1609 tionis
852 1556 1020 1612 falsos
1051 1561 1336 1629 prophetas
1368 1563 1604 1627 habebit,
1653 1572 1706 1616 et
1757 1563 1925 1617 fames
1960 1573 2013 1618 et
2061 1565 2228 1632 pesti-

668 1648 861 1702 lentias
892 1665 954 1702 ex
998 1653 1264 1704 continuis
1289 1654 1440 1707 bellis
1468 1670 1588 1722 quze
1612 1656 1923 1724 contingent
1953 1658 2022 1709 ob
2044 1656 2225 1708 chari-

645 1742 798 1797 ;t.itis
830 1743 1128 1809 penuriam.
1171 1741 1277 1798 Vos
1323 1755 1498 1797 autem
1560 1757 1682 1799 ante
1732 1757 1940 1814 tempus
1972 1761 2225 1803 consum-

667 1833 916 1887 mationis
978 1837 1402 1901 persecutionem
1472 1839 1770 1905 patiemini,
1823 1848 1876 1892 et
1925 1838 2226 1895 Jerusalem

665 1924 920 1988 capietur,
970 1935 1022 1976 et
1080 1924 1280 1991 lapides
1331 1925 1402 1978 illi
1452 1927 1754 1979 diruentur.
1797 1927 2020 1992 Quando
2079 1926 2224 1983 enim

664 2014 913 2068 videbitis
976 2016 1248 2068 civitntem
1294 2032 1321 2067 a
1384 2016 1642 2070 Romanis
1682 2021 2009 2072 exercitibus
2062 2022 2223 2089 cingi,

664 2110 793 2157 tunc
820 2104 1206 2158 desolationem
1255 2106 1372 2174 ejus
1413 2108 1624 2161 scitote.
1656 2106 1882 2178 Tragice
1911 2112 2071 2178 igitur
2097 2127 2226 2178 pro-

665 2193 767 2248 fert
793 2197 927 2250 mala
963 2212 1079 2264 qua:
1102 2207 1226 2251 tunc
1256 2197 1456 2252 civitati
1485 2199 2016 2256 itnmiuebunt.Natn
2053 2205 2139 2272 qui
2173 2206 2224 2259 in

663 2283 866 2352 Judzea,
897 2288 1089 2355 inquit,
1115 2287 1322 2359 fugiant
1352 2291 1401 2344 in
1426 2303 1636 2348 montes
1673 2312 1687 2349 :
1717 2305 1770 2349 et
1791 2294 1879 2363 qui
1903 2295 1956 2348 in
1988 2298 2226 2366 regioni-

663 2375 780 2439 bus,
851 2391 916 2429 ne
976 2389 1192 2446 sperent
1245 2381 1385 2447 quod
1443 2383 1635 2436 civitas
1693 2392 1901 2436 murata
1957 2387 2226 2439 custodiat

664 2482 756 2520 eos
785 2491 797 2520 ι
829 2473 920 2522 sed
949 2472 1202 2524 secedant
1223 2473 1385 2526 etiam
1443 2475 1540 2542 ipsi
1572 2477 1661 2546 qui
1696 2477 1745 2529 in
1773 2478 1944 2531 media
1969 2478 2208 2534 civitate.

667 2555 789 2611 Dies
819 2559 958 2611 enim
1008 2559 1225 2614 ultionis
1256 2572 1398 2628 sunt,
1427 2573 1484 2617 ut
1524 2565 1849 2634 impleantur
1882 2583 2001 2634 quae
2034 2570 2084 2622 in
2125 2569 2226 2622 Da-

669 2647 806 2701 niele
855 2650 1188 2716 potissimum
1231 2662 1354 2705 sunt
1388 2654 1608 2721 scripta.
1666 2654 1753 2710 Va:
1801 2661 2222 2727 praegnantibus,

665 2740 1095 2808 quandoquidem
1118 2741 1299 2812 fugere
1318 2759 1419 2798 non
1444 2757 1693 2814 poterunt
1716 2760 1932 2816 propter
1954 2752 2222 2806 sarcinam

663 2837 865 2890 ventris
898 2854 909 2889 :
942 2845 993 2890 et
1021 2838 1362 2906 lactantibus,
1400 2850 1619 2909 propter
1646 2857 1882 2896 amorem
1914 2859 2041 2913 erga
2091 2860 2220 2914 pue-

665 2945 772 2992 ros,
829 2947 962 2998 quos
1014 2947 1185 3002 neque
1235 2935 1536 3003 relinquere
1588 2947 1812 3005 possunt
1844 2939 2049 3006 absque
2070 2954 2219 3004 cura,

663 3035 835 3086 neque
882 3037 1062 3076 secum
1113 3023 1346 3078 auferre.
1398 3024 1623 3091 Quidam
1681 3021 1731 3081 in
1773 3029 1872 3083 hoc
1908 3046 1935 3083 a
1995 3030 2220 3086 Domino

2335 565 2511 633 μένων
2534 562 2598 633 τῇ
2623 563 2929 630 οἰκουμένῃ.
2973 561 3037 612 Αἱ
3089 560 3194 629 γάρ
3222 557 3477 625 δυνάμεις
3509 553 3618 606 τῶν
3649 550 3893 620 οὐρανῶν

2333 652 2774 721 σαλευθήσονται,
2817 651 2910 702 καὶ
2957 650 3076 701 τότε
3125 645 3342 714 ὄψονται
3376 640 3465 697 τὸν
3505 642 3634 694 Υίδν
3675 639 3767 692 τοῦ
3803 641 3892 691 ἀν-

2332 744 2549 814 θρώπου
2579 743 2869 812 ἐρχόμενον
2897 742 2953 793 ὲν
3012 739 3261 808 νεφέλαις
3306 734 3446 814 μετὰ
3486 733 3773 800 δυνάμεως
3805 731 3892 782 καὶ

2329 836 2482 904 δόξης
2508 835 2728 902 πολλῆς.
2763 853 2779 885 ι
2840 833 3156 900 Σαφέστατα
3199 828 3292 880 νῦν
3343 829 3470 897 περὶ
3498 826 3596 893 τῆς
3645 823 3893 884 ἁλώσεως

2330 927 2427 994 τῆς
2491 925 2847 994 Ἰερουσαλὴμ
2887 921 3259 992 διαλαμϐάνει.
3303 921 3468 972 Ὅθεν
3520 915 3698 986 οἶμαι,
3756 915 3892 966 οὕτω

2329 1018 2410 1069 δεῖ
2438 1019 2694 1085 νοηθῆναι
2726 1017 2804 1077 τὸ,
2838 1015 2949 1085 Πρὸ
2999 1014 3054 1066 δὲ
3106 1012 3310 1064 τούτων
3361 1013 3597 1071 πάντων,
3627 1007 3889 1065 τουτέστι,

2331 1109 2435 1177 ’πρὸ
2465 1108 2521 1160 δὲ
2555 1108 2660 1159 τῶν
2694 1107 2885 1175 λιμῶν,
2921 1107 3011 1158 καὶ
3041 1105 3148 1157 τῶν
3193 1103 3421 1172 λοιμῶν,
3456 1103 3548 1154 καὶ
3589 1099 3702 1150 τῶν
3723 1097 3894 1150 ἄλλων

2330 1199 2542 1262 δεινῶν,
2603 1198 2636 1251 ἃ.
2691 1198 2939 1267 μέλλουσι
2979 1195 3301 1265 συμϐαίνειν
3358 1195 3414 1245 ὲν
3467 1192 3542 1260 τῷ
3588 1189 3768 1261 καιρῷ
3803 1192 3895 1258 τῆς

2333 1290 2666 1351 συντελείας,
2713 1288 3080 1358 διωχθήσεσθε
3118 1285 3218 1355 μὲν
3267 1287 3422 1353 ὑμεῖς
3483 1285 3530 1336 οἱ
3575 1283 3888 1342 ἀπόστολοι,

2331 1383 2426 1435 καὶ
2473 1382 2540 1433 τὰ
2590 1380 2739 1449 ἑξῆς.
2795 1376 2927 1433 Εἶτα
2981 1377 3076 1431 καὶ
3134 1380 3198 1448 τῇ
3249 1375 3608 1443 Ἰερουσαλὴμ
3651 1374 3721 1425 τὰ
3757 1371 3896 1425 κακὰ

2331 1473 2741 1541 ἐπιστήσονται.
2784 1456 2999 1539 Ἐπειδὴ
3044 1469 3153 1538 γὰρ
3185 1469 3382 1520 ἐκεῖνοι
3422 1466 3691 1535 ἐνόμιζον,
3734 1465 3816 1515 ὅτι
3843 1467 3896 1514 ὲν

2331 1566 2407 1634 τῷ
2438 1563 2614 1634 καιρῷ
2647 1565 2744 1633 τῆς
2796 1561 3106 1624 συντελείας
3155 1559 3624 1628 καταλυθήσονται
3660 1557 3717 1610 αἱ
3747 1558 3894 1607 οίκοο

2331 1657 2492 1723 δομαὶ
2515 1654 2606 1707 τοῦ
2642 1655 2810 1724 ἱεροῦ,
2839 1654 2992 1723 Οὐχὶ,
3019 1653 3203 1722 φησίν.
3240 1653 3298 1704 ’0
3333 1652 3428 1721 μὲν
3461 1654 3570 1719 γὰρ
3599 1650 3695 1718 τῆς
3717 1664 3898 1700 συντε-

2333 1745 2479 1807 λείας
2509 1744 2699 1814 καιρὸς
2762 1744 3212 1812 ψευδοπροφήτας
3261 1741 3393 1807 ἕξει,
3432 1741 3525 1792 καὶ
3551 1741 3768 1806 λιμοὺς,
3806 1739 3896 1789 καὶ

2329 1835 2552 1902 λοιμοὺς
2572 1836 2633 1886 ὲκ
2649 1830 2758 1885 τῶν
2776 1832 3012 1902 συνεχῶν
3032 1832 3284 1901 πολέμων
3304 1832 3410 1883 τῶν
3427 1830 3512 1882 διὰ
3527 1829 3586 1882 τδ
3611 1829 3893 1898 άπσᾷωγῆο

2329 1941 2415 1976 ναι
2445 1924 2542 1992 τὴν
2565 1924 2786 1994 ἀγάπην
2803 1924 3102 1991 μελλόντων
3121 1921 3550 1990 ὲπεισφθαρῆναι
3565 1963 3576 1974 .
3625 1920 3818 1989 Ὑμεῖς
3839 1920 3895 1972 δὲ

2329 2020 2434 2088 πρδ
2449 2018 2542 2070 τοῦ
2557 2021 2652 2086 τῆς
2678 2017 2983 2078 συντελείας
2997 2014 3190 2084 καιροῦ
3210 2012 3665 2083 ὲκδιιοχθήσεσθε,
3684 2014 3778 2064 καὶ
3806 2013 3898 2065 Ἰε-

2330 2111 2609 2182 ρουσαλὴμ
2636 2109 2924 2174 ἁλώσεται,
2959 2109 3050 2161 καὶ
3077 2110 3123 2160 οἱ
3148 2107 3282 2159 λίθοι
3302 2099 3446 2159 οὗτοι
3477 2104 3889 2172 καταλυθήσον-

2328 2221 2435 2257 ται.
2473 2205 2644 2256 Ὅταν
2677 2203 2785 2272 γὰρ
2829 2201 2974 2271 ἴδητε
3014 2199 3301 2269 τὴν-πόλιν
3348 2197 3451 2250 ὑπὸ
3493 2197 3600 2248 τῶν
3641 2195 3887 2263 Ῥωμαῖ·

2328 2296 2439 2348 κῶν
2476 2294 2901 2364 στρατευμάτων
2931 2291 3329 2361 κυκλουμένην,
3392 2287 3509 2341 τότε
3542 2288 3641 2356 τὴν
3675 2289 3900 2367 ἐρήμω-

2329 2403 2412 2439 σιν
2442 2388 2611 2457 αὐτῆς
2654 2385 2850 2454 γνῶτε.
2889 2383 3254 2455 Ἐκτραγῳδεῖ
3277 2377 3371 2434 οὖν
3422 2381 3486 2434 τά
3510 2379 3684 2442 δεινά,
3714 2379 3749 2433 a
3775 2380 3893 2433 τότε

2325 2479 2423 2550 τὴν
2454 2479 2606 2531 πόλιν
2646 2477 3058 2549 περιστήσεται.
3107 2476 3174 2529 Ol.
3205 2475 3303 2544 μὲν
3326 2475 3434 2543 γάρ
3458 2475 3515 2526 ὲν
3537 2476 3603 2541 τῇ
3643 2471 3894 2540 Ἰουδαία,

2326 2569 2705 2638 φευγέτωσαν,
2743 2567 2927 2637 φησὶν,
2957 2567 3034 2627 είς
3052 2565 3119 2617 τὰ
3173 2563 3296 2634 ὅρη.
3327 2563 3437 2615 Kal
3464 2562 3513 2615 οἱ
3545 2563 3604 2615 ὲν
3643 2563 3764 2622 ταῖς
3795 2559 3899 2630 χώ-

2329 2681 2468 2735 ραις,
2507 2663 2579 2732 μὴ
2609 2661 3084 2732 προσδοκάτωσαν,
3107 2660 3242 2726 ὃτιή
3271 2657 3424 2719 πόλις
3448 2655 3710 2727 τειχήρης
3737 2653 3896 2721 οὖσα,

2329 2756 2552 2825 φυλάξει
2593 2754 2811 2816 αὐτοὺς,
2838 2752 2952 2804 ἀλλ’
2982 2751 3422 2820 ἀναχωρήτωσαν
3446 2748 3539 2802 καὶ
3567 2749 3616 2800 ol
3651 2748 3710 2799 ὲν
3749 2747 3899 2815 μέσῲ

2327 2848 2426 2916 τῆς
2457 2847 2683 2906 πόλεως.
2727 2843 2958 2913 Ἡμέραι
3011 2843 3120 2911 γὰρ
3168 2839 3500 2910 ἐκδικήσεως
3534 2841 3695 2903 εἰσιν,
3729 2839 3799 2900 ὡς
3834 2839 3898 2893 ἂν

2327 2931 2688 3006 πληρωθῶσιν
2717 2935 2751 2989 ἃ
2792 2935 3115 3006 ἐγράφησαν
3175 2935 3233 2987 ὲν
3291 2933 3368 3004 τῷ
3402 2931 3600 3002 Δανιὴλ
3628 2931 3886 3000 μάλιστα.

2326 3032 2460 3084 Οὐαὶ
2493 3031 2614 3090 ταῖς
2648 3031 2705 3081 ὲν
2739 3027 2936 3097 γαστρὶ
2981 3025 3231 3094 ἐχούσαις
3265 3041 3276 3053 ·
3304 3025 3365 3078 οὐ
3411 3023 3733 3094 δυνήσονται
3789 3025 3898 3092 γὰρ

666 3109 990 3163 insinuatum
1027 3122 1213 3178 putant
1244 3130 1391 3167 esum
1422 3118 1592 3185 pueri,
1621 3121 1683 3173 de
1732 3135 1840 3188 quo
1872 3123 2035 3175 tradit
2063 3122 2218 3177 Jose-

2327 3121 2546 3190 φεύγειν
2585 3120 2670 3173 διὰ
2696 3121 2756 3171 τὸ
2791 3118 2952 3190 βάρος
2989 3120 3086 3190 τῆς
3115 3117 3350 3185 γαστρός
3377 3133 3391 3147 ·
3422 3115 3516 3169 καὶ
3565 3117 3688 3176 ταῖς
3727 3114 3897 3181 θηλα-

661 3200 821 3266 nhus,
862 3211 914 3255 et
952 3204 1191 3269 pradicit
1221 3205 1536 3260 Hieremias.
1561 3208 1624 3261 Et
1655 3209 1978 3274 Jerusalem,
2012 3213 2211 3283 inquit,

665 3290 976 3344 conculcata
1000 3293 1100 3345 erit
1133 3309 1159 3346 a
1202 3297 1468 3362 gentibus.
1516 3295 1804 3368 [lucusque
1840 3302 1903 3356 de
1932 3305 2212 3371 captivita-

664 3398 734 3433 lc’.
775 3380 975 3434 Deinde
1000 3382 1190 3435 iterum
1229 3386 1390 3438 tradit
1417 3399 1477 3439 ea
1504 3403 1620 3455 qua:
1643 3393 1707 3443 de
1736 3395 2220 3449 consummatione.

669 3473 840 3527 Erunt
884 3476 1027 3528 enim
1059 3477 1210 3545 signa
1241 3477 1294 3529 in
1337 3479 1474 3543 sole,
1498 3491 1551 3534 et
1576 3484 1734 3548 'luna,
1769 3494 1821 3537 et
1864 3485 2054 3542 stellis.
2083 3488 2219 3542 Cum

662 3566 805 3619 enim
853 3577 1098 3622 creatura
1158 3569 1433 3635 alteratur,
1479 3575 1669 3629 merito
1715 3575 1977 3632 elementa
2025 3596 2220 3635 novum

661 3674 865 3712 morem
933 3661 1151 3715 habent.
1193 3661 1259 3716 Et
1321 3667 1572 3734 angustia
1633 3670 1893 3735 gentium,
1955 3671 2056 3726 hoc
2117 3681 2220 3740 est,

663 3749 898 3815 afﬂictio,
939 3753 1177 3805 omnium
1229 3753 1408 3823 inopia
1461 3759 1764 3813 commista.
1823 3758 1969 3813 Mare
2043 3773 2220 3817 autem

660 3844 911 3896 maximis
955 3845 1100 3897 senis
1135 3848 1431 3908 resonabit,
1460 3857 1513 3900 et
1549 3850 1650 3903 erit
1681 3853 1974 3905 commotio
2006 3868 2067 3908 ac
2112 3867 2225 3908 tur-

661 3934 823 3996 batio,
859 3936 927 3986 ita
961 3945 1017 3988 ut
1052 3936 1296 3992 homines
1343 3940 1685 3994 extabescant
1739 3959 1769 3996 a
1800 3946 1914 3998 solo
1940 3946 2136 4000 timore
2167 3958 2221 4002 et

659 4026 1032 4093 expectatione
1053 4043 1235 4082 eorum
1259 4046 1379 4098 quae
1405 4034 1616 4087 venient
1640 4035 1800 4104 super
1823 4040 2030 4093 orbem.
2063 4039 2220 4097 Vides

659 4117 746 4168 hic
777 4116 1057 4172 manifeste
1084 4119 1149 4172 de
1181 4124 1644 4180 consummatione
1671 4127 2001 4195 loquentem.
2040 4129 2214 4201 Supra

659 4207 801 4259 enim
857 4201 1070 4262 dicebat
1128 4208 1422 4265 Jerusalem
1479 4217 1546 4268 ab
1601 4219 1925 4272 exercitibus
1981 4223 2216 4286 gentium

657 4297 974 4364 cingondam
1023 4309 1078 4352 et
1126 4302 1571 4365 conculcaudam.
1624 4307 1720 4361 hic
1751 4321 1926 4362 autem
1965 4312 2060 4364 toti
2099 4314 2216 4367 orbi

658 4401 1041 4458 superventura
1069 4392 1198 4446 dicit
1233 4394 1392 4458 mala,
1433 4407 1484 4450 et
1527 4398 1596 4450 ita
1625 4415 1767 4454 nunc
1790 4401 1854 4454 de
1880 4418 2218 4458 consumma-

658 4480 800 4532 tione
830 4481 1005 4532 smculi
1043 4482 1293 4551 loquitur.
1323 4483 1455 4539 Nam
1485 4489 1711 4544 virtutes
1742 4493 1996 4546 ccelorum
2033 4511 2216 4549 move-
2252 4470 2293 4523 θ

659 4568 872 4625 buntur.
909 4571 974 4625 Et
1008 4573 1132 4638 quid
1167 4566 1307 4638 dico,
1340 4575 1531 4644 inquit,
1571 4581 1710 4647 quod
1743 4580 1987 4637 homines
2029 4587 2214 4640 turba-

659 4662 875 4726 buntur,
929 4677 1049 4716 cum
1094 4675 1341 4718 creatura
1389 4670 1565 4722 omnis
1624 4670 1920 4724 alterctur‘!
1974 4673 2107 4728 Nam
2160 4687 2214 4730 et

2328 3213 2564 3277 ζούσαις,
2613 3214 2698 3266 διὰ
2743 3213 2839 3282 τὴν
2905 3211 3037 3281 πρὸς
3095 3209 3162 3262 τὰ
3226 3209 3397 3288 βρέφη
3463 3206 3716 3276 στοργήν,
3761 3207 3897 3276 μήτε

2326 3307 2628 3375 δυναμένας
2665 3306 2882 3372 ἀφιέναι
2937 3302 3252 3372 άτημέλητα
3277 3344 3292 3365 ,
3333 3303 3468 3368 μήτε
3511 3297 3630 3367 μεθ’
3679 3299 3896 3352 ἑαυτῶν

2327 3397 2650 3466 ἐπάγεσθαι.
2716 3396 2872 3458 Τινὲς
2917 3395 2972 3448 δὲ
3029 3396 3084 3446 ὲν
3134 3391 3345 3453 τούτοις
3397 3387 3734 3443 αἰνίττεσθαι
3803 3389 3896 3442 τὸν

2325 3493 2531 3562 Κύριον
2592 3490 2690 3560 τὴν
2750 3489 3109 3557 τεκνοφαγίαν
3168 3487 3350 3555 φασὶν,
3405 3487 3472 3557 ἢν
3519 3485 3548 3536 ὁ
3619 3484 3890 3553 Ἰώσηπος

2329 3586 2549 3655 ἱστορεῖ,
2590 3583 2683 3637 καὶ
2729 3583 2998 3652 Ἱερεμίας
3047 3579 3403 3651 προφητεύει.
3461 3578 3572 3632 Kal
3625 3577 3898 3648 Ἰερουσα-

2323 3677 2457 3747 λὴμ,
2514 3673 2696 3746 φησὶν,
2763 3674 2916 3726 ἔσται
2961 3673 3276 3743 πατουμένη
3332 3671 3436 3725 ὑπὸ
3477 3669 3668 3724 ἐθνῶν.
3719 3673 3896 3742 Μέχρι

2322 3768 2512 3818 τούτου
2550 3767 2614 3818 τὰ
2657 3765 2906 3835 περὶτῆς
2957 3764 3234 3826 ἁλώσεως.
3292 3757 3426 3814 Εἶτα
3472 3761 3638 3813 πάλιν
3664 3760 3731 3814 τὰ
3765 3763 3895 3830 περὶ

2324 3859 2421 3928 τῆς
2453 3856 2780 3918 συντελείας.
2821 3857 3016 3908 Ἔσται
3050 3855 3179 3923 γὰρ,
3218 3853 3375 3922 φησὶ,
3414 3855 3616 3922 σημεῖα
3648 3853 3706 3903 ὲν
3739 3851 3892 3921 ἡλίῳ,

2327 3949 2418 4002 καὶ
2450 3949 2665 4019 σελήνῃ,
2725 3946 2819 4000 καὶ
2891 3948 3130 4015 άστροις.
3194 3946 3302 3998 Kal
3347 3944 3456 4015 γὰρ
3499 3945 3600 4012 τῆς
3665 3943 3896 4008 κτίσεως

2321 4041 2726 4109 ἀλλοιουμένης,
2761 4040 2986 4102 εἰκότως
3029 4040 3096 4090 τὰ
3138 4041 3378 4107 στοιχεῖα
3404 4036 3874 4104 καινοτομοῦνται.

2323 4135 2430 4188 Kal
2458 4132 2653 4202 συνοχὴ
2699 4132 2889 4194 ἐθνῶν,
2928 4130 3201 4194 τουτέστι,
3253 4129 3454 4197 θλίψις,
3501 4128 3722 4181 πάντων
3757 4130 3892 4180 ἀπο-

2324 4226 2413 4296 ρίᾳ
2441 4226 2718 4293 συμμιγής
2745 4240 2760 4255 ο
2790 4223 2824 4293 ἤ
2849 4240 2904 4274 τε
2929 4221 3174 4275 θάλασσα
3197 4221 3360 4290 ἤχους
3388 4219 3683 4288 φρικώδεις
3713 4220 3894 4288 μυκή-

2323 4335 2493 4380 σεται,
2525 4319 2617 4369 καὶ
2668 4317 2827 4377 σάλος
2854 4315 3004 4367 ἔσται
3039 4316 3135 4368 καὶ
3165 4314 3402 4383 ταραχὴ,
3441 4312 3584 4365 ὥστε
3629 4314 3755 4376 τοὺς
3791 4317 3883 4367 άν-

2323 4388 2574 4480 θρώπους
2628 4409 2930 4478 ἀποψύχειν
2972 4412 3034 4461 ἐκ
3083 4408 3242 4476 μόνου
3299 4407 3391 4459 τοῦ
3443 4407 3634 4476 φόϐου,
3669 4406 3894 4474 καὶτῆς

2321 4499 2645 4569 προσδοκίας
2677 4499 2782 4549 τῶν
2821 4498 3208 4566 ἐπερχομένων
3245 4499 3311 4565 τῇ
3359 4497 3680 4566 οἰκουμένῃ.
3724 4496 3892 4564 Ὁρᾷς

2323 4590 2569 4659 φανερῶς
2610 4587 2840 4641 ἐνταῦθα
2869 4587 3112 4657 περὶτῆς
3138 4585 3446 4650 συντελείας
3473 4585 3722 4650 λέγοντα.
3746 4585 3894 4638 ’Δνω

2326 4681 2557 4749 μὲνγὰρ
2614 4678 2764 4747 ἔλεγε
2826 4677 2924 4746 τὴν
2994 4675 3350 4745 Ἰερουσαλὴμ
3391 4674 3744 4735 κυκλοῦσθαι,
3800 4675 3894 4727 καὶ

657 4753 757 4819 ipsi
795 4755 966 4819 angeli
1032 4763 1086 4808 et
1125 4757 1309 4822 prima:
1365 4758 1594 4812 virtutes
1635 4763 2010 4827 turbabuntur,
2052 4765 2212 4837 462

2327 4772 2609 4827 πατεῖσθαι
2637 4770 2742 4820 ὑπὸ
2767 4769 2874 4821 τῶν
2901 4767 3276 4834 στρατοπέδων
3301 4767 3409 4818 τῶν
3430 4767 3620 4830 ἐθνῶν,
3654 4766 3892 4821 ἐνταῦθα

655 4846 1107 4915 terrebunturque
1138 4850 1186 4900 in
1238 4850 1565 4904 terribilibus
1606 4854 2063 4912 immutationibus
2091 4863 2214 4912 uui-

2327 4866 2376 4917 δὲ
2412 4867 2476 4932 τῇ
2531 4862 2828 4932 οἰκουμένῃ
2869 4861 2938 4913 τὰ
2997 4860 3145 4913 κακὰ
3197 4844 3547 4929 ἐπέρχεσθαι,
3587 4859 3727 4911 ὥστε
3763 4862 3894 4932 περὶ

654 4937 818 4988 versi.
869 4937 930 4990 Et
998 4949 1124 4992 tunc
1180 4940 1437 4994 videbunt
1505 4942 1697 4996 Filium
1767 4947 2018 5000 hominis.
2081 4949 2220 5013 Qui?

2327 4955 2415 5019 τῆς
2441 4950 2668 5018 καθόλρυ
2700 4950 3006 5010 συντελείας
3038 4951 3066 5001 ὁ
3110 4949 3269 5017 λόγος
3292 4949 3387 5001 νῦν
3441 4951 3588 5001 ἐστιν
3614 4949 3784 5017 αὐτῷ.
3824 4951 3891 5002 Al

655 5029 877 5091 Omnes,
935 5033 1322 5100 credenti-set
1385 5050 1485 5086 non
1538 5037 1839 5092 credentes.
1905 5037 2218 5096 Venientem

2327 5040 2424 5109 γὰρ
2469 5039 2721 5110 δυνάμεις
2751 5041 2857 5093 τῶν
2901 5041 3147 5108 οὐρανῶν
3192 5041 3637 5108 σαλευθήσονται.
3691 5041 3808 5092 Kal.
3838 5042 3889 5094 τί

653 5126 830 5170 autem
866 5118 917 5170 in
977 5121 1226 5180 nubibus,
1267 5131 1323 5174 ut
1375 5125 1535 5177 Deum
1592 5129 1795 5182 scilicet
1857 5144 1978 5183 cum
2021 5133 2217 5185 virtute

2327 5133 2478 5198 λέγω,
2518 5133 2701 5201 φησὶν,
2740 5132 2820 5184 ὅτι
2851 5134 2896 5183 οἱ
2955 5133 3233 5202 ἄνθρωποι
3279 5132 3749 5202 ταραχθήσονται,
3791 5133 3889 5203 τῆς

650 5209 891 5272 etgloria
923 5225 1129 5275 rnagmt.
1179 5211 1386 5281 Quippe
1423 5231 1583 5284 super
1624 5219 1787 5273 solem
1826 5232 1950 5275 tunc
1992 5221 2213 5291 fulgebit

2327 5223 2546 5285 ιτίσειῡς
2589 5224 2769 5292 πάσης
2832 5223 3251 5293 ἀλλοιουμένηςὶ
3321 5225 3428 5276 Kal
3487 5224 3644 5276 αὐτοὶ
3698 5223 3807 5291 γὰρ
3836 5223 3884 5277 ol

651 5311 700 5349 et
732 5300 867 5364 ipse,
904 5311 955 5353 et
980 5318 1106 5354 crux
1141 5306 1276 5370 ejus,
1311 5314 1363 5358 et
1392 5307 1456 5358 ab
1486 5311 1736 5364 omnibus
1764 5323 2107 5380 agnoscetur.

2327 5316 2555 5383 ἱγγελοι,
2589 5319 2677 5368 καὶ
2712 5318 2765 5368 αἱ
2791 5317 3091 5384 πρώτισται
3123 5316 3378 5383 δυνάμεις
3417 5317 3882 5385 ταραχθήσονται,

650 5393 1203 5464 καὶὲκπλαγήσοεηριι
1238 5398 1328 5450 ἐπὶ
1384 5401 1505 5459 ταῖς
1555 5399 1696 5453 οὕτω
1751 5407 2047 5471 φρικώδεσι
2104 5407 2195 5458 τοῦ
2230 5411 2429 5473 παντὸς
2502 5410 2842 5478 μεταϐολαῖς.
2911 5413 3018 5464 Καὶ
3080 5411 3199 5463 τότε
3253 5410 3472 5478 δψονται
3509 5411 3599 5461 τὸν
3625 5410 3751 5461 Υίὺν
3792 5408 3883 5461 τοῦ

655 5480 960 5546 ανθρώπου.
1004 5486 1194 5551 Τίνες;
1233 5490 1438 5552 Πάντες
1480 5490 1533 5541 οἳ
1558 5508 1615 5542 τε
1652 5494 2020 5558 πιστεύοντες,
2061 5501 2154 5551 καὶ
2194 5501 2241 5550 οἱ
2315 5503 2388 5570 μὴ
2434 5501 2808 5562 πιστεύοντες.
2883 5503 3209 5570 Ἑρχόμενον
3259 5502 3316 5555 δὲ
3369 5505 3427 5555 ὲν
3471 5502 3747 5567 νεφέλαις,
3807 5503 3882 5564 ὡς

655 5576 784 5628 θεὸν
811 5579 1007 5649 δηλαδὴ
1044 5584 1178 5650 μετὰ
1218 5586 1495 5655 δυνάμεως
1531 5588 1620 5639 καὶ
1652 5587 1804 5656 δόξης
1855 5590 2052 5658 πολλῆς
2095 5608 2110 5622 ·
2146 5598 2238 5645 καὶ
2280 5596 2388 5665 γὰρ
2465 5597 2603 5665 ὑπὲρ
2652 5598 2741 5649 τὸν
2773 5598 2922 5666 ἥλιον
2977 5597 3243 5666 ἀστράψει
3288 5597 3408 5649 τότε
3435 5597 3597 5660 αὑτός
3626 5615 3684 5649 τε
3723 5599 3813 5650 καὶ
3857 5598 3886 5653 ι

653 5673 885 5739 οτσυρδς
915 5675 1100 5731 αὑτοῦ.
1144 5678 1231 5726 καὶ
1264 5682 1411 5746 παρὰ
1441 5681 1653 5730 πάντων
1689 5682 2178 5750 ἐπιγνωσθήσεται.

740 5760 896 5816 Vsus.
959 5761 1144 5819 28°35.
1190 5783 1207 5816 ι
1282 5764 1374 5821 llis
1419 5781 1596 5824 autem
1638 5771 1750 5826 lieri
1803 5773 2208 5843 incipientibus,

2400 5799 2415 5828 ι
2470 5781 2810 5844 ’Λοκομένων
2865 5782 2920 5835 δὲ
2978 5778 3180 5832 τούτων
3233 5777 3495 5845 γίνεσθαι,
3547 5777 3883 5847 ἀνακύψατε,
