4100 6334
657 425 800 491 1359

1579 418 2152 481 THEOPHYIACTI
2200 418 2396 478 BUI.G
2406 420 2531 478 AR]
2547 419 2609 479 Ε
2646 420 2691 479 Α
2702 420 2999 484 RCHIEP.

3805 421 3934 493 1060

730 539 889 594 \‘tztts.
916 533 1103 591 διδ-36.
1132 550 1153 586 ι
1208 530 1485 596 Attenditc
1509 539 1689 585 autem
1740 532 1916 597 vobis,
1949 531 2232 601 nequando

2419 551 2436 583 ι
2480 533 2782 603 Προσέχετε
2807 534 2862 587 δὲ
2892 534 3125 598 ἑαυτοῖς,
3153 534 3228 606 μή
3254 552 3381 589 ποτε
3414 535 3764 608 βαρυνθῶσιν
3788 547 3926 617 {man

652 636 947 699 graventur
994 628 1156 679 corda
1195 635 1371 676 vestra
1402 622 1622 689 crapula
1657 630 1711 676 et
1737 621 2021 686 ebrietate,
2063 632 2117 675 et
2145 637 2238 675 cu-

653 720 732 774 ris
760 716 917 788 hujus
952 717 1097 779 vite,
1130 714 1449 782 subitusque
1477 713 1625 767 vobis
1658 714 1873 782 ingruat
1928 714 2043 767 dies
2096 714 2185 768 ille
2220 734 2232 769 :

654 823 908 878 tauquam
944 807 1169 876 laqueus
1200 808 1343 860 enim
1371 805 1717 874 superveniet
1748 805 1803 859 in
1826 820 2015 859 omnes
2040 806 2239 861 seden-

657 886 740 957 tes
775 916 935 970 super
968 899 1163 954 [aciem
1192 900 1359 952 tctius
1398 910 1575 951 terrae.
1608 896 1836 967 Vigilate
1877 898 2061 966 itaque
2088 898 2237 951 omni

658 1002 921 1057 tempore,
965 991 1321 1058 deprecantes
1350 998 1409 1041 ut
1440 988 1601 1042 liceat
1625 988 1777 1043 vobis
1837 988 2076 1059 eﬂugere
2136 990 2236 1044 ista

652 1083 975 1151 omniaquae
1019 1081 1198 1136 futura
1228 1092 1374 1149 sunt,
1401 1064 1462 1137 εἶ
1479 1093 1626 1138 stare
1652 1092 1778 1138 ante
1808 1081 2004 1137 Filium
2060 1082 2235 1137 homi-

655 1176 760 1239 nis,
802 1192 823 1227 ι
861 1174 1180 1240 Andiristis,
1208 1174 1401 1241 inquit,
1433 1175 1870 1229 terriculamenta
1902 1186 1957 1229 et
1981 1176 2239 1229 turbatio.

653 1282 770 1333 nes,
803 1278 855 1321 et
881 1268 1107 1338 grandia
1130 1277 1251 1321 sunt
1286 1268 1400 1320 hare
1419 1268 1597 1321 omnia
1626 1283 1689 1321 ac
1708 1268 1947 1338 symbola
1971 1267 2232 1320 malorum

651 1372 774 1426 quae
805 1367 1120 1427 peccatores
1150 1368 1275 1410 sunt
1304 1358 1707 1424 deprehensum
1739 1377 1752 1411 :
1786 1359 1879 1412 sed
1907 1358 2027 1427 quia
2053 1360 2235 1427 gravia

655 1450 796 1511 haec,
834 1451 955 1504 ideo
987 1450 1235 1517 magnum
1268 1451 1563 1502 remedium
1592 1465 1781 1505 eorum
1818 1462 1902 1505 cst
1929 1456 2155 1506 attentio
2185 1460 2240 1505 et

649 1543 847 1596 oratio.
883 1542 1108 1611 Semper
1140 1548 1282 1597 enim
1343 1556 1593 1612 paratum
1641 1559 1763 1599 esse
1818 1553 1874 1599 et
1918 1555 2238 1612 exspectare

650 1635 835 1699 linem,
861 1636 1094 1689 maxime
1111 1640 1351 1693 omniuiu
1386 1638 1636 1693 conferre
1664 1637 1886 1708 poterit.
1917 1636 2029 1692 lloc
2058 1648 2236 1691 autem

647 1725 803 1780 vobis
836 1729 1129 1797 continget,
1162 1730 1207 1784 si
1260 1730 1429 1785 sobrii
1482 1731 1720 1795 fueritis,
1752 1741 1805 1785 et
1856 1746 1961 1785 non
2016 1742 2237 1801 gravata

649 1812 857 1870 fuerint
891 1820 1053 1873 corda
1085 1832 1263 1876 vestra
1292 1824 1512 1891 crapula
1550 1833 1607 1877 et
1635 1822 1925 1885 ebrietate,
1975 1833 2030 1877 et
2091 1823 2241 1877 solli-

2342 624 2397 677 αἱ
2432 623 2651 691 καρδίαι
2698 628 2754 676 ἐν
2806 626 3103 697 κραιπάλῃ,
3150 629 3242 682 καὶ
3290 631 3450 704 μέθῃ,
3488 635 3583 689 καὶ
3644 639 3931 709 μερίμναις

2344 714 2645 785 βιωτικαῖς,
2683 718 2777 770 καὶ
2823 720 3090 787 αἰφνίδιος
3140 723 3338 794 ἐπιστῇ
3382 727 3471 794 ἐφ’
3500 729 3649 797 ὑμᾶς
3688 733 3721 802 ἠ
3754 734 3925 803 ἡμέρα

2341 809 2524 877 ἐκείνη
2552 826 2565 839 ι
2594 808 2671 872 ὡς
2717 811 2883 878 παγὶς
2912 812 3017 882 γὰρ
3053 813 3406 870 ἐπελεύσεται
3448 819 3542 872 ἐπὶ
3572 822 3787 886 πάντας
3810 825 3928 889 τοὺς

2342 898 2686 969 καθημένους
2725 902 2817 954 ἐπὶ
2864 903 3158 972 πρόσωπον
3204 908 3384 975 πάσης
3429 910 3531 979 τῆς
3565 913 3689 982 γῆς,
3735 917 3919 990 Ἀγρυ.

2341 996 2523 1047 πνεῖ-ιε
2544 994 2637 1048 οὖν
2658 997 2716 1048 ἐν
2744 997 2906 1049 παντὶ
2933 1000 3109 1067 καιρῷ
3142 999 3408 1071 δεόμενοι,
3439 1005 3525 1058 ἴνα
3553 1010 3925 1081 καταξιωθίμιι

2343 1085 2603 1153 ἐκφυγεῖν
2642 1087 2821 1141 πάντα
2846 1089 2912 1141 τά
2953 1090 3216 1158 μέλλοντα
3240 1094 3506 1161 γίνεσθαι,
3541 1100 3635 1152 καὶ
3668 1102 3926 1173 σταθῆναι

2342 1175 2650 1247 ἔμπροσθεν
2701 1180 2793 1231 τοῦ
2846 1180 2978 1234 Υἱοῦ
3028 1182 3124 1235 τοῦ
3171 1184 3484 1256 ἀνθρώπου.
3522 1211 3541 1242 ι
3591 1193 3929 1261 Ἡκοᾶσατε,

2342 1271 2499 1337 φησὶ,
2543 1272 2791 1341 φόϐητρα
2842 1275 2936 1327 καὶ
2985 1276 3269 1345 ταραχάς·
3323 1280 3437 1333 ἀλλ’
3485 1284 3717 1357 αἰσθητά
3763 1290 3927 1344 ταῦτα

2343 1364 2544 1425 πάντα,
2582 1364 2675 1417 καὶ
2730 1365 2973 1433 σύμϐολα
3023 1369 3130 1421 τῶν
3177 1371 3301 1435 τοὺς
3352 1374 3717 1445 ἁμαρτωλοὺς
3762 1397 3931 1435 κατα-

2340 1451 2661 1523 ληψομένων
2690 1456 2900 1511 κακῶν.
2950 1459 3110 1514 Ἀλλά
3141 1460 3277 1529 πρὸς
3302 1462 3475 1518 ταῦτα
3513 1468 3581 1521 τά
3609 1468 3762 1523 δεινά
3792 1471 3930 1542 φάρ-

2343 1564 2518 1616 μακον
2551 1549 2695 1617 μέγα
2725 1550 2821 1602 xa‘t
2842 1551 3138 1618 dvrtmOk;
3165 1556 3196 1625 ή
3227 1560 3502 1631 προσευχὴ
3532 1564 3627 1615 καὶ
3660 1570 3925 1639 προσοχή.

2342 1639 2415 1692 Τὸ
2458 1642 2566 1711 γάρ
2609 1644 2667 1695 ἐν
2714 1646 3003 1718 ἑτοιμασίᾳ
3046 1645 3185 1704 εἶναι
3226 1653 3332 1718 dei,
3375 1658 3467 1708 καὶ
3502 1657 3783 1732 ἀπεκδοχῇ
3835 1664 3927 1717 τοῦ

2340 1730 2547 1797 τέλους,
2582 1733 2773 1787 τοῦτον
2809 1736 3042 1805 μάλιστα
3083 1741 3301 1795 πάντων
3357 1730 3928 1824 συμϐαλέσθαιῄδυνή-

2345 1835 2520 1874 σεται.
2574 1821 2745 1875 Τοῦτο
2801 1824 2856 1877 δὲ
2906 1832 3339 1900 προσγενήσεται
3375 1836 3522 1905 ὑμῖν,
3583 1842 3775 1911 φησὶν,
3835 1821 3929 1898 ἐάν

649 1910 893 1965 citudine
915 1913 1181 1967 saeculari.
1203 1912 1318 1969 Non
1346 1916 1486 1969 enim
1513 1931 1634 1969 cum
1661 1908 2043 1970 observatione
2061 1916 2232 1969 aderit

2340 1911 2569 1982 νὴφητε,
2612 1917 2706 1967 καὶ
2744 1917 2835 1990 μὴ
2882 1918 3226 1990 βαρυνθῶσιν
3279 1927 3333 1977 ai
3389 1902 3607 1996 καρδίαι
3646 1902 3822 2002 ’ύμιῖιν
3869 1938 3925 1989 ἐν

646 2001 765 2055 dies
798 2002 907 2067 ille,
945 2005 1039 2058 sed
1070 2005 1383 2073 inopinatus
1413 2018 1466 2061 et
1503 2007 1825 2075 repentinus
1848 2007 2044 2070 aderit,
2099 2006 2235 2060 clam

648 2092 790 2145 sicut
830 2092 1054 2162 laqueus
1103 2096 1518 2165 apprehendens
1542 2112 1635 2151 eos
1658 2099 1749 2167 qui
1789 2112 1891 2149 non
1926 2098 2233 2151 attendunt.

646 2180 917 2239 Fortassis
946 2195 1124 2240 autem
1153 2190 1276 2257 quis
1293 2189 1562 2243 curiosius
1583 2190 1916 2245 scrutabitur
1940 2189 2234 2245 dictionem

650 2276 823 2328 lianc:
870 2294 887 2326 ι
926 2274 1188 2333 Sedentcs
1210 2294 1375 2350 super
1402 2282 1597 2335 faciem
1627 2281 1807 2337 omnis
1842 2290 2020 2335 terrae.
2063 2298 2083 2333 ι
2129 2281 2237 2351 llos

646 2367 791 2422 enim
816 2368 1263 2438 illaqueabitdies
1293 2374 1399 2440 ille,
1435 2375 1527 2444 qui
1562 2376 1613 2429 itt
1646 2377 1755 2429 otio
1772 2386 1827 2430 et
1859 2377 2065 2447 absque
2090 2375 2236 2430 solli-

644 2462 887 2517 citudine
912 2477 1235 2532 versantur;
1275 2467 1349 2521 illi
1386 2470 1528 2523 enim
1579 2469 1815 2537 suntqui
1848 2470 2035 2523 sedent
2068 2477 2122 2522 et
2146 2468 2235 2536 qui

645 2553 1028 2624 illaqueautur.
1056 2559 1120 2611 At
1150 2559 1241 2627 qui
1263 2571 1556 2627 operantur
1576 2571 1628 2615 et
1648 2564 1807 2615 activi
1828 2570 1971 2625 sunt,
1992 2570 2046 2615 et
2063 2561 2228 2615 sobrii

646 2644 1037 2715 lnoperatione
1059 2649 1209 2713 boni,
1265 2651 1624 2722 terunturque
1674 2651 1725 2706 in
1783 2666 1946 2706 omne
2004 2652 2233 2717 bonum,

646 2753 751 2792 non
794 2740 984 2795 sedent
1010 2757 1187 2803 neque
1218 2744 1507 2811 quiescunt
1537 2757 1699 2813 super
1723 2753 1947 2807 terram,
1980 2748 2073 2799 sed
2110 2760 2233 2799 sur-

644 2830 944 2898 guntltlnc,
973 2840 1028 2885 et
1067 2835 1256 2888 dicunt
1291 2835 1392 2889 sibi
1431 2853 1444 2888 :
1493 2834 1667 2904 Surge
1713 2846 1768 2891 et
1817 2836 2030 2890 ambula
2054 2880 2067 2902 ,
2112 2838 2238 2905 quia

646 2934 753 2973 non
800 2929 881 2975 est
935 2912 1033 2976 tibi
1063 2922 1149 2976 bic
1202 2926 1415 2992 requies
1463 2925 1528 2989 ",
1579 2935 1634 2981 et
1680 2926 1905 2995 patriam
1963 2926 2237 2981 meliorem

643 3010 945 3080 inquirunt.
977 3011 1137 3068 Hisce
1172 3030 1277 3068 non
1295 3016 1402 3069 erit
1426 3016 1545 3071 dies
1576 3017 1662 3073 ille
1682 3018 1906 3087 laqueus
1933 3028 1989 3073 et
2015 3020 2229 3087 pericu-

2340 2003 2643 2076 κραιπάλῃ,
2687 2008 2781 2059 καὶ
2818 2010 2977 2082 μέθῃ,
3030 2013 3123 2064 καὶ
3164 2016 3458 2084 μερίμναις
3488 2017 3794 2087 βιωτικαῖς.
3837 2027 3923 2097 Μὴ

2338 2096 2447 2163 γὰρ
2489 2100 2627 2166 μετὰ
2675 2102 3113 2173 παρατηρήσεως
3148 2105 3365 2177 ἔρχεται
3412 2112 3443 2179 ἡ
3494 2113 3681 2183 ἡμέρα
3717 2117 3921 2190 ἐκείνη,

2336 2187 2454 2239 ἀλλ’
2510 2190 2959 2262 ἀπροσδόκητος,
3016 2197 3261 2266 κρυφίως
3318 2199 3508 2273 ὥσπερ
3566 2207 3739 2273 παγὶς
3801 2187 3926 2262 συλ-

2338 2277 2691 2347 λαμϐάνουσα
2750 2283 2878 2345 τοὺς
2939 2285 3014 2356 μὴ
3075 2291 3462 2361 προσέχοντας.
3526 2296 3681 2368 Τάχα
3732 2300 3791 2355 δέ
3846 2321 3926 2367 τις

2338 2372 2762 2441 περιεργότερον
2793 2376 3064 2441 ἐξετάσειε
3091 2379 3188 2450 τὴν
3218 2382 3360 2446 λέξιν
3397 2387 3604 2459 ταύτην
3627 2407 3641 2421 ·
3680 2411 3701 2444 ι
3734 2394 3923 2465 Καθη-

2342 2461 2536 2530 μένους
2585 2465 2678 2519 ἐπὶ
2724 2467 3017 2535 πρόσωπον
3065 2474 3245 2544 πάσης
3290 2480 3390 2548 τῆς
3432 2480 3555 2550 γῆς.
3594 2502 3612 2534 ι
3648 2461 3924 2550 Ἐκείνους

2338 2553 2447 2623 γὰρ
2479 2555 2839 2643 παγιδεύειιή
2879 2560 3061 2631 ήμέρα
3105 2565 3289 2637 ἐκείνη
3342 2571 3470 2635 τοὺς
3511 2574 3569 2624 ὲν
3616 2575 3922 2654 ἀμεριμνίᾳ

2336 2645 2621 2714 διάγοντας
2654 2650 2749 2701 καὶ
2777 2633 2946 2725 ἀργίᾳ
2967 2669 2981 2684 ·
3016 2648 3161 2710 οὗτοι
3201 2633 3310 2729 γάρ
3351 2633 3489 2717 εἰσιν
3517 2666 3567 2718 οί
3599 2633 3921 2743 καθημένοιῖ

2339 2741 2432 2790 καὶ
2459 2733 2605 2793 οὗτοι
2635 2743 3039 2812 παγιδεύονται.
3066 2749 3221 2805 Ὅσοι
3247 2754 3301 2807 δὲ
3331 2758 3547 2828 ἐνεργοὶ
3577 2733 3922 2839 καὶ

2341 2845 2467 2898 ριοι,
2487 2832 2581 2885 καὶ
2604 2835 2853 2903 νηφάλιοι
2878 2841 3008 2909 περὶ
3028 2841 3125 2913 τὴν
3150 2843 3244 2897 τοῦ
3269 2847 3476 2915 ἀγαθοῦ
3503 2832 3767 2921 ἐργασίαν
3790 2832 3920 2925 τισί,

2342 2923 2436 2973 καὶ
2466 2926 2739 2979 κινοῦνται
2771 2929 2856 2982 ἀεὶ
2902 2932 3038 2998 πρὸς
3083 2935 3143 2987 τὸ
3190 2936 3370 3002 καλὸν,
3406 2938 3480 3010 μὴ
3531 2923 3920 3017 ἐγκαθήμενα,
4008 2946 4033 2959 Γ

2341 3014 2435 3064 καὶ
2477 3016 2947 3086 ἐναναπαυόμενοι
2988 3026 3099 3086 τοῖς
3130 3031 3375 3099 γεηροῖς,
3416 3031 3533 3084 ἀλλ’
3581 3014 3922 3108 ἐγειρόμενοι

646 3097 888 3165 lum,scd
909 3102 1023 3157 dies
1042 3101 1268 3158 festivus
1289 3122 1301 3158 :
1323 3105 1523 3160 idcirco
1543 3114 1759 3176 oportet
1775 3107 1996 3179 vigilare
2015 3123 2066 3161 ct
2081 3123 2232 3162 orare

2342 3104 2610 3167 ἐντεῦθεν,
2664 3106 2758 3159 καὶ
2809 3110 3055 3177 λέγοντες
3104 3097 3337 3183 ἑαυτοῖς.
3405 3097 3641 3180 Ἀνάστα
3700 3097 3793 3182 καὶ
3833 3148 3923 3186 πο-

644 3189 837 3257 Dcum,
880 3203 938 3245 ut
960 3195 1231 3260 possimus
1254 3195 1494 3266 eﬂ‘ugere
1524 3198 1705 3254 futura
1736 3201 1938 3256 omnia.
1982 3199 2180 3266 Qualia
2209 3201 2231 3255 ἲ

2339 3194 2516 3263 ρεύου,
2550 3196 2632 3249 ὅτι
2670 3198 2769 3251 οὐκ
2803 3200 2918 3255 ἐστι
2964 3221 3047 3257 σοι
3092 3206 3228 3279 αὕτη
3265 3212 3589 3282 ἀνάπαυσις,
3656 3221 3754 3274 καὶ
3816 3241 3922 3278 πα-

641 3279 917 3335 Fortassis
954 3293 1305 3353 tempestates
1331 3296 1385 3340 et
1421 3287 1613 3355 fames,
1647 3299 1700 3343 et
1741 3289 2100 3358 pestilentias,
2152 3305 2231 3346 at-

642 3386 750 3441 que
775 3372 898 3438 alia,
931 3388 1051 3443 quas
1080 3375 1279 3431 electos
1324 3393 1430 3432 non
1460 3380 1534 3433 ita
1563 3390 1806 3449 prement
1838 3390 1895 3437 ut
1916 3381 2079 3451 alios;
2124 3384 2235 3440 imo

642 3474 863 3533 propter
905 3465 1108 3520 electos
1153 3466 1273 3522 aliis
1305 3469 1777 3539 decurtabuutur;
1814 3473 2058 3530 fortassis
2104 3478 2233 3532 item

643 3554 780 3609 mala
812 3571 929 3625 quae
953 3561 1326 3626 peccatoribus
1352 3570 1607 3631 perpetuo
1638 3576 2030 3634 superventura
2060 3579 2189 3624 sunt
2215 3586 2229 3622 :

645 3653 766 3710 quae
798 3644 955 3697 aliter
980 3660 1085 3699 non
1108 3661 1394 3715 possumus
1408 3651 1663 3721 ellugere,
1688 3669 1847 3723 quam
1869 3657 2146 3727 vigilantia
2178 3668 2233 3714 et

640 3734 906 3790 oratione.
942 3737 1208 3803 Quoniam
1240 3752 1420 3797 autem
1450 3760 1553 3799 non
1582 3746 1983 3818 sullicitl‘ugere
2002 3752 2226 3817 malum,

647 3827 742 3879 sed
781 3842 917 3896 opus
946 3841 1031 3884 est
1062 3831 1223 3885 etiam
1252 3834 1396 3889 bono
1430 3838 1723 3905 quopiam:
1753 3851 2035 3912 postquam
2073 3842 2226 3910 dixit,

646 3933 668 3971 ι
700 3914 767 3973 Ut
793 3921 1012 3987 possitis
1045 3922 1282 3993 eﬂ‘ugere
1311 3929 1491 3981 omnia
1522 3931 1635 3987 haec
1656 3941 1905 3996 ventura,
1933 3952 1951 3985 ι
1987 3935 2187 3990 addidit
2213 3952 2227 3989 :

646 4027 668 4063 ι
701 4010 763 4063 Et
785 4021 930 4067 stare
959 4028 1140 4069 coram
1163 4016 1298 4073 Filio
1318 4019 1572 4087 hominis,
1602 4040 1621 4073 ι
1642 4026 1785 4093 quod
1825 4035 1907 4081 est
1936 4026 2121 4082 l‘ruitio
2141 4029 2232 4083 bo-

640 4118 859 4159 norum.
884 4104 1108 4176 Oportet
1129 4110 1289 4178 igitur
1308 4110 1680 4170 Christianum
1714 4132 1819 4171 non
1843 4120 2014 4174 solum
2048 4119 2232 4187 fugere

646 4212 862 4265 aspera,
895 4201 988 4254 sed
1016 4211 1284 4259 etcurare
1328 4215 1388 4259 ut
1418 4206 1650 4274 gloriam
1685 4210 1933 4280 accipiat.
1973 4215 2227 4284 Angelica

641 4287 785 4337 enim
846 4288 1077 4355 dignitas
1110 4302 1194 4344 est
1217 4301 1361 4348 stare
1389 4293 1554 4368 464
1593 4313 1777 4353 coram
1821 4300 1955 4358 Filio
1995 4304 2230 4359 hominis

639 4387 696 4434 et
730 4379 837 4434 Deo
868 4391 1074 4437 nostro.
1125 4402 1145 4435 ι
1178 4384 1365 4455 Angeli
1397 4390 1537 4458 ejus,
1581 4390 1776 4461 inquit,
1820 4408 2032 4465 semper
2050 4397 2229 4453 vident

638 4467 833 4526 faciem
874 4471 1053 4529 Patris
1083 4478 1207 4531 mei.
1248 4496 1268 4529 ι

640 4553 905 4634 μέλλοντα
958 4567 1237 4636 γίνεσθαι,
1269 4589 1288 4623 ι
1346 4572 1655 4645 προσέθηκε
1682 4592 1695 4604 ·
1746 4596 1765 4629 l
1799 4578 1907 4633 Καὶ
1954 4580 2217 4651 σταθῆναι
2248 4585 2305 4637 ἐν

2336 3287 2496 3358 τρίδα
2528 3293 2814 3362 κρείττονα
2854 3297 3145 3365 ποθοῦντες
3173 3319 3187 3332 ⁸
3219 3306 3332 3368 τοῖς
3359 3308 3624 3373 τοιούτοις
3647 3313 3748 3367 οὐκ
3773 3314 3921 3370 ἐστιν

2337 3382 2371 3451 ὴ
2401 3383 2580 3452 ἡμέρα
2614 3386 2794 3457 ἐκείνη
2833 3389 2910 3453 ὼς
2937 3392 3103 3459 παγὶς
3135 3398 3225 3447 καὶ
3262 3400 3526 3467 κίνδυνος,
3560 3404 3677 3457 ἀλλ’
3702 3406 3777 3469 ὡς
3798 3410 3921 3480 ἐορο

2339 3474 2438 3543 τῆς
2470 3476 2649 3547 ἡμέρα
2669 3494 2681 3509 ⁸
2710 3479 2791 3531 διὸ
2811 3481 2915 3553 χρὴ
2941 3485 3256 3568 ἀγρυπνεῖν,
3278 3492 3370 3545 καὶ
3393 3493 3609 3565 δέεσθαι
3638 3498 3729 3551 τοῦ
3759 3474 3919 3568 Θεού,

2340 3566 2425 3620 ἵνα
2453 3568 2770 3643 δυνηθῶμεν
2813 3556 3085 3645 ἐκφυγείι)
3119 3582 3294 3636 πάντα
3340 3585 3407 3639 τά
3464 3562 3729 3656 μέλλοντα
3772 3556 3920 3662 ﬁve:

2337 3657 2481 3712 σθαι.
2535 3661 2706 3730 Ποῖα;
2743 3664 2893 3735 Τάχα
2945 3668 3045 3737 μὲν
3094 3671 3186 3724 καὶ
3226 3676 3352 3739 τοὺς
3401 3676 3611 3748 λιμοὺς,
3668 3657 3917 3753 καὶτοὺς

2334 3751 2575 3822 λοιμπὺς,
2631 3756 2725 3808 καὶ
2766 3759 2834 3812 τὰ
2882 3761 3017 3813 ἄλλα
3050 3762 3086 3817 ἃ
3124 3768 3234 3829 τοῖς
3278 3768 3554 3837 ἐκλεκτοῖς
3598 3777 3699 3848 οὐχ
3747 3751 3919 3846 οὕτως

2337 3845 2700 3910 ἐπικείσεται,
2730 3847 2920 3921 ὥσπερ
2951 3855 3044 3907 καὶ
3069 3858 3179 3918 τοῖς
3208 3859 3388 3924 ἄλλοις
3413 3880 3425 3893 ·
3466 3865 3669 3933 μᾶλλον
3688 3845 3798 3940 μὲν
3824 3845 3917 3927 οὖν

2336 3936 2424 3990 διὰ
2461 3939 2587 4002 τοὺς
2617 3941 2926 4008 ἐκλεκτοὺς,
2954 3948 3048 3999 καὶ
3075 3952 3187 4011 τοῖς
3219 3950 3399 4018 ἄλλοις
3426 3936 3914 4033 κολοσωθησονται,

2333 4030 2472 4099 τάχα
2505 4031 2561 4085 δὲ
2592 4033 2685 4085 καὶ
2720 4033 2788 4087 τὰ
2836 4036 3101 4103 μέλλοντα
3144 4044 3257 4106 τοῖς
3295 4046 3637 4119 ἀμαρτωλοῖς
3684 4030 3916 4122 αἰωνίως

2335 4124 2733 4195 συμϐήσεσθαι.
2769 4129 2984 4185 Ἐκεῖνα
3008 4136 3117 4205 γὰρ
3145 4135 3320 4203 ἄλλως
3353 4142 3412 4194 οὐ
3444 4142 3722 4218 δυνάμεθα
3733 4152 3914 4224 ﬁngar-

2331 4218 2469 4284 γεῖν,
2505 4219 2552 4270 εί
2596 4219 2669 4288 μὴ
2710 4218 2777 4272 δι’
2821 4223 3129 4292 ἀγρυπνίας
3164 4232 3258 4283 καὶ
3294 4239 3621 4308 προσευχῆς.
3670 4218 3913 4301 Ἐπεὶδὲ

2329 4310 2429 4364 οὐκ
2460 4315 2621 4383 ἀρκεῖ
2647 4315 2831 4385 τοῖσγε
2862 4320 3258 4393 μεγαλοψύχοις
3288 4327 3348 4379 τὸ
3382 4335 3572 4398 φυγεῖν
3603 4337 3703 4407 τὴν
3735 4342 3915 4394 χάκω.

2332 4418 2436 4464 σιν,
2474 4402 2609 4456 ἀλλά
2655 4406 2738 4457 δεῖ
2781 4406 2980 4472 αὐτοὺς
3019 4412 3113 4464 καὶ
3171 4416 3377 4483 ἀγαθοῦ
3421 4438 3566 4488 τινος
3609 4402 3912 4503 ἐπιτυχεῖν,

2332 4493 2469 4560 μετά
2505 4492 2565 4546 τὸ
2595 4497 2798 4564 είπεῖν,
2837 4518 2855 4549 t
2890 4500 3005 4554 Ἵνα
3050 4503 3316 4577 δυνηθῆτε
3351 4514 3611 4585 ἐκφυγεῖν
3642 4492 3818 4577 πάντά
3846 4492 3912 4580 τά

2308 4584 2480 4639 ώπιον
2507 4588 2601 4641 τοῦ
2669 4589 2799 4644 Υἱοῦ
2822 4592 2918 4646 τοῦ
2979 4595 3269 4669 ἀνθρώπου
3293 4618 3338 4655 ⁸)
3363 4584 3671 4678 ὄπερίὲστὶν
3684 4617 3911 4686 ἀγαθῶν

636 4652 959 4718 ἀπόλαυσιν.
990 4666 1082 4718 Δεῖ
1112 4669 1218 4738 γὰρ
1246 4670 1306 4721 οὐ
1335 4672 1495 4739 μόνον
1528 4672 1752 4741 φεύγειν
1780 4676 1849 4730 τὰ
1885 4677 2055 4744 δεινὰ,
2089 4681 2223 4737 ἀλλὰ
2264 4685 2358 4735 καὶ⁵
2423 4684 2584 4751 δόξαν
2646 4689 2899 4745 σπεύδειν
2933 4652 3233 4761 λαμϐάνειν
3274 4700 3365 4755 τὸν
3400 4652 3753 4775 Χριστιανόζῖ

636 4757 827 4788 tundunt.
864 4757 918 4788 ιιι.
949 4756 1070 4788 ιιι-
1102 4760 1159 4788 -λ
1203 4763 1448 4788 1....-(1..-
1486 4766 1759 4788 l._____n,
1892 4772 1917 4783 ο
1954 4773 2015 4788 υ.
2057 4774 2081 4785 ο
2181 4776 2205 4787 ~
2256 4779 2267 4788 .
2317 4778 2337 4788 -
2402 4777 2413 4788 .
2638 4784 2648 4788 -
2750 4785 2769 4788 _
2852 4787 2861 4788 ,

636 4757 829 4825 γελικὴ
864 4757 920 4811 δὲ
948 4756 1073 4821 ἀξία
1102 4760 1162 4811 τὸ
1203 4763 1454 4817 ἵστασθαι
1485 4766 1797 4837 ἔμπροσθεν
1828 4772 1921 4824 τοῦ
1954 4773 2084 4827 Υιοῦ
2116 4776 2209 4829 τοῦ
2246 4777 2533 4849 ἀνθρώπου
2568 4784 2661 4837 καὶ
2737 4785 2875 4841 Θεοῦ
2917 4756 3098 4861 ἡμιῖιν.
3168 4815 3187 4848 ι
3222 4799 3263 4851 Ο

3269 4801 3283 4851 ί
3315 4800 3425 4871 γὰρ
3466 4804 3687 4874 ἄγγελοι
3721 4812 3909 4876 αὐτοῦ,

639 4850 793 4917 φησὶ,
831 4848 923 4902 διὰ
973 4852 1173 4915 παντὸς
1222 4854 1481 4923 βλέπουσι
1526 4859 1587 4911 τὸ
1641 4861 1931 4929 πρόσωπον
1969 4867 2062 4919 τοῦ
2112 4870 2322 4941 Πατρός
2350 4848 2474 4942 μου.
2508 4895 2527 4928 ι

720 4942 879 4997 Vens.
909 4943 1077 5009 37,38
1114 4963 1133 4997 ι
1167 4946 1405 5003 Docebat
1432 4960 1612 5004 autem
1640 4954 1873 5010 interdiu
1897 4958 1948 5010 iu
1976 4962 2175 5030 templo
2204 4979 2218 5017 :

722 5046 807 5066 Mn
841 5051 969 5066 un'n
993 5040 1176 5066 A-:nnn
1198 5040 1578 5066 ιΙέ...ι-,...1.-ι.-..
1603 5046 1650 5066 ξ-
1680 5062 1722 5066 _._
1743 5063 1795 5066 ,μ
1813 5057 1823 5066 .
1841 5064 1851 5066 μ
1894 5065 1898 5066 ν
1961 5053 1971 5064 ι
2135 5065 2139 5066 ,

2403 4986 2420 5018 ι
2451 4964 2561 5022 Ἦν
2590 4969 2646 5022 δὲ
2676 4971 2775 5035 τὰς
2806 4975 3019 5047 ἡμέρας
3046 4980 3311 5038 διδάσκων
3341 4990 3398 5042 ἐν
3426 4989 3505 5061 τῷ
3544 4993 3696 5065 ίερῷ,
3724 5000 3825 5066 τὰς
3857 5004 3907 5056 δι

646 5046 807 5088 noctu
841 5051 970 5091 vero
991 5040 1179 5093 exiens
1194 5040 1578 5097 "diversabatttr
1602 5046 1653 5099 in
1679 5057 1859 5104 monte
1880 5053 1971 5121 qui
1994 5065 2217 5109 vocatur

640 5124 948 5194 Olivarum;
981 5140 1035 5184 et
1063 5132 1238 5186 omnis
1268 5135 1494 5203 populus
1536 5137 1772 5195 diluculo
1815 5145 2114 5201 ventitabat
2143 5149 2212 5204 ad

640 5232 787 5279 eum,
845 5228 901 5272 ut
958 5220 1012 5275 in
1074 5225 1272 5294 templo
1331 5228 1541 5283 audiret
1594 5245 1738 5286 eum.
1780 5251 1797 5285 ι
1867 5233 2220 5295 Occultarunt

648 5306 997 5377 Evangelistte
1020 5315 1178 5368 multa
1199 5333 1318 5386 qua:
1342 5319 1545 5387 docuit,
1565 5334 1619 5375 et
1638 5326 1869 5380 maxime
1890 5336 2000 5383 tres
2029 5328 2221 5385 :Joan-

647 5413 741 5451 nes
776 5408 953 5454 autem
980 5413 1031 5456 et
1062 5405 1173 5473 ipse
1204 5410 1370 5462 multa
1405 5412 1623 5467 silentio
1652 5417 1937 5483 prmteriit,
2003 5434 2221 5474 verum-

644 5498 826 5545 tamen
852 5493 1196 5551 sublimiores
1219 5514 1381 5566 quam
1408 5511 1517 5556 tres
1538 5505 1628 5558 alii
1654 5508 1927 5565 doctrinas
1960 5513 2216 5580 quasda-n

642 5585 912 5648 exposuit.
948 5584 1111 5650 Igitur
1137 5590 1220 5643 his
1250 5593 1339 5659 qui
1372 5601 1839 5667 congregabantur
1900 5608 1952 5657 In
1999 5606 2216 5674 templo,

642 5672 808 5725 multa
836 5683 889 5728 et
941 5678 1196 5735 sublimia
1229 5684 1549 5755 disserebat,
1603 5700 1659 5746 ut
1717 5694 2027 5765 conjectare
2074 5672 2217 5755 licet.

727 5848 952 5906 “Miclt.
994 5870 1052 5922 tt,
1092 5858 1173 5911 l0.

2325 5057 2529 5122 νύκτας
2568 5060 2923 5133 ἐξερχόμενος
2962 5070 3212 5139 ηὐλίζετο
3259 5078 3338 5139 είς
3366 5080 3427 5133 τὸ
3719 5057 3909 5149 καίού.

2331 5165 2491 5215 μενον
2532 5151 2758 5207 Ἐλαιῶν
2784 5171 2796 5185 ·
2832 5159 2923 5210 καὶ
2958 5162 3067 5225 πᾶς
3104 5166 3131 5217 ό
3157 5166 3281 5231 λαὸς
3310 5151 3545 5243 ὥρθριξε
3576 5179 3717 5249 πρὸς
3747 5184 3907 5238 αὑτὸν

2329 5240 2387 5292 ὲν
2432 5241 2510 5311 τῷ
2562 5244 2691 5315 ἱερῷ
2744 5249 2963 5305 ἀκούειν
3010 5256 3197 5313 αὑτοῦ.
3241 5279 3261 5311 ι
3313 5240 3663 5341 Ἀπέκρυψαν
3695 5240 3815 5345 Ὕμὲν
3858 5280 3905 5333 οι

2328 5331 2713 5400 εὐαγγελισταὶ
2756 5341 2823 5393 τά
2859 5343 3029 5398 πλείω
3062 5341 3135 5401 ὧν
3160 5350 3426 5420 ἐδίδασκε,
3462 5331 3830 5434 καίμάλιστα

2323 5425 2502 5488 τρεῖς·
2534 5428 2561 5478 ό
2610 5428 2665 5480 δέ
2719 5446 2782 5497 γε
2840 5432 3093 5509 Ἰωάννης
3138 5444 3231 5495 καὶ
3283 5449 3445 5513 αὐτὸς
3494 5425 3604 5521 μὲν.
3632 5459 3699 5511 τὰ
3738 5460 3904 5515 πλείω

2324 5522 2739 5590 παρεσιώπησε,
2778 5526 2916 5597 πλὴν
2955 5530 3093 5601 ὑπὲρ
3135 5536 3261 5601 τοὺς
3298 5544 3448 5611 τρεῖς
3494 5545 3713 5610 ἐξέθετο
3754 5569 3900 5616 τινας

2320 5608 2668 5676 διδασκαλίας
2694 5616 3049 5692 ὑψηλοτέρας.
3069 5626 3192 5690 Τοῖς
3219 5637 3605 5704 συναγομένοις
3632 5640 3721 5695 οὖν
3747 5647 3801 5697 ἐν
3831 5645 3901 5715 τῷ

2324 5702 2452 5774 ἱερῷ
2484 5706 2653 5762 πολλὰ
2701 5714 2793 5765 καὶ
2845 5716 3022 5787 ὑψηλὰ
3068 5721 3355 5792 διελέγετο,
3525 5732 3642 5785 ἐστι
3676 5702 3895 5807 τειιψαιίἰ
