4100 6334
215 433 358 500 1061

866 427 1138 490 -ΕΝΑΒΠ
1160 422 1320 485 ῘιΤέΟ
1362 421 1444 482 1N
1477 420 1817 483 EVANGEI

1928 422 1981 481 Μ
2020 417 2237 481 LL'C;E
2292 439 2363 451 -
2404 415 2564 478 CAP.
2608 414 2807 477 XXII.

3396 409 3539 479 1N2

212 555 431 624 ρεσθσιι.
472 552 593 605 Ὅτι
634 550 741 618 γάρ
780 528 935 615 ὀλίγα
988 541 1143 598 εἷπον
1200 544 1249 597 οἱ
1297 541 1690 609 εὐαγγελιστοῦ.
1729 541 1812 613 (οὑ

1922 541 2053 595 Nam
2084 554 2251 609 pauca
2282 538 2538 592 dixeruiit
2588 534 2966 605 evangelista),
3026 549 3203 603 neque
3240 538 3535 592 Ostendi-re

207 646 321 718 γὰρ
363 642 766 699 ἐπιδείκνυσθαι
814 639 1050 711 ἤθελον),
1105 636 1263 708 δῆλον
1304 635 1404 706 μὲν
1456 639 1547 689 καὶ
1584 633 1811 687 ἄλλοθεν

207 737 568 807 πολλαχόθεν,
628 734 724 804 οὐχ
765 734 967 802 ἥκιστα
1010 731 1065 784 δὲ
1113 730 1207 783 καὶ
1244 725 1629 799 τεκμήρασθαι
1665 725 1812 779 ἐστιν

208 832 319 886 ἀπὸ
343 830 463 895 τοῦ,
496 830 645 898 τρεῖς
669 826 951 890 ἐνιαυτοὺς
976 824 1161 895 σχεδὸν
1189 823 1549 893 κηρύττοντος
1574 819 1669 874 τοῦ
1698 821 1811 874 Κυ-

212 924 357 997 ρίου,
408 922 598 989 ὀλίγας
638 918 987 981 διδασκαλίας
1020 915 1190 973 αὑτοῦ
1234 913 1656 985 ἀναγράψασθαι
1686 929 1697 944 '
1745 912 1813 975 ἃς

208 1018 333 1070 οὐδὲ
381 1016 511 1085 μιᾶς
543 1014 761 1084 ἡμέρας
789 1009 1025 1076 διάλεξιν
1058 1007 1230 1062 εἰπών
1262 1024 1347 1071 τις
1383 1006 1598 1078 ἱκανὴν,
1631 1000 1809 1075 οἶμαι,

208 1110 271 1162 ού
306 1107 714 1177 μεμφθήσεται.
749 1105 845 1157 Ἐκ
878 1102 1087 1156 πολλῶν
1115 1097 1211 1155 οῦν
1238 1100 1397 1169 ὀλίγα
1428 1096 1813 1169 ἁνεγράιζιαντο

205 1201 345 1270 ἡμῖν
383 1200 432 1252 οἱ
465 1198 610 1266 ἅγιοι
636 1195 1045 1265 εὐαγγελισταὶ,
1077 1194 1200 1247 ὅσον
1235 1192 1399 1263 μόνον
1428 1189 1610 1262 γεῦμα
1642 1206 1813 1261 παρε-

205 1295 435 1363 χόμενοι
482 1293 581 1362 τῆς
622 1290 983 1360 γλυκύτητος.
1021 1286 1307 1354 Διελέγετο
1355 1282 1456 1356 [δὲ]
1501 1284 1563 1337 ού
1601 1300 1812 1352 μονοει-

204 1383 336 1446 δῶς,
370 1383 484 1434 ἀλλ’
536 1382 752 1452 ἑκάστῳ
810 1380 872 1434 τὸ
926 1378 1236 1449 πρόσφορον
1281 1378 1372 1427 ἐπι
1417 1373 1547 1436 θείς.
1587 1374 1679 1425 Δμὸ
1716 1374 1810 1425 καὶ

206 1476 238 1527 6
266 1476 421 1545 ὀχλος
458 1472 698 1545 ὥρΟριζε
745 1472 879 1543 πρὸς
916 1472 1082 1525 αὐτόν
1106 1487 1120 1499 ·
1156 1469 1321 1540 χάρις
1362 1467 1470 1537 γὰρ
1522 1465 1814 1535 ἐξεκέχυτο

206 1572 324 1630 τοῖς
373 1567 611 1636 χείλεσιν
653 1564 839 1619 αὐτοῦ.
887 1562 1105 1626 Νυκτὸς
1148 1561 1205 1614 δὲ
1255 1559 1525 1631 ἀνεχώρει
1566 1559 1703 1628 πρὶς
1753 1556 1815 1608 τὸ

206 1660 358 1727 ὅρος,
409 1659 674 1712 δεικνύων
723 1659 879 1728 ήμῖν,
918 1658 1002 1710 ὅτι
1042 1656 1126 1708 δεῖ
1166 1653 1362 1716 νυκτὸς
1418 1652 1520 1722 μὲν
1571 1650 1662 1703 διὰ
1712 1652 1814 1719 τῆς

205 1748 447 1819 ἡσυχίας
473 1748 548 1818 τῷ
588 1745 708 1817 Θεῷ
738 1746 971 1815 ὁμιλεῖν,
1009 1745 1223 1816 ἡμέρας
1257 1743 1313 1796 δὲ
1359 1743 1445 1795 διὰ
1477 1741 1571 1810 τῆς
1600 1756 1811 1835 συγκαί-

205 1843 494 1905 ταὸάσεως
544 1840 668 1903 τοὺς
718 1838 1040 1907 ἀνθρώπους
1092 1837 1359 1907 ὠφελεῖν,
1408 1837 1501 1888 καὶ
1558 1835 1814 1899 συνάγειν

212 1932 317 2001 μὲν
343 1934 555 1994 νυκτὸς,
596 1930 885 1983 διαδιδόναι
912 1929 968 1983 δὲ
1001 1928 1071 1980 τὰ
1099 1928 1415 1997 συνηγμένα
1442 1926 1677 1995 ἡμέρας.
1708 1923 1818 1976 Αὑ-

208 2028 303 2087 ce,-
335 2028 435 2093 μὲν
466 2020 560 2079 οὖν
600 2025 699 2077 οὐκ
735 2024 909 2077 ἐδεῖτο
941 2023 1270 2095 προσευχῆς,
1312 2022 1344 2089 ἢ
1386 2020 1523 2090 πρὸς
1553 2019 1687 2072 Θεὸν
1720 2034 1814 2070 συ·

208 2118 504 2189 ναγωγῆς·
533 2119 593 2171 οὺ
644 2116 755 2189 γὰρ
793 2112 939 2186 εἶχεν
970 2116 1052 2180 είς
1096 2115 1125 2169 ὃ
1164 2132 1219 2168 τι
1264 2114 1506 2185 συσταλῇ
1548 2112 1714 2174 αὐτὸς
1742 2110 1817 2164 ὢν

209 2210 370 2272 Θεός.
419 2209 579 2279 Ἡμῖν
625 2207 683 2260 δὲ
728 2207 903 2262 ταῦτα
953 2208 1090 2279 πρὸς
1141 2206 1496 2261 ὑποτύπωσιν
1544 2203 1815 2269 τέθεικεν,

214 2301 305 2354 ἵνα
345 2301 487 2354 κατὰ
520 2302 589 2354 τὰ
626 2300 837 2371 φρέατα
890 2299 1081 2362 νυκτὸς
1133 2299 1233 2369 μὲν
1283 2296 1569 2367 δεχώμεθα
1620 2296 1720 2366 τὴν
1752 2296 1819 2347 ὲκ

210 2391 327 2444 τῶν
367 2391 758 2462 πνευματικῶν
789 2390 1009 2459 φλεϐῶν
1040 2392 1138 2461 τῆς
1184 2391 1496 2461 προσευχῆς
1528 2390 1816 2460 σύρροιαν,

212 2482 434 2554 ἡμέρας
458 2482 516 2536 δὲ
543 2482 929 2554 ὲξαντλώμεθα
957 2482 1046 2537 διὰ
1072 2481 1183 2535 τῶν
1212 2481 1483 2553 ὡφελείας
1519 2481 1815 2552 δεομένων.

222 2576 375 2630 Ἰδὼν
404 2575 500 2631 οὗν
538 2577 605 2630 ἀν
637 2593 721 2641 τις
760 2576 882 2629 τότε
914 2576 1005 2628 τὸν
1036 2576 1163 2629 λαὸν
1197 2573 1521 2647 όρορίζοντα
1556 2575 1693 2645 πρὸς
1726 2573 1819 2626 τὸν

224 2667 461 2739 Ἰησοῦν,
493 2666 636 2721 ὥστε
666 2668 891 2722 ἀκούειν
935 2667 1126 2734 αὐτοῦ,
1175 2664 1331 2723 εἶπεν
1371 2666 1636 2739 ἁρμόζειν
1667 2668 1820 2740 αὐτῷ

210 2760 283 2812 τὰ
319 2759 412 2812 τοῦ
444 2759 609 2813 Δαυῒδ
640 2759 858 2827 λέγειν*
900 2780 918 2813 ι
961 2761 1020 2815 Ὀ
1061 2760 1215 2827 Θεὸς,
1267 2763 1297 2814 6
1335 2761 1467 2825 Θεός
1510 2778 1637 2832 μου,
1679 2761 1820 2832 πρὸς

213 2854 276 2903 σὲ
303 2852 545 2923 ὀρθρίζω
565 2870 578 2884 ο
606 2853 830 2925 ἐδίψησὲ
862 2870 921 2905 σε
949 2855 980 2925 ή
1010 2852 1160 2925 ψυχή
1196 2870 1319 2917 μου.
1366 2872 1379 2905 ;

824 2968 1053 3021 ΚΕΦΛΛ
1097 2968 1228 3022 KB’.

214 3075 357 3144 Περὶ
379 3076 489 3147 τοῦ
515 3078 751 3147 Πάσχα.
782 3078 922 3144 Περὶ
954 3076 1075 3130 τῶν
1113 3076 1695 3147 φιλονεικησάντων,
1728 3079 1822 3145 τίς

284 3145 523 3215 μείζων.
555 3145 695 3216 Περὶ
734 3149 847 3216 τῆς
877 3145 1245 3213 ἐξαιτήσεως
1270 3148 1378 3202 τοῦ
1410 3148 1672 3203 Σατανᾶ.
1692 3153 1822 3202 Ἠε-

270 3222 349 3287 pi
380 3216 491 3296 τῆς
522 3220 898 3296 aviariusan;
931 3218 1036 3296 τοῦ
1063 3219 1503 3296 Χριστοῦλιερὶ
1530 3219 1639 3289 τῆς
1665 3219 1823 3274 ᾶπα-

291 3289 493 3358 γωγῆς
528 3289 635 3343 τοῦ
672 3291 875 3359 Ἰησοῦ
906 3290 1057 3358 πρὸς
1084 3290 1387 3359 ἀρχιερέα.

300 3424 320 3456 ι
361 3407 595 3473 Ἥγγιζε
648 3406 704 3458 δὲ
744 3408 778 3477 ή
820 3406 985 3477 ἑορτὴ
1019 3407 1127 3459 τῶν
1174 3406 1427 3476 ’Δζύμων
1464 3408 1497 3476 ή
1548 3405 1819 3479 λεγομένη

214 3498 435 3568 πάσχα·
461 3499 556 3552 καὶ
588 3499 816 3570 ἐζήτουν
846 3502 895 3553 οι
916 3501 1216 3571 ἀρχιερεῖς,
1241 3500 1335 3552 καὶ
1358 3501 1407 3553 οί
1436 3500 1818 3571 Γραμματείς,

212 3592 279 3643 τὸ
324 3592 443 3655 πῶς
498 3592 766 3645 ἀνέλωσιν
816 3592 979 3646 αὐτόν
1004 3608 1019 3623 ·
1065 3591 1362 3662 ἐφοϐοῦντο
1393 3593 1502 3660 γάρ
1536 3592 1627 3646 τὸν
1662 3594 1815 3647 λαόν.

215 3684 457 3753 Εἰσῆλθε
485 3683 541 3736 δὲ
572 3684 600 3734 6
628 3684 875 3747 Σατανᾶς
911 3685 991 3746 εἰς
1032 3685 1234 3737 Ἰούδαν
1257 3686 1348 3737 τὸν
1383 3685 1819 3755 ἐπικαλούμενον

230 3775 617 3847 Ἰσκαριώτην,
650 3778 780 3830 ὄντα
815 3779 880 3830 ἐκ
906 3776 1001 3831 τοῦ
1033 3776 1268 3849 ἀριθμοῦ
1300 3780 1407 3830 τῶν
1439 3778 1668 3831 δώδεκα.
1707 3780 1820 3833 Καὶ

215 3867 475 3922 ἀπελθὼν
515 3868 847 3939 συνελάλησε
895 3870 1007 3931 τοῖς
1057 3869 1411 3940 ἀρχιερεῦσι,
1452 3871 1544 3923 καὶ
1582 3887 1816 3941 στρατη-

216 3962 361 4029 γοῖς,
405 3960 465 4014 τὸ
518 3960 635 4023 πῶς
667 3961 831 4015 αὑτὸν
880 3961 1196 4027 παραδώσει
1234 3962 1441 4025 αὐτοῖς.
1476 3962 1589 4016 Καὶ
1618 3964 1821 4035 ἐχάρη-

218 4069 346 4112 σαν,
386 4053 483 4103 καὶ
517 4052 802 4105 συνέθεντο
846 4061 997 4122 αυτῳ
1030 4053 1294 4122 ἀργύριον
1334 4053 1535 4105 δοῦναι.
1586 4054 1698 4105 Καὶ
1733 4056 1821 4120 ἐξ·

216 4141 570 4211 ωμολόγησε,
620 4142 717 4195 καὶ
766 4142 948 4212 ἐζήτει
996 4141 1288 4210 εὐκαιρίαν
1337 4141 1432 4193 τοῦ
1474 4140 1819 4211 παραδοῦναι

218 4235 392 4288 αὑτὸν
452 4235 634 4297 αὐτοῖς
684 4235 818 4304 ἄτερ
876 4233 1057 4303 δχλου.
1095 4251 1114 4285 ι
1181 4234 1439 4303 Ἐζήτουν
1502 4235 1604 4303 μὲν
1656 4234 1820 4287 αὐτὸν

216 4326 438 4381 ἀνελεῖν
466 4330 517 4379 οἱ
549 4328 905 4398 Γραμματεῖς
926 4345 938 4357 ο
968 4327 1093 4379 ἐπεὶ
1128 4328 1186 4380 δὲ
1227 4330 1254 4380 6
1289 4328 1481 4399 καιρὸς
1506 4326 1600 4379 τοῦ
1636 4327 1822 4397 πάσχα

218 4419 570 4488 ἐφειστήκει,
621 4420 713 4471 καὶ
760 4420 1009 4475 κίνδυνον
1055 4418 1245 4489 ἑώρων
1294 4421 1358 4471 ἐκ
1409 4422 1599 4472 τούτου
1638 4421 1821 4482 αὐτοῖς

217 4512 335 4564 ἀπὸ
371 4509 468 4561 τοῦ
494 4508 622 4561 λαοῦ
660 4512 1054 4578 συναγομένου,
1086 4510 1322 4579 μάλιστα
1359 4509 1446 4561 διὰ
1478 4509 1577 4579 τὴν
1602 4510 1819 4579 ἑορτὴν,

1926 632 2239 698 voluerunt,
2287 641 2343 685 et
2376 628 2725 684 manifestum
2750 628 2969 698 quidem
2994 636 3076 682 est
3103 627 3327 683 aliunde
3349 628 3538 682 multis

1921 741 1987 781 ex
2011 726 2164 791 locis,
2189 733 2245 779 et
2270 739 2336 779 ex
2369 724 2475 779 hoc
2506 737 2611 777 non
2676 736 2871 791 parum
2924 720 3177 775 divinare
3219 736 3535 789 possumus,

1924 834 2047 875 cum
2071 817 2334 873 Dominus
2362 814 2535 869 ferme
2560 828 2656 882 per
2676 813 2971 869 triennium
2993 812 3331 883 prmdicarii,
3392 816 3537 870 scri-

1932 911 2105 981 psisse
2133 909 2253 964 illos
2284 916 2491 978 paucas
2521 907 2823 969 ductiinas,
2858 921 2993 975 quas
3033 906 3171 959 intra
3198 906 3340 960 dii-in
3366 922 3534 962 unum

1922 980 1969 1057 si
1998 994 2346 1071 qiiisdixerit
2370 1001 2475 1055 dici
2498 1014 2681 1071 posse,
2708 1014 2813 1052 non
2836 980 3330 1069 reprehendendus
3348 1001 3531 1055 fuerit.

1920 1096 2000 1149 Ex
2035 1095 2221 1149 multis
2273 1093 2439 1163 igitur
2490 1107 2659 1163 pauca
2732 1094 2889 1147 nobis
2960 1092 3301 1161 scripserunt
3350 1094 3532 1148 sancti

1919 1187 2294 1255 evangelisur,
2318 1196 2536 1257 gustum
2557 1184 2845 1254 quemdam
2872 1185 3177 1239 dulcedinis
3198 1186 3529 1253 praebentes.

1926 1281 2243 1337 Disserebat
2277 1292 2462 1335 autem
2495 1295 2600 1334 non
2632 1281 2792 1334 unius
2819 1281 3061 1350 generis,
3094 1279 3187 1333 sed
3230 1280 3535 1350 unicuique

1923 1374 2178 1428 idoneum
2206 1388 2517 1428 sermniicm
2550 1373 2846 1439 referebat,
2868 1372 2989 1448 ideo
3022 1383 3073 1425 et
3105 1372 3260 1426 turba
3288 1373 3533 1427 diluculo

1924 1468 2178 1521 veniebat
2210 1467 2457 1521 adeum.
2495 1466 2683 1521 Giatia
2737 1466 2884 1523 enini
2938 1465 3191 1521 cllliiehat
3252 1481 3317 1521 ex
3374 1465 3537 1522 labiis

1922 1558 2059 1627 ejus.
2090 1555 2267 1613 Nocte
2296 1573 2425 1614 vero
2455 1558 2747 1613 secedebat
2775 1556 2843 1613 ad
2897 1568 3162 1625 montem,
3216 1571 3537 1615 monstrans

1924 1651 2083 1704 nobis
2113 1652 2255 1720 quod
2276 1660 2532 1719 oporteat
2566 1664 2727 1707 noete
2753 1650 2974 1722 quidem
3007 1666 3104 1720 per
3132 1652 3373 1719 quietem
3410 1652 3530 1707 col-

1926 1743 2070 1812 loqui
2091 1759 2213 1798 eum
2235 1741 2369 1808 Deo,
2396 1744 2486 1799 die
2508 1754 2691 1799 autem
2719 1760 2925 1799 morem
2949 1759 3162 1816 gerere,
3188 1754 3241 1799 et
3268 1747 3531 1813 prodesse

1925 1834 2264 1903 hon-iuibus,
2298 1847 2353 1891 et
2381 1852 2720 1907 congregare
2773 1838 2993 1908 quidem
3025 1848 3204 1901 nocte,
3237 1836 3325 1893 die
3348 1849 3531 1894 autem

1856 1925 1895 1978 Β
1928 1928 2263 1981 dismbuere
2320 1938 2671 1999 congregata.
2724 1928 2846 1998 Ipse
2900 1939 3080 1983 autent
3136 1944 3241 1982 nou
3296 1930 3535 1986 habebat

1921 2033 2059 2086 opus
2089 2022 2357 2086 oratione,
2413 2020 2495 2075 vel
2554 2022 2971 2077 conversatione
3030 2037 3154 2075 cum
3220 2020 3351 2078 Deo.
3413 2021 3532 2077 Non

1922 2111 2069 2165 enim
2102 2120 2218 2167 erat
2248 2113 2315 2167 ad
2353 2127 2515 2181 quem
2548 2128 2607 2168 se
2637 2112 2893 2169 conferre
2947 2124 3181 2184 poterat.
3237 2132 3363 2170 i-um
3415 2118 3534 2187 ipse

1921 2210 2071 2258 es'set
2103 2201 2269 2260 Deus.
2291 2205 2461 2262 Nobis
2487 2216 2667 2262 autem
2696 2207 2813 2261 limo
2838 2208 2907 2261 ad
2968 2208 3195 2277 ﬁguram
3238 2210 3471 2278 przeinlit
3512 2225 3529 2265 :

1922 2304 1984 2349 ut
2014 2300 2153 2365 apud
2175 2296 2381 2354 ﬂuenta
2413 2310 2572 2354 nocte
2598 2299 2821 2369 quidem
2863 2299 3197 2370 accipiamus
3259 2301 3532 2357 orationis

1922 2386 2129 2442 ﬂuxum
2167 2404 2233 2444 ex
2261 2391 2642 2458 spii-itualibus
2665 2392 2841 2455 venis,
2862 2390 2948 2444 die
2976 2402 3155 2446 autem
3184 2390 3533 2449 elfiinilanius

1923 2483 2119 2536 hausta
2150 2481 2257 2536 his
2290 2483 2383 2552 qui
2416 2497 2555 2553 opus
2607 2483 2828 2538 habent.
2889 2482 2959 2537 At
3013 2484 3058 2538 si
3122 2482 3247 2551 quis
3305 2481 3533 2539 vidisset

1882 2570 1885 2575 ’
1921 2573 2187 2641 populum
2223 2574 2298 2629 ita
2331 2589 2493 2629 mane
2525 2575 2592 2628 ad
2633 2576 2966 2630 audiendum
2997 2575 3388 2637 conﬂuentem.
3440 2578 3528 2632 di-

1921 2675 2073 2720 ceret
2105 2680 2410 2736 congruere
2431 2668 2481 2719 ei
2514 2666 2645 2721 illud
2669 2666 2896 2724 Davidis
2926 2685 2943 2725 :
2978 2685 2999 2720 ι
3025 2667 3168 2724 Deus
3187 2669 3334 2725 Deus
3353 2686 3529 2737 iiii-us,

1924 2760 1993 2815 ad
2024 2768 2075 2815 te
2115 2761 2184 2816 de
2211 2760 2333 2816 luce
2356 2762 2540 2833 vigilo.
2566 2762 2751 2818 Sitivit
2778 2763 2833 2817 in
2867 2772 2918 2818 te
2935 2764 3120 2817 anima
3151 2778 3272 2819 mea
3296 2764 3361 2819 ¹⁸.
3396 2783 3416 2817 ι

2496 2970 2729 3028 CAPUT
2764 2969 2933 3028 XX".

1925 3088 2003 3145 De
2027 3089 2261 3147 Pascha.
2339 3088 2415 3163 _De
2475 3090 2946 3163 rixantibss,quis
2980 3090 3177 3163 major.
3208 3091 3287 3163 De
3317 3093 3534 3163 qiieiala

2026 3163 2271 3217 Satame.
2326 3161 2403 3215 De
2452 3161 2919 3228 comprehensione
2968 3161 3190 3218 Christi.
3255 3161 3533 3228 Quomodo

1997 3230 2241 3287 Christus
2288 3232 2357 3286 ad
2392 3234 2683 3301 principem
2708 3233 3044 3287 sacerdotum
3077 3236 3270 3288 ductus
3290 3236 3385 3289 sit.

1995 3415 2163 3471 Vsus.
2198 3414 2314 3470 1-6.
2349 3434 2367 3467 ι
2402 3413 2645 3468 Instabat
2675 3423 2855 3470 autem
2896 3417 3013 3472 dies
3052 3417 3229 3475 festus
3288 3418 3531 3493 Azymo~

1924 3526 2044 3566 riim
2084 3510 2177 3579 qui
2215 3508 2417 3563 dicitur
2468 3506 2692 3576 pascha,
2757 3518 2815 3562 et
2868 3511 3191 3578 quaerebant
3254 3514 3536 3585 principes

1921 3602 2272 3656 sacerdotum
2302 3608 2357 3653 et
2403 3597 2611 3653 Scriba:
2660 3600 2935 3667 quomodo
2966 3616 3090 3655 eum
3134 3602 3531 3661 interﬁcerent.

1922 3693 2214 3747 Timebant
2244 3691 2389 3747 enim
2421 3690 2658 3759 plebem.
2689 3692 2917 3747 Intravit
2972 3706 3155 3748 autem
3209 3694 3441 3752 Satanas
3475 3698 3531 3752 iii

1918 3784 2115 3839 Jiiilam
2154 3786 2239 3838 cui
2292 3798 2595 3854 cognomen
2630 3795 2746 3839 erat
2793 3785 3105 3853 lscarioles,
3174 3789 3265 3857 qui
3325 3800 3443 3845 erat
3502 3808 3535 3848 e

1924 3889 2149 3930 numero
2167 3875 2474 3938 duodecim,
2497 3874 2762 3945 abiitqiie,
2790 3888 2845 3930 et
2868 3876 3081 3931 locutus
3114 3887 3199 3931 est
3226 3893 3347 3932 cum
3380 3881 3535 3947 priu-

1921 3967 2133 4034 rilribus
2150 3966 2520 4023 sacerdotum.
2541 3981 2604 4019 ac
2626 3948 3348 4036 ducibus,quemadmodum
3376 3970 3527 4025 illiiui

1925 4059 2163 4113 traderet
2194 4059 2297 4113 eis.
2328 4056 2392 4111 Et
2436 4058 2603 4127 gavisi
2648 4067 2795 4121 sunt,
2840 4073 2904 4113 ac
2929 4061 3073 4128 pacti
3094 4064 3531 4130 suntpccuiiiaui

1925 4152 2001 4206 illi
2037 4168 2096 4207 se
2128 4157 2371 4207 daturos.
2406 4151 2470 4205 Et
2508 4153 2597 4207 ille
2630 4154 2925 4223 epopoudit
2960 4173 2974 4209 :
3009 4155 3401 4227 qiiairrbatque
3430 4175 3533 4231 op-

1925 4246 2313 4315 portunitatem
2336 4255 2391 4300 ut
2415 4244 2651 4300 traderet
2672 4246 2818 4299 illum
2844 4246 2951 4302 illis
2967 4247 3133 4320 465
3156 4250 3270 4304 sine
3290 4254 3468 4307 turba.
3505 4272 3526 4308 ι

1924 4338 2256 4403 Quaerebam
2307 4340 2527 4409 quidem
2585 4338 2732 4392 illum
2800 4341 3119 4396 iiilrrimeie
3183 4341 3392 4399 Scriba:
3428 4361 3442 4399 :
3476 4354 3533 4402 at

1925 4431 2051 4499 quia
2099 4440 2312 4499 tempus
2356 4431 2572 4499 pascliie
2600 4431 2862 4498 instabat,
2904 4443 2957 4486 et
2988 4434 3244 4487 videbant
3270 4436 3372 4488 sibi
3407 4436 3533 4491 inde

1927 4520 2230 4589 periculum
2286 4520 2576 4574 imminere
2622 4538 2649 4572 a
2694 4527 2850 4575 turba
2911 4538 3033 4591 qme
3095 4526 3534 4594 coiigregabnliir

216 4604 455 4672 ἐζήτουν
510 4602 697 4656 λοιπὸν
750 4604 996 4671 μέθοδον,
1046 4603 1163 4664 πῶς
1214 4602 1497 4666 ἀνελόντες
1553 4604 1715 4656 αὑτὸν
1760 4605 1817 4657 οὐ

1934 4612 2168 4666 maxime
2205 4620 2428 4681 propter
2463 4612 2605 4665 diem
2639 4610 2861 4677 festum,
2902 4615 3219 4682 quini-ebant
3282 4618 3532 4684 insidias.

216 4697 689 4751 κινδυνεύσουσιν.
749 4697 982 4767 Είσῆλθε
1032 4698 1087 4750 δὲ
1129 4699 1157 4749 6
1200 4697 1444 4758 Σατανᾶς
1492 4697 1573 4759 είς
1616 4697 1819 4752 Ἰούδαν

214 4791 358 4844 ὄντα
408 4792 472 4844 ὲκ
510 4790 604 4844 τοῦ
650 4790 887 4862 ἀριθμοῦ
938 4789 1045 4844 τῶν
1097 4788 1327 4853 δώδεκα,
1381 4791 1671 4842 τουτέστι·
1726 4791 1822 4843 καὶ

214 4886 401 4939 ταῦτα
437 4887 502 4937 ὲκ
528 4886 640 4938 τῶν
685 4885 901 4939 οἰκείων
938 4885 1068 4939 ὄντα
1116 4888 1211 4937 καὶ
1243 4886 1484 4956 γνησίων
1520 4884 1780 4955 μαθητῶν
1802 4901 1817 4915 °

218 4978 313 5032 ἵνα
351 4978 543 5048 μηδεὶς
576 4976 754 5048 θαρρῇ
791 4977 876 5047 ἐφ’
904 4978 1103 5048 ἑαυτῷ,
1135 4978 1274 5031 ἀλλὰ
1317 4981 1549 5031 πάντοτε
1580 4978 1824 5051 προσέχῃ

214 5080 287 5147 τῇ
324 5076 500 5149 οἰκείᾳ
530 5077 666 5147 ζωῇ,
714 5075 790 5139 ὡς
823 5076 995 5128 δεινὸν
1034 5073 1332 5128 ἀντίπαλον
1372 5074 1535 5143 ἔχων.
1571 5073 1727 5136 Τινὲς
1763 5074 1824 5125 δὲ

212 5173 303 5230 τὸ,
353 5187 372 5221 ι
421 5170 591 5222 Ὄντα
642 5169 705 5221 ὲκ
751 5166 846 5220 τοῦ
890 5165 1129 5237 ἀριθμοῦ
1172 5166 1282 5219 τῶν
1318 5166 1548 5229 δώδεκα,
1580 5183 1597 5217 ι
1650 5164 1823 5228 οῦτως

214 5267 480 5331 ἐνόησαν,
500 5262 625 5317 ἀντὶ
647 5261 763 5327 τοῦ,
794 5261 1051 5331 Ἀριθμὸν
1078 5259 1238 5330 μόνον
1254 5259 1565 5329 πληροῦνται
1593 5259 1826 5312 ἀποστο-

214 5358 400 5423 λικδν,
446 5359 546 5410 οῦκ
588 5355 889 5409 ἀπόστολον
924 5354 1055 5409 ὄντα
1089 5352 1343 5423 ἀληθινὸν
1391 5354 1485 5405 καὶ
1533 5352 1782 5423 μαθητήν
1809 5368 1823 5382 ο

215 5453 346 5513 πῶς
380 5450 489 5520 γὰρ
521 5448 729 5521 ἀληθής
758 5448 1007 5518 μαθητὴς
1042 5449 1069 5500 6
1101 5448 1350 5499 κλέπτων
1366 5446 1432 5499 τὰ
1466 5446 1522 5497 ὲν
1546 5445 1621 5515 τῷ
1642 5448 1820 5513 γλωσ-

219 5543 451 5611 σοκόμῳ
513 5541 851 5611 βαλλόμενα;
877 5540 1066 5603 Οῦτως
1096 5536 1189 5593 οὖν
1212 5537 1525 5593 εἰσελθόντα
1553 5538 1632 5599 εἰς
1658 5537 1820 5589 αὐτὸν

217 5640 319 5690 τὸν
351 5635 602 5687 Σατανᾶν
636 5634 877 5698 ἐδέξατο,
919 5635 1013 5685 καὶ
1060 5630 1414 5701 συνεφώνησε
1446 5632 1559 5692 τοῖς
1593 5628 1822 5698 ζητοῦσι

217 5730 317 5783 τὸν
374 5726 583 5798 Ἰησοῦν
634 5727 1015 5797 παραδοῦναι·
1059 5724 1217 5779 τοῦτο
1265 5724 1373 5795 γὰρ
1416 5722 1679 5793 ’σημαίνει
1725 5721 1818 5787 τὸ,

302 5915 346 5946 ⁸⁸
378 5914 447 5965 Ps
470 5912 522 5965 ll.
552 5927 685 5974 ιλιι,
722 5911 774 5974 1,
804 5909 857 5963 ’2.

1926 4704 2200 4771 quomodo
2234 4702 2527 4758 interfecto
2554 4702 2645 4756 illo
2668 4718 2776 4757 non
2812 4705 3278 4773 pericliiarentiir.
3301 4708 3534 4765 Intravit

1921 4807 2101 4849 autem
2128 4794 2359 4849 Satanas
2391 4796 2442 4847 in
2467 4792 2665 4849 Judam
2728 4796 2823 4865 qui
2862 4807 2983 4850 erat
3042 4813 3182 4852 unus
3212 4817 3241 4852 e
3297 4816 3532 4855 numero

1924 4888 2240 4953 duodecim,
2266 4898 2496 4957 eratque
2525 4903 2591 4941 ex
2622 4890 2858 4944 maxime
2889 4889 3257 4947 familiaribus
3282 4894 3530 4965 discipu-

1924 4981 1995 5037 lis
2032 4999 2047 5036 :
2083 4993 2141 5035 ut
2170 4981 2349 5037 nullus
2378 4982 2617 5037 conﬁdat
2649 4982 2701 5036 in
2732 4983 2933 5053 seipse,
2963 4985 3061 5040 sed
3096 5000 3313 5056 semper
3344 4997 3527 5045 atten-

1924 5076 2015 5129 dat
2045 5074 2169 5128 vitae
2198 5088 2331 5138 suae,
2375 5082 2565 5143 utpote
2606 5088 2826 5143 gravem
2863 5074 3072 5130 habens
3124 5078 3529 5136 adversarium.

1925 5164 2157 5231 Quidam
2192 5172 2374 5216 autem
2408 5163 2488 5217 sic
2512 5162 2899 5217 intellexerunt
2926 5182 2940 5219 :
2968 5162 3071 5231 Qui
3105 5175 3223 5220 erat
3249 5182 3530 5225 enumera

1926 5256 2236 5322 duodecim,
2279 5270 2570 5308 numerum
2601 5254 2777 5309 solum
2834 5256 3096 5326 implebat
3146 5260 3529 5328 apostolicum,

1929 5364 2034 5403 non
2070 5358 2129 5401 ut
2166 5347 2467 5416 apostolus,
2496 5362 2593 5401 nec
2613 5357 2672 5402 ut
2697 5363 2854 5402 verus
2882 5348 3206 5420 discipulus.
3242 5353 3530 5417 Quomodo

1930 5445 2073 5500 enim
2102 5458 2267 5497 verus
2302 5442 2631 5511 discipulus,
2668 5446 2760 5511 qui
2792 5443 3005 5498 l‘uratur
3054 5462 3177 5515 qua:
3225 5447 3276 5499 in
3316 5461 3531 5498 marsu-

1932 5538 2079 5604 pium
2119 5533 2515 5588 mittebantur?
2541 5534 2628 5587 Sic
2649 5535 2814 5605 igitur
2835 5537 3231 5607 ingredientem
3266 5538 3321 5592 iii
3352 5539 3527 5607 ipsum

1933 5630 2193 5682 Satanam
2235 5627 2496 5695 suscepit,
2530 5636 2584 5681 et
2618 5628 2954 5697 conspiravit
2989 5645 3113 5683 cmn
3155 5630 3527 5699 quaerentibus

1940 5721 2118 5777 Iesum
2157 5720 2391 5775 tradere.
2420 5716 2531 5773 lloc
2560 5718 2705 5772 enim
2737 5719 3031 5790 signiﬁcat,
3068 5722 3388 5793 Spopondit,
3425 5720 3531 5777 hoc
