4100 6334
609 383 742 450 1067

627 483 630 486 ’
677 502 838 552 Vens.
882 495 1065 550 Η-ΞΟ.
1104 515 1120 546 ι
1174 494 1237 549 Et
1275 509 1394 548 cum
1432 492 1543 560 jam
1581 503 1725 550 esset
1764 494 2175 561 tempestivum,
2215 503 2250 552 Α

600 587 873 650 accubuit,
898 600 959 641 ac
990 583 1270 638 duodecim
1291 582 1674 650 apostolivcum
1716 597 1802 637 eo.
1835 581 1899 635 Et
1932 586 2007 635 att
2034 581 2176 634 illis:

601 678 880 735 Desiderio
943 673 1242 729 desideravi
1315 674 1418 728 hoc
1462 674 1662 743 paSt-ha
1703 673 1992 728 comedere
2029 673 2178 728 vobi-

599 790 746 826 scum
780 779 1068 840 antequam
1102 767 1294 838 patiar.
1340 763 1467 820 Dico
1501 765 1642 820 enim
1707 765 1886 830 vobis,
1950 765 2176 834 posthac

602 880 705 918 non
748 863 898 917 edam
935 861 1073 914 ultra
1110 876 1174 914 ex
1223 875 1309 923 eo,
1339 860 1510 914 donec
1562 858 1898 927 compleatur
1930 858 1981 911 in
2010 873 2180 925 regno

605 957 716 1011 Dei.
770 956 834 1009 Et
864 964 1085 1024 accepto
1131 952 1322 1023 poculo
1348 955 1549 1023 gratias
1584 952 1713 1022 egit,
1742 964 1804 1005 ac
1850 949 1984 1002 dixit
2022 965 2036 1003 :
2073 947 2179 1004 Ac-

601 1048 763 1116 cipile
799 1048 920 1112 hoc,
963 1056 1018 1100 et
1061 1045 1283 1100 dividite
1331 1045 1471 1098 inter
1511 1057 1624 1096 vos.
1662 1040 1791 1095 Dico
1819 1042 1962 1095 enim
2001 1040 2180 1103 vobis.

599 1141 741 1207 quod
774 1153 877 1190 non
913 1137 1107 1190 bibant.
1127 1137 1192 1190 de
1243 1135 1421 1190 fructu
1448 1135 1595 1200 vitis,
1630 1134 1805 1189 donec
1830 1147 2051 1204 regnum
2085 1131 2179 1186 Dei

609 1230 810 1284 rrniat.
833 1229 899 1283 Et
945 1238 1167 1298 accepto
1217 1243 1374 1299 pane,
1438 1241 1558 1281 cum
1586 1225 1787 1292 gratias
1819 1226 2036 1295 egisset,
2067 1222 2182 1277 l'rc-

601 1324 696 1392 git,
740 1337 802 1375 ac
839 1322 986 1375 dedit
1026 1322 1124 1385 eis,
1167 1321 1353 1375 dicens
1388 1337 1401 1373 :
1453 1318 1564 1372 line
1603 1328 1684 1371 est
1741 1321 1936 1384 corpus
1981 1331 2180 1380 meum,

601 1414 746 1480 quod
797 1429 894 1480 pro
916 1412 1068 1466 Vobis
1114 1410 1294 1466 datur.
1335 1411 1448 1465 Hoc
1495 1410 1655 1464 facile
1695 1408 1748 1460 in
1800 1409 1900 1464 mei
1931 1410 2181 1463 recorda-

606 1506 827 1558 tionem.
881 1502 1144 1557 Similiter
1188 1513 1242 1557 et
1285 1505 1531 1573 poculum
1598 1513 1882 1574 postquam
1928 1501 2177 1566 cmuavit,

604 1599 782 1649 dicens
817 1613 830 1648 :
870 1594 977 1649 Hoc
1007 1595 1255 1664 poculum
1286 1607 1482 1649 novum
1512 1595 1913 1650 Testamentum
1946 1594 1999 1648 in
2057 1608 2184 1648 san-

602 1687 765 1757 guine
823 1700 966 1749 meo,
1025 1685 1114 1753 qui
1181 1700 1278 1748 pro
1327 1686 1481 1740 vobis
1532 1684 1858 1740 eﬂnndetur.
1913 1703 1931 1737 ι
1978 1683 2182 1738 Pascha

601 1788 810 1830 etantes
861 1775 1236 1842 tomedebant,
1287 1779 1556 1846 quomodo
1597 1778 1760 1848 igitur
1803 1778 2060 1832 Dominus
2104 1792 2188 1830 re-

1520 381 1823 443 ΤΠΕΟΡΠ
1837 378 2102 440 γιςιατι
2143 373 2555 437 BULGARL-E
2599 373 2802 433 ARCII
2816 370 2958 431 [ΕΡ.

3734 367 3866 433 1068

2361 508 2381 556 ς
2421 491 2527 540 Καὶ
2553 489 2642 541 ὅτε
2672 486 2890 554 ἐγένετο
2919 485 2953 554 ἡ
2987 483 3128 554 ὥρα,
3172 483 3404 538 ἀνέπεσε
3429 501 3440 514 ν
3483 484 3579 537 καὶ
3601 484 3653 537 ot
3671 483 3877 541 δώδεκα

2282 579 2570 635 ἀπόστολοι
2601 581 2697 633 σὺν
2723 577 2895 648 αὐτῷ.
2941 575 3050 630 Καὶ
3099 572 3221 630 εἷπε
3254 576 3391 647 πρὸς
3447 578 3676 642 αὐτούς·
3730 581 3879 634 Ἐπι-

2283 676 2452 745 θυμίᾳ
2484 673 2809 743 ἐπεθύμησα
2839 671 2999 725 τοῦτο
3031 671 3090 724 τὸ
3131 671 3316 742 πάσχα
3348 675 3549 740 φαγεῖν
3573 673 3696 742 μεθ’
3721 674 3873 745 ὑμῶν

2283 770 2390 838 πρὸ
2425 767 2519 820 τοῦ
2563 784 2633 837 με
2680 767 2892 820 παθεῖν.
2953 763 3113 830 Λέγω
3159 764 3269 836 γὰρ
3300 765 3447 834 ὑμῖν.
3507 766 3595 819 ὅτι
3651 767 3753 820 οὒκ
3797 768 3874 821 ἔτι

2284 863 2343 913 οὐ
2382 861 2456 931 μὴ
2492 863 2652 929 φάγω
2718 859 2774 924 ἐξ
2837 856 3024 922 αὑτοῦ,
3079 857 3184 920 ἕως
3235 858 3359 910 ὅτου
3397 856 3664 928 πληρωθῇ
3705 861 3763 912 ὲν
3808 862 3872 932 τῇ

2284 951 2531 1023 βασιλείᾳ
2559 950 2651 1004 τοῦ
2672 950 2829 1004 Θεοῦ.
2860 951 2974 1004 Καὶ
3007 949 3300 1020 δεξάμενος
3332 933 3616 1021 ποτήριον,
3654 953 3874 1021 εὐχαρι-

2285 1030 2489 1116 στήσας
2513 1039 2636 1098 εἷπε
2659 1060 2673 1075 ⁸
2699 1042 2910 1097 Λάϐετε
2931 1041 3107 1109 τοῦτο,
3136 1042 3230 1094 καὶ
3259 1042 3616 1113 διαμερίσατε
3641 1045 3874 1110 ἑαυτοῖς.

2283 1138 2444 1206 Λέγω
2474 1136 2582 1206 γὰρ
2615 1136 2766 1206 ὑμῖν,
2805 1136 2888 1188 ὅτι
2918 1136 2978 1188 οὐ
3015 1135 3089 1204 μὴ
3125 1135 3232 1187 πίω
3262 1137 3370 1186 ἀπὸ
3404 1136 3497 1188 τοῦ
3533 1137 3877 1208 γεννήματος

2283 1227 2380 1295 τῆς
2408 1225 2677 1294 ἀμπέλου,
2702 1223 2807 1286 ἕως
2830 1223 2954 1275 ὅτου
2980 1225 3012 1294 ἠ
3040 1222 3284 1292 βασιλεία
3309 1221 3402 1273 τοῦ
3431 1221 3570 1275 Θεοῦ
3595 1222 3746 1293 ἔλθῃ.
3768 1225 3877 1277 Καὶ

2284 1314 2463 1369 λαϐὼν
2488 1316 2673 1386 ἄρτον,
2698 1314 3104 1384 εὐχαριστήσας
3137 1313 3357 1380 ἔκλασε,
3415 1315 3509 1367 καὶ
3545 1314 3750 1367 ἔδωκεν
3777 1315 3877 1367 αὑ-

2284 1411 2418 1473 τοῖς,
2446 1408 2618 1475 λέγων
2637 1423 2650 1436 ·
2685 1405 2855 1459 Τοῦτό
2881 1408 2998 1458 ἐστι
3029 1405 3089 1457 τὸ
3109 1405 3269 1476 σῶμα
3302 1422 3424 1476 μου,
3453 1406 3512 1458 τὸ
3544 1405 3691 1474 ὑπὲρ
3723 1406 3878 1476 ὑμῶν

2285 1501 2579 1570 διδόμενον,
2639 1497 2800 1552 τοῦτο
2856 1499 3060 1551 ποιεῖτε
3112 1499 3194 1562 είς
3217 1497 3315 1569 τὴν
3363 1498 3877 1569 ἑμὴν“άνάμνησινο

2285 1592 2547 1655 ὡσαύτως
2582 1591 2678 1660 καὶ
2702 1590 2761 1644 τὸ
2799 1591 3058 1662 ποτήριον
3085 1591 3223 1660 μετὰ
3259 1589 3316 1643 τὸ
3345 1590 3659 1660 δειπνῆσαι.
3680 1592 3874 1659 λέγω-ε·

2288 1685 2460 1740 Τοῦτο
2498 1685 2559 1739 τὸ
2591 1686 2856 1755 ποτήριον
2889 1686 2921 1755 ἡ
2961 1684 3139 1753 Καινὴ
3174 1683 3420 1755 Διαθήκη
3463 1687 3519 1736 ἐν
3564 1685 3644 1754 τῷ
3676 1684 3878 1754 αἵματί

2292 1794 2416 1847 μου,
2449 1777 2510 1828 τὸ
2541 1775 2682 1844 ὑπὲρ
2716 1775 2870 1842 ὑμῶν
2903 1776 3289 1843 ὲκχυνόμενον.
3323 1794 3340 1827 ι
3378 1775 3451 1828 Τὸ
3484 1776 3677 1844 Πάσχα
3728 1777 3879 1831 ίστά-

603 1869 858 1922 cumbcre
905 1869 1145 1923 dicitur?
1203 1870 1394 1924 Dicunt
1458 1847 1639 1939 itaque
1709 1873 1848 1940 quod
1902 1878 2180 1940 postquam

2293 1888 2442 1940 μενοι
2477 1869 2683 1941 ἤσθιον*
2724 1869 2839 1932 πῶς
2867 1867 2959 1922 οὖν
3006 1869 3033 1919 ὁ
3058 1868 3262 1939 Κύριος
3295 1870 3591 1921 ἀναπεσεῖν
3622 1869 3874 1936 λέγεται,

605 1963 838 2013 tomedit
900 1960 1068 2028 legale
1113 1961 1330 2030 past-ha,
1390 1961 1758 2017 recubnerunt
1790 1977 1937 2016 more
1977 1962 2180 2032 vulgari

603 2055 944 2108 eomedentes
994 2054 1130 2109 alios
1185 2055 1442 2124 quosdam
1484 2055 1654 2110 cibos.
1703 2057 1840 2111 Dicit
1878 2064 2057 2110 autem
2116 2058 2181 2110 ad

604 2147 893 2217 discipulos
931 2163 943 2200 :
988 2146 1268 2202 Desiderio
1318 2148 1616 2203 desideravi
1660 2149 1761 2202 hoc
1796 2149 1996 2220 pascha
2036 2165 2185 2203 man-

609 2244 811 2297 ducare
835 2242 1135 2306 vobiscum,
1168 2244 1479 2312 priusquam
1518 2245 1722 2315 patiar;
1751 2245 1905 2315 quasi
1928 2245 2128 2300 diceret
2169 2264 2182 2299 :

609 2335 731 2392 Haec
783 2348 1024 2391 extrema
1089 2351 1240 2392 cmna
1273 2351 1387 2392 mea
1440 2349 1522 2393 εει
1563 2340 1861 2402 vobiscum,
1898 2339 2097 2393 idcirco
2135 2349 2188 2392 et

607 2438 758 2498 grata
788 2437 841 2484 et
868 2427 1238 2482 desiderabilis
1263 2445 1279 2495 ;
1311 2443 1433 2481 nam
1471 2431 1606 2482 ultra
1635 2429 1906 2483 vobiscum
1937 2445 2040 2482 non
2069 2445 2186 2482 sum

608 2522 994 2576 toiivivaturns
1023 2536 1038 2574 :
1080 2524 1218 2574 sicut
1248 2533 1298 2576 et
1339 2537 1564 2592 peregre
1592 2521 1883 2590 profecturi
1918 2531 2187 2592 postrema

603 2611 871 2681 colloquia
924 2627 1048 2666 cum
1102 2612 1337 2666 maxime
1387 2611 1743 2667 {aitiiliaribus
1793 2615 2031 2666 suaviter
2087 2613 2187 2665 mi-

608 2715 779 2759 scent.
821 2701 910 2757 γει
933 2702 1089 2757 aliter
1118 2719 1132 2756 :
1169 2701 1481 2758 Desiderari
1513 2702 1614 2757 hoc
1636 2705 1834 2772 pascha
1860 2705 2189 2758 manducare

611 2796 913 2859 vobiscum,
971 2810 1034 2849 eo
1084 2796 1223 2864 quod
1260 2809 1447 2863 magna
1486 2795 1741 2865 mysteria
1789 2795 1843 2849 in
1893 2797 1994 2849 hac
2038 2797 2190 2851 vobis

612 2903 767 2941 urna
799 2890 897 2942 sim
929 2887 1240 2950 traditurus,
1264 2885 1639 2958 ῇϐεηοιιιῃο
1671 2902 1733 2940 ea
1764 2900 1883 2955 quae
1909 2897 2034 2941 sunt
2054 2885 2187 2940 Novi

612 2977 962 3032 Tostamrnti.
1023 2976 1305 3046 Signiﬁcat
1349 2988 1526 3030 autem
1569 2992 1664 3044 per
1723 2976 1862 3042 haec,
1924 2979 2064 3046 quod
2099 2993 2190 3032 vo-

613 3069 846 3122 luntarie
883 3069 1135 3138 patiatur.
1183 3067 1397 3122 Poterat
1435 3069 1576 3122 cnim
1641 3070 1862 3123 omnino
1913 3068 2186 3135 secedere,

2285 1961 2549 2028 Λέγουσιν
2571 1956 2665 2014 οὖν
2690 1961 2773 2014 ὅτι
2804 1960 2942 2030 μετὰ
2971 1961 3032 2013 τὸ
3079 1963 3274 2028 φαγεῖν
3304 1961 3364 2013 τὸ
3405 1961 3631 2030 νομικὸν
3666 1962 3874 2032 πάσχα,

2286 2054 2550 2106 ἀνέπεσον
2609 2052 2795 2106 λοιπὸν
2833 2052 2996 2124 κοινῷ
3037 2053 3227 2123 τρόπῳ
3276 2051 3549 2117 ἐσθίοντες
3583 2053 3722 2108 ἄλλα
3759 2056 3876 2108 τινα

2288 2145 2574 2216 βρώματα.
2600 2147 2736 2217 Φησὶ
2763 2146 2818 2199 δὲ
2847 2147 2981 2216 πρὸς
3025 2148 3153 2210 τοὺς
3180 2146 3428 2217 μαθητάς
3454 2163 3468 2176 ·
3512 2166 3528 2198 ι
3577 2147 3874 2219 Ἐπιθυμίᾳ

2286 2239 2608 2310 ἐπεθύμησα
2638 2238 2797 2292 τοῦτο
2853 2239 2912 2291 τὸ
2971 2239 3156 2308 πάσχα
3197 2241 3396 2306 φαγεῖν
3433 2238 3553 2307 μεθ’
3586 2241 3740 2308 ὑμῶν
3773 2240 3875 2309 πρὸ

2286 2329 2382 2383 τοῦ
2417 2348 2485 2400 με
2521 2330 2715 2383 παθεῖν
2735 2345 2748 2359 ·
2785 2349 2802 2381 ι
2831 2327 3035 2382 ὡσανεὶ
3062 2327 3224 2382 τοῦτο
3258 2327 3411 2395 ἔλεγε
3431 2344 3448 2362 ο
3493 2329 3667 2383 Τοῦτό
3695 2347 3786 2399 μοι
3815 2331 3874 2383 th

2286 2421 2592 2474 τελευταῖον
2620 2420 2834 2473 δεῖπνον
2865 2418 2986 2490 μεθ’
3009 2418 3195 2488 ὑμῶν·
3232 2418 3311 2472 διδ
3340 2421 3433 2473 καὶ
3473 2421 3760 2491 ἀγαπητόν
3788 2439 3877 2491 μοι

2287 2514 2380 2565 καὶ
2431 2511 2769 2582 ἐπιθυμητὸν
2826 2512 3009 2564 ἐστιν·
3059 2509 3245 2562 ἄλλοτε
3285 2509 3396 2580 γὰρ
3425 2511 3544 2580 μεθ’
3573 2511 3730 2580 ὑμῶν
3777 2513 3876 2565 οὐκ

2287 2604 2718 2676 ἑστιασοήσομαι
2741 2621 2755 2636 ο
2787 2601 2977 2673 ὤσπερ
3008 2603 3099 2656 καὶ
3151 2604 3198 2654 οἱ
3228 2603 3532 2678 ’μέλλοντες
3586 2604 3879 2676 ἀποδημήο

2289 2713 2424 2761 σειν,
2458 2698 2524 2746 τὰ
2559 2695 2848 2748 τελευταῖα
2880 2695 3178 2764 προσφωνή
3190 2712 3338 2764 ματα
3369 2697 3484 2758 τοῖς
3527 2697 3754 2760 οἰκείοις
3783 2697 3876 2750 καὶ

2287 2786 2533 2857 γνησίοις
2553 2785 2814 2857 ἡδύτερον
2846 2789 2940 2839 καὶ
2963 2784 3342 2856 ποθεινότερον
3377 2787 3743 2858 προσάγουσι.
3768 2791 3878 2843 Καὶ

2288 2882 2462 2942 άλλως
2496 2880 2583 2932 δέ·
2627 2877 2985 2950 Ἐπεθύμηοα
3015 2876 3175 2931 τοῦτο
3207 2879 3264 2931 τὸ
3293 2882 3480 2950 πάσχα
3528 2883 3728 2950 φαγεῖν
3759 2883 3877 2953 μεθ’

2290 2972 2464 3042 ὑμῶν,
2494 2971 2629 3024 διότι
2665 2971 2735 3024 τὰ
2775 2969 2991 3039 μεγάλα
3047 2974 3321 3044 μυστήρια
3377 2975 3436 3026 ὲν
3493 2974 3668 3044 τούτῳ
3702 2976 3878 3044 μέλλω

2292 3062 2626 3136 παραδοῦναι
2648 3064 2798 3130 ὑμῖν,
2832 3064 2898 3114 τὰ
2933 3065 3029 3133 τῆς
3063 3051 3272 3135 Καινῆς
3303 3064 3603 3137 Διαθήκης.
3641 3069 3803 3138 Δηλοῖ
3822 3069 3876 3121 δὲ

611 3161 752 3213 sirm
786 3170 838 3212 et
869 3161 986 3212 aliis
1031 3159 1388 3229 temporibus,
1427 3173 1547 3213 cum
1590 3160 1755 3215 sciret
1800 3174 1858 3213 se
1880 3174 2185 3230 passurum.

2293 3157 2377 3211 διὰ
2433 3154 2644 3220 τούτου,
2707 3156 2788 3207 ὅτι
2825 3152 2967 3208 ἑκὼν
3022 3157 3242 3227 πάσχει.
3292 3157 3450 3228 Ἐξῆν
3509 3161 3620 3230 γὰρ
3659 3167 3878 3224 πάντως

611 3249 762 3316 Quod
797 3261 973 3306 autem
1011 3252 1162 3314 dicit,
1187 3250 1303 3303 Non
1349 3250 1725 3316 bibatnillum,
1766 3251 1932 3304 donec
1963 3254 2182 3320 regnum

615 3341 707 3395 Dei
749 3344 962 3404 veniat,
1005 3343 1222 3410 quidam
1279 3351 1591 3396 sanctorum
1635 3341 2045 3413 intellexerunt,
2083 3341 2186 3394 Do-

613 3448 715 3488 nrc
746 3447 1047 3503 resurgam.
1087 3431 1214 3486 Post
1254 3435 1701 3489 resurrectionem
1732 3432 1872 3487 enim
1904 3446 2190 3486 conversa-

592 3529 700 3590 tus
721 3534 804 3578 est
833 3540 954 3580 cunt
983 3524 1284 3594 discipulis,
1307 3535 1360 3577 et
1385 3525 1640 3588 comedit,
1663 3533 1718 3578 et
1745 3523 1880 3578 bibit
1907 3537 2028 3576 cum
2060 3521 2140 3575 eis
2173 3538 2185 3571 :

614 3615 754 3671 sient
802 3627 858 3671 et
896 3614 1091 3670 Petrus
1131 3619 1196 3672 ad
1247 3615 1556 3690 Cornelium
1608 3616 1777 3669 dicit:
1817 3633 1836 3665 ι
1867 3613 1968 3680 Qui
2014 3627 2192 3667 come-

616 3709 793 3761 dimus
826 3718 880 3763 et
903 3707 1132 3762 bibimus
1165 3723 1285 3761 cum
1316 3722 1381 3763 eo
1412 3718 1526 3777 post
1557 3707 2008 3762 resurrectionem
2037 3705 2123 3757 η’.
2164 3724 2182 3755 ι

614 3796 768 3863 Quod
826 3806 1002 3852 autem
1055 3811 1280 3867 regnum
1331 3797 1422 3851 Dei
1456 3799 1534 3853 sit
1574 3797 1919 3860 resurrectio,
1975 3793 2172 3850 manife

617 3901 760 3943 suun
803 3898 906 3942 est.
943 3886 1289 3944 Resurrrcti'o
1333 3890 1476 3943 enim
1507 3887 1774 3943 destruxit
1808 3898 2076 3944 mortem:
2110 3901 2196 3940 re-

618 3980 800 4050 gnavit
832 3988 1010 4033 autem
1043 3994 1189 4034 mors
1233 3980 1299 4032 ab
1360 3979 1529 4034 Adam
1572 3994 1743 4047 usque
1771 3977 1837 4031 ad
1881 3977 2194 4043 Christum;

621 4077 748 4123 ttlnc
789 4080 964 4123 autem
1002 4061 1300 4135 destructa,
1337 4070 1610 4125 concessit
1645 4068 1875 4123 Domino
1913 4069 2196 4125 victoriam

621 4169 674 4215 et
708 4176 965 4231 regnum:
998 4163 1452 4231 quemadmodum
1495 4163 1697 4217 dictum
1732 4171 1854 4216 est:
1898 4179 1917 4213 ι
1954 4160 2055 4217 Ubi
2091 4169 2196 4228 est,

626 4268 792 4320 mors,
829 4254 1050 4308 victoria
1094 4263 1182 4308 tua
1223 4253 1303 4308 "?
1332 4253 1630 4324 et‘David:
1669 4272 1688 4305 ι
1721 4253 1974 4308 Dominus
2015 4268 2203 4324 regna-

623 4345 736 4409 rit;
776 4363 794 4395 ι
833 4341 1030 4399 deinde
1109 4344 1473 4413 interpretans
1530 4343 1800 4412 quomodo
1850 4344 2198 4411 regnaverit;

628 4453 645 4486 ι
676 4436 958 4497 Decorern,
984 4435 1178 4504 inquit,
1198 4435 1417 4489 indutus
1428 4443 1533 4500 est,
1552 4450 1572 4486 ι
1591 4433 2048 4500 incorruptionem
2071 4433 2204 4486 acci-

2289 3249 2458 3319 αὺτῷ,
2480 3246 2668 3317 δπειδὴ
2689 3245 2986 3314 ἐγίνωσκεν
3012 3249 3095 3301 ὅτι
3127 3249 3314 3319 μέλλει
3345 3249 3557 3312 παθεῖν,
3587 3251 3879 3322 ὑπαναχω-

2291 3344 2475 3411 ρῆσαι,
2513 3339 2703 3409 ὥσπερ
2759 3339 2872 3392 κάν
2900 3341 3013 3402 τοῖς
3069 3341 3360 3411 προτέροις
3419 3346 3654 3410 καιροῖς.
3686 3344 3759 3396 Τὸ
3796 3345 3873 3400 δὲ.

2298 3451 2316 3483 ι
2359 3432 2433 3484 Οὐ
2466 3430 2542 3501 μὴ
2594 3431 2702 3482 πίω
2747 3429 2901 3494 αὐτὸ,
2937 3430 3042 3493 ἕως
3072 3431 3197 3483 ὅτου
3230 3431 3262 3499 ἡ
3301 3429 3552 3499 βασιλεία
3613 3431 3709 3485 τοῦ
3745 3432 3875 3486 Θεοό

2293 3523 2443 3595 ἔλθῃ,
2494 3543 2511 3574 ι
2537 3523 2681 3585 τινὲς
2721 3523 2828 3574 τῶν
2863 3523 3033 3590 ἁγίων
3060 3522 3319 3593 ἐνόησαν,
3357 3525 3480 3578 ἀντὶ
3531 3523 3650 3588 τοῦ,
3686 3527 3882 3596 Ἀχρις

2293 3607 2354 3666 οὗ
2383 3611 2621 3685 άναστῶ.
2645 3611 2800 3665 Μετὰ
2831 3613 2938 3682 γὰρ
2963 3612 3060 3682 τὴν
3101 3613 3397 3667 ἀνάστασιν
3433 3616 3880 3685 συναυλιξᾶμενῦς

2295 3683 2404 3767 τοῖς
2437 3702 2725 3773 μαθηταῖς,
2777 3704 2872 3756 καὶ
2907 3705 3204 3772 συνέφαγε,
3248 3707 3346 3759 καὶ
3381 3708 3637 3760 συνέπιεν
3668 3683 3879 3772 αὑτοῖς*

2294 3792 2482 3862 ὥσπερ
2513 3793 2607 3845 καὶ
2641 3791 2849 3862 Πέτρος
2879 3795 3013 3864 φησὶ
3045 3796 3181 3864 πρὸς
3225 3796 3527 3868 Κορνήλιον
3549 3815 3561 3827 θ
3607 3818 3627 3850 ι
3671 3799 3882 3862 Οῐτινες

2299 3884 2674 3954 συνεφάγομεν
2703 3886 2798 3939 καὶ
2831 3886 3154 3956 συνεπίομεν
3175 3887 3324 3958 αὺτῷ
3354 3890 3491 3956 μετὰ
3524 3889 3618 3960 τὴν
3643 3891 3882 3944 ἀνάστα-

2301 3994 2405 4031 σιν.
2451 3972 2469 4027 ι
2516 3977 2638 4029 Ὅτι
2665 3975 2723 4028 δὲ
2757 3975 3005 4046 βασιλεία
3033 3977 3128 4031 τοῦ
3151 3979 3287 4032 Θεοῦ
3336 3983 3368 4050 ἡ
3401 3981 3724 4045 ἀνάστασις,
3757 3983 3888 4054 πρό-

2299 4069 2478 4140 δηλον.
2526 4067 2590 4122 Ἦ
2615 4069 2724 4137 γὰρ
2777 4069 3099 4134 ἀνάστασις,
3138 4072 3439 4135 κατάλυσις
3466 4072 3562 4126 τοῦ
3612 4075 3882 4128 θανάτου·

2295 4159 2619 4214 ίὸασίλευσε
2663 4161 2720 4214 δὲ
2753 4163 2782 4215 ὁ
2835 4162 3066 4226 θάνατος
3102 4165 3210 4217 ἀπὸ
3249 4165 3421 4235 Ἀδὰμ
3469 4166 3573 4229 ἕως
3605 4167 3883 4238 Χριστοῦ·

2301 4254 2420 4308 τότε
2458 4253 2512 4307 δὲ
2552 4254 2900 4321 καταλυθεὶς,
2941 4257 3305 4328 παρεχώρησε
3339 4257 3415 4328 τῷ
3441 4259 3637 4331 Κυρίῳ
3671 4262 3772 4330 τῆς
3808 4262 3888 4314 νί-

2302 4363 2406 4413 κης
2460 4346 2689 4416 καὶτῆς
2747 4345 3064 4416 βασιλείας,
3117 4349 3252 4402 καθὸ
3284 4351 3526 4420 εἴρηται·
3561 4369 3580 4403 ι
3625 4353 3731 4406 Ποῦ
3773 4370 3886 4419 σου,

2305 4439 2528 4504 θάνατε,
2557 4438 2616 4491 τὸ
2641 4441 2788 4502 νῖκος
2818 4456 2833 4503 ;
2873 4457 2891 4490 ι
2929 4438 3025 4492 καὶ
3059 4442 3086 4493 ὁ
3123 4441 3305 4508 Δαυῒδ,
3371 4461 3389 4493 ι
3439 4443 3497 4495 '0
3533 4443 3737 4513 Κύριος
3764 4446 3890 4500 ἐϐα-

625 4528 802 4598 piente
836 4541 1087 4596 corpore,
1114 4535 1167 4582 et
1189 4526 1445 4582 decorata
1465 4526 1684 4592 deitate,
1715 4524 1954 4580 utlsaias
1984 4527 2156 4595 inquit
2181 4543 2190 4579 :

2305 4530 2550 4582 σίλευσεν
2576 4546 2588 4558 ·
2620 4547 2639 4581 ι
2671 4524 2790 4582 εἶτα
2821 4528 3142 4601 ἑρμηνεύων
3173 4531 3288 4595 πῶς
3313 4532 3690 4603 ἐϐασίλευσεν,
3729 4556 3748 4588 ι
3782 4537 3890 4590 E6-

631 4637 648 4671 ι
695 4617 794 4673 Hic
848 4618 1122 4673 formosus
1171 4618 1224 4672 in
1292 4617 1453 4684 stola,
1491 4611 1745 4672 violentia
1809 4632 1930 4671 cum
1981 4617 2172 4672 fortitu

625 4713 751 4767 dine
808 4712 870 4764 ".
913 4730 931 4763 ι
973 4710 1231 4766 Dominus
1266 4723 1483 4780 quoque
1540 4722 1825 4780 poetquam
1884 4711 2199 4774 resurrexit,

631 4802 843 4869 ~.nquit:
889 4819 907 4852 ι
945 4800 1076 4855 Data
1102 4811 1186 4855 est
1234 4801 1365 4854 mihi
1417 4800 1597 4854 omnis
1634 4811 1876 4868 potestas
1903 4800 1966 4855 ".
2012 4819 2030 4852 ι
2069 4801 2202 4854 Cum

635 4893 796 4962 igitur
821 4893 1058 4951 venisset
1097 4892 1445 4956 resurrectio,
1475 4906 1636 4957 quam
1672 4905 1890 4962 regnum
1918 4890 2007 4945 Dei
2043 4893 2213 4946 nomi-

629 4987 795 5046 navit,
828 4999 892 5040 co
935 4988 1075 5054 quod
1110 4992 1336 5038 mortem
1363 4983 1646 5048 destruxit,
1681 4984 1873 5037 iterum
1920 4983 2053 5038 bibit
2085 4999 2204 5039 cum

629 5077 1314 5147 discipulistcrsuadens
1346 5076 1624 5144 discipulis
1683 5093 1786 5128 non
1831 5076 1981 5140 juxta
2046 5093 2208 5148 appa-

630 5171 858 5224 rcutiam
894 5180 1098 5224 tantum
1125 5169 1507 5224 'resnrrcxisse.
1533 5168 1763 5234 Quidam
1785 5178 1959 5222 autem
1984 5184 2205 5238 regnum

633 5271 896 5331 putarunt
932 5260 1170 5316 futurum
1212 5271 1409 5316 statum
1455 5280 1466 5312 :
1510 5261 1692 5315 bibere
1723 5271 1899 5315 autem
1928 5259 2206 5316 Dominum

632 5353 912 5407 nobiscum
946 5352 996 5405 in
1023 5349 1224 5414 loturo,
1266 5367 1362 5420 pro
1421 5351 1750 5406 rcvelationc
1799 5357 2204 5422 mysteriorum.

630 5441 937 5498 1.:r-tilicaiis
984 5443 1128 5497 enim
1169 5459 1264 5495 nos
1295 5444 1650 5509 exhilaretur,
1687 5455 1741 5498 ct
1771 5459 2000 5513 pascens
2035 5446 2204 5514 pasci-

633 5548 721 5589 tur
764 5537 1095 5600 misericors,
1141 5546 1195 5590 et
1256 5545 1500 5590 nostrum
1550 5542 1728 5603 potum
1771 5551 1832 5589 ac
1866 5536 2202 5598 alimoniam,

632 5627 732 5681 hoc
801 5638 902 5690 est,
955 5628 1278 5692 doctrinam,
1337 5628 1616 5697 prOprium
1680 5625 1856 5680 cibum
1907 5627 2196 5680 existimat.

705 5811 776 5844 ¹⁶⁶
819 5812 937 5867 Act.
970 5827 1025 5878 ι,
1075 5811 1164 5864 ﬂ.
1245 5805 1350 5880 “,1
1383 5808 1508 5868 Cor.
1535 5826 1625 5879 ιν,
1668 5811 1753 5868 55-

1835 5815 1873 5843 "
1909 5813 2006 5869 Isa.
2033 5831 2181 5880 ani,
2211 5816 2256 5868 l.

2297 4620 2586 4690 πρέπειαν,
2653 4620 2842 4690 φησιν,
2899 4621 3215 4686 ἐνεδύσατο,
3277 4642 3295 4674 ι
3338 4625 3889 4696 άποφθαρτισθέντος

2298 4710 2392 4764 τοῦ
2453 4713 2736 4781 σώματος,
2797 4714 2892 4766 καὶ
2943 4715 3010 4784 τῇ
3086 4714 3301 4786 θεότητι
3360 4716 3752 4786 ὡραῖσθέντοςο
3811 4720 3888 4783 ὼς

2314 4803 2542 4868 Ἡσαΐας
2575 4805 2770 4875 φησίν·
2813 4826 2830 4857 ι
2867 4802 3037 4870 Οὗτος
3067 4807 3267 4878 ὡραῖος
3302 4813 3360 4863 ὲν
3409 4811 3593 4883 στολῇ,
3626 4812 3716 4881 βία
3752 4816 3891 4884 μετὰ

2305 4893 2508 4962 ἰσχύος.
2551 4911 2568 4944 ι
2604 4895 2714 4948 Καὶ
2743 4894 2900 4960 αὐτὸς
2927 4897 2982 4950 δὲ
3010 4898 3038 4950 ὁ
3070 4898 3274 4969 Κύριος
3303 4903 3441 4971 μετὰ
3476 4902 3538 4956 τὸ
3564 4905 3887 4974 ἀναστῆναι.

2307 4985 2504 5053 φησίν·
2549 5003 2566 5036 ι
2613 4985 2803 5057 Ἐδόθη
2841 5005 2930 5056 μοι
2959 4991 3109 5042 πᾶσα
3141 4975 3383 5055 ἐξουσία.
3427 5013 3446 5045 ι
3475 4995 3586 5065 Τῆς
3614 4995 3708 5050 οὖν
3757 4999 3890 5051 ἀνα-

2309 5075 2550 5138 στάσεως
2573 5076 2854 5147 ἐλθούσης,
2892 5079 2956 5149 ἢν
2985 5080 3264 5150 βασιλείαν
3290 5084 3381 5136 τοῦ
3409 5065 3546 5137 Θεοῦ
3579 5086 3886 5157 ὠνόμασεν,

2307 5165 2381 5228 ὡς
2438 5166 2526 5218 τὸν
2560 5167 2786 5220 θάνατον
2819 5171 3224 5240 καταλύσασαν,
3283 5175 3404 5230 ἔπιε
3453 5178 3617 5230 πάλιν
3654 5181 3752 5232 σὺν
3782 5185 3891 5243 τοῖς

2303 5259 2595 5330 μαθηταῖς,
2656 5265 3018 5333 πιστούμενος
3053 5267 3150 5335 τὴν
3181 5269 3502 5335 ἀνάστασιν,
3534 5271 3608 5332 ὡς
3641 5273 3701 5325 οὐ
3752 5277 3890 5326 κατὰ

2309 5352 2610 5421 φαντασίαν
2649 5354 2789 5409 ὲστί.
2825 5357 2983 5421 Τινὲς
3014 5359 3069 5411 δὲ
3110 5360 3388 5430 βασιλείαν
3443 5362 3540 5416 τοῦ
3580 5363 3738 5432 Θεοῦ,
3793 5369 3887 5440 τὴν

2313 5445 2610 5513 μέλλουσαν
2650 5451 2989 5504 κατάστασιν
3020 5454 3269 5519 ἐδέξαντο
3291 5473 3302 5484 ·
3355 5456 3532 5509 πίνειν
3581 5457 3638 5511 δὲ
3668 5460 3757 5512 τὸν
3789 5461 3886 5513 K5-

2313 5551 2423 5604 ριον
2453 5539 2510 5590 ὲν
2538 5539 2614 5607 τῷ
2649 5541 2895 5608 μέλλοντι
2921 5543 3038 5614 μεθ’
3075 5546 3252 5621 ἡμῶν,
3277 5548 3375 5616 τὴν
3407 5549 3754 5623 ἀποκάλυψιν
3788 5553 3889 5605 τῶν

2314 5630 2627 5700 μυστηρίων
2685 5635 2873 5688 αὑτοῦ.
2935 5636 3257 5707 Εὑφραίνων
3284 5641 3393 5712 γὰρ
3422 5643 3569 5713 ἡμᾶς
3599 5645 3887 5716 εὐφραίνεσ-

2341 5819 2380 5848 ¹⁸
2407 5818 2590 5875 Matth.
2628 5839 2812 5892 xxt’ttt,
2850 5822 2933 5898 18.
