4100 6334
187 409 329 481 1069

931 405 1383 469 ENARRATIO
1422 406 1504 467 IN
1541 405 2051 469 EVANGELIUM
2093 407 2332 471 LUCdi.
2371 435 2430 443 ·-
2464 411 2623 470 (ΞΜ).
2673 408 2873 472 XXII.

3396 409 3538 479 1070

181 545 299 592 ται,
342 526 436 581 καί
463 526 679 598 τρέφων
743 523 1014 594 τρέφεται
1044 523 1073 576 6
1119 521 1531 594 φιλάνθρωπος,
1560 527 1656 580 καὶ
1704 529 1791 598 τὴι

1911 525 2070 580 Βίὺυι
2115 527 2285 596 igitur
2349 536 2478 580 tunc.
2517 541 2714 582 novam
2750 527 3044 597 quamdam
3094 528 3371 598 potionem
3407 547 3532 588 cum

183 620 476 692 ἡμετέραν
518 619 679 672 πόσιν
732 617 828 671 καὶ
862 617 1096 690 τροφὴν,
1129 617 1250 688 ἦτοι
1290 618 1555 690 μάθησιν,
1593 622 1805 676 οἰκείαν

181 717 402 786 τροφὴν
438 711 737 780 λογίζεται.
766 711 962 765 Πίεται
984 708 1081 765 οῦν
1113 711 1425 782 τηνικαῦτα
1452 716 1651 787 καινήν
1681 734 1804 770 τινα

179 811 347 863 πόσιν
369 807 510 878 μετά
531 808 641 860 τῶν
663 805 855 872 ἀξίων,
877 806 1290 861 ἀποκαλύπτων
1318 808 1509 874 αὐτοῖς
1533 811 1621 862 ἀεὶ
1642 811 1806 866 καινά

177 920 306 957 τινα
355 902 451 955 καὶ
502 901 777 973 ἀσυνήθη.
845 901 953 955 Δύο
981 901 1039 955 δὲ
1085 902 1236 956 δοκεῖ
1264 905 1552 975 ποτηρίων
1589 921 1818 976 μνημο-,

179 997 364 1050 νεύειν
411 998 438 1049 6
477 996 696 1058 Λουκᾶς
719 1013 732 1027 ·
779 995 876 1049 καὶ
927 994 986 1048 ἒν
1017 994 1141 1065 μὲν,
1177 996 1336 1066 φησὶ,
1394 1013 1413 1048 ι
1441 997 1678 1060 Λάϐετε,
1708 999 1806 1051 καὶ

175 1091 547 1161 διαμερίσατε
571 1091 810 1156 ἑαυτοῖς,
837 1110 856 1143 ι
879 1089 908 1144 6
931 1090 1034 1160 τῆς
1056 1091 1309 1154 Παλαιᾶς
1331 1090 1612 1162 Διαθὴκης
1632 1092 1802 1146 τύπον

180 1185 331 1239 εἴποι
386 1185 452 1238 ἄν
507 1203 594 1249 τις
627 1179 802 1238 εἶναι’
847 1183 1040 1254 ἕτερον
1090 1184 1171 1246 δὲ.
1225 1186 1368 1255 μετὰ
1395 1184 1457 1239 τὸ
1487 1186 1688 1240 κλᾶσαι
1711 1188 1802 1241 τὸν

179 1276 351 1347 ἄρτον
396 1278 494 1331 καὶ
528 1277 941 1348 διανείμασθαι,
1009 1277 1174 1341 αὐτὸς
1241 1277 1492 1348 διανέμει
1549 1281 1665 1344 τοῖς
1697 1298 1804 1352 μα·

179 1369 400 1440 θηταῖς,
453 1369 482 1423 δ
532 1370 752 1440 καὶτῆς
787 1370 1003 1440 Καινῆς
1052 1369 1333 1442 Διαθήκης
1391 1371 1801 1443 όνομάξει,καὶ

181 1461 240 1515 ἀν
257 1463 339 1533 τῷ
377 1462 546 1518 αὑτοῦ
576 1462 770 1533 αἵματί
812 1481 950 1534 φησι
971 1463 1137 1518 τοῦτο
1175 1465 1622 1532 ὲγκαινίζεσθαι.
1674 1466 1800 1520 Ἐπὶ⁵

179 1554 284 1626 μὲν
314 1545 425 1626 γὰρ
455 1557 554 1627 τῆς
587 1556 834 1620 Παλαιᾶς
865 1551 1009 1628 αἷμα
1044 1553 1203 1622 ζώων
1247 1557 1462 1627 ἀλόγων
1510 1555 1600 1632 ἦν,
1630 1561 1720 1614 ὅτε
1772 1562 1800 1613 6

172 1650 348 1720 νόμος
383 1650 541 1720 ἐδόθη
564 1665 577 1680 ⁶
605 1651 702 1705 νῦν
733 1652 795 1706 δι
826 1651 923 1706 τοῦ
945 1652 1086 1706 Θεοῦ
1113 1653 1292 1722 Λόγου
1324 1652 1619 1724 ἀνθρώπου
1653 1672 1800 1724 γενο-

179 1746 376 1815 μένου,
411 1747 474 1799 τὸ
503 1742 645 1817 αἷμα
673 1748 774 1820 τὴν
806 1749 1022 1820 Καινὴν
1059 1749 1344 1820 Διαθήκην
1372 1751 1506 1822 ἡμῖν
1528 1752 1797 1824 επισφρα-

171 1837 343 1905 γίξει.
383 1837 569 1892 Εἰπὼν
592 1840 670 1904 δὲ,
720 1860 739 1892 ι
778 1842 853 1894 T6
879 1842 1022 1916 ὑπὲρ
1061 1845 1218 1916 ὑμῶν
1259 1847 1540 1918 διδόμενον
1569 1847 1666 1901 καὶ
1697 1847 1793 1900 ἑκ-

173 1931 503 2001 χυνόμενον,
547 1953 564 1984 ι
623 1934 722 2004 οὐχ
748 1933 890 2006 ὑπὲρ
936 1938 1049 1990 τῶν
1077 1939 1400 1994 ἀποστόλων
1439 1940 1603 2011 μόνον
1652 1939 1792 1993 δεδό·

175 2021 307 2075 σθαι
342 2023 496 2087 δηλοῖ
529 2025 589 2078 τὸ
611 2025 775 2096 σῶμα
807 2026 999 2091 αὑτοῦ,
1028 2030 1126 2083 καὶ
1153 2032 1214 2084 τὸ
1240 2025 1382 2103 αἷμα
1429 2031 1788 2102 ὲκκεχῦσθαι,

172 2113 294 2166 ἀλλ’
331 2115 475 2186 ὑπὲρ
510 2115 609 2186 τῆς
646 2119 1004 2193 ἀνθρωπίνης
1036 2122 1282 2190 φύσεως.
1321 2124 1495 2177 Ὅταν
1516 2120 1612 2179 οῦν
1634 2123 1788 2196 εἴπῃ,

179 2225 200 2258 ι
247 2205 424 2278 ’Υπὲρ
460 2209 616 2279 ὑμῶν
650 2211 965 2283 διδόμενον,
1035 2233 1053 2266 ι
1113 2216 1238 2269 ἀντὶ
1281 2215 1402 2282 τοῦ,
1469 2215 1644 2290 ’Υπὲρ
1691 2219 1794 2288 τῆς

173 2299 458 2370 ὑμετέρας
486 2301 710 2370 φύσεως
729 2303 842 2358 τῶν
865 2304 1199 2378 ἀνθρώπων,
1257 2307 1392 2362 νόει.
1442 2307 1518 2364 Τὸ
1569 2310 1668 2381 μὲν
1698 2304 1793 2363 οὖν

176 2392 409 2447 παλαιὸν
433 2400 622 2466 πάσχα
651 2397 746 2450 ἐπὶ
775 2401 840 2470 τῇ
869 2400 1168 2472 ἀπαλλαγῇ
1202 2401 1306 2474 τῆς
1335 2401 1586 2466 δουλείας
1609 2405 1710 2474 τῆς
1733 2403 1792 2456 ὲν

175 2488 445 2560 Αἰγύπτῳ
482 2491 742 2558 ἐτελεῖτο,
777 2493 871 2546 καὶ
898 2493 959 2546 τὸ
990 2490 1131 2565 αἷμα
1167 2493 1263 2548 τοῦ
1299 2494 1583 2567 προϐάτου
1607 2497 1704 2550 ἐπὶ
1725 2498 1789 2568 τῇ

176 2585 512 2655 συντηρήσει
558 2585 668 2639 τῶν
704 2587 1073 2658 πρωτοτόκων
1101 2606 1114 2618 ·
1153 2589 1214 2642 τὸ
1244 2590 1300 2643 δὲ
1353 2591 1544 2645 καινὸν
1599 2591 1793 2662 Πάσχα

174 2671 267 2726 επὶ
303 2674 502 2743 ἀφέσει
529 2675 840 2746 ἁμαρτιῶν,
877 2680 972 2731 καὶ
1001 2680 1096 2732 ἐπὶ
1125 2682 1460 2754 συντηρήσει
1485 2681 1595 2735 τῶν
1623 2684 1791 2754 ἡγια-

176 2767 394 2834 σμένων
425 2768 520 2821 καὶ
541 2769 946 2841 ἀφωρισμένων
977 2771 1259 2844 λογισμῶν
1289 2774 1367 2846 τῷ
1390 2774 1532 2846 Θεῷ.
1568 2777 1793 2846 Πρῶτον

174 2855 230 2911 δὲ
259 2859 290 2911 6
319 2859 508 2930 ἄρτος,
537 2856 657 2916 εἶτα
695 2863 757 2917 τδ
789 2867 1074 2936 ποτήριον.
1109 2867 1362 2939 Προτέρα
1388 2869 1500 2938 γὰρ
1533 2870 1566 2940 ἡ
1593 2869 1792 2922 ἐπίπο-

177 2967 268 3014 νος
301 2953 503 3024 πρᾶξις
553 2957 647 3009 καὶ
685 2956 1164 3029 δυσκατέργαστος
1185 2975 1199 2992 ⁸
1252 2961 1480 3032 ἱδρῶτες
1511 2963 1623 3034 γάρ
1657 2980 1792 3034 προ-

177 3045 445 3115 ηγοῦνται
469 3048 568 3117 τῆς
599 3050 802 3122 ἀρετῆς
829 3068 843 3082 ·
876 3052 1065 3126 ὥσπερ
1104 3053 1199 3108 οῦν
1231 3054 1326 3108 καὶ
1356 3056 1384 3109 6
1411 3053 1580 3126 ἄρτος
1603 3055 1665 3109 οὗ
1693 3055 1793 3127 μό-

175 3155 270 3192 νον
290 3140 351 3191 ὲν
384 3140 568 3211 ίδρῶτι
599 3143 695 3197 τοῦ
725 3145 1023 3214 προσώπου
1050 3132 1407 3219 γεωργεῖται,
1441 3147 1581 3203 ἀλλὰ
1611 3148 1706 3203 καὶ
1736 3149 1794 3202 ἐν

1914 620 2113 690 dignis.
2169 621 2424 676 revelatis
2458 621 2538 675 eis
2568 636 2789 692 semper
2836 636 2975 677 nova
3025 625 3275 694 quaedam
3329 637 3386 682 et
3443 627 3533 684 in-

1911 715 2093 770 solita.
2147 715 2391 776 Duorum
2454 724 2636 772 autem
2694 716 2871 772 Lucas
2932 719 3152 773 videtur
3200 721 3528 776 meminisse

1910 809 2255 878 poculorum.
2293 807 2356 864 Et
2382 795 2384 802 ’
2409 811 2477 865 de
2514 826 2624 864 uno
2655 811 2874 880 quidem
2909 813 3041 867 dicit
3073 829 3086 865 :
3124 833 3143 865 ι
3184 814 3434 884 Accipite
3473 825 3531 872 et

1913 904 2143 960 dividite
2173 906 2321 960 inter
2361 920 2500 973 vos;
2533 924 2553 958 ι
2594 907 2742 976 quod
2776 903 2993 962 Veteris
3019 906 3360 965 Testamenti
3393 908 3532 982 (igu-

1911 1014 2027 1052 ram
2079 999 2206 1068 quis
2275 1015 2400 1056 esse
2456 999 2698 1067 dixerit;
2745 1011 2798 1056 et
2843 1003 2912 1057 de
2964 1002 3142 1059 altero
3185 1006 3329 1074 quod
3373 1006 3530 1072 illud,

1909 1100 2200 1160 postquam
2247 1089 2411 1162 fregit
2451 1106 2644 1162 panem
2681 1105 2735 1147 et
2759 1093 3064 1163 distribuit,
3098 1096 3216 1166 ipse
3248 1098 3531 1153 distribuit

1908 1183 2217 1252 discipulis,
2249 1186 2393 1255 quod
2419 1195 2475 1240 et
2501 1183 2637 1239 Novi
2673 1184 3011 1242 Testamenti
3044 1190 3314 1254 nominat,
3346 1203 3401 1247 et
3427 1207 3530 1246 sun

1906 1279 2171 1347 sanguine
2223 1278 2356 1332 dicit
2390 1278 2492 1333 hoc
2521 1278 2789 1333 innovari.
2815 1279 2872 1333 ln
2903 1276 3088 1334 Veteri
3121 1282 3268 1335 enim
3297 1283 3527 1350 Sanguis

1906 1382 2028 1426 erat
2097 1369 2384 1426 brutorum
2417 1372 2758 1440 animalium,
2793 1388 2917 1428 cum
2967 1373 3052 1428 lex
3087 1375 3300 1444 vigeret
3332 1393 3348 1430 :
3379 1391 3528 1435 nunc

1905 1476 2086 1520 autem
2139 1481 2262 1522 cum
2292 1467 2530 1522 Verbum
2570 1467 2662 1524 Dei
2697 1468 2860 1523 homo
2903 1467 3107 1524 iactum
3152 1484 3258 1538 εει,
3302 1473 3526 1545 sanguis

1906 1557 2113 1613 Novum
2142 1558 2556 1615 Testamentum
2581 1560 2741 1616 nobis
2774 1562 3109 1633 obsignavit.
3145 1563 3389 1621 Dicendo
3420 1581 3520 1620 au-

1906 1661 2037 1717 tem,
2075 1669 2094 1703 (
2132 1649 2286 1718 Quod
2321 1666 2422 1722 pro
2460 1651 2614 1708 vobis
2668 1653 2832 1707 datur
2879 1663 2935 1708 et
2988 1651 3306 1720 eﬂ'unditur,
3362 1675 3383 1709 ι
3415 1649 3570 1711 ιιοιιί

1904 1756 2002 1810 pro
2035 1740 2166 1797 solis
2198 1743 2464 1812 apostolis
2509 1743 2688 1814 signat
2731 1759 2931 1814 corpus
2972 1745 3092 1814 ejus
3137 1762 3260 1802 esse
3308 1748 3518 1813 datum,

1901 1845 1956 1888 et
2018 1833 2340 1904 sanguinem
2371 1835 2493 1906 ejus
2524 1852 2647 1892 esse
2699 1837 2956 1903 emtsmn,
3003 1844 3098 1896 sed
3131 1855 3234 1911 pro
3280 1842 3522 1896 humano

1829 1902 1870 1956 Β
1897 1943 2114 1998 genere.
2133 1902 2369 1996 Quando
2391 1902 2556 2000 igi'ur
2578 1933 2733 1996 dicit,
2758 1950 2776 1983 ι
2805 1933 2959 1999 Quod
2983 1950 3080 2005 pro
3096 1902 3251 1990 vobis
3275 1936 3458 2004 datur,
3495 1957 3514 1986 ι

1899 2018 2165 2091 intellig»,
2201 2020 2310 2077 Pro
2345 2035 2531 2078 vestro
2582 2024 2866 2079 hominum
2915 2042 3135 2097 genere.
3176 2025 3342 2084 Vetus
3368 2031 3517 2084 enim

1899 2118 2097 2185 pascha
2156 2117 2538 2186 perﬁciebatur
2579 2119 2650 2172 ob
2693 2118 3073 2176 liberationem
3129 2123 3412 2179 servitutis
3447 2137 3515 2178 ex

1897 2208 2153 2282 Egypto,
2194 2221 2249 2265 et
2307 2211 2531 2280 sanguis
2587 2215 2712 2280 agni
2769 2225 2994 2284 propter
3051 2227 3266 2270 servata
3302 2220 3513 2288 primo-

1896 2305 2077 2371 genita
2108 2320 2122 2357 :
2161 2301 2370 2356 Novum
2403 2311 2580 2358 autem
2615 2306 2816 2373 pascha
2863 2318 3087 2376 propter
3129 2309 3513 2365 remissionem

1898 2405 2270 2464 peccatorum,
2321 2405 2375 2450 et
2416 2399 2890 2452 cottservationcm
2941 2401 3341 2470 cogitationum.
3381 2419 3514 2458 san-

1898 2479 2283 2554 étiiicatarum,
2319 2498 2375 2544 et
2403 2499 2860 2545 consecratarum
2891 2489 3026 2548 Deo.
3052 2491 3298 2548 Primum
3327 2505 3512 2551 autem

1895 2578 2063 2652 469
2091 2581 2267 2649 panis,
2296 2589 2350 2634 et
2379 2580 2576 2636 deinde
2611 2582 2888 2651 poculum.
2929 2583 3176 2639 Primum
3237 2587 3384 2643 enim
3425 2587 3510 2641 la-

1900 2675 2172 2729 boriosior
2218 2673 2365 2730 actio
2398 2685 2453 2732 et
2485 2671 2791 2745 diliicilior';
2842 2680 3075 2736 sudores
3109 2681 3259 2736 enim
3299 2697 3512 2752 praece-

1897 2766 2032 2821 dimt
2084 2768 2386 2824 virtutem:
2449 2771 2911 2840 quemadmodum
2981 2775 3178 2846 panis,
3238 2791 3346 2831 non
3424 2790 3514 2830 so-

1899 2860 2008 2913 lum
2059 2861 2112 2914 in
2154 2863 2360 2917 sudore
2387 2861 2547 2918 faciei
2597 2864 2891 2929 excolitur,
2936 2869 3031 2921 sed
3074 2873 3129 2920 et
3165 2869 3512 2924 comedenda

1896 2955 2182 3024 operosior
2227 2964 2345 3022 est;
2392 2955 2591 3012 deinde
2635 2965 2758 3024 post
2808 2956 3024 3014 labores
3092 2958 3280 3015 latitia
3307 2963 3512 3017 divino.

1898 3047 2109 3116 grati-.e,
2140 3063 2263 3118 qua;
2309 3049 2560 3120 signatur
2607 3065 2703 3118 per
2732 3049 3011 3122 poculum.
3041 3049 3340 3123 Postquam
3365 3053 3514 3108 enim

1899 3141 2022 3211 quis
2071 3142 2125 3196 in
2154 3143 2448 3200 virtutibus
2477 3144 2566 3198 diu
2595 3146 2945 3214 graviterque
2999 3146 3353 3212 lahnrav‘crlt,
3392 3153 3514 3201 tan-

175 3231 256 3303 τῷ
282 3234 576 3288 έσθιεσθαι
621 3235 1232 3312 δυσκατεργαστότερός
1284 3243 1458 3306 ἐστιν,
1511 3238 1614 3296 εἷθ’
1647 3240 1791 3296 οὕτω

1898 3239 2022 3292 dem
2076 3238 2274 3308 dignus
2333 3245 2418 3294 est
2450 3239 2630 3300 donis.
2681 3249 2737 3294 et
2799 3239 3111 3296 inebriatur
3152 3237 3371 3297 laudata
3417 3239 3508 3297 illa

179 3327 321 3394 μετά
355 3329 482 3392 τοὺς
519 3331 716 3396 πόνους
747 3334 781 3404 ὴ
818 3335 1135 3406 εὐφροσύνη
1184 3336 1286 3407 τῆς
1319 3336 1415 3390 τοῦ
1460 3335 1598 3390 θεοῦ
1628 3335 1786 3408 χάρι-

173 3432 288 3480 τος,
341 3418 480 3492 ὅπερ
521 3423 638 3476 ἐστὶ
667 3423 728 3476 τὸ
781 3427 1065 3506 ποτήριον.
1101 3426 1238 3480 Μεθ’
1262 3428 1290 3480 6
1317 3471 1320 3475 .
1353 3429 1464 3499 γάρ
1514 3445 1597 3492 τις
1628 3429 1686 3480 tv
1715 3430 1788 3498 τῇ

173 3508 350 3581 ἀρετῇ
383 3515 451 3584 τῇ
503 3513 971 3590 δυσκατεργάστῳ
1025 3520 1291 3595 κοπιάσῃ,
1321 3521 1442 3575 τότε
1475 3521 1584 3575 τῶν
1631 3539 1788 3593 χαρι-

1894 3333 2162 3388 ebrietate
2195 3345 2300 3401 qua
2337 3332 2553 3385 excedit
2594 3347 2662 3386 ex
2715 3333 2817 3388 hoc
2847 3337 3073 3400 mundo,
3105 3337 3247 3390 sicut
3305 3331 3508 3389 Paulus

1897 3434 1950 3478 ct
1983 3422 2175 3487 David,
2209 3433 2264 3476 et
2300 3433 2358 3476 ut
2390 3423 2683 3478 audentius
2725 3427 2988 3495 quiddam
3038 3431 3239 3496 dicam,
3285 3431 3426 3485 sicut
3453 3441 3508 3482 ct

1900 3517 2042 3571 Deus
2072 3515 2212 3586 apud
2252 3515 2529 3571 llabacuc.

145 3683 148 3686 γ
178 3606 404 3676 σμάτων
427 3609 574 3677 ἄξιος
606 3612 839 3680 γίνεται,
863 3616 960 3669 καὶ
991 3619 1193 3689 πάσχει
1241 3619 1342 3690 τὴν
1373 3619 1547 3691 καλὴν
1586 3621 1780 3691 μέθην,
1824 3615 2182 3685 ἐξιστάμενος
2252 3612 2346 3667 τοῦ
2380 3613 2590 3684 κόσμου
2660 3631 2880 3680 τουτου,
2911 3615 2988 3681 ὡς
3009 3619 3038 3671 6
3064 3617 3300 3682 Παῦλος,
3358 3618 3451 3672 καὶ
3475 3618 3508 3673 6

173 3703 342 3757 Δαυῖδ
368 3719 382 3733 ³
410 3703 709 3776 τολμητέον
739 3706 795 3760 δὲ
823 3709 1022 3774 εἰπεῖν,
1052 3713 1147 3766 καὶ
1180 3712 1256 3776 ὡς
1286 3714 1315 3766 ὁ
1352 3711 1488 3778 Θεὸς
1520 3713 1676 3785 παρὰ
1708 3711 1787 3782 τῷ
1836 3707 2178 3776 Ἀδδακούμ·

254 3816 272 3848 ι
305 3797 457 3867 Πλὴν
485 3799 593 3852 ἰδοὺ
626 3801 803 3871 ὴχεὶρ
833 3802 930 3854 τοῦ
963 3805 1356 3874 παραδιδόντος
1381 3825 1471 3878 με,
1500 3807 1619 3879 μετ’
1645 3807 1782 3879 ἐμοῦ

177 3888 272 3942 ἐπὶ
307 3890 408 3958 τῆς
455 3892 761 3962 τραπέζης.
823 3895 935 3948 Καὶ
975 3897 1003 3948 6
1037 3898 1138 3967 μὲν
1186 3898 1317 3962 Υἱὸς
1348 3898 1445 3953 τοῦ
1486 3884 1782 3971 ἀνθρώπου

177 3983 480 4054 πορεύεται
513 3989 656 4040 κατά
706 3986 768 4041 τὸ
821 3988 1135 4060 ὡρισμένον
1161 4007 1175 4020 ο
1238 3992 1380 4065 πλὴν
1413 3994 1537 4048 οὐαὶ
1582 3993 1662 4065 τῷ
1689 3995 1785 4048 άν-

176 4075 206 4130 θ
216 4077 386 4148 ρώπῳ
414 4078 627 4151 ἐκείνῳ,
657 4081 725 4135 δι’
743 4073 804 4134 οῦ
831 4083 1212 4154 παραδίδοται.
1233 4087 1346 4140 Καὶ
1368 4086 1525 4140 αὐτοὶ
1545 4084 1785 4158 ἤρξαντο

176 4171 436 4242 συζητεῖν
485 4173 621 4245 πρὸς
672 4175 922 4242 ἑαυτοὺς,
961 4176 1021 4230 τὺ
1052 4177 1137 4240 τίς
1185 4176 1295 4248 ἄρα
1336 4177 1424 4248 εἴη
1457 4176 1516 4245 ἐξ
1537 4178 1720 4232 αὐτῶν
1757 4179 1787 4232 6

181 4264 401 4334 μέλλων
450 4265 608 4319 τοῦτο
630 4266 918 4337 πράσσειν.
980 4268 1231 4337 Ἐγένετο
1274 4268 1331 4323 δὲ
1358 4270 1454 4324 καὶ
1493 4269 1794 4339 φιλονεικία

175 4360 235 4412 ἐν
265 4359 474 4420 αὐτοῖς,
533 4360 596 4411 τὸ
647 4360 729 4424 τίς
769 4360 949 4415 αὐτῶν
1004 4362 1154 4415 δοκεῖ
1206 4358 1350 4416 εἶναι
1378 4363 1603 4433 μείζων.
1645 4363 1704 4417 Ὀ
1734 4363 1792 4417 δὲ

176 4447 333 4504 εἶπεν
369 4451 589 4516 αὐτοῖς·
644 4453 708 4506 Οἱ
765 4453 1008 4524 βασιλεῖς
1045 4456 1156 4509 τῶν
1215 4456 1390 4510 ὲθνῶν
1436 4457 1790 4529 κυριεύουσιν

176 4541 383 4604 αὐτῶν,
447 4543 541 4596 καὶ
595 4543 644 4596 οἰ
675 4544 1088 4610 ἐξουσιάζοντες
1133 4547 1336 4612 αὐτῶν,
1372 4549 1662 4620 εὐεργέται
1690 4567 1790 4603 κα-

1965 3804 2127 3859 Vens.
2155 3801 2350 3856 2l-27.
2375 3819 2394 3853 ι
2425 3801 2832 3858 Verumtamem
2862 3817 2992 3858 ecce
3016 3819 3211 3860 manus
3243 3805 3508 3863 tradentis

1891 3912 1998 3960 me,
2021 3911 2234 3951 mecum
2259 3906 2345 3951 est
2378 3898 2429 3950 in
2463 3912 2676 3952 mensa.
2711 3896 2777 3950 Et
2803 3895 2975 3954 Filius
3003 3899 3223 3968 quidem
3263 3901 3506 3956 hominis

1889 3990 2190 4042 secundum
2240 3989 2384 4057 quod
2411 3989 2696 4043 deﬁnitum
2731 3997 2838 4052 est,
2874 3989 3024 4042 vadit
3056 4005 3071 4042 :
3099 4001 3504 4044 verumtamcm

1891 4096 1971 4135 vae
2004 4082 2210 4137 homini
2245 4080 2324 4135 illi
2375 4095 2470 4151 per
2506 4097 2665 4151 quem
2690 4082 2961 4151 proditur.
2986 4081 3052 4136 Et
3079 4083 3180 4153 ipsi
3214 4097 3507 4154 C(Bpt‘l'lllll.

1891 4191 2140 4247 quaerere
2176 4177 2318 4230 inter
2367 4190 2513 4239 sese,
2549 4175 2803 4245 quisnam
2836 4185 2983 4231 esset
3012 4193 3080 4232 ex
3111 4177 3244 4248 ipsis
3277 4179 3370 4248 qui
3406 4180 3508 4231 hoc

1893 4271 2138 4325 facturus
2185 4281 2355 4324 esset.
2408 4267 2571 4324 Facta
2609 4282 2692 4324 est
2742 4278 2924 4323 autem
2949 4281 3005 4324 et
3053 4272 3336 4324 contentio
3363 4272 3508 4326 inter

1891 4379 1987 4419 eos
2029 4366 2153 4434 quis
2193 4379 2382 4420 eorum
2426 4365 2710 4418 videretur
2759 4379 2880 4419 esse
2916 4365 3110 4432 major.
3145 4365 3293 4420 Dixit
3323 4376 3506 4420 autem

1890 4461 1970 4514 eis
2001 4477 2013 4512 :
2050 4457 2227 4530 Reges
2259 4460 2502 4530 gentium
2527 4460 2882 4514 dominantur
2902 4461 3004 4524 eis,
3032 4471 3086 4515 et
3111 4461 3208 4532 qui
3258 4470 3501 4529 potestn.

1893 4562 2000 4606 tem
2051 4552 2254 4606 habent
2294 4567 2461 4622 super
2501 4568 2620 4618 cas,
2655 4553 2885 4608 henellci
2911 4547 3214 4609 'vocantur.
3255 4554 3361 4609 νος
3410 4572 3510 4607 an-

174 4632 418 4688 λοῦνται.
469 4633 658 4705 Ὑμεῖς
709 4635 768 4688 δὲ
833 4635 931 4705 οὐχ
989 4635 1192 4700 οὕτως’
1249 4637 1366 4692 ἀλλ’
1398 4641 1426 4691 ό
1487 4638 1692 4708 μείζων
1723 4640 1781 4690 ὲν

1896 4653 2000 4697 tem
2034 4658 2140 4697 non
2175 4644 2255 4697 sic
2297 4661 2311 4698 :
2339 4645 2432 4698 sed
2462 4647 2552 4712 qui
2593 4643 2767 4710 major
2813 4656 2900 4699 est
2949 4644 3002 4698 iu
3032 4645 3211 4719 vobis,
3238 4646 3332 4697 Iiat
3364 4645 3508 4699 sicut

175 4724 331 4794 ὑμῖν,
361 4724 605 4793 γενέσθω
640 4726 714 4789 ὡς
737 4727 765 4778 6
799 4725 1089 4797 νεώτερος,
1121 4731 1215 4781 καὶ
1258 4731 1286 4782 6
1314 4729 1620 4800 ἡγούμενος
1649 4731 1726 4794 ὡς
1755 4734 1783 4784 6

1896 4737 2114 4802 iunior:
2148 4749 2202 4791 et
2253 4739 2342 4807 qui
2378 4740 2634 4810 princeps
2689 4749 2794 4808 est,
2857 4741 3001 4794 sicut
3063 4741 3156 4809 qui
3206 4740 3503 4795 ministrat.

173 4815 462 4870 διακονῶν.
507 4815 604 4881 Τίς
638 4818 747 4890 γὰρ
785 4819 1026 4890 μείζων;
1074 4823 1101 4872 6
1139 4822 1524 4893 ἀνακείμενος,
1557 4823 1642 4893 ἢὸ
1665 4824 1784 4877 διαι-

171 4910 390 4978 κονῶν;
433 4912 605 4982 οὖχὶό
638 4913 1041 4984 ἀνακείμενος;
1084 4912 1228 4983 Ἐγὼ
1272 4914 1330 4966 δέ
1363 4915 1479 4986 είμι
1515 4917 1574 4968 έν
1632 4917 1784 4986 μέπῳ

173 5003 331 5072 ὑμῶν
360 5002 434 5067 ὡς
462 5002 796 5059 ὁδιακονῶν.
833 5024 851 5056 ι
916 5005 1083 5058 Οὐδὲν
1130 5008 1551 5076 πεπωρωμένης
1604 5007 1784 5077 ιξςυχῆς

94 5144 100 5148 .
173 5093 530 5167 ἀθλιώτερον.
601 5096 731 5151 Ἰδοὺ
786 5097 920 5166 γοῦν
950 5099 978 5151 6
1008 5096 1216 5170 Κῷριος
1247 5099 1351 5169 ὅρα
1403 5098 1454 5150 τί
1481 5115 1669 5169 φησιν,
1702 5102 1783 5151 ὅτι

181 5207 198 5240 ι
233 5187 322 5245 ,Ἠ
354 5187 478 5257 χεὶρ
539 5186 632 5240 τοῦ
687 5188 1081 5259 παραδιδόντος
1136 5206 1226 5260 με,
1257 5192 1350 5242 ἐπὶ
1380 5189 1480 5260 τῆς
1503 5191 1782 5262 τραπέζης

177 5281 299 5352 μετ’
335 5278 512 5351 ἐμοῦ·
549 5297 567 5332 ι
608 5279 703 5334 καὶ
733 5283 762 5336 6
789 5282 1051 5346 ἀσύνετος
1078 5285 1178 5337 οὐκ
1209 5283 1494 5355 ᾐσθάνετο.
1537 5285 1647 5338 Καὶ
1673 5286 1782 5354 γὰρ

173 5382 236 5434 οὗ
278 5380 461 5449 μόνον,
497 5379 584 5432 ἵνα
611 5377 760 5448 δείξῃ
793 5380 875 5431 ὅτι
908 5379 1010 5432 οὐκ
1036 5382 1222 5446 ἀγνοεί
1246 5380 1308 5431 τὸ
1338 5379 1778 5450 συμϐησόμενον,

172 5473 355 5527 ταῦτα
408 5472 559 5540 λέγει
617 5475 643 5526 ξε
683 5473 911 5547 Κύριος,
938 5472 1074 5524 ἀλλὰ
1103 5475 1197 5524 καὶ
1229 5471 1314 5523 ἵνα
1346 5471 1496 5544 δείξῃ
1521 5475 1655 5542 ἡμῖν
1687 5477 1782 5525 καὶ

175 5565 277 5635 τὴν
299 5567 508 5619 οἰκείαν
543 5567 604 5633 ἀγ
619 5565 882 5637 αθότῇτα,
914 5567 1011 5618 καὶ
1044 5567 1145 5636 τὴν
1184 5565 1278 5618 τοῦ
1307 5566 1568 5636 προδότου
1612 5584 1782 5637 πονη-

177 5659 324 5729 ρίαν,
378 5659 462 5711 ὅτι
520 5661 615 5712 καὶ
653 5661 934 5722 συνέστιίς
967 5661 1222 5713 γενέσθαι
1274 5659 1376 5712 ουκ
1422 5660 1778 5732 ἠρυθρίασεν.

178 5749 314 5804 Οὐδὲ
343 5749 506 5803 πάλιν
535 5752 695 5814 αὐτὸς
729 5753 909 5823 ἀφῆκε
940 5752 1007 5805 τνι
1037 5754 1216 5807 οἰκεῖα
1252 5754 1446 5818 ποιῶν,
1487 5755 1580 5806 καὶ
1610 5755 1781 5808 τύπον

181 5843 316 5912 ἡμῖν
347 5842 539 5908 τιθεζ,
585 5845 672 5898 ἵνα
704 5843 832 5917 ἄχρι
862 5845 1049 5910 τέλους
1087 5847 1486 5918 σπουδάζωμεν
1515 5850 1780 5918 κερδῆσαι

178 5938 306 6002 τοὺς
358 5939 672 6002 πταίοντας.
731 5959 747 5991 ι
791 5943 897 5994 Rat
946 5945 972 5996 ὁ
1013 5943 1110 6012 μὲν
1154 5943 1278 6008 Υἱὸς
1329 5943 1419 5996 τοῦ
1464 5945 1776 6015 ἀνθρώπου,

1889 4830 2027 4883 Nam
2060 4841 2183 4885 utcr
2209 4818 2379 4898 major
2400 4842 2506 4896 est,
2533 4835 2624 4902 qui
2655 4833 2949 4898 accumbit,
2982 4850 3050 4887 an
3076 4835 3168 4903 qui
3193 4834 3508 4888 ministrat?

1889 4944 2069 4983 nonne
2126 4929 2218 4999 qui
2267 4929 2689 4984 accumbit?At
2743 4945 2843 5000 ego
2905 4930 2958 4982 in
3014 4931 3198 4985 medio
3260 4939 3505 4990 vestrum

1887 5034 2005 5074 sum
2054 5029 2115 5074 ut
2146 5022 2238 5090 qui
2295 5023 2588 5074 ministrat.
2637 5040 2654 5072 ι
2699 5017 2845 5076 Nihil
2904 5024 3200 5078 excaecatis
3252 5025 3508 5080 miserius

1887 5122 1989 5165 est.
2024 5109 2164 5168 Vide
2219 5115 2361 5167 enim
2402 5115 2533 5185 quid
2564 5115 2828 5170 Dominus
2860 5115 3004 5170 dicat
3034 5134 3048 5170 :
3085 5137 3103 5169 ι
3137 5118 3278 5172 Ecce
3308 5133 3508 5171 manus

1887 5206 2152 5260 tradentis
2185 5221 2292 5271 me,
2329 5222 2540 5261 mecum
2599 5217 2684 5263 est
2745 5210 2799 5264 in
2835 5224 3022 5264 mensa
3057 5228 3071 5265 :
3111 5230 3131 5263 ι
3161 5222 3216 5264 et
3252 5213 3508 5280 stupidus

1889 5312 1992 5350 non
2045 5300 2239 5353 sensit.
2298 5298 2512 5354 Etenim
2568 5301 2829 5355 Dominus
2880 5304 2996 5358 hzec
3044 5305 3217 5367 dicit,
3273 5322 3377 5356 non
3412 5321 3503 5357 so-

1888 5392 1996 5444 lum
2033 5403 2091 5445 ut
2122 5399 2376 5448 ostendat
2409 5412 2467 5448 se
2505 5413 2610 5449 non
2651 5397 2903 5466 ignorare
2938 5399 3083 5466 quod
3135 5401 3368 5459 eveniet,
3410 5401 3506 5454 sed

1886 5500 1940 5541 et
1975 5497 2033 5541 ut
2062 5489 2221 5542 nobis
2249 5504 2402 5542 suam
2430 5491 2751 5554 honitatmu,
2790 5500 2846 5544 et
2895 5492 3194 5560 proditoris
3237 5491 3504 5544 malitiam

1885 5581 2160 5646 Ostendat,
2199 5582 2290 5648 qui
2337 5598 2440 5636 non
2477 5581 2760 5637 erubuerit
2801 5598 3003 5642 secum~
3029 5585 3331 5637 convivari.
3369 5585 3502 5636 Nam

1887 5669 2146 5726 Dominus
2186 5690 2292 5727 non
2327 5675 2510 5729 mnisit
2537 5690 2635 5730 sua
2673 5677 2876 5740 facere,
2913 5687 2970 5730 ut
3000 5677 3159 5731 nobis
3190 5678 3500 5745 exemplum

1886 5765 2035 5816 daret
2066 5775 2121 5817 ut
2146 5781 2319 5835 usque.
2341 5767 2390 5819 in
2416 5768 2576 5819 tinem
2611 5767 2797 5837 lapsos
2827 5769 3026 5822 lucrari
3057 5769 3400 5823 Studeamus.
3437 5769 3504 5822 lit

1892 5855 2100 5910 «Filius
2135 5858 2350 5927 quidem
2395 5860 2650 5920 lmminis,
2690 5861 2883 5930 inquit,
2920 5863 3113 5934 vadit,»
3153 5879 3302 5916 :nuu
3338 5868 3495 5930 quasi

1889 5968 1992 6006 non
2051 5953 2227 6007 valeat
2282 5972 2338 6008 si:
2393 5956 2690 6025 vindicare,
2729 5959 2820 6012 sed
2856 5958 2980 6027 quia
3025 5961 3153 6013 olim
3187 5960 3505 6014 decreverat
