4100 6334
670 368 800 430 1071

668 478 800 534 mori
844 477 894 531 in
943 474 1168 530 salutem
1241 469 1535 524 hominum.
1572 487 1590 518 ι
1625 463 2000 519 Verumtamen
2037 478 2113 514 ι’ςυ
2151 463 2235 514 lio-

2350 463 2502 532 φησι,
2543 460 2831 531 πορεύεται

664 572 791 627 utini
839 570 915 624 illi
968 584 1066 639 per
1124 580 1279 634 quem
1334 563 1579 616 traditur.
1615 577 1632 610 ι
1669 557 1795 610 Nam
1850 554 2240 625 prwdel’initunt

659 666 876 735 quidem
936 671 1019 718 est
1075 670 1128 714 ιιι
1185 657 1454 727 patiatur:
1487 655 1577 708 sed
1610 665 1660 706 ttt
1707 664 1871 719 quare
1903 648 2157 701 inventus
2187 660 2244 699 es

663 758 856 820 malus,
891 766 942 810 et
981 753 1050 806 ita
1099 749 1164 804 ad
1217 748 1570 818 proditionem
1629 743 1901 812 paratus?
1952 739 2240 809 Propterea

665 853 759 904 tibi
792 865 868 902 τίη
899 845 1256 915 adjudiratuin
1307 851 1407 907 est,
1458 841 1580 910 quia
1627 840 1876 891 inrcntus
1909 853 1969 891 es
2023 837 2244 890 studens”

663 942 985 1014 proditioni;
1045 937 1165 1005 quia
1208 938 1367 988 etiam
1431 945 1652 999 serpens
1712 929 2025 984 maledictus
2059 938 2140 982 est
2180 940 2244 981 eo

660 1035 796 1101 quod
841 1029 1062 1084 servivit
1103 1026 1298 1081 diaboli
1330 1022 1591 1077 consiliis.
1630 1018 1852 1073 Turbati
1881 1027 2010 1073 sunt
2053 1025 2232 1070 autem

661 1124 902 1194 discipuli
951 1120 1145 1174 auditis
1173 1119 1275 1183 his,
1307 1129 1359 1170 et
1398 1116 1496 1169 hoc
1525 1113 1685 1167 latius
1718 1111 1893 1167 disces
1919 1111 1969 1164 in
1996 1109 2242 1178 Evange-

660 1220 730 1272 lio
781 1215 1019 1270 Joannis.
1050 1210 1200 1264 Nune
1254 1217 1431 1262 autem
1485 1221 1590 1261 non
1624 1206 1687 1259 de
1729 1203 2034 1271 suspicione
2063 1199 2245 1270 prodi-

666 1311 829 1362 tionis
892 1315 1101 1360 tantum
1142 1303 1448 1366 turbantur,
1521 1300 1611 1354 sed
1664 1311 1727 1351 ex
1795 1294 2101 1348 turbatione
2157 1289 2242 1345 illa

663 1405 727 1456 ad
757 1401 1131 1455 contentiones
1164 1396 1408 1458 veniunt,
1452 1392 1836 1445 contendentes
1872 1388 1993 1457 quis
2017 1402 2082 1441 ex
2114 1385 2243 1453 ipsis

661 1503 802 1548 esset
830 1492 1117 1545 maximus.
1154 1487 1458 1539 inciderunt
1493 1492 1670 1536 autem
1703 1481 1754 1533 iu
1785 1482 1923 1533 hanc
1950 1479 2092 1531 litem
2118 1475 2242 1544 quia

658 1584 950 1640 verisimile
990 1589 1069 1634 est
1125 1577 1267 1648 quod
1310 1577 1446 1630 inter
1490 1589 1547 1628 se
1579 1573 1811 1627 dixerint
1847 1585 1984 1622 unus
2044 1568 2237 1619 alteri:

657 1679 734 1729 'l‘u
795 1675 1100 1745 proditurus
1147 1685 1226 1734 es,
1279 1677 1333 1721 et
1375 1667 1511 1719 alius
1545 1663 1697 1718 alteri
1737 1680 1748 1716 :
1785 1661 1883 1715 Tu.
1920 1661 1985 1715 Et
2019 1658 2143 1712 inde
2177 1672 2241 1711 eo

662 1776 1018 1840 pervenerunt
1081 1773 1136 1815 ut
1176 1762 1412 1814 dicerent
1446 1778 1456 1812 :
1493 1759 1602 1829 Ego
1627 1771 1745 1810 sum
1781 1755 1989 1815 melior,
2023 1763 2098 1817 et,
2133 1750 2245 1820 Ego

1586 357 2162 421 TIIEOPllYL.\CTl
2219 354 2630 417 BULGARH‘I
2674 355 2715 412 Α
2736 353 3038 414 RClIlEP.

2869 475 2880 487 ·
2913 479 2930 510 ι
2978 459 3074 528 οὐχ
3108 457 3182 520 ὡς
3221 456 3462 511 ἀσθενῶν
3491 455 3699 526 ἀμῦναι
3735 456 3937 528 ἑαυτῷ.

2347 553 2460 607 ἀλλ’
2494 554 2569 616 ὡς
2600 554 2787 623 ὁρίσας
2820 551 2998 622 ἑαυτῷ
3021 549 3111 604 τὸν
3147 550 3376 603 θάνατον
3417 552 3510 603 ἐπὶ
3546 549 3795 620 σωτηρίᾳ
3831 551 3936 604 τῶν

2345 646 2666 717 ἀνθρώπων.
2705 663 2721 695 ι
2768 644 2912 713 Πλὴν
2943 644 3065 697 οὐαὶ
3101 643 3178 714 τῷ
3208 642 3481 713 ἀνθρώπῳ
3525 642 3746 711 ἐκείνῳ,
3775 643 3845 695 δι’
3876 637 3935 696 οὗ

2348 736 2718 808 παραδίδοται.
2753 755 2770 786 ι
2803 736 3054 803 Ἥρισται
3091 735 3191 805 μὲν
3214 734 3320 803 γὰρ
3352 735 3567 797 παθεῖν,
3596 735 3735 787 ἀλλὰ
3759 735 3822 787 σὺ
3851 735 3934 786 διὰ

2345 831 2398 883 τί
2437 830 2665 900 εὑρέθης
2723 830 2913 893 κακὸς,
2971 828 3110 881 ὥστε
3163 827 3296 901 πρὸς
3367 827 3660 898 προδοσίαν
3720 828 3936 896 ἕτοιμος

2347 919 2525 990 εἷναις
2563 925 2659 975 Διὰ
2690 921 2850 974 τοῦτο
2880 917 2972 974 οὖν
3007 939 3088 974 σοι
3112 920 3173 973 τὸ
3194 920 3316 974 οὐαὶ
3342 919 3829 989 ἀποκεκλήρωται,
3857 922 3934 971 ὅτι

2348 1015 2579 1087 εὑρέθης
2614 1015 2921 1086 ἐπιτήδειοῖ
2964 1015 3042 1077 εἰς
3085 1013 3413 1084 προδοσίαν·
3459 1012 3582 1065 ἐπεὶ
3618 1014 3712 1064 καὶ
3743 1015 3771 1064 ὀ
3817 1012 3937 1079 ὄφις

2347 1109 2771 1178 ὲπικατάρατος,
2808 1107 2942 1160 διότι
2967 1106 3284 1177 ὑπούργήσε
3313 1109 3377 1176 τῇ
3402 1106 3495 1158 τοῦ
3517 1105 3770 1158 διαϐόλου
3805 1123 3939 1174 συμ-

2348 1200 2535 1270 ϐουλῇ.
2604 1199 3048 1270 Ἐθορυϐήθησαν
3098 1199 3154 1252 δὲ
3185 1199 3234 1251 oi
3285 1198 3525 1268 μαθηταὶ
3565 1199 3738 1250 ταῦτα
3772 1200 3936 1251 ἁκού-

2350 1311 2573 1358 σαντες·
2608 1294 2702 1347 καὶ
2759 1293 2914 1345 τοῦτο
2961 1293 3299 1363 πλατύτερον
3335 1291 3558 1361 μαθήσῃ
3611 1294 3668 1343 ὲν
3698 1289 3773 1359 τῷ
3801 1294 3940 1342 κατὰ

2362 1383 2631 1454 Ἰωάννην.
2667 1383 2779 1436 Νῦν
2805 1384 2859 1436 δὲ
2895 1385 2955 1435 οὐ
2993 1383 3123 1454 περὶ
3164 1384 3262 1451 τῆς
3304 1383 3558 1444 ὑπονοίας
3587 1383 3690 1451 τῆς
3745 1383 3940 1452 προδο-

2352 1474 2472 1537 σίας
2505 1473 2858 1544 θορυϐοῦνται
2889 1474 3074 1542 μόνον,
3111 1472 3228 1526 ἀλλ’
3260 1476 3323 1525 ὲκ
3361 1471 3552 1525 τούτου
3584 1471 3676 1523 τοῦ
3709 1473 3938 1540 ϐαρ·έὸου

2352 1569 2444 1622 καὶ
2479 1569 2556 1629 είς
2591 1564 2705 1639 ἔριν
2734 1568 3004 1637 ἔρχονται,
3039 1566 3471 1636 φιλονεικοῦντες
3527 1567 3608 1626 τίς
3636 1565 3818 1617 αὐτῶν
3854 1566 3937 1636 εἴη

2353 1660 2576 1731 μείζων.
2613 1661 2903 1731 Ἐνέπεσον
2931 1660 2984 1712 δὲ
3011 1663 3089 1722 είς
3107 1659 3310 1728 ταύτην
3341 1660 3437 1728 τήν
3465 1659 3582 1727 ἔριν
3607 1658 3937 1720 ἀκολούθως.

2363 1753 2516 1805 Ἐπεὶ
2555 1753 2685 1822 γὰρ
2719 1729 2856 1821 πρὸς
2895 1752 3160 1822 ἀλλήλους
3220 1751 3366 1813 εἰκὸς
3414 1745 3482 1819 ἦν
3513 1750 3714 1816 λέγειν,
3761 1750 3843 1801 ὅτι
3870 1749 3939 1802 Σί)

661 1879 777 1918 sum
806 1859 999 1930 major,
1038 1867 1087 1910 et
1117 1854 1334 1910 similia.
1370 1851 1508 1917 Quid
1552 1850 1712 1917 igitur
1747 1845 2044 1900 Dominus?
2085 1843 2241 1897 Coru-

2349 1847 2564 1917 μέλλεις
2613 1847 2953 1916 προδιδόναι·
3007 1846 3101 1898 καὶ
3134 1841 3200 1898 αὖ
3229 1845 3432 1905 ἐκεῖνος
3467 1842 3667 1913 τούτῳ,
3695 1843 3778 1894 ὅτι
3833 1842 3901 1893 Σύ
3923 1857 3936 1869 '

660 1956 846 2027 primit
893 1949 1172 2004 tumultum
1236 1947 1377 2000 hunc
1410 1942 1616 1996 duobus
1651 1939 1934 2008 exemplis.
1962 1936 2080 1992 Uno
2111 1950 2241 2005 gen-

659 2046 860 2108 tilium,
914 2058 1048 2112 quos
1098 2038 1545 2093 abominabantur
1581 2052 1594 2091 :
1628 2035 1917 2088 ostendens
1965 2029 2105 2098 quod
2137 2027 2241 2082 illis

662 2132 994 2191 assituilandi
1029 2131 1158 2194 sint,
1192 2129 1233 2181 si
1261 2125 1470 2196 sapiant
1498 2122 1711 2176 similia.
1744 2120 1923 2174 Altero
1957 2117 2121 2188 470
2148 2131 2239 2168 au-

665 2238 768 2278 tem
804 2237 900 2276 suo
924 2219 1190 2287 exemplo.
1216 2216 1322 2271 Eos
1347 2213 1487 2268 enim
1522 2213 1588 2266 ad
1615 2210 1971 2264 ltumilitatem
1996 2205 2242 2273 exemplo

661 2334 758 2373 suo
783 2317 950 2380 ducit,
973 2312 1261 2370 ostendens
1295 2307 1438 2378 quod
1473 2307 1584 2374 ipse
1611 2305 1873 2358 ministret
1902 2301 1998 2354 eis.
2030 2300 2240 2352 Etenim

662 2422 811 2474 tunc,
849 2409 990 2462 sicut
1033 2407 1235 2459 dictum
1295 2409 1396 2465 est,
1441 2414 1630 2470 panem
1660 2411 1812 2449 suum
1860 2404 1911 2449 et
1936 2403 2120 2463 potum
2160 2390 2242 2444 di-

663 2501 902 2558 stribuit.
963 2495 1096 2573 Qum
1149 2495 1309 2561 igitur
1338 2505 1458 2560 ego,
1493 2503 1652 2559 quem
1685 2485 1858 2540 omnis
1891 2484 2163 2538 rationalis
2191 2491 2244 2535 et

660 2594 900 2663 angelica
930 2599 1178 2646 ereatura
1205 2586 1452 2649 adorant,
1481 2583 1529 2636 in
1567 2581 1744 2635 medio
1771 2579 1932 2632 vestri
1958 2577 2203 2629 ministro
2225 2613 2238 2638 ,

662 2685 931 2758 quomodo
960 2696 1052 2735 vos
1090 2680 1230 2749 digiti
1261 2677 1390 2732 estis
1431 2675 1521 2744 qui
1557 2688 1742 2743 magna
1776 2671 1841 2724 de
1865 2668 2013 2722 vobis
2041 2667 2243 2721 sentia-

664 2780 752 2840 tis,
801 2788 854 2830 et
885 2776 1086 2844 primas
1118 2778 1297 2839 partes
1347 2766 1572 2836 capiatis
1600 2764 1622 2817 ’ἓ
1653 2761 1877 2817 Videtur
1902 2771 2079 2813 autem
2111 2757 2240 2811 mihi

664 2886 768 2925 non
798 2867 970 2920 obiter
1006 2863 1164 2930 hujus
1197 2859 1466 2915 recubitus
1501 2867 1554 2910 et
1587 2852 1870 2908 ministerii
1913 2851 2242 2912 meminisse,

665 2963 760 3019 sed
782 2932 1041 3014 reducere
1080 2957 1158 3010 eis
1191 2955 1241 3007 in
1291 2951 1626 3011 memoriam,
1681 2947 1806 3015 quia
1863 2944 1935 2997 De
1975 2958 2082 2995 uno
2110 2956 2246 3010 pane

661 3049 994 3112 comedisﬂs,
1025 3055 1079 3100 et
1100 3059 1164 3099 ex
1197 3057 1301 3097 uno
1331 3041 1498 3096 calice
1539 3037 1772 3100 bibistis,
1805 3036 2005 3089 amicos
2034 3043 2088 3088 et
2111 3046 2242 3084 una-

665 3149 839 3202 niines
886 3157 993 3196 una
1034 3153 1222 3194 mensa
1273 3137 1397 3190 fecit
1438 3152 1449 3187 :
1499 3147 1668 3201 quare
1724 3145 1852 3197 ergo
1893 3127 2079 3196 sapitis
2124 3139 2243 3195 qute

668 3242 800 3294 tales
828 3251 938 3292 non
970 3237 1156 3288 decent
1182 3231 1203 3283 ?
1250 3230 1314 3283 Et
1350 3242 1524 3295 neque
1549 3239 1644 3295 ego
1670 3223 1761 3277 uni
1782 3222 1996 3291 quidem
2023 3220 2240 3281 servivi,

667 3331 824 3385 alteri
855 3337 1035 3381 autem
1072 3339 1174 3378 nou
1221 3320 1438 3382 servivi,
1476 3318 1568 3371 sed
1599 3331 1663 3369 ex
1696 3329 1848 3383 atquo
1873 3313 2120 3367 omnibus
2151 3325 2243 3363 vo-

667 3426 784 3479 bis:
819 3435 1008 3475 omnes
1056 3417 1217 3487 igitur
1267 3428 1429 3467 unum
1461 3421 1514 3470 et
1548 3408 1686 3463 idem
1735 3405 2007 3461 sentiatis.
2043 3403 2120 3457 Tu
2150 3418 2245 3456 au-

669 3529 776 3570 tem
811 3529 876 3568 ex
921 3512 1006 3567 his
1038 3509 1286 3564 omnibus
1314 3505 1581 3574 intelligas
1615 3501 1755 3572 quod
1787 3497 2038 3567 discipuli
2069 3497 2244 3550 adhuc

668 3607 967 3679 imperfecti
996 3604 1220 3668 fuerint,
1253 3603 1346 3657 sed
1392 3600 1514 3654 vide
1546 3594 1813 3667 quomodo
1857 3602 1911 3648 et
1943 3602 2126 3662 postea
2157 3606 2243 3645 re-

671 3701 937 3757 fulseriut.
969 3696 1379 3753 Conlundantur
1414 3688 1715 3755 Manichaei,
1738 3688 1826 3757 qui
1862 3685 2048 3741 dicunt
2077 3698 2242 3754 quos-

669 3799 789 3849 dam
835 3800 1026 3846 natura
1080 3803 1199 3845 esse
1252 3785 1531 3850 indociles,
1590 3791 1644 3837 et
1697 3777 2080 3848 impossibilem
2123 3791 2243 3832 esse

669 3885 791 3940 vita:
818 3883 1193 3938 mutationem.

741 4167 907 4221 Vsus.
961 4158 1154 4217 28-54.
1197 4176 1214 4210 ι
1257 4155 1365 4212 ὶόδ
1398 4167 1574 4211 autem
1631 4155 1762 4209 estis
1797 4152 1885 4223 qui
1942 4149 2244 4221 permansi-

666 4258 768 4314 stis
811 4268 1018 4309 mecum
1076 4253 1127 4305 in
1159 4248 1544 4305 tentationibus
1592 4247 1725 4301 meis
1760 4263 1773 4299 :
1810 4255 1860 4300 et
1889 4259 1987 4314 ego
2016 4243 2243 4311 dispono

673 4347 844 4410 vobis,
877 4347 1018 4398 sicut
1059 4343 1322 4410 disposuit
1371 4341 1500 4392 mibi
1545 4338 1701 4392 Pater
1737 4354 1885 4392 meus
1909 4350 2155 4405 regnum,
2188 4342 2244 4386 ut

672 4440 846 4497 cdatis
896 4447 952 4492 et
991 4437 1208 4498 bibatis,
1239 4447 1401 4503 super
1440 4446 1677 4487 mensam
1743 4444 1917 4485 meam
1966 4430 2018 4482 in
2077 4441 2243 4496 regno

2343 1942 2405 1993 ὲκ
2467 1940 2657 1996 τούτου
2717 1939 3075 2011 προήχθησαν
3108 1939 3188 2000 είς
3248 1939 3306 1989 τι
3353 1937 3569 2004 λέγειν·
3649 1936 3794 2004 Ἐγώ
3826 1936 3938 2004 ειμι

2344 2037 2627 2108 κρείττων,
2654 2038 2770 2100 καὶ,
2815 2037 2957 2104 Ἐγώ
2982 2039 3095 2104 εἰμι
3126 2035 3348 2104 μείζων,
3377 2036 3470 2086 καὶ
3505 2034 3574 2086 τὰ
3598 2033 3844 2086 τοιαῦτα.
3877 2033 3938 2083 Τί

2341 2127 2434 2184 οὖν
2461 2133 2487 2183 ὁ
2510 2131 2747 2201 Κύριος;
2777 2131 3147 2184 Καταστέλλει
3176 2130 3266 2181 τὸν
3296 2128 3524 2198 θόρυϐον
3557 2137 3769 2179 τούτων
3792 2126 3938 2178 δυσὶν

2344 2223 2762 2292 ὑποδείγμασιν,
2801 2224 2880 2275 ἑνὶ
2915 2224 3012 2292 μὲν
3060 2222 3139 2292 τῷ
3162 2221 3272 2274 τῶν
3309 2220 3561 2282 ἐθνικῶν,
3611 2219 3707 2280 οῦς
3759 2218 3937 2287 βδελυ-

2344 2315 2506 2376 κτοὺς
2525 2310 2690 2384 εἶχον,
2719 2313 2978 2366 δεικνύων
3004 2313 3085 2365 ὅτι
3118 2311 3328 2371 τούτοις
3357 2310 3594 2372 ἐοικότες
3627 2310 3866 2372 ἔσονται,
3893 2309 3938 2359 ει

2342 2406 2566 2459 τοιαῦτα
2604 2405 2892 2476 φρονοῦσιν
2919 2423 2930 2434 ’
2962 2406 3136 2475 ἑτέρῳ
3175 2405 3229 2456 δὲ
3255 2403 3332 2475 τῷ
3369 2403 3596 2469 ἑαυτοῦθ
3633 2404 3703 2455 δι’
3746 2401 3936 2455 ἑαυτοῦ

2343 2498 2450 2566 γὰρ
2486 2498 2562 2559 είς
2588 2497 3094 2565 ταπεινοφροσύνην
3124 2496 3269 2560 ἄγει,
3294 2494 3508 2555 δεικνὺς
3542 2493 3738 2545 ἑαυτὸν
3767 2493 3937 2544 διακο-

2343 2590 2536 2642 νοῦντα
2597 2589 2802 2650 αὐτοῖς.
2844 2588 2949 2640 Καὶ
3005 2586 3113 2655 γὰρ
3143 2585 3207 2656 δὴ
3240 2585 3380 2648 τότε,
3413 2585 3554 2637 καθα
3581 2585 3821 2653 εἴρηται,
3851 2585 3936 2635 τὸν

2343 2680 2505 2750 ἄρτον
2525 2682 2708 2743 αὐτοῖς
2741 2681 2834 2732 καὶ
2869 2679 2928 2730 τὸ
2956 2681 3215 2747 ποτήριον
3245 2677 3554 2746 διένειμεν.-
3578 2676 3735 2728 Ἐπεί
3759 2677 3936 2730 τοίνυν

2345 2772 2455 2839 ἐγὼ
2487 2773 2514 2824 ὁ
2565 2772 2668 2823 ὑπὸ
2725 2774 2906 2838 πάσης
2961 2771 3260 2839 ἁγγελικῆς
3317 2769 3406 2821 καὶ
3453 2769 3684 2839 λογικῆς
3728 2771 3935 2838 φύσεως

2347 2865 2845 2936 προσκυνούμενος,
2883 2865 2940 2913 ἐν
2971 2864 3122 2933 μέσῳ
3155 2862 3309 2932 ὑμῶν
3348 2863 3603 2925 διακονῶ,
3636 2865 3755 2925 πιῖς
3785 2864 3937 2931 ὑμεῖς

2347 2957 2486 3022 ἄξιυῖ
2509 2958 2630 3008 ὲστε
2655 2954 3103 3024 μεγαλοφρονεῖν,
3127 2956 3222 3006 καὶ
3240 2954 3368 3024 περὶ
3393 2955 3681 3024 πρωτείων
3711 2956 3934 3025 ἐρίζεινς

2348 3047 2504 3098 Δοκεῖ
2530 3047 2586 3099 δέ
2623 3062 2713 3116 μοι
2750 3045 2883 3117 μηδὲ
2913 3045 3204 3115 παρέργως
3252 3043 3395 3097 οὕτω
3437 3044 3813 3114 μνημονεῦσαι
3841 3048 3934 3113 τῆς

2348 3137 2686 3200 ἀνακλίσεως
2713 3137 2918 3208 ταύτης
2966 3138 3058 3189 καὶ
3085 3137 3184 3206 τῆς
3211 3135 3509 3200 διακονίας,
3568 3136 3686 3190 ἀλλ’
3743 3140 3932 3206 ἀναμι-

2350 3235 2604 3301 μνήσκων
2634 3232 2852 3294 αὐτοὺς,
2886 3232 2966 3282 ὅτι
2999 3231 3057 3282 El
3111 3229 3170 3293 ἐξ
3210 3231 3327 3292 ὲνδς
3359 3231 3527 3301 ἄρτου
3557 3230 3819 3299 ἐφάγετε,
3845 3229 3934 3282 καὶ

2345 3323 2405 3388 ὲξ
2430 3323 2548 3384 ἑνὸς
2577 3324 2834 3394 ποτηρίου
2869 3323 3078 3388 ὲπίετε,
3109 3322 3295 3390 φίλους
3331 3324 3472 3392 ὑμᾶς
3497 3327 3590 3375 καὶ
3623 3324 3933 3392 ἡνωμένους

2347 3423 2380 3492 ή
2411 3421 2510 3491 μία
2540 3421 2787 3490 τράπεζα
2843 3422 3008 3487 ποιεῖ;
3062 3421 3205 3481 διατί
3237 3421 3413 3474 τοίνυν
3441 3420 3676 3484 ἀναξίως
3733 3422 3933 3475 τούτων

2347 3516 2593 3583 φρονεῖτε
2617 3529 2631 3577 ;
2674 3513 2813 3565 Ἀλλ’
2830 3513 2938 3564 οὐδ’
2972 3511 3082 3581 ἐγὼ
3102 3514 3278 3583 τούτῳ
3299 3515 3397 3584 μὲν
3423 3513 3748 3584 διηκόνησα,
3767 3513 3934 3586 τούτῳ

2345 3608 2390 3659 δ’
2415 3607 2500 3672 οὓ,
2530 3607 2664 3660 ἀλλά
2694 3608 2863 3660 πᾶσιν
2896 3607 3022 3676 ὑμῖν
3055 3608 3250 3678 ἐπίσης
3309 3608 3510 3670 πάντες
3552 3603 3646 3660 οὖν
3677 3608 3736 3660 ἓν
3767 3610 3934 3662 καὶτὸ

2347 3701 2479 3753 αὐτὸ
2525 3702 2788 3773 φρονεῖτε.
2821 3700 2892 3754 Σὺ
2923 3701 2981 3754 δέ
3015 3718 3104 3768 μοι
3138 3703 3200 3754 ὲκ
3233 3700 3692 3768 πάντων-τούτων
3748 3704 3931 3765 ἐννόει,

2347 3793 2462 3856 πῶς
2491 3793 2700 3855 ἀτελεῖς
2724 3788 2865 3863 ἦσαν
2892 3793 2970 3845 ἔτι
2997 3795 3044 3845 oi
3076 3793 3314 3865 μαθηταί
3341 3811 3355 3825 ·
3386 3794 3501 3846 ἀλλ’
3535 3795 3610 3847 ἴδε
3638 3794 3759 3855 πῶς
3785 3795 3934 3846 ὓστε-

2317 3903 2440 3956 ιρον
2473 3886 2742 3956 ἔλαμψαν.
2789 3887 3275 3956 Ἐντρεπέσθωσαν
3314 3887 3610 3957 Μανιχαῖοι
3656 3887 3928 3955 λέγοντες,

2347 3980 2427 4031 ὅτι
2462 3982 2525 4032 ἐκ
2550 3979 2764 4046 φύσεώς
2802 3979 2908 4031 είσί
2938 3997 3084 4042 τινες
3126 3979 3382 4049 ἀμαθεῖς,
3420 3980 3514 4032 καὶ
3540 3981 3804 4034 ἀδύνατον
3841 3997 3930 4050 με·

2346 4073 2642 4141 τατεθῆναι
2675 4075 2917 4136 τούτους.

2424 4185 2441 4216 ι
2491 4166 2677 4236 Ὑμεῖς
2710 4166 2765 4218 δέ
2796 4168 2918 4218 ἐστε
2946 4169 2995 4218 oi
3043 4167 3512 4239 διαμεμενηκότες
3551 4167 3675 4238 μετ’
3709 4165 3846 4237 ἐμοῦ
3881 4167 3933 4218 ἑν

2345 4258 2458 4318 τοῖς
2489 4258 2816 4326 πειρασμοῖς
2855 4273 2977 4325 μου,
3027 4257 3186 4325 κάγὼ
3226 4257 3536 4326 διατίθεμαι
3567 4259 3718 4326 ὑμῖν,
3757 4257 3931 4317 καθὼς

2344 4348 2548 4400 διέθετό
2573 4365 2661 4417 μοι
2695 4349 2723 4399 ὁ
2747 4348 2938 4417 Πατήρ
2971 4366 3071 4418 μου
3115 4348 3417 4419 βασιλείαν,
3455 4351 3542 4402 ἵνα
3572 4351 3794 4419 ἐσθίητε
3847 4353 3934 4402 καὶ

2348 4442 2539 4510 πίνητε
2573 4441 2666 4494 ἐπὶ
2725 4441 2824 4510 τῆς
2875 4442 3158 4512 τραπέζης
3197 4459 3319 4512 μου,
3352 4443 3443 4495 καὶ
3472 4441 3798 4512 -καθέςησθε
3849 4443 3933 4494 ἐπὶ

676 4553 814 4599 meo,
868 4545 926 4590 et
959 4531 1192 4588 sedcatis
1238 4544 1399 4598 super
1439 4526 1681 4589 thronos,
1713 4524 2020 4594 iudicantes
2043 4520 2241 4574 duode-

2350 4536 2556 4607 θρόνων
2598 4537 2876 4606 κρίνοντες
2927 4536 3027 4598 τὰς
3057 4536 3270 4590 δώδεκα
3309 4536 3482 4604 φυλὰς
3542 4536 3638 4589 τοῦ
3700 4537 3930 4607 Ἰσραήλ.

667 4631 771 4686 cini
842 4629 1010 4681 tribus
1059 4621 1246 4678 Israel.
1309 4621 1398 4674 Ait
1444 4629 1620 4673 autem
1682 4617 1980 4670 Dominus:
2029 4613 2237 4678 Simon,

668 4724 878 4785 Sltnou,
929 4734 1074 4781 ecce,
1135 4715 1361 4770 Satanas
1416 4713 1670 4781 expetivit
1729 4725 1842 4774 vos,
1886 4717 1941 4761 ut
1978 4709 2242 4762 cribraret

670 4821 807 4871 sicut
857 4815 1092 4865 triticum
1130 4810 1258 4861 :sed
1308 4821 1407 4874 ego
1467 4805 1644 4874 rogavi
1691 4819 1785 4871 pro
1821 4814 1892 4867 te,
1935 4817 2000 4857 ue
2027 4802 2242 4857 deﬁciat

671 4909 801 4962 ﬁdes
846 4915 957 4959 tua.
989 4901 1052 4954 Et
1080 4914 1133 4954 ttt
1165 4899 1451 4968 aliquando
1493 4910 1786 4950 conversus
1837 4896 2095 4948 conﬁrma
2133 4892 2242 4945 fra-

671 5013 778 5057 tres
820 5008 960 5052 tuos.
993 4998 1062 5048 At
1093 4995 1179 5047 ille
1219 4991 1355 5045 dixit
1385 4990 1434 5044 ci
1465 5006 1477 5043 :
1510 4987 1758 5053 Domine,
1799 4997 1973 5040 tecum
2021 4995 2241 5054 paratus

668 5113 786 5152 sum
821 5104 876 5148 et
906 5093 958 5146 in
995 5103 1264 5146 carcerem
1292 5095 1346 5141 et
1375 5087 1426 5138 in
1464 5096 1690 5138 mortem
1717 5085 1812 5136 ire.
1847 5081 1912 5134 At
1944 5081 2032 5134 ille
2064 5080 2196 5132 dixit
2225 5096 2237 5132 :

669 5191 799 5245 Dico
829 5189 945 5251 tibi,
995 5185 1168 5247 Petra,
1205 5196 1309 5235 non
1339 5189 1495 5234 canet
1525 5177 1678 5232 hodie
1709 5174 1878 5244 gallus
1925 5173 2238 5243 priusquam

670 5291 752 5337 ter
801 5281 1035 5348 abneges
1076 5286 1230 5328 nosse
1265 5286 1369 5325 me.
1417 5289 1434 5322 ι
1470 5268 1756 5336 PoStqnaui
1820 5267 1954 5321 dixit
1995 5266 2239 5320 traditori

669 5390 771 5437 va},
801 5385 852 5424 ct
892 5373 944 5424 in
976 5368 1145 5421 medio
1175 5364 1357 5419 docuit
1385 5377 1476 5417 eos
1510 5361 1738 5415 humiles
1788 5376 1906 5415 esse
1931 5378 1942 5412 :
1970 5361 2107 5414 sicut
2134 5373 2243 5413 tra-

671 5467 828 5521 ditori
885 5478 961 5513 vae
995 5456 1336 5528 adjudicavit,
1394 5454 1466 5508 ita
1514 5469 1543 5507 e
1596 5455 1826 5519 diverso,
1878 5452 2049 5522 inquit
2092 5449 2243 5502 :Vos

672 5559 802 5612 estis
829 5556 917 5624 qui
945 5551 1214 5606 mansistis
1241 5563 1448 5603 mecum
1473 5547 1525 5600 in
1547 5547 1923 5600 tentationibus
1950 5548 2103 5606 meis,
2126 5545 2244 5598 ideo

673 5661 726 5704 et
775 5648 1079 5701 mercedem
1111 5644 1270 5697 vobis
1301 5642 1552 5711 dispono,
1591 5642 1692 5692 hoc
1725 5648 1827 5705 est,
1870 5643 2111 5707 paciscor
2148 5653 2244 5692 v0-

674 5746 877 5798 biscuui
921 5753 997 5806 ut,
1056 5753 1177 5792 cum
1224 5737 1378 5790 Pater
1409 5750 1558 5791 meus
1607 5735 1932 5803 disposuerit
1964 5735 2115 5801 milii,
2145 5737 2245 5791 hoc

672 5845 772 5900 est,
825 5832 1187 5904 scgregaverit
1245 5829 1371 5884 mihi
1429 5841 1693 5896 regnum,
1739 5829 1910 5883 edatis
1965 5841 2017 5882 et
2049 5829 2244 5882 bibatis

2351 4623 2484 4679 Εἷπε
2509 4627 2563 4678 δὲ
2613 4629 2641 4678 ό
2694 4629 2934 4696 Κύριος·
2970 4627 3173 4696 Σίμων,
3205 4628 3408 4697 Σίμων,
3458 4629 3570 4682 ἰδοὺ
3614 4632 3640 4683 5
3694 4630 3933 4692 Σατανᾶς

2349 4715 2648 4787 ἐξῃτήσατο
2677 4717 2818 4785 ὑμᾶς
2849 4715 2942 4770 τοῦ
2988 4719 3239 4772 συνιόισαι
3280 4718 3353 4781 ὡς
3399 4719 3490 4773 τὸν
3526 4723 3672 4773 σῖτον
3694 4737 3707 4750 ·
3738 4723 3849 4791 ἐγὼ
3880 4722 3930 4774 δὲ

2349 4810 2576 4880 ἐδεήθην
2612 4811 2740 4881 περὶ
2782 4809 2901 4876 σοῦ,
2928 4811 3015 4863 ἵνα
3042 4813 3117 4883 μή
3153 4813 3381 4883 ἐκλείπῃ
3413 4814 3444 4883 ή
3476 4813 3658 4878 πίστις
3687 4832 3804 4871 σου,
3833 4817 3932 4868 Καὶ

2351 4903 2415 4957 σύ
2450 4921 2578 4957 ποτε
2608 4903 2965 4974 ἐπιστρέψας,
2987 4905 3335 4975 ὲπιστήριξον
3359 4908 3488 4969 τοὺς
3516 4907 3787 4976 ἀδελφούς
3822 4925 3929 4962 σου.

2361 4996 2417 5050 ὐ
2442 4997 2496 5049 δὲ
2527 4992 2680 5048 εἶπεν
2707 4995 2855 5065 αὑτῴ
2879 5009 2893 5026 ⁸
2928 4995 3121 5068 Κύριε,
3161 5000 3298 5066 μετὰ
3322 4999 3419 5054 σοῦ
3447 5000 3664 5070 ἕτοιμός
3693 5005 3812 5073 ειμι
3845 5002 3932 5055 καὶ

2349 5093 2427 5151 εἰς
2463 5089 2710 5159 φυλακὴν
2740 5090 2834 5144 καὶ
2857 5092 2936 5154 εἰς
2959 5089 3190 5143 θάνατον
3222 5092 3577 5162 πορεύεσθαι.
3615 5093 3676 5147 ’0
3705 5094 3761 5147 δὲ
3792 5091 3926 5148 εἷπε·

2350 5183 2508 5249 Λέγω
2538 5199 2637 5247 σοι,
2678 5182 2874 5253 Πέτρε,
2911 5182 2973 5234 ού
3012 5183 3087 5254 μή
3115 5185 3356 5252 φωνήσει
3386 5185 3629 5257 σήμερον
3664 5185 3926 5254 ἀλέκτωρ,

2351 5272 2540 5342 πρινῆ
2598 5278 2716 5344 τρὶς
2770 5276 3064 5343 ἀπαρνήσῃ
3128 5275 3202 5345 μὴ
3255 5275 3452 5329 εἰδέναι
3513 5293 3602 5344 με.
3635 5295 3654 5327 ι
3718 5275 3927 5344 Ἐπειδὴ

2353 5363 2524 5431 εἶπεν,
2557 5370 2637 5418 ὅτι
2674 5367 2762 5435 Τῷ
2807 5367 3154 5437 παραδιδόντι
3184 5380 3250 5437 με
3273 5368 3416 5433 οὐαὶ,
3466 5373 3560 5422 καὶ
3589 5371 3752 5440 ὲν,τῴ
3791 5371 3928 5440 μέσῳ

2352 5455 2588 5519 ἐδίδαξεν
2636 5455 2856 5522 αὐτοὺς,
2904 5457 2985 5509 ὅτι
3033 5456 3112 5507 δεῖ
3153 5461 3607 5526 μετριοφρονεῖνο
3645 5457 3835 5526 ὥσπερ
3860 5456 3927 5524 τῷ

2354 5550 2699 5620 παραδιδόντι
2728 5549 2789 5602 τὸ
2824 5550 2945 5602 οὐαὶ
2970 5551 3534 5622 προσαπεκλήρωσεν,
3561 5552 3733 5616 οὕτως
3752 5554 3926 5611 αὐτοῖς

2358 5647 2420 5698 ὲκ
2453 5643 2546 5696 τοῦ
2574 5644 2817 5698 ἐναντίου
2847 5645 3032 5716 φησὶν,
3069 5645 3151 5696 ὃτι
3201 5645 3391 5715 Ὑμεῖς
3417 5646 3474 5701 δέ
3505 5649 3631 5699 ὲστε
3671 5648 3721 5700 oi
3759 5662 3927 5714 παρα-

2357 5738 2726 5809 μεμενηκότες
2758 5738 2874 5808 μετ’
2904 5738 3038 5810 ἐμοῦ
3071 5741 3128 5792 ὲν
3155 5741 3267 5803 τοῖς
3300 5745 3632 5811 πειρασμοῖς
3691 5759 3792 5812 μου
3816 5756 3828 5769 ·
3856 5735 3926 5789 διδ

2355 5831 2708 5904 καὶριμοιϐὰς
2740 5833 2868 5902 ὑμῖν
2916 5832 3260 5903 διατίθεμαι,
3318 5835 3590 5902 τουτέστι,
3656 5835 3854 5903 Συμςω
3883 5828 3920 5880 ὦ
