4100 6334
175 413 318 481 1073

892 381 1344 473 ENAth'rto
1394 412 1469 471 IN
1513 406 1763 471 EVA-NG

1890 409 2027 472 [ΗΜ
2068 407 2304 470 LUCE.
2349 432 2416 441 -
2459 404 2843 467 CARXXH.

2837 224 2877 310 ,χῖ

3363 398 3497 465 1074

167 525 308 598 πρὸς
339 527 506 598 ὑμᾶς,
538 525 625 578 ἵνα
659 524 780 576 ἐπεὶ
804 524 831 576 ὁ
865 525 1052 595 Πατήρ
1093 543 1193 594 μου
1223 524 1428 577 διέθετό
1464 543 1573 593 μοι,
1611 524 1777 592 ἤγουν

1890 536 2053 589 super
2106 536 2346 574 mensam
2404 534 2601 574 meam.
2649 517 2948 573 Comedere
3003 526 3182 571 ειιιιμιιι
3228 525 3278 569 et
3311 514 3500 570 bibere

167 620 422 690 ἀφώρισέ
470 636 559 689 μοι
613 618 914 689 βασιλείαν,
947 617 1167 688 ἐσθίητε
1201 620 1292 670 καὶ
1327 619 1516 686 πίνητε
1549 619 1640 672 ἐπὶ
1678 619 1772 686 τῆς

171 715 459 788 τραπέζης
494 731 616 784 μου.
682 715 754 766 Τὸ
805 714 859 768 δὲ
891 713 1092 767 ἐσθίειν
1122 716 1214 768 καὶ
1263 714 1438 766 πίνειν
1469 712 1642 776 εἶπεν,
1677 715 1775 783 οὐχ

168 809 243 872 ὡς
279 809 598 877 ἐδεσμάτων
655 810 833 862 ἐκεῖσε
898 809 1196 877 ἐσομένων,
1239 809 1360 862 οὐδὲ
1397 808 1471 872 ὡς
1507 807 1773 878 αίσοητῆς

209 903 339 970 ὖσης
375 902 472 970 τῆς
512 902 785 970 βασιλείας
835 901 1024 955 αὐτοῦ.
1061 903 1232 966 Αὐτός
1278 920 1336 954 τε
1393 903 1500 970 γὰρ
1533 903 1775 968 ἐδίδαξεν

169 989 251 1058 οἷς
285 997 577 1065 πρὸς,τοὺς
609 995 999 1060 Σαδδουκαίους
1030 992 1206 1061 εἶπεν,
1231 997 1306 1060 ὡς
1327 997 1593 1066 ἁγγελική
1627 998 1775 1049 ἐστιν

171 1090 411 1160 ἠέκεῖσε
447 1090 713 1161 διαγωγὴ,
750 1092 844 1143 καὶ
879 1095 905 1144 ὸ
935 1092 1148 1155 Παῦλος
1177 1093 1233 1146 δὲ
1269 1091 1514 1146 διδάσκει
1542 1091 1639 1163 τὴν
1674 1091 1774 1162 βα-

171 1181 383 1236 σιλείαν
408 1185 501 1237 τοῦ
533 1183 665 1238 Θεοῦ
696 1186 772 1256 μὴ
798 1182 935 1239 εἶναι
973 1187 1179 1257 βρῶσιν
1217 1188 1311 1241 καὶ
1347 1189 1527 1243 πόσιν.
1569 1189 1658 1258 Μή
1691 1205 1774 1250 τις

169 1271 265 1329 οὖν
301 1277 600 1332 πλανᾶσθω
654 1280 869 1334 ἀκούων
927 1281 1167 1336 ἐνταῦθα
1215 1283 1295 1346 τὸ,
1343 1302 1360 1333 ι
1402 1283 1520 1336 Ἵνα
1550 1283 1772 1351 ἐσθίητε

170 1369 264 1421 καὶ
291 1370 486 1441 πίνητε
526 1371 620 1424 ἐπὶ¹
645 1373 744 1442 τῆς
772 1372 1057 1444 τραπέζης
1096 1394 1196 1445 μου
1219 1392 1232 1405 ⁸
1275 1395 1294 1427 ι
1319 1375 1455 1430 ἀλλὰ
1479 1375 1666 1429 νοείτω
1690 1376 1773 1429 ὅτι

168 1461 234 1513 ἐκ
262 1466 576 1534 μεταφορᾶς
629 1466 740 1519 τῶν
767 1468 920 1538 παρὰ
947 1469 1062 1528 τοῖς
1108 1469 1203 1522 τοῦ
1248 1471 1455 1539 κόσμου
1489 1469 1771 1541 βασιλεῦσι

165 1558 500 1624 τιμωμένων
530 1559 687 1612 τοῦτο
711 1560 946 1632 εἴρηται.
983 1564 1046 1615 υἱ
1073 1563 1182 1635 γὰρ
1213 1559 1521 1620 σύνδειπνοι
1551 1566 1646 1620 τοῦ
1677 1567 1772 1638 βα-

169 1652 367 1715 σιλέως
382 1653 600 1706 δοκοῦσι
628 1657 846 1711 πάντων
862 1658 1187 1729 πρωτεύειν.
1214 1661 1386 1715 Τοῦτο
1409 1657 1499 1715 οὖν
1531 1662 1772 1733 καὶπερὶ

166 1745 278 1800 τῶν
294 1747 611 1801 ἀποστόλων
649 1754 835 1820 φησὶν,
857 1753 939 1806 ὅτι
962 1755 1182 1808 πάντων
1211 1756 1594 1829 προτιμότεροι
1619 1757 1742 1811 ἑσον
1759 1783 1773 1801 ι

166 1854 260 1890 ται
296 1840 428 1909 παρ’
460 1841 632 1912 αὐτῷ.
682 1843 834 1897 Ἐπεὶ
863 1846 957 1899 καὶ
990 1848 1196 1918 θρόνων
1224 1850 1494 1923 καθέδρας
1527 1853 1765 1917 ἁκούων,

168 903 339 972 οὔσης
375 902 472 970 τῆς
512 902 785 972 βασιλείας
835 901 1024 955 αὐτοῦ.
1061 903 1232 971 Αὐτός
1278 920 1336 954 τε

1889 614 2045 676 ιιιχὶι,
2079 630 2182 668 non
2206 615 2361 684 quasi
2414 613 2593 668 edulia
2630 613 2737 667 illic
2766 613 2876 667 sint
2907 610 3101 680 posita,
3135 625 3308 677 neque
3344 611 3498 679 quasi

1888 707 2144 764 sensibile
2203 707 2476 778 quoddam
2538 723 2762 777 regnum
2819 705 2910 760 sit.
2949 705 3065 775 Ipse
3094 705 3240 759 cnim
3292 721 3389 773 per
3433 720 3495 759 ea

1887 818 2006 871 qua:
2036 803 2352 860 Sadducris
2377 803 2589 859 locutus
2626 812 2732 868 cst,
2775 803 2928 858 docet
2960 786 3103 873 quod
3148 805 3496 857 conversatio
3541 827 3552 840 ι

1887 912 2007 965 quze
2043 896 2172 964 illic,
2217 899 2462 969 angelica
2504 899 2594 962 sit,
2629 909 2682 952 et
2709 895 2916 952 Paulus
2947 897 3104 950 docet
3142 912 3364 966 regnum
3401 895 3491 950 Dei

1888 1005 1993 1052 [σου
2029 1005 2148 1044 esse
2175 990 2354 1045 cibum
2386 1002 2438 1045 et
2470 1001 2654 1061 polum
2687 992 2750 1049 ".
2779 991 2854 1047 Ne
2882 992 3004 1061 quis
3038 991 3200 1064 igitur
3229 1003 3376 1046 erret
3401 1008 3495 1042 au-

1887 1085 2039 1139 diens
2072 1086 2178 1149 hic,
2216 1106 2230 1136 ι
2277 1087 2460 1142 Edali-s
2484 1096 2534 1140 et
2559 1067 2753 1140 bibatis
2773 1101 2937 1155 super
2962 1098 3203 1139 mensam
3231 1100 3431 1148 meam,
3470 1103 3488 1134 ι

1887 1182 1977 1233 sed
2011 1181 2208 1248 cogitet
2245 1182 2386 1248 quod
2443 1181 2645 1234 dictum
2695 1181 2764 1235 sit
2816 1194 2882 1235 ex
2929 1180 3244 1248 metaphora
3302 1196 3491 1234 eorum

1885 1273 1974 1341 qui
2035 1287 2063 1325 a
2123 1273 2338 1342 regibus
2395 1272 2752 1326 honorantur.
2807 1269 2940 1325 Nam
2975 1270 3065 1340 qui
3110 1287 3230 1326 cum
3279 1273 3497 1341 regibus

1884 1376 2124 1425 cwuanl,
2158 1366 2411 1420 videntur
2437 1367 2639 1433 primos
2675 1365 2909 1418 honores
2942 1363 3149 1419 sortiri.
3184 1361 3297 1417 lloc
3335 1363 3498 1432 igitur

1884 1470 1938 1516 et
1998 1460 2065 1514 de
2135 1460 2399 1530 apostolis
2441 1459 2593 1522 dicit,
2641 1457 2782 1527 quod
2833 1458 2976 1528 apud
3012 1473 3067 1512 se
3095 1459 3348 1512 onmibus
3376 1455 3497 1511 aliis

1885 1555 2263 1625 prtL‘feranlttr.
2307 1555 2375 1608 At
2409 1554 2494 1606 ubi
2529 1555 2755 1607 tht'uuns
2788 1562 2842 1608 et
2866 1553 3030 1608 sedes
3085 1554 3345 1618 audieris,
3384 1568 3490 1609 non

1886 1654 2109 1708 thronos
2161 1651 2418 1722 intellige,
2479 1653 2574 1706 sed
2628 1651 2856 1721 gloriam
2921 1662 2975 1704 et
3028 1651 3318 1707 honorem.
3381 1650 3496 1705 Non

1882 1751 2026 1803 enim
2076 1759 2342 1802 creaturae
2398 1756 2478 1801 est
2505 1746 2715 1806 sedere,
2774 1745 2867 1799 sed
2925 1758 3132 1801 sancta}
3183 1744 3496 1808 Trinitatis,

1885 1837 2115 1892 increati
2158 1846 2211 1890 et
2266 1835 2408 1904 regis
2474 1835 2714 1887 omnium
2753 1834 2842 1887 Dei
2886 1854 2898 1888 :
2957 1848 3226 1891 creatura:
3273 1847 3496 1900 autem,

171 1931 248 2000 μὴ
274 1930 500 2002 θρόνους
527 1936 659 2001 νόει,
698 1936 832 1991 ἀλλὰ
871 1915 1038 2010 τιμὴν
1079 1943 1170 1993 καὶ
1204 1915 1619 2008 ﬁdium-0065i;
1665 1915 1774 2018 γὰρ

1890 1943 2144 2000 tanquam
2224 1927 2468 1991 ancillm,
2521 1938 2602 1982 est
2667 1937 2850 1992 stare,
2906 1928 3070 1996 idque
3136 1927 3500 1997 corporaliter

150 2024 280 2076 τῶν
311 2027 547 2081 κτιστῶν
572 2029 666 2082 καὶ
694 2033 963 2102 γενητῶν,
996 2037 1112 2088 ἐκεῖ
1145 2037 1477 2092 καθεδεῖταιο
1510 2040 1647 2093 ἀλλὰ
1679 2041 1778 2108 τῆς

169 2115 339 2183 ἁγίας
368 2117 620 2189 Τριάδος,
659 2122 754 2175 τοῦ
792 2125 1054 2180 ἀκτίστου
1095 2129 1189 2182 καὶ
1219 2131 1485 2201 βασιλέως
1514 2132 1622 2186 τῶν
1640 2133 1778 2186 ὅλων

169 2207 332 2272 θεοῦ,
358 2210 526 2282 μόνης
549 2214 668 2267 ἐστὶ
685 2215 744 2268 τὸ
779 2217 1132 2282 καθέζεσθαι·
1187 2224 1286 2293 τῆς
1313 2224 1366 2276 δέ
1390 2228 1646 2292 κτίσεως,
1704 2227 1779 2289 ὡς

169 2299 391 2370 δοὰλης,
433 2303 494 2357 τὸ
523 2305 796 2363 ἵστασθαι.
833 2311 942 2364 Καὶ
972 2312 1147 2366 ταῦτα
1174 2315 1230 2368 δὲ
1267 2317 1599 2386 σωματικῶς
1625 2319 1779 2386 λέγο-

173 2409 298 2462 μεν,
332 2394 394 2448 τὸ
425 2398 696 2468 καθῆσθαι
733 2404 827 2458 καὶ
863 2407 923 2460 τὸ
959 2407 1233 2465 ἵστασθαι.
1275 2410 1348 2464 Τὸ
1370 2410 1447 2478 δὲ,
1487 2430 1505 2464 ι
1548 2411 1778 2485 Κρίνονα

169 2504 288 2553 τες,
329 2510 348 2541 ι
386 2495 654 2562 τουτέστι,
678 2504 1110 2570 κατακρίνοντες
1168 2507 1232 2558 ἐκ
1267 2506 1376 2560 τῶν
1412 2508 1622 2561 δώδεκα
1673 2526 1777 2578 φυ-

172 2581 284 2634 λῶν
315 2586 442 2648 τοὺς
491 2588 925 2660 ἀπιστήσαντας.
964 2598 1039 2649 Οὐ
1093 2599 1268 2670 μικρὰ
1301 2601 1410 2670 γὰρ
1447 2601 1778 2671 κατάκρισις

170 2677 286 2739 τοῖς
320 2677 378 2742 ἐξ
417 2679 637 2753 Ἰσραὴλ
668 2686 1043 2758 ἀπιστήσασιν
1085 2694 1130 2744 oi
1165 2693 1457 2746 ἀπόστολοί
1491 2697 1652 2760 εἰσιν,
1702 2695 1778 2759 ὼς

185 2766 523 2842 Ἰσραηλῖται
577 2777 729 2843 ὄντες
777 2784 872 2834 καὶ
928 2784 1103 2848 αὐτοὶ,
1159 2787 1311 2856 ὅμως
1359 2788 1776 2852 πιστεύσαντες.

186 2863 350 2918 Ἐπεὶ
383 2867 564 2922 τοίνυν
586 2871 666 2942 τῷ
700 2875 798 2943 μὲν
829 2878 1065 2948 προδότῃ
1099 2878 1160 2931 τὸ
1188 2880 1311 2931 οὐαὶ
1349 2881 1622 2948 ἀπέδωκε,
1651 2881 1777 2935 τού-

172 2973 286 3022 τοις
321 2959 379 3013 δὲ
408 2964 522 3024 τοῖς
554 2967 964 3036 παραμείνασιν
989 2971 1046 3022 ὲν
1077 2974 1141 3042 τῇ
1179 2970 1315 3041 πρὸς
1343 2971 1509 3025 αὑτὸν
1551 2977 1777 3045 στοργῇ,

174 3048 448 3120 τοσαύτην
483 3056 649 3126 τιμὴν
667 3062 930 3129 προεῖπεν
955 3061 1199 3126 ἔσεσθαι,
1230 3063 1320 3118 ἵνα
1349 3064 1426 3135 μὴ
1453 3067 1775 3138 ἐπαρθῶσιν

170 3139 250 3203 ὡς
274 3143 421 3211 μέγα
461 3163 512 3198 τι
537 3149 980 3219 κατορθωκότες,
1013 3155 1106 3208 καὶ
1131 3159 1584 3227 παραμείναντες
1624 3160 1681 3211 ἐν
1711 3162 1775 3229 τῇ

171 3229 369 3304 ἀγάπῃ
423 3236 616 3302 αὑτοῦ,
655 3243 749 3294 καὶ
813 3244 890 3316 μὴ
941 3247 1258 3317 προδόντες,
1313 3271 1329 3302 ι
1410 3252 1468 3306 '0
1509 3255 1774 3323 Σατανᾶς,

176 3327 370 3396 φησιν,
400 3331 643 3402 ᾐτήσατο
671 3335 816 3406 ὑμᾶς
847 3339 1111 3408 σινιάσαι,
1150 3362 1168 3395 ι
1210 3345 1482 3411 τουτέστι,
1518 3349 1776 3418 ταράξαι,

177 3419 407 3491 βλάψαι,
440 3428 725 3497 πειρᾶσαι·
754 3450 771 3481 ‹
823 3431 967 3486 Ἀλλ’
997 3434 1111 3503 ἐγὼ
1146 3436 1398 3509 ἐδεήθην.
1444 3459 1462 3492 ι
1491 3441 1582 3512 Μὴ
1618 3442 1776 3512 νομί-

178 3531 335 3584 σητε,
374 3519 565 3588 φησὶν,
601 3521 684 3576 ὅτι
716 3524 984 3598 ὑμέτερόν
1022 3530 1141 3583 ἐστι
1177 3532 1240 3584 τὸ
1298 3536 1408 3587 πᾶν
1441 3535 1779 3603 κατόρθωμα

171 3610 369 3663 τοῦτο·
405 3614 432 3664 ὁ
462 3614 570 3683 γὰρ
619 3616 867 3683 διάϐολος
912 3622 1079 3686 πολὺς
1125 3625 1382 3679 ἐπέκειτο
1415 3626 1596 3697 ζητῶν
1633 3629 1778 3698 ὑμᾶς

175 3704 434 3757 ἐκϐαλεῖν
464 3711 563 3777 τῇς
598 3710 740 3781 ἐμῆς
761 3713 1024 3784 στοργῆς,
1057 3717 1154 3770 καὶ
1178 3719 1448 3789 προδότας
1473 3721 1776 3787 ἀποδεῖξαι.

177 3799 325 3867 Πρὸς
365 3800 420 3853 δὲ
450 3801 542 3855 τὸν
582 3803 790 3874 Πέτρον
847 3807 1021 3862 ταῦτα
1080 3811 1452 3878 ἀποτείνεται,
1487 3813 1623 3869 διότι
1687 3818 1783 3870 καὶ

175 3890 515 3960 Θρασύτερος
538 3894 647 3948 τῶν
676 3897 852 3952 ἄλλων
886 3896 977 3972 ἦν,
1010 3905 1107 3957 καὶ
1150 3908 1298 3970 είκὸς
1333 3907 1498 3962 αὑτὸν
1537 3912 1779 3982 μεγαλο-

177 3984 454 4052 φρονῆσαι
483 3986 568 4054 ἐφ’
598 3983 677 4054 οἷς
715 3993 1089 4061 ἐπηγγείλατο
1115 3998 1144 4050 ὁ
1175 3999 1434 4068 Χριστός.
1476 4004 1568 4057 Διὸ
1604 4024 1776 4061 κατα-

177 4075 418 4128 στέλλων
455 4077 642 4143 αὐτὸν,
672 4085 860 4152 φησιν,
899 4085 982 4139 ὃτι
1015 4087 1109 4158 Τῷ
1171 4091 1272 4160 μὲν
1333 4094 1554 4167 Σατανᾷ
1609 4099 1780 4172 πολλὴ

178 4169 393 4264 σπρυδῗῂ
418 4173 619 4264 γέγονε
657 4177 778 4229 καθ’
815 4180 973 4249 ὑμῶν
1003 4197 1015 4208 ⁸
1055 4182 1164 4250 ἐγὼ
1207 4186 1264 4239 δὲ
1297 4189 1596 4261 ᾐτησάμην
1653 4169 1783 4264 περῖ

175 4259 296 4313 σοῦ.
337 4261 513 4317 ⁷1ὀῦτο
541 4266 684 4320 κατὰ
708 4268 770 4321 τὸ
797 4270 1143 4341 ἀνθρώπινον
1183 4276 1288 4347 ἔφη
1314 4296 1326 4308 ·
1366 4280 1441 4345 ὡς
1485 4259 1595 4353 γαρ
1625 4259 1778 4353 Θεὸς,

176 4354 229 4406 τί
273 4356 445 4408 ἐδεῖτο
486 4359 581 4412 τοῦ
609 4361 975 4431 αίτήσασθαι;
1024 4387 1039 4417 ι
1097 4369 1361 4442 Ἐδεήθην
1418 4370 1534 4440 οὖν,
1593 4381 1782 4448 φησιν,

178 4450 269 4501 ἵνα
305 4451 380 4521 μὴ
400 4451 626 4524 ἐκλείπῃ
659 4455 896 4526 ήπίστις
929 4477 1047 4514 σου.
1082 4481 1099 4513 ι
1138 4463 1197 4515 El
1259 4465 1368 4537 γὰρ
1398 4469 1492 4521 καὶ
1528 4470 1665 4538 πρὸς
1693 4490 1785 4541 μι-

177 4544 313 4614 κρὸν
349 4545 568 4613 μέλλεις
596 4549 944 4623 σαλευθῆναι,
1004 4556 1120 4610 ἀλλ’
1156 4557 1303 4628 ἔχεις
1372 4564 1783 4635 ἐναποκείμενα

1882 2027 2043 2100 47],
2076 2025 2312 2080 dicimus
2342 2025 2532 2078 sedere
2570 2031 2621 2076 et
2647 2032 2816 2076 stare.
2850 2018 3168 2078 ludicantes
3203 2038 3356 2088 vero,
3392 2023 3498 2078 hee

1883 2129 1990 2186 est,
2025 2118 2460 2171 condemnantes
2485 2129 2578 2170 eos
2640 2114 2731 2182 qui
2773 2128 2839 2168 ex
2896 2113 3182 2170 duodecim
3245 2113 3496 2170 tribubus

1885 2223 2017 2267 sunt
2052 2209 2318 2264 increduli
2344 2206 2534 2262 futuri.
2553 2207 2671 2263 Non
2696 2222 2864 2277 parva
2892 2217 3078 2263 autem
3107 2209 3497 2264 condemnatio

1884 2303 2148 2372 Israelitis
2175 2303 2362 2367 fuerit,
2390 2304 2530 2373 quod
2561 2302 2793 2372 apostoli
2831 2301 2924 2372 qui
2955 2303 3122 2358 etiam
3173 2303 3276 2373 ipsi
3307 2320 3374 2360 ex
3418 2304 3497 2360 ls-

1884 2399 2091 2456 raelitis
2146 2409 2306 2454 erant
2335 2401 2709 2464 crediderunt,
2740 2409 2789 2454 et
2824 2399 2918 2454 alii
2962 2414 3066 2454 non
3113 2399 3492 2456 crediderunt.

1885 2497 2075 2566 Itaque
2101 2496 2228 2566 quia
2260 2495 2524 2568 proditori
2554 2511 2634 2549 va:
2686 2495 3065 2565 adjudicatum
3103 2503 3210 2560 est,
3274 2494 3496 2550 illorum

1885 2604 2066 2648 autem
2096 2595 2189 2664 qui
2219 2603 2643 2664 permanserunt
2679 2595 2732 2648 in
2763 2608 2953 2650 amore
2981 2608 3110 2664 erga
3158 2593 3333 2660 illum,
3375 2603 3498 2649 tau-

1891 2694 2000 2739 tum
2032 2685 2288 2755 praedixit
2319 2685 2436 2742 fore
2468 2687 2754 2754 honorem,
2789 2697 2848 2741 ut
2877 2701 2943 2742 ne
2974 2688 3314 2743 extollantur
3339 2688 3496 2758 quasi

1889 2793 2143 2849 inagnum
2173 2779 2434 2849 quiddam
2474 2779 2760 2847 fecissent,
2824 2791 2880 2835 et
2938 2783 3378 2850 permansissent
3439 2782 3492 2836 iu

1885 2872 2178 2938 charitate,
2221 2887 2287 2929 ac
2343 2889 2448 2930 non
2517 2874 2896 2944 prodidissent
2942 2890 2955 2928 :
3018 2894 3036 2927 ι
3100 2873 3336 2932 Satanas
3377 2894 3494 2941 vos,

1887 2967 2084 3039 inquit,
2144 2969 2338 3040 petivit
2376 2972 2642 3034 cribrare,
2695 2988 2713 3021 ι
2767 2970 2872 3025 hoc
2931 2979 3034 3033 est,
3099 2971 3346 3036 turbare,
3401 2987 3500 3027 no-

1885 3078 2032 3127 cere,
2081 3073 2333 3137 tentare;
2386 3084 2404 3117 ι
2440 3066 2534 3121 sed
2580 3080 2684 3134 ego
2714 3067 2926 3136 rogavi.
2973 3086 2990 3119 ι
3031 3067 3110 3123 Ne
3163 3069 3491 3126 existimetis

1889 3157 2112 3230 (inquit)
2145 3162 2292 3230 quod
2329 3173 2567 3215 vestrum
2600 3160 2676 3215 sit
2731 3170 2908 3216 totum
2949 3163 3052 3218 hoc
3083 3163 3286 3218 bonum
3335 3180 3494 3234 opus.

1893 3253 2156 3310 Diabolus
2183 3254 2328 3309 enim
2372 3254 2529 3310 valde
2562 3266 2743 3326 urget,
2777 3257 2821 3312 si
2859 3259 3030 3327 possit
3062 3273 3161 3314 vos
3185 3259 3255 3312 ab
3306 3273 3498 3314 amore

1896 3346 2000 3401 mei
2031 3346 2324 3414 depellere,
2359 3355 2414 3400 et
2445 3348 2742 3402 ostendere
2766 3349 3101 3418 proditores.
3149 3352 3231 3406 Ad
3271 3350 3498 3407 Petrum

1888 3449 2070 3492 autem
2105 3439 2273 3493 verba
2308 3438 2422 3493 hac
2445 3440 2648 3507 dirigit,
2680 3441 2770 3510 qui
2801 3440 3028 3508 reliquis
3079 3443 3340 3499 audacior
3357 3457 3499 3509 erat,

1886 3540 1939 3582 et
1975 3529 2254 3598 probabile
2287 3538 2371 3584 est
2420 3530 2735 3598 superbisse
2801 3531 2854 3584 in
2914 3532 2980 3586 iis
3027 3547 3148 3598 qua:
3202 3550 3229 3587 a
3274 3533 3500 3589 Christo

1887 3626 2157 3693 promissa
2194 3633 2392 3689 erant;
2429 3624 2633 3679 idcirco
2664 3633 2719 3679 et
2766 3626 3014 3693 reprimit
3058 3643 3206 3694 eum,
3255 3632 3442 3685 dicens
3487 3649 3496 3681 :

1895 3718 2115 3773 Satauze
2146 3719 2365 3787 quidem
2399 3718 2504 3774 fuit
2555 3721 2784 3774 multum
2830 3720 3072 3776 studium
3134 3734 3331 3780 contra
3367 3741 3501 3791 vas;

1888 3831 1987 3886 ego
2027 3826 2205 3870 autem
2237 3817 2389 3872 oravi
2435 3833 2529 3886 pro
2567 3826 2634 3872 te.
2681 3817 2748 3873 Et
2792 3819 2896 3874 hoc
2940 3819 3180 3876 humano
3231 3837 3384 3875 more
3428 3825 3507 3878 di-

1889 3911 2042 3965 cebat
2073 3928 2085 3975 ;
2127 3927 2276 3976 nam,
2312 3921 2374 3965 ut
2430 3912 2594 3977 Deus,
2631 3930 2737 3970 non
2773 3928 2910 3984 opus
2945 3914 3182 3970 habebat.
3211 3931 3372 3971 orare
3404 3918 3505 3970 ali-

1889 4023 2073 4074 quem.
2109 4025 2126 4055 ο
2164 4007 2369 4076 Rogavi
2411 4008 2597 4076 igitur,
2646 4009 2803 4073 dFCit,
2845 4020 2903 4064 ut
2952 4025 3057 4065 non
3089 4011 3308 4066 deficiat
3367 4013 3501 4069 fides

1893 4110 2003 4151 tua.
2048 4119 2065 4149 ι
2101 4100 2365 4167 Quamvis
2400 4101 2546 4155 enim
2604 4101 2756 4155 brevi
2823 4115 3067 4172 tempore
3103 4105 3500 4159 concutiendus

1890 4195 1985 4253 sis.
2021 4195 2190 4249 babes
2223 4205 2403 4251 tamen
2445 4196 2721 4250 recondita
2753 4197 2962 4251 semina
2993 4198 3140 4264 tidei,
3176 4199 3418 4252 utetiam
3456 4200 3499 4253 si

1890 4286 2014 4340 Μία
2047 4286 2309 4357 abjeeerit
2331 4287 2554 4356 Spiritus
2578 4287 2913 4352 invadentis,
2935 4289 3086 4342 radix
3117 4299 3300 4344 tamen
3330 4291 3494 4352 vivet,

1889 4391 1941 4434 et
1985 4398 2090 4434 non
2127 4380 2345 4435 deﬁciet
2379 4380 2512 4436 ﬁdes
2565 4393 2678 4435 tua.
2722 4381 2803 4435 Tu
2845 4396 2976 4456 vero
3034 4397 3333 4439 conversus
3363 4400 3498 4439 con-

1891 4478 2044 4530 firma
2084 4476 2282 4530 fratres
2325 4484 2467 4531 tuos.
2508 4476 2711 4531 Planus
2744 4477 2905 4546 hujus
2939 4477 3250 4532 intellectus
3279 4477 3326 4532 is
3361 4488 3441 4533 est
3476 4498 3492 4537 :

1890 4570 2025 4637 Quia
2064 4581 2113 4625 te
2141 4570 2315 4625 habeo
2347 4579 2404 4623 ut
2425 4571 2728 4640 principem
2757 4570 3175 4642 discipulorum,
3208 4582 3498 4642 postquam

176 4640 249 4692 τὰ
287 4640 586 4710 σπέρματα
621 4646 718 4715 τῆς
743 4645 998 4712 πίστεως.
1041 4651 1162 4704 Κᾶν
1185 4652 1256 4705 τὰ
1291 4653 1467 4722 φύλλα
1499 4658 1689 4729 ἔρριψε
1723 4662 1777 4715 τὲ

1895 4673 2093 4735 negato
2150 4679 2237 4718 tne
2308 4663 2523 4719 fleveris
2572 4673 2629 4718 et
2685 4664 2752 4717 ad
2812 4663 3193 4734 pmnitentiam
3257 4668 3499 4728 veneris,

179 4733 408 4804 πνεῦμα
440 4736 532 4789 τοῦ
568 4739 992 4809 ἐπηρεάζοντος,
1026 4744 1144 4797 ἀλλ’
1175 4748 1206 4816 ή
1249 4747 1374 4818 ῥίζα
1423 4749 1514 4819 ζῇ,
1545 4753 1638 4804 καὶ
1683 4754 1784 4807 οὐκ

179 4829 428 4897 ἐκλείψει
476 4831 507 4901 ἡ
546 4832 728 4896 πίστις
767 4850 882 4890 σου.
916 4836 990 4890 Σὺ
1027 4837 1082 4890 δὲ
1127 4840 1490 4912 ἐπιστρέψας,
1528 4846 1782 4918 στήριξον

180 4925 312 4986 τοὺς
343 4923 610 4989 ἀδελφούς
645 4942 762 4979 σου.
794 4927 867 4982 Τὸ
901 4929 1000 5000 μὲν
1036 4934 1330 5004 πρόχειρον
1367 4937 1579 5003 νοῆσαι,
1635 4941 1780 4992 τοῦτ’

178 5015 357 5077 ἔστιν,
388 5016 468 5069 ὅτι
508 5018 729 5090 Ἐπειδὴ
778 5037 836 5073 σε
892 5022 1003 5075 τῶν
1040 5025 1303 5096 μαθητῶν
1358 5029 1590 5100 ἔξαρχον
1649 5032 1780 5102 ἔχων

187 5109 374 5185 μεθ’,ὃ
399 5111 782 5183 ἀρνησάμενός
809 5133 899 5186 με,
941 5118 1222 5183 κλαύσεις,
1253 5124 1345 5174 καὶ
1378 5126 1457 5186 εἰς
1486 5125 1781 5191 μετάνοιαν

182 5205 373 5290 ἔλθῃς,
411 5206 665 5279 στήριξον
718 5211 843 5274 τοὺς
877 5211 1124 5275 λοιπούς.
1165 5215 1340 5268 Ἰὀῦτο
1373 5217 1482 5288 γὰρ
1512 5221 1782 5290 προσήκει

184 5283 397 5362 σοι’ώς
440 5301 559 5370 μετ’
619 5303 721 5371 ἐμὲ
779 5305 893 5358 ὅντι
929 5308 1027 5376 τῆς
1082 5309 1413 5380 Ἐκκλησίας
1450 5313 1630 5384 πέτρᾳ
1688 5314 1782 5367 καί

184 5394 550 5465 στηρίγματι.
579 5398 809 5467 Νοήσειε
843 5401 886 5453 δ’
920 5403 986 5455 ἄν
1036 5421 1119 5466 τις
1153 5406 1312 5459 τοῦτο
1335 5409 1395 5460 οὐ
1449 5409 1608 5478 μόνον
1653 5411 1783 5476 περὶ

184 5491 301 5542 τῶν
339 5491 460 5543 τότε
487 5491 806 5548 ἀποστόλων
843 5499 1117 5567 εἰρῆσθαι.
1166 5502 1239 5564 ὡς
1279 5502 1344 5555 ἂν
1369 5503 1784 5574 ὑποστηριχθῶ-

187 5603 276 5640 σιν
318 5587 424 5640 ὑπὸ
451 5590 546 5642 τοῦ
577 5591 807 5660 Πέτρου,
839 5594 974 5648 ἀλλὰ
1007 5595 1250 5668 καὶπερὶ
1281 5599 1502 5652 πάντων
1521 5599 1630 5652 τῶν
1656 5601 1783 5669 ἄχρι

183 5681 288 5748 τῆς
313 5683 627 5752 συντελεὲας
653 5685 746 5738 τοῦ
782 5689 976 5752 αἰῶνος
1014 5691 1238 5744 πιστῶν.
1265 5694 1334 5745 Σὺ
1367 5694 1495 5764 γὰρ,
1529 5688 1782 5764 ὧΙῙέτρ;,

185 5778 550 5844 ἐπιστρέψας,
598 5783 762 5833 καλὸν
795 5785 1099 5854 ὑπόδειγμα
1145 5790 1335 5856 ὰενητιῖ
1377 5792 1542 5842 πᾶσιν
1578 5790 1653 5852 εἰς
1688 5806 1784 5855 τιε-

730 5969 754 5977 μ-

270 5965 307 5992 l.’
341 5962 350 5978 Ι
426 5979 470 5994 v.-
699 5967 748 5992 Ιβ-

341 5983 496 6017 ι-σηω.
550 5981 650 6015 ιιι.⁴
703 5989 748 6018 -ι

1897 4758 2162 4813 eOaﬁrma
2199 4766 2449 4813 eazteros.
2485 4755 2600 4812 Hoc
2649 4757 2797 4813 enim
2837 4764 2890 4812 te
2922 4756 3100 4820 decet,
3135 4757 3227 4826 qui
3261 4768 3383 4828 post
3415 4776 3503 4815 mc

1898 4853 1985 4907 lict
2009 4854 2154 4910 Ιρείιε
2182 4863 2336 4923 petra
2373 4866 2432 4907 es
2458 4861 2510 4907 et
2552 4853 2978 4906 ﬁrmamentum.
3019 4851 3357 4906 Intellexerit
3409 4869 3505 4907 au-

1899 4959 2004 4999 tem
2046 4946 2170 5017 quis
2197 4962 2302 5001 non
2331 4945 2507 5000 solum
2536 4945 2600 4997 de
2627 4945 2890 5015 apostolis
2922 4947 3127 5000 dictum
3171 4949 3316 5017 quod
3373 4965 3508 5004 cou-

1899 5040 2096 5094 ﬁrmati
2133 5037 2337 5093 fuerint
2374 5053 2402 5091 a
2436 5038 2618 5104 Petro,
2655 5041 2750 5094 sed
2789 5042 2856 5093 dc
2899 5041 3156 5095 omnibus
3191 5044 3281 5110 qui
3336 5058 3507 5112 ιιεψιο

1901 5135 1966 5189 ad
1999 5135 2539 5189 consummationem
2573 5133 2758 5189 saeculi
2789 5133 2956 5190 futuri
2994 5151 3125 5190 sunt
3177 5136 3386 5193 ﬁdeles.
3424 5136 3505 5192 Tu

1899 5230 2064 5293 enim,
2103 5227 2280 5295 Pctrc,
2323 5242 2641 5293 conversus,
2701 5229 2898 5282 bonum
2957 5229 3264 5299 exemplum
3325 5233 3504 5302 ι)ωηί-

1899 5320 2080 5373 tentia:
2133 5320 2242 5374 eris
2276 5320 2548 5384 omnibus,
2608 5327 2668 5374 ttt
2720 5319 2903 5375 nullus
2936 5321 3278 5376 credentium
3338 5323 3390 5378 in
3453 5334 3504 5380 te

1901 5414 2199 5481 respiciens
2230 5413 2527 5481 desperet:
2565 5413 2656 5483 qui
2715 5431 2835 5469 cum
2899 5417 3177 5486 apostolus
3225 5416 3394 5473 fueris
3448 5430 3504 5472 et

1903 5507 2209 5578 negaturis,
2240 5506 2433 5561 iterum
2493 5519 2671 5563 tamen
2710 5510 2979 5577 receperis
3026 5510 3324 5579 primatum
3382 5526 3505 5564 οιιι-

1903 5599 2073 5664 nium,
2109 5609 2163 5653 et
2195 5599 2580 5668 praefecturam
2617 5601 2766 5654 orbis
2801 5616 2896 5670 per
2946 5601 3348 5669 pwnitentiam.
3396 5599 3502 5656 Ex-

1902 5691 2093 5760 petivit
2140 5692 2325 5762 itaque
2374 5690 2608 5746 Satanas
2640 5693 2886 5746 cribrare
2933 5703 2983 5747 te
3041 5703 3094 5749 et
3132 5693 3326 5749 laedere
3359 5695 3504 5750 sicut

1901 5787 2142 5842 triticum
2211 5802 2404 5854 purum
2441 5785 2733 5853 injicienda
2767 5787 3131 5850 sordidantia,
3177 5797 3364 5855 utpote
3418 5786 3500 5839 iu-
