4100 6334
672 355 810 418 10⁸15

1587 352 2170 413 THEOPHYLACTI
2209 304 3025 415 summissum-11m.

3791 338 3926 403 1076

667 468 862 523 videns
909 466 1074 520 amori
1105 477 1195 520 tuo
1244 464 1299 517 in
1327 479 1432 527 me,
1460 464 1599 515 sicut
1648 464 1694 515 ei
1724 478 1837 517 mos
1864 470 1968 516 est.
2003 460 2136 515 Nam
2169 464 2235 517 sit

2352 466 2593 529 τάνοιαν,
2628 464 2723 517 καὶ
2760 463 2935 525 οὐδεὶς
2971 461 3080 514 τῶν
3105 459 3472 513 πιστευόντων
3523 459 3605 517 εἰς
3656 458 3757 523 ἐμὲ
3798 458 3927 509 ἀπο-

670 563 832 616 etiam
860 559 958 615 Job
989 558 1205 612 invasit.
1259 555 1454 611 Verum
1487 570 1589 625 ego
1616 570 1719 609 non
1754 555 1971 608 nitri-duo
2002 564 2052 609 te
2084 556 2241 610 dere-

667 655 927 723 linquam.
955 662 1014 707 ut
1039 651 1254 705 deficiat
1286 649 1339 703 in
1368 650 1679 703 universum
1720 648 1853 702 fides
1885 658 1992 702 tua.
2036 648 2235 715 Quam-

666 747 751 800 vis
781 752 958 797 autem
987 758 1087 813 ego
1123 744 1425 812 rogaverim
1460 757 1554 809 pro
1589 754 1657 806 te,
1686 749 1927 795 attamen
1964 748 2017 794 tu
2052 755 2116 795 ne
2158 754 2241 796 re.

666 836 887 898 cideris,
922 834 1016 888 sed
1041 836 1485 896 COIIVCI'SIIS,‘IIOC
1518 846 1620 899 est,
1653 835 2023 901 pmuitentiam
2052 849 2237 903 agens,

663 937 718 981 et
753 926 1023 996 lacrymas
1061 924 1411 995 profundens,
1461 934 1515 978 et
1565 940 1595 976 a
1630 924 1914 991 negatione
1970 925 2236 987 resiliens,

661 1030 779 1074 esto
803 1021 965 1074 etiam
985 1019 1104 1073 aliis
1135 1018 1465 1088 pmnitentiae
1498 1018 1795 1087 exemplar,
1830 1033 1895 1073 ue
1925 1019 2233 1088 desperem.

663 1111 799 1178 Quid
824 1112 987 1180 igitur
1020 1111 1246 1165 Petrus?
1270 1109 1431 1165 Multa
1463 1111 1705 1165 charitas
1761 1110 2067 1164 animosum
2113 1127 2235 1164 eum

662 1204 919 1270 reddidit,
953 1213 1011 1258 ut
1050 1204 1373 1271 polliceatur
1411 1218 1530 1272 qun
1560 1203 1663 1259 sibi
1699 1212 1823 1256 tunc
1847 1202 2235 1271 impossibilia;

661 1296 925 1352 Dominus
977 1306 1155 1354 autent
1229 1296 1318 1350 ubi
1395 1275 1531 1349 vidit
1584 1312 1705 1348 eum
1758 1296 2051 1350 temeraria
2089 1296 2234 1365 [equi

662 1390 972 1458 (oportebat
1000 1388 1142 1442 enim
1168 1387 1335 1442 semel
1384 1388 1563 1440 audita
1596 1387 1855 1451 veritate,
1903 1403 2023 1455 quae
2055 1389 2105 1442 ei
2158 1388 2235 1441 di~

663 1483 819 1535 cehat
849 1484 992 1551 quod
1014 1484 1303 1538 lentandus
1319 1494 1485 1546 esset,
1506 1497 1609 1535 non
1635 1480 1911 1549 reluctari)
1930 1479 2236 1534 manifestat

658 1575 707 1628 ei
746 1574 1059 1628 teutatinnis
1094 1575 1354 1641 speciem,
1409 1589 1605 1644 nempe
1638 1573 1805 1645 472
1866 1574 2231 1645 negationem.

658 1664 773 1720 Hoc
804 1674 981 1719 autem
1005 1666 1123 1721 loco
1146 1665 1407 1721 discimus
1442 1680 1692 1736 magnam
1730 1666 2061 1728 doctrinam,
2090 1668 2232 1736 quod

658 1772 768 1811 non
802 1756 1032 1825 sufﬁciat
1087 1758 1415 1826 propositum
1449 1756 1685 1813 hominis
1740 1759 1945 1825 absque
1996 1756 2235 1811 subsidio

658 1850 759 1904 Dei
796 1868 809 1903 :
841 1852 1296 1919 quemadmodum
1337 1860 1392 1905 et
1435 1850 1627 1906 Petrus
1680 1866 1869 1919 parum
1918 1851 2234 1914 derelictus,
2270 1841 2313 1895 Β

659 1940 870 1994 tametsi
910 1942 1326 1997 charitatemac
1374 1941 1644 1997 fervorem
1677 1942 1879 1996 habere
1938 1941 2236 2006 videretur,

658 2032 751 2085 ubi
804 2033 1021 2102 reliquit
1066 2049 1187 2093 eum
1230 2034 1391 2099 Deus,
1450 2034 1824 2103 supplantatns
1866 2028 1975 2090 est'
2005 2036 2072 2090 ab
2131 2034 2237 2088 ini-

658 2121 820 2177 mieo.
856 2121 920 2176 Et
953 2124 1145 2178 iterum
1177 2139 1283 2179 non
1312 2124 1510 2180 sufficit
1546 2126 1640 2181 Dei
1672 2126 2003 2191 subsidium,
2045 2126 2090 2180 si
2133 2140 2237 2181 non

663 2210 881 2267 affuerit
910 2224 965 2267 et
996 2215 1289 2269 lmmanum
1318 2216 1655 2284 propositum
1696 2234 1709 2269 ε
1777 2216 2234 2286 quemadmodum

658 2315 712 2358 et
741 2302 916 2371 Judaa,
965 2305 1101 2359 nihil
1148 2306 1348 2373 profuit
1379 2309 1629 2376 quamvis
1661 2308 1841 2363 omnia
1896 2307 2100 2363 faceret
2136 2309 2239 2363 Do.

655 2397 840 2451 minus
880 2405 937 2450 ut
994 2396 1341 2454 lucrifaceret
1371 2415 1518 2463 eum,
1580 2414 1703 2454 cum
1737 2399 1951 2456 abesset
1982 2401 2031 2456 ei
2096 2402 2236 2457 bona

654 2490 929 2546 voluntas.
960 2490 1291 2547 llorreamus
1317 2502 1495 2547 autem
1520 2493 1952 2557 considerantes,
1973 2504 2237 2563 quantum

655 2594 845 2638 contra
875 2583 1133 2638 remissos
1168 2586 1385 2638 valeant
1412 2584 1621 2639 insidia:
1645 2584 1867 2657 diaboli.
1905 2586 2047 2641 Ecce
2089 2588 2236 2643 enim

654 2683 713 2730 et
741 2674 845 2728 hoc
886 2674 1008 2729 loco
1058 2674 1277 2737 Petrus,
1308 2677 1560 2745 quamvis
1594 2693 1624 2731 a
1656 2676 1766 2733 Deo
1795 2689 2237 2745 conservaretur,

656 2765 785 2836 quia
821 2783 989 2837 parvo
1024 2778 1267 2838 tempore
1297 2784 1394 2837 per
1446 2768 1910 2839 dispensationem
1945 2771 2239 2825 derelictus

656 2867 762 2924 est,
819 2873 883 2912 eo
919 2859 1165 2927 pervenit
1200 2867 1258 2912 ut
1296 2872 1519 2927 negaret
1562 2877 1576 2913 :
1619 2871 1667 2914 et
1706 2860 1809 2914 nisi
1846 2876 1874 2913 a
1923 2861 2031 2915 Deo
2074 2877 2236 2931 parva

654 2952 901 3015 qua‘dam
938 2952 1210 3006 custodita
1265 2950 1498 3005 fuissent
1536 2966 1656 3022 qua:
1716 2953 1769 3007 in
1812 2952 1904 3005 illo
1958 2952 2236 3008 recendita

660 3054 823 3097 erant
852 3044 1085 3109 semina,
1122 3046 1249 3113 quid
1305 3060 1407 3099 non
1441 3061 1634 3113 passus
1690 3046 1914 3100 fuisset?
1969 3046 2045 3101 Eo
2092 3048 2235 3101 enim

655 3139 937 3205 spectabat
973 3137 1241 3199 diabolus,
1270 3146 1328 3191 ut
1355 3145 1409 3191 et
1433 3137 1610 3217 ipsum
1656 3137 1722 3192 ad
1748 3137 2111 3206 proditionem
2142 3139 2228 3192 in.

2353 555 2977 625 γνώσεταιάποὸλέπων
3021 553 3159 623 πρὸς
3212 553 3273 604 σὲ
3326 552 3419 631 τὸν
3474 548 3781 605 ἀπόστολον
3834 552 3929 617 μὲν

2349 654 2498 715 ὅντα,
2536 652 2913 721 ἀρνησάμενον
2938 648 3015 713 δὲ,
3045 647 3139 699 καὶ
3176 645 3332 698 πάλιν
3356 647 3423 697 τὰ
3446 647 3688 713 πρωτεῖα
3712 642 3929 695 πάντων

2350 748 2444 800 καὶ
2486 745 2583 817 τὴν
2612 745 2707 814 τῆς
2729 743 3057 811 οἰκουμένης
3093 739 3418 801 ἐπιστασίαν
3449 738 3687 791 λαϐόντα
3713 738 3803 791 διὰ
3832 738 3926 803 τῆς

2352 838 2659 908 μετανοίας.
2697 837 2965 907 ᾙτήσατο
2991 830 3083 887 οὖν
3117 834 3142 884 ό
3172 832 3417 893 Σατανᾶς
3455 831 3695 884 σινιάσαι
3721 847 3804 893 σε,
3837 830 3925 881 καὶ

2350 932 2549 1002 βλάψαι
2579 931 2768 999 ὥσπερ
2794 932 2938 982 σῖτον
2979 926 3241 995 καθαρὸν,
3275 924 3677 994 παρεμϐάλλων
3715 924 3784 976 τὰ
3832 926 3925 994 ῥυ-

2349 1026 2631 1087 παίνοντα,
2665 1020 2753 1077 οἷα
2774 1023 2837 1094 δὴ
2870 1022 3080 1097 φθονῶν
3114 1038 3196 1073 σοι
3234 1020 3335 1087 τῆς
3366 1020 3501 1089 πρὸς
3534 1019 3633 1087 ἐμὲ
3678 1018 3923 1086 ἀγάπης,

2353 1118 2537 1189 ὥσπερ
2568 1118 2689 1181 εθος
2712 1114 2882 1187 αὐτῷ.
2918 1114 3076 1168 Οὕτω
3108 1114 3216 1183 γὰρ
3275 1113 3370 1165 καὶ
3404 1111 3483 1181 τῷ
3552 1110 3674 1163 ἰὼό
3718 1111 3926 1163 ἐπεδεί-

2347 1216 2479 1277 ξατο
2506 1228 2518 1240 ·
2553 1210 2667 1264 ἀλλ’
2697 1208 2806 1277 ἐγὼ
2826 1208 2889 1261 οὐ
2930 1208 3108 1276 πάντη
3163 1222 3224 1258 σε
3278 1203 3663 1271 ἐγκατέλιπον,
3727 1202 3814 1255 ῖνα
3852 1203 3923 1271 μὴ

2347 1303 2577 1377 ἐκλείπῃ
2602 1306 2633 1373 ἡ
2660 1303 2843 1366 πίστις
2864 1318 2959 1354 σου
2988 1302 3066 1364 είς
3084 1299 3145 1353 τὸ
3178 1296 3457 1360 παντελές.
3493 1297 3555 1349 Εἰ
3574 1294 3669 1349 καὶ
3699 1293 3927 1363 ἐδεήθην

2344 1395 2399 1448 δὲ
2426 1392 2537 1461 ἐγὼ
2575 1394 2736 1457 αὐτὸς
2770 1393 2898 1461 περὶ
2922 1391 3037 1455 σοῦ,
3072 1393 3223 1461 ὅμως
3257 1390 3321 1442 σὺ
3352 1390 3427 1459 μὴ
3474 1388 3778 1457 ἀναπέσῃς,
3810 1386 3927 1441 ἀλλ’

2345 1488 2701 1559 ὶπιστρέψας,
2764 1488 3036 1551 τουτέστι,
3093 1486 3433 1555 μετανοήσας
3477 1482 3574 1535 καὶ
3624 1480 3922 1551 δακρύσας,

2346 1579 2440 1633 καὶ
2472 1580 2579 1632 ἀπὸ
2617 1583 2714 1648 τῆς
2750 1578 3034 1647 ἀρνήσεως
3070 1573 3297 1645 φυγὼν,
3352 1572 3511 1641 γενοῦ
3546 1572 3641 1625 καὶ
3680 1575 3791 1635 τοῖς
3830 1571 3924 1625 ἀλ-

2343 1674 2455 1737 λοις
2495 1675 2704 1733 πιστοῖς
2731 1672 2900 1734 τύπος
2929 1669 3021 1724 τοῦ
3054 1672 3363 1741 μετανοεῖν,
3387 1668 3483 1721 καί⁵
3523 1667 3597 1736 μὴ
3642 1665 3918 1732 ἀπογινώ-

2346 1782 2517 1817 σκειν.
2550 1763 2613 1816 Τί
2651 1758 2745 1817 οὖν
2772 1765 2801 1816 ό
2854 1763 3096 1833 Πέτρος;
3141 1761 3235 1813 Ἐκ
3266 1759 3465 1829 πολλῆς
3517 1759 3740 1829 ἀγάπης
3792 1758 3924 1827 θρα-

2342 1855 2581 1919 σύνεται,
2624 1854 2719 1908 καὶ
2755 1854 3099 1924 ὑπισχνεῖται
3144 1853 3215 1906 τά
3252 1851 3390 1913 τέως
3463 1848 3613 1920 αὖτῷ
3665 1848 3923 1901 ἀδύνατα.

2354 1949 2414 2003 'O
2466 1949 2523 2003 δὲ
2577 1948 2803 2018 Κύριος,
2841 1948 2966 2000 ἐπεὶ
3018 1944 3160 2019 εἶδεν
3216 1945 3382 2000 αὐτὸν
3442 1944 3550 1996 ἀπὸ
3585 1943 3923 2014 προπετείας

2340 2041 2711 2112 φθεγγόμενον
2741 2040 2870 2111 (ἔδει
2906 2040 3016 2111 γὰρ
3044 2037 3192 2103 ἅπαξ
3216 2036 3524 2090 ἀκούσαντα
3610 2035 3712 2104 τῆς
3757 2035 3925 2086 αὑτο-

2341 2134 2608 2205 αληθείας
2633 2135 2896 2207 εἰπούσης
2919 2132 3106 2204 αὐτῷ,
3140 2132 3223 2185 ὅτι
3247 2128 3702 2199 πειρασθήσεται,
3730 2127 3925 2197 μηκέτι

2342 2226 2683 2291 ἀντιτείνειν,
2721 2226 3011 2296 ἀναφαίνει
3044 2222 3194 2294 αὐτῷ
3231 2223 3326 2275 καὶ
3344 2222 3404 2273 τὸ
3434 2216 3575 2283 εῐδος
3603 2220 3700 2272 τοῦ
3732 2235 3923 2288 πειρα-

2344 2318 2506 2387 σμοῦ,
2538 2318 2620 2370 ὃτι.
2671 2317 2901 2389 ἄρνησις
2950 2316 3126 2369 ἔσται.
3176 2313 3461 2367 Ἐντεῦθεν
3491 2312 3544 2363 δὲ
3579 2309 3923 2380 μανθάνομεν

2340 2409 2540 2477 δόγμα,
2568 2408 2649 2461 ὄτι
2680 2408 2781 2460 οὐκ
2811 2408 2973 2473 ἀρκεῖ
2997 2404 3257 2474 πρόθεσις
3296 2402 3586 2474 ἀνθρώπου
3621 2402 3795 2472 χωρίς
3829 2401 3925 2472 τῆς

2339 2498 2435 2553 τοῦ
2468 2496 2955 2569 Θεοῦοὲπικουρίας
2988 2512 3003 2527 ο
3035 2494 3226 2565 ὥσπερ
3264 2493 3359 2547 οὖν
3390 2496 3485 2547 καὶ
3514 2496 3542 2546 ό
3590 2494 3801 2563 Πέτρος
3830 2493 3920 2559 ιγ·

2342 2590 2730 2659 καταλειφθεὶς
2786 2590 2925 2659 πρὸς
2979 2586 3196 2658 μικρὸν,
3240 2588 3288 2638 εί
3330 2588 3424 2640 καὶ
3473 2585 3647 2638 ἐδόκει
3682 2586 3921 2653 ἀγαπᾷν,

2342 2682 2655 2753 θερμότητα
2695 2680 2860 2751 ἔχειν,
2889 2678 3005 2732 ἀλλ’
3038 2679 3187 2747 ὅμως
3213 2676 3306 2730 τοῦ
3332 2676 3467 2729 Θεοῦ
3500 2677 3749 2745 ἀφέντος.
3823 2675 3923 2726 ὑπ-

2343 2774 2640 2843 εσκελίσθη
2678 2772 2756 2843 τῷ
2780 2769 2977 2842 ἐχθρῷ.
3020 2772 3128 2823 Καὶ
3172 2767 3367 2823 αὒοῦκ
3394 2770 3553 2839 ἀρκεῖ
3586 2770 3618 2838 ὴ
3666 2767 3760 2820 τοῦ
3792 2765 3923 2819 Θεοῦ

2342 2866 2660 2936 ἐπικουρία,
2706 2865 2781 2935 μὴ
2823 2865 2916 2917 καὶ
2947 2862 3261 2934 προθέσεως
3319 2862 3670 2932 ἀνθρωπίνης
3701 2860 3870 2929 οὔσης
3900 2876 3913 2890 '

2342 2956 2531 3027 ὥσπερ
2553 2952 2645 3010 οὖν
2680 2957 2775 3010 καὶ
2810 2954 3010 3019 Ἰούδας
3046 2955 3199 3008 οὐδὲν
3230 2952 3510 3024 ὠφελήθη,
3546 2953 3727 3007 καίτοι
3748 2954 3924 3004 πάντα

2343 3050 2625 3112 ποιοῦντος
2646 3049 2740 3102 τοῦ
2770 3050 2978 3120 Κυρίου
3008 3049 3090 3110 είς
3116 3040 3176 3101 τὸ
3212 3048 3477 3119 κερδῆσαι
3501 3047 3663 3101 αὐτόν
3686 3061 3697 3075 ·
3730 3045 3921 3114 προαί-

2345 3160 2491 3215 ρεσις
2526 3143 2633 3212 γὰρ
2658 3143 2806 3213 ἀπῆν
2829 3141 3027 3211 ἀγαθή.
3060 3140 3346 3211 Φρίξωμεν
3376 3136 3468 3193 οὖν
3489 3137 3798 3200 ἐννοοῦντες
3828 3136 3920 3190 τοῦ

655 3228 918 3295 truderet.
965 3248 979 3281 :
1008 3228 1159 3285 Esca:
1179 3231 1322 3283 enim
1344 3198 1580 3294 dialiolo,
1600 3198 1770 3299 inquit
1791 3230 2076 3299 propheta,
2093 3230 2232 3287 elec-

2346 3238 2592 3291 διαεόλου
2625 3238 2721 3302 τὰς
2754 3235 3069 3299 ἐπιϐουλὰς,
3094 3236 3170 3298 ὠς
3201 3232 3452 3304 ἰσχύουσι
3477 3233 3622 3287 κατὰ
3652 3232 3762 3284 τῶν
3795 3250 3921 3301 χαυ-

654 3336 745 3376 tm.
776 3342 794 3374 ι
830 3324 938 3377 Deo
958 3333 1141 3378 autem
1166 3325 1232 3379 sit
1251 3325 1446 3395 gratia,
1475 3324 1690 3392 quinon
1713 3323 2038 3395 derelinqnit
2074 3340 2235 3380 sauc-

654 3426 740 3470 tos
766 3426 821 3469 et
864 3416 1041 3486 justus
1071 3427 1124 3472 et
1158 3418 1329 3473 bonos
1374 3418 1541 3473 corde
1589 3436 1601 3469 :
1662 3418 1837 3487 qualis
1873 3431 1989 3473 erat
2023 3418 2235 3483 Petrus,

651 3509 807 3562 valde
838 3524 1055 3575 amans,
1081 3522 1135 3566 et
1180 3512 1389 3566 alienus
1422 3528 1451 3565 a
1518 3511 1676 3565 malis
1728 3526 1856 3582 erga
1914 3511 2231 3583 Magistrum

657 3606 1083 3673 suspicionibus.

2340 3330 2597 3399 νοτέρων.
2644 3327 2775 3379 Ἰδοὺ
2827 3326 2938 3397 γὰρ
2968 3324 3203 3381 ἐνταῦθα
3242 3323 3269 3373 ό
3309 3324 3542 3393 Πέτρος,
3602 3323 3781 3375 καίτοι
3821 3321 3922 3374 ὑπὸ

2340 3422 2476 3475 θεοῦ
2528 3420 3033 3491 συγκρατοὺμενος,
3062 3420 3211 3488 ὅμως
3244 3417 3379 3471 διότι
3406 3418 3598 3488 μικρὸν
3651 3418 3921 3485 οἰκονομι-

2337 3517 2451 3580 κῶς
2482 3507 2902 3584 ἐγκατελείφθη,
2936 3517 3016 3573 εἰς
3040 3514 3271 3584 ἄρνησιν
3302 3511 3585 3583 ἀπηνέχθη
3614 3529 3627 3543 ·
3671 3516 3721 3564 εί
3744 3513 3920 3565 τοίνυν

2342 3608 2416 3678 μὴ
2444 3608 2697 3677 ἐτηρεῖτο
2727 3606 2833 3659 ὑπὸ
2862 3605 3022 3668 Θεοῦ,
3053 3609 3147 3658 καὶ
3178 3605 3474 3676 σπέρματα
3504 3607 3561 3657 ἐν
3612 3604 3761 3671 αὑτῷ
3792 3606 3921 3656 ἀπο-

653 3698 881 3767 κείμενα
908 3692 975 3766 ἦν
1008 3696 1209 3765 ἀγαθὰ,
1244 3699 1296 3750 τί
1320 3700 1420 3751 οὐκ
1446 3699 1511 3752 ἂν
1546 3699 1775 3765 ἔπαθεν;
1816 3700 1875 3753 Ὀ
1906 3701 2014 3771 γὰρ
2039 3700 2237 3761 σκοπὸς
2276 3699 2353 3768 τῷ
2410 3699 2642 3769 διαϐόλῳ
2666 3695 2755 3769 ἦν,
2812 3700 2906 3752 καὶ
2933 3698 3123 3753 τοῦτον
3162 3701 3241 3763 είς
3272 3700 3564 3769 προδοσίαν
3594 3697 3767 3769 ῥίψαι.
3800 3719 3817 3748 ‹
3844 3699 3919 3749 Ti

654 3792 765 3860 γὰρ
800 3788 1069 3861 βρώματα
1097 3790 1455 3863 τῷδιαόόλῳ,
1483 3794 1650 3863 φησιν
1695 3797 1722 3847 ὁ
1783 3795 2089 3864 προφήτης,
2160 3792 2411 3847 ἔκλεκτά,
2484 3814 2501 3843 ι
2572 3794 2745 3862 Χάρις
2796 3792 2854 3846 δὲ
2891 3792 3009 3863 Θεῷ
3046 3793 3125 3864 τῷ
3152 3795 3255 3846 οὐκ
3302 3791 3753 3859 ὲγκαταλείποντι
3798 3793 3917 3850 τοὺς

651 3884 855 3948 ὁσίους,
890 3885 986 3938 καὶ
1013 3884 1279 3951 δικαίους,
1335 3886 1430 3939 καὶ
1476 3887 1718 3954 ἀγαθοὺς
1760 3890 1827 3955 τῇ
1860 3887 2075 3959 καρδίᾳ,
2114 3880 2224 3950 οἷος
2286 3882 2353 3957 ἧν
2385 3890 2412 3940 ό
2464 3887 2689 3958 Πέτρος,
2734 3886 3114 3958 φιλόστοργος,
3147 3887 3243 3941 καὶ
3305 3886 3435 3956 περὶ
3463 3885 3554 3939 τὸν
3591 3887 3919 3941 Δ;δάσκιλον

654 3978 837 4047 πάσης
875 3979 1117 4047 πονηρᾶς
1156 3978 1411 4041 ὑπονοίας
1435 3979 1732 4049 ἀλλότριος.

729 4072 893 4128 Vsus.
928 4073 1122 4131 55-58.
1160 4094 1182 4125 ι
1227 4074 1292 4127 Ει
1343 4076 1476 4129 dixit
1504 4077 1628 4129 eis:
1683 4075 1911 4141 Quando
1972 4078 2093 4131 misi
2148 4094 2241 4133 vos

654 4168 771 4222 sine
808 4168 1028 4220 Saeculo
1056 4178 1108 4220 et
1136 4183 1262 4236 pera
1294 4177 1347 4221 et
1378 4168 1783 4232 calceamentis,
1819 4185 1944 4221 num
1983 4169 2109 4236 quid
2140 4170 2238 4222 de-

655 4260 758 4313 fuit
784 4258 970 4313 vobis?
998 4260 1066 4312 At
1109 4260 1183 4311 illi
1224 4260 1478 4313 dixerunt
1514 4276 1526 4313 :
1561 4259 1725 4315 Nihil.
1770 4261 1913 4315 Dixit
1968 4277 2096 4331 ergo
2123 4262 2236 4316 eis:

656 4352 763 4405 Sed
818 4368 960 4405 nunc
989 4351 1078 4420 qui
1117 4352 1273 4405 habet
1341 4352 1639 4420 sacculum,
1682 4354 1831 4408 tollat
1890 4354 2142 4409 similiter
2186 4366 2238 4408 et

652 4458 880 4512 peram:
942 4453 993 4497 et
1030 4444 1119 4511 qui
1158 4459 1261 4496 non
1310 4445 1488 4508 habet,
1531 4448 1726 4499 vendat
1778 4448 2015 4501 tunicam
2060 4464 2236 4512 suam,

655 4547 709 4587 ct
738 4546 883 4589 emat
912 4536 1166 4605 gladium.
1203 4534 1495 4590 Dicm-nim
1531 4539 1701 4597 vobis,
1731 4541 1987 4606 intoniam
2052 4540 2228 4593 adhuc

654 4628 759 4680 hoc
794 4627 935 4695 quod
995 4628 1257 4695 scriptum
1297 4636 1380 4680 cst
1446 4638 1656 4694 Opnrtvt
1706 4630 1891 4698 perﬁci
1934 4632 1985 4682 in
2022 4646 2127 4696 me,
2166 4631 2232 4683 Et

656 4736 780 4772 cum
818 4720 1018 4784 iniquis
1067 4722 1355 4787 deputatus
1400 4730 1482 4773 est
1506 4722 1569 4773 ’°.
1610 4720 1821 4775 Etenim
1862 4738 1921 4776 ea
1959 4738 2077 4787 quia:
2111 4732 2233 4776 sunt

656 4810 721 4863 de
754 4824 857 4869 me,
903 4809 1062 4861 finem
1102 4810 1321 4863 habent.
1385 4812 1451 4863 At
1484 4811 1557 4865 illi
1614 4812 1863 4866 dixerunt
1916 4831 1928 4865 :
1977 4811 2221 4875 Domine,

654 4916 779 4955 ecce
809 4903 914 4954 duo
940 4900 1100 4969 gladii
1134 4901 1239 4954 hic.
1286 4904 1347 4953 At
1390 4903 1480 4957 ille
1511 4905 1647 4957 dixit
1689 4905 1766 4958 eis
1809 4921 1821 4957 :
1874 4904 2018 4958 Satis
2062 4916 2162 4958 est.
2203 4925 2219 4954 ι

656 4997 710 5047 ln
736 4994 1000 5062 principio
1024 4995 1239 5062 quidem
1272 4997 1665 5064 pra'dicationis
1699 4999 1914 5051 mittens
1937 4997 2231 5065 discipulos

658 5085 918 5139 Dominus
951 5085 1000 5135 in
1028 5084 1240 5137 castella
1286 5095 1341 5138 et
1366 5086 1635 5149 civitates,
1671 5092 1875 5154 ειΙιεψισι
1907 5088 2232 5141 necessariis

657 5174 885 5233 dimisit,
920 5188 1093 5240 neque
1124 5173 1271 5227 dedit
1300 5176 1496 5240 uirilius
1558 5177 1828 5230 habebant
1855 5193 2008 5244 opus,
2063 5194 2235 5245 neque

659 5279 847 5315 curam
872 5279 1063 5331 gerere
1093 5264 1321 5317 volchat.
1357 5266 1503 5333 Ipsos
1531 5268 1673 5319 enim
1698 5271 1855 5321 etiam
1883 5270 1934 5322 in
1959 5273 2040 5323 his
2072 5288 2234 5338 opor-

660 5357 805 5408 tebat
844 5357 1055 5409 discere
1084 5356 1199 5422 ejus
1252 5359 1526 5411 virtutem.
1584 5360 1797 5413 Illorum
1840 5364 1985 5416 enim
2041 5380 2229 5417 curam

660 5449 868 5503 habens
910 5459 1165 5515 tanquam
1218 5448 1577 5513 infirmorum,
1648 5452 1881 5506 faciebat
1931 5456 2009 5510 eis
2053 5458 2230 5509 omnia

661 5544 967 5593 necessaria
1008 5541 1229 5597 affluere
1284 5543 1491 5595 abunde
1536 5544 1667 5596 citra
1724 5547 1963 5616 ipsorum
2021 5564 2229 5601 Cttrntn.

661 5628 813 5685 Nunt:
868 5642 1043 5685 autem
1103 5636 1377 5688 contraria
1439 5637 1700 5707 pra‘cipit,
1754 5654 1858 5693 non
1924 5642 2231 5696 contrarius

735 5809 915 5863 "15a.
960 5828 1072 5877 Litt,
1119 5811 1198 5863 12.

2263 4488 2317 4547 D

2415 4093 2433 4124 ι
2468 4075 2576 4127 Καὶ
2606 4067 2761 4125 εἶπεν
2794 4070 2980 4133 αὐτοῖς
3007 4087 3020 4100 ο
3072 4069 3203 4121 Ὅτε
3252 4068 3550 4122 ἀπέστειλα
3599 4070 3749 4137 ὑμᾶς
3792 4070 3919 4137 ἄτερ

2341 4166 2649 4237 βαλαντίου,
2690 4163 2785 4217 καὶ
2816 4162 3020 4231 πήρας,
3071 4160 3165 4213 καῖ
3211 4160 3600 4231 ὑποδημάτων,
3661 4164 3735 4231 μή
3780 4179 3917 4225 τινος

2339 4258 2709 4328 ὑστερήσατε;
2743 4256 2806 4306 Oi
2844 4252 2899 4304 δὲ
2936 4248 3089 4305 εἷπον
3130 4268 3145 4282 ·
3186 4251 3439 4311 Οὐδενός.
3476 4249 3647 4305 Εἶπεν
3699 4249 3792 4307 οὖν
3823 4255 3917 4306 αὑο

2338 4353 2485 4412 τοῖς·
2541 4347 2704 4400 ⁹Α).λά
2748 4345 2843 4399 νῦν
2890 4347 2918 4398 ὁ
2956 4345 3098 4414 ἔχων
3151 4344 3459 4414 βαλάντιον,
3499 4346 3689 4415 ἀράτω
3720 4346 3913 4414 ὁμοίως

2346 4444 2440 4494 καὶ
2467 4440 2651 4510 πήραν
2684 4454 2695 4467 ⁸
2739 4440 2833 4491 καὶ
2864 4440 2891 4491 ό
2926 4438 3000 4507 μὴ
3032 4437 3195 4506 ἔχων,
3254 4436 3564 4508 πωλησάτω
3590 4438 3652 4491 τὸ
3709 4439 3917 4508 ἱμάτιον

2343 4531 2529 4597 αὑτοῦ,
2568 4531 2661 4583 καὶ
2702 4530 3028 4599 ἀγορασάτω
3063 4529 3360 4600 μάχαιραν.
3415 4530 3574 4599 Λέγω
3621 4531 3731 4599 γὰρ
3773 4533 3912 4601 ὑμῖν,

2339 4626 2421 4677 ὅτι
2452 4624 2532 4676 ἔτι
2582 4624 2741 4676 τοῦτο
2790 4624 2849 4674 τὸ
2920 4622 3317 4691 γεγραμμένον
3357 4622 3439 4674 δεῖ
3485 4623 3815 4690 τελεσθῆναι
3863 4628 3913 4676 ἐν

2344 4720 2486 4789 ἐμοὶ,
2531 4718 2613 4780 τὸ,
2646 4719 2754 4769 Καὶ
2794 4716 2931 4785 μετὰ
2985 4716 3207 4783 ἀνόμων
3239 4714 3495 4782 ἐλογίσθη
3518 4731 3530 4743 ·
3589 4717 3683 4767 καὶ
3713 4716 3821 4785 γὰρ
3853 4716 3913 4766 τὰ

2340 4814 2471 4880 περὶ
2510 4811 2643 4877 ἐμοῦ
2681 4810 2827 4870 τέλος
2860 4809 2990 4877 ἔχει.
3024 4809 3086 4861 Οἱ
3118 4808 3173 4859 δὲ
3206 4802 3357 4859 εἷπον
3384 4824 3395 4835 ³
3432 4807 3629 4883 Κόριε,
3681 4808 3791 4862 laci;
3819 4802 3910 4861 ὧδε

2346 4904 2610 4973 μάχαιραι
2636 4902 2749 4953 δύο.
2785 4902 2843 4954 Ὀ
2868 4902 2925 4954 δὲ
2951 4898 3104 4953 εἶπεν
3156 4900 3340 4961 αὐτοῖς
3392 4916 3404 4928 '
3446 4898 3653 4953 Ἱκανόν
3693 4904 3861 4953 ἐστιν.
3891 4919 3906 4949 ι

2337 4996 2429 5048 Ἐν
2459 4996 2599 5065 ἀρχῇ
2630 4994 2681 5063 μ’
2718 5015 2729 5038 ι
2762 4993 2853 5045 τοῦ
2882 4992 3259 5063 κηρύγματος,
3306 4991 3539 5044 στέλλων
3561 4994 3689 5051 τοὺς
3739 4992 3910 5060 μαθη-

2335 5088 2432 5145 τὰς
2457 5091 2483 5139 ὀ
2514 5088 2710 5155 Κύριο,
2742 5088 2830 5139 ἐπὶ
2860 5087 2957 5148 τὰς
2987 5085 3179 5152 κώμας
3216 5085 3311 5137 καὶ
3350 5086 3554 5149 πίλεις,
3583 5089 3901 5157 ἀπερῐττους

2339 5179 2662 5243 ἀπέστελλε,
2719 5179 2886 5249 μηδὲν
2930 5179 3311 5247 ὲπα’γομένους
3356 5179 3639 5248 χρειῶδες,
3694 5180 3907 5250 μηδενὸς

2339 5272 2746 5341 φροντίζοντας.
2790 5271 2937 5322 Ἔδει
2974 5274 3082 5339 γὰρ
3112 5271 3311 5333 αὐτοὺς
3367 5271 3560 5339 μαθεῖν
3596 5275 3694 5340 την
3749 5269 3905 5324 αὐτοῦ

2340 5364 2569 5431 δύναμιν
2601 5365 2694 5416 καὶ
2724 5364 2781 5415 ὲν
2808 5365 2919 5425 τοῖς
2943 5363 3229 5424 τοιούτοις.
3266 5362 3437 5424 Αὐτὸς
3484 5362 3595 5430 γὰρ
3624 5362 3904 5431 κηδόμενος

2341 5457 2520 5511 αὐτῶν
2545 5456 2618 5519 ὡς
2638 5455 2899 5518 ἀσθενῶν,
2923 5456 3170 5523 ἀφθόνως
3194 5454 3366 5507 ἐποίει
3385 5456 3570 5518 αὐτοῖς
3599 5456 3668 5508 τά
3687 5455 3901 5526 χρειώδη

2342 5550 2585 5619 ὲπιρρεῐν
2620 5550 2709 5599 καί
2742 5546 3135 5615 ἀφροντίστως.
3163 5545 3278 5597 Νῦν
3310 5546 3365 5599 δὲ
3391 5544 3459 5598 τά
3493 5546 3714 5599 ἐναντία
3734 5544 3900 5597 διακε-

2340 5639 2578 5704 λεύεται,
2612 5640 2711 5691 οὐκ
2745 5636 3153 5707 ἱναντιούμενος
3188 5636 3385 5708 ἑαυτῷ,
3408 5638 3542 5691 ἀλλά
3570 5638 3782 5700 δεικνᾟς
3812 5637 3898 5691 αὖ·
