4100 6334
204 361 346 426 1077

905 356 1356 419 ENARRATIO
1399 356 1476 416 ΙΝ
1521 355 1838 417 ΕνΑΝθΕι

1947 354 2025 414 ΠΙ
2068 354 2306 417 LUCtE.
2333 380 2399 389 -
2426 354 2588 415 CAP.
2626 349 2827 414 ΧΧΙῙ.

3382 346 3527 412 ιθἸθ

202 487 322 546 τοῖς
356 483 435 535 ὅτι
473 478 631 552 μέχρι
666 478 765 546 μὲν
806 477 901 532 νῦν
944 478 1019 542 ὡς
1055 478 1245 533 παιδία
1306 477 1661 542 διεόἀσταζε,
1716 478 1813 530 καὶ

1951 476 2021 530 ibi
2050 476 2175 545 ipsi,
2204 476 2297 531 sed
2325 476 2625 531 ostendens
2654 476 2737 529 eis
2775 472 2922 543 quod
2955 487 3129 542 usque
3159 474 3224 527 ad
3259 472 3364 528 hoc
3383 482 3523 526 tem-

203 574 425 636 οῦδενδς
458 573 657 635 αὐτοὺς
682 570 857 624 ἐποίει
891 571 1225 641 φροντίζειν.
1254 571 1363 624 ἀπὸ
1391 571 1486 625 τοῦ
1509 570 1604 623 νῦν
1628 569 1683 622 δὲ
1705 568 1813 640 χρὴ

209 671 316 723 καὶ
359 667 558 729 αὐτοὺς
591 665 659 718 τά
686 664 798 717 τῶν
838 664 1051 733 ἀνδρῶν
1076 666 1294 733 φρονεῖν
1326 664 1423 715 καὶ
1460 661 1812 735 προνοεῖσθαι

211 760 449 816 ἑαυτῶν.
493 757 633 826 Ἐγὼ
661 754 792 828 γὰρ,
818 757 1005 826 φησιν,
1030 759 1056 808 ὀ
1085 755 1269 823 πατὴρ
1292 755 1447 825 ὑμῶν
1468 758 1495 808 ὁ
1515 755 1813 824 κηδόμενος

212 854 322 923 ήδη
355 850 705 920 ἀπέρχομαι·
736 848 843 901 ἀπὸ
876 848 971 900 τοῦ
997 846 1093 900 νῦν
1140 847 1433 901 ἐνδύσασθε
1460 848 1596 917 πρὸς
1628 847 1687 899 τὸ
1719 848 1815 900 καὶ

172 954 179 960 “
212 944 374 998 αὐτοὶ
398 939 709 1011 φροντίζειν
736 940 847 992 τῶν
876 943 1118 1005 οἰκειων,
1148 942 1245 992 καὶ⁹
1269 940 1344 1011 μὴ
1375 940 1555 995 πάντα
1591 940 1816 1011 θαρρεῖν

213 1035 366 1105 ἐμοί.
399 1034 536 1088 Οὐδὲ
558 1034 668 1104 γὰρ
710 1033 940 1086 τοιαῦτα
975 1032 1106 1103 ὑμῖν
1137 1032 1356 1087 ἔσονται
1379 1034 1447 1087 τά
1480 1034 1814 1105 πράγματα,

222 1129 345 1200 ῥᾴω
372 1144 433 1179 τε
463 1128 557 1180 καὶ
584 1127 782 1189 ἄποια,
813 1124 953 1178 ἀλλά
985 1126 1079 1178 καὶ
1131 1125 1316 1197 πείνῃ,
1372 1125 1469 1179 δια)⁸
1518 1123 1670 1197 δίψῃ,
1723 1125 1820 1176 καὶ

217 1222 625 1293 ἀντικειμένοις
656 1220 870 1283 πολλοῖς
902 1222 1312 1289 περιπεσεῖσθε.
1350 1221 1537 1275 Ταῦτα
1582 1221 1691 1292 γὰρ
1730 1222 1818 1273 αί-

221 1315 471 1368 νίττεται
500 1314 585 1367 διὰ
616 1314 709 1365 τοῦ
738 1312 1049 1380 βαλαντίου,
1083 1315 1178 1366 καὶ
1219 1313 1318 1383 τῆς
1359 1315 1565 1384 πήρας,
1599 1316 1694 1367 καὶ
1721 1314 1821 1383 τῆς

226 1406 529 1477 μαχαίρας.
564 1404 656 1456 Διὸ
708 1405 1006 1475 ἀνάστητε,
1064 1405 1139 1467 ὠς
1184 1407 1279 1458 καὶ
1316 1408 1691 1477 πεινήσοντες,
1727 1404 1823 1460 καὶ

222 1498 547 1569 δεησόμενοι
603 1496 912 1567 βρωμάτων
950 1514 962 1526 ·
1024 1496 1053 1549 δ
1110 1496 1216 1550 διὰΔ
1248 1501 1349 1569 τῆς
1396 1500 1580 1569 πήρας
1652 1500 1825 1552 αἰνίτ-

224 1608 407 1643 τεται.
477 1590 586 1642 Καὶ
648 1588 993 1658 ἀνδρίζεσθε,
1066 1588 1141 1652 ὡς
1208 1591 1615 1661 ἀντικειμένοις
1691 1593 1822 1644 πολο

224 1686 343 1748 λοῖς
377 1682 869 1754 περιπεσούμενοι·
910 1684 938 1736 δ
976 1684 1064 1739 διὰ
1106 1685 1205 1754 τῆς
1268 1686 1543 1757 μαχαίρας
1598 1687 1803 1757 ἐμφαί-

229 1796 336 1830 νει.
361 1777 545 1846 Ταῦτα
579 1777 634 1831 δὲ
662 1778 832 1846 λέγει,
864 1770 963 1849 ὁύχ
997 1780 1082 1832 ἴνα
1117 1779 1340 1842 πάντως
1376 1781 1654 1851 μαχαίρας
1706 1784 1797 1833 ἐπι

1921 586 2020 639 pus
2047 579 2304 638 tanquam
2338 569 2595 637 parvulos
2620 567 2867 637 gestarit,
2895 577 2948 621 et
2976 582 3081 621 non
3110 564 3306 620 fecerit
3327 579 3421 618 eos
3458 568 3524 615 de

1920 681 2193 737 quoquam
2238 662 2528 719 sdllicitos.
2564 661 2723 716 Nunc
2774 671 2958 715 autem
3017 675 3153 729 opus
3190 667 3275 712 est
3328 657 3409 711 eis
3471 668 3530 709 ut

1922 769 2119 814 curent
2160 774 2222 813 ea
2262 772 2403 825 ,qua:
2434 756 2685 810 virorum
2737 760 2888 817 sunt,
2928 762 2982 807 et
3045 752 3374 821 provideant
3426 750 3527 803 sibi

1922 851 2079 919 ipsis.
2110 850 2220 919 Ego
2255 849 2426 911 enim,
2465 847 2669 915 inquit,
2696 858 2854 916 pater
2901 854 3110 909 vester,
3140 843 3305 897 vestri
3340 859 3530 895 curam

1922 957 2120 1012 gerens
2152 940 2260 1010 iam
2290 940 2447 993 abeo.
2489 941 2568 993 Ex
2615 941 2721 993 hoc
2762 950 3007 1008 tempore
3034 937 3209 1007 parati
3248 942 3447 998 estote,
3479 942 3535 985 (ιι

1926 1036 2027 1107 ιι)δί
2061 1050 2243 1090 rerum
2279 1037 2628 1108 propriarum
2663 1048 2852 1089 curam
2880 1032 3077 1102 gerite,
3131 1037 3187 1083 et
3218 1030 3387 1082 nolite
3411 1043 3529 1081 Olit-

1931 1146 2057 1185 nem
2100 1145 2290 1185 curam
2332 1132 2384 1185 in
2420 1146 2506 1186 me
2524 1128 2774 1199 rejicere.
2797 1126 2978 1196 Opera
3006 1114 3153 1179 enim
3193 1134 3374 1179 vestra
3427 1136 3533 1175 nun

1926 1232 2090 1279 erunt
2110 1233 2219 1277 tam
2238 1223 2445 1291 facilia,
2473 1232 2526 1279 et
2558 1222 2791 1278 alahore
2815 1219 2993 1274 aliena
3019 1237 3030 1272 :
3059 1217 3153 1271 sed
3172 1215 3395 1271 obnoxii
3424 1215 3536 1268 eri-

1928 1317 1997 1371 tis
2021 1316 2150 1370 fatui
2165 1327 2217 1371 et
2234 1318 2346 1379 siti,
2367 1326 2422 1371 et
2443 1316 2627 1370 multis
2642 1314 2912 1369 adversis.
2940 1312 3066 1367 Hmc
3087 1310 3234 1365 enim
3250 1309 3537 1363 insinuau-

1928 1418 2017 1464 tur
2044 1426 2143 1480 per
2170 1413 2450 1465 sacculum
2498 1418 2555 1464 et
2576 1425 2762 1479 peram
2798 1424 2864 1463 ac
2895 1404 3157 1477 gladium.
3187 1402 3424 1458 Proinde
3469 1416 3538 1455 ne

1929 1505 2052 1559 silis
2085 1505 2265 1575 ignavi
2312 1524 2324 1560 :
2360 1504 2488 1573 quia
2516 1514 2567 1558 et
2593 1503 2796 1559 famem
2831 1500 3109 1571 experturi
3136 1498 3290 1564 estis,
3314 1505 3371 1552 et
3397 1510 3538 1565 opus

1931 1599 2207 1653 habebitis
2246 1598 2467 1663 eduliis,
2502 1613 2623 1666 qua:
2655 1613 2751 1666 per
2802 1612 2989 1667 peram
3022 1594 3315 1663 significat.
3357 1589 3425 1644 Et
3458 1590 3538 1642 vi-

1935 1688 2061 1744 riles
2091 1687 2256 1761 573
2281 1698 2476 1755 estote,
2508 1688 2635 1758 quia
2676 1689 2728 1741 in
2766 1687 2934 1742 multa
2966 1690 3201 1739 adversa
3234 1682 3490 1736 incidetis
3518 1698 3533 1733 :

1933 1787 2077 1857 quod
2109 1801 2206 1857 per
2230 1786 2467 1856 gladium
2504 1783 2730 1839 indicat.
2772 1780 2900 1835 Haec
2937 1790 3118 1833 autem
3158 1776 3314 1840 dicit,
3340 1790 3448 1828 non
3479 1782 3539 1827 ιιι

232 1869 531 1942 σύρωνται,
558 1870 698 1933 ἀλλ’,
734 1870 807 1933 ὡς
843 1871 1001 1939 ἔφην,
1032 1874 1157 1933 τοὺς
1204 1872 1480 1942 πολέμους
1515 1850 1828 1945 αίνιττόμε-

1947 1850 2160 1935 ouliiino
2194 1850 2393 1949 gladiis
2434 1878 2546 1932 sint
2595 1876 2855 1941 accincti,
2911 1872 3122 1949 sed,‘ut
3147 1867 3283 1932 dixi,
3323 1865 3537 1935 signiti-

229 1980 325 2025 νος
360 1964 454 2016 καὶ
484 1964 611 2026 τοὺς
642 1962 945 2028 κινδύνους,
983 1966 1072 2017 καὶ
1101 1966 1238 2036 πρὸς
1271 1967 1449 2019 πάντα
1478 1986 1831 2039 παρεσκευα-

232 2056 469 2124 σμένους
504 2052 643 2109 εἶναι
679 2057 1100 2127 εἰσηγούμενος.
1137 2057 1256 2112 Ἰνα
1286 2060 1394 2131 γὰρ
1430 2061 1504 2130 μὴ
1533 2060 1832 2131 νομίσωσιν

229 2149 284 2201 oi
322 2149 640 2217 μετέπειτα,
669 2149 750 2201 ὅτι
777 2148 931 2203 οὐδὲν
960 2152 1093 2219 παρ’
1119 2152 1330 2205 ἑαυτῶν
1354 2154 1401 2205 οί
1436 2154 1727 2208 ἀπόστολοι
1752 2158 1832 2219 είς

231 2239 338 2308 τὴν
383 2241 587 2311 ἀρετήν
640 2242 1090 2312 συνεισήνεγκαν,
1130 2243 1268 2297 ἀλλά
1300 2246 1361 2297 τὸ
1398 2248 1508 2300 πᾶν
1548 2246 1645 2300 τοῦ
1694 2247 1833 2300 Θεοῦ

232 2327 330 2400 ἦν,
388 2330 464 2384 Οὐ
518 2329 702 2397 τοῦτο,
763 2334 951 2401 φησιν,
1007 2332 1159 2387 ἔσται
1215 2334 1412 2397 οὕτως.
1445 2336 1584 2390 Οὐδὲ
1609 2337 1718 2409 γάρ
1758 2338 1834 2403 ὡς

233 2422 471 2493 ἀψύχοις
491 2422 748 2495 ὀργάνοις
777 2423 1041 2495 βούλομαι
1066 2428 1180 2491 τοῖς
1205 2428 1359 2499 ἐμοῖς
1394 2429 1665 2498 μαθηταῖς
1695 2431 1835 2502 χρῆ-

236 2514 390 2582 σθαι,
426 2515 562 2570 ἀλλά
588 2518 684 2570 καὶ
716 2518 785 2569 τά
810 2518 941 2588 παρ’
970 2520 1182 2574 ἑαυτῶν
1209 2520 1456 2590 ἐπιζητῶ
1499 2523 1837 2595 προσφέρειν

235 2607 463 2672 αύτούς.
498 2609 719 2678 Ἀμέλει
755 2611 848 2663 καὶ
884 2612 1144 2683 εὑρήσεις
1175 2615 1306 2677 τοὺς
1336 2616 1697 2681 ἀποστόλους,
1739 2619 1835 2670 καὶ

240 2700 482 2771 μάλιστα
518 2702 732 2756 Παῦλον
765 2704 937 2757 πολλά
962 2707 1055 2758 καὶ
1083 2705 1143 2770 ἐξ
1170 2708 1424 2760 ἐπινοιῶν
1471 2708 1835 2780 ἀνθρωπίνων

236 2791 617 2863 κατορθοῦντα
650 2794 768 2865 (καὶ
798 2796 1076 2863 ἀνάγνωθι
1131 2798 1232 2862 τάς
1277 2799 1570 2872 Πράξεις)ο
1607 2802 1752 2873 πλὴν
1779 2804 1837 2856 ὲν

237 2886 471 2948 ταύταις
500 2887 599 2940 οὐκ
628 2888 778 2959 ἀπῆν
814 2891 845 2958 ή
880 2889 973 2943 τοῦ
1013 2890 1150 2945 Θεοῦ
1196 2893 1458 2963 βοήθειαο
1493 2893 1610 2965 ἅμα
1652 2896 1710 2950 δὲ
1742 2899 1838 2951 καὶ

237 2978 553 3049 ὠφελοῦντο
590 2982 638 3034 οί
670 2981 960 3035 ἀπόστολοι
993 2983 1072 3045 εἰς
1128 2984 1189 3035 τὸ
1238 2984 1444 3054 ἄτυφον
1498 2987 1564 3039 ὲκ
1620 2988 1835 3044 τούτου.

243 3070 306 3123 Εἰ
340 3070 450 3139 γὰρ
477 3072 570 3125 καὶ
598 3072 753 3125 αὐτοὶ
781 3072 1011 3142 μηδενὸς
1042 3073 1447 3143 φροντίζοντες,
1485 3077 1664 3131 πάντα
1688 3082 1840 3149 παρὰ

1937 1988 2070 2029 Caus
2108 1972 2246 2027 bella
2279 1981 2333 2026 et
2372 1968 2637 2040 pericula,
2672 1966 2954 2023 etdocens
2985 1944 3146 2017 ut‘ad
3183 1962 3365 2014 omnia
3400 1974 3543 2028 prm-

1940 2066 2113 2137 parati
2182 2066 2313 2119 sint.
2360 2064 2493 2117 Nam
2534 2078 2603 2117 ne
2643 2061 2961 2116 existiment
3009 2055 3345 2125 posteriores
3398 2050 3542 2121 quod

1941 2158 2171 2230 apostoli
2212 2172 2278 2213 et
2337 2171 2395 2210 se
2442 2155 2575 2208 nihil
2624 2156 2689 2208 ad
2735 2154 2996 2207 virtutem
3057 2147 3412 2211 contulerint,
3450 2144 3546 2199 sed

1941 2262 2110 2308 totum
2144 2251 2235 2304 Dei
2273 2248 2435 2303 fuerit
2478 2265 2514 2301 ι’
2538 2244 2656 2300 Νυιι
2685 2248 2787 2300 hoc
2812 2245 2938 2309 erit,
2984 2242 3184 2312 inquit,
3221 2240 3321 2295 sic.
3360 2236 3549 2307 Neque

1940 2345 2085 2399 enim
2118 2341 2384 2413 apostolis
2425 2340 2562 2395 meis
2594 2339 2670 2394 uti
2705 2338 2825 2393 volo
2856 2347 2913 2392 ut
2949 2333 3337 2391 instrumentis
3368 2332 3549 2386 inani-

1941 2439 2142 2494 matis:
2178 2439 2273 2492 sed
2307 2445 2361 2490 et
2389 2450 2511 2505 quae
2544 2434 2613 2487 ab
2656 2433 2790 2501 ipsis
2844 2441 2969 2485 sunt
3014 2432 3161 2499 ipsos
3210 2426 3427 2481 adferre
3451 2441 3543 2493 pn-

1940 2531 2103 2586 stulo.
2144 2528 2387 2598 Denique
2422 2525 2673 2581 invenies
2701 2522 3003 2595 apostolos,
3037 2530 3093 2576 et
3127 2519 3363 2573 maxime
3392 2517 3501 2569 Pan
3523 2543 3538 2554 -

1942 2624 2076 2685 lum,
2111 2622 2278 2675 multa
2307 2622 2474 2675 etiam
2499 2634 2565 2673 ex
2593 2617 2852 2672 humanis
2884 2614 3167 2669 industriis
3190 2620 3343 2666 recte
3368 2610 3548 2663 facere

1947 2714 2089 2788 [lege
2116 2710 2304 2785 Acta],
2334 2709 2587 2780 quamvis
2610 2719 2665 2763 et
2698 2709 2749 2762 in
2790 2708 2874 2761 his
2896 2722 3003 2760 non
3024 2703 3264 2759 abfuerit
3296 2702 3543 2755 divinum

1942 2807 2266 2863 subsidium.
2296 2803 2505 2858 Interea
2540 2812 2723 2855 autem
2751 2808 2805 2855 et
2857 2797 3123 2868 apostolis
3160 2794 3373 2848 accedit
3403 2792 3553 2846 utili-

1946 2912 2047 2965 tas,
2085 2916 2152 2954 ne
2180 2898 2324 2954 fastu
2379 2897 2627 2950 inheulut
2687 2908 2755 2947 ex
2810 2892 2933 2946 hoc.
2962 2890 3020 2943 Si
3070 2889 3214 2942 enim
3278 2885 3378 2955 ipsi
3419 2883 3551 2936 nihil

1944 3000 2253 3056 curassent,
2312 2998 2366 3042 et
2400 2980 2449 3040 ai
2492 2986 2601 3039 Deo
2652 2984 2841 3039 omnia
2906 2987 3321 3049 expectassent,
3385 2984 3553 3040 atque

1946 3087 2079 3156 ipsis
2118 3084 2453 3144 evenissent,
2485 3078 2656 3131 inﬂati
2692 3076 2947 3139 fuissent,
2981 3072 3137 3141 quasi
3190 3067 3364 3134 majus
3388 3065 3555 3136 quid-

239 3162 341 3217 τοῦ
374 3163 509 3218 Θεοῦ
553 3166 841 3234 ἀνέμενον,
878 3170 972 3220 καὶ
1004 3163 1249 3236 ἐγίνοντο
1307 3172 1512 3237 αὐτοῖς,
1548 3171 1837 3245 ὲτυφώθη-

1949 3181 2070 3232 dam
2097 3189 2260 3245 super
2300 3174 2444 3229 vires
2489 3173 2758 3225 humanas
2810 3168 3014 3222 sortiti.
3053 3165 3115 3217 Et
3153 3162 3399 3229 alioquin
3459 3173 3558 3212 na-

242 3276 346 3313 σαν
406 3260 495 3325 ἂν,
560 3259 635 3326 ὠς
693 3262 917 3332 μείζονα
979 3262 1013 3333 ἢ
1073 3262 1215 3317 κατά
1270 3263 1622 3335 ἀνθρωπίνην
1682 3269 1843 3335 φύσιν

244 3352 525 3422 λαχόντες.
562 3354 859 3419 Καὶάλλως
881 3354 959 3418 δὲ,
986 3353 1153 3425 ἀργία
1174 3353 1387 3423 φύσεως
1420 3356 1512 3408 καὶ
1547 3358 1841 3430 διαφθορὰ,

245 3445 343 3495 τὸ·
380 3443 545 3513 μηδὲν
597 3445 691 3514 ἀφ’
734 3446 948 3500 ἑαυτῶν
1000 3445 1359 3512 ἐπινοεῖσθαι,
1423 3447 1561 3499 ἀλλά
1634 3452 1841 3514 πάντα,

242 3534 408 3589 τοῦτο
446 3535 511 3604 δὴ
529 3537 589 3589 τὸ
617 3536 711 3589 τοῦ
758 3537 942 3605 λόγου,
997 3538 1343 3608 ἀληλεσμένα
1374 3540 1705 3611 προσὼκᾷν.
1747 3544 1844 3597 Διά

247 3627 414 3680 τοῦτό
443 3646 607 3700 φησιν
638 3630 848 3695 αὐτοῖς,
902 3630 986 3683 ὅτι
1030 3631 1166 3685 Ἀπὸ
1220 3631 1315 3683 τοῦ
1376 3632 1473 3684 νῦν
1515 3635 1607 3685 καὶ
1663 3638 1846 3704 πήρας

247 3723 550 3791 Ιξοσιστέιζεειιε
578 3765 591 3789 ,
623 3723 929 3788 τουτέστιν,
991 3723 1149 3777 οὓτω
1192 3724 1491 3791 διάκεισθε,
1536 3728 1629 3778 καὶ
1679 3744 1845 3798 φρον-

244 3816 450 3881 τίζετε,
488 3817 563 3880 ὡς
593 3818 947 3887 πεινήσοντες
972 3836 985 3849 -
1033 3819 1127 3870 καὶ
1155 3818 1435 3887 μαχαίρας
1484 3820 1797 3891 ἀγοράσατε
1829 3864 1843 3888 ,

242 3912 389 3981 ὅπερ
424 3910 589 3976 ἐστὶν,
628 3909 789 3963 Οὕτω
813 3911 1131 3981 προνοεῖσθε
1184 3910 1415 3974 ἑαυτῶν,
1452 3910 1525 3974 ὡς
1579 3912 1849 3977 κινδύνοις

245 4004 350 4057 καὶ
376 4003 633 4072 πολέμοις
666 4003 1163 4074 πρασκρούσοντες.
1203 4004 1313 4058 Καλ⁸
1353 4003 1528 4067 άλλως
1562 4005 1620 4059 δὲ
1655 4005 1846 4070 ἐξελά-

248 4098 413 4151 σοντό
436 4116 579 4161 τινες
618 4099 678 4150 τὸ
727 4099 999 4167 ἀγοράσαι
1035 4099 1337 4169 μάχαιραν.
1371 4100 1675 4153 Αἱνίττεται
1717 4103 1847 4171 γὰρ,

248 4193 410 4263 φασὶ,
443 4192 543 4262 τὴν
585 4190 773 4261 ἔφοδον
802 4193 902 4261 τὴν
929 4192 1048 4245 κατ’
1078 4191 1247 4244 αὑτοῦ
1276 4192 1401 4245 ὅσον
1432 4192 1586 4245 οῦπω
1618 4210 1845 4263 γενησο-

252 4285 451 4355 μένην,
490 4284 583 4337 καὶ
618 4287 698 4337 ὅτι
736 4284 1024 4353 μέλλουσιν
1079 4285 1243 4337 αὑτὸν
1288 4284 1692 4355 συλλαμϐάνειν
1752 4302 1849 4354 φο-

251 4380 369 4441 νεῖς
410 4378 712 4447 ἄνθρωποι.
770 4378 925 4431 Ἐπεὶ
978 4380 1087 4448 γὰρ
1146 4381 1344 4430 ἐκεῖνοι
1401 4381 1528 4448 περὶ
1568 4379 1852 4447 πρωτείων

250 4469 503 4539 ἔφθησαν
540 4471 676 4539 πρὸς
726 4469 992 4541 ἀλλήλους
1036 4471 1541 4541 φιλονεικήσαντες,
1581 4473 1697 4523 Οὐκ
1733 4472 1852 4523 ἐστι

1954 3281 2089 3323 turre
2111 3276 2261 3322 esset
2312 3264 2527 3335 ignavia
2561 3272 2616 3315 et
2649 3259 2952 3328 corruptio,
2990 3257 3126 3311 nihil
3162 3270 3190 3309 a
3229 3268 3291 3309 se
3334 3250 3559 3321 excogi-

1953 3373 2088 3425 tare,
2112 3360 2206 3414 sed
2249 3358 2456 3419 omnia,
2496 3365 2555 3409 ut
2609 3354 2714 3408 diei
2766 3354 2931 3416 solet,
2987 3349 3174 3405 llltilita
3206 3354 3553 3416 exspectare.

1950 3456 2240 3525 Pmpterea
2272 3452 2405 3508 dicit
2445 3450 2526 3505 eis
2566 3470 2581 3503 :
2616 3448 2697 3502 Ex
2734 3452 2839 3501 hoc
2872 3455 3121 3515 tempore
3150 3452 3204 3495 et
3258 3455 3419 3512 peras
3456 3454 3555 3509 ge-

1951 3559 2112 3611 state,
2148 3548 2251 3601 hoc
2283 3555 2384 3606 est.
2435 3544 2517 3597 sic
2556 3541 2737 3595 σιτεοιὶ
2778 3549 2978 3602 estote,
3005 3546 3058 3591 ct
3106 3552 3291 3590 curam
3334 3532 3556 3594 habete,

1952 3654 2009 3697 ut
2035 3641 2271 3696 esuriem
2311 3638 2572 3692 habituri.
2601 3637 2664 3689 Et
2695 3634 2931 3705 gladiuzn
2969 3630 3167 3693 emite,
3246 3626 3395 3697 quod
3445 3634 3557 3686 est,

1952 3734 2031 3788 sic
2071 3729 2356 3802 providele
2385 3726 2540 3780 vobis
2588 3725 2741 3793 ipsis,
2803 3734 3063 3789 tanquam
3099 3719 3151 3771 hi
3196 3715 3287 3785 qui
3323 3714 3377 3766 in
3416 3710 3559 3765 bella

1951 3834 2005 3880 et
2036 3824 2218 3893 praelia
2248 3821 2415 3876 multa
2450 3818 2712 3873 incident.
2751 3815 2814 3869 Et
2840 3814 2997 3865 aliter
3025 3813 3402 3879 exposuerunt
3429 3804 3560 3874 qui-

1952 3919 2077 3974 dam
2125 3914 2297 3970 Emite
2353 3912 2624 3984 gladium.
2684 3908 2974 3976 Signiﬁcat
3034 3904 3205 3967 enim,
3267 3899 3561 3969 inquiunt,

1954 4011 2105 4066 brevi
2138 4018 2318 4063 tantas
2339 4006 2605 4059 adversus
2634 4003 2809 4069 ipsum
2841 3998 3058 4053 futuras
3085 3993 3343 4056 insidias,
3375 3989 3565 4061 quales

1957 4118 2230 4174 nunquam
2268 4101 2514 4160 fuerunt,
2539 4107 2594 4150 et
2619 4096 2761 4165 quod
2810 4091 3057 4147 invasuri
3091 4090 3205 4143 sint
3252 4087 3431 4155 ipsum
3464 4084 3563 4137 viri

1956 4192 2291 4265 sanguinarii
2316 4212 2326 4246 :
2350 4191 2488 4246 Nam
2520 4190 2646 4259 quia
2672 4186 2746 4240 illi
2780 4186 2933 4255 prius
2955 4184 3101 4238 inter
3126 4195 3184 4237 se
3216 4181 3283 4233 de
3317 4180 3555 4247 primatu

1957 4291 2372 4342 Contenllermt.
2410 4284 2524 4337 Non
2558 4292 2664 4342 est,
2702 4280 2902 4347 inquit,
2938 4287 3155 4346 tempus
3213 4271 3553 4326 ambitionis.

1957 4384 2051 4439 sed
2080 4382 2455 4451 periculorum
2509 4389 2563 4434 et
2604 4377 2861 4431 czcdium.
2900 4372 3033 4426 Nam
3070 4381 3126 4424 et
3174 4384 3274 4439 ego
3300 4366 3567 4435 magister

1962 4481 2142 4527 vester
2188 4472 2252 4525 ad
2289 4479 2516 4523 mortem
2569 4469 2835 4527 alnlucor,
2906 4476 3083 4531 neque
3148 4460 3216 4513 ad
3269 4458 3564 4524 gloriosam

251 4562 471 4631 καιρὸς.
496 4563 651 4633 φησι.
682 4562 1107 4633 φιλοπρωτείας,
1140 4563 1277 4615 ἀλλὰ
1301 4564 1565 4617 κινδύνων
1590 4567 1685 4617 καὶ
1714 4581 1838 4633 σφα-

1962 4577 2214 4621 mortem.
2242 4565 2631 4617 Verumtamen
2663 4559 2977 4627 implebitur
3006 4556 3057 4609 in
3094 4569 3201 4618 me,
3242 4572 3257 4599 ι
3290 4552 3425 4605 Cum
3464 4548 3568 4601 ini-

252 4653 391 4720 γῶν.
426 4654 538 4705 Καὶ
568 4652 677 4721 γὰρ
712 4652 823 4719 ἐγὼ
857 4654 884 4706 ὁ
938 4653 1261 4717 διδάσκαλος
1294 4654 1449 4723 ὑμῶν
1502 4657 1581 4717 εὶς
1616 4656 1852 4707 θάνατον

252 4747 568 4815 ἀπάγομαι,
604 4748 699 4798 καὶ
725 4746 842 4799 οὶδὲ
872 4747 1091 4816 ἔντιμον
1124 4746 1359 4801 θάνατον
1382 4765 1393 4778 ·
1416 4748 1554 4799 ἀλλὰ
1584 4747 1855 4800 καὶτοῦτο

253 4840 685 4910 πληρωθήσεται
722 4841 807 4892 ἐπ’
836 4842 981 4909 ἐμοὶ,
1016 4842 1098 4903 τὸ,
1136 4860 1152 4891 ι
1191 4842 1300 4894 Καὶ
1331 4830 1468 4908 μετᾶ
1504 4844 1722 4910 ἀνόμων
1749 4843 1857 4894 ἐλο-

254 4934 447 5003 γίσθη.
490 4952 506 4982 ι
546 4933 657 5001 Τήν
688 4934 878 5002 ἔφοδον
910 4933 1004 4987 οὖν
1037 4933 1135 5003 τὴν
1171 4934 1474 5004 λῃστρικὴν
1519 4934 1856 4986 αἰνίττεσθαι

259 5026 608 5096 βουλόμενος,
669 5027 917 5095 ἐμνήσθη
959 5028 1277 5097 μαχαίρας·
1329 5027 1425 5079 καὶ
1483 5025 1610 5079 οὔτε
1673 5026 1858 5079 τέλεον

258 5117 638 5185 ἀπεκάλυψεν,
678 5117 764 5169 ἵνα
813 5116 891 5186 μὴ
944 5117 1117 5187 δειλία
1150 5118 1260 5168 τινὶ
1296 5116 1653 5186 ταραχθῶσιν
1685 5133 1697 5145 ’
1732 5115 1858 5169 οὒτε

258 5211 441 5263 τέλεον
471 5210 888 5278 ἀπεσιώπησεν,
953 5210 1037 5262 ἵνα
1074 5211 1151 5281 μὴ
1186 5214 1252 5280 τῇ
1304 5210 1482 5281 ἀθρόα
1513 5210 1695 5281 ἐφόδῳ
1729 5226 1861 5277 συγ-

257 5300 506 5371 χυθῶσι’
544 5300 747 5369 μᾶλλον
798 5302 853 5353 δὲ
885 5302 972 5354 ἵνα
1015 5304 1154 5371 μετὰ
1208 5301 1384 5355 ταῦτα
1431 5304 1858 5373 ἀναμιμνησκὸ-

262 5411 443 5464 μενοι,
487 5394 849 5462 θαυμάζωσιν
912 5395 1074 5448 αὐτὸν
1125 5396 1200 5459 ὡς
1256 5396 1727 5464 προγινώσκοιτα,
1770 5399 1861 5449 καὶ

260 5489 703 5558 ἐκπλήττωνται,
740 5489 857 5551 πῶς
892 5490 1086 5542 ἑαυτὸν
1119 5489 1358 5555 ἐξεδίδου
1398 5490 1533 5561 πρὸς
1584 5492 1644 5542 τὸ
1687 5491 1859 5553 πάθος

262 5586 409 5654 ὑπὲρ
458 5585 735 5656 σωτηρίας
786 5586 895 5637 τῶν
948 5585 1280 5655 ἀνθρώπιον,
1319 5589 1412 5637 καὶ
1460 5586 1547 5637 διὰ
1580 5586 1740 5637 τοῦτο
1772 5588 1863 5637 καὶ

264 5678 422 5732 αὐτοὶ
471 5678 637 5746 μηδὲν
690 5678 798 5732 τῶν
838 5677 1107 5747 ἀλγεινῶν
1167 5678 1559 5747 ύποφεύγωσιν
1595 5678 1734 5746 ὑπὲρ
1768 5677 1862 5729 τοῦ

272 5772 443 5824 σῶσαί
496 5788 669 5835 τινας.
709 5772 896 5825 Ταῦτα
932 5772 1063 5841 γὰρ,
1117 5768 1293 5842 οἶμαι,
1332 5774 1397 5823 :r'x.
1443 5770 1857 5841 zivzyporzbar,‘

266 5868 353 5921 διὰ
387 5867 545 5920 τοῦτο
570 5867 775 5937 ἔλεγεν,
804 5869 889 5921 ἵνα
930 5868 1066 5938 μετὰ
1097 5867 1263 5919 ταῦτα
1321 5868 1410 5916 in
1439 5868 1859 5935 np-irwipgvgz

1961 4658 2085 4727 quis
2117 4657 2409 4722 deputatus
2442 4660 2545 4706 est.
2592 4670 2610 4703 ι
2654 4650 2889 4704 Insidias
2918 4647 3087 4715 igitur
3129 4641 3571 4698 latrocinatorins

1961 4750 2394 4817 signiﬁcaturus,
2424 4744 2672 4799 meminit
2697 4742 2859 4812 gladii
2898 4758 2909 4794 :
2938 4750 2991 4794 et
3028 4754 3202 4807 neque
3226 4736 3451 4789 omnino
3488 4749 3575 4786 tc-

1962 4844 2181 4901 velavit.
2244 4850 2302 4894 ιιι
2362 4855 2428 4894 ne
2482 4848 2625 4890 metu
2675 4836 2911 4906 quodam
2952 4840 3265 4886 terreantur
3323 4849 3333 4882 :
3396 4844 3574 4895 teque

1962 4938 2187 4992 omnino
2220 4935 2389 4997 siluit,
2425 4942 2482 4986 ut
2515 4947 2581 4987 ne
2616 4929 2922 4999 repentinis
2970 4926 3183 4982 insidiis
3228 4923 3572 4977 confundan-

1965 5041 2053 5085 tur
2088 5048 2100 5083 :
2131 5030 2240 5081 imo
2278 5038 2337 5081 ut
2371 5038 2493 5095 post
2526 5025 2642 5079 haec
2684 5022 3041 5077 recordantes
3066 5018 3411 5072 admirentur
3441 5030 3571 5069 eutn

1968 5138 2225 5194 nunquam
2256 5121 2669 5190 praescientem,
2700 5126 2754 5172 et
2777 5124 3098 5186 stupescant
3121 5110 3399 5182 quomodo
3429 5108 3576 5177 seip«

1965 5233 2083 5272 Sunt
2118 5234 2215 5285 pro
2243 5216 2418 5269 salute
2456 5214 2739 5267 hominum
2777 5212 2842 5264 ad
2899 5221 3131 5262 mortem
3176 5205 3487 5265 tradiderit,
3520 5212 3577 5255 et.

1968 5312 2254 5377 propterea
2284 5307 2451 5359 etiam
2488 5304 2588 5374 ipsi
2641 5302 2778 5356 nihil
2836 5303 3125 5355 molestum
3170 5294 3575 5363 subterfugiant

1967 5412 2025 5456 ul.
2057 5403 2340 5455 salvantur
2374 5398 2562 5466 aliqui.
2606 5396 2729 5451 [hec
2778 5396 2925 5448 enim
2967 5394 3167 5462 opinor
3224 5388 3574 5451 arnigtnatice

1970 5504 2254 5565 propterea
2290 5492 2529 5554 dicebat,
2566 5498 2623 5541 ut
2666 5499 2855 5557 postea
2893 5483 3251 5541 meat-dantes
3280 5491 3333 5534 et
3370 5478 3571 5532 intelli-

1969 5596 2177 5655 gentes,
2221 5585 2512 5636 utilitatem
2580 5588 2887 5647 caperent:
2940 5576 3201 5646 quoniam
3250 5584 3376 5625 tunc
3435 5571 3573 5623 adeo

1972 5680 2497 5747 insipientcscrant,
2546 5683 2600 5728 ut
2654 5675 2940 5728 dicerent:
2982 5691 2999 5723 ι
3046 5669 3293 5728 Domine,
3323 5680 3450 5719 ecce
3488 5664 3576 5717 hic

1972 5771 2130 5843 gladii
2161 5772 2285 5822 duo.
2326 5791 2339 5818 ι
2380 5769 2442 5820 .\l
2488 5769 2600 5836 ipw:
2628 5766 2752 5835 quia
2792 5763 2923 5817 \itiil
2954 5781 3050 5819 eos
3076 5780 3181 5817 ttOIt
3214 5759 3571 5815 intellexicst‘.

1974 5865 2144 5933 inquit
2196 5884 2203 5913 ;
2256 5884 2266 5913 ι
2311 5862 2458 5915 Sitis
2502 5869 2578 5915 Cal
2621 5876 2632 5916 ;
2700 5878 2714 5910 ι
2756 5858 2973 5915 tametsi
3028 5870 3373 5923 nequaquam
3407 5850 3574 5903 utile-
