4100 6334
613 379 753 444 tu79

608 498 813 551 cissent
843 512 858 550 :
900 496 942 548 si
971 495 1207 558 humano
1241 494 1442 548 auxilio
1482 502 1675 548 contra
1711 492 2012 548 homicidas
2061 494 2163 546 ἱιΙυι

2285 494 2376 545 καὶ
2419 488 2694 564 συνιέντες

606 587 685 642 ιιιί
710 586 1056 656 oportuisset.
1089 601 1262 654 neque
1283 592 1499 640 centum
1542 584 1702 654 gladii
1736 583 2096 638 suffeciSsent.
2123 583 2178 639 Si

608 689 788 732 autem
833 677 936 732 hoc
989 675 1227 740 nolebat,
1283 677 1377 731 sed
1430 675 1698 730 diviniore
1754 675 2000 729 subsidio
2045 691 2180 745 opus

605 779 744 833 erat,
776 766 1030 837 superflui
1055 778 1210 822 erant
1244 778 1294 822 et
1323 769 1428 822 duo
1455 785 1470 824 :
1511 775 1882 821 verumtamen
1922 767 2179 822 Dominus

614 861 781 917 noluit
807 877 899 916 eos
920 875 1174 931 arguere,
1229 872 1416 931 utpote
1475 861 1607 914 nihil
1639 860 2042 930 ,intelligentes;
2083 863 2176 916 sed

601 953 783 1010 dixit:
823 972 841 1004 ι
880 951 1025 1006 Satis
1059 965 1163 1017 est,
1205 973 1222 1005 ›
1258 969 1322 1007 ac
1366 953 1654 1023 processit.
1695 949 1786 1006 Sic
1809 952 1972 1021 igitur
2015 953 2176 1005 etiam

601 1059 702 1100 nos
768 1043 985 1112 quando
1040 1060 1162 1098 cum
1219 1043 1454 1112 quodam
1507 1052 1894 1098 conversantes
1931 1043 2179 1098 videmus

599 1152 723 1193 eum
759 1136 924 1208 474
955 1153 1059 1190 non
1087 1136 1419 1190 intellexisse
1446 1135 1588 1206 quod
1622 1133 1883 1200 diximus,
1923 1135 2173 1193 dicimus.

600 1228 764 1293 Bene,
802 1228 1015 1282 dimitte
1053 1245 1068 1283 :
1128 1227 1375 1294 quamvis
1428 1242 1534 1280 non
1582 1229 1654 1282 sit
1707 1229 1929 1282 bonum.
1962 1226 2068 1281 Sed
2109 1242 2177 1282 ne

597 1324 1008 1387 conturbemus,
1034 1322 1382 1377 remittimus.
1409 1321 1565 1377 Facit
1605 1333 1788 1376 autem
1837 1323 1939 1378 hoc
1990 1323 2174 1378 Domi-

599 1429 726 1481 nus,
755 1415 970 1483 quando
995 1414 1140 1469 videt
1165 1415 1458 1484 discipulos
1475 1432 1580 1472 non
1605 1416 1903 1488 intelligere
1927 1419 2127 1473 dictum
2155 1437 2170 1477 ξ

602 1507 815 1574 transit,
845 1516 899 1559 et
947 1516 1200 1560 eventum
1250 1521 1433 1563 rerum
1485 1509 1750 1576 permittit
1787 1509 2058 1578 explicare
2087 1512 2170 1564 di-

597 1605 806 1650 ctorum
838 1597 1271 1666 intelligentiam,
1306 1600 1448 1654 sicut
1473 1609 1526 1653 et
1546 1600 1761 1670 quando
1785 1601 1960 1658 dixit:
1995 1620 2015 1653 ι
2048 1601 2169 1656 Sul-

597 1689 706 1742 vite
739 1689 993 1756 templum
1031 1693 1132 1746 hoc
1191 1692 1256 1744 ²¹.
1300 1712 1318 1742 ι
1372 1690 1506 1745 Nam
1559 1704 1746 1762 postea
1800 1707 2172 1765 cognoverunt

598 1781 700 1835 ltoe
725 1781 973 1850 discipuli
997 1783 1116 1851 ejus
1149 1793 1268 1848 post
1297 1787 1778 1839 resurrectionem.
1815 1783 2046 1850 Quidam
2075 1801 2172 1839 an-

597 1884 704 1927 tem
744 1890 842 1941 per
864 1875 1093 1928 ironiam
1125 1877 1384 1931 dixerunt
1415 1878 1618 1931 dictum
1648 1892 1676 1930 a
1714 1876 1933 1933 Christo
1957 1919 1971 1942 ,
2020 1898 2038 1930 ι
2071 1879 2170 1931 Sa.

596 1967 666 2020 tis
698 1977 802 2022 est.
846 1985 864 2018 ι
903 1967 1037 2021 Nam
1070 1983 1192 2023 cum
1218 1970 1483 2024 dixissent
1524 1970 1798 2039 discipuli,
1839 1990 1857 2022 ι
1899 1970 2039 2026 Ecce
2066 1973 2173 2027 duo

595 2059 757 2129 gladii
793 2061 898 2127 hic,
952 2079 972 2112 ι
1023 2062 1286 2117 Dominus
1331 2062 1556 2127 ironice,
1589 2063 1762 2127 aiunt,
1810 2063 1993 2118 dixit:
2038 2065 2173 2132 Quia

594 2153 703 2206 duo
739 2163 888 2218 sunt,
939 2156 1161 2211 omnino
1217 2156 1371 2211 nmlti
1399 2166 1550 2223 sunt,
1604 2167 1658 2210 et
1689 2156 1964 2213 sulliciuut
2016 2159 2174 2215 nobis

593 2256 786 2299 contra
822 2247 1225 2303 multitudinem
1261 2263 1381 2318 qua
1411 2250 1559 2302 venit
1586 2264 1748 2319 super
1774 2265 1918 2307 nos.

1461 380 2048 438 Τιιι‹;υι-διιιί..οι‹;,ι’ι
2092 375 2503 437 υυιωιιιλε
2540 347 2898 472 ᾼίὶΟΙΙὶΕΡ.
3725 374 3864 432 1ης)

2745 484 3107 553 ὠᾳελῶνται·
3169 484 3374 566 ἐπεὶτοι
3399 501 3458 550 γε
3517 487 3640 538 τότε
3689 489 3866 555 citro;

2283 583 2525 651 ἀνοήτως
2558 579 2838 640 διέκειντο,
2895 574 3036 627 ὥστε
3074 576 3247 628 εἰπεῖν
3271 591 3285 604 ο
3331 593 3349 624 ι
3388 575 3584 643 Κύριε,
3619 577 3731 632 ἰδοὺ
3757 573 3863 632 ὧδε

2287 678 2552 748 μάχαιραι
2576 674 2691 728 δύο.
2744 691 2760 724 ι
2810 673 2866 725 'U
2893 671 2950 724 δὲ
2984 672 3107 724 ἐπεὶ
3154 665 3295 724 εῖδεν
3347 671 3548 734 αὐτοὺς
3609 671 3685 742 μὴ
3738 689 3864 725 συν-

2282 771 2505 840 ηκὸτας,
2548 768 2712 839 φησίν
2741 783 2753 796 ·
2801 786 2818 817 ι
2863 765 3068 818 Ἱκανόν
3103 765 3240 818 ἐστι.
3285 783 3302 814 ι
3333 764 3530 817 Καίτοι
3559 782 3624 832 γε
3665 765 3765 819 οὐκ
3791 762 3861 837 ἦν

2285 863 2488 916 ἱκανόν.
2524 861 2588 914 Ei
2623 861 2724 931 μὲν
2757 859 2865 930 γὰρ
2889 855 3206 928 ἀνθρωπίνῃ
3239 855 3463 928 βοηθείᾳ
3495 858 3602 911 ἔδει
3655 859 3862 929 κεχρῆ-

2282 954 2405 1009 σθαι
2439 953 2581 1008 κατὰ
2632 953 2741 1005 τῶν
2792 951 3102 1024 λῃστρικῶς
3149 951 3434 1014 ἐπιόντων,
3488 951 3612 1003 οὐδὲ
3665 953 3859 1005 ἑκατὸν

2282 1048 2548 1118 μάχαιραι
2585 1045 2768 1098 ἱκαναὶ
2796 1039 2937 1116 ἦσαν
2960 1061 2972 1075 ο
3011 1045 3058 1096 εἰ
3090 1043 3146 1097 δὲ
3184 1043 3259 1113 μὴ
3291 1041 3467 1106 τοῦτο,
3521 1041 3661 1096 ἀλλὰ
3718 1044 3860 1098 θειο-

2277 1145 2441 1214 τέρας
2476 1142 2582 1195 ἔδει
2629 1140 2970 1212 συνεργείας,
3011 1140 3267 1210 περιτταὶ
3305 1138 3398 1190 καὶ
3450 1139 3505 1191 αἱ
3553 1137 3669 1191 δύο.
3715 1139 3857 1191 Ἀλλ’

2277 1237 2425 1304 ὅμως
2477 1238 2506 1289 ὁ
2553 1233 2758 1305 Κύριος
2802 1234 2901 1286 οὐκ
2956 1232 3223 1303 ἠθέλησεν
3278 1231 3496 1299 ἐλέγξαι
3527 1233 3751 1296 αὐτοὺς,
3782 1232 3859 1296 ὡς

2281 1329 2356 1398 μὴ
2385 1330 2702 1398 νοήσαντας,
2732 1325 2846 1378 ἀλλ’
2879 1323 3070 1385 εἰπὼν,
3128 1343 3145 1372 ι
3193 1323 3403 1376 Ἱκανόν
3459 1324 3608 1386 ἐστι,
3654 1341 3672 1372 ι
3716 1341 3858 1393 παρ-

2277 1422 2509 1492 έδραμεν
2533 1437 2546 1451 °
2588 1420 2775 1490 ὥσπερ
2810 1415 2902 1472 οὖν
2933 1419 3028 1472 καὶ
3059 1419 3241 1488 ἡμεῖς,
3279 1415 3497 1470 ἐπειδὰν
3552 1416 3690 1488 πρός
3734 1433 3855 1468 τινα

2276 1517 2588 1585 ὁμιλοῦντες
2652 1517 2851 1586 ἴδωμεν
2906 1516 3066 1570 αὐτὸν
3122 1516 3196 1587 μὴ
3233 1516 3482 1568 συνιέντα
3539 1515 3568 1567 ὃ
3602 1516 3852 1584 εἴπομεν,

2275 1611 2526 1680 λέγομεν,
2586 1609 2788 1672 Καλὸν,
2825 1609 2983 1678 ἄφες,
3040 1609 3219 1662 καίτοι
3263 1626 3324 1677 γε
3358 1609 3458 1662 ούκ
3489 1608 3606 1661 ἔστι
3660 1608 3850 1660 καλόν·

2274 1703 2388 1758 ἀλλ’
2411 1699 2506 1757 οὖν
2538 1703 2626 1757 ἵνα
2659 1702 2733 1775 μὴ
2765 1701 3097 1773 ἐνοχλῶμεν,
3140 1703 3395 1772 ἀφίεμεν.
3434 1703 3588 1755 Ποιεῖ
3608 1702 3667 1755 δὲ
3701 1700 3853 1754 τοῦτο

2273 1799 2300 1850 ὁ
2328 1796 2553 1867 Κύριος,
2595 1795 2814 1848 ἐπειδὰν
2841 1795 2925 1868 ίδῃ
2945 1797 3069 1859 τοὺς
3104 1795 3371 1866 μαθητὰς,
3412 1794 3484 1865 μὴ
3535 1799 3835 1864 νοήσαντας

2271 1889 2332 1942 τὺ
2372 1889 2582 1960 λεχθέν.
2644 1889 2986 1960 Παρατρέχει
3042 1888 3150 1958 γὰρ
3197 1887 3289 1942 καὶ
3349 1887 3566 1955 ἀξίνῃσι,
3628 1890 3695 1958 τῇ
3743 1887 3850 1939 τῶν

2271 1982 2617 2053 πραγμάτιον
2649 1981 2870 2035 ἐκϐάσει
2899 1980 2998 2052 τὴν
3055 1981 3384 2048 κατανόησιν
3425 1979 3534 2032 τῶν
3577 1981 3852 2051 ῥηθέντων

2271 2076 2620 2144 ἐπιτρέπων·
2667 2073 2856 2144 ὥσπερ
2902 2074 2994 2125 καὶ
3051 2072 3180 2124 ὅταν
3231 2067 3388 2124 εἶτ-ιε’
3430 2090 3448 2122 ι
3492 2071 3705 2124 Λύσατε
3764 2069 3852 2122 τδν

2273 2165 2399 2234 ναὸν
2432 2164 2656 2219 τοῦτον·
2695 2186 2714 2218 ι
2766 2164 2993 2234 ὕστερον
3031 2163 3140 2233 γὰρ
3171 2162 3417 2232 ἔγνωσαν
3459 2161 3618 2213 τοῦτο
3662 2163 3710 2214 οἱ
3753 2179 3851 2227 μαο

2275 2256 2437 2328 θηταὶ
2464 2256 2630 2311 αὑτοῦ
2673 2256 2812 2326 μετὰ
2859 2254 2956 2326 τὴν
3008 2255 3328 2308 ἀνάστασιν.
3357 2251 3510 2314 Τινὲς
3533 2251 3593 2305 δὲ
3622 2253 3744 2305 κατ’
3774 2252 3848 2304 εἰ·

595 2341 826 2409 ρωνείαν
873 2342 1085 2412 ἔφασαν
1136 2343 1312 2397 εἰπεῖν
1365 2344 1458 2399 τὸν
1511 2347 1719 2419 Κύριον
1769 2349 1853 2414 τὸ,
1899 2368 1919 2402 ι
1970 2351 2176 2406 Ἱκανόν
2237 2355 2405 2410 ἐστιν.
2448 2374 2467 2409 ι
2507 2356 2784 2410 Εἱπόντων
2837 2356 2946 2426 γὰρ
3001 2355 3109 2409 τῶν
3152 2355 3432 2426 μαθητῶν,
3479 2375 3498 2406 ι
3553 2355 3687 2408 Ἰδοὺ
3752 2345 3850 2404 ὅδε

592 2430 864 2500 μάχαιραι
901 2429 1014 2495 δύο,
1065 2449 1084 2482 ι
1110 2434 1138 2484 ό
1179 2431 1384 2502 Κύριος
1412 2436 1735 2505 εἰρωνικῶς,
1783 2440 1971 2506 φασὶν,

590 2545 676 2580 σιν
706 2526 836 2598 ἡμῖν
873 2525 1010 2594 πρὸς
1048 2525 1252 2596 πλῆθος
1277 2527 1534 2581 τοσοῦτον
1553 2530 1982 2603 ἐπελευσόμενον
2007 2535 2159 2604 ἡμῖν.

661 2615 828 2672 Vens.
860 2616 1049 2673 59—46.
1091 2637 1110 2669 ι
1167 2617 1232 2672 Ει
1281 2635 1534 2689 egressus
1558 2622 1670 2678 ibat
1695 2622 1776 2692 (ut
1802 2634 1920 2679 erat.
1955 2627 2166 2696 solitus)

589 2709 646 2760 in
673 2718 908 2769 montem
942 2707 1221 2764 Olivarum
1253 2729 1267 2765 :
1299 2712 1470 2766 secuti
1525 2725 1652 2767 sunt
1683 2725 1860 2769 autem
1909 2717 2092 2772 illum-
2113 2728 2171 2774 et

590 2800 862 2870 discipuli.
899 2801 964 2854 Et
994 2816 1114 2855 cum
1149 2802 1487 2870 pervenisset
1524 2806 1588 2859 ad
1615 2807 1815 2874 locum,
1840 2808 1976 2863 dixit
2007 2809 2111 2864 illis
2150 2827 2164 2864 :

589 2891 776 2954 Orate.
816 2908 885 2948 ne
926 2893 1142 2950 intretis
1189 2897 1239 2949 in
1279 2897 1654 2956 tentationcm.
1685 2898 1752 2956 Et
1783 2901 1897 2969 ipse
1946 2903 2167 2958 avulsus

589 2995 674 3039 est
701 2985 769 3039 ab
798 2985 878 3040 eis
905 2985 1075 3040 ferme
1107 2987 1173 3040 ad
1197 2987 1402 3057 jactum
1432 2988 1648 3058 lapidis,
1679 2993 1983 3064 positisque
2015 2996 2166 3066 geni-

587 3077 691 3129 lms
717 3075 928 3136 orabat.
961 3077 1149 3133 dicens
1185 3095 1198 3132 :
1227 3077 1410 3147 Pater,
1433 3080 1477 3136 si
1511 3083 1613 3146 vis,
1647 3085 1882 3141 transfer
1909 3088 2162 3156 poculum

590 3166 693 3221 hoc
714 3182 742 3219 a
776 3181 861 3222 me
887 3185 902 3234 ;
932 3179 1300 3224 verumtamen
1335 3187 1441 3227 non
1472 3188 1590 3227 mea
1621 3166 1891 3242 voluntas,
1931 3177 2026 3232 sed
2075 3187 2161 3233 tua

2049 2440 2306 2511 εἴρηκεν·
2354 2444 2504 2498 Ἑπεὶ
2537 2446 2631 2498 δύο
2692 2447 2818 2506 εἰσὶ,
2854 2445 3046 2499 πολλαί
3075 2447 3182 2498 είσι
3244 2446 3481 2512 πάντως,
3529 2448 3622 2499 καὶ
3653 2445 3851 2516 ἀρκοῦ-

2358 2648 2374 2678 ι
2417 2628 2525 2680 Καὶ
2555 2626 2787 2692 ἐξελθὼν
2812 2629 3085 2701 ἐπορεύθη
3119 2629 3258 2682 κατά
3286 2627 3346 2683 τὸ
3369 2625 3488 2687 ἔθος
3533 2625 3615 2688 εἰς
3645 2624 3707 2678 τ’)
3730 2624 3852 2693 ὅρος

2277 2721 2385 2772 τῶν
2424 2720 2654 2773 Ἐλαιῶν
2681 2737 2694 2752 ·
2735 2721 3114 2792 ἠκολούθησαν
3147 2722 3204 2776 δὲ
3236 2721 3386 2791 αύτῷ
3413 2719 3509 2772 καὶ
3536 2720 3585 2772 οἱ
3614 2717 3850 2789 μαθηταὶ

2276 2809 2462 2863 αὐτοῦ.
2497 2811 2798 2880 Γενόμενος
2838 2811 2896 2866 δὲ
2935 2814 3030 2893 ὲπλἶ
3063 2813 3158 2867 τοῦ
3199 2813 3386 2875 τόπου,
3419 2806 3574 2865 εἶπεν
3620 2811 3802 2870 αὐτοῖς
3832 2826 3845 2839 ·

2277 2901 2650 2972 Προσεύχεσθε
2682 2904 2756 2973 μὴ
2787 2895 3050 2958 εἰσελθεῖν
3080 2907 3161 2969 είς
3199 2904 3530 2977 πειρασμὸν,
3569 2904 3663 2958 καὶ
3689 2903 3849 2966 sint;

2273 2993 2603 3066 ἀπεσπάσθη
2638 2995 2733 3047 ἀπ’
2768 2996 2947 3049 αὐτῶν
3001 2997 3136 3049 ὡσεὶ
3180 2995 3328 3050 λίθου
3379 2996 3543 3066 βολήν
3569 3012 3581 3025 ·
3619 2997 3714 3047 καὶ
3739 2994 3850 3054 θεὶς

2273 3085 2341 3138 τὰ
2364 3086 2592 3154 γόνατα,
2634 3087 2979 3158 προσηύχετο
3034 3088 3246 3156 λέγων’
3291 3087 3495 3158 Πάτερ,
3557 3088 3606 3139 εί
3669 3085 3844 3156 βούλει

2274 3181 2634 3250 παρενεγκεῖν
2668 3180 2726 3232 τὸ
2755 3181 3014 3252 ποτήριον
3042 3179 3200 3234 τοῦτο
3249 3179 3344 3233 ἀπ“
3396 3179 3531 3250 *εμοῦ
3552 3197 3566 3210 ·
3605 3181 3742 3248 πλὴν
3773 3177 3847 3247 μὴ

595 3260 713 3313 tiat.
745 3259 1008 3330 Apparuit
1039 3271 1216 3318 autem
1257 3264 1331 3318 illi
1375 3265 1601 3335 angelus
1646 3268 1712 3324 de
1760 3270 1898 3325 coelo
1943 3272 2161 3328 confor-

2269 3272 2330 3328 τὸ
2383 3271 2595 3345 θέλημά
2656 3290 2780 3344 μου,
2827 3273 2966 3327 ἀλλά
3000 3274 3064 3326 τὸ
3115 3273 3208 3327 σὸν
3257 3271 3518 3341 γενέσθω.
3577 3271 3755 3340 Ὠφθη
3792 3269 3846 3322 δὲ

591 3362 716 3407 tans
743 3367 864 3406 enm
911 3369 926 3410 :
979 3363 1032 3408 et
1079 3365 1363 3426 correptus
1406 3373 1611 3428 angore
1659 3361 1920 3429 prolixius
1954 3366 2164 3419 orabat.

592 3443 655 3496 Et
679 3455 797 3499 erat
823 3444 988 3499 sudor
1015 3444 1135 3514 ejus
1165 3446 1306 3500 sicut
1338 3458 1505 3518 gutta:
1535 3453 1826 3522 sanguinis
1872 3454 2170 3511 decurren-

595 3545 673 3590 tes
699 3535 750 3589 in
789 3543 1011 3591 terram.
1047 3536 1112 3592 Et
1145 3553 1268 3592 cum
1301 3542 1632 3598 surrexisset
1674 3559 1702 3597 a
1756 3543 2165 3616 deprecatione,

591 3626 949 3698 venissetque
1005 3630 1071 3684 ad
1142 3631 1439 3699 discipulos
1489 3648 1639 3700 suos,
1687 3637 1888 3704 reperit
1925 3639 2169 3693 eosdor-

593 3719 820 3774 micntes
851 3735 961 3789 pra:
1005 3725 1398 3791 mmstitudine,
1439 3728 1592 3780 etalt
1628 3726 1752 3790 illis,
1786 3729 1922 3795 Quid
1959 3731 2162 3786 dormi-

593 3809 708 3862 tis?
739 3808 952 3881 Surgite
982 3822 1035 3865 ct
1077 3824 1250 3879 orate,
1293 3830 1360 3869 ne
1400 3817 1613 3871 intretis
1645 3818 1698 3871 in
1727 3821 2104 3878 tentationcm.
2143 3843 2160 3874 ι

588 3899 722 3956 Post
743 3917 952 3959 coenam
981 3896 1311 3960 non'desidia
1335 3917 1387 3961 et
1407 3907 1514 3962 ludi
1539 3918 1594 3963 et
1629 3925 1852 3966 somnus
1881 3911 2164 3967 Dominum

589 3993 952 4064 tht'ipiebafil,
977 3998 1071 4052 sed
1101 3999 1326 4054 docebat
1354 4009 1409 4055 et
1433 4001 1646 4066 orabat,
1675 4006 1896 4073 propter
1921 4019 2020 4059 nos
2051 4005 2166 4061 haec

587 4085 828 4153 figurans
856 4096 911 4140 et
934 4089 1336 4146 demonstrans.
1373 4089 1466 4147 Va:
1498 4093 1663 4163 igitur
1688 4095 1752 4149 iis
1782 4097 1870 4166 qui
1900 4108 2016 4168 post
2052 4114 2164 4153 ca:-

591 4194 711 4230 iam
747 4177 908 4234 {mdis
941 4182 1366 4237 scortationibus
1393 4197 1606 4241 vacant.
1643 4187 1861 4244 Secedit
1891 4202 2070 4246 autem
2109 4192 2159 4244 in

588 4280 826 4327 montem
864 4273 1137 4328 Olivarum
1171 4286 1452 4345 postquam
1503 4280 1625 4334 talia
1687 4283 1960 4338 docuisset
2007 4283 2164 4339 disci-

588 4362 763 4432 pulos,
794 4374 853 4418 ut
893 4375 1098 4421 oraret.
1150 4365 1522 4423 Cons-neverat
1567 4371 1714 4426 enim
1773 4389 2018 4429 seorsum
2060 4375 2163 4431 hoc

591 4453 770 4510 facere
822 4455 1031 4512 Idcirco
1060 4467 1114 4513 et
1147 4474 1174 4512 a
1199 4459 1479 4529 discipulis
1523 4463 1798 4519 avellitur.
1826 4463 1944 4522 Non
1969 4483 2160 4545 omnes

585 4554 766 4600 autem
803 4546 1117 4624 discipulos,
1141 4552 1234 4605 sed
1274 4561 1383 4607 tres
1424 4561 1631 4609 tantum
1671 4558 1921 4624 assumit,
1975 4561 2066 4630 qui
2097 4569 2151 4616 ct

585 4635 770 4700 gloria:
798 4651 909 4693 sua:
936 4639 988 4692 in
1021 4651 1201 4696 monte
1225 4652 1559 4710 spectatores
1583 4644 1815 4701 fuerant.
1843 4648 1977 4716 Quia
2003 4651 2148 4705 enim

585 4739 639 4780 ιιι
674 4727 728 4781 in
755 4743 926 4800 agone
967 4741 1222 4787 oraturus
1255 4743 1397 4799 erat,
1453 4745 1512 4790 ut
1549 4753 1614 4792 ne
1659 4739 1908 4794 videatur
1950 4741 2156 4796 timidi-

587 4821 714 4875 tatis
749 4836 871 4878 esse
900 4822 1179 4891 indicium,
1213 4835 1498 4897 propterea
1536 4832 1766 4886 assumit
1797 4846 1892 4887 eos
1937 4834 2026 4902 qui
2071 4837 2158 4889 di-

580 4915 720 4968 vinae
750 4913 933 4982 gloria:
994 4926 1048 4972 et
1101 4919 1321 4986 superni
1381 4922 1674 4978 testimonii
1723 4927 2063 4992 spectatores
2106 4939 2160 4982 et

580 5009 854 5064 auditores
881 5009 1115 5075 fuerant,
1154 5023 1213 5066 ut
1237 5028 1359 5068 cum
1393 5016 1628 5071 viderint
1658 5017 2018 5084 laborantem,
2052 5022 2152 5076 hoc

579 5099 831 5153 humana!
861 5113 1065 5157 natura:
1114 5117 1234 5158 esse
1283 5105 1485 5160 dicant.
1525 5105 1597 5164 Ut
1635 5110 1778 5163 enim
1833 5113 2151 5168 crederetur

580 5203 742 5243 verus
764 5191 926 5248 homo
963 5207 1103 5260 esse,
1155 5205 1356 5250 natura:
1400 5199 1543 5266 quod
1590 5214 1747 5253 suum
1805 5212 1921 5255 erat
1975 5203 2151 5259 facere

575 5269 843 5351 permisit,
883 5295 937 5339 ct
968 5285 1130 5338 vitam
1162 5288 1366 5356 appetit
1392 5288 1555 5342 etiam
1585 5290 1699 5359 ipse
1724 5303 1777 5344 ut
1809 5293 1990 5358 homo,
2027 5311 2148 5364 pre-

577 5384 838 5443 caturque
868 5387 926 5431 ut
959 5386 1199 5433 transeat
1245 5378 1410 5436 calix.
1471 5377 1606 5434 Nam
1660 5384 1782 5439 vitae
1832 5402 2021 5441 amans
2061 5398 2142 5441 est

579 5465 761 5520 homo.
794 5469 907 5536 Quo
937 5470 1287 5527 eotifutantur
1311 5471 1546 5528 haereses
1592 5490 1711 5544 quae
1747 5477 1933 5532 dicunt
1972 5481 2142 5548 phan-

581 5557 826 5611 tasticum
886 5559 1052 5617 fuisse
1087 5563 1384 5620 hominem.
1437 5567 1650 5622 Etenim
1693 5585 1814 5624 cum
1856 5571 1968 5627 inec
2002 5575 2140 5627 facta

581 5647 710 5708 sint,
741 5657 792 5700 et
816 5649 1118 5709 habuerunt
1148 5659 1285 5712 umle
1313 5658 1575 5728 ejusmodi
1604 5674 1934 5731 nugarentur
1966 5683 1977 5719 :
2013 5669 2139 5736 quid

658 5825 692 5851 “
733 5821 881 5877 λιι-ιιι.
920 5843 992 5891 χι,
1031 5832 1110 5887 l0.

2270 3365 2420 3435 αὐτῷ
2450 3363 2681 3433 ἄγγελος
2708 3367 2802 3418 ἀπ’
2831 3363 3065 3436 ούρανοῦ
3098 3362 3368 3434 ἐνισχύων
3397 3361 3579 3416 αὐτόν.
3617 3361 3728 3415 Καὶ
3759 3375 3844 3426 γε·

2271 3457 2496 3526 νόμενος
2531 3458 2588 3511 ἐν
2619 3457 2829 3527 ἀγωνία
2857 3456 3243 3527 ἐκτενέστερον
3280 3456 3652 3526 προσηύχετο.
3695 3451 3840 3518 Ἐγέ-

2271 3567 2390 3604 νετο
2409 3550 2464 3604 δὲ
2489 3552 2518 3605 ὁ
2554 3549 2716 3620 ἱδρὼς
2740 3551 2906 3604 αὑτοῦ
2947 3552 3082 3605 ὡσεὶ
3130 3548 3360 3621 θρόμϐοι
3411 3549 3644 3616 αἵματος
3679 3562 3843 3600 κατα-

2270 3641 2546 3704 ϐαίνοντες
2572 3646 2652 3707 είς
2684 3644 2784 3715 τὴν
2812 3647 2936 3716 γῆν.
2967 3643 3081 3698 Καὶ
3120 3645 3362 3708 ἀναστὰς
3394 3644 3503 3698 ἀπὸ
3541 3644 3640 3712 τῆς
3681 3657 3844 3711 προσ·

2268 3737 2470 3818 ευλῆς.
2522 3735 2692 3788 ἐλθὼν
2754 3735 2891 3806 πρὸς
2958 3737 3087 3800 τοὺς
3135 3737 3386 3807 μαθητὰς
3437 3735 3626 3799 αὐτοῦ,
3689 3725 3844 3802 εὗρεν

2268 3828 2467 3892 αὐτοὺς
2499 3829 2882 3898 κοιμωμένους
2904 3829 3014 3883 ἀπὸ
3050 3830 3152 3899 τῆς
3181 3828 3383 3899 λύπης.
3418 3828 3528 3882 Καὶ
3570 3824 3727 3881 εἶπεν
3752 3826 3843 3879 αὑ-

2269 3922 2381 3982 τοῖς
2406 3936 2420 3951 ο
2453 3920 2519 3972 Τί
2553 3920 2886 3989 καθεύδετε;
2917 3914 3299 3985 ὅἈναστάιιτες
3335 3921 3733 3991 προσεύχεσθε,
3758 3919 3840 3970 ἵνα

2272 4012 2348 4082 μὴ
2379 4011 2657 4084 εἰσέλθητε
2685 4014 2765 4074 εἰς
2797 4013 3127 4083 πειρασμόν.
3176 4033 3195 4066 ι
3228 4013 3383 4066 Μετά
3415 4013 3475 4066 τὸ
3511 4012 3748 4071 δεῖπνον,
3781 4008 3840 4061 ού

2269 4103 2531 4174 ῥᾳθυμία,
2565 4104 2656 4158 καὶ
2699 4103 2946 4169 παίγνια,
2981 4106 3075 4158 καὶ
3103 4105 3268 4167 ὕπνος
3299 4103 3393 4156 τον
3421 4101 3632 4170 Κύριον
3670 4100 3840 4153 διαδὲ‹

2267 4210 2474 4264 χονται,
2514 4193 2650 4246 ἀλλὰ
2699 4193 3043 4258 διδασκαλία,
3097 4197 3192 4248 καὶ
3233 4193 3537 4266 προσευχὴ,
3599 4193 3668 4246 δι’
3701 4193 3841 4261 ἡμᾶς

2265 4285 2436 4337 ταῦτα
2459 4284 2737 4338 τυποῦντα
2765 4287 2859 4339 καὶ
2899 4287 3310 4341 ὑποδεικνύντα.
3351 4287 3487 4340 Οὐαὶ
3518 4286 3708 4339 λοιπὸν
3737 4287 3842 4349 τοῖς

2265 4375 2364 4445 τῆς
2398 4375 2594 4446 ἀτίμου
2629 4377 2892 4448 πορνείας
2915 4377 3098 4448 ἔργοις
3127 4377 3266 4448 μετά
3311 4378 3375 4430 τά
3407 4377 3601 4430 δεῖπνα
3640 4379 3840 4446 ἐπιχει-

2266 4467 2469 4538 ροῦσιν.
2511 4467 2898 4540 Ὑπαναχωρεῖ
2925 4468 3056 4537 γοῦν
3090 4471 3172 4550 είς
3201 4471 3260 4522 τὸ
3299 4470 3424 4538 ὅρος
3473 4469 3584 4523 τῶν
3619 4467 3841 4522 Ἐλαιῶν

2266 4559 2406 4629 μετὰ
2431 4558 2492 4612 τὸ
2518 4559 2742 4614 τοιαῦτα
2763 4560 2967 4627 διδάξαι
2998 4563 3126 4626 τοὺς
3159 4561 3426 4633 μαθητὰς,
3461 4561 3538 4626 ὠς
3570 4563 3636 4616 ἂν
3670 4579 3836 4634 προσ-

2259 4648 2503 4718 εύξηται.
2542 4651 2742 4706 Εἰώθει
2795 4653 2905 4722 γὰρ
2941 4653 3082 4707 κατά
3115 4654 3285 4724 μόνας
3319 4654 3481 4708 τοῦτο
3515 4657 3691 4708 ποιεῖν
3716 4673 3730 4686 ο
3759 4654 3834 4709 διὸ

2259 4743 2354 4796 καὶ
2379 4743 2488 4800 ἀπὸ
2542 4744 2652 4798 τῶν
2705 4745 2964 4818 μαθητῶν
3007 4748 3346 4802 ἀποσπᾶται.
3410 4748 3489 4802 Οὐ
3535 4749 3746 4812 πάντας
3782 4749 3831 4804 δι

2258 4836 2384 4900 τοὺς
2416 4837 2691 4907 μαθητὰς,
2725 4836 2860 4891 ἀλλά
2895 4839 3090 4907 μόνους
3135 4841 3261 4903 τοὺς
3296 4841 3446 4910 τρεῖς
3471 4840 3832 4911 παραλαμϐά-

2259 4945 2362 4994 νει,
2393 4927 2520 4990 sub;
2552 4932 2647 4983 καὶ
2674 4929 2774 5000 τῆς
2797 4927 2957 5000 δόξης
2998 4930 3163 4984 αὑτοῦ
3204 4933 3263 4985 ἐν
3291 4930 3366 5001 τῷ
3401 4931 3520 5002 θρει
3571 4931 3826 5002 θεωρούς.

2271 5021 2489 5091 Ἐπειδὴ
2514 5023 2623 5092 γὰρ
2652 5023 2864 5095 ἀγωνιᾷ
2888 5023 2980 5077 καλ⁸
3023 5023 3410 5094 προσεύχεται,
3435 5025 3523 5078 ἵνα
3547 5028 3622 5096 μὴ
3644 5026 3826 5092 δόξωσι

2256 5114 2460 5178 δειλίας
2492 5115 2663 5170 ταῦτα
2699 5113 2861 5180 εἶναι,
2897 5117 2987 5171 διὰ
3040 5116 3199 5170 τοῦτο
3250 5117 3474 5179 τούτους
3506 5119 3606 5189 τῆς
3650 5118 3826 5188 θεῖκῆς

2257 5209 2423 5261 αύτοῦ
2451 5208 2608 5281 δόξης
2661 5209 2758 5262 καὶ
2796 5213 2896 5281 τῆς
2926 5209 3136 5264 ἀνωθεν
3199 5211 3510 5282 μαρτυρίας
3561 5212 3824 5273 αὐτόπτας

2260 5300 2353 5352 καὶ
2376 5300 2653 5365 ἀκουστάς
2681 5300 3109 5373 παραλαμϐάνει
3132 5317 3145 5333 ·
3181 5302 3430 5356 ἵνα’ὄταν
3459 5302 3665 5372 δρῶσιν
3689 5302 3822 5368 ἀγω-

2255 5393 2473 5454 νιῶντα,
2507 5393 2606 5462 τῆς
2655 5393 3008 5464 ἀνθρωπίνης
3041 5394 3258 5464 φύσεως
3291 5395 3452 5450 τοῦτο
3501 5391 3641 5449 εἶναι
3686 5391 3820 5458 λογί-

2251 5503 2474 5540 σωνται.
2509 5487 2609 5540 Διὰ
2650 5486 2760 5556 γὰρ
2792 5487 2853 5540 τὸ
2906 5486 3303 5555 πιστώσασθαι,
3355 5489 3438 5542 ὅτι
3492 5488 3704 5558 ἀληθῶς
3733 5485 3817 5538 ἀν’

2251 5578 2468 5648 θρωπος
2500 5580 2711 5648 γέγονε,
2745 5580 3003 5633 ὲνδέδωκε
3033 5584 3097 5652 τῇ
3123 5582 3281 5650 φύσει
3301 5583 3361 5636 τὸ
3384 5582 3586 5652 ἑαυτῆς
3617 5580 3812 5634 ποιεῖν·

2253 5673 2341 5723 καὶ
2376 5672 2635 5742 ἐπιθυμεῖ
2698 5671 2842 5740 ζωῆς
2903 5673 2994 5725 καὶ
3052 5673 3210 5736 αὐτὸς
3263 5674 3340 5736 ti);
3393 5674 3700 5744 ἅνθρωπος,
3732 5667 3814 5723 καὶ
