4100 6334
177 414 314 480 1081

910 410 1362 472 ENAlillA'l‘lD
1403 411 1483 470 IN
1525 407 2025 505 EV‘ANGELlUM
2073 404 2310 465 LUCJE.
2347 429 2416 438 --
2449 403 2610 462 CAP.
2652 399 2845 460 XXII.

3362 390 3496 456 1032

172 524 402 594 εὔχεται
473 523 772 594 παρελθεῖν
818 522 881 574 τὸ
937 523 1242 590 ποτήριον·
1299 520 1566 589 φιλόζωον
1598 503 1706 590 γάρ
1757 517 1786 568 δ

1913 532 1999 568 ton
2028 517 2227 569 dicturi
2261 525 2416 569 erant
2441 514 2482 567 si
2521 529 2626 566 non
2683 511 2912 564 fuissent
2945 509 3056 561 lucc
3092 506 3278 560 facta?
3326 503 3496 560 Porro

174 615 478 687 ἅνθρωπος
503 633 518 695 ο.
546 615 642 678 τὰς
681 613 924 685 αἱρέσεις
954 614 1043 666 διὰ
1072 613 1279 666 τούτων
1309 612 1638 680 ἀνατρέπων
1680 611 1782 670 τὰς

173 709 468 778 λεγούσας,
524 709 608 761 ὅτι
651 706 796 760 κατά
863 706 1171 775 φαντασίαν
1224 703 1680 774 ἐνηνθρώπησεν.
1722 701 1784 753 El

176 799 292 870 γὰρ
329 800 423 852 καὶ
453 799 664 851 τούτων
705 800 1037 868 γενομένων,
1076 796 1234 868 ἔσχον
1270 796 1508 864 πάροδον
1545 793 1776 846 τοιαῦτα

176 889 477 961 φλυαρεῖψ
515 890 567 941 τί
594 891 692 943 οὐκ
733 890 798 943 ἂν
853 888 1028 952 εἷπον,
1066 892 1113 942 εἰ
1151 888 1285 958 μηδὲ
1315 888 1487 940 ταῦτα
1517 887 1774 952 ὲγένετο;

177 983 259 1035 Τὸ
316 983 418 1052 μὲν
495 982 588 1035 οὖν
637 981 812 1034 θέλειν
868 981 1274 1050 παρενεχθῆναι
1337 981 1398 1032 τὸ
1470 980 1734 1047 ποτήριον
1770 1017 1784 1040 ,

176 1073 570 1145 ἀνθρώπινον·
599 1075 660 1127 τὸ
713 1075 770 1126 δὲ
833 1075 1043 1145 ταχέως
1095 1075 1296 1140 εἰπεῖν,
1337 1093 1354 1124 ι
1402 1072 1552 1143 Πλὴν
1606 1071 1682 1142 μὴ
1729 1073 1786 1124 τὸ

176 1170 318 1239 ἐμὸν
371 1169 587 1240 Θέλημα
645 1169 911 1237 γενέσθω,
970 1171 1106 1223 ἀλλὰ
1165 1170 1226 1222 τὸ
1262 1172 1377 1234 σὺν,
1439 1190 1454 1222 ι
1508 1169 1784 1222 δείκνυσιν

176 1267 266 1318 ὅτι
299 1266 394 1318 καὶ
436 1268 583 1335 ἡμᾶς
625 1265 768 1320 οὕτω
807 1266 888 1319 δεῖ
927 1267 1234 1322 διακεῖσθαι
1294 1271 1392 1322 καὶ
1443 1269 1782 1338 φιλοσοφεῖν,

179 1361 281 1414 καὶ
330 1362 408 1432 τῷ
454 1362 583 1433 θείῳ
639 1363 907 1435 θελήματι
953 1369 1331 1437 παραχωρεῖν.
1389 1368 1480 1418 καὶ
1527 1369 1626 1436 τῆς
1685 1365 1784 1434 φύεν

180 1471 326 1518 σεως
379 1456 773 1527 άνθελκούσης,
829 1458 904 1529 μὴ
950 1459 1405 1530 ἐπιστρέφεσθαι.
1453 1459 1544 1530 Μὴ
1593 1460 1654 1511 τὸ
1698 1459 1784 1511 θέ-

177 1547 328 1614 λημά
358 1563 460 1617 μου
487 1550 543 1602 τὸ
575 1550 921 1621 ἀνθρώπινον
951 1551 1219 1620 γενέσθω,
1250 1534 1388 1606 ἀλλά
1418 1552 1478 1605 τὸ
1507 1553 1618 1613 σὸν,
1649 1556 1786 1624 ὅπερ

178 1639 275 1693 οὺ)
303 1641 404 1693 οὐκ
437 1641 552 1694 ἔστι
585 1641 676 1695 τοῦ
732 1643 866 1713 ἐμοῦ
897 1643 1042 1697 θείου
1076 1643 1383 1715 θελήματος
1434 1648 1786 1717 κεχωρισμέ-

175 1748 307 1783 νον’
340 1733 434 1784 δύο
474 1733 582 1802 γάρ
613 1733 805 1803 φύσεις
848 1733 988 1806 ἔχων
1022 1736 1048 1787 ὁ
1084 1731 1166 1799 εἷς
1197 1737 1456 1808 Χριστὸς,
1498 1733 1613 1808 εἶχε
1648 1738 1786 1791 πάν-

175 1841 288 1886 τως
315 1826 407 1877 καὶ
440 1844 509 1894 ιρι)
523 1827 646 1878 σικὰ
670 1826 955 1897 θελήματα
983 1829 1043 1880 τό
1067 1846 1124 1881 τε
1163 1828 1326 1894 θεῖον,
1362 1832 1457 1882 καὶ
1490 1831 1550 1884 τὸ
1578 1830 1788 1901 ἀνθρώ-

178 1932 363 1981 πινον,
418 1917 543 1985 ἦτοι
584 1917 853 1989 θελήσεις.
878 1920 1074 1973 Ἤθελε
1125 1923 1224 1991 μὲν
1264 1917 1358 1976 οὖν
1395 1924 1426 1993 ἡ
1463 1923 1782 1994 ἀνθρωπίνη

179 2007 349 2076 φύσις
379 2008 439 2060 τὸ
455 2007 554 2078 ζῇν
582 2027 594 2039 ·
626 2011 856 2078 φυσικὸν
888 2012 1025 2082 γάρ·
1081 2008 1198 2066 εἶτα
1229 2014 1470 2084 ἑπομένη
1522 2014 1598 2086 τῷ
1654 2015 1786 2088 θείῳ

179 2098 454 2170 θελήματι
483 2102 565 2173 (τὸ
594 2103 650 2157 δέ
680 2107 820 2168 ἐστι,
850 2105 912 2159 τὸ
937 2108 1147 2170 πάντας
1177 2107 1503 2178 ἀνθρώπους
1523 2108 1782 2179 σωθῆναι,

177 2195 363 2246 κοινὸν
406 2194 464 2247 ὃν
505 2197 739 2267 Πατρδς,
767 2199 862 2251 καὶ
894 2199 1049 2266 Υἱοῦ,
1079 2201 1172 2254 καὶ
1209 2202 1368 2268 ἁγίου
1414 2201 1783 2272 Πνεύματος),

178 2287 276 2342 τὸν
323 2290 558 2344 θάνατον
591 2293 921 2356 κατεδέξατο
949 2312 962 2324 ·
1026 2295 1119 2348 καὶ
1149 2294 1324 2363 ούτως
1371 2294 1428 2348 ἓν
1465 2295 1686 2364 ἐγένετο
1730 2296 1788 2348 τὸ

181 2383 436 2452 θελητὺν.
501 2388 804 2452 τουτέστιν,
854 2390 882 2441 ό
937 2391 1292 2460 σωτηριώδης
1351 2391 1604 2454 θάνατος.
1663 2392 1788 2445 Ὅτι

179 2474 293 2547 γὰρ
317 2477 426 2531 ἀπὸ
440 2479 538 2548 τῆς
567 2480 917 2552 ἀνθρωπίνης
946 2483 1162 2552 φύσεως
1190 2479 1257 2554 ἦν
1275 2484 1335 2537 τὸ
1364 2485 1785 2555 προσεύχεσθαι,

181 2570 329 2623 κατὰ
363 2570 762 2641 παραχώρησιν
809 2575 1131 2644 πασχούσης
1163 2577 1226 2629 τὸ
1259 2578 1438 2630 κοινὸν
1485 2579 1658 2641 πάθος
1690 2581 1790 2647 τῆς

181 2661 504 2730 φιλοζωῖας,
541 2663 657 2717 ἀλλ’
687 2665 787 2718 οὐκ
819 2668 927 2719 ἀπὸ
959 2668 1057 2736 τῆς
1111 2669 1387 2739 θεότητος,
1421 2670 1497 2730 ὣς
1524 2689 1690 2739 φασιν
1741 2674 1789 2725 οἱ

181 2755 486 2824 κατάρατοι
515 2755 808 2826 Ἀρειανοὶ,
842 2759 1002 2828 δῆλον
1038 2761 1102 2814 ὲκ
1143 2761 1235 2813 τοῦ
1272 2764 1364 2814 καὶ
1415 2763 1660 2834 ἱδρῶσαι,
1697 2764 1793 2816 καὶ

182 2848 361 2911 οὕτως
395 2849 694 2917 ἐναγώνιον
753 2852 1034 2919 γενέσθαι,
1093 2853 1258 2917 ὥστε,
1291 2854 1450 2908 τοῦτο
1478 2855 1540 2925 δὴ
1593 2856 1653 2908 τὸ
1688 2859 1790 2927 τῆς

185 2940 516 3010 παροιμίας,
572 2945 666 2996 καὶ
699 2944 976 3015 θρόμϐους
1026 2947 1256 3018 αἵματος
1289 2947 1348 3012 ἐξ
1375 2949 1544 3001 αὐτοῦ
1579 2951 1790 3001 πεσεῖν.

187 3035 470 3103 Παροιμία
501 3037 608 3106 γάρ
633 3037 783 3091 ἐστιν
812 3039 907 3092 ἐπὶ
941 3039 1053 3093 τῶν
1097 3042 1305 3112 σφόδρα
1341 3042 1684 3108 κοπιώντων,
1708 3045 1792 3096 ὅτι

187 3126 344 3202 Αἷμα
377 3132 633 3203 ἴδρωσενσ
667 3135 859 3208 ὥσπερ
891 3138 986 3190 καὶ
1021 3139 1115 3190 ἐπὶ
1154 3138 1266 3192 τῶν
1292 3140 1507 3210 πικρῶς
1529 3142 1795 3211 ὀδυρομέ-

1892 611 2029 662 vclle
2064 611 2206 679 quod
2252 618 2492 662 transeat
2541 606 2703 668 calix,
2761 605 3056 657 lnnnannm
3112 610 3252 654 erat.
3299 598 3498 654 Statim

1892 714 2074 756 autem
2103 701 2358 764 dicendo,
2401 720 2418 752 ι
2467 698 2857 753 Verumtamen
2910 677 3042 748 non.
3077 710 3195 748 mea
3248 696 3500 749 voluntas

1893 795 2008 860 ﬁat,
2046 795 2138 849 sed
2171 805 2256 847 tua
2287 810 2301 848 :
2338 811 2356 845 ι
2394 792 2631 847 ostendit
2687 791 2828 860 quod
2865 789 3033 843 etiam
3083 803 3180 841 nos
3223 790 3300 841 sic
3331 804 3499 859 opor-

1895 900 2004 943 tcat
2073 887 2300 943 allectos
2379 902 2536 952 esse,
2617 895 2670 940 ct
2751 883 3181 952 philosophari,
3274 882 3500 936 divina--

1891 998 1995 1052 que
2039 979 2306 1033 voluntati
2357 977 2572 1039 cedere,
2629 985 2683 1030 et
2749 991 2853 1026 non
2911 988 3108 1043 parere
3170 982 3376 1024 natura:
3439 986 3501 1027 se

1892 1078 2210 1150 opponenti.
2295 1075 2410 1130 Non
2481 1074 2735 1127 voluntas
2818 1086 2936 1125 mea
3025 1071 3266 1123 humana
3364 1069 3500 1133 ﬁat,

1892 1174 1987 1227 sed
2092 1181 2222 1232 tua,
2295 1184 2360 1224 co
2430 1169 2577 1238 quod
2645 1177 2733 1218 tua
2798 1164 3050 1217 voluntas
3119 1178 3226 1216 non
3311 1170 3395 1214 est
3471 1175 3499 1213 ο

1891 1265 2055 1339 475
2088 1281 2203 1320 mea
2238 1265 2414 1318 divina
2437 1262 2714 1316 voluntate
2733 1267 3006 1328 separata.
3043 1256 3187 1310 Duas
3214 1255 3357 1308 enim
3399 1265 3496 1307 na-

1893 1360 2270 1413 turasbabens
2303 1371 2444 1410 unus
2467 1355 2747 1418 Christus,
2785 1353 2974 1407 habuit
3007 1360 3061 1404 et
3088 1346 3368 1403 naturales
3404 1362 3501 1401 vo-

1892 1453 2127 1507 luntates
2150 1452 2232 1505 vel
2260 1448 2571 1509 volitiones,
2598 1445 2840 1499 divinam
2869 1459 2934 1498 ac
2966 1443 3288 1495 humanam.
3319 1435 3506 1493 Voluit

1893 1548 2074 1616 itaque
2111 1547 2348 1600 humana
2407 1553 2600 1597 natura
2649 1542 2854 1602 vivere,
2905 1535 3157 1590 naturale
3211 1533 3359 1588 enim
3398 1543 3500 1587 cst.

1895 1640 2097 1694 Deinde
2127 1653 2366 1706 sequens
2404 1636 2645 1690 divinam
2694 1632 3054 1693 voluntatem,
3116 1643 3236 1698 qua:
3290 1626 3506 1680 vult-bat

1893 1743 1949 1789 ut
1979 1748 2168 1788 omnes
2211 1732 2461 1784 homines
2497 1728 2858 1789 salvarentur,
2916 1732 2970 1776 et
3025 1729 3144 1776 erat.
3196 1719 3509 1775 communis

1891 1827 2038 1882 Patri
2066 1839 2120 1883 et
2149 1826 2286 1881 Filio
2314 1840 2378 1880 ac
2412 1823 2636 1894 Spiritui
2679 1830 2890 1882 sancto,
2932 1828 3163 1871 mortem
3220 1815 3463 1884 suscepit
3491 1831 3506 1870 :

1891 1935 1945 1978 et
1981 1922 2061 1976 sic
2093 1938 2259 1976 unum
2299 1921 2499 1975 factum
2539 1927 2625 1972 est
2656 1915 2906 1979 velitum,
2939 1912 3043 1966 hoc
3074 1923 3183 1974 est,
3238 1909 3509 1965 salutaris

1890 2033 2064 2072 mors.
2099 2016 2252 2082 Quod
2289 2015 2435 2069 enim
2479 2014 2547 2067 ab
2583 2012 2817 2064 humana
2879 2017 3069 2060 natura
3110 2004 3274 2059 fuerit
3321 2017 3505 2064 orare.

1892 2123 2013 2182 qua:
2063 2107 2220 2176 juxta
2291 2103 2709 2174 permissionem
2784 2099 3091 2168 patiebatur
3157 2111 3507 2151 communcm

1893 2202 2238 2257 aﬂ'ectionem
2268 2215 2369 2269 qua
2402 2212 2650 2251 amamus
2685 2196 2875 2259 vitam,
2899 2201 2956 2249 Et
2988 2208 3093 2246 non
3133 2207 3158 2242 a
3196 2190 3508 2249 divinitate,

1894 2298 2036 2352 sicut
2073 2295 2264 2348 dicunt
2319 2289 2591 2344 maledicti
2633 2287 2849 2350 Ariani,
2910 2283 3266 2340 manifestum
3318 2293 3402 2337 est
3445 2297 3513 2336 ex

1896 2390 2020 2452 hoc,
2052 2389 2195 2458 quod
2231 2385 2467 2450 sudavit,
2497 2383 2658 2453 idque
2715 2395 2841 2435 cum
2882 2387 3033 2432 tanta
3083 2377 3385 2436 anxietate.
3440 2373 3515 2429 ita

1897 2493 1954 2538 ut
1984 2482 2162 2550 plane,
2211 2479 2363 2550 juxta
2409 2459 2756 2546 parmatiam,
2814 2471 3099 2540 sanguinis
3152 2479 3316 2538 gutta:
3344 2483 3411 2520 ex
3446 2481 3513 2521 eo

1897 2574 2211 2628 ceciderint.
2248 2569 2520 2624 Parmmia
2550 2566 2695 2621 enim
2733 2576 2815 2620 est
2848 2564 2902 2618 in
2935 2565 3022 2618 his
3049 2562 3148 2631 qui
3177 2560 3333 2612 valde
3366 2557 3516 2612 labo-

1897 2679 2040 2733 rant,
2073 2670 2145 2722 ita
2179 2675 2237 2720 ut
2264 2665 2585 2736 sanguinem
2622 2661 2820 2717 sudent
2852 2679 2866 2714 :
2900 2659 3043 2714 sicut
3076 2669 3130 2711 et
3172 2657 3224 2708 in
3288 2654 3376 2707 his
3419 2650 3518 2722 qui

1896 2775 2080 2814 amare
2113 2760 2268 2823 ﬁent,
2307 2755 2542 2810 dicimus
2589 2754 2731 2821 quod
2775 2750 3098 2820 sanguinem
3154 2747 3338 2800 lleant.
3407 2745 3522 2798 Hoc

1899 2855 2064 2922 igitur
2090 2852 2278 2906 volens
2316 2848 2665 2902 manifestare
2692 2843 3048 2913 evangelista,
3101 2839 3248 2911 quod
3288 2853 3395 2892 non
3444 2848 3524 2890 te-

1901 2947 2097 2997 nuibus
2133 2939 2456 3013 quibusdam
2491 2937 2815 2993 humoribus
2847 2946 2903 2991 et
2935 2936 3084 2989 velut
3121 2928 3514 2987 ostentationis

1900 3038 2072 3107 gratia
2117 3035 2530 3104 apparentibus,
2592 3018 2686 3086 sed
2753 3031 2966 3099 magnis
3026 3029 3193 3098 guttis
3255 3024 3512 3078 sudorem

1901 3131 2211 3195 stillaverit,
2250 3128 2533 3197 sanguinis
2589 3134 2793 3196 guttas,
2847 3133 2903 3177 ut
2942 3123 2992 3175 id
3032 3121 3175 3189 quod
3228 3117 3522 3188 gerebatur

185 3243 319 3289 νων,
374 3226 596 3297 Λῖματα
660 3229 857 3283 κλαίει.
913 3230 1086 3284 Τοῦτο
1111 3232 1292 3286 τοίνυν
1332 3234 1504 3289 θέλων
1548 3237 1792 3305 δηλῶσαι

1907 3233 2338 3292 repraesentata,
2363 3220 2593 3289 accepit.
2623 3217 2758 3271 Hinc
2781 3217 2943 3285 igitur
2969 3212 3348 3271 manifesmm,
3378 3208 3526 3278 quod

189 3320 288 3412 καὶ
318 3319 347 3371 ὀ
372 3319 784 3393 εύαγγελιστὴς,
817 3323 899 3377 ὅτι
923 3325 1045 3395 οὐχὶ
1087 3326 1313 3390 λεπταῖς
1338 3346 1446 3381 τισι
1476 3329 1668 3390 νοτίσι,
1698 3331 1795 3383 καὶ

185 3404 303 3464 οἷον
328 3412 609 3480 ἐνδείξεως
639 3415 799 3485 χάριν
850 3418 1287 3488 ἐμφαινομέναις
1309 3461 1323 3484 ,
1365 3421 1501 3474 ἀλλὰ
1537 3425 1796 3489 σταγόσιν

145 3505 385 3576 ίάδραῖς
445 3507 686 3578 ἱδρώτων
731 3512 1142 3580 περιεστάζετο,
1201 3515 1330 3578 τοὺς
1378 3515 1487 3568 τῶν
1540 3519 1797 3588 αἱμάτων

190 3599 474 3671 θρόμϐους
496 3603 574 3663 είς
610 3603 794 3656 εἰκόνα
823 3603 916 3656 τοῦ
951 3606 1248 3675 γενομένου
1279 3607 1644 3680 παρείληφεν.
1683 3609 1797 3663 Ἐνο

188 3695 390 3750 τεῦθεν
432 3697 525 3750 οὖν
581 3699 738 3767 δῆλον
787 3699 862 3762 ὡς
925 3701 958 3769 ἡ
1017 3700 1242 3769 ἱδροῦσα
1279 3700 1442 3769 φύσις
1479 3703 1665 3772 ἐκείνη
1707 3704 1799 3755 καὶ

193 3789 431 3856 ἀγωνία,
485 3791 517 3860 ἡ
551 3790 869 3861 ἀνθρωπίνη
905 3786 995 3860 ἦν,
1049 3792 1147 3879 οὐχ
1183 3793 1216 3862 ἡ
1262 3793 1404 3846 θεία.
1454 3794 1608 3847 Ἐπεὶ
1640 3797 1735 3848 καὶ
1769 3797 1800 3865 ὴ
1859 3807 1870 3821 ‘

193 3881 518 3951 ἀνθρωπίνη
540 3884 702 3951 φύσις
721 3886 1078 3955 συνεχωρήθη
1110 3885 1284 3938 ταῦτα.
1310 3888 1561 3956 πάσχειν,
1589 3890 1685 3941 καὶ
1710 3888 1806 3940 oi)-

193 3993 307 4036 τως
341 3976 604 4046 ἔπασχεν,
639 3977 705 4029 ἶν’
744 3978 987 4062 ἆμαδμέν
1015 3979 1185 4052 δείξῃ,
1211 3981 1292 4032 ὅτι
1324 3981 1385 4033 οὐ
1421 3982 1566 4034 uti
1600 4000 1805 4051 φαντα-

198 4068 327 4121 σίαν
361 4069 532 4140 ἐφάνη
570 4071 876 4142 ἄνθρωπος,
917 4073 1031 4141 ἅμα
1066 4072 1121 4125 δὲ
1150 4072 1563 4143 μυστικώτερον
1598 4074 1808 4144 καὶτὴν

199 4166 396 4236 κοινὴν
417 4165 517 4233 τῆς
546 4166 894 4235 ἀνθρωπίνης
927 4166 1146 4235 φύσεως
1178 4168 1385 4221 δειλίαν
1417 4169 1723 4237 ἐξιάσηται,
1754 4171 1810 4222 ὲν

200 4258 389 4328 ἑαυτῷ
420 4258 743 4329 δαπανήσας
780 4259 1010 4329 ταύτην,
1053 4262 1145 4313 καὶ
1172 4263 1445 4331 κατήκοον
1479 4263 1710 4332 ποιήσας
1735 4263 1811 4332 τῷ

202 4354 339 4424 θείῳ
380 4352 670 4423 θελήματι.
707 4355 816 4406 Καὶ
847 4356 970 4417 τοὺς
1005 4358 1066 4408 ὲκ
1101 4356 1196 4407 τοῦ
1228 4356 1479 4424 σώματος
1512 4357 1810 4428 ἐξερχομέ-

200 4465 332 4508 vota;
369 4445 599 4515 ἱδρῶτας
636 4447 730 4498 καὶ
765 4449 1202 4510 ἀποπίπτοντας,
1264 4449 1428 4502 τοῦτο
1474 4450 1813 4503 αἰνίττεσθαι

204 4541 348 4611 φαίη
376 4539 441 4592 ἄν
471 4557 576 4603 τις,
606 4540 667 4592 τὸ
718 4539 1207 4609 ἀναξηραίνεσθαι,
1265 4542 1358 4594 καὶ
1393 4541 1812 4610 ἐξικμάζεσθαι,

1903 3331 2091 3374 natura
2123 3319 2208 3371 illa
2236 3332 2357 3387 qua;
2383 3315 2639 3373 sudabat,
2674 3322 2727 3364 ct
2763 3311 2815 3364 in
2873 3324 3048 3377 agone
3077 3315 3216 3370 erat,
3275 3307 3511 3359 humana

1903 3420 2002 3475 ista
2045 3413 2166 3477 fuit,
2197 3427 2302 3465 non
2341 3409 2520 3462 divina
2557 3425 2571 3461 :
2607 3405 2736 3476 quia
2771 3416 2827 3458 et
2857 3404 3099 3458 humana
3164 3409 3359 3454 natura
3403 3412 3529 3453 uer-

1903 3508 2062 3562 missa
2092 3518 2175 3559 est
2205 3505 2318 3556 lure
2349 3502 2483 3571 pati,
2515 3511 2567 3554 et
2601 3501 2683 3553 sic
2750 3511 2908 3565 passa
2966 3503 3072 3559 est,
3109 3501 3167 3547 ut
3192 3491 3354 3546 simul
3391 3504 3530 3543 mte-

1905 3601 2006 3654 rim
2039 3596 2372 3658 ostenderet,
2408 3591 2553 3662 quod
2585 3607 2689 3644 non
2728 3587 3108 3658 phantasticus
3145 3582 3311 3638 fuerit
3339 3581 3527 3636 homo.

1908 3692 2128 3747 Interim
2163 3698 2215 3744 et
2245 3688 2419 3755 magis
2446 3685 2736 3757 mysticum
2767 3680 3024 3749 quiddam
3074 3681 3257 3743 docet,
3288 3674 3436 3747 quod
3477 3690 3535 3733 et

1907 3801 2252 3844 cnnmunem
2323 3783 2579 3838 humana:
2653 3786 2863 3833 naturae
2931 3775 3280 3829 timiditatem
3354 3779 3533 3840 sanet,

1909 3886 2035 3954 quia
2067 3882 2120 3936 in
2146 3880 2327 3948 Seipso
2357 3877 2501 3932 illam
2534 3872 2894 3942 consumpsit,
2922 3869 3231 3938 divinmque
3264 3865 3534 3921 voluntati

1914 3982 2038 4034 fecit
2066 3975 2433 4031 obedientem.
2467 3969 2682 4037 Quippe
2717 3969 2860 4035 quod
2897 3963 3325 4034 egrediebantur
3358 3977 3386 4014 e
3412 3976 3539 4016 cor-

1915 4091 2045 4145 pore
2073 4073 2301 4125 sudores
2330 4076 2384 4121 et
2414 4065 2760 4124 decidebant,
2791 4061 3006 4113 videtur
3050 4056 3361 4128 signiﬁcare
3387 4057 3531 4123 quol

1914 4142 2154 4222 exsiccet.
2185 4171 2238 4216 et
2271 4161 2548 4225 abstergat
2581 4165 2636 4208 et
2676 4170 2704 4207 a
2735 4152 2893 4206 nobis
2950 4150 3147 4202 cadere
3201 4145 3366 4199 faciat
3413 4142 3538 4196 f-m-

1919 4279 1997 4319 tcs
2025 4259 2353 4317 timiditatis.
2389 4267 2580 4308 mtura
2619 4261 2804 4306 nostra
2864 4249 2917 4301 in
2945 4247 3170 4301 Christo
3213 4242 3540 4297 corrobora-

1921 4373 1992 4420 te,
2029 4371 2081 4411 et
2114 4356 2457 4408 conﬁrmata.
2498 4348 2613 4401 Nisi
2665 4346 2812 4398 enim
2861 4343 2913 4396 id
2959 4340 3346 4412 signiﬁcasset,
3396 4338 3540 4405 quod

1924 4452 2171 4505 videlicet
2233 4451 2527 4500 humanam
2596 4449 2841 4494 nostram
2913 4434 3268 4489 fortnidincm
3340 4445 3542 4485 curare

1926 4546 2190 4598 voluisset
2220 4558 2233 4594 ε
2272 4538 2486 4593 etiamsi
2516 4534 2674 4588 valde
2717 4531 2939 4584 timidus
2969 4539 3022 4581 et
3057 4529 3285 4597 ignavus
3323 4523 3540 4585 luisset,

203 4633 304 4688 καὶ
363 4634 701 4688 ἀποπίπτειν
759 4634 850 4703 ἀφ’
883 4634 1039 4704 ἡμῶν
1073 4636 1172 4698 τὰς
1207 4639 1305 4705 τῆς
1347 4635 1551 4698 δειλίας
1609 4639 1792 4705 πηγὰς

1929 4656 2034 4694 non
2070 4639 2255 4705 utique
2287 4633 2365 4687 sic
2398 4630 2669 4685 sudasset.
2698 4623 2863 4679 Visus
2898 4631 2985 4676 est
3017 4630 3203 4675 autem
3237 4618 3285 4672 ei
3316 4615 3546 4688 angelus

206 4727 589 4799 ἀνδρουμένης
641 4729 738 4799 τῆς
784 4727 1002 4796 φύσεως
1035 4731 1195 4799 ἡμῶν
1242 4732 1299 4782 ὲν
1333 4731 1558 4800 Χριστῷ
1590 4732 1684 4783 καὶ
1729 4748 1820 4783 τοο

208 4821 504 4890 νουμένης.
565 4820 626 4872 Εί
681 4822 756 4890 μὴ
793 4821 902 4891 γάρ
935 4821 1096 4887 τοῦτο
1125 4817 1193 4891 ἦν
1247 4823 1645 4891 αἰνιττόμενος,
1678 4823 1823 4892 φημὶ

208 4914 278 4984 δὴ
312 4913 371 4966 τὸ
395 4914 494 4984 τὴν
524 4914 803 4985 ἡμετέραν
850 4914 957 4965 τῶν
999 4914 1304 4985 ἀνθρώπων
1338 4915 1542 4969 δειλίαν
1572 4916 1821 4980 ἐξιᾶσθαι

212 5008 417 5073 θέλειν,
444 5007 544 5059 οὐκ
583 5007 669 5068 ἂν,
696 5008 814 5060 οὐδὲ
835 5011 881 5060 εί
904 5009 1107 5077 σᾳιίδρα
1146 5009 1318 5071 δειλὸς
1339 5005 1404 5080 ἦν
1435 5011 1529 5062 καὶ
1563 5012 1817 5080 ἀγεννὴς,

211 5100 394 5164 οὕτως
429 5100 596 5171 ἵδρου.
636 5101 814 5170 Ὠφθη
857 5102 912 5153 δὲ
959 5102 1107 5170 αὖτῷ
1143 5102 1374 5170 ἄγγελος
1405 5105 1674 5173 ἐνισχύων
1721 5106 1822 5156 αύ-

210 5197 334 5260 τὸν,
364 5196 458 5247 καὶ
485 5194 642 5247 τοῦτο
675 5195 753 5258 εἰς
784 5195 942 5264 ἡμῶν
1002 5197 1369 5267 παράκλησιν,
1397 5198 1468 5261 ὡς
1502 5199 1568 5251 ἂν
1596 5200 1692 5269 τὴν
1726 5201 1826 5269 τῆς

215 5291 388 5359 εὖκῆς
418 5287 647 5356 δύναμιν
684 5289 965 5356 μάθωμεν,
1000 5291 1080 5341 ὅτι
1113 5290 1376 5361 ἐνισχύει,
1411 5295 1502 5344 καὶ
1538 5293 1823 5361 μαθόντες,

215 5366 430 5453 ταύτην
463 5384 519 5435 ὲν
551 5385 663 5444 τοῖς
713 5384 905 5445 δεινοῖς
936 5385 1394 5456 προϐαλλώμεθα.
1440 5387 1593 5457 Ἅμα
1629 5387 1686 5440 δὲ
1732 5386 1828 5439 καὶ

218 5476 537 5549 προφητεία
595 5478 841 5540 Μωσέως
876 5477 1175 5548 πληροῦται
1212 5482 1270 5532 ἐν
1327 5483 1391 5551 τῇ
1447 5481 1658 5552 μεγάλῃ
1718 5482 1826 5550 ᾠδῇ

220 5571 529 5644 εἰρημένη·
561 5590 578 5619 ι
614 5571 722 5623 Καὶ
747 5574 1193 5641 ένισχυσάτωσαν
1233 5575 1290 5627 ἐν
1325 5575 1474 5645 αὐτῷ
1492 5577 1694 5640 πάντες
1725 5579 1833 5630 υἱοὶ

221 5664 384 5718 Θεοῦ.
426 5685 444 5713 ι
484 5665 641 5726 Τινὲς
666 5665 721 5716 δὲ
746 5664 888 5718 οὕτω
921 5665 1396 5735 περιειργάσαντθ
1433 5670 1494 5722 τὸ
1538 5671 1724 5742 ῥητὸν,
1749 5671 1830 5723 ὅτι

222 5755 386 5826 ειφθη
425 5756 573 5828 αὐτῷ
609 5757 840 5825 ἅγγελος
878 5757 1116 5824 δοξάζων
1161 5761 1344 5824 αὐτὸν,
1381 5764 1475 5816 καὶ
1507 5762 1712 5829 λέγων·
1757 5765 1828 5833 Si;

300 5937 369 5968 “'
399 5935 553 5991 Deut.
583 5954 751 6015 ξκχιι,
782 5938 935 6004 juxta
969 5937 1131 5990 LIX.

1924 4733 2240 4790 confortans
2271 4742 2418 4789 eum,
2454 4724 2619 4793 idque
2673 4720 2741 4774 ad
2793 4728 3040 4773 nostram
3079 4712 3544 4775 consolationem,

1925 4839 1986 4885 ut
2034 4823 2304 4881 orationis
2360 4821 2618 4873 virtutem
2677 4815 2979 4876 discamus,
3047 4810 3191 4878 quod
3249 4805 3546 4870 confortet,

1925 4939 2204 4993 quumque
2247 4919 2630 4976 didicerimus.
2685 4928 2805 4966 eam
2864 4911 2916 4964 in
2967 4909 3226 4980 gravibus
3291 4902 3553 4974 periculis

1925 5017 2344 5090 prarmittatnus.
2383 5012 2595 5065 Interea
2645 5008 2812 5060 etiam
2863 5004 3158 5070 implentur
3208 5014 3269 5053 ea
3303 5012 3423 5066 qua:
3476 4995 3557 5049 di-

1924 5123 2008 5167 cta
2033 5127 2059 5162 a
2094 5108 2241 5163 Mose
2271 5108 2321 5158 in
2361 5118 2558 5171 magno
2579 5100 2792 5154 cantico
2825 5116 2838 5151 :
2871 5116 2887 5147 ι
2929 5096 2992 5149 Ει
3027 5095 3356 5148 roborentur
3404 5090 3458 5143 in
3489 5103 3557 5142 eo

1929 5219 2119 5259 omnes
2140 5201 2233 5255 ﬁlii
2273 5198 2471 5252 Dei’“.
2508 5215 2528 5249 ι
2551 5191 2802 5247 Nonnulli
2835 5199 3014 5242 autem
3048 5188 3126 5240 sic
3150 5187 3356 5239 dictum
3387 5181 3558 5251 expli-

1931 5307 2126 5352 carunt
2157 5288 2615 5358 cnriosius,quod
2645 5282 2962 5354 apparuitei
2992 5281 3221 5349 angelus
3249 5276 3562 5348 gloriﬁcans

1935 5406 2080 5454 eum,
2111 5387 2400 5442 cttlicens:
2428 5383 2544 5436 Tua
2572 5391 2677 5443 est,
2705 5378 2958 5439 Domine,
2989 5373 3252 5428 fortitudo
3286 5389 3297 5423 :
3333 5380 3385 5423 tu
3413 5369 3559 5422 enim

1941 5478 2274 5551 praevaluisti
2298 5485 2486 5532 contra
2511 5483 2767 5534 mortem,
2792 5479 2845 5522 et
2869 5477 3060 5520 contra
3093 5462 3392 5523 infernum.
3415 5469 3467 5514 et
3490 5458 3552 5511 Ιί-

1949 5574 2150 5630 berasti
2168 5571 2674 5638 genushumauum.
2697 5559 3124 5629 Etbrecquidcm
3144 5558 3223 5611 sic
3254 5572 3311 5609 se
3336 5555 3555 5608 habent.

1948 5665 2068 5735 ipse
2094 5673 2271 5716 autem
2316 5676 2439 5715 cum
2495 5656 2771 5711 inveniret
2828 5647 3133 5716 discipulos
3194 5644 3552 5700 dormientes.

1944 5758 2241 5828 exprobrat
2272 5755 2435 5809 simul
2471 5763 2521 5808 et
2555 5749 2876 5805 adhortatur
2910 5753 2967 5796 ut
2998 5748 3158 5795 orent
3206 5740 3256 5794 in
3300 5736 3555 5794 tentatio-
