4100 6334
255 358 400 424 1085

978 346 1432 410 ENARRATIO
1474 347 1556 407 ΙΝ
1601 338 2103 406 EVANGELIUM
2151 336 2386 399 LUC/1'3.
2414 335 2664 396 -CAP.
2696 331 2893 393 XXII.

3444 324 3584 391 1086

244 474 457 539 ἔλεγεν,
480 468 607 537 ἄχρι
632 466 729 533 τῆς
751 462 987 531 ἐσχάτης
1011 459 1164 531 ὥρας
1200 459 1625 530 περικαιόμενος
1658 452 1846 509 αὐτοῦ.

1994 448 2239 502 tidcireo
2274 462 2378 498 non
2424 450 2749 511 prosecutus
2788 449 2870 493 est
2898 436 3172 499 convitiis,
3200 450 3376 505 neque
3401 436 3571 494 dixit.

242 563 341 617 Διὸ
376 564 469 614 καὶ
500 558 619 611 οὐδὲ
642 556 887 626 ὖὸρισεν.
918 552 1040 605 οὐδὲ
1088 548 1243 604 εἶπεν
1266 569 1279 582 ·
1339 548 1701 619 Ἀπάνθρωπε
1755 548 1851 599 καὶ

244 654 722 725 ἀγνωμονέστατε,
779 647 919 711 ἀλλ’,
982 664 1000 698 ι
1038 645 1238 708 Ἰούδα,
1269 663 1288 695 ι
1354 642 1431 713 τῷ
1456 642 1632 711 κυρίῳ
1685 628 1852 694 αὑτοῦ

245 750 477 819 ὀνῧματι
506 740 943 811 ἀνακαλούμενος
976 740 1160 793 αὐτόν.
1181 738 1291 792 Καὶ
1320 736 1429 790 οὐδ’
1459 736 1527 790 ἂν
1556 734 1856 803 προσωνεί-

246 842 421 901 δισεν,
454 838 503 889 εἰ
537 837 611 907 μὴ
635 836 726 887 καὶ
753 834 911 888 τοῦτο
947 836 1025 896 εἰς
1060 830 1347 902 βελτίωσιν
1378 827 1546 882 αὑτοῦ
1578 823 1668 898 ἦν,
1695 826 1854 896 εἴπερ

248 933 525 988 ἰδούλετο.
567 928 682 982 ’Ὶνα
707 929 816 998 γὰρ
850 928 925 999 μὴ
948 928 1075 998 δόξῃ
1104 924 1310 988 λαθεῖν,
1336 922 1449 977 ἀλλ’
1467 922 1723 989 ἐπιγνοὺς
1752 919 1854 973 κᾶν

248 1026 373 1080 τότε
401 1024 514 1077 τὸν·
538 1023 840 1091 Δεσπότην,
861 1021 937 1083 ὠς
972 1020 1153 1072 πάντα
1186 1017 1388 1080 εἰδότα,
1421 1014 1735 1084 προσπέσῃ.
1762 1014 1857 1065 καὶ

253 1116 535 1188 μεταγνῷ,
568 1116 760 1170 τούτου
785 1115 973 1167 ἕνεκεν
1000 1114 1094 1166 καὶ
1126 1112 1286 1165 τοῦτο
1313 1110 1563 1180 ἐποίησε,
1602 1109 1697 1160 καὶ
1718 1108 1859 1159 όνει·

248 1210 424 1271 δίζειν
460 1208 657 1272 ἔδοξεν.
694 1207 851 1278 ’ῌδει
882 1205 981 1273 μὲν
1038 1205 1147 1275 γὰρ
1194 1202 1379 1264 αὑτὸν,
1414 1202 1497 1253 ὅτι
1528 1199 1858 1269 ἁδιόρθωτός

251 1301 425 1361 ἐστιν,
460 1296 576 1349 ἀλλ’
604 1292 697 1349 οὖν
746 1294 807 1347 τὸ
848 1293 1043 1347 ἑαυτοῦ
1078 1292 1255 1346 ὲποίει
1277 1309 1292 1325 ·
1343 1291 1535 1359 ὥσπερ
1565 1289 1659 1342 οὖν
1705 1289 1800 1342 καὶ
1831 1289 1859 1340 ό

252 1386 452 1455 Πατὴρ
488 1385 654 1439 αὑτοῦ
690 1387 746 1437 έν
800 1387 868 1455 τῇ
902 1383 1116 1454 Παλαιᾷ
1164 1384 1309 1435 ποιεῖ
1331 1398 1345 1413 ·
1399 1380 1555 1444 εἰδὼς
1588 1381 1663 1451 μὴ
1693 1380 1861 1433 ἀκού-

254 1496 452 1539 συντας
483 1481 610 1543 τοὺς
647 1476 959 1547 Ἐϐραίους,
1009 1478 1161 1546 ὅμως
1202 1475 1529 1529 ἀποστέλλει
1560 1475 1687 1537 τοὺς
1721 1490 1861 1541 προ-

254 1577 440 1644 φήτας
461 1591 474 1605 ο
508 1574 624 1645 ἅμα
656 1572 713 1625 δὲ
763 1574 858 1625 καὶ
913 1574 1062 1643 ἡμᾶς
1093 1571 1253 1624 τοῦτο
1284 1570 1419 1623 αὐτὸ
1448 1570 1741 1631 διδάσκων,
1774 1568 1861 1619 ἵνα

256 1669 337 1738 μὴ
371 1667 697 1737 ὲκκακῶμεν
715 1666 843 1730 τοὺς
876 1666 1175 1724 πταίοντας
1203 1664 1600 1733 διορθούμενοι.
1626 1660 1862 1731 Ζηλοῦσι

253 1760 314 1814 δὲ
342 1761 392 1813 οἰ
422 1758 682 1830 μαθηταὶ,
717 1759 812 1811 καὶ
871 1757 1155 1827 μαχαίρας
1182 1759 1573 1829 ἀνασύρονται.
1613 1755 1782 1809 Πόθεν
1805 1754 1863 1806 δὲ

1964 540 2129 614 ΑῚῚ
2174 538 2217 593 Ο
2261 539 2559 592 inhumane
2590 544 2642 589 et
2710 532 3101 601 ingratissime,
3152 529 3272 591 sed,
3318 546 3336 580 ι
3366 526 3526 590 Juda,
3558 544 3575 576 ι

1970 636 2197 707 preprio
2251 648 2375 687 eum
2415 629 2637 682 nomine
2693 623 3079 695 compellans:
3136 636 3313 691 neque
3363 620 3584 691 gravius

1965 729 2125 785 simul
2168 726 2461 794 arguisset,
2502 722 2604 776 nisi
2636 730 2691 774 et
2732 721 2835 773 hoc
2890 718 2937 771 ei
2976 718 3239 770 cessisset
3273 716 3322 767 in
3364 712 3581 774 melius,

1965 822 2009 874 si
2039 819 2258 889 quidem
2299 816 2582 871 voluisset.
2616 811 2827 866 Etenim
2869 825 2934 862 ne
2978 818 3196 878 putaret
3227 821 3349 861 esse
3388 806 3579 859 occul-

1973 923 2109 973 tum,
2168 910 2264 964 sed
2302 918 2493 962 notutn
2554 903 2808 967 Domino,
2845 908 2900 954 et
2946 899 3026 951 vel
3063 906 3195 951 tunc
3236 906 3363 950 ante
3400 897 3586 949 omnia

1968 1007 2232 1059 Seientcnt
2271 998 2657 1071 procumberet
2719 1006 2774 1051 et
2825 994 3139 1065 pceniteret,
3196 994 3297 1047 hoc
3353 992 3501 1053 fecit,
3535 1001 3591 1044 ct

1970 1104 2221 1154 ViSttStBl
2252 1111 2375 1149 eum
2408 1090 2766 1149 confundere.
2812 1088 3114 1151 Etsciebat
3152 1089 3372 1155 quidem
3427 1084 3587 1150 illum

1976 1190 2455 1251 inemendabilem,
2489 1186 2726 1242 faciebat
2767 1195 2949 1239 tamen
2980 1185 3199 1237 interim
3228 1183 3371 1250 quod
3402 1195 3613 1244 suum,»

1968 1285 2430 1358 quemadmodum
2491 1292 2548 1336 et
2597 1281 2763 1336 Pater
2811 1278 2934 1348 ejus
2983 1278 3036 1331 iu
3094 1273 3278 1330 Veteri
3322 1272 3591 1336 faciebat;

1979 1382 2163 1436 sciens
2203 1378 2349 1431 enim
2388 1374 2607 1430 Judzeos
2655 1388 2765 1427 non
2818 1372 3127 1433 audituros,
3169 1366 3425 1422 mittebat
3466 1380 3593 1435 pro-

1972 1476 2189 1545 phetas.
2222 1471 2434 1524 Interea
2466 1478 2521 1524 et
2560 1483 2659 1522 nos
2697 1467 2841 1521 ideni
2870 1466 3049 1528 docet,
3085 1473 3143 1515 ut
3180 1478 3247 1515 ne
3279 1458 3595 1515 correctori

1972 1568 2177 1637 lapsos,
2219 1565 2540 1619 deficiamus
2573 1571 2629 1617 et
2662 1559 2945 1615 laboribus
2984 1556 3269 1611 cedamus.
3306 1552 3479 1607 Porro
3511 1551 3596 1605 di-

1972 1661 2166 1732 Stipuli
2198 1660 2315 1714 zelo
2349 1655 2669 1727 flagrantes,
2696 1654 2862 1708 etiam
2882 1651 3098 1721 gladios
3125 1649 3398 1704 eximunt.
3436 1645 3599 1701 Unde

1975 1766 2156 1807 autem
2220 1752 2342 1805 illos
2402 1746 2722 1805 habebant?
2768 1747 2986 1816 Agumn
3051 1741 3428 1804 immolarant,
3477 1749 3532 1795 et
3568 1754 3599 1793 α

255 1852 465 1914 ταύτας
495 1846 669 1920 εἰχον;
704 1850 776 1903 Τὸ
801 1850 985 1921 ἀρνίον
1005 1848 1295 1913 θύσαντες,
1318 1850 1411 1902 καὶ
1449 1848 1557 1903 ἀπὸ
1586 1845 1869 1917 τραπέζης

1992 1859 2164 1898 nensa
2198 1843 2469 1897 exierant.
2496 1839 2564 1893 At
2603 1836 2854 1907 arguitur
2881 1833 3098 1899 Petrus,
3123 1832 3215 1903 qui
3246 1840 3444 1900 prmter
3476 1842 3601 1885 sco-

258 1943 661 2014 ἐξεληλυθότες,
698 1944 923 2006 εἰκότως
957 1942 1109 2011 εἶχον
1147 1943 1372 2005 ταύτας.
1417 1941 1775 2010 Ἐπιτιμᾶται
1808 1939 1864 1991 δὲ

266 2038 296 2088 ὁ
334 2034 537 2105 θερμὸς
576 2034 806 2103 Πέτρος,
841 2034 916 2094 ὼς
964 2033 1116 2103 παρά
1159 2036 1250 2087 τὸν
1286 2033 1493 2085 σκοπὸν
1523 2031 1619 2084 τοῦ
1656 2029 1864 2100 Κυρίου

259 2126 413 2197 ζήλῳ
447 2127 815 2196 χρησάμενος.
853 2126 915 2177 Οἰ
953 2124 1052 2195 μὲν
1079 2125 1188 2195 γὰρ
1217 2124 1367 2179 ἄλλοι
1399 2122 1681 2195 ἐρωτῶσιν
1701 2140 1713 2153 ο
1758 2139 1776 2171 ι
1802 2120 1865 2172 Εἰ

260 2216 619 2287 πατάξομενς
652 2217 818 2277 αὐτὸς
858 2216 914 2268 δὲ
964 2216 1025 2268 οὐ
1063 2215 1352 2285 περιμένει
1391 2211 1745 2284 προτροπήνο
1774 2208 1867 2262 οὔ·

261 2326 345 2362 τω
374 2308 651 2377 πανταχοῦ
688 2306 828 2371 ζέων
856 2304 923 2377 ἦν
947 2306 1087 2376 ὑπὲρ
1114 2305 1210 2358 τοῦ
1247 2303 1613 2359 Διδασκάλου.
1649 2300 1863 2356 Πατάσ·

267 2419 355 2455 σει
386 2402 441 2454 δὲ
466 2400 557 2453 τὸν
583 2398 769 2453 δοῦλον
813 2398 906 2451 τοῦ
938 2398 1264 2471 ἀρχιερέως,
1318 2397 1412 2451 καὶ
1450 2397 1676 2465 ἀφαιρεῖ
1699 2391 1868 2447 αὑτοῦ

260 2492 327 2544 τὸ
356 2489 446 2553 οὓς
465 2490 525 2544 τὸ
555 2488 749 2556 δεξιόν.
789 2488 865 2542 Οὐ
901 2489 1143 2558 τυχαίως
1183 2486 1366 2555 τοῦτο,
1423 2485 1561 2540 ἀλλὰ
1594 2484 1868 2555 σύμϐολον

262 2582 326 2638 ὂν
348 2584 440 2636 τοῦ
468 2585 592 2645 τοὺς
621 2584 741 2636 τότε
768 2583 1048 2654 ἀρχιερεῖς
1074 2582 1321 2644 ἅπαντας
1342 2580 1565 2643 δούλους
1590 2577 1869 2648 γενέσθαι,

266 2678 369 2731 καὶ
398 2676 665 2730 ἀπολέσαι
686 2676 783 2747 τὴν
811 2675 993 2743 δεξιὰν
1023 2678 1213 2741 ἀκοήν.
1262 2675 1325 2728 Εἰ
1350 2676 1457 2745 γὰρ
1501 2676 1700 2745 ἢκουον
1743 2674 1875 2727 Μω-

267 2770 438 2834 σέως,
490 2768 590 2821 οὐκ
630 2768 697 2822 ἂν
749 2766 843 2819 τὸν
877 2766 1083 2837 Κύριον
1128 2767 1226 2836 τῆς
1273 2766 1433 2835 δόξης
1485 2763 1869 2835 ἐσταύρωσαν.

278 2858 488 2932 Ἰησοῦς
517 2862 573 2915 δὲ
605 2863 667 2915 τὸ
725 2863 889 2915 ὠτίον
938 2861 1375 2931 ἀποκαθίστησι·
1410 2860 1613 2931 πρέπει
1639 2859 1749 2929 γὰρ
1803 2862 1871 2929 τῇ

273 2955 491 3026 μεγάλῃ
537 2954 630 3009 τοῦ
664 2957 836 3024 Λόγου
883 2954 1115 3021 δυνάμει
1152 2954 1211 3006 τὸ
1266 2953 1395 3013 τοὺς
1452 2949 1877 3021 παρακούοντας

270 3046 481 3110 ἰᾶσθαι,
511 3047 603 3100 καὶ
632 3046 985 3116 προστιθέναι
1020 3046 1207 3108 αὐτοῖς
1234 3044 1395 3097 ὠτίον
1432 3046 1511 3107 εἰς
1538 3044 1601 3096 τὸ
1632 3042 1873 3097 ἀκούειν.

270 3138 701 3209 Θαυματουργεῖ
746 3140 930 3191 τοίνυν
961 3139 990 3191 ό
1025 3136 1257 3205 Ἰησοῦς,
1290 3135 1380 3190 διὰ
1408 3135 1505 3188 τοῦ
1538 3136 1875 3205 φαινομένου

270 3231 469 3285 τούτου
504 3233 597 3285 ἐπὶ
619 3231 695 3301 τῷ
724 3230 872 3301 ὠτίῳ
894 3229 1171 3301 θαύματος
1198 3228 1297 3299 τὴν
1328 3225 1683 3294 ἀνεξικακίαν
1705 3224 1874 3278 αὑτοῦ
1902 3207 1948 3270 C

272 3325 562 3389 δεικνύων,
588 3326 681 3377 καὶ
710 3324 799 3377 διὰ
828 3323 960 3392 γοῦν
986 3322 1079 3375 τοῦ
1115 3320 1397 3391 θαύματος
1436 3319 1649 3386 ὲνάγων
1675 3317 1876 3379 αὐτοὺς

271 3421 358 3480 εἰς
384 3418 445 3469 τὸ
476 3417 777 3487 ἀπέχεσθαι
799 3416 899 3485 τῆς
956 3416 1176 3484 μανίας.
1234 3414 1400 3481 Λέγει
1451 3413 1506 3465 δὲ
1558 3410 1693 3481 πρὸς
1750 3412 1877 3474 τοὺς

272 3512 557 3582 ἀρχιερεῖς
594 3511 690 3563 καὶ
740 3509 1088 3580 στρατηγοὺς
1115 3507 1210 3560 τοῦ
1255 3506 1424 3578 ίεροῦ,
1456 3508 1725 3572 τουτέστι,
1750 3506 1878 3569 τοὺς

272 3603 583 3667 ταξεώτας,
633 3606 758 3667 τοὺς
785 3605 881 3658 ἐπὶ
910 3602 988 3672 τῷ
1018 3604 1310 3655 ἐκτάσσειν
1362 3602 1735 3672 τεταγμένους
1782 3601 1882 3664 τὰς

276 3695 566 3767 ἱερατικὰς
595 3697 945 3767 ἀπαιτήσεις,
973 3695 1004 3763 ἢ
1044 3695 1135 3747 καὶ
1164 3697 1287 3757 τοὺς
1321 3694 1791 3763 πεπιστευμένους
1815 3693 1885 3747 τὰ

272 3790 380 3857 τῆς
407 3788 770 3858 έποικοδομῆς
797 3787 891 3841 τοῦ
911 3788 1058 3858 ἱεροῦ
1074 3789 1166 3840 καὶ
1194 3788 1497 3856 ἐπισκευῆς
1514 3786 1653 3858 ἔργα
1676 3803 1881 3855 στρατ-

275 3882 452 3953 ηγοὺς
487 3881 762 3952 ὀνομάζει.
803 3882 973 3953 Φησ“ιν
1003 3880 1095 3933 οὖν
1128 3882 1266 3951 πρὸς
1324 3880 1581 3943 τούτους-ο
1624 3881 1887 3951 Καθημέ-

278 3990 386 4044 ραν
422 3976 479 4026 ὲν
528 3975 605 4044 Δτῷ
642 3974 774 4043 ἱερῷ
823 3974 1123 4040 ἐδίδασκον,
1162 3973 1258 4027 καὶ
1313 3973 1414 4027 οὐκ
1466 3972 1777 4045 ἠθελήσατέ
1820 3991 1889 4047 με

279 4066 597 4131 συλλαϐεῖν,
623 4071 717 4121 καὶ
750 4068 845 4120 νῦν
868 4068 1182 4138 λῃστρικῶς
1214 4068 1505 4139 ἐπήλθετε.
1546 4068 1688 4121 Ἀλλ’
1717 4070 1889 4133 ὅντως

1973 1953 2102 2009 pum
2134 1936 2347 1991 Domini
2373 1935 2492 1990 zelo
2516 1950 2647 1988 usus
2678 1940 2847 1988 esset.
2876 1928 2983 1983 Alii
3002 1926 3204 1982 etenim
3232 1926 3600 1994 interrogant,

1989 2027 2176 2084 «Nam
2239 2022 2649 2098 percutit-mus?
2690 2044 2707 2077 ι
2751 2022 2873 2093 Ipse
2933 2030 3117 2074 autem
3181 2034 3289 2072 non
3343 2024 3605 2083 expectat

1973 2133 2334 2198 przeceptum.
2370 2120 2447 2174 lta
2476 2134 2691 2189 semper
2725 2117 2975 2171 fervebat
3018 2128 3116 2185 pro
3149 2110 3433 2181 Magistro.
3470 2108 3600 2164 Per-

1982 2217 2122 2283 cutit
2158 2225 2341 2268 autem
2391 2228 2609 2267 servmn
2653 2208 2955 2280 pontificis,
2997 2215 3053 2263 et
3104 2213 3356 2273 atwutat
3410 2216 3601 2257 aurem

1975 2309 2093 2377 ejus
2132 2309 2404 2362 dextram.
2440 2302 2623 2375 Neque
2656 2305 2760 2359 hoc
2790 2302 3019 2357 fortuito
3063 2298 3323 2369 contigit,
3363 2296 3457 2352 sed
3486 2294 3600 2367 sig-

1974 2418 2106 2458 num
2130 2401 2235 2467 hoc
2262 2408 2398 2467 erat,
2432 2399 2725 2455 Pentitlees
2746 2399 2835 2467 qui
2865 2409 2993 2452 tunc
3030 2406 3208 2459 erant,
3229 2407 3391 2447 omne
3411 2406 3439 2446 s
3474 2400 3607 2446 utu-

1980 2507 2071 2546 ros
2106 2506 2320 2557 servos,
2353 2500 2411 2544 et
2434 2490 2744 2558 perdituros
2763 2487 3062 2542 auriculam
3083 2480 3603 2541 dextram.Eter:Esn

1977 2586 2021 2639 si
2058 2582 2243 2638 Mosen
2313 2584 2672 2647 audivissent,
2726 2579 3013 2635 Dominum
3063 2579 3249 2650 gloria:
3310 2588 3605 2645 numquam

1978 2675 2402 2732 crucifixissent.
2460 2672 2661 2729 Verum
2730 2672 2889 2729 Jesus
2944 2671 3246 2727 auriculam
3345 2667 3607 2724 restituit.

1982 2770 2148 2826 Decet
2184 2771 2333 2824 enim
2385 2769 2645 2822 virtutem
2690 2765 2853 2822 Verbi
2889 2782 3087 2822 sanare
3120 2763 3521 2826 inobedientes,
3555 2771 3612 2815 et

1991 2880 2273 2935 apponere
2323 2864 2403 2919 eis
2451 2862 2757 2917 auriculam
2794 2875 2852 2915 ut
2906 2861 3153 2916 audiant.
3217 2856 3380 2914 Jcsus
3418 2859 3607 2924 itaque

1996 2957 2353 3012 nnniifestum
2398 2957 2723 3011 miraculum
2755 2954 2910 3020 facit,
2947 2965 3002 3008 et
3049 2951 3356 3007 amiculam
3383 2965 3610 3014 sanans,

1991 3051 2262 3104 miraculo
2294 3049 2615 3121 patientiam
2652 3048 2809 3104 suam
2840 3049 3169 3115 ostendens,
3206 3056 3261 3101 et
3291 3058 3386 3115 per
3439 3043 3613 3097 mira-

1986 3145 2167 3200 culum
2220 3145 2488 3198 inducens
2531 3159 2629 3198 eos
2668 3154 2728 3197 ut
2768 3143 2837 3195 ab
2869 3142 3082 3195 insania
3116 3139 3411 3194 absistant.
3472 3135 3613 3193 Dicit

1986 3248 2167 3292 autem
2201 3238 2267 3290 ad
2296 3238 2573 3304 principes
2627 3237 3003 3300 sacerdotum,
3043 3241 3097 3286 ct
3128 3234 3195 3286 ad
3254 3232 3614 3301 magistratus
3658 3216 3667 3225 ’

1989 3329 2198 3397 templi.
2252 3327 2563 3400 Στρατηγοί
2599 3341 2655 3381 et
2691 3326 2880 3382 aediles
2927 3324 3292 3389 dicebantur,
3340 3324 3432 3393 qui
3480 3336 3615 3376 con-

1986 3422 2161 3476 stituti
2212 3434 2369 3476 erant
2409 3426 2474 3475 aut
2504 3420 2842 3489 exquirenda
2874 3435 2937 3475 ea
2969 3434 3089 3488 qua:
3120 3418 3188 3471 ad
3223 3415 3414 3486 templi
3448 3429 3609 3470 nsunt

1988 3516 2372 3585 exigebantur,
2409 3513 2489 3568 vel
2520 3514 2612 3584 qui
2651 3513 2898 3583 praefecti
2936 3522 3096 3565 erant
3132 3509 3366 3565 aedilicio
3396 3520 3451 3562 et
3483 3522 3617 3563 con-

1992 3607 2285 3661 atructioni
2311 3607 2517 3676 templi.
2550 3607 2629 3659 Ad
2667 3606 2766 3659 hos
2802 3606 2968 3675 igitur
3001 3602 3133 3658 dicit
3171 3622 3183 3657 :
3231 3601 3487 3668 Quotidie
3519 3599 3619 3655 do-

1992 3697 2183 3755 cebam
2224 3696 2278 3750 in
2334 3696 2557 3765 templo,
2595 3705 2652 3749 et
2692 3694 2945 3750 noluistis
2984 3711 3070 3751 me
3112 3693 3614 3763 comprehendere,

1996 3801 2047 3846 ct
2098 3804 2244 3843 mmc
2278 3790 2437 3861 quasi
2471 3788 2715 3845 latrones
2750 3790 3010 3844 invaditis
3038 3808 3051 3845 :
3077 3790 3171 3843 sed
3210 3802 3399 3842 revera
3437 3784 3618 3838 noctis

1998 3884 2281 3939 attentatis
2304 3900 2496 3955 opera,
2530 3893 2585 3936 et
2615 3893 2863 3953 potestas
2899 3892 3080 3937 vestra
3116 3881 3476 3935 tenebrarum
3497 3888 3613 3931 est:

1999 3988 2168 4048 atque
2201 3979 2410 4033 idcirco
2454 3979 2595 4031 hanc
2620 3981 2812 4031 horam
2838 3975 3175 4041 observatis,
3206 3990 3328 4045 qua:
3354 3971 3617 4028 convenit

2002 4073 2160 4128 vobis
2202 4086 2257 4125 et
2289 4074 2468 4143 operi,
2504 4088 2615 4141 quo
2644 4088 2733 4126 me
2769 4072 3048 4125 invaditis.

276 4163 482 4223 νυκτὸς
530 4162 713 4231 ἔργοις
744 4165 1102 4235 ἐπιχειρεῖτε,
1160 4164 1255 4216 καὶ
1284 4164 1317 4232 ή
1350 4162 1569 4228 ἐξουσία
1606 4161 1763 4233 ύμῶν
1795 4161 1890 4215 τοῦ
1932 4167 2161 4230 σκότους
2226 4167 2343 4219 ἐστί
2366 4182 2378 4194 ’
2416 4166 2510 4219 καὶ
2533 4164 2621 4218 διὰ
2647 4164 2804 4217 τοῦτο
2838 4164 3103 4235 τοιαύτην
3157 4162 3309 4231 ὥραν
3338 4162 3622 4233 ἐπετηρή-

280 4275 417 4312 σατε
444 4259 653 4311 οἰκείαν
682 4258 833 4327 ύμῖν,
875 4260 969 4310 καὶ
999 4258 1075 4323 τῷ
1150 4274 1262 4325 ογῳ
1290 4250 1333 4323 ᾧ
1364 4254 1754 4318 ὲπεὸἀλλεσθε,

363 4371 380 4401 ι
413 4349 777 4412 Συλλαϐόντες
812 4350 869 4403 δὲ
895 4349 1058 4403 αὑτὸν
1100 4354 1101 4357 “
1146 4366 1322 4416 ταγον,
1359 4350 1453 4401 καὶ
1482 4351 1780 4419 εἰσήγαγον
1810 4351 1890 4414 εἰς

278 4446 386 4515 τὴν
419 4445 599 4499 οἰκίαν
627 4444 730 4498 τοῦ
759 4446 1082 4515 ἀρχιερέως.
1149 4446 1190 4497 0
1240 4444 1298 4497 δὲ
1343 4444 1554 4515 Πέτρος
1600 4443 1890 4514 ἠκολούθει

2072 4345 2240 4402 Vens.
2282 4346 2450 4402 54-62
2504 4367 2521 4396 ι
2554 4346 3028 4416 Comprehensum
3068 4352 3252 4401 autem
3282 4360 3407 4399 eum
3444 4346 3619 4401 duae-

2004 4453 2151 4508 runt,
2176 4453 2231 4497 et
2268 4444 2606 4498 induxerunt
2638 4442 2692 4496 in
2710 4443 2932 4497 dommn
2958 4443 3223 4512 principis
3248 4440 3621 4497 sacerdotum.

284 4538 588 4610 μακρόθεν.
626 4538 906 4606 Ἀψάντων
938 4536 995 4590 δὲ
1029 4536 1139 4608 πῦρ
1172 4539 1231 4591 ὲν
1269 4537 1422 4607 μέσῳ
1454 4537 1555 4606 τῆς
1584 4536 1876 4607 αὐλῆς,καῖ

1997 4538 2190 4593 Petrus
2215 4551 2345 4591 vero
2368 4536 2699 4607 sequebatur
2726 4540 2969 4591 eminus.
3018 4534 3159 4589 Cum
3193 4546 3378 4590 autem
3420 4550 3623 4591 accen-

284 4627 739 4696 συγκαθισάντων
791 4626 995 4693 αύτῶν,
1053 4628 1291 4698 ἐκάθητο
1341 4630 1369 4680 ὁ
1406 4628 1613 4699 Πέτρος
1647 4631 1705 4681 ὲν
1741 4628 1893 4699 μέσῳ

282 4721 488 4776 ἀὺτῶν.
546 4720 754 4775 ’ἰδοῦσα
787 4721 846 4773 δὲ
901 4720 1066 4773 αὐτὸν
1123 4720 1387 4789 παιδίσκη
1437 4738 1523 4783 τις
1580 4720 1895 4792 καθήμενον

284 4814 423 4883 πρὸς
458 4813 519 4865 τὸ
552 4812 688 4880 φῶς,
760 4812 860 4866 καὶ
890 4813 1198 4866 ἀτενίσασα
1247 4812 1421 4884 αὐτῷ,
1456 4808 1613 4865 εἴπεο
1657 4813 1769 4866 Καὶ
1801 4804 1894 4866 οὗ·

282 4924 381 4969 τος
413 4907 510 4959 σὺν
549 4905 700 4976 αύτῷ
742 4902 829 4976 ἦν.
876 4905 935 4957 '0
990 4904 1048 4957 δὲ
1105 4906 1391 4975 ¹ἰιρνήσατο
1450 4906 1616 4959 αὐτὸν
1673 4905 1891 4974 λέγων’

283 5000 477 5066 Γύναι,
517 5000 619 5053 οὐκ
659 4996 776 5053 οἴδα
800 4998 984 5052 αὐτόν.
1012 5000 1119 5051 Καὶ
1158 5000 1298 5069 μετά
1320 4998 1496 5069 βραχὺ
1528 5000 1720 5068 ἕτερος
1763 4999 1892 5053 ἰδὼν

284 5093 453 5147 αὐτὸν
488 5092 623 5162 ἔφη’
664 5093 777 5144 Καὶ
802 5092 867 5145 σὺ
893 5090 952 5155 ὲξ
970 5089 1151 5143 αὐτῶν
1180 5085 1249 5142 εἰ.
1294 5090 1351 5143 '0
1380 5092 1436 5144 δὲ
1465 5090 1671 5161 Πέτρος
1702 5088 1858 5145 εἶπεν
1878 5108 1891 5121 ο

290 5184 722 5253 Ἀνθρωπε,ξούκ
750 5184 887 5252 εἰμί.
917 5183 1026 5236 Καὶ
1054 5182 1354 5253 διαστάσης
1380 5184 1514 5237 ὡσεὶ
1548 5185 1702 5255 ὧρας
1740 5187 1892 5256 μιᾶς,

285 5280 450 5341 ἄλλος
480 5296 562 5341 τις
593 5276 960 5347 διισχυρίζετο
987 5275 1163 5344 λέγων
1190 5293 1203 5305 ·
1225 5276 1343 5329 Ἐπ’
1365 5276 1648 5347 ἀληθείας,
1682 5282 1774 5333 καὶ
1806 5274 1897 5331 οὗ·

286 5394 383 5439 τος
422 5376 540 5446 μετ’
581 5374 749 5427 αὑτοῦ
782 5369 880 5444 ἦν’
920 5374 1014 5426 καὶ
1062 5372 1172 5443 γὰρ
1206 5371 1489 5437 Γαλιλαῖός
1552 5376 1722 5427 ἐστιν.
1758 5370 1894 5427 Elite

287 5473 348 5526 δὲ
377 5473 405 5524 ὁ
436 5470 641 5538 Πέτρος
664 5486 679 5500 ο
716 5468 1032 5538 Ἄνθρωπε,
1066 5467 1165 5520 ούκ
1193 5452 1312 5521 οἰδα
1348 5467 1377 5520 ὃ
1408 5468 1611 5536 λέγεις.
1642 5471 1753 5523 Καὶ
1789 5488 1896 5523 πα-

293 5569 557 5639 ραχρῆμα
585 5565 665 5619 ἔτι
698 5564 987 5628 λαλοῦντος
1022 5564 1212 5629 αὑτοῦ,
1242 5564 1525 5636 ἐφώνησεν
1552 5569 1578 5619 ό
1619 5568 1888 5639 ἀλέκτωρ.

290 5660 405 5715 Καὶ
429 5661 695 5730 στραφεὶς
722 5660 749 5709 ό
781 5658 986 5728 Κύριος
1018 5658 1275 5727 ἐνέὸλεῴε
1302 5658 1379 5729 τῷ
1411 5660 1628 5732 Πέτρῳ,
1667 5662 1761 5714 καὶ
1788 5663 1891 5713 ὑπ-

290 5750 541 5822 εμνήσθη
575 5754 601 5803 ό
636 5752 843 5820 Πέτρος
888 5751 981 5803 τοῦ
1013 5751 1173 5819 λόγου
1203 5750 1294 5802 τοῦ
1327 5753 1554 5821 Κυρίου,
1612 5752 1687 5815 ὡς
1738 5752 1895 5807 εἶπεν

292 5846 462 5914 αὐτῷ,
497 5846 573 5899 ὅτι
612 5846 746 5914 Πρὶν
792 5844 1055 5915 ἀλέκτορα

1096 5864 1145 5914 1;;
1172 5845 1364 5914 -νῆσαι,
1405 5847 1619 5916 ἀρνήσῃ
1655 5848 1887 5916 panic.

2006 4631 2217 4685 dissent
2250 4631 2432 4700 ignem
2469 4632 2521 4683 in
2557 4630 2740 4685 medio
2780 4630 2945 4692 aulte,
2980 4640 3150 4697 atque
3184 4645 3292 4684 una
3328 4629 3620 4684 consedis-

2006 4732 2150 4781 sent.
2182 4721 2324 4775 sedit
2351 4730 2406 4775 et
2436 4718 2634 4775 Petrus
2662 4722 2802 4775 inter
2831 4720 2977 4775 illos.
3016 4720 3193 4786 Quem
3233 4736 3359 4776 cum
3396 4722 3629 4777 vidisset

2004 4814 2199 4868 ancilla
2226 4816 2472 4884 quadam
2508 4817 2794 4870 sedentem
2832 4814 2900 4869 ad
2932 4814 3138 4879 lumen,
3166 4814 3361 4870 defixis
3388 4814 3439 4869 in
3472 4814 3626 4870 illum

2005 4908 2205 4973 oculis,
2249 4907 2390 4962 dixit
2428 4927 2440 4962 ;
2472 4908 2539 4963 Et
2567 4910 2653 4963 hic
2676 4924 2799 4963 cum
2824 4908 2916 4963 illo
2945 4917 3083 4964 erat.
3113 4911 3183 4961 At
3213 4908 3304 4961 ille
3333 4908 3628 4979 abnegavit

2005 5016 2155 5064 eum,
2190 5001 2381 5055 dicens
2416 5019 2427 5053 :
2463 5000 2676 5065 Mulier,
2713 5017 2821 5055 non
2850 5000 2975 5055 novi
3006 5000 3184 5054 illum.
3212 4998 3280 5053 Et
3304 5008 3424 5069 post
3454 5002 3631 5071 pusil-

2008 5094 2119 5148 lum
2156 5094 2300 5147 alius
2332 5096 2526 5151 videns
2561 5111 2686 5150 eum
2714 5096 2870 5161 dixit,
2905 5095 2971 5150 Et
2997 5108 3050 5149 tu
3082 5099 3151 5151 de
3183 5096 3290 5151 illis
3316 5111 3397 5152 es.
3429 5094 3629 5152 Petrus

2008 5203 2141 5241 vero
2174 5187 2249 5241 ait
2284 5207 2295 5240 :
2341 5186 2539 5247 Homo.
2587 5205 2692 5241 non
2728 5204 2874 5243 sum.
2909 5190 2976 5244 Et
3009 5191 3301 5245 intervallo
3333 5189 3625 5260 interiecto

2006 5279 2119 5334 fere
2146 5280 2295 5335 horae
2322 5282 2505 5347 unius,
2547 5283 2688 5338 alius
2738 5285 2963 5353 quidam
3005 5284 3333 5350 allirmabat,
3381 5284 3619 5339 dicens:

2008 5371 2147 5428 Vere
2178 5384 2232 5427 et
2264 5376 2351 5430 hie
2380 5391 2507 5431 eum
2555 5376 2645 5431 illo
2680 5387 2820 5440 erat.
2856 5395 2981 5431 nam
3021 5388 3076 5432 et
3108 5378 3365 5433 Galilreus
3408 5389 3512 5431 est.
3547 5378 3617 5431 Et

2005 5467 2081 5521 ait
2113 5466 2307 5524 Petrus
2348 5490 2359 5522 :
2403 5469 2597 5535 llorno,
2649 5474 2836 5526 nescio
2868 5473 2997 5539 quid
3041 5473 3213 5524 dicae.
3251 5470 3315 5525 Et
3362 5471 3625 5525 continuo

2004 5562 2190 5619 adhuc
2240 5564 2333 5618 illo
2387 5565 2644 5634 loquente
2701 5566 2904 5619 cecinit
2964 5566 3159 5634 gallus.
3207 5565 3272 5618 Et
3324 5580 3628 5619 conversus

2011 5661 2273 5716 Dominus
2324 5659 2557 5715 intuitus
2589 5668 2673 5715 est
2699 5658 2946 5722 Petrum,
2999 5658 3170 5731 $78
3219 5670 3273 5714 et
3310 5657 3629 5711 ncordatus

2004 5768 2089 5811 est
2150 5755 2345 5809 Petrus
2408 5756 2559 5809 verbi
2605 5753 2858 5817 Domini,
2915 5758 3193 5823 quomolo
3234 5753 3449 5807 dixerat
3494 5749 3622 5819 ipsi,

2008 5847 2337 5916 Priusquam
2403 5848 2576 5917 gallus
2632 5846 2917 5911 cecinerit,
2982 5859 3063 5902 ter
3098 5863 3184 5901 me
3253 5844 3498 5915 negabis.
3564 5838 3627 5896 Et.
