  <div class='ocr_page' id='page_1' title='image "/cluster/home/n/w/nwhite01/storage/ocr_20150623/123/pst.000005714384/565.png"; bbox 0 0 4100 6334; ppageno 0'>
   <div class='ocr_carea' id='block_1_1' title="bbox 578 379 716 448">
    <p class='ocr_par' dir='ltr' id='par_1_1' title="bbox 578 379 716 448">
     <span class='ocr_line' id='line_1_1' title="bbox 578 379 716 448; baseline -0.022 0"><span class='ocrx_word' id='word_1_1' title='bbox 578 379 716 448; x_wconf 73' lang='lat'><strong>1337</strong></span> 
     </span>
    </p>
   </div>
   <div class='ocr_carea' id='block_1_2' title="bbox 1434 375 2867 443">
    <p class='ocr_par' dir='ltr' id='par_1_2' title="bbox 1434 375 2867 443">
     <span class='ocr_line' id='line_1_2' title="bbox 1434 375 2867 443; baseline -0.005 0"><span class='ocrx_word' id='word_1_2' title='bbox 1434 382 2018 443; x_wconf 73' lang='lat' dir='ltr'><strong>THEOPl-IYLACTI</strong></span> <span class='ocrx_word' id='word_1_3' title='bbox 2055 378 2466 442; x_wconf 71' lang='lat' dir='ltr'><strong>BULGAHL’E</strong></span> <span class='ocrx_word' id='word_1_4' title='bbox 2508 375 2867 438; x_wconf 71' lang='lat' dir='ltr'><strong>ARCHIEP.</strong></span> 
     </span>
    </p>
   </div>
   <div class='ocr_carea' id='block_1_3' title="bbox 3707 370 3847 435">
    <p class='ocr_par' dir='ltr' id='par_1_3' title="bbox 3707 370 3847 435">
     <span class='ocr_line' id='line_1_3' title="bbox 3707 370 3847 435; baseline -0.014 0"><span class='ocrx_word' id='word_1_5' title='bbox 3707 370 3847 435; x_wconf 85' lang='lat'><strong>1088</strong></span> 
     </span>
    </p>
   </div>
   <div class='ocr_carea' id='block_1_4' title="bbox 569 484 2141 572">
    <p class='ocr_par' dir='ltr' id='par_1_4' title="bbox 569 495 2141 572">
     <span class='ocr_line' id='line_1_4' title="bbox 569 495 2141 572; baseline -0.006 -14"><span class='ocrx_word' id='word_1_6' title='bbox 569 515 822 572; x_wconf 66' lang='lat' dir='ltr'><strong>egressus</strong></span> <span class='ocrx_word' id='word_1_7' title='bbox 851 499 993 554; x_wconf 87' lang='lat' dir='ltr'><strong>foras</strong></span> <span class='ocrx_word' id='word_1_8' title='bbox 1022 497 1215 553; x_wconf 86' lang='lat' dir='ltr'><strong>Petrus</strong></span> <span class='ocrx_word' id='word_1_9' title='bbox 1265 497 1409 552; x_wconf 81' lang='lat' dir='ltr'><strong>ﬂevit</strong></span> <span class='ocrx_word' id='word_1_10' title='bbox 1439 512 1642 552; x_wconf 88' lang='lat' dir='ltr'><strong>amare.</strong></span> <span class='ocrx_word' id='word_1_11' title='bbox 1680 517 1697 549; x_wconf 73' lang='grc' dir='ltr'>ι</span> <span class='ocrx_word' id='word_1_12' title='bbox 1758 497 2008 551; x_wconf 81' lang='lat' dir='ltr'><strong>Infirmus</strong></span> <span class='ocrx_word' id='word_1_13' title='bbox 2055 495 2141 550; x_wconf 67' lang='lat' dir='ltr'><strong>fui‘</strong></span> 
     </span>
    </p>
   </div>
   <div class='ocr_carea' id='block_1_5' title="bbox 2251 484 3850 572">
    <p class='ocr_par' dir='ltr' id='par_1_5' title="bbox 2264 484 3850 558">
     <span class='ocr_line' id='line_1_5' title="bbox 2264 484 3850 558; baseline -0.004 -10"><span class='ocrx_word' id='word_1_14' title='bbox 2264 497 2371 548; x_wconf 75' lang='grc' dir='ltr'>Καὶ</span> <span class='ocrx_word' id='word_1_15' title='bbox 2399 493 2627 557; x_wconf 82' lang='grc' dir='ltr'>ἐξελθὼν</span> <span class='ocrx_word' id='word_1_16' title='bbox 2651 491 2774 556; x_wconf 77' lang='grc' dir='ltr'>ἔξω,</span> <span class='ocrx_word' id='word_1_17' title='bbox 2799 490 3028 544; x_wconf 72' lang='grc' dir='ltr'>ἔκλαυσα</span> <span class='ocrx_word' id='word_1_18' title='bbox 3057 487 3287 558; x_wconf 78' lang='grc' dir='ltr'>πικρῶς..</span> <span class='ocrx_word' id='word_1_19' title='bbox 3318 506 3335 538; x_wconf 72' lang='grc' dir='ltr'><strong>ι</strong></span> <span class='ocrx_word' id='word_1_20' title='bbox 3384 484 3686 555; x_wconf 74' lang='grc' dir='ltr'>’Πσθὲνησε</span> <span class='ocrx_word' id='word_1_21' title='bbox 3711 487 3850 541; x_wconf 67' lang='grc' dir='ltr'>κατὰ</span> 
     </span>
    </p>
   </div>
   <div class='ocr_carea' id='block_1_6' title="bbox 567 589 2153 660">
    <p class='ocr_par' dir='ltr' id='par_1_6' title="bbox 567 589 2153 660">
     <span class='ocr_line' id='line_1_6' title="bbox 567 589 2153 660; baseline -0.003 -11"><span class='ocrx_word' id='word_1_22' title='bbox 567 591 929 658; x_wconf 71' lang='lat' dir='ltr'><strong>Petrusjuitta</strong></span> <span class='ocrx_word' id='word_1_23' title='bbox 966 592 1367 660; x_wconf 80' lang='lat' dir='ltr'><strong>praedictionem</strong></span> <span class='ocrx_word' id='word_1_24' title='bbox 1388 589 1610 656; x_wconf 90' lang='lat' dir='ltr'><strong>Christi,</strong></span> <span class='ocrx_word' id='word_1_25' title='bbox 1646 602 1698 645; x_wconf 91' lang='lat' dir='ltr'><strong>et</strong></span> <span class='ocrx_word' id='word_1_26' title='bbox 1717 591 1935 660; x_wconf 76' lang='lat' dir='ltr'><strong>negavit</strong></span> <span class='ocrx_word' id='word_1_27' title='bbox 1967 590 2153 644; x_wconf 88' lang='lat' dir='ltr'><strong>Domi-</strong></span> 
     </span>
    </p>
   </div>
   <div class='ocr_carea' id='block_1_7' title="bbox 567 683 2147 753">
    <p class='ocr_par' dir='ltr' id='par_1_7' title="bbox 567 683 2147 753">
     <span class='ocr_line' id='line_1_7' title="bbox 567 683 2147 753; baseline -0.002 -12"><span class='ocrx_word' id='word_1_28' title='bbox 567 701 695 741; x_wconf 89' lang='lat' dir='ltr'><strong>num</strong></span> <span class='ocrx_word' id='word_1_29' title='bbox 718 698 820 738; x_wconf 90' lang='lat' dir='ltr'><strong>non</strong></span> <span class='ocrx_word' id='word_1_30' title='bbox 842 683 1028 749; x_wconf 87' lang='lat' dir='ltr'><strong>semel,</strong></span> <span class='ocrx_word' id='word_1_31' title='bbox 1057 685 1148 738; x_wconf 86' lang='lat' dir='ltr'><strong>sed</strong></span> <span class='ocrx_word' id='word_1_32' title='bbox 1179 695 1278 749; x_wconf 89' lang='lat' dir='ltr'><strong>ter,</strong></span> <span class='ocrx_word' id='word_1_33' title='bbox 1309 694 1360 736; x_wconf 91' lang='lat' dir='ltr'><strong>et</strong></span> <span class='ocrx_word' id='word_1_34' title='bbox 1398 698 1518 736; x_wconf 90' lang='lat' dir='ltr'><strong>cum</strong></span> <span class='ocrx_word' id='word_1_35' title='bbox 1548 683 1862 753; x_wconf 72' lang='lat' dir='ltr'><strong>iuramento</strong></span> <span class='ocrx_word' id='word_1_36' title='bbox 1888 683 2013 737; x_wconf 89' lang='lat' dir='ltr'><strong>fecit</strong></span> <span class='ocrx_word' id='word_1_37' title='bbox 2054 700 2147 738; x_wconf 89' lang='lat' dir='ltr'><strong>ne-</strong></span> 
     </span>
    </p>
   </div>
   <div class='ocr_carea' id='block_1_8' title="bbox 566 776 2150 849">
    <p class='ocr_par' dir='ltr' id='par_1_8' title="bbox 566 776 2150 849">
     <span class='ocr_line' id='line_1_8' title="bbox 566 776 2150 849; baseline -0.001 -17"><span class='ocrx_word' id='word_1_38' title='bbox 566 779 856 849; x_wconf 71' lang='lat' dir='ltr'><strong>gationem.</strong></span> <span class='ocrx_word' id='word_1_39' title='bbox 887 777 1023 830; x_wconf 92' lang='lat' dir='ltr'><strong>Dicit</strong></span> <span class='ocrx_word' id='word_1_40' title='bbox 1049 778 1192 831; x_wconf 88' lang='lat' dir='ltr'><strong>enim</strong></span> <span class='ocrx_word' id='word_1_41' title='bbox 1231 776 1537 842; x_wconf 69' lang='lat' dir='ltr'><strong>Matthaaus,</strong></span> <span class='ocrx_word' id='word_1_42' title='bbox 1571 779 1711 844; x_wconf 85' lang='lat' dir='ltr'><strong>quod</strong></span> <span class='ocrx_word' id='word_1_43' title='bbox 1746 795 1763 828; x_wconf 84' lang='grc' dir='ltr'><strong>ι</strong></span> <span class='ocrx_word' id='word_1_44' title='bbox 1791 777 2029 846; x_wconf 74' lang='lat' dir='ltr'><strong>Coeperit</strong></span> <span class='ocrx_word' id='word_1_45' title='bbox 2053 777 2150 831; x_wconf 77' lang='lat' dir='ltr'><strong>de—</strong></span> 
     </span>
    </p>
   </div>
   <div class='ocr_carea' id='block_1_9' title="bbox 567 869 2147 938">
    <p class='ocr_par' dir='ltr' id='par_1_9' title="bbox 567 869 2147 938">
     <span class='ocr_line' id='line_1_9' title="bbox 567 869 2147 938; baseline 0 -15"><span class='ocrx_word' id='word_1_46' title='bbox 567 870 751 924; x_wconf 82' lang='lat' dir='ltr'><strong>testari</strong></span> <span class='ocrx_word' id='word_1_47' title='bbox 807 879 856 923; x_wconf 90' lang='lat' dir='ltr'><strong>et</strong></span> <span class='ocrx_word' id='word_1_48' title='bbox 900 869 1089 938; x_wconf 90' lang='lat' dir='ltr'><strong>jurare</strong></span> <span class='ocrx_word' id='word_1_49' title='bbox 1143 870 1286 938; x_wconf 90' lang='lat' dir='ltr'><strong>quod</strong></span> <span class='ocrx_word' id='word_1_50' title='bbox 1336 871 1620 924; x_wconf 83' lang='lat' dir='ltr'><strong>nesciebat</strong></span> <span class='ocrx_word' id='word_1_51' title='bbox 1685 871 1982 924; x_wconf 84' lang='lat' dir='ltr'><strong>hominem.</strong></span> <span class='ocrx_word' id='word_1_52' title='bbox 2039 889 2058 921; x_wconf 73' lang='grc' dir='ltr'>ι</span> <span class='ocrx_word' id='word_1_53' title='bbox 2092 869 2147 923; x_wconf 94' lang='lat' dir='ltr'><strong>ln</strong></span> 
     </span>
    </p>
   </div>
   <div class='ocr_carea' id='block_1_10' title="bbox 566 961 2151 1032">
    <p class='ocr_par' dir='ltr' id='par_1_10' title="bbox 566 961 2151 1032">
     <span class='ocr_line' id='line_1_10' title="bbox 566 961 2151 1032; baseline 0 -17"><span class='ocrx_word' id='word_1_54' title='bbox 566 969 773 1016; x_wconf 87' lang='lat' dir='ltr'><strong>tantum</strong></span> <span class='ocrx_word' id='word_1_55' title='bbox 801 961 997 1014; x_wconf 87' lang='lat' dir='ltr'><strong>malmn</strong></span> <span class='ocrx_word' id='word_1_56' title='bbox 1022 971 1164 1015; x_wconf 90' lang='lat' dir='ltr'><strong>metu</strong></span> <span class='ocrx_word' id='word_1_57' title='bbox 1192 974 1499 1032; x_wconf 88' lang='lat' dir='ltr'><strong>correptus,</strong></span> <span class='ocrx_word' id='word_1_58' title='bbox 1535 972 1588 1015; x_wconf 92' lang='lat' dir='ltr'><strong>et</strong></span> <span class='ocrx_word' id='word_1_59' title='bbox 1612 978 1800 1032; x_wconf 87' lang='lat' dir='ltr'><strong>parum</strong></span> <span class='ocrx_word' id='word_1_60' title='bbox 1846 980 1873 1014; x_wconf 91' lang='lat' dir='ltr'><strong>a</strong></span> <span class='ocrx_word' id='word_1_61' title='bbox 1918 961 2151 1016; x_wconf 86' lang='lat' dir='ltr'><strong>Domino</strong></span> 
     </span>
    </p>
   </div>
   <div class='ocr_carea' id='block_1_11' title="bbox 565 1053 2152 1124">
    <p class='ocr_par' dir='ltr' id='par_1_11' title="bbox 565 1053 2152 1124">
     <span class='ocr_line' id='line_1_11' title="bbox 565 1053 2152 1124; baseline 0.004 -18"><span class='ocrx_word' id='word_1_62' title='bbox 565 1053 856 1108; x_wconf 87' lang='lat' dir='ltr'><strong>derelictus</strong></span> <span class='ocrx_word' id='word_1_63' title='bbox 879 1063 1100 1122; x_wconf 81' lang='lat' dir='ltr'><strong>prepter</strong></span> <span class='ocrx_word' id='word_1_64' title='bbox 1136 1057 1494 1110; x_wconf 83' lang='lat' dir='ltr'><strong>temeritatem</strong></span> <span class='ocrx_word' id='word_1_65' title='bbox 1525 1057 1787 1124; x_wconf 81' lang='lat' dir='ltr'><strong>pervenit,</strong></span> <span class='ocrx_word' id='word_1_66' title='bbox 1814 1067 1870 1109; x_wconf 87' lang='grc' dir='ltr'><strong>ιιι</strong></span> <span class='ocrx_word' id='word_1_67' title='bbox 1896 1058 2152 1112; x_wconf 77' lang='lat' dir='ltr'><strong>doceatur</strong></span> 
     </span>
    </p>
   </div>
   <div class='ocr_carea' id='block_1_12' title="bbox 565 1141 2146 1213">
    <p class='ocr_par' dir='ltr' id='par_1_12' title="bbox 565 1141 2146 1213">
     <span class='ocr_line' id='line_1_12' title="bbox 565 1141 2146 1213; baseline 0.008 -22"><span class='ocrx_word' id='word_1_68' title='bbox 565 1145 710 1208; x_wconf 71' lang='lat' dir='ltr'><strong>quod</strong></span> <span class='ocrx_word' id='word_1_69' title='bbox 751 1141 816 1196; x_wconf 91' lang='lat' dir='ltr'><strong>ad</strong></span> <span class='ocrx_word' id='word_1_70' title='bbox 877 1143 1105 1196; x_wconf 83' lang='lat' dir='ltr'><strong>dandam</strong></span> <span class='ocrx_word' id='word_1_71' title='bbox 1157 1144 1281 1199; x_wconf 88' lang='lat' dir='ltr'><strong>aliis</strong></span> <span class='ocrx_word' id='word_1_72' title='bbox 1321 1145 1533 1199; x_wconf 84' lang='lat' dir='ltr'><strong>veniam</strong></span> <span class='ocrx_word' id='word_1_73' title='bbox 1569 1154 1622 1199; x_wconf 86' lang='lat' dir='ltr'><strong>et</strong></span> <span class='ocrx_word' id='word_1_74' title='bbox 1674 1147 1788 1213; x_wconf 84' lang='lat' dir='ltr'><strong>ipse</strong></span> <span class='ocrx_word' id='word_1_75' title='bbox 1833 1146 2005 1202; x_wconf 78' lang='lat' dir='ltr'><strong>facilis</strong></span> <span class='ocrx_word' id='word_1_76' title='bbox 2056 1150 2146 1204; x_wconf 89' lang='lat' dir='ltr'><strong>sit.</strong></span> 
     </span>
    </p>
   </div>
   <div class='ocr_carea' id='block_1_13' title="bbox 562 1229 2148 1307">
    <p class='ocr_par' dir='ltr' id='par_1_13' title="bbox 562 1229 2148 1307">
     <span class='ocr_line' id='line_1_13' title="bbox 562 1229 2148 1307; baseline 0.006 -21"><span class='ocrx_word' id='word_1_77' title='bbox 562 1229 900 1287; x_wconf 88' lang='lat' dir='ltr'><strong>Pertinacior</strong></span> <span class='ocrx_word' id='word_1_78' title='bbox 922 1238 1066 1287; x_wconf 90' lang='lat' dir='ltr'><strong>enim</strong></span> <span class='ocrx_word' id='word_1_79' title='bbox 1093 1247 1214 1289; x_wconf 88' lang='lat' dir='ltr'><strong>erat</strong></span> <span class='ocrx_word' id='word_1_80' title='bbox 1245 1256 1258 1289; x_wconf 90' lang='lat'><strong>:</strong></span> <span class='ocrx_word' id='word_1_81' title='bbox 1291 1248 1344 1291; x_wconf 90' lang='lat' dir='ltr'><strong>ct</strong></span> <span class='ocrx_word' id='word_1_82' title='bbox 1375 1238 1475 1291; x_wconf 89' lang='lat' dir='ltr'><strong>nisi</strong></span> <span class='ocrx_word' id='word_1_83' title='bbox 1502 1237 1580 1292; x_wconf 80' lang='lat' dir='ltr'><strong>sic</strong></span> <span class='ocrx_word' id='word_1_84' title='bbox 1626 1239 1814 1294; x_wconf 81' lang='lat' dir='ltr'><strong>fuisset</strong></span> <span class='ocrx_word' id='word_1_85' title='bbox 1845 1253 2148 1307; x_wconf 88' lang='lat' dir='ltr'><strong>correctus,</strong></span> 
     </span>
    </p>
   </div>
   <div class='ocr_carea' id='block_1_14' title="bbox 564 1324 2146 1389">
    <p class='ocr_par' dir='ltr' id='par_1_14' title="bbox 564 1324 2146 1389">
     <span class='ocr_line' id='line_1_14' title="bbox 564 1324 2146 1389; baseline 0.006 -13"><span class='ocrx_word' id='word_1_86' title='bbox 564 1324 685 1378; x_wconf 83' lang='lat' dir='ltr'><strong>aliis</strong></span> <span class='ocrx_word' id='word_1_87' title='bbox 709 1325 917 1378; x_wconf 85' lang='lat' dir='ltr'><strong>veniam</strong></span> <span class='ocrx_word' id='word_1_88' title='bbox 942 1341 1045 1379; x_wconf 90' lang='lat' dir='ltr'><strong>non</strong></span> <span class='ocrx_word' id='word_1_89' title='bbox 1069 1327 1328 1389; x_wconf 85' lang='lat' dir='ltr'><strong>dedisset,</strong></span> <span class='ocrx_word' id='word_1_90' title='bbox 1353 1344 1581 1383; x_wconf 89' lang='lat' dir='ltr'><strong>manens</strong></span> <span class='ocrx_word' id='word_1_91' title='bbox 1602 1329 1654 1382; x_wconf 91' lang='lat' dir='ltr'><strong>in</strong></span> <span class='ocrx_word' id='word_1_92' title='bbox 1681 1347 1774 1384; x_wconf 88' lang='lat' dir='ltr'><strong>sua</strong></span> <span class='ocrx_word' id='word_1_93' title='bbox 1803 1335 2146 1386; x_wconf 79' lang='lat' dir='ltr'><strong>morositate.</strong></span> 
     </span>
    </p>
   </div>
   <div class='ocr_carea' id='block_1_15' title="bbox 562 1414 2146 1489">
    <p class='ocr_par' dir='ltr' id='par_1_15' title="bbox 562 1414 2146 1489">
     <span class='ocr_line' id='line_1_15' title="bbox 562 1414 2146 1489; baseline 0.006 -20"><span class='ocrx_word' id='word_1_94' title='bbox 562 1414 736 1472; x_wconf 83' lang='lat' dir='ltr'><strong>Porro</strong></span> <span class='ocrx_word' id='word_1_95' title='bbox 757 1429 884 1470; x_wconf 86' lang='lat' dir='ltr'><strong>tunc</strong></span> <span class='ocrx_word' id='word_1_96' title='bbox 916 1434 1086 1488; x_wconf 87' lang='lat' dir='ltr'><strong>usque</strong></span> <span class='ocrx_word' id='word_1_97' title='bbox 1109 1422 1243 1474; x_wconf 90' lang='lat' dir='ltr'><strong>adeo</strong></span> <span class='ocrx_word' id='word_1_98' title='bbox 1262 1415 1700 1478; x_wconf 57' lang='lat' dir='ltr'><strong>metu&#39;confusus</strong></span> <span class='ocrx_word' id='word_1_99' title='bbox 1724 1436 1826 1489; x_wconf 87' lang='lat' dir='ltr'><strong>est,</strong></span> <span class='ocrx_word' id='word_1_100' title='bbox 1859 1437 1913 1479; x_wconf 95' lang='lat' dir='ltr'><strong>nt</strong></span> <span class='ocrx_word' id='word_1_101' title='bbox 1939 1428 2146 1481; x_wconf 89' lang='lat' dir='ltr'><strong>ruinam</strong></span> 
     </span>
    </p>
   </div>
   <div class='ocr_carea' id='block_1_16' title="bbox 568 1511 2150 1585">
    <p class='ocr_par' dir='ltr' id='par_1_16' title="bbox 568 1511 2150 1585">
     <span class='ocr_line' id='line_1_16' title="bbox 568 1511 2150 1585; baseline 0.007 -22"><span class='ocrx_word' id='word_1_102' title='bbox 568 1524 675 1563; x_wconf 91' lang='lat' dir='ltr'><strong>non</strong></span> <span class='ocrx_word' id='word_1_103' title='bbox 728 1511 1012 1574; x_wconf 83' lang='lat' dir='ltr'><strong>sensisset,</strong></span> <span class='ocrx_word' id='word_1_104' title='bbox 1072 1514 1172 1566; x_wconf 86' lang='lat' dir='ltr'><strong>nisi</strong></span> <span class='ocrx_word' id='word_1_105' title='bbox 1219 1513 1478 1570; x_wconf 85' lang='lat' dir='ltr'><strong>Dominus</strong></span> <span class='ocrx_word' id='word_1_106' title='bbox 1540 1520 1876 1585; x_wconf 67' lang='lat' dir='ltr'><strong>respexisset</strong></span> <span class='ocrx_word' id='word_1_107' title='bbox 1925 1534 2070 1574; x_wconf 86' lang='lat' dir='ltr'><strong>eum.</strong></span> <span class='ocrx_word' id='word_1_108' title='bbox 2106 1519 2150 1573; x_wconf 91' lang='grc' dir='ltr'>Ο</span> 
     </span>
    </p>
   </div>
   <div class='ocr_carea' id='block_1_17' title="bbox 562 1600 2150 1680">
    <p class='ocr_par' dir='ltr' id='par_1_17' title="bbox 562 1600 2150 1680">
     <span class='ocr_line' id='line_1_17' title="bbox 562 1600 2150 1680; baseline 0.006 -23"><span class='ocrx_word' id='word_1_109' title='bbox 562 1600 900 1657; x_wconf 85' lang='lat' dir='ltr'><strong>bonitatem!</strong></span> <span class='ocrx_word' id='word_1_110' title='bbox 960 1603 1182 1659; x_wconf 85' lang='lat' dir='ltr'><strong>Etiamsi</strong></span> <span class='ocrx_word' id='word_1_111' title='bbox 1237 1608 1718 1672; x_wconf 88' lang='lat' dir='ltr'><strong>condemnaretur,</strong></span> <span class='ocrx_word' id='word_1_112' title='bbox 1757 1625 1860 1664; x_wconf 90' lang='lat' dir='ltr'><strong>non</strong></span> <span class='ocrx_word' id='word_1_113' title='bbox 1915 1613 2150 1680; x_wconf 82' lang='lat' dir='ltr'><strong>neglexit</strong></span> 
     </span>
    </p>
   </div>
   <div class='ocr_carea' id='block_1_18' title="bbox 564 1695 2145 1760">
    <p class='ocr_par' dir='ltr' id='par_1_18' title="bbox 564 1695 2145 1760">
     <span class='ocr_line' id='line_1_18' title="bbox 564 1695 2145 1760; baseline 0.008 -14"><span class='ocrx_word' id='word_1_114' title='bbox 564 1695 813 1760; x_wconf 78' lang='lat' dir='ltr'><strong>discipuli</strong></span> <span class='ocrx_word' id='word_1_115' title='bbox 847 1697 1095 1751; x_wconf 86' lang='lat' dir='ltr'><strong>salutem.</strong></span> <span class='ocrx_word' id='word_1_116' title='bbox 1137 1699 1355 1755; x_wconf 91' lang='lat' dir='ltr'><strong>Merito.</strong></span> <span class='ocrx_word' id='word_1_117' title='bbox 1383 1699 1515 1754; x_wconf 85' lang='lat' dir='ltr'><strong>Nam</strong></span> <span class='ocrx_word' id='word_1_118' title='bbox 1546 1711 1598 1756; x_wconf 89' lang='lat' dir='ltr'><strong>et</strong></span> <span class='ocrx_word' id='word_1_119' title='bbox 1632 1704 2011 1757; x_wconf 86' lang='lat' dir='ltr'><strong>condemnatio</strong></span> <span class='ocrx_word' id='word_1_120' title='bbox 2048 1706 2145 1758; x_wconf 85' lang='lat' dir='ltr'><strong>ista</strong></span> 
     </span>
    </p>
   </div>
   <div class='ocr_carea' id='block_1_19' title="bbox 563 1783 2146 1858">
    <p class='ocr_par' dir='ltr' id='par_1_19' title="bbox 563 1783 2146 1858">
     <span class='ocr_line' id='line_1_19' title="bbox 563 1783 2146 1858; baseline 0.006 -22"><span class='ocrx_word' id='word_1_121' title='bbox 563 1793 785 1852; x_wconf 80' lang='lat' dir='ltr'><strong>propter</strong></span> <span class='ocrx_word' id='word_1_122' title='bbox 813 1783 1042 1838; x_wconf 83' lang='lat' dir='ltr'><strong>salutem</strong></span> <span class='ocrx_word' id='word_1_123' title='bbox 1084 1787 1364 1842; x_wconf 88' lang='lat' dir='ltr'><strong>hominum</strong></span> <span class='ocrx_word' id='word_1_124' title='bbox 1398 1790 1466 1843; x_wconf 90' lang='lat' dir='ltr'><strong>ab</strong></span> <span class='ocrx_word' id='word_1_125' title='bbox 1507 1791 1622 1858; x_wconf 81' lang='lat' dir='ltr'><strong>ipso</strong></span> <span class='ocrx_word' id='word_1_126' title='bbox 1655 1791 2002 1847; x_wconf 84' lang='lat' dir='ltr'><strong>tolerabatur.</strong></span> <span class='ocrx_word' id='word_1_127' title='bbox 2041 1793 2146 1847; x_wconf 84' lang='lat' dir='ltr'><strong>Ita-</strong></span> 
     </span>
    </p>
   </div>
   <div class='ocr_carea' id='block_1_20' title="bbox 2260 579 3850 658">
    <p class='ocr_par' dir='ltr' id='par_1_20' title="bbox 2260 579 3850 658">
     <span class='ocr_line' id='line_1_20' title="bbox 2260 579 3850 658; baseline -0.005 -18"><span class='ocrx_word' id='word_1_128' title='bbox 2260 587 2359 658; x_wconf 82' lang='grc' dir='ltr'><strong>τὴν</strong></span> <span class='ocrx_word' id='word_1_129' title='bbox 2389 586 2690 657; x_wconf 74' lang='grc' dir='ltr'>πρόρρησιν</span> <span class='ocrx_word' id='word_1_130' title='bbox 2716 583 2812 637; x_wconf 84' lang='grc' dir='ltr'><strong>τοῦ</strong></span> <span class='ocrx_word' id='word_1_131' title='bbox 2845 581 3084 651; x_wconf 81' lang='grc' dir='ltr'><strong>Χριστοῦ</strong></span> <span class='ocrx_word' id='word_1_132' title='bbox 3108 582 3136 633; x_wconf 96' lang='lat'><strong>6</strong></span> <span class='ocrx_word' id='word_1_133' title='bbox 3171 581 3374 650; x_wconf 82' lang='grc' dir='ltr'><strong>Πέτρος</strong></span> <span class='ocrx_word' id='word_1_134' title='bbox 3395 619 3410 642; x_wconf 85' lang='grc'><strong>,</strong></span> <span class='ocrx_word' id='word_1_135' title='bbox 3448 579 3539 635; x_wconf 75' lang='grc' dir='ltr'><strong>καὶ</strong></span> <span class='ocrx_word' id='word_1_136' title='bbox 3567 579 3850 648; x_wconf 78' lang='grc' dir='ltr'>ἠρνήσατο</span> 
     </span>
    </p>
   </div>
   <div class='ocr_carea' id='block_1_21' title="bbox 2259 672 3851 748">
    <p class='ocr_par' dir='ltr' id='par_1_21' title="bbox 2259 672 3851 748">
     <span class='ocr_line' id='line_1_21' title="bbox 2259 672 3851 748; baseline -0.006 -13"><span class='ocrx_word' id='word_1_137' title='bbox 2259 683 2349 735; x_wconf 76' lang='grc' dir='ltr'><strong>τὸν</strong></span> <span class='ocrx_word' id='word_1_138' title='bbox 2375 679 2653 748; x_wconf 72' lang='grc' dir='ltr'>Δεσπότην</span> <span class='ocrx_word' id='word_1_139' title='bbox 2679 677 2911 748; x_wconf 73' lang='grc' dir='ltr'>Χριστὸν</span> <span class='ocrx_word' id='word_1_140' title='bbox 2943 676 3043 746; x_wconf 80' lang='grc' dir='ltr'><strong>οὐχ</strong></span> <span class='ocrx_word' id='word_1_141' title='bbox 3075 673 3244 740; x_wconf 70' lang='grc' dir='ltr'>ἅπαξ,</span> <span class='ocrx_word' id='word_1_142' title='bbox 3277 672 3413 728; x_wconf 69' lang='grc' dir='ltr'>ἀλλὰ</span> <span class='ocrx_word' id='word_1_143' title='bbox 3437 674 3531 726; x_wconf 76' lang='grc' dir='ltr'><strong>καὶ</strong></span> <span class='ocrx_word' id='word_1_144' title='bbox 3557 674 3703 742; x_wconf 70' lang='grc' dir='ltr'>τρὶς,</span> <span class='ocrx_word' id='word_1_145' title='bbox 3755 674 3851 726; x_wconf 71' lang='grc' dir='ltr'><strong>καὶ</strong></span> 
     </span>
    </p>
   </div>
   <div class='ocr_carea' id='block_1_22' title="bbox 2260 765 3851 843">
    <p class='ocr_par' dir='ltr' id='par_1_22' title="bbox 2260 765 3851 843">
     <span class='ocr_line' id='line_1_22' title="bbox 2260 765 3851 843; baseline -0.004 -19"><span class='ocrx_word' id='word_1_146' title='bbox 2260 773 2530 843; x_wconf 85' lang='grc' dir='ltr'><strong>ἐνώμοτον</strong></span> <span class='ocrx_word' id='word_1_147' title='bbox 2583 773 2816 824; x_wconf 77' lang='grc' dir='ltr'>ἐποιεῖτο</span> <span class='ocrx_word' id='word_1_148' title='bbox 2865 769 2964 840; x_wconf 82' lang='grc' dir='ltr'>τὴν</span> <span class='ocrx_word' id='word_1_149' title='bbox 3015 767 3266 839; x_wconf 72' lang='grc' dir='ltr'>ἄρνησιν.</span> <span class='ocrx_word' id='word_1_150' title='bbox 3311 766 3450 837; x_wconf 76' lang='grc' dir='ltr'>Φησὶ</span> <span class='ocrx_word' id='word_1_151' title='bbox 3491 765 3602 837; x_wconf 71' lang='grc' dir='ltr'>γὰρ</span> <span class='ocrx_word' id='word_1_152' title='bbox 3636 767 3663 819; x_wconf 98' lang='lat'><strong>6</strong></span> <span class='ocrx_word' id='word_1_153' title='bbox 3698 766 3851 819; x_wconf 81' lang='grc' dir='ltr'>Ματ-</span> 
     </span>
    </p>
   </div>
   <div class='ocr_carea' id='block_1_23' title="bbox 2261 857 3849 933">
    <p class='ocr_par' dir='ltr' id='par_1_23' title="bbox 2261 857 3849 933">
     <span class='ocr_line' id='line_1_23' title="bbox 2261 857 3849 933; baseline -0.005 -16"><span class='ocrx_word' id='word_1_154' title='bbox 2261 867 2431 928; x_wconf 86' lang='grc' dir='ltr'>θαῖος,</span> <span class='ocrx_word' id='word_1_155' title='bbox 2463 865 2544 917; x_wconf 83' lang='grc' dir='ltr'>ὅτι</span> <span class='ocrx_word' id='word_1_156' title='bbox 2591 883 2608 915; x_wconf 78' lang='grc' dir='ltr'>ι</span> <span class='ocrx_word' id='word_1_157' title='bbox 2649 863 2891 933; x_wconf 77' lang='grc' dir='ltr'>’Πρξατο</span> <span class='ocrx_word' id='word_1_158' title='bbox 2921 859 3475 931; x_wconf 77' lang='grc' dir='ltr'>καταναθεματίζειν,</span> <span class='ocrx_word' id='word_1_159' title='bbox 3501 859 3596 912; x_wconf 72' lang='grc' dir='ltr'>καὶ</span> <span class='ocrx_word' id='word_1_160' title='bbox 3627 857 3849 928; x_wconf 75' lang='grc' dir='ltr'><strong>ὀμνύειν</strong></span> 
     </span>
    </p>
   </div>
   <div class='ocr_carea' id='block_1_24' title="bbox 2259 949 3846 1023">
    <p class='ocr_par' dir='ltr' id='par_1_24' title="bbox 2259 949 3846 1023">
     <span class='ocr_line' id='line_1_24' title="bbox 2259 949 3846 1023; baseline -0.006 -13"><span class='ocrx_word' id='word_1_161' title='bbox 2259 958 2338 1010; x_wconf 81' lang='grc' dir='ltr'>ὅτι</span> <span class='ocrx_word' id='word_1_162' title='bbox 2367 957 2480 1010; x_wconf 71' lang='grc' dir='ltr'>Οὐκ</span> <span class='ocrx_word' id='word_1_163' title='bbox 2526 951 2642 1009; x_wconf 78' lang='grc' dir='ltr'>οἶδα</span> <span class='ocrx_word' id='word_1_164' title='bbox 2684 955 2773 1007; x_wconf 79' lang='grc' dir='ltr'>τὸν</span> <span class='ocrx_word' id='word_1_165' title='bbox 2814 953 3117 1023; x_wconf 81' lang='grc' dir='ltr'>ἄνθρωπον.</span> <span class='ocrx_word' id='word_1_166' title='bbox 3159 970 3176 1002; x_wconf 75' lang='grc' dir='ltr'><strong>ι</strong></span> <span class='ocrx_word' id='word_1_167' title='bbox 3217 950 3486 1003; x_wconf 86' lang='grc' dir='ltr'><strong>Τοσοῦτον</strong></span> <span class='ocrx_word' id='word_1_168' title='bbox 3516 950 3572 1002; x_wconf 84' lang='grc' dir='ltr'>δὲ</span> <span class='ocrx_word' id='word_1_169' title='bbox 3603 951 3712 1021; x_wconf 77' lang='grc' dir='ltr'>ἄρα.</span> <span class='ocrx_word' id='word_1_170' title='bbox 3738 949 3846 1001; x_wconf 67' lang='grc' dir='ltr'><strong>ὑπὸ</strong></span> 
     </span>
    </p>
   </div>
   <div class='ocr_carea' id='block_1_25' title="bbox 2257 1040 3846 1116">
    <p class='ocr_par' dir='ltr' id='par_1_25' title="bbox 2257 1040 3846 1116">
     <span class='ocr_line' id='line_1_25' title="bbox 2257 1040 3846 1116; baseline -0.008 -16"><span class='ocrx_word' id='word_1_171' title='bbox 2257 1047 2356 1116; x_wconf 78' lang='grc' dir='ltr'>τῆς</span> <span class='ocrx_word' id='word_1_172' title='bbox 2385 1045 2585 1108; x_wconf 80' lang='grc' dir='ltr'><strong>δειλίας</strong></span> <span class='ocrx_word' id='word_1_173' title='bbox 2618 1043 2940 1113; x_wconf 82' lang='grc' dir='ltr'>κατεσχέθη,</span> <span class='ocrx_word' id='word_1_174' title='bbox 2979 1040 3430 1111; x_wconf 67' lang='grc' dir='ltr'>ἐγκαταλειφθεὶς</span> <span class='ocrx_word' id='word_1_175' title='bbox 3460 1040 3595 1110; x_wconf 67' lang='grc' dir='ltr'>πρὸς</span> <span class='ocrx_word' id='word_1_176' title='bbox 3651 1040 3846 1109; x_wconf 74' lang='grc' dir='ltr'>μικρὸν</span> 
     </span>
    </p>
   </div>
   <div class='ocr_carea' id='block_1_26' title="bbox 2257 1133 3847 1210">
    <p class='ocr_par' dir='ltr' id='par_1_26' title="bbox 2257 1133 3847 1210">
     <span class='ocr_line' id='line_1_26' title="bbox 2257 1133 3847 1210; baseline -0.004 -18"><span class='ocrx_word' id='word_1_177' title='bbox 2257 1141 2342 1192; x_wconf 71' lang='grc' dir='ltr'><strong>διὰ</strong></span> <span class='ocrx_word' id='word_1_178' title='bbox 2383 1141 2480 1210; x_wconf 86' lang='grc' dir='ltr'>τὴν</span> <span class='ocrx_word' id='word_1_179' title='bbox 2511 1138 2849 1210; x_wconf 73' lang='grc' dir='ltr'>θρασύτητα,</span> <span class='ocrx_word' id='word_1_180' title='bbox 2901 1136 2976 1199; x_wconf 84' lang='grc' dir='ltr'>ὡς</span> <span class='ocrx_word' id='word_1_181' title='bbox 3010 1135 3074 1190; x_wconf 83' lang='grc' dir='ltr'>ἂν</span> <span class='ocrx_word' id='word_1_182' title='bbox 3127 1135 3455 1199; x_wconf 80' lang='grc' dir='ltr'>παιδευθεὶς,</span> <span class='ocrx_word' id='word_1_183' title='bbox 3507 1138 3619 1196; x_wconf 83' lang='grc' dir='ltr'>τοῖς</span> <span class='ocrx_word' id='word_1_184' title='bbox 3665 1133 3847 1196; x_wconf 71' lang='grc' dir='ltr'>ἄλλοις</span> 
     </span>
    </p>
   </div>
   <div class='ocr_carea' id='block_1_27' title="bbox 2259 1222 3848 1300">
    <p class='ocr_par' dir='ltr' id='par_1_27' title="bbox 2259 1222 3848 1300">
     <span class='ocr_line' id='line_1_27' title="bbox 2259 1222 3848 1300; baseline -0.001 -20"><span class='ocrx_word' id='word_1_185' title='bbox 2259 1230 2598 1300; x_wconf 72' lang='grc' dir='ltr'>συγγνώμων</span> <span class='ocrx_word' id='word_1_186' title='bbox 2647 1230 2754 1298; x_wconf 74' lang='grc' dir='ltr'>εἴη.</span> <span class='ocrx_word' id='word_1_187' title='bbox 2805 1228 3243 1299; x_wconf 87' lang='grc' dir='ltr'>Προπετέστερος</span> <span class='ocrx_word' id='word_1_188' title='bbox 3273 1228 3381 1300; x_wconf 82' lang='grc' dir='ltr'>γὰρ</span> <span class='ocrx_word' id='word_1_189' title='bbox 3423 1222 3512 1299; x_wconf 81' lang='grc' dir='ltr'><strong>ἧν,</strong></span> <span class='ocrx_word' id='word_1_190' title='bbox 3549 1226 3645 1278; x_wconf 69' lang='grc' dir='ltr'><strong>καὶ</strong></span> <span class='ocrx_word' id='word_1_191' title='bbox 3672 1227 3720 1278; x_wconf 87' lang='grc' dir='ltr'><strong>εί</strong></span> <span class='ocrx_word' id='word_1_192' title='bbox 3773 1226 3848 1295; x_wconf 80' lang='grc' dir='ltr'>μὴ</span> 
     </span>
    </p>
   </div>
   <div class='ocr_carea' id='block_1_28' title="bbox 2254 1317 3848 1393">
    <p class='ocr_par' dir='ltr' id='par_1_28' title="bbox 2254 1317 3848 1393">
     <span class='ocr_line' id='line_1_28' title="bbox 2254 1317 3848 1393; baseline -0.006 -16"><span class='ocrx_word' id='word_1_193' title='bbox 2254 1324 2506 1377; x_wconf 72' lang='grc' dir='ltr'>ἐντεῦθεν</span> <span class='ocrx_word' id='word_1_194' title='bbox 2565 1321 2964 1393; x_wconf 77' lang='grc' dir='ltr'>ἐσωφρονίσθη,</span> <span class='ocrx_word' id='word_1_195' title='bbox 3023 1321 3270 1385; x_wconf 75' lang='grc' dir='ltr'>αὐθαδῶς</span> <span class='ocrx_word' id='word_1_196' title='bbox 3323 1323 3390 1374; x_wconf 83' lang='grc' dir='ltr'><strong>ἂν</strong></span> <span class='ocrx_word' id='word_1_197' title='bbox 3423 1320 3492 1372; x_wconf 70' lang='grc' dir='ltr'>τὰ</span> <span class='ocrx_word' id='word_1_198' title='bbox 3527 1317 3698 1372; x_wconf 72' lang='grc' dir='ltr'>πολλὰ</span> <span class='ocrx_word' id='word_1_199' title='bbox 3757 1318 3848 1370; x_wconf 72' lang='grc' dir='ltr'><strong>καὶ</strong></span> 
     </span>
    </p>
   </div>
   <div class='ocr_carea' id='block_1_29' title="bbox 2256 1409 3847 1485">
    <p class='ocr_par' dir='ltr' id='par_1_29' title="bbox 2256 1409 3847 1485">
     <span class='ocr_line' id='line_1_29' title="bbox 2256 1409 3847 1485; baseline -0.004 -17"><span class='ocrx_word' id='word_1_200' title='bbox 2256 1416 2702 1485; x_wconf 66' lang='grc' dir='ltr'>ἀσυγγνωμῦνως</span> <span class='ocrx_word' id='word_1_201' title='bbox 2733 1414 2939 1482; x_wconf 76' lang='grc' dir='ltr'>διῆγεν.</span> <span class='ocrx_word' id='word_1_202' title='bbox 2990 1413 3150 1467; x_wconf 79' lang='grc' dir='ltr'>Ἀλλὰ</span> <span class='ocrx_word' id='word_1_203' title='bbox 3177 1414 3298 1466; x_wconf 85' lang='grc' dir='ltr'>τότε</span> <span class='ocrx_word' id='word_1_204' title='bbox 3329 1429 3392 1481; x_wconf 88' lang='grc' dir='ltr'><strong>γε</strong></span> <span class='ocrx_word' id='word_1_205' title='bbox 3426 1411 3682 1465; x_wconf 85' lang='grc' dir='ltr'>τοσοῦτον</span> <span class='ocrx_word' id='word_1_206' title='bbox 3743 1409 3847 1462; x_wconf 78' lang='grc' dir='ltr'>ὑπὸ</span> 
     </span>
    </p>
   </div>
   <div class='ocr_carea' id='block_1_30' title="bbox 2257 1505 3841 1583">
    <p class='ocr_par' dir='ltr' id='par_1_30' title="bbox 2257 1505 3841 1583">
     <span class='ocr_line' id='line_1_30' title="bbox 2257 1505 3841 1583; baseline -0.006 -19"><span class='ocrx_word' id='word_1_207' title='bbox 2257 1512 2460 1575; x_wconf 77' lang='grc' dir='ltr'><strong>δειλίας</strong></span> <span class='ocrx_word' id='word_1_208' title='bbox 2485 1512 2827 1583; x_wconf 73' lang='grc' dir='ltr'><strong>κατεχώσθη,</strong></span> <span class='ocrx_word' id='word_1_209' title='bbox 2855 1511 2996 1565; x_wconf 82' lang='grc' dir='ltr'>ὥστε</span> <span class='ocrx_word' id='word_1_210' title='bbox 3024 1510 3152 1564; x_wconf 79' lang='grc' dir='ltr'>οὐδὲ·</span> <span class='ocrx_word' id='word_1_211' title='bbox 3177 1507 3375 1580; x_wconf 77' lang='grc' dir='ltr'>ᾔσθετο</span> <span class='ocrx_word' id='word_1_212' title='bbox 3401 1506 3494 1560; x_wconf 83' lang='grc' dir='ltr'><strong>τοῦ</strong></span> <span class='ocrx_word' id='word_1_213' title='bbox 3528 1505 3841 1572; x_wconf 74' lang='grc' dir='ltr'>πτώματος,</span> 
     </span>
    </p>
   </div>
   <div class='ocr_carea' id='block_1_31' title="bbox 2257 1595 3844 1677">
    <p class='ocr_par' dir='ltr' id='par_1_31' title="bbox 2257 1595 3844 1677">
     <span class='ocr_line' id='line_1_31' title="bbox 2257 1595 3844 1677; baseline -0.008 -19"><span class='ocrx_word' id='word_1_214' title='bbox 2257 1607 2306 1658; x_wconf 84' lang='grc' dir='ltr'><strong>εί</strong></span> <span class='ocrx_word' id='word_1_215' title='bbox 2351 1605 2425 1677; x_wconf 78' lang='grc' dir='ltr'>μὴ</span> <span class='ocrx_word' id='word_1_216' title='bbox 2462 1605 2491 1658; x_wconf 86' lang='lat'><strong>6</strong></span> <span class='ocrx_word' id='word_1_217' title='bbox 2524 1605 2727 1677; x_wconf 83' lang='grc' dir='ltr'>Κύριος</span> <span class='ocrx_word' id='word_1_218' title='bbox 2785 1605 3071 1676; x_wconf 68' lang='grc' dir='ltr'>στραφεὶς,</span> <span class='ocrx_word' id='word_1_219' title='bbox 3123 1600 3409 1669; x_wconf 68' lang='grc' dir='ltr'>ἐνέϐλεψεν</span> <span class='ocrx_word' id='word_1_220' title='bbox 3439 1597 3608 1667; x_wconf 73' lang='grc' dir='ltr'>αὐτῷ.</span> <span class='ocrx_word' id='word_1_221' title='bbox 3645 1597 3709 1646; x_wconf 74' lang='grc' dir='ltr'><strong><em>Ὠ</em></strong></span> <span class='ocrx_word' id='word_1_222' title='bbox 3745 1595 3844 1664; x_wconf 78' lang='grc' dir='ltr'>τῆς</span> 
     </span>
    </p>
   </div>
   <div class='ocr_carea' id='block_1_32' title="bbox 2256 1690 3843 1769">
    <p class='ocr_par' dir='ltr' id='par_1_32' title="bbox 2256 1690 3843 1769">
     <span class='ocr_line' id='line_1_32' title="bbox 2256 1690 3843 1769; baseline -0.009 -16"><span class='ocrx_word' id='word_1_223' title='bbox 2256 1699 2631 1769; x_wconf 82' lang='grc' dir='ltr'>ἀγαθότητοςι</span> <span class='ocrx_word' id='word_1_224' title='bbox 2663 1699 2744 1753; x_wconf 87' lang='grc' dir='ltr'>ὃτι</span> <span class='ocrx_word' id='word_1_225' title='bbox 2786 1697 2880 1750; x_wconf 78' lang='grc' dir='ltr'>καὶ</span> <span class='ocrx_word' id='word_1_226' title='bbox 2917 1700 2975 1751; x_wconf 81' lang='grc' dir='ltr'>ἒν</span> <span class='ocrx_word' id='word_1_227' title='bbox 3014 1695 3336 1766; x_wconf 86' lang='grc' dir='ltr'>κατακρίσει</span> <span class='ocrx_word' id='word_1_228' title='bbox 3366 1692 3465 1757; x_wconf 82' lang='grc' dir='ltr'><strong>ὢν,</strong></span> <span class='ocrx_word' id='word_1_229' title='bbox 3502 1694 3600 1743; x_wconf 70' lang='grc' dir='ltr'><strong>οὐκ</strong></span> <span class='ocrx_word' id='word_1_230' title='bbox 3653 1690 3843 1759; x_wconf 74' lang='grc' dir='ltr'>ἠμέλει</span> 
     </span>
    </p>
   </div>
   <div class='ocr_carea' id='block_1_33' title="bbox 2257 1780 3844 1862">
    <p class='ocr_par' dir='ltr' id='par_1_33' title="bbox 2257 1780 3844 1862">
     <span class='ocr_line' id='line_1_33' title="bbox 2257 1780 3844 1862; baseline -0.008 -17"><span class='ocrx_word' id='word_1_231' title='bbox 2257 1793 2353 1862; x_wconf 84' lang='grc' dir='ltr'><strong>τῆς</strong></span> <span class='ocrx_word' id='word_1_232' title='bbox 2388 1792 2660 1861; x_wconf 81' lang='grc' dir='ltr'>σωτηρίας</span> <span class='ocrx_word' id='word_1_233' title='bbox 2709 1789 2804 1843; x_wconf 87' lang='grc' dir='ltr'><strong>τοῦ</strong></span> <span class='ocrx_word' id='word_1_234' title='bbox 2857 1787 3122 1862; x_wconf 81' lang='grc' dir='ltr'>μαθητοῦ.</span> <span class='ocrx_word' id='word_1_235' title='bbox 3168 1789 3437 1849; x_wconf 77' lang='grc' dir='ltr'>Είκότως³</span> <span class='ocrx_word' id='word_1_236' title='bbox 3478 1787 3570 1838; x_wconf 79' lang='grc' dir='ltr'>καὶ</span> <span class='ocrx_word' id='word_1_237' title='bbox 3605 1783 3715 1852; x_wconf 66' lang='grc' dir='ltr'>γὰρ</span> <span class='ocrx_word' id='word_1_238' title='bbox 3749 1780 3844 1835; x_wconf 74' lang='grc' dir='ltr'><strong>καὶ</strong></span> 
     </span>
    </p>
   </div>
   <div class='ocr_carea' id='block_1_34' title="bbox 561 1869 2141 1963">
    <p class='ocr_par' dir='ltr' id='par_1_34' title="bbox 561 1876 2141 1963">
     <span class='ocr_line' id='line_1_34' title="bbox 561 1876 2141 1963; baseline 0.011 -39"><span class='ocrx_word' id='word_1_239' title='bbox 561 1887 668 1941; x_wconf 86' lang='lat' dir='ltr'><strong>que</strong></span> <span class='ocrx_word' id='word_1_240' title='bbox 698 1876 914 1942; x_wconf 83' lang='lat' dir='ltr'><strong>negavit</strong></span> <span class='ocrx_word' id='word_1_241' title='bbox 945 1879 1160 1945; x_wconf 87' lang='lat' dir='ltr'><strong>quidem</strong></span> <span class='ocrx_word' id='word_1_242' title='bbox 1183 1881 1413 1948; x_wconf 87' lang='lat' dir='ltr'><strong>primmn</strong></span> <span class='ocrx_word' id='word_1_243' title='bbox 1439 1883 1732 1963; x_wconf 80' lang='lat' dir='ltr'><strong>discipulus</strong></span> <span class='ocrx_word' id='word_1_244' title='bbox 1764 1902 1776 1937; x_wconf 94' lang='lat'>:</span> <span class='ocrx_word' id='word_1_245' title='bbox 1811 1885 2004 1941; x_wconf 77' lang='lat' dir='ltr'><strong>deinde</strong></span> <span class='ocrx_word' id='word_1_246' title='bbox 2034 1889 2141 1956; x_wconf 76' lang='lat' dir='ltr'><strong>gal-</strong></span> 
     </span>
    </p>
   </div>
   <div class='ocr_carea' id='block_1_35' title="bbox 2251 1869 3845 1963">
    <p class='ocr_par' dir='ltr' id='par_1_35' title="bbox 2258 1873 3845 1958">
     <span class='ocr_line' id='line_1_35' title="bbox 2258 1873 3845 1958; baseline -0.012 -17"><span class='ocrx_word' id='word_1_247' title='bbox 2258 1887 2645 1958; x_wconf 82' lang='grc' dir='ltr'>ήκατάκρισις</span> <span class='ocrx_word' id='word_1_248' title='bbox 2696 1885 2837 1953; x_wconf 71' lang='grc' dir='ltr'>αῦτη</span> <span class='ocrx_word' id='word_1_249' title='bbox 2885 1882 2973 1937; x_wconf 81' lang='grc' dir='ltr'>διὰ</span> <span class='ocrx_word' id='word_1_250' title='bbox 3033 1879 3305 1950; x_wconf 74' lang='grc' dir='ltr'>σωτηρίαν</span> <span class='ocrx_word' id='word_1_251' title='bbox 3339 1875 3645 1946; x_wconf 81' lang='grc' dir='ltr'>ἀνθρώπων</span> <span class='ocrx_word' id='word_1_252' title='bbox 3697 1873 3845 1943; x_wconf 83' lang='grc' dir='ltr'>αὑτῷ</span> 
     </span>
    </p>
   </div>
   <div class='ocr_carea' id='block_1_36' title="bbox 563 1964 2150 2046">
    <p class='ocr_par' dir='ltr' id='par_1_36' title="bbox 563 1964 2150 2046">
     <span class='ocr_line' id='line_1_36' title="bbox 563 1964 2150 2046; baseline 0.011 -28"><span class='ocrx_word' id='word_1_253' title='bbox 563 1964 648 2020; x_wconf 82' lang='lat' dir='ltr'><strong>lus</strong></span> <span class='ocrx_word' id='word_1_254' title='bbox 701 1967 938 2022; x_wconf 84' lang='lat' dir='ltr'><strong>cecinit:</strong></span> <span class='ocrx_word' id='word_1_255' title='bbox 997 1978 1050 2024; x_wconf 85' lang='lat' dir='ltr'><strong>et</strong></span> <span class='ocrx_word' id='word_1_256' title='bbox 1087 1971 1282 2025; x_wconf 85' lang='lat' dir='ltr'><strong>iterum</strong></span> <span class='ocrx_word' id='word_1_257' title='bbox 1337 1976 1568 2042; x_wconf 78' lang='lat' dir='ltr'><strong>negavit,</strong></span> <span class='ocrx_word' id='word_1_258' title='bbox 1610 1993 1780 2046; x_wconf 86' lang='lat' dir='ltr'><strong>usque</strong></span> <span class='ocrx_word' id='word_1_259' title='bbox 1815 1979 1939 2032; x_wconf 88' lang='lat' dir='ltr'><strong>dum</strong></span> <span class='ocrx_word' id='word_1_260' title='bbox 1988 1983 2150 2035; x_wconf 89' lang='lat' dir='ltr'><strong>tertio</strong></span> 
     </span>
    </p>
   </div>
   <div class='ocr_carea' id='block_1_37' title="bbox 562 2067 2144 2129">
    <p class='ocr_par' dir='ltr' id='par_1_37' title="bbox 562 2067 2144 2129">
     <span class='ocr_line' id='line_1_37' title="bbox 562 2067 2144 2129; baseline 0.01 -18"><span class='ocrx_word' id='word_1_261' title='bbox 562 2073 834 2129; x_wconf 73' lang='lat' dir='ltr'><strong>negasset,</strong></span> <span class='ocrx_word' id='word_1_262' title='bbox 869 2073 921 2116; x_wconf 90' lang='lat' dir='ltr'><strong>et</strong></span> <span class='ocrx_word' id='word_1_263' title='bbox 954 2073 1083 2117; x_wconf 92' lang='lat' dir='ltr'><strong>tunc</strong></span> <span class='ocrx_word' id='word_1_264' title='bbox 1112 2067 1351 2119; x_wconf 88' lang='lat' dir='ltr'><strong>secundo</strong></span> <span class='ocrx_word' id='word_1_265' title='bbox 1386 2072 1579 2121; x_wconf 84' lang='lat' dir='ltr'><strong>iterum</strong></span> <span class='ocrx_word' id='word_1_266' title='bbox 1617 2073 1834 2127; x_wconf 74' lang='lat' dir='ltr'><strong>cecinit.</strong></span> <span class='ocrx_word' id='word_1_267' title='bbox 1869 2075 1957 2127; x_wconf 86' lang='lat' dir='ltr'><strong>Sic</strong></span> <span class='ocrx_word' id='word_1_268' title='bbox 1999 2075 2144 2128; x_wconf 88' lang='lat' dir='ltr'><strong>enim</strong></span> 
     </span>
    </p>
   </div>
   <div class='ocr_carea' id='block_1_38' title="bbox 560 2148 2146 2235">
    <p class='ocr_par' dir='ltr' id='par_1_38' title="bbox 560 2148 2146 2235">
     <span class='ocr_line' id='line_1_38' title="bbox 560 2148 2146 2235; baseline 0.011 -31"><span class='ocrx_word' id='word_1_269' title='bbox 560 2148 778 2206; x_wconf 79' lang='lat' dir='ltr'><strong>Marcus</strong></span> <span class='ocrx_word' id='word_1_270' title='bbox 804 2154 1028 2221; x_wconf 89' lang='lat' dir='ltr'><strong>scripsit</strong></span> <span class='ocrx_word' id='word_1_271' title='bbox 1078 2158 1419 2212; x_wconf 84' lang='lat' dir='ltr'><strong>manifestius</strong></span> <span class='ocrx_word' id='word_1_272' title='bbox 1467 2171 1519 2214; x_wconf 89' lang='lat' dir='ltr'><strong>et</strong></span> <span class='ocrx_word' id='word_1_273' title='bbox 1557 2163 1886 2228; x_wconf 81' lang='lat' dir='ltr'><strong>evidentius,</strong></span> <span class='ocrx_word' id='word_1_274' title='bbox 1920 2165 2074 2235; x_wconf 88' lang='lat' dir='ltr'><strong>quasi</strong></span> <span class='ocrx_word' id='word_1_275' title='bbox 2116 2181 2146 2220; x_wconf 86' lang='lat' dir='ltr'><strong>a</strong></span> 
     </span>
    </p>
   </div>
   <div class='ocr_carea' id='block_1_39' title="bbox 559 2237 2148 2318">
    <p class='ocr_par' dir='ltr' id='par_1_39' title="bbox 559 2237 2148 2318">
     <span class='ocr_line' id='line_1_39' title="bbox 559 2237 2148 2318; baseline 0.01 -24"><span class='ocrx_word' id='word_1_276' title='bbox 559 2237 722 2294; x_wconf 86' lang='lat' dir='ltr'><strong>Petro</strong></span> <span class='ocrx_word' id='word_1_277' title='bbox 755 2242 976 2299; x_wconf 87' lang='lat' dir='ltr'><strong>edoctus</strong></span> <span class='ocrx_word' id='word_1_278' title='bbox 1005 2261 1018 2295; x_wconf 85' lang='lat'><strong>:</strong></span> <span class='ocrx_word' id='word_1_279' title='bbox 1054 2245 1196 2301; x_wconf 91' lang='lat' dir='ltr'><strong>illius</strong></span> <span class='ocrx_word' id='word_1_280' title='bbox 1237 2249 1379 2300; x_wconf 90' lang='lat' dir='ltr'><strong>enim</strong></span> <span class='ocrx_word' id='word_1_281' title='bbox 1413 2251 1708 2318; x_wconf 81' lang='lat' dir='ltr'><strong>discipulus</strong></span> <span class='ocrx_word' id='word_1_282' title='bbox 1747 2263 1883 2306; x_wconf 84' lang='lat' dir='ltr'><strong>erat.</strong></span> <span class='ocrx_word' id='word_1_283' title='bbox 1918 2253 2148 2310; x_wconf 85' lang='lat' dir='ltr'><strong>Proinde</strong></span> 
     </span>
    </p>
   </div>
   <div class='ocr_carea' id='block_1_40' title="bbox 561 2334 2142 2412">
    <p class='ocr_par' dir='ltr' id='par_1_40' title="bbox 561 2334 2142 2412">
     <span class='ocr_line' id='line_1_40' title="bbox 561 2334 2142 2412; baseline 0.01 -25"><span class='ocrx_word' id='word_1_284' title='bbox 561 2334 770 2388; x_wconf 59' lang='lat' dir='ltr'><strong>dictum</strong></span> <span class='ocrx_word' id='word_1_285' title='bbox 820 2353 848 2388; x_wconf 74' lang='grc' dir='ltr'>ει</span> <span class='ocrx_word' id='word_1_286' title='bbox 879 2337 1080 2403; x_wconf 85' lang='lat' dir='ltr'><strong>Marco,</strong></span> <span class='ocrx_word' id='word_1_287' title='bbox 1116 2341 1291 2394; x_wconf 86' lang='lat' dir='ltr'><strong>Lucas</strong></span> <span class='ocrx_word' id='word_1_288' title='bbox 1318 2358 1413 2412; x_wconf 87' lang='lat' dir='ltr'><strong>per</strong></span> <span class='ocrx_word' id='word_1_289' title='bbox 1442 2354 1809 2400; x_wconf 84' lang='lat' dir='ltr'><strong>transcursum</strong></span> <span class='ocrx_word' id='word_1_290' title='bbox 1841 2349 1996 2412; x_wconf 82' lang='lat' dir='ltr'><strong>dixit,</strong></span> <span class='ocrx_word' id='word_1_291' title='bbox 2037 2366 2142 2403; x_wconf 88' lang='lat' dir='ltr'><strong>non</strong></span> 
     </span>
    </p>
   </div>
   <div class='ocr_carea' id='block_1_41' title="bbox 558 2429 2145 2508">
    <p class='ocr_par' dir='ltr' id='par_1_41' title="bbox 558 2429 2145 2508">
     <span class='ocr_line' id='line_1_41' title="bbox 558 2429 2145 2508; baseline 0.009 -26"><span class='ocrx_word' id='word_1_292' title='bbox 558 2429 818 2482; x_wconf 77' lang='lat' dir='ltr'><strong>exaCIiori</strong></span> <span class='ocrx_word' id='word_1_293' title='bbox 868 2445 1120 2486; x_wconf 85' lang='lat' dir='ltr'><strong>sermone</strong></span> <span class='ocrx_word' id='word_1_294' title='bbox 1155 2450 1166 2485; x_wconf 92' lang='lat'><strong>:</strong></span> <span class='ocrx_word' id='word_1_295' title='bbox 1199 2450 1296 2487; x_wconf 84' lang='lat' dir='ltr'><strong>nec</strong></span> <span class='ocrx_word' id='word_1_296' title='bbox 1343 2444 1426 2489; x_wconf 89' lang='lat' dir='ltr'><strong>est</strong></span> <span class='ocrx_word' id='word_1_297' title='bbox 1466 2440 1798 2492; x_wconf 76' lang='lat' dir='ltr'><strong>contrarium</strong></span> <span class='ocrx_word' id='word_1_298' title='bbox 1831 2441 1976 2508; x_wconf 89' lang='lat' dir='ltr'><strong>quod</strong></span> <span class='ocrx_word' id='word_1_299' title='bbox 2013 2442 2145 2496; x_wconf 89' lang='lat' dir='ltr'><strong>dicit</strong></span> 
     </span>
    </p>
   </div>
   <div class='ocr_carea' id='block_1_42' title="bbox 561 2517 2145 2604">
    <p class='ocr_par' dir='ltr' id='par_1_42' title="bbox 561 2517 2145 2604">
     <span class='ocr_line' id='line_1_42' title="bbox 561 2517 2145 2604; baseline 0.011 -31"><span class='ocrx_word' id='word_1_300' title='bbox 561 2517 764 2582; x_wconf 74' lang='lat' dir='ltr'><strong>Lucas,</strong></span> <span class='ocrx_word' id='word_1_301' title='bbox 801 2524 847 2574; x_wconf 87' lang='lat' dir='ltr'><strong>ei</strong></span> <span class='ocrx_word' id='word_1_302' title='bbox 875 2525 1016 2591; x_wconf 81' lang='lat' dir='ltr'><strong>quod</strong></span> <span class='ocrx_word' id='word_1_303' title='bbox 1051 2541 1078 2578; x_wconf 89' lang='lat' dir='ltr'><strong>a</strong></span> <span class='ocrx_word' id='word_1_304' title='bbox 1135 2526 1314 2581; x_wconf 80' lang='lat' dir='ltr'><strong>Marco</strong></span> <span class='ocrx_word' id='word_1_305' title='bbox 1352 2530 1574 2583; x_wconf 87' lang='lat' dir='ltr'><strong>dictum.</strong></span> <span class='ocrx_word' id='word_1_306' title='bbox 1613 2531 1743 2585; x_wconf 85' lang='lat' dir='ltr'><strong>Nam</strong></span> <span class='ocrx_word' id='word_1_307' title='bbox 1779 2535 1952 2604; x_wconf 76' lang='lat' dir='ltr'><strong>gallus</strong></span> <span class='ocrx_word' id='word_1_308' title='bbox 2010 2536 2145 2590; x_wconf 85' lang='lat' dir='ltr'><strong>solet</strong></span> 
     </span>
    </p>
   </div>
   <div class='ocr_carea' id='block_1_43' title="bbox 561 2611 2147 2690">
    <p class='ocr_par' dir='ltr' id='par_1_43' title="bbox 561 2611 2147 2690">
     <span class='ocr_line' id='line_1_43' title="bbox 561 2611 2147 2690; baseline 0.009 -28"><span class='ocrx_word' id='word_1_309' title='bbox 561 2622 614 2662; x_wconf 86' lang='lat' dir='ltr'><strong>et</strong></span> <span class='ocrx_word' id='word_1_310' title='bbox 645 2611 727 2663; x_wconf 75' lang='lat' dir='ltr'><strong>bis</strong></span> <span class='ocrx_word' id='word_1_311' title='bbox 746 2621 795 2664; x_wconf 88' lang='lat' dir='ltr'><strong>et</strong></span> <span class='ocrx_word' id='word_1_312' title='bbox 825 2622 902 2664; x_wconf 89' lang='lat' dir='ltr'><strong>ter</strong></span> <span class='ocrx_word' id='word_1_313' title='bbox 933 2630 1131 2668; x_wconf 77' lang='lat' dir='ltr'><strong>canere</strong></span> <span class='ocrx_word' id='word_1_314' title='bbox 1161 2616 1388 2685; x_wconf 80' lang='lat' dir='ltr'><strong>singulis</strong></span> <span class='ocrx_word' id='word_1_315' title='bbox 1423 2619 1675 2674; x_wconf 75' lang='lat' dir='ltr'><strong>monibus.</strong></span> <span class='ocrx_word' id='word_1_316' title='bbox 1734 2621 1945 2690; x_wconf 74' lang='lat' dir='ltr'><strong>Quippe</strong></span> <span class='ocrx_word' id='word_1_317' title='bbox 1977 2638 2147 2689; x_wconf 70' lang='lat' dir='ltr'><strong>usuue</strong></span> 
     </span>
    </p>
   </div>
   <div class='ocr_carea' id='block_1_44' title="bbox 562 2701 2146 2780">
    <p class='ocr_par' dir='ltr' id='par_1_44' title="bbox 562 2701 2146 2780">
     <span class='ocr_line' id='line_1_44' title="bbox 562 2701 2146 2780; baseline 0.008 -27"><span class='ocrx_word' id='word_1_318' title='bbox 562 2701 699 2754; x_wconf 83' lang='lat' dir='ltr'><strong>adeo</strong></span> <span class='ocrx_word' id='word_1_319' title='bbox 726 2701 918 2755; x_wconf 83' lang='lat' dir='ltr'><strong>Petrus</strong></span> <span class='ocrx_word' id='word_1_320' title='bbox 941 2705 1008 2757; x_wconf 84' lang='lat' dir='ltr'><strong>ab</strong></span> <span class='ocrx_word' id='word_1_321' title='bbox 1041 2707 1270 2759; x_wconf 85' lang='lat' dir='ltr'><strong>humana</strong></span> <span class='ocrx_word' id='word_1_322' title='bbox 1310 2708 1626 2763; x_wconf 77' lang='lat' dir='ltr'><strong>infirmitate</strong></span> <span class='ocrx_word' id='word_1_323' title='bbox 1669 2721 1926 2780; x_wconf 69' lang='lat' dir='ltr'><strong>gravatus</strong></span> <span class='ocrx_word' id='word_1_324' title='bbox 1956 2723 2060 2775; x_wconf 88' lang='lat' dir='ltr'><strong>est,</strong></span> <span class='ocrx_word' id='word_1_325' title='bbox 2090 2725 2146 2766; x_wconf 93' lang='lat' dir='ltr'><strong>nt</strong></span> 
     </span>
    </p>
   </div>
   <div class='ocr_carea' id='block_1_45' title="bbox 559 2793 2143 2872">
    <p class='ocr_par' dir='ltr' id='par_1_45' title="bbox 559 2793 2143 2872">
     <span class='ocr_line' id='line_1_45' title="bbox 559 2793 2143 2872; baseline 0.007 -28"><span class='ocrx_word' id='word_1_326' title='bbox 559 2805 736 2859; x_wconf 85' lang='lat' dir='ltr'><strong>neque</strong></span> <span class='ocrx_word' id='word_1_327' title='bbox 772 2793 892 2860; x_wconf 79' lang='lat' dir='ltr'><strong>galli</strong></span> <span class='ocrx_word' id='word_1_328' title='bbox 932 2803 1145 2846; x_wconf 84' lang='lat' dir='ltr'><strong>cantum</strong></span> <span class='ocrx_word' id='word_1_329' title='bbox 1188 2798 1452 2864; x_wconf 83' lang='lat' dir='ltr'><strong>sentiret;</strong></span> <span class='ocrx_word' id='word_1_330' title='bbox 1501 2802 1594 2854; x_wconf 89' lang='lat' dir='ltr'><strong>sed</strong></span> <span class='ocrx_word' id='word_1_331' title='bbox 1641 2814 1930 2868; x_wconf 77' lang='lat' dir='ltr'><strong>postquam</strong></span> <span class='ocrx_word' id='word_1_332' title='bbox 1970 2805 2143 2872; x_wconf 78' lang='lat' dir='ltr'><strong>gallus</strong></span> 
     </span>
    </p>
   </div>
   <div class='ocr_carea' id='block_1_46' title="bbox 556 2883 2145 2958">
    <p class='ocr_par' dir='ltr' id='par_1_46' title="bbox 556 2883 2145 2958">
     <span class='ocr_line' id='line_1_46' title="bbox 556 2883 2145 2958; baseline 0.01 -24"><span class='ocrx_word' id='word_1_333' title='bbox 556 2883 777 2944; x_wconf 83' lang='lat' dir='ltr'><strong>cecinit,</strong></span> <span class='ocrx_word' id='word_1_334' title='bbox 829 2885 1023 2938; x_wconf 89' lang='lat' dir='ltr'><strong>iterum</strong></span> <span class='ocrx_word' id='word_1_335' title='bbox 1059 2901 1220 2955; x_wconf 89' lang='lat' dir='ltr'><strong>atque</strong></span> <span class='ocrx_word' id='word_1_336' title='bbox 1254 2891 1444 2943; x_wconf 88' lang='lat' dir='ltr'><strong>iterum</strong></span> <span class='ocrx_word' id='word_1_337' title='bbox 1485 2894 1718 2958; x_wconf 55' lang='lat' dir='ltr'><strong>meavit,</strong></span> <span class='ocrx_word' id='word_1_338' title='bbox 1769 2897 1939 2949; x_wconf 86' lang='lat' dir='ltr'><strong>donec</strong></span> <span class='ocrx_word' id='word_1_339' title='bbox 1985 2895 2145 2950; x_wconf 83' lang='lat' dir='ltr'><strong>Jesus</strong></span> 
     </span>
    </p>
   </div>
   <div class='ocr_carea' id='block_1_47' title="bbox 561 2971 2138 3046">
    <p class='ocr_par' dir='ltr' id='par_1_47' title="bbox 561 2971 2138 3046">
     <span class='ocr_line' id='line_1_47' title="bbox 561 2971 2138 3046; baseline 0.01 -21"><span class='ocrx_word' id='word_1_340' title='bbox 561 2971 800 3041; x_wconf 74' lang='lat' dir='ltr'><strong>benigno</strong></span> <span class='ocrx_word' id='word_1_341' title='bbox 836 2989 936 3027; x_wconf 89' lang='lat' dir='ltr'><strong>suo</strong></span> <span class='ocrx_word' id='word_1_342' title='bbox 971 2978 1115 3030; x_wconf 90' lang='lat' dir='ltr'><strong>vultu</strong></span> <span class='ocrx_word' id='word_1_343' title='bbox 1147 2979 1323 3046; x_wconf 88' lang='lat' dir='ltr'><strong>ipsum</strong></span> <span class='ocrx_word' id='word_1_344' title='bbox 1357 2983 1628 3035; x_wconf 87' lang='lat' dir='ltr'><strong>recordari</strong></span> <span class='ocrx_word' id='word_1_345' title='bbox 1662 2983 1860 3038; x_wconf 86' lang='lat' dir='ltr'><strong>faceret</strong></span> <span class='ocrx_word' id='word_1_346' title='bbox 1887 2986 1968 3039; x_wconf 91' lang='lat' dir='ltr'><strong>sui</strong></span> <span class='ocrx_word' id='word_1_347' title='bbox 1991 2987 2138 3040; x_wconf 90' lang='lat' dir='ltr'><strong>dicti.</strong></span> 
     </span>
    </p>
   </div>
   <div class='ocr_carea' id='block_1_48' title="bbox 569 3061 2145 3145">
    <p class='ocr_par' dir='ltr' id='par_1_48' title="bbox 569 3061 2145 3145">
     <span class='ocr_line' id='line_1_48' title="bbox 569 3061 2145 3145; baseline 0.013 -32"><span class='ocrx_word' id='word_1_348' title='bbox 569 3081 588 3114; x_wconf 81' lang='grc' dir='ltr'><strong>ι</strong></span> <span class='ocrx_word' id='word_1_349' title='bbox 616 3061 944 3131; x_wconf 54' lang='grc' dir='ltr'>Ειεετρεειιε</span> <span class='ocrx_word' id='word_1_350' title='bbox 964 3065 1508 3130; x_wconf 84' lang='lat' dir='ltr'><strong>foras,flevitamare.</strong></span> <span class='ocrx_word' id='word_1_351' title='bbox 1539 3093 1555 3125; x_wconf 74' lang='grc' dir='ltr'><strong>ι</strong></span> <span class='ocrx_word' id='word_1_352' title='bbox 1584 3074 1781 3129; x_wconf 81' lang='lat' dir='ltr'><strong>Namet</strong></span> <span class='ocrx_word' id='word_1_353' title='bbox 1801 3090 2145 3145; x_wconf 77' lang='lat' dir='ltr'><strong>egressusest</strong></span> 
     </span>
    </p>
   </div>
   <div class='ocr_carea' id='block_1_49' title="bbox 556 3160 2143 3242">
    <p class='ocr_par' dir='ltr' id='par_1_49' title="bbox 556 3160 2143 3242">
     <span class='ocr_line' id='line_1_49' title="bbox 556 3160 2143 3242; baseline 0.011 -32"><span class='ocrx_word' id='word_1_354' title='bbox 556 3171 679 3211; x_wconf 89' lang='lat' dir='ltr'><strong>cum</strong></span> <span class='ocrx_word' id='word_1_355' title='bbox 708 3160 939 3225; x_wconf 83' lang='lat' dir='ltr'><strong>primum</strong></span> <span class='ocrx_word' id='word_1_356' title='bbox 968 3175 1304 3232; x_wconf 77' lang='lat' dir='ltr'><strong>negasset,nt</strong></span> <span class='ocrx_word' id='word_1_357' title='bbox 1331 3165 1543 3222; x_wconf 81' lang='lat' dir='ltr'><strong>Marcus</strong></span> <span class='ocrx_word' id='word_1_358' title='bbox 1574 3169 1767 3237; x_wconf 82' lang='lat' dir='ltr'><strong>inquit.</strong></span> <span class='ocrx_word' id='word_1_359' title='bbox 1802 3170 2003 3227; x_wconf 85' lang='lat' dir='ltr'><strong>Deinde</strong></span> <span class='ocrx_word' id='word_1_360' title='bbox 2020 3188 2143 3242; x_wconf 93' lang='lat' dir='ltr'><strong>pro-</strong></span> 
     </span>
    </p>
   </div>
   <div class='ocr_carea' id='block_1_50' title="bbox 555 3249 2142 3331">
    <p class='ocr_par' dir='ltr' id='par_1_50' title="bbox 555 3249 2142 3331">
     <span class='ocr_line' id='line_1_50' title="bbox 555 3249 2142 3331; baseline 0.013 -28"><span class='ocrx_word' id='word_1_361' title='bbox 555 3249 753 3312; x_wconf 82' lang='lat' dir='ltr'><strong>babile,</strong></span> <span class='ocrx_word' id='word_1_362' title='bbox 782 3251 926 3304; x_wconf 89' lang='lat' dir='ltr'><strong>illum</strong></span> <span class='ocrx_word' id='word_1_363' title='bbox 961 3254 1154 3308; x_wconf 87' lang='lat' dir='ltr'><strong>iterum</strong></span> <span class='ocrx_word' id='word_1_364' title='bbox 1181 3257 1502 3327; x_wconf 84' lang='lat' dir='ltr'><strong>ingressum,</strong></span> <span class='ocrx_word' id='word_1_365' title='bbox 1531 3276 1593 3312; x_wconf 86' lang='lat' dir='ltr'><strong>ne</strong></span> <span class='ocrx_word' id='word_1_366' title='bbox 1615 3260 2142 3331; x_wconf 77' lang='lat' dir='ltr'><strong>daretsuspicionctn</strong></span> 
     </span>
    </p>
   </div>
   <div class='ocr_carea' id='block_1_51' title="bbox 557 3343 2145 3414">
    <p class='ocr_par' dir='ltr' id='par_1_51' title="bbox 557 3343 2145 3414">
     <span class='ocr_line' id='line_1_51' title="bbox 557 3343 2145 3414; baseline 0.013 -21"><span class='ocrx_word' id='word_1_367' title='bbox 557 3348 702 3411; x_wconf 82' lang='lat' dir='ltr'><strong>quod</strong></span> <span class='ocrx_word' id='word_1_368' title='bbox 731 3343 1012 3399; x_wconf 78' lang='lat' dir='ltr'><strong>familiaris</strong></span> <span class='ocrx_word' id='word_1_369' title='bbox 1034 3357 1180 3403; x_wconf 90' lang='lat' dir='ltr'><strong>esset</strong></span> <span class='ocrx_word' id='word_1_370' title='bbox 1202 3348 1351 3404; x_wconf 87' lang='lat' dir='ltr'><strong>Jesu.</strong></span> <span class='ocrx_word' id='word_1_371' title='bbox 1374 3350 1436 3404; x_wconf 92' lang='lat' dir='ltr'><strong>Et</strong></span> <span class='ocrx_word' id='word_1_372' title='bbox 1469 3352 1660 3406; x_wconf 83' lang='lat' dir='ltr'><strong>iterum</strong></span> <span class='ocrx_word' id='word_1_373' title='bbox 1681 3370 1802 3408; x_wconf 90' lang='lat' dir='ltr'><strong>cum</strong></span> <span class='ocrx_word' id='word_1_374' title='bbox 1828 3358 2145 3414; x_wconf 88' lang='lat' dir='ltr'><strong>recordatus</strong></span> 
     </span>
    </p>
   </div>
   <div class='ocr_carea' id='block_1_52' title="bbox 555 3438 2141 3521">
    <p class='ocr_par' dir='ltr' id='par_1_52' title="bbox 555 3438 2141 3521">
     <span class='ocr_line' id='line_1_52' title="bbox 555 3438 2141 3521; baseline 0.009 -31"><span class='ocrx_word' id='word_1_375' title='bbox 555 3447 720 3498; x_wconf 80' lang='lat' dir='ltr'><strong>esset,</strong></span> <span class='ocrx_word' id='word_1_376' title='bbox 751 3439 862 3491; x_wconf 63' lang='lat' dir='ltr'><strong>erit</strong></span> <span class='ocrx_word' id='word_1_377' title='bbox 895 3450 949 3492; x_wconf 87' lang='lat' dir='ltr'><strong>et</strong></span> <span class='ocrx_word' id='word_1_378' title='bbox 979 3438 1068 3492; x_wconf 81' lang='lat' dir='ltr'><strong>flet</strong></span> <span class='ocrx_word' id='word_1_379' title='bbox 1098 3457 1302 3496; x_wconf 86' lang='lat' dir='ltr'><strong>amare.</strong></span> <span class='ocrx_word' id='word_1_380' title='bbox 1344 3442 1414 3497; x_wconf 88' lang='lat' dir='ltr'><strong>Ut</strong></span> <span class='ocrx_word' id='word_1_381' title='bbox 1439 3459 1506 3498; x_wconf 90' lang='lat' dir='ltr'><strong>ne</strong></span> <span class='ocrx_word' id='word_1_382' title='bbox 1544 3446 1817 3500; x_wconf 91' lang='lat' dir='ltr'><strong>videretur</strong></span> <span class='ocrx_word' id='word_1_383' title='bbox 1836 3448 1902 3502; x_wconf 86' lang='lat' dir='ltr'><strong>ab</strong></span> <span class='ocrx_word' id='word_1_384' title='bbox 1934 3451 2018 3504; x_wconf 88' lang='lat' dir='ltr'><strong>his</strong></span> <span class='ocrx_word' id='word_1_385' title='bbox 2049 3451 2141 3521; x_wconf 88' lang='lat' dir='ltr'><strong>qui</strong></span> 
     </span>
    </p>
   </div>
   <div class='ocr_carea' id='block_1_53' title="bbox 557 3526 2136 3608">
    <p class='ocr_par' dir='ltr' id='par_1_53' title="bbox 557 3526 2136 3608">
     <span class='ocr_line' id='line_1_53' title="bbox 557 3526 2136 3608; baseline 0.009 -26"><span class='ocrx_word' id='word_1_386' title='bbox 557 3526 613 3582; x_wconf 81' lang='lat' dir='ltr'><strong>in</strong></span> <span class='ocrx_word' id='word_1_387' title='bbox 667 3530 806 3582; x_wconf 84' lang='lat' dir='ltr'><strong>atrio</strong></span> <span class='ocrx_word' id='word_1_388' title='bbox 841 3542 1016 3595; x_wconf 87' lang='lat' dir='ltr'><strong>erant,</strong></span> <span class='ocrx_word' id='word_1_389' title='bbox 1051 3533 1162 3588; x_wconf 82' lang='lat' dir='ltr'><strong>exit</strong></span> <span class='ocrx_word' id='word_1_390' title='bbox 1208 3536 1485 3590; x_wconf 84' lang='lat' dir='ltr'><strong>occultans</strong></span> <span class='ocrx_word' id='word_1_391' title='bbox 1532 3553 1588 3591; x_wconf 84' lang='lat' dir='ltr'><strong>se</strong></span> <span class='ocrx_word' id='word_1_392' title='bbox 1642 3542 1708 3593; x_wconf 87' lang='lat' dir='ltr'><strong>ah</strong></span> <span class='ocrx_word' id='word_1_393' title='bbox 1745 3541 1871 3594; x_wconf 90' lang='lat' dir='ltr'><strong>illis.</strong></span> <span class='ocrx_word' id='word_1_394' title='bbox 1908 3541 2136 3608; x_wconf 83' lang='lat' dir='ltr'><strong>Quidam</strong></span> 
     </span>
    </p>
   </div>
   <div class='ocr_carea' id='block_1_54' title="bbox 557 3623 2138 3697">
    <p class='ocr_par' dir='ltr' id='par_1_54' title="bbox 557 3623 2138 3697">
     <span class='ocr_line' id='line_1_54' title="bbox 557 3623 2138 3697; baseline 0.009 -24"><span class='ocrx_word' id='word_1_395' title='bbox 557 3632 738 3674; x_wconf 81' lang='lat' dir='ltr'><strong>autem</strong></span> <span class='ocrx_word' id='word_1_396' title='bbox 771 3623 953 3677; x_wconf 84' lang='lat' dir='ltr'><strong>nescio</strong></span> <span class='ocrx_word' id='word_1_397' title='bbox 987 3641 1149 3692; x_wconf 86' lang='lat' dir='ltr'><strong>quam</strong></span> <span class='ocrx_word' id='word_1_398' title='bbox 1190 3629 1406 3682; x_wconf 85' lang='lat' dir='ltr'><strong>stultam</strong></span> <span class='ocrx_word' id='word_1_399' title='bbox 1438 3645 1535 3697; x_wconf 88' lang='lat' dir='ltr'><strong>pro</strong></span> <span class='ocrx_word' id='word_1_400' title='bbox 1570 3631 1732 3685; x_wconf 81' lang='lat' dir='ltr'><strong>Petro</strong></span> <span class='ocrx_word' id='word_1_401' title='bbox 1769 3633 2138 3689; x_wconf 80' lang='lat' dir='ltr'><strong>defensionem</strong></span> 
     </span>
    </p>
   </div>
   <div class='ocr_carea' id='block_1_55' title="bbox 557 3715 2143 3795">
    <p class='ocr_par' dir='ltr' id='par_1_55' title="bbox 557 3715 2143 3795">
     <span class='ocr_line' id='line_1_55' title="bbox 557 3715 2143 3795; baseline 0.01 -30"><span class='ocrx_word' id='word_1_402' title='bbox 557 3725 910 3782; x_wconf 80' lang='lat' dir='ltr'><strong>camponunt,</strong></span> <span class='ocrx_word' id='word_1_403' title='bbox 954 3715 1197 3772; x_wconf 83' lang='lat' dir='ltr'><strong>dicentes</strong></span> <span class='ocrx_word' id='word_1_404' title='bbox 1243 3722 1503 3775; x_wconf 81' lang='lat' dir='ltr'><strong>audacter</strong></span> <span class='ocrx_word' id='word_1_405' title='bbox 1547 3725 1688 3791; x_wconf 90' lang='lat' dir='ltr'><strong>quod</strong></span> <span class='ocrx_word' id='word_1_406' title='bbox 1717 3741 1820 3778; x_wconf 90' lang='lat' dir='ltr'><strong>non</strong></span> <span class='ocrx_word' id='word_1_407' title='bbox 1861 3730 2143 3795; x_wconf 85' lang='lat' dir='ltr'><strong>negaverit</strong></span> 
     </span>
    </p>
   </div>
   <div class='ocr_carea' id='block_1_56' title="bbox 557 3804 2142 3883">
    <p class='ocr_par' dir='ltr' id='par_1_56' title="bbox 557 3804 2142 3883">
     <span class='ocr_line' id='line_1_56' title="bbox 557 3804 2142 3883; baseline 0.011 -25"><span class='ocrx_word' id='word_1_408' title='bbox 557 3804 773 3871; x_wconf 81' lang='lat' dir='ltr'><strong>Petrus,</strong></span> <span class='ocrx_word' id='word_1_409' title='bbox 802 3812 893 3861; x_wconf 86' lang='lat' dir='ltr'><strong>sed</strong></span> <span class='ocrx_word' id='word_1_410' title='bbox 916 3811 1133 3875; x_wconf 79' lang='lat' dir='ltr'><strong>dixerit,</strong></span> <span class='ocrx_word' id='word_1_411' title='bbox 1166 3811 1402 3868; x_wconf 66' lang='lat' dir='ltr'><strong>«.Nescio</strong></span> <span class='ocrx_word' id='word_1_412' title='bbox 1422 3815 1715 3881; x_wconf 80' lang='lat' dir='ltr'><strong>ltmninetn,</strong></span> <span class='ocrx_word' id='word_1_413' title='bbox 1746 3837 1762 3868; x_wconf 81' lang='grc' dir='ltr'><strong>ι</strong></span> <span class='ocrx_word' id='word_1_414' title='bbox 1796 3819 1892 3870; x_wconf 90' lang='lat' dir='ltr'><strong>hoc</strong></span> <span class='ocrx_word' id='word_1_415' title='bbox 1919 3828 2021 3883; x_wconf 67' lang='lat' dir='ltr'><strong>est,</strong></span> <span class='ocrx_word' id='word_1_416' title='bbox 2047 3838 2142 3875; x_wconf 86' lang='lat' dir='ltr'><strong>ne-</strong></span> 
     </span>
    </p>
   </div>
   <div class='ocr_carea' id='block_1_57' title="bbox 557 3897 2104 3966">
    <p class='ocr_par' dir='ltr' id='par_1_57' title="bbox 557 3897 2104 3966">
     <span class='ocr_line' id='line_1_57' title="bbox 557 3897 2104 3966; baseline 0.01 -17"><span class='ocrx_word' id='word_1_417' title='bbox 557 3897 673 3951; x_wconf 85' lang='lat' dir='ltr'><strong>scio</strong></span> <span class='ocrx_word' id='word_1_418' title='bbox 703 3913 891 3966; x_wconf 87' lang='lat' dir='ltr'><strong>purum</strong></span> <span class='ocrx_word' id='word_1_419' title='bbox 926 3900 1222 3966; x_wconf 87' lang='lat' dir='ltr'><strong>hominem,</strong></span> <span class='ocrx_word' id='word_1_420' title='bbox 1253 3906 1346 3959; x_wconf 87' lang='lat' dir='ltr'><strong>sed</strong></span> <span class='ocrx_word' id='word_1_421' title='bbox 1391 3905 1554 3960; x_wconf 89' lang='lat' dir='ltr'><strong>Deum</strong></span> <span class='ocrx_word' id='word_1_422' title='bbox 1594 3907 1865 3962; x_wconf 87' lang='lat' dir='ltr'><strong>hominem</strong></span> <span class='ocrx_word' id='word_1_423' title='bbox 1906 3912 2104 3964; x_wconf 81' lang='lat' dir='ltr'><strong>factum</strong></span> 
     </span>
    </p>
   </div>
   <div class='ocr_carea' id='block_1_58' title="bbox 556 3989 2138 4073">
    <p class='ocr_par' dir='ltr' id='par_1_58' title="bbox 556 3989 2138 4073">
     <span class='ocr_line' id='line_1_58' title="bbox 556 3989 2138 4073; baseline 0.009 -30"><span class='ocrx_word' id='word_1_424' title='bbox 556 3989 760 4044; x_wconf 85' lang='lat' dir='ltr'><strong>llorum</strong></span> <span class='ocrx_word' id='word_1_425' title='bbox 797 4002 975 4046; x_wconf 89' lang='lat' dir='ltr'><strong>autem</strong></span> <span class='ocrx_word' id='word_1_426' title='bbox 1014 3995 1274 4066; x_wconf 86' lang='lat' dir='ltr'><strong>insipiens</strong></span> <span class='ocrx_word' id='word_1_427' title='bbox 1307 4008 1678 4067; x_wconf 79' lang='lat' dir='ltr'><strong>argumentum</strong></span> <span class='ocrx_word' id='word_1_428' title='bbox 1709 4001 1827 4054; x_wconf 82' lang='lat' dir='ltr'><strong>aliis</strong></span> <span class='ocrx_word' id='word_1_429' title='bbox 1860 4003 2138 4073; x_wconf 87' lang='lat' dir='ltr'><strong>relinqua—</strong></span> 
     </span>
    </p>
   </div>
   <div class='ocr_carea' id='block_1_59' title="bbox 557 4083 2134 4160">
    <p class='ocr_par' dir='ltr' id='par_1_59' title="bbox 557 4083 2134 4160">
     <span class='ocr_line' id='line_1_59' title="bbox 557 4083 2134 4160; baseline 0.009 -25"><span class='ocrx_word' id='word_1_430' title='bbox 557 4099 700 4137; x_wconf 89' lang='lat' dir='ltr'><strong>mus.</strong></span> <span class='ocrx_word' id='word_1_431' title='bbox 740 4083 1050 4140; x_wconf 78' lang='lat' dir='ltr'><strong>Mendacem</strong></span> <span class='ocrx_word' id='word_1_432' title='bbox 1084 4089 1225 4142; x_wconf 86' lang='lat' dir='ltr'><strong>enim</strong></span> <span class='ocrx_word' id='word_1_433' title='bbox 1265 4089 1466 4144; x_wconf 88' lang='lat' dir='ltr'><strong>faciunt</strong></span> <span class='ocrx_word' id='word_1_434' title='bbox 1506 4093 1816 4160; x_wconf 89' lang='lat' dir='ltr'><strong>Dominum,</strong></span> <span class='ocrx_word' id='word_1_435' title='bbox 1843 4105 1905 4148; x_wconf 87' lang='lat' dir='ltr'><strong>et</strong></span> <span class='ocrx_word' id='word_1_436' title='bbox 1938 4097 2134 4149; x_wconf 88' lang='lat' dir='ltr'><strong>adver-</strong></span> 
     </span>
    </p>
   </div>
   <div class='ocr_carea' id='block_1_60' title="bbox 557 4182 2140 4254">
    <p class='ocr_par' dir='ltr' id='par_1_60' title="bbox 557 4182 2140 4254">
     <span class='ocr_line' id='line_1_60' title="bbox 557 4182 2140 4254; baseline 0.01 -26"><span class='ocrx_word' id='word_1_437' title='bbox 557 4188 750 4230; x_wconf 85' lang='lat' dir='ltr'><strong>santur</strong></span> <span class='ocrx_word' id='word_1_438' title='bbox 805 4182 1079 4234; x_wconf 84' lang='lat' dir='ltr'><strong>contexlui</strong></span> <span class='ocrx_word' id='word_1_439' title='bbox 1126 4183 1423 4250; x_wconf 77' lang='lat' dir='ltr'><strong>Evangelii,</strong></span> <span class='ocrx_word' id='word_1_440' title='bbox 1475 4186 1728 4254; x_wconf 74' lang='lat' dir='ltr'><strong>nu‘loque</strong></span> <span class='ocrx_word' id='word_1_441' title='bbox 1771 4189 1927 4241; x_wconf 88' lang='lat' dir='ltr'><strong>modo</strong></span> <span class='ocrx_word' id='word_1_442' title='bbox 1963 4189 2140 4244; x_wconf 88' lang='lat' dir='ltr'><strong>facere</strong></span> 
     </span>
    </p>
   </div>
   <div class='ocr_carea' id='block_1_61' title="bbox 554 4273 2134 4346">
    <p class='ocr_par' dir='ltr' id='par_1_61' title="bbox 554 4273 2134 4346">
     <span class='ocr_line' id='line_1_61' title="bbox 554 4273 2134 4346; baseline 0.01 -27"><span class='ocrx_word' id='word_1_443' title='bbox 554 4278 807 4337; x_wconf 74' lang='lat' dir='ltr'><strong>poterunt</strong></span> <span class='ocrx_word' id='word_1_444' title='bbox 847 4282 904 4325; x_wconf 91' lang='lat' dir='ltr'><strong>ut</strong></span> <span class='ocrx_word' id='word_1_445' title='bbox 942 4273 1211 4329; x_wconf 59' lang='lat' dir='ltr'><strong>cohaereat</strong></span> <span class='ocrx_word' id='word_1_446' title='bbox 1247 4283 1632 4346; x_wconf 76' lang='lat' dir='ltr'><strong>consequentia</strong></span> <span class='ocrx_word' id='word_1_447' title='bbox 1671 4282 2014 4345; x_wconf 84' lang='lat' dir='ltr'><strong>narrationis,</strong></span> <span class='ocrx_word' id='word_1_448' title='bbox 2043 4283 2134 4338; x_wconf 82' lang='lat' dir='ltr'><strong>sed</strong></span> 
     </span>
    </p>
   </div>
   <div class='ocr_carea' id='block_1_62' title="bbox 553 4362 1730 4442">
    <p class='ocr_par' dir='ltr' id='par_1_62' title="bbox 553 4362 1730 4442">
     <span class='ocr_line' id='line_1_62' title="bbox 553 4362 1730 4442; baseline 0.009 -27"><span class='ocrx_word' id='word_1_449' title='bbox 553 4377 606 4415; x_wconf 84' lang='lat' dir='ltr'><strong>et</strong></span> <span class='ocrx_word' id='word_1_450' title='bbox 639 4362 679 4416; x_wconf 85' lang='grc' dir='ltr'><strong><em>Ρ</em></strong></span> <span class='ocrx_word' id='word_1_451' title='bbox 719 4377 831 4420; x_wconf 90' lang='lat' dir='ltr'><strong>trus</strong></span> <span class='ocrx_word' id='word_1_452' title='bbox 866 4382 1034 4435; x_wconf 90' lang='lat' dir='ltr'><strong>quare</strong></span> <span class='ocrx_word' id='word_1_453' title='bbox 1062 4368 1224 4434; x_wconf 84' lang='lat' dir='ltr'><strong>ﬂevit,</strong></span> <span class='ocrx_word' id='word_1_454' title='bbox 1269 4372 1312 4426; x_wconf 88' lang='lat' dir='ltr'><strong>si</strong></span> <span class='ocrx_word' id='word_1_455' title='bbox 1341 4388 1445 4424; x_wconf 92' lang='lat' dir='ltr'><strong>non</strong></span> <span class='ocrx_word' id='word_1_456' title='bbox 1483 4373 1730 4442; x_wconf 77' lang='lat' dir='ltr'><strong>negavit?</strong></span> 
     </span>
    </p>
   </div>
   <div class='ocr_carea' id='block_1_63' title="bbox 2251 1964 3841 2066">
    <p class='ocr_par' dir='ltr' id='par_1_63' title="bbox 2251 1964 3841 2066">
     <span class='ocr_line' id='line_1_63' title="bbox 2251 1964 3841 2066; baseline -0.011 -34"><span class='ocrx_word' id='word_1_457' title='bbox 2251 1979 2621 2049; x_wconf 84' lang='grc' dir='ltr'>ὲκαρτερεῖτο.</span> <span class='ocrx_word' id='word_1_458' title='bbox 2669 1977 2977 2046; x_wconf 83' lang='grc' dir='ltr'>’Πρνήσατο</span> <span class='ocrx_word' id='word_1_459' title='bbox 3003 1973 3100 2043; x_wconf 87' lang='grc' dir='ltr'><strong>μὲν</strong></span> <span class='ocrx_word' id='word_1_460' title='bbox 3127 1968 3219 2026; x_wconf 78' lang='grc' dir='ltr'><strong>οὖν</strong></span> <span class='ocrx_word' id='word_1_461' title='bbox 3246 1973 3273 2025; x_wconf 91' lang='lat'><strong>6</strong></span> <span class='ocrx_word' id='word_1_462' title='bbox 3310 1968 3552 2042; x_wconf 80' lang='grc' dir='ltr'>μαθητὴς</span> <span class='ocrx_word' id='word_1_463' title='bbox 3589 1964 3841 2066; x_wconf 42' lang='grc' dir='ltr'>πρῶτωζ</span> 
     </span>
    </p>
   </div>
   <div class='ocr_carea' id='block_1_64' title="bbox 2251 2061 3842 2140">
    <p class='ocr_par' dir='ltr' id='par_1_64' title="bbox 2251 2061 3842 2140">
     <span class='ocr_line' id='line_1_64' title="bbox 2251 2061 3842 2140; baseline -0.011 -15"><span class='ocrx_word' id='word_1_464' title='bbox 2251 2067 2372 2125; x_wconf 69' lang='grc' dir='ltr'>εἶτα</span> <span class='ocrx_word' id='word_1_465' title='bbox 2391 2072 2639 2140; x_wconf 83' lang='grc' dir='ltr'>ἀλέκτωρ</span> <span class='ocrx_word' id='word_1_466' title='bbox 2657 2071 2955 2138; x_wconf 76' lang='grc' dir='ltr'>ἐφώνησεν,</span> <span class='ocrx_word' id='word_1_467' title='bbox 2977 2068 3067 2120; x_wconf 59' lang='grc' dir='ltr'><strong>καῖ</strong></span> <span class='ocrx_word' id='word_1_468' title='bbox 3090 2063 3156 2118; x_wconf 78' lang='grc' dir='ltr'><strong>αὖ</strong></span> <span class='ocrx_word' id='word_1_469' title='bbox 3183 2065 3456 2134; x_wconf 71' lang='grc' dir='ltr'>ἠρνήσατο</span> <span class='ocrx_word' id='word_1_470' title='bbox 3480 2064 3607 2130; x_wconf 81' lang='grc' dir='ltr'>ἄχρι</span> <span class='ocrx_word' id='word_1_471' title='bbox 3634 2061 3727 2111; x_wconf 72' lang='grc' dir='ltr'><strong>καὶ</strong></span> <span class='ocrx_word' id='word_1_472' title='bbox 3749 2061 3842 2111; x_wconf 86' lang='grc' dir='ltr'><strong>τοῦ</strong></span> 
     </span>
    </p>
   </div>
   <div class='ocr_carea' id='block_1_65' title="bbox 2250 2150 3841 2233">
    <p class='ocr_par' dir='ltr' id='par_1_65' title="bbox 2250 2150 3841 2233">
     <span class='ocr_line' id='line_1_65' title="bbox 2250 2150 3841 2233; baseline -0.009 -17"><span class='ocrx_word' id='word_1_473' title='bbox 2250 2166 2471 2233; x_wconf 79' lang='grc' dir='ltr'>τρίτου·</span> <span class='ocrx_word' id='word_1_474' title='bbox 2536 2165 2630 2216; x_wconf 69' lang='grc' dir='ltr'><strong>καὶ</strong></span> <span class='ocrx_word' id='word_1_475' title='bbox 2664 2163 2783 2214; x_wconf 82' lang='grc' dir='ltr'>τότε</span> <span class='ocrx_word' id='word_1_476' title='bbox 2852 2158 3130 2228; x_wconf 76' lang='grc' dir='ltr'>ἐφώνησεν</span> <span class='ocrx_word' id='word_1_477' title='bbox 3183 2158 3246 2208; x_wconf 82' lang='grc' dir='ltr'>ἐκ</span> <span class='ocrx_word' id='word_1_478' title='bbox 3285 2155 3539 2223; x_wconf 73' lang='grc' dir='ltr'>δευτέρου</span> <span class='ocrx_word' id='word_1_479' title='bbox 3603 2150 3767 2203; x_wconf 82' lang='grc' dir='ltr'>πάλιν</span> <span class='ocrx_word' id='word_1_480' title='bbox 3816 2151 3841 2202; x_wconf 82' lang='lat'><strong>6</strong></span> 
     </span>
    </p>
   </div>
   <div class='ocr_carea' id='block_1_66' title="bbox 2250 2244 3841 2327">
    <p class='ocr_par' dir='ltr' id='par_1_66' title="bbox 2250 2244 3841 2327">
     <span class='ocr_line' id='line_1_66' title="bbox 2250 2244 3841 2327; baseline -0.008 -19"><span class='ocrx_word' id='word_1_481' title='bbox 2250 2254 2588 2327; x_wconf 85' lang='grc' dir='ltr'>ἀλεκτρυών.</span> <span class='ocrx_word' id='word_1_482' title='bbox 2627 2254 2782 2308; x_wconf 72' lang='grc' dir='ltr'>Οὖτω</span> <span class='ocrx_word' id='word_1_483' title='bbox 2809 2252 2918 2322; x_wconf 74' lang='grc' dir='ltr'>γὰρ</span> <span class='ocrx_word' id='word_1_484' title='bbox 2967 2254 2993 2303; x_wconf 88' lang='grc' dir='ltr'>ό</span> <span class='ocrx_word' id='word_1_485' title='bbox 3043 2250 3270 2319; x_wconf 77' lang='grc' dir='ltr'>Μάρκος</span> <span class='ocrx_word' id='word_1_486' title='bbox 3305 2247 3614 2316; x_wconf 76' lang='grc' dir='ltr'>ἀναγράφει</span> <span class='ocrx_word' id='word_1_487' title='bbox 3649 2244 3841 2296; x_wconf 79' lang='grc' dir='ltr'>λεπτό-</span> 
     </span>
    </p>
   </div>
   <div class='ocr_carea' id='block_1_67' title="bbox 2248 2333 3842 2420">
    <p class='ocr_par' dir='ltr' id='par_1_67' title="bbox 2248 2333 3842 2420">
     <span class='ocr_line' id='line_1_67' title="bbox 2248 2333 3842 2420; baseline -0.007 -18"><span class='ocrx_word' id='word_1_488' title='bbox 2248 2351 2403 2420; x_wconf 64' lang='grc' dir='ltr'>τερόν</span> <span class='ocrx_word' id='word_1_489' title='bbox 2433 2365 2492 2401; x_wconf 81' lang='grc' dir='ltr'><strong>τε</strong></span> <span class='ocrx_word' id='word_1_490' title='bbox 2526 2349 2619 2401; x_wconf 74' lang='grc' dir='ltr'><strong>καὶ</strong></span> <span class='ocrx_word' id='word_1_491' title='bbox 2649 2346 3061 2416; x_wconf 68' lang='grc' dir='ltr'>ἀκριϐέστερον,</span> <span class='ocrx_word' id='word_1_492' title='bbox 3081 2342 3250 2396; x_wconf 86' lang='grc' dir='ltr'>ταῦτα</span> <span class='ocrx_word' id='word_1_493' title='bbox 3274 2339 3732 2411; x_wconf 62' lang='grc' dir='ltr'>ἀναγραψάμενος</span> <span class='ocrx_word' id='word_1_494' title='bbox 3755 2333 3842 2391; x_wconf 72' lang='grc' dir='ltr'>οἷα</span> 
     </span>
    </p>
   </div>
   <div class='ocr_carea' id='block_1_68' title="bbox 2253 2433 3842 2513">
    <p class='ocr_par' dir='ltr' id='par_1_68' title="bbox 2253 2433 3842 2513">
     <span class='ocr_line' id='line_1_68' title="bbox 2253 2433 3842 2513; baseline -0.007 -18"><span class='ocrx_word' id='word_1_495' title='bbox 2253 2443 2404 2513; x_wconf 66' lang='grc' dir='ltr'>παρὰ</span> <span class='ocrx_word' id='word_1_496' title='bbox 2434 2441 2528 2494; x_wconf 89' lang='grc' dir='ltr'><strong>τοῦ</strong></span> <span class='ocrx_word' id='word_1_497' title='bbox 2565 2442 2773 2508; x_wconf 73' lang='grc' dir='ltr'>Πέτρου</span> <span class='ocrx_word' id='word_1_498' title='bbox 2823 2439 3042 2508; x_wconf 76' lang='grc' dir='ltr'>μαθώνο</span> <span class='ocrx_word' id='word_1_499' title='bbox 3082 2436 3271 2489; x_wconf 80' lang='grc' dir='ltr'>τούτου</span> <span class='ocrx_word' id='word_1_500' title='bbox 3305 2435 3412 2505; x_wconf 76' lang='grc' dir='ltr'>γὰρ</span> <span class='ocrx_word' id='word_1_501' title='bbox 3466 2435 3560 2487; x_wconf 67' lang='grc' dir='ltr'><strong>καὶ</strong></span> <span class='ocrx_word' id='word_1_502' title='bbox 3595 2433 3842 2503; x_wconf 66' lang='grc' dir='ltr'>μαθητὴς</span> 
     </span>
    </p>
   </div>
   <div class='ocr_carea' id='block_1_69' title="bbox 2247 2526 3836 2605">
    <p class='ocr_par' dir='ltr' id='par_1_69' title="bbox 2247 2526 3836 2605">
     <span class='ocr_line' id='line_1_69' title="bbox 2247 2526 3836 2605; baseline -0.007 -18"><span class='ocrx_word' id='word_1_503' title='bbox 2247 2530 2334 2605; x_wconf 79' lang='grc' dir='ltr'>ἦν.</span> <span class='ocrx_word' id='word_1_504' title='bbox 2356 2536 2443 2586; x_wconf 83' lang='grc' dir='ltr'><strong>Διὸ</strong></span> <span class='ocrx_word' id='word_1_505' title='bbox 2460 2535 2534 2598; x_wconf 87' lang='grc' dir='ltr'>ὼς</span> <span class='ocrx_word' id='word_1_506' title='bbox 2563 2534 2639 2603; x_wconf 76' lang='grc' dir='ltr'>τῷ</span> <span class='ocrx_word' id='word_1_507' title='bbox 2665 2535 2874 2601; x_wconf 63' lang='grc' dir='ltr'>Μλρκῳ</span> <span class='ocrx_word' id='word_1_508' title='bbox 2902 2530 3136 2602; x_wconf 80' lang='grc' dir='ltr'>ῥηθέντα</span> <span class='ocrx_word' id='word_1_509' title='bbox 3163 2531 3191 2582; x_wconf 89' lang='lat'><strong>6</strong></span> <span class='ocrx_word' id='word_1_510' title='bbox 3219 2529 3432 2590; x_wconf 76' lang='grc' dir='ltr'>Λουκᾶς</span> <span class='ocrx_word' id='word_1_511' title='bbox 3467 2527 3586 2580; x_wconf 81' lang='grc' dir='ltr'>κατ’</span> <span class='ocrx_word' id='word_1_512' title='bbox 3621 2526 3836 2595; x_wconf 59' lang='lat' dir='ltr'><strong>E73890-</strong></span> 
     </span>
    </p>
   </div>
   <div class='ocr_carea' id='block_1_70' title="bbox 2253 2618 3835 2696">
    <p class='ocr_par' dir='ltr' id='par_1_70' title="bbox 2253 2618 3835 2696">
     <span class='ocr_line' id='line_1_70' title="bbox 2253 2618 3835 2696; baseline -0.006 -18"><span class='ocrx_word' id='word_1_513' title='bbox 2253 2628 2358 2696; x_wconf 76' lang='grc' dir='ltr'><strong>μὴν</strong></span> <span class='ocrx_word' id='word_1_514' title='bbox 2385 2624 2563 2686; x_wconf 80' lang='grc' dir='ltr'>εἶπεν,</span> <span class='ocrx_word' id='word_1_515' title='bbox 2618 2626 2718 2676; x_wconf 63' lang='grc' dir='ltr'><strong>οὐκ</strong></span> <span class='ocrx_word' id='word_1_516' title='bbox 2751 2622 3344 2692; x_wconf 77' lang='grc' dir='ltr'>ἁκριϐολογησάμενος.</span> <span class='ocrx_word' id='word_1_517' title='bbox 3393 2619 3509 2672; x_wconf 70' lang='grc' dir='ltr'>Καὶ</span> <span class='ocrx_word' id='word_1_518' title='bbox 3553 2619 3653 2671; x_wconf 70' lang='grc' dir='ltr'>οὐκ</span> <span class='ocrx_word' id='word_1_519' title='bbox 3692 2618 3835 2670; x_wconf 77' lang='grc' dir='ltr'>ἔστιν</span> 
     </span>
    </p>
   </div>
   <div class='ocr_carea' id='block_1_71' title="bbox 2250 2711 3834 2786">
    <p class='ocr_par' dir='ltr' id='par_1_71' title="bbox 2250 2711 3834 2786">
     <span class='ocr_line' id='line_1_71' title="bbox 2250 2711 3834 2786; baseline -0.006 -16"><span class='ocrx_word' id='word_1_520' title='bbox 2250 2718 2488 2771; x_wconf 74' lang='grc' dir='ltr'>ἐναντίον</span> <span class='ocrx_word' id='word_1_521' title='bbox 2519 2718 2546 2770; x_wconf 86' lang='grc' dir='ltr'><strong>ὃ</strong></span> <span class='ocrx_word' id='word_1_522' title='bbox 2567 2734 2730 2786; x_wconf 76' lang='grc' dir='ltr'>φησιν</span> <span class='ocrx_word' id='word_1_523' title='bbox 2759 2717 2786 2768; x_wconf 85' lang='lat'><strong>6</strong></span> <span class='ocrx_word' id='word_1_524' title='bbox 2829 2715 3042 2777; x_wconf 77' lang='grc' dir='ltr'>Λουκᾶς</span> <span class='ocrx_word' id='word_1_525' title='bbox 3067 2713 3143 2783; x_wconf 78' lang='grc' dir='ltr'>τῷ</span> <span class='ocrx_word' id='word_1_526' title='bbox 3188 2714 3339 2783; x_wconf 75' lang='grc' dir='ltr'>παρὰ</span> <span class='ocrx_word' id='word_1_527' title='bbox 3372 2711 3465 2765; x_wconf 87' lang='grc' dir='ltr'><strong>τοῦ</strong></span> <span class='ocrx_word' id='word_1_528' title='bbox 3499 2711 3728 2780; x_wconf 73' lang='grc' dir='ltr'>Μάρκου</span> <span class='ocrx_word' id='word_1_529' title='bbox 3758 2711 3834 2762; x_wconf 79' lang='grc' dir='ltr'><strong>εἰ·</strong></span> 
     </span>
    </p>
   </div>
   <div class='ocr_carea' id='block_1_72' title="bbox 2253 2801 3833 2881">
    <p class='ocr_par' dir='ltr' id='par_1_72' title="bbox 2253 2801 3833 2881">
     <span class='ocr_line' id='line_1_72' title="bbox 2253 2801 3833 2881; baseline -0.003 -20"><span class='ocrx_word' id='word_1_530' title='bbox 2253 2810 2492 2881; x_wconf 79' lang='grc' dir='ltr'>ρημένῳ.</span> <span class='ocrx_word' id='word_1_531' title='bbox 2524 2810 2632 2862; x_wconf 71' lang='grc' dir='ltr'>Καὶ</span> <span class='ocrx_word' id='word_1_532' title='bbox 2668 2809 2777 2877; x_wconf 75' lang='grc' dir='ltr'><strong>γὰρ</strong></span> <span class='ocrx_word' id='word_1_533' title='bbox 2827 2810 2853 2860; x_wconf 88' lang='grc' dir='ltr'>ὁ</span> <span class='ocrx_word' id='word_1_534' title='bbox 2906 2807 3154 2876; x_wconf 76' lang='grc' dir='ltr'>ἀλέκτωρ</span> <span class='ocrx_word' id='word_1_535' title='bbox 3194 2805 3316 2858; x_wconf 83' lang='grc' dir='ltr'>καθ’</span> <span class='ocrx_word' id='word_1_536' title='bbox 3351 2804 3589 2874; x_wconf 77' lang='grc' dir='ltr'>ἑκάστην</span> <span class='ocrx_word' id='word_1_537' title='bbox 3619 2801 3833 2870; x_wconf 65' lang='grc' dir='ltr'>ἀγωγὴν</span> 
     </span>
    </p>
   </div>
   <div class='ocr_carea' id='block_1_73' title="bbox 2247 2891 3833 2965">
    <p class='ocr_par' dir='ltr' id='par_1_73' title="bbox 2247 2891 3833 2965">
     <span class='ocr_line' id='line_1_73' title="bbox 2247 2891 3833 2965; baseline -0.007 -14"><span class='ocrx_word' id='word_1_538' title='bbox 2247 2900 2402 2952; x_wconf 80' lang='grc' dir='ltr'>εἴωθε</span> <span class='ocrx_word' id='word_1_539' title='bbox 2440 2898 2534 2951; x_wconf 81' lang='grc' dir='ltr'>καὶ</span> <span class='ocrx_word' id='word_1_540' title='bbox 2576 2898 2655 2960; x_wconf 75' lang='grc' dir='ltr'>δ”.ς</span> <span class='ocrx_word' id='word_1_541' title='bbox 2698 2897 2788 2949; x_wconf 80' lang='grc' dir='ltr'><strong>καὶ</strong></span> <span class='ocrx_word' id='word_1_542' title='bbox 2835 2897 2954 2965; x_wconf 74' lang='grc' dir='ltr'>τρὶς</span> <span class='ocrx_word' id='word_1_543' title='bbox 3007 2897 3225 2965; x_wconf 77' lang='grc' dir='ltr'>φωνεῖν.</span> <span class='ocrx_word' id='word_1_544' title='bbox 3290 2891 3349 2945; x_wconf 81' lang='grc' dir='ltr'><strong>Ὀ</strong></span> <span class='ocrx_word' id='word_1_545' title='bbox 3403 2892 3582 2945; x_wconf 88' lang='grc' dir='ltr'>τοίνυν</span> <span class='ocrx_word' id='word_1_546' title='bbox 3635 2892 3833 2957; x_wconf 84' lang='grc' dir='ltr'>Πέτρος</span> 
     </span>
    </p>
   </div>
   <div class='ocr_carea' id='block_1_74' title="bbox 2246 2986 3830 3062">
    <p class='ocr_par' dir='ltr' id='par_1_74' title="bbox 2246 2986 3830 3062">
     <span class='ocr_line' id='line_1_74' title="bbox 2246 2986 3830 3062; baseline -0.006 -16"><span class='ocrx_word' id='word_1_547' title='bbox 2246 2993 2501 3046; x_wconf 84' lang='grc' dir='ltr'>τοσοῦτον</span> <span class='ocrx_word' id='word_1_548' title='bbox 2535 2991 2789 3062; x_wconf 78' lang='grc' dir='ltr'>ὲκαρώθη</span> <span class='ocrx_word' id='word_1_549' title='bbox 2846 2990 2950 3044; x_wconf 81' lang='grc' dir='ltr'><strong>ὑπὸ</strong></span> <span class='ocrx_word' id='word_1_550' title='bbox 2999 2989 3098 3059; x_wconf 83' lang='grc' dir='ltr'>τῆς</span> <span class='ocrx_word' id='word_1_551' title='bbox 3133 2989 3480 3058; x_wconf 74' lang='grc' dir='ltr'>ἀνθρωπίνης</span> <span class='ocrx_word' id='word_1_552' title='bbox 3533 2986 3830 3047; x_wconf 78' lang='grc' dir='ltr'>ἀσθενείας,</span> 
     </span>
    </p>
   </div>
   <div class='ocr_carea' id='block_1_75' title="bbox 2247 3079 3833 3156">
    <p class='ocr_par' dir='ltr' id='par_1_75' title="bbox 2247 3079 3833 3156">
     <span class='ocr_line' id='line_1_75' title="bbox 2247 3079 3833 3156; baseline -0.006 -17"><span class='ocrx_word' id='word_1_553' title='bbox 2247 3086 2386 3139; x_wconf 85' lang='grc' dir='ltr'>ὥστε</span> <span class='ocrx_word' id='word_1_554' title='bbox 2411 3086 2543 3156; x_wconf 84' lang='grc' dir='ltr'>μηδὲ</span> <span class='ocrx_word' id='word_1_555' title='bbox 2569 3087 2672 3138; x_wconf 76' lang='grc' dir='ltr'><strong>ὑπὸ</strong></span> <span class='ocrx_word' id='word_1_556' title='bbox 2703 3089 2802 3156; x_wconf 80' lang='grc' dir='ltr'><strong>τῆς</strong></span> <span class='ocrx_word' id='word_1_557' title='bbox 2824 3082 2918 3138; x_wconf 90' lang='grc' dir='ltr'><strong>τοῦ</strong></span> <span class='ocrx_word' id='word_1_558' title='bbox 2954 3083 3242 3152; x_wconf 75' lang='grc' dir='ltr'>ἀλέκτορος</span> <span class='ocrx_word' id='word_1_559' title='bbox 3267 3081 3448 3151; x_wconf 76' lang='grc' dir='ltr'>φωνῆς</span> <span class='ocrx_word' id='word_1_560' title='bbox 3484 3080 3563 3142; x_wconf 81' lang='grc' dir='ltr'><strong>είς</strong></span> <span class='ocrx_word' id='word_1_561' title='bbox 3586 3079 3833 3148; x_wconf 74' lang='grc' dir='ltr'>αἴσθησιν</span> 
     </span>
    </p>
   </div>
   <div class='ocr_carea' id='block_1_76' title="bbox 2248 3173 3831 3245">
    <p class='ocr_par' dir='ltr' id='par_1_76' title="bbox 2248 3173 3831 3245">
     <span class='ocr_line' id='line_1_76' title="bbox 2248 3173 3831 3245; baseline -0.004 -14"><span class='ocrx_word' id='word_1_562' title='bbox 2248 3179 2445 3240; x_wconf 87' lang='grc' dir='ltr'>ὲλθεῖν,</span> <span class='ocrx_word' id='word_1_563' title='bbox 2495 3179 2632 3233; x_wconf 77' lang='grc' dir='ltr'>ἀλλὰ</span> <span class='ocrx_word' id='word_1_564' title='bbox 2685 3181 2780 3231; x_wconf 71' lang='grc' dir='ltr'><strong>καὶ</strong></span> <span class='ocrx_word' id='word_1_565' title='bbox 2818 3178 2952 3245; x_wconf 82' lang='grc' dir='ltr'><strong>μετὰ</strong></span> <span class='ocrx_word' id='word_1_566' title='bbox 2982 3176 3043 3229; x_wconf 80' lang='grc' dir='ltr'>τὸ</span> <span class='ocrx_word' id='word_1_567' title='bbox 3101 3174 3352 3244; x_wconf 81' lang='grc' dir='ltr'>φωνῆσαι</span> <span class='ocrx_word' id='word_1_568' title='bbox 3400 3173 3492 3226; x_wconf 84' lang='grc' dir='ltr'><strong>τὸν</strong></span> <span class='ocrx_word' id='word_1_569' title='bbox 3545 3173 3831 3242; x_wconf 85' lang='grc' dir='ltr'>ἀλέκτορα,</span> 
     </span>
    </p>
   </div>
   <div class='ocr_carea' id='block_1_77' title="bbox 2255 3259 3837 3343">
    <p class='ocr_par' dir='ltr' id='par_1_77' title="bbox 2255 3259 3837 3343">
     <span class='ocr_line' id='line_1_77' title="bbox 2255 3259 3837 3343; baseline -0.003 -19"><span class='ocrx_word' id='word_1_570' title='bbox 2255 3273 2412 3327; x_wconf 84' lang='grc' dir='ltr'>πάλιν</span> <span class='ocrx_word' id='word_1_571' title='bbox 2444 3272 2820 3343; x_wconf 85' lang='grc' dir='ltr'>ἀρνήσασθαι,</span> <span class='ocrx_word' id='word_1_572' title='bbox 2865 3272 2960 3324; x_wconf 72' lang='grc' dir='ltr'><strong>καὶ</strong></span> <span class='ocrx_word' id='word_1_573' title='bbox 3010 3270 3173 3323; x_wconf 71' lang='grc' dir='ltr'>πάλιν</span> <span class='ocrx_word' id='word_1_574' title='bbox 3205 3268 3366 3338; x_wconf 83' lang='grc' dir='ltr'>ἄχρις</span> <span class='ocrx_word' id='word_1_575' title='bbox 3393 3259 3455 3320; x_wconf 74' lang='grc' dir='ltr'>οὗ</span> <span class='ocrx_word' id='word_1_576' title='bbox 3487 3266 3564 3337; x_wconf 81' lang='grc' dir='ltr'><strong>τῷ</strong></span> <span class='ocrx_word' id='word_1_577' title='bbox 3596 3264 3690 3320; x_wconf 75' lang='grc' dir='ltr'><strong>τοῦ</strong></span> <span class='ocrx_word' id='word_1_578' title='bbox 3732 3268 3837 3334; x_wconf 77' lang='grc' dir='ltr'><strong>’ἰη-</strong></span> 
     </span>
    </p>
   </div>
   <div class='ocr_carea' id='block_1_78' title="bbox 2255 3355 3840 3434">
    <p class='ocr_par' dir='ltr' id='par_1_78' title="bbox 2255 3355 3840 3434">
     <span class='ocr_line' id='line_1_78' title="bbox 2255 3355 3840 3434; baseline -0.006 -16"><span class='ocrx_word' id='word_1_579' title='bbox 2255 3365 2351 3418; x_wconf 91' lang='grc' dir='ltr'><strong>σοῦ</strong></span> <span class='ocrx_word' id='word_1_580' title='bbox 2406 3364 2596 3434; x_wconf 74' lang='grc' dir='ltr'>ἀγαθῷ</span> <span class='ocrx_word' id='word_1_581' title='bbox 2641 3363 2912 3434; x_wconf 81' lang='grc' dir='ltr'>βλέμματι</span> <span class='ocrx_word' id='word_1_582' title='bbox 2959 3365 3036 3425; x_wconf 76' lang='grc' dir='ltr'><strong>εἰς</strong></span> <span class='ocrx_word' id='word_1_583' title='bbox 3097 3362 3404 3432; x_wconf 83' lang='grc' dir='ltr'>ὑπόμνησιν</span> <span class='ocrx_word' id='word_1_584' title='bbox 3453 3361 3618 3431; x_wconf 78' lang='grc' dir='ltr'>ἤχθη.</span> <span class='ocrx_word' id='word_1_585' title='bbox 3680 3378 3696 3409; x_wconf 86' lang='grc' dir='ltr'><strong>ι</strong></span> <span class='ocrx_word' id='word_1_586' title='bbox 3729 3355 3840 3412; x_wconf 79' lang='grc' dir='ltr'><strong>Καὶ</strong></span> 
     </span>
    </p>
   </div>
   <div class='ocr_carea' id='block_1_79' title="bbox 2252 3447 3839 3523">
    <p class='ocr_par' dir='ltr' id='par_1_79' title="bbox 2252 3447 3839 3523">
     <span class='ocr_line' id='line_1_79' title="bbox 2252 3447 3839 3523; baseline -0.006 -13"><span class='ocrx_word' id='word_1_587' title='bbox 2252 3457 2482 3522; x_wconf 78' lang='grc' dir='ltr'>ἐξελθὼν</span> <span class='ocrx_word' id='word_1_588' title='bbox 2514 3459 2637 3522; x_wconf 72' lang='grc' dir='ltr'>ἔξω,</span> <span class='ocrx_word' id='word_1_589' title='bbox 2675 3456 2903 3508; x_wconf 81' lang='grc' dir='ltr'>ἕκλαυσε</span> <span class='ocrx_word' id='word_1_590' title='bbox 2936 3454 3170 3523; x_wconf 83' lang='grc' dir='ltr'>πικρῶς.</span> <span class='ocrx_word' id='word_1_591' title='bbox 3213 3473 3230 3504; x_wconf 69' lang='grc' dir='ltr'><strong>ι</strong></span> <span class='ocrx_word' id='word_1_592' title='bbox 3290 3451 3514 3523; x_wconf 67' lang='grc' dir='ltr'>Ἐξῆλθε</span> <span class='ocrx_word' id='word_1_593' title='bbox 3573 3450 3672 3518; x_wconf 72' lang='grc' dir='ltr'><strong>μὲν</strong></span> <span class='ocrx_word' id='word_1_594' title='bbox 3732 3447 3839 3517; x_wconf 73' lang='grc' dir='ltr'>γὰρ</span> 
     </span>
    </p>
   </div>
   <div class='ocr_carea' id='block_1_80' title="bbox 2249 3540 3835 3618">
    <p class='ocr_par' dir='ltr' id='par_1_80' title="bbox 2249 3540 3835 3618">
     <span class='ocr_line' id='line_1_80' title="bbox 2249 3540 3835 3618; baseline -0.004 -18"><span class='ocrx_word' id='word_1_595' title='bbox 2249 3549 2344 3600; x_wconf 79' lang='grc' dir='ltr'>καὶ</span> <span class='ocrx_word' id='word_1_596' title='bbox 2375 3549 2463 3600; x_wconf 76' lang='grc' dir='ltr'>ὅτε</span> <span class='ocrx_word' id='word_1_597' title='bbox 2498 3547 2558 3599; x_wconf 83' lang='grc' dir='ltr'><strong>τὸ</strong></span> <span class='ocrx_word' id='word_1_598' title='bbox 2617 3547 2832 3618; x_wconf 68' lang='grc' dir='ltr'>πρῶτον</span> <span class='ocrx_word' id='word_1_599' title='bbox 2887 3547 3183 3615; x_wconf 74' lang='grc' dir='ltr'><strong>⁴ήρνήσατο,</strong></span> <span class='ocrx_word' id='word_1_600' title='bbox 3217 3545 3290 3607; x_wconf 84' lang='grc' dir='ltr'>ὡς</span> <span class='ocrx_word' id='word_1_601' title='bbox 3325 3546 3352 3596; x_wconf 85' lang='grc' dir='ltr'>ὁ</span> <span class='ocrx_word' id='word_1_602' title='bbox 3392 3544 3619 3612; x_wconf 74' lang='grc' dir='ltr'>Μάρκος</span> <span class='ocrx_word' id='word_1_603' title='bbox 3653 3540 3835 3609; x_wconf 83' lang='grc' dir='ltr'>φησίν.</span> 
     </span>
    </p>
   </div>
   <div class='ocr_carea' id='block_1_81' title="bbox 2252 3632 3840 3709">
    <p class='ocr_par' dir='ltr' id='par_1_81' title="bbox 2252 3632 3840 3709">
     <span class='ocr_line' id='line_1_81' title="bbox 2252 3632 3840 3709; baseline -0.008 -15"><span class='ocrx_word' id='word_1_604' title='bbox 2252 3636 2385 3694; x_wconf 71' lang='grc' dir='ltr'>Εἶτα</span> <span class='ocrx_word' id='word_1_605' title='bbox 2415 3641 2562 3702; x_wconf 71' lang='grc' dir='ltr'>εἰκὸς</span> <span class='ocrx_word' id='word_1_606' title='bbox 2591 3635 2656 3709; x_wconf 83' lang='grc' dir='ltr'>ἦν</span> <span class='ocrx_word' id='word_1_607' title='bbox 2687 3639 2845 3691; x_wconf 78' lang='grc' dir='ltr'>πάλιν</span> <span class='ocrx_word' id='word_1_608' title='bbox 2876 3637 3037 3690; x_wconf 74' lang='grc' dir='ltr'>αὑτὸν</span> <span class='ocrx_word' id='word_1_609' title='bbox 3057 3635 3337 3700; x_wconf 78' lang='grc' dir='ltr'>εἰσελθεῖν,</span> <span class='ocrx_word' id='word_1_610' title='bbox 3373 3637 3460 3688; x_wconf 78' lang='grc' dir='ltr'><strong>ἵνα</strong></span> <span class='ocrx_word' id='word_1_611' title='bbox 3493 3633 3567 3704; x_wconf 77' lang='grc' dir='ltr'>μὴ</span> <span class='ocrx_word' id='word_1_612' title='bbox 3599 3632 3673 3702; x_wconf 86' lang='grc' dir='ltr'>δῷ</span> <span class='ocrx_word' id='word_1_613' title='bbox 3704 3632 3840 3702; x_wconf 77' lang='grc' dir='ltr'>μᾶλ-</span> 
     </span>
    </p>
   </div>
   <div class='ocr_carea' id='block_1_82' title="bbox 2253 3725 3837 3798">
    <p class='ocr_par' dir='ltr' id='par_1_82' title="bbox 2253 3725 3837 3798">
     <span class='ocr_line' id='line_1_82' title="bbox 2253 3725 3837 3798; baseline -0.006 -13"><span class='ocrx_word' id='word_1_614' title='bbox 2253 3735 2342 3785; x_wconf 90' lang='grc' dir='ltr'><strong>λον</strong></span> <span class='ocrx_word' id='word_1_615' title='bbox 2373 3735 2654 3794; x_wconf 83' lang='grc' dir='ltr'>ὑπόνοιαν,</span> <span class='ocrx_word' id='word_1_616' title='bbox 2693 3732 2766 3794; x_wconf 81' lang='grc' dir='ltr'>ὡς</span> <span class='ocrx_word' id='word_1_617' title='bbox 2808 3731 2901 3784; x_wconf 79' lang='grc' dir='ltr'><strong>τοῦ</strong></span> <span class='ocrx_word' id='word_1_618' title='bbox 2960 3727 3136 3798; x_wconf 81' lang='grc' dir='ltr'>Ἰησοῦ</span> <span class='ocrx_word' id='word_1_619' title='bbox 3178 3729 3273 3782; x_wconf 77' lang='grc' dir='ltr'><strong>ὢν.</strong></span> <span class='ocrx_word' id='word_1_620' title='bbox 3307 3728 3422 3781; x_wconf 71' lang='grc' dir='ltr'><strong>Καὶ</strong></span> <span class='ocrx_word' id='word_1_621' title='bbox 3450 3727 3614 3781; x_wconf 73' lang='grc' dir='ltr'>πάλιν</span> <span class='ocrx_word' id='word_1_622' title='bbox 3645 3726 3724 3788; x_wconf 78' lang='grc' dir='ltr'>εἰς</span> <span class='ocrx_word' id='word_1_623' title='bbox 3755 3725 3837 3777; x_wconf 74' lang='grc' dir='ltr'><strong>αῖ-</strong></span> 
     </span>
    </p>
   </div>
   <div class='ocr_carea' id='block_1_83' title="bbox 2257 3819 3841 3895">
    <p class='ocr_par' dir='ltr' id='par_1_83' title="bbox 2257 3819 3841 3895">
     <span class='ocr_line' id='line_1_83' title="bbox 2257 3819 3841 3895; baseline -0.008 -16"><span class='ocrx_word' id='word_1_624' title='bbox 2257 3827 2448 3895; x_wconf 86' lang='grc' dir='ltr'>σθησιν</span> <span class='ocrx_word' id='word_1_625' title='bbox 2481 3825 2669 3888; x_wconf 74' lang='grc' dir='ltr'>ἐλθὼν,</span> <span class='ocrx_word' id='word_1_626' title='bbox 2706 3824 2878 3887; x_wconf 73' lang='grc' dir='ltr'>οὕτως</span> <span class='ocrx_word' id='word_1_627' title='bbox 2922 3825 3019 3895; x_wconf 73' lang='grc' dir='ltr'>ἤδη</span> <span class='ocrx_word' id='word_1_628' title='bbox 3054 3823 3336 3891; x_wconf 75' lang='grc' dir='ltr'>ἐξέρχεται</span> <span class='ocrx_word' id='word_1_629' title='bbox 3387 3825 3481 3874; x_wconf 71' lang='grc' dir='ltr'><strong>καὶ</strong></span> <span class='ocrx_word' id='word_1_630' title='bbox 3532 3819 3716 3872; x_wconf 78' lang='grc' dir='ltr'>κλαίει</span> <span class='ocrx_word' id='word_1_631' title='bbox 3754 3833 3841 3868; x_wconf 85' lang='grc' dir='ltr'>πι-</span> 
     </span>
    </p>
   </div>
   <div class='ocr_carea' id='block_1_84' title="bbox 2257 3909 3839 3987">
    <p class='ocr_par' dir='ltr' id='par_1_84' title="bbox 2257 3909 3839 3987">
     <span class='ocr_line' id='line_1_84' title="bbox 2257 3909 3839 3987; baseline -0.006 -17"><span class='ocrx_word' id='word_1_632' title='bbox 2257 3917 2427 3987; x_wconf 82' lang='grc' dir='ltr'>κρῶς.</span> <span class='ocrx_word' id='word_1_633' title='bbox 2467 3917 2584 3970; x_wconf 84' lang='grc' dir='ltr'>Ἵνα</span> <span class='ocrx_word' id='word_1_634' title='bbox 2641 3917 2750 3985; x_wconf 74' lang='grc' dir='ltr'><strong>γὰρ</strong></span> <span class='ocrx_word' id='word_1_635' title='bbox 2783 3917 2856 3984; x_wconf 79' lang='grc' dir='ltr'><strong>μὴ</strong></span> <span class='ocrx_word' id='word_1_636' title='bbox 2893 3918 3033 3984; x_wconf 79' lang='grc' dir='ltr'>φανῇ</span> <span class='ocrx_word' id='word_1_637' title='bbox 3075 3916 3185 3976; x_wconf 87' lang='grc' dir='ltr'>τοῖς</span> <span class='ocrx_word' id='word_1_638' title='bbox 3230 3917 3288 3966; x_wconf 81' lang='grc' dir='ltr'>ὲν</span> <span class='ocrx_word' id='word_1_639' title='bbox 3320 3915 3384 3983; x_wconf 79' lang='grc' dir='ltr'>τῇ</span> <span class='ocrx_word' id='word_1_640' title='bbox 3421 3912 3580 3982; x_wconf 72' lang='grc' dir='ltr'>αὐλῇ,</span> <span class='ocrx_word' id='word_1_641' title='bbox 3643 3909 3839 3974; x_wconf 76' lang='grc' dir='ltr'>ἔξεισιν</span> 
     </span>
    </p>
   </div>
   <div class='ocr_carea' id='block_1_85' title="bbox 2251 3999 3833 4078">
    <p class='ocr_par' dir='ltr' id='par_1_85' title="bbox 2251 3999 3833 4078">
     <span class='ocr_line' id='line_1_85' title="bbox 2251 3999 3833 4078; baseline -0.005 -17"><span class='ocrx_word' id='word_1_642' title='bbox 2251 4009 2742 4078; x_wconf 74' lang='grc' dir='ltr'>ἀποκρυπτόμενος</span> <span class='ocrx_word' id='word_1_643' title='bbox 2799 4007 3002 4069; x_wconf 83' lang='grc' dir='ltr'>αὐτοῖς.</span> <span class='ocrx_word' id='word_1_644' title='bbox 3066 4005 3222 4068; x_wconf 80' lang='grc' dir='ltr'>Τινὲς</span> <span class='ocrx_word' id='word_1_645' title='bbox 3277 4005 3354 4068; x_wconf 83' lang='grc' dir='ltr'><strong>δὲ,</strong></span> <span class='ocrx_word' id='word_1_646' title='bbox 3384 4005 3485 4057; x_wconf 83' lang='grc' dir='ltr'><strong>οὐκ</strong></span> <span class='ocrx_word' id='word_1_647' title='bbox 3529 3999 3628 4055; x_wconf 80' lang='grc' dir='ltr'>οἷδ’</span> <span class='ocrx_word' id='word_1_648' title='bbox 3663 4004 3833 4068; x_wconf 73' lang='grc' dir='ltr'>ὅπως,</span> 
     </span>
    </p>
   </div>
   <div class='ocr_carea' id='block_1_86' title="bbox 2247 4094 3837 4169">
    <p class='ocr_par' dir='ltr' id='par_1_86' title="bbox 2247 4094 3837 4169">
     <span class='ocr_line' id='line_1_86' title="bbox 2247 4094 3837 4169; baseline -0.004 -16"><span class='ocrx_word' id='word_1_649' title='bbox 2247 4099 2473 4169; x_wconf 78' lang='grc' dir='ltr'>ἀνόητον</span> <span class='ocrx_word' id='word_1_650' title='bbox 2511 4099 2813 4167; x_wconf 84' lang='grc' dir='ltr'>ἀπολογίαν</span> <span class='ocrx_word' id='word_1_651' title='bbox 2848 4100 2987 4168; x_wconf 78' lang='grc' dir='ltr'>ὑπὲρ</span> <span class='ocrx_word' id='word_1_652' title='bbox 3020 4098 3113 4150; x_wconf 88' lang='grc' dir='ltr'><strong>τοῦ</strong></span> <span class='ocrx_word' id='word_1_653' title='bbox 3146 4099 3355 4166; x_wconf 79' lang='grc' dir='ltr'>Πέτρου</span> <span class='ocrx_word' id='word_1_654' title='bbox 3387 4095 3724 4156; x_wconf 77' lang='grc' dir='ltr'>συντιθέασι,</span> <span class='ocrx_word' id='word_1_655' title='bbox 3751 4094 3837 4145; x_wconf 81' lang='grc' dir='ltr'>λέ-</span> 
     </span>
    </p>
   </div>
   <div class='ocr_carea' id='block_1_87' title="bbox 2248 4183 3837 4261">
    <p class='ocr_par' dir='ltr' id='par_1_87' title="bbox 2248 4183 3837 4261">
     <span class='ocr_line' id='line_1_87' title="bbox 2248 4183 3837 4261; baseline -0.006 -17"><span class='ocrx_word' id='word_1_656' title='bbox 2248 4208 2436 4259; x_wconf 87' lang='grc' dir='ltr'>γοντες</span> <span class='ocrx_word' id='word_1_657' title='bbox 2471 4190 2786 4261; x_wconf 79' lang='grc' dir='ltr'>τολμηρῶς,</span> <span class='ocrx_word' id='word_1_658' title='bbox 2831 4190 2912 4242; x_wconf 84' lang='grc' dir='ltr'>ὅτι</span> <span class='ocrx_word' id='word_1_659' title='bbox 2940 4190 3040 4241; x_wconf 76' lang='grc' dir='ltr'><strong>οὐκ</strong></span> <span class='ocrx_word' id='word_1_660' title='bbox 3064 4189 3345 4260; x_wconf 71' lang='grc' dir='ltr'>ἠρνήσατο</span> <span class='ocrx_word' id='word_1_661' title='bbox 3378 4190 3406 4240; x_wconf 91' lang='lat'><strong>6</strong></span> <span class='ocrx_word' id='word_1_662' title='bbox 3461 4186 3693 4256; x_wconf 86' lang='grc' dir='ltr'>Πέτρος,</span> <span class='ocrx_word' id='word_1_663' title='bbox 3725 4183 3837 4237; x_wconf 84' lang='grc' dir='ltr'>ἀλλ’</span> 
     </span>
    </p>
   </div>
   <div class='ocr_carea' id='block_1_88' title="bbox 2249 4277 3839 4353">
    <p class='ocr_par' dir='ltr' id='par_1_88' title="bbox 2249 4277 3839 4353">
     <span class='ocr_line' id='line_1_88' title="bbox 2249 4277 3839 4353; baseline -0.003 -19"><span class='ocrx_word' id='word_1_664' title='bbox 2249 4280 2425 4349; x_wconf 81' lang='grc' dir='ltr'>εἶπεν,</span> <span class='ocrx_word' id='word_1_665' title='bbox 2453 4284 2535 4336; x_wconf 81' lang='grc' dir='ltr'><strong>ὅτι</strong></span> <span class='ocrx_word' id='word_1_666' title='bbox 2564 4303 2581 4334; x_wconf 77' lang='grc' dir='ltr'>ι</span> <span class='ocrx_word' id='word_1_667' title='bbox 2608 4285 2720 4336; x_wconf 85' lang='grc' dir='ltr'>Οῦκ</span> <span class='ocrx_word' id='word_1_668' title='bbox 2742 4281 2855 4336; x_wconf 78' lang='grc' dir='ltr'>οἶδα</span> <span class='ocrx_word' id='word_1_669' title='bbox 2876 4283 2965 4335; x_wconf 82' lang='grc' dir='ltr'>τὸν</span> <span class='ocrx_word' id='word_1_670' title='bbox 2986 4278 3295 4353; x_wconf 78' lang='grc' dir='ltr'>ἄνθρωπον,</span> <span class='ocrx_word' id='word_1_671' title='bbox 3325 4301 3342 4332; x_wconf 78' lang='grc' dir='ltr'><strong>ι</strong></span> <span class='ocrx_word' id='word_1_672' title='bbox 3370 4281 3642 4342; x_wconf 84' lang='grc' dir='ltr'>τουτέστι,</span> <span class='ocrx_word' id='word_1_673' title='bbox 3673 4277 3839 4332; x_wconf 55' lang='grc' dir='ltr'>Ψιλτιν</span> 
     </span>
    </p>
   </div>
   <div class='ocr_carea' id='block_1_89' title="bbox 2250 4370 3836 4444">
    <p class='ocr_par' dir='ltr' id='par_1_89' title="bbox 2250 4370 3836 4444">
     <span class='ocr_line' id='line_1_89' title="bbox 2250 4370 3836 4444; baseline -0.003 -17"><span class='ocrx_word' id='word_1_674' title='bbox 2250 4374 2542 4443; x_wconf 80' lang='grc' dir='ltr'>ἄνθρωπον</span> <span class='ocrx_word' id='word_1_675' title='bbox 2571 4375 2673 4429; x_wconf 81' lang='grc' dir='ltr'><strong>οῦκ</strong></span> <span class='ocrx_word' id='word_1_676' title='bbox 2703 4370 2842 4437; x_wconf 76' lang='grc' dir='ltr'>οῖδα,</span> <span class='ocrx_word' id='word_1_677' title='bbox 2880 4374 3013 4427; x_wconf 80' lang='grc' dir='ltr'>ἀλλὰ</span> <span class='ocrx_word' id='word_1_678' title='bbox 3041 4374 3172 4428; x_wconf 66' lang='grc' dir='ltr'>Θεὸν</span> <span class='ocrx_word' id='word_1_679' title='bbox 3207 4373 3496 4444; x_wconf 79' lang='grc' dir='ltr'>ἄνθρωπον</span> <span class='ocrx_word' id='word_1_680' title='bbox 3524 4372 3836 4441; x_wconf 74' lang='grc' dir='ltr'>γενόμενον.</span> 
     </span>
    </p>
   </div>
   <div class='ocr_carea' id='block_1_90' title="bbox 553 4456 3838 4539">
    <p class='ocr_par' dir='ltr' id='par_1_90' title="bbox 553 4456 3838 4539">
     <span class='ocr_line' id='line_1_90' title="bbox 553 4456 3838 4539; baseline 0.004 -32"><span class='ocrx_word' id='word_1_681' title='bbox 553 4456 757 4509; x_wconf 77' lang='grc' dir='ltr'>Τοῦτον</span> <span class='ocrx_word' id='word_1_682' title='bbox 799 4458 854 4511; x_wconf 80' lang='grc' dir='ltr'>δὲ</span> <span class='ocrx_word' id='word_1_683' title='bbox 882 4458 973 4511; x_wconf 88' lang='grc' dir='ltr'><strong>τὸν</strong></span> <span class='ocrx_word' id='word_1_684' title='bbox 1004 4462 1232 4532; x_wconf 85' lang='grc' dir='ltr'>ἀνόητον</span> <span class='ocrx_word' id='word_1_685' title='bbox 1272 4463 1493 4534; x_wconf 77' lang='grc' dir='ltr'>ἔλεγχον</span> <span class='ocrx_word' id='word_1_686' title='bbox 1537 4465 1715 4529; x_wconf 86' lang='grc' dir='ltr'>ἄλλοις</span> <span class='ocrx_word' id='word_1_687' title='bbox 1790 4467 2135 4537; x_wconf 82' lang='grc' dir='ltr'>παρήσομεν.</span> <span class='ocrx_word' id='word_1_688' title='bbox 2173 4466 2290 4520; x_wconf 81' lang='grc' dir='ltr'>Ψεύ</span> <span class='ocrx_word' id='word_1_689' title='bbox 2306 4486 2438 4537; x_wconf 89' lang='grc' dir='ltr'>στην</span> <span class='ocrx_word' id='word_1_690' title='bbox 2511 4485 2570 4521; x_wconf 89' lang='grc' dir='ltr'><strong>τε</strong></span> <span class='ocrx_word' id='word_1_691' title='bbox 2628 4469 2737 4539; x_wconf 82' lang='grc' dir='ltr'>γὰρ</span> <span class='ocrx_word' id='word_1_692' title='bbox 2775 4467 2987 4521; x_wconf 87' lang='grc' dir='ltr'>ποιοῦσι</span> <span class='ocrx_word' id='word_1_693' title='bbox 3011 4468 3101 4522; x_wconf 74' lang='grc' dir='ltr'>τὸν</span> <span class='ocrx_word' id='word_1_694' title='bbox 3133 4469 3356 4535; x_wconf 80' lang='grc' dir='ltr'>Κύριον,</span> <span class='ocrx_word' id='word_1_695' title='bbox 3380 4468 3474 4520; x_wconf 74' lang='grc' dir='ltr'><strong>καὶ</strong></span> <span class='ocrx_word' id='word_1_696' title='bbox 3507 4470 3573 4538; x_wconf 81' lang='grc' dir='ltr'>τῇ</span> <span class='ocrx_word' id='word_1_697' title='bbox 3607 4467 3718 4538; x_wconf 78' lang='grc' dir='ltr'><strong>ὑφῇ</strong></span> <span class='ocrx_word' id='word_1_698' title='bbox 3749 4464 3838 4518; x_wconf 86' lang='grc' dir='ltr'><strong>τοῦ</strong></span> 
     </span>
    </p>
   </div>
   <div class='ocr_carea' id='block_1_91' title="bbox 556 4550 3828 4632">
    <p class='ocr_par' dir='ltr' id='par_1_91' title="bbox 556 4550 3828 4632">
     <span class='ocr_line' id='line_1_91' title="bbox 556 4550 3828 4632; baseline 0.004 -31"><span class='ocrx_word' id='word_1_699' title='bbox 556 4550 888 4616; x_wconf 70' lang='grc' dir='ltr'>Εῦαγγελίου</span> <span class='ocrx_word' id='word_1_700' title='bbox 923 4553 1328 4607; x_wconf 73' lang='grc' dir='ltr'>ἐναντιοῦνται·</span> <span class='ocrx_word' id='word_1_701' title='bbox 1365 4559 1455 4608; x_wconf 79' lang='grc' dir='ltr'><strong>καὶ</strong></span> <span class='ocrx_word' id='word_1_702' title='bbox 1489 4558 1606 4609; x_wconf 63' lang='grc' dir='ltr'>οὐδὲ</span> <span class='ocrx_word' id='word_1_703' title='bbox 1639 4558 1963 4629; x_wconf 83' lang='grc' dir='ltr'>δυνήσονται</span> <span class='ocrx_word' id='word_1_704' title='bbox 1999 4558 2135 4621; x_wconf 79' lang='grc' dir='ltr'>ὅλως</span> <span class='ocrx_word' id='word_1_705' title='bbox 2211 4559 2549 4630; x_wconf 75' lang='grc' dir='ltr'>συμὸιὸάσαι</span> <span class='ocrx_word' id='word_1_706' title='bbox 2594 4561 2695 4631; x_wconf 81' lang='grc' dir='ltr'>τὴν</span> <span class='ocrx_word' id='word_1_707' title='bbox 2753 4561 3075 4616; x_wconf 77' lang='grc' dir='ltr'>ἀκολουθίαν</span> <span class='ocrx_word' id='word_1_708' title='bbox 3132 4562 3229 4632; x_wconf 79' lang='grc' dir='ltr'>τῆς</span> <span class='ocrx_word' id='word_1_709' title='bbox 3270 4562 3599 4632; x_wconf 74' lang='grc' dir='ltr'>διηγήσεως.</span> <span class='ocrx_word' id='word_1_710' title='bbox 3673 4562 3828 4615; x_wconf 67' lang='grc' dir='ltr'>Ἀλλὰ</span> 
     </span>
    </p>
   </div>
   <div class='ocr_carea' id='block_1_92' title="bbox 550 4645 1948 4722">
    <p class='ocr_par' dir='ltr' id='par_1_92' title="bbox 550 4645 1948 4722">
     <span class='ocr_line' id='line_1_92' title="bbox 550 4645 1948 4722; baseline 0.007 -26"><span class='ocrx_word' id='word_1_711' title='bbox 550 4645 648 4696; x_wconf 77' lang='grc' dir='ltr'><strong>καὶ</strong></span> <span class='ocrx_word' id='word_1_712' title='bbox 672 4647 696 4696; x_wconf 83' lang='lat'><strong>6</strong></span> <span class='ocrx_word' id='word_1_713' title='bbox 730 4645 930 4714; x_wconf 83' lang='grc' dir='ltr'>Πέτρος</span> <span class='ocrx_word' id='word_1_714' title='bbox 955 4647 1097 4700; x_wconf 82' lang='grc' dir='ltr'>διατί</span> <span class='ocrx_word' id='word_1_715' title='bbox 1139 4648 1423 4718; x_wconf 75' lang='grc' dir='ltr'>ἔκλαυσεν,</span> <span class='ocrx_word' id='word_1_716' title='bbox 1458 4653 1505 4702; x_wconf 82' lang='grc' dir='ltr'>εἰ</span> <span class='ocrx_word' id='word_1_717' title='bbox 1538 4652 1612 4722; x_wconf 79' lang='grc' dir='ltr'>μὴ</span> <span class='ocrx_word' id='word_1_718' title='bbox 1636 4654 1948 4722; x_wconf 77' lang='grc' dir='ltr'>ὴρνήσατο;</span> 
     </span>
    </p>
   </div>
   <div class='ocr_carea' id='block_1_93' title="bbox 630 4735 2141 4814">
    <p class='ocr_par' dir='ltr' id='par_1_93' title="bbox 630 4735 2141 4811">
     <span class='ocr_line' id='line_1_93' title="bbox 630 4735 2141 4811; baseline 0.01 -25"><span class='ocrx_word' id='word_1_719' title='bbox 630 4735 791 4791; x_wconf 73' lang='lat' dir='ltr'><strong>Vsus.</strong></span> <span class='ocrx_word' id='word_1_720' title='bbox 830 4739 1020 4792; x_wconf 68' lang='grc'><strong>62-71.</strong></span> <span class='ocrx_word' id='word_1_721' title='bbox 1061 4757 1080 4791; x_wconf 77' lang='grc' dir='ltr'>ι</span> <span class='ocrx_word' id='word_1_722' title='bbox 1120 4739 1184 4792; x_wconf 83' lang='grc' dir='ltr'><strong>Ει</strong></span> <span class='ocrx_word' id='word_1_723' title='bbox 1227 4743 1326 4794; x_wconf 76' lang='lat' dir='ltr'><strong>viii</strong></span> <span class='ocrx_word' id='word_1_724' title='bbox 1379 4745 1468 4811; x_wconf 87' lang='lat' dir='ltr'><strong>qui</strong></span> <span class='ocrx_word' id='word_1_725' title='bbox 1500 4747 1750 4797; x_wconf 86' lang='lat' dir='ltr'><strong>tenehant</strong></span> <span class='ocrx_word' id='word_1_726' title='bbox 1780 4745 1983 4810; x_wconf 80' lang='lat' dir='ltr'><strong>Jesum,</strong></span> <span class='ocrx_word' id='word_1_727' title='bbox 2023 4745 2141 4801; x_wconf 91' lang='lat' dir='ltr'><strong>illu-</strong></span> 
     </span>
    </p>
   </div>
   <div class='ocr_carea' id='block_1_94' title="bbox 2251 4735 3838 4814">
    <p class='ocr_par' dir='ltr' id='par_1_94' title="bbox 2251 4738 3838 4811">
     <span class='ocr_line' id='line_1_94' title="bbox 2251 4738 3838 4811; baseline 0.001 -20"><span class='ocrx_word' id='word_1_728' title='bbox 2251 4808 2252 4811; x_wconf 15' lang='grc' dir='ltr'><strong>η</strong></span> <span class='ocrx_word' id='word_1_729' title='bbox 2329 4759 2346 4791; x_wconf 82' lang='grc' dir='ltr'><strong>ι</strong></span> <span class='ocrx_word' id='word_1_730' title='bbox 2384 4739 2493 4792; x_wconf 75' lang='grc' dir='ltr'>Καὶ</span> <span class='ocrx_word' id='word_1_731' title='bbox 2512 4741 2559 4792; x_wconf 78' lang='grc' dir='ltr'>οἱ</span> <span class='ocrx_word' id='word_1_732' title='bbox 2584 4738 2776 4808; x_wconf 79' lang='grc' dir='ltr'>ἄνδρες</span> <span class='ocrx_word' id='word_1_733' title='bbox 2804 4741 2852 4792; x_wconf 83' lang='grc' dir='ltr'><strong>οῖ</strong></span> <span class='ocrx_word' id='word_1_734' title='bbox 2887 4739 3203 4810; x_wconf 81' lang='grc' dir='ltr'>συνέχοντες</span> <span class='ocrx_word' id='word_1_735' title='bbox 3231 4740 3321 4793; x_wconf 72' lang='grc' dir='ltr'>τὸν</span> <span class='ocrx_word' id='word_1_736' title='bbox 3357 4739 3588 4810; x_wconf 85' lang='grc' dir='ltr'>Ἰησοῦν,</span> <span class='ocrx_word' id='word_1_737' title='bbox 3618 4742 3838 4793; x_wconf 75' lang='grc' dir='ltr'>ἐνέπαι-</span> 
     </span>
    </p>
   </div>
   <div class='ocr_carea' id='block_1_95' title="bbox 549 4831 2130 4904">
    <p class='ocr_par' dir='ltr' id='par_1_95' title="bbox 549 4831 2130 4904">
     <span class='ocr_line' id='line_1_95' title="bbox 549 4831 2130 4904; baseline 0.006 -22"><span class='ocrx_word' id='word_1_738' title='bbox 549 4832 751 4884; x_wconf 85' lang='lat' dir='ltr'><strong>dehant</strong></span> <span class='ocrx_word' id='word_1_739' title='bbox 779 4831 846 4894; x_wconf 90' lang='lat' dir='ltr'><strong>ei,</strong></span> <span class='ocrx_word' id='word_1_740' title='bbox 893 4832 1179 4887; x_wconf 57' lang='lat' dir='ltr'><strong>cadentes.</strong></span> <span class='ocrx_word' id='word_1_741' title='bbox 1217 4833 1284 4888; x_wconf 87' lang='lat' dir='ltr'><strong>Et</strong></span> <span class='ocrx_word' id='word_1_742' title='bbox 1322 4849 1442 4887; x_wconf 90' lang='lat' dir='ltr'><strong>cum</strong></span> <span class='ocrx_word' id='word_1_743' title='bbox 1474 4835 1951 4893; x_wconf 80' lang='lat' dir='ltr'><strong>circumtexissent</strong></span> <span class='ocrx_word' id='word_1_744' title='bbox 1979 4854 2130 4904; x_wconf 91' lang='lat' dir='ltr'><strong>eum,</strong></span> 
     </span>
    </p>
   </div>
   <div class='ocr_carea' id='block_1_96' title="bbox 553 4922 2143 5000">
    <p class='ocr_par' dir='ltr' id='par_1_96' title="bbox 553 4922 2143 5000">
     <span class='ocr_line' id='line_1_96' title="bbox 553 4922 2143 5000; baseline 0.008 -27"><span class='ocrx_word' id='word_1_745' title='bbox 553 4922 931 4989; x_wconf 73' lang='lat' dir='ltr'><strong>permtiebant</strong></span> <span class='ocrx_word' id='word_1_746' title='bbox 965 4922 1152 4977; x_wconf 80' lang='lat' dir='ltr'><strong>facient</strong></span> <span class='ocrx_word' id='word_1_747' title='bbox 1187 4926 1326 4994; x_wconf 84' lang='lat' dir='ltr'><strong>ejus,</strong></span> <span class='ocrx_word' id='word_1_748' title='bbox 1358 4940 1413 4982; x_wconf 89' lang='lat' dir='ltr'><strong>et</strong></span> <span class='ocrx_word' id='word_1_749' title='bbox 1441 4929 1850 5000; x_wconf 80' lang='lat' dir='ltr'><strong>interrogabant</strong></span> <span class='ocrx_word' id='word_1_750' title='bbox 1878 4948 2024 4996; x_wconf 85' lang='lat' dir='ltr'><strong>eum,</strong></span> <span class='ocrx_word' id='word_1_751' title='bbox 2058 4932 2143 4986; x_wconf 82' lang='lat' dir='ltr'><strong>di-</strong></span> 
     </span>
    </p>
   </div>
   <div class='ocr_carea' id='block_1_97' title="bbox 561 5015 2138 5092">
    <p class='ocr_par' dir='ltr' id='par_1_97' title="bbox 561 5015 2138 5092">
     <span class='ocr_line' id='line_1_97' title="bbox 561 5015 2138 5092; baseline 0.007 -25"><span class='ocrx_word' id='word_1_752' title='bbox 561 5024 747 5067; x_wconf 73' lang='lat' dir='ltr'><strong>Ct&#39;nlf‘s</strong></span> <span class='ocrx_word' id='word_1_753' title='bbox 779 5032 794 5070; x_wconf 88' lang='lat'><strong>:</strong></span> <span class='ocrx_word' id='word_1_754' title='bbox 834 5015 1161 5084; x_wconf 87' lang='lat' dir='ltr'><strong>Vaticinare,</strong></span> <span class='ocrx_word' id='word_1_755' title='bbox 1200 5021 1321 5086; x_wconf 83' lang='lat' dir='ltr'><strong>quis</strong></span> <span class='ocrx_word' id='word_1_756' title='bbox 1360 5030 1442 5074; x_wconf 91' lang='lat' dir='ltr'><strong>cst</strong></span> <span class='ocrx_word' id='word_1_757' title='bbox 1475 5021 1562 5076; x_wconf 90' lang='lat' dir='ltr'><strong>ille</strong></span> <span class='ocrx_word' id='word_1_758' title='bbox 1599 5023 1688 5091; x_wconf 79' lang='lat' dir='ltr'><strong>qui</strong></span> <span class='ocrx_word' id='word_1_759' title='bbox 1727 5031 1779 5076; x_wconf 92' lang='lat' dir='ltr'><strong>te</strong></span> <span class='ocrx_word' id='word_1_760' title='bbox 1828 5024 2138 5092; x_wconf 84' lang='lat' dir='ltr'><strong>percussit?</strong></span> 
     </span>
    </p>
   </div>
   <div class='ocr_carea' id='block_1_98' title="bbox 560 5106 2136 5171">
    <p class='ocr_par' dir='ltr' id='par_1_98' title="bbox 560 5106 2136 5171">
     <span class='ocr_line' id='line_1_98' title="bbox 560 5106 2136 5171; baseline 0.008 -13"><span class='ocrx_word' id='word_1_761' title='bbox 560 5106 623 5158; x_wconf 79' lang='lat' dir='ltr'><strong>Et</strong></span> <span class='ocrx_word' id='word_1_762' title='bbox 697 5108 795 5161; x_wconf 88' lang='lat' dir='ltr'><strong>alia</strong></span> <span class='ocrx_word' id='word_1_763' title='bbox 868 5109 1032 5162; x_wconf 87' lang='lat' dir='ltr'><strong>multa</strong></span> <span class='ocrx_word' id='word_1_764' title='bbox 1091 5111 1460 5167; x_wconf 84' lang='lat' dir='ltr'><strong>conviciantes</strong></span> <span class='ocrx_word' id='word_1_765' title='bbox 1531 5115 1786 5169; x_wconf 82' lang='lat' dir='ltr'><strong>dicebant</strong></span> <span class='ocrx_word' id='word_1_766' title='bbox 1874 5119 1924 5170; x_wconf 93' lang='lat' dir='ltr'><strong>in</strong></span> <span class='ocrx_word' id='word_1_767' title='bbox 1991 5133 2136 5171; x_wconf 90' lang='lat' dir='ltr'><strong>eum.</strong></span> 
     </span>
    </p>
   </div>
   <div class='ocr_carea' id='block_1_99' title="bbox 552 5199 2136 5268">
    <p class='ocr_par' dir='ltr' id='par_1_99' title="bbox 552 5199 2136 5268">
     <span class='ocr_line' id='line_1_99' title="bbox 552 5199 2136 5268; baseline 0.008 -18"><span class='ocrx_word' id='word_1_768' title='bbox 552 5199 618 5250; x_wconf 68' lang='lat' dir='ltr'><strong>lit</strong></span> <span class='ocrx_word' id='word_1_769' title='bbox 695 5209 751 5250; x_wconf 92' lang='lat' dir='ltr'><strong>ut</strong></span> <span class='ocrx_word' id='word_1_770' title='bbox 833 5199 1005 5252; x_wconf 77' lang='lat' dir='ltr'><strong>fartus</strong></span> <span class='ocrx_word' id='word_1_771' title='bbox 1061 5209 1143 5254; x_wconf 88' lang='lat' dir='ltr'><strong>est</strong></span> <span class='ocrx_word' id='word_1_772' title='bbox 1222 5203 1377 5268; x_wconf 86' lang='lat' dir='ltr'><strong>dies,</strong></span> <span class='ocrx_word' id='word_1_773' title='bbox 1433 5216 1804 5260; x_wconf 82' lang='lat' dir='ltr'><strong>convenerunt</strong></span> <span class='ocrx_word' id='word_1_774' title='bbox 1889 5208 2136 5262; x_wconf 84' lang='lat' dir='ltr'><strong>seniores</strong></span> 
     </span>
    </p>
   </div>
   <div class='ocr_carea' id='block_1_100' title="bbox 557 5291 2135 5361">
    <p class='ocr_par' dir='ltr' id='par_1_100' title="bbox 557 5291 2135 5361">
     <span class='ocr_line' id='line_1_100' title="bbox 557 5291 2135 5361; baseline 0.011 -24"><span class='ocrx_word' id='word_1_775' title='bbox 557 5291 752 5356; x_wconf 71' lang='lat' dir='ltr'><strong>p&#39;ehis,</strong></span> <span class='ocrx_word' id='word_1_776' title='bbox 818 5301 870 5343; x_wconf 89' lang='lat' dir='ltr'><strong>et</strong></span> <span class='ocrx_word' id='word_1_777' title='bbox 927 5293 1196 5361; x_wconf 87' lang='lat' dir='ltr'><strong>principes</strong></span> <span class='ocrx_word' id='word_1_778' title='bbox 1247 5295 1582 5350; x_wconf 86' lang='lat' dir='ltr'><strong>sacerdotum</strong></span> <span class='ocrx_word' id='word_1_779' title='bbox 1663 5309 1715 5353; x_wconf 93' lang='lat' dir='ltr'><strong>et</strong></span> <span class='ocrx_word' id='word_1_780' title='bbox 1747 5300 1951 5355; x_wconf 68' lang='lat' dir='ltr'><strong>Scrihze</strong></span> <span class='ocrx_word' id='word_1_781' title='bbox 1987 5341 1999 5361; x_wconf 87' lang='lat'><strong>,</strong></span> <span class='ocrx_word' id='word_1_782' title='bbox 2081 5309 2135 5354; x_wconf 86' lang='lat' dir='ltr'><strong>et</strong></span> 
     </span>
    </p>
   </div>
   <div class='ocr_carea' id='block_1_101' title="bbox 551 5382 2129 5452">
    <p class='ocr_par' dir='ltr' id='par_1_101' title="bbox 551 5382 2129 5452">
     <span class='ocr_line' id='line_1_101' title="bbox 551 5382 2129 5452; baseline 0.009 -24"><span class='ocrx_word' id='word_1_783' title='bbox 551 5384 826 5433; x_wconf 73' lang='lat' dir='ltr'><strong>dinei-unt</strong></span> <span class='ocrx_word' id='word_1_784' title='bbox 891 5382 1036 5434; x_wconf 79' lang='lat' dir='ltr'><strong>illum</strong></span> <span class='ocrx_word' id='word_1_785' title='bbox 1098 5384 1149 5436; x_wconf 92' lang='lat' dir='ltr'><strong>in</strong></span> <span class='ocrx_word' id='word_1_786' title='bbox 1207 5385 1499 5438; x_wconf 82' lang='lat' dir='ltr'><strong>concilium</strong></span> <span class='ocrx_word' id='word_1_787' title='bbox 1581 5404 1733 5442; x_wconf 87' lang='lat' dir='ltr'><strong>suum</strong></span> <span class='ocrx_word' id='word_1_788' title='bbox 1774 5432 1785 5452; x_wconf 88' lang='lat'><strong>,</strong></span> <span class='ocrx_word' id='word_1_789' title='bbox 1829 5391 2129 5444; x_wconf 84' lang='lat' dir='ltr'><strong>dicentes:</strong></span> 
     </span>
    </p>
   </div>
   <div class='ocr_carea' id='block_1_102' title="bbox 548 5473 2130 5548">
    <p class='ocr_par' dir='ltr' id='par_1_102' title="bbox 548 5473 2130 5548">
     <span class='ocr_line' id='line_1_102' title="bbox 548 5473 2130 5548; baseline 0.01 -24"><span class='ocrx_word' id='word_1_790' title='bbox 548 5473 714 5544; x_wconf 55' lang='lat'><strong>5,79</strong></span> <span class='ocrx_word' id='word_1_791' title='bbox 749 5474 883 5526; x_wconf 78' lang='lat' dir='ltr'><strong>Num</strong></span> <span class='ocrx_word' id='word_1_792' title='bbox 925 5486 975 5528; x_wconf 90' lang='lat' dir='ltr'><strong>tu</strong></span> <span class='ocrx_word' id='word_1_793' title='bbox 1025 5493 1081 5531; x_wconf 82' lang='lat' dir='ltr'><strong>es</strong></span> <span class='ocrx_word' id='word_1_794' title='bbox 1115 5478 1200 5532; x_wconf 89' lang='lat' dir='ltr'><strong>ille</strong></span> <span class='ocrx_word' id='word_1_795' title='bbox 1248 5481 1669 5548; x_wconf 82' lang='lat' dir='ltr'><strong>Christus?_dic</strong></span> <span class='ocrx_word' id='word_1_796' title='bbox 1720 5488 1894 5540; x_wconf 81' lang='lat' dir='ltr'><strong>nobis.</strong></span> <span class='ocrx_word' id='word_1_797' title='bbox 1934 5487 1996 5539; x_wconf 85' lang='lat' dir='ltr'><strong>Et</strong></span> <span class='ocrx_word' id='word_1_798' title='bbox 2053 5486 2130 5540; x_wconf 87' lang='lat' dir='ltr'><strong>ait</strong></span> 
     </span>
    </p>
   </div>
   <div class='ocr_carea' id='block_1_103' title="bbox 553 5566 2130 5644">
    <p class='ocr_par' dir='ltr' id='par_1_103' title="bbox 553 5566 2130 5644">
     <span class='ocr_line' id='line_1_103' title="bbox 553 5566 2130 5644; baseline 0.012 -29"><span class='ocrx_word' id='word_1_799' title='bbox 553 5566 656 5615; x_wconf 64' lang='lat' dir='ltr'><strong>illis</strong></span> <span class='ocrx_word' id='word_1_800' title='bbox 691 5583 700 5615; x_wconf 92' lang='lat'><strong>:</strong></span> <span class='ocrx_word' id='word_1_801' title='bbox 742 5568 795 5618; x_wconf 76' lang='lat' dir='ltr'><strong>Si</strong></span> <span class='ocrx_word' id='word_1_802' title='bbox 824 5568 974 5619; x_wconf 67' lang='lat' dir='ltr'><strong>vobis</strong></span> <span class='ocrx_word' id='word_1_803' title='bbox 1009 5570 1214 5633; x_wconf 84' lang='lat' dir='ltr'><strong>dixero,</strong></span> <span class='ocrx_word' id='word_1_804' title='bbox 1250 5588 1352 5625; x_wconf 89' lang='lat' dir='ltr'><strong>non</strong></span> <span class='ocrx_word' id='word_1_805' title='bbox 1388 5577 1622 5627; x_wconf 84' lang='lat' dir='ltr'><strong>credetis</strong></span> <span class='ocrx_word' id='word_1_806' title='bbox 1658 5595 1669 5630; x_wconf 90' lang='lat'><strong>:</strong></span> <span class='ocrx_word' id='word_1_807' title='bbox 1711 5581 1850 5644; x_wconf 81' lang='lat' dir='ltr'><strong>quod</strong></span> <span class='ocrx_word' id='word_1_808' title='bbox 1888 5581 1931 5632; x_wconf 87' lang='lat' dir='ltr'><strong>si</strong></span> <span class='ocrx_word' id='word_1_809' title='bbox 1969 5581 2130 5631; x_wconf 83' lang='lat' dir='ltr'><strong>etiam</strong></span> 
     </span>
    </p>
   </div>
   <div class='ocr_carea' id='block_1_104' title="bbox 556 5655 2127 5737">
    <p class='ocr_par' dir='ltr' id='par_1_104' title="bbox 556 5655 2127 5737">
     <span class='ocr_line' id='line_1_104' title="bbox 556 5655 2127 5737; baseline 0.011 -33"><span class='ocrx_word' id='word_1_810' title='bbox 556 5655 977 5723; x_wconf 59' lang='lat' dir='ltr'><strong>interrogarem,</strong></span> <span class='ocrx_word' id='word_1_811' title='bbox 1034 5673 1134 5710; x_wconf 88' lang='lat' dir='ltr'><strong>non</strong></span> <span class='ocrx_word' id='word_1_812' title='bbox 1186 5664 1576 5728; x_wconf 65' lang='lat' dir='ltr'><strong>I&#39;tiSpOlitieiiiliS</strong></span> <span class='ocrx_word' id='word_1_813' title='bbox 1622 5668 1772 5730; x_wconf 89' lang='lat' dir='ltr'><strong>mihi,</strong></span> <span class='ocrx_word' id='word_1_814' title='bbox 1811 5686 1992 5737; x_wconf 72' lang='lat' dir='ltr'><strong>neque</strong></span> <span class='ocrx_word' id='word_1_815' title='bbox 2045 5670 2127 5721; x_wconf 81' lang='lat' dir='ltr'><strong>di-</strong></span> 
     </span>
    </p>
   </div>
   <div class='ocr_carea' id='block_1_105' title="bbox 558 5745 2129 5816">
    <p class='ocr_par' dir='ltr' id='par_1_105' title="bbox 558 5745 2129 5816">
     <span class='ocr_line' id='line_1_105' title="bbox 558 5745 2129 5816; baseline 0.013 -25"><span class='ocrx_word' id='word_1_816' title='bbox 558 5747 796 5798; x_wconf 64' lang='lat' dir='ltr'><strong>tuto-tis.</strong></span> <span class='ocrx_word' id='word_1_817' title='bbox 833 5745 903 5798; x_wconf 78' lang='lat' dir='ltr'><strong>Ex</strong></span> <span class='ocrx_word' id='word_1_818' title='bbox 937 5747 1036 5799; x_wconf 80' lang='lat' dir='ltr'><strong>hoc</strong></span> <span class='ocrx_word' id='word_1_819' title='bbox 1068 5759 1307 5816; x_wconf 79' lang='lat' dir='ltr'><strong>tempore</strong></span> <span class='ocrx_word' id='word_1_820' title='bbox 1339 5754 1441 5805; x_wconf 82' lang='lat' dir='ltr'><strong>erit</strong></span> <span class='ocrx_word' id='word_1_821' title='bbox 1478 5754 1645 5810; x_wconf 71' lang='lat' dir='ltr'><strong>Filius</strong></span> <span class='ocrx_word' id='word_1_822' title='bbox 1678 5758 1911 5812; x_wconf 86' lang='lat' dir='ltr'><strong>hominis</strong></span> <span class='ocrx_word' id='word_1_823' title='bbox 1935 5762 2129 5814; x_wconf 79' lang='lat' dir='ltr'><strong>sedens</strong></span> 
     </span>
    </p>
   </div>
   <div class='ocr_carea' id='block_1_106' title="bbox 553 5837 2128 5906">
    <p class='ocr_par' dir='ltr' id='par_1_106' title="bbox 553 5837 2128 5906">
     <span class='ocr_line' id='line_1_106' title="bbox 553 5837 2128 5906; baseline 0.017 -28"><span class='ocrx_word' id='word_1_824' title='bbox 553 5847 579 5882; x_wconf 59' lang='grc' dir='ltr'><em>λ</em></span> <span class='ocrx_word' id='word_1_825' title='bbox 615 5841 637 5879; x_wconf 66' lang='grc' dir='ltr'><strong>εἴ</strong></span> <span class='ocrx_word' id='word_1_826' title='bbox 667 5837 815 5886; x_wconf 55' lang='grc' dir='ltr'><strong>»αγις</strong></span> <span class='ocrx_word' id='word_1_827' title='bbox 865 5838 1073 5891; x_wconf 71' lang='lat' dir='ltr'><strong>virtutis</strong></span> <span class='ocrx_word' id='word_1_828' title='bbox 1107 5843 1214 5894; x_wconf 63' lang='grc' dir='ltr'>μυί.</span> <span class='ocrx_word' id='word_1_829' title='bbox 1254 5841 1513 5898; x_wconf 64' lang='grc' dir='ltr'><strong>Ιιτλρι-ιικι</strong></span> <span class='ocrx_word' id='word_1_830' title='bbox 1558 5860 1733 5901; x_wconf 75' lang='lat' dir='ltr'><strong>autem</strong></span> <span class='ocrx_word' id='word_1_831' title='bbox 1786 5867 1967 5905; x_wconf 56' lang='lat' dir='ltr'><strong>omne:</strong></span> <span class='ocrx_word' id='word_1_832' title='bbox 2008 5871 2018 5905; x_wconf 63' lang='grc' dir='ltr'>ᾳ</span> <span class='ocrx_word' id='word_1_833' title='bbox 2059 5852 2128 5906; x_wconf 81' lang='lat' dir='ltr'><strong>Tu</strong></span> 
     </span>
    </p>
   </div>
   <div class='ocr_carea' id='block_1_107' title="bbox 2245 4831 3834 4905">
    <p class='ocr_par' dir='ltr' id='par_1_107' title="bbox 2245 4831 3834 4905">
     <span class='ocr_line' id='line_1_107' title="bbox 2245 4831 3834 4905; baseline -0.003 -17"><span class='ocrx_word' id='word_1_834' title='bbox 2245 4835 2338 4900; x_wconf 85' lang='grc' dir='ltr'>ζον</span> <span class='ocrx_word' id='word_1_835' title='bbox 2385 4831 2575 4903; x_wconf 80' lang='grc' dir='ltr'>αὐτῷ,</span> <span class='ocrx_word' id='word_1_836' title='bbox 2608 4833 2898 4904; x_wconf 83' lang='grc' dir='ltr'>δέροντες’</span> <span class='ocrx_word' id='word_1_837' title='bbox 2956 4833 3052 4887; x_wconf 74' lang='grc' dir='ltr'><strong>καὶ</strong></span> <span class='ocrx_word' id='word_1_838' title='bbox 3100 4832 3604 4905; x_wconf 82' lang='grc' dir='ltr'>περικαλύπτοντες</span> <span class='ocrx_word' id='word_1_839' title='bbox 3656 4834 3834 4898; x_wconf 79' lang='grc' dir='ltr'>αὑτὸν,</span> 
     </span>
    </p>
   </div>
   <div class='ocr_carea' id='block_1_108' title="bbox 2246 4925 3836 4998">
    <p class='ocr_par' dir='ltr' id='par_1_108' title="bbox 2246 4925 3836 4998">
     <span class='ocr_line' id='line_1_108' title="bbox 2246 4925 3836 4998; baseline -0.003 -17"><span class='ocrx_word' id='word_1_840' title='bbox 2246 4926 2414 4981; x_wconf 77' lang='grc' dir='ltr'>αὑτοῦ</span> <span class='ocrx_word' id='word_1_841' title='bbox 2453 4926 2512 4979; x_wconf 80' lang='grc' dir='ltr'><strong>τὸ</strong></span> <span class='ocrx_word' id='word_1_842' title='bbox 2543 4925 2838 4995; x_wconf 86' lang='grc' dir='ltr'>πρόσωπον</span> <span class='ocrx_word' id='word_1_843' title='bbox 2889 4926 3142 4992; x_wconf 75' lang='grc' dir='ltr'>ἔτυπτον,</span> <span class='ocrx_word' id='word_1_844' title='bbox 3196 4930 3291 4980; x_wconf 81' lang='grc' dir='ltr'>καὶ</span> <span class='ocrx_word' id='word_1_845' title='bbox 3325 4926 3629 4998; x_wconf 76' lang='grc' dir='ltr'>ἐπηρώτων</span> <span class='ocrx_word' id='word_1_846' title='bbox 3677 4926 3836 4980; x_wconf 67' lang='grc' dir='ltr'>αὑτὸν</span> 
     </span>
    </p>
   </div>
   <div class='ocr_carea' id='block_1_109' title="bbox 2246 5020 3834 5093">
    <p class='ocr_par' dir='ltr' id='par_1_109' title="bbox 2246 5020 3834 5093">
     <span class='ocr_line' id='line_1_109' title="bbox 2246 5020 3834 5093; baseline 0 -20"><span class='ocrx_word' id='word_1_847' title='bbox 2246 5022 2525 5088; x_wconf 82' lang='grc' dir='ltr'>λέγοντες·</span> <span class='ocrx_word' id='word_1_848' title='bbox 2558 5022 2964 5093; x_wconf 86' lang='grc' dir='ltr'>Προφήτευσον,</span> <span class='ocrx_word' id='word_1_849' title='bbox 2995 5021 3078 5085; x_wconf 90' lang='grc' dir='ltr'><strong>τίς</strong></span> <span class='ocrx_word' id='word_1_850' title='bbox 3123 5022 3270 5075; x_wconf 65' lang='grc' dir='ltr'>ἔστιν</span> <span class='ocrx_word' id='word_1_851' title='bbox 3309 5023 3335 5074; x_wconf 92' lang='lat'><strong>6</strong></span> <span class='ocrx_word' id='word_1_852' title='bbox 3365 5020 3570 5084; x_wconf 86' lang='grc' dir='ltr'>παίσας</span> <span class='ocrx_word' id='word_1_853' title='bbox 3606 5039 3701 5088; x_wconf 84' lang='grc' dir='ltr'>σε;</span> <span class='ocrx_word' id='word_1_854' title='bbox 3742 5022 3834 5074; x_wconf 79' lang='grc' dir='ltr'><strong>καὶ</strong></span> 
     </span>
    </p>
   </div>
   <div class='ocr_carea' id='block_1_110' title="bbox 2244 5113 3834 5185">
    <p class='ocr_par' dir='ltr' id='par_1_110' title="bbox 2244 5113 3834 5185">
     <span class='ocr_line' id='line_1_110' title="bbox 2244 5113 3834 5185; baseline -0.003 -17"><span class='ocrx_word' id='word_1_855' title='bbox 2244 5115 2407 5185; x_wconf 75' lang='grc' dir='ltr'>ῑτερα</span> <span class='ocrx_word' id='word_1_856' title='bbox 2443 5114 2618 5168; x_wconf 85' lang='grc' dir='ltr'>πολλὰ</span> <span class='ocrx_word' id='word_1_857' title='bbox 2651 5114 3110 5184; x_wconf 83' lang='grc' dir='ltr'>βλασφημοῦντες</span> <span class='ocrx_word' id='word_1_858' title='bbox 3157 5117 3236 5178; x_wconf 79' lang='grc' dir='ltr'><strong>είς</strong></span> <span class='ocrx_word' id='word_1_859' title='bbox 3260 5116 3444 5178; x_wconf 77' lang='grc' dir='ltr'>αὐτὸν,</span> <span class='ocrx_word' id='word_1_860' title='bbox 3484 5113 3692 5182; x_wconf 73' lang='grc' dir='ltr'>ἔλεγον.</span> <span class='ocrx_word' id='word_1_861' title='bbox 3728 5114 3834 5167; x_wconf 73' lang='grc' dir='ltr'><strong>Καὶ</strong></span> 
     </span>
    </p>
   </div>
   <div class='ocr_carea' id='block_1_111' title="bbox 2247 5206 3833 5279">
    <p class='ocr_par' dir='ltr' id='par_1_111' title="bbox 2247 5206 3833 5279">
     <span class='ocr_line' id='line_1_111' title="bbox 2247 5206 3833 5279; baseline -0.003 -17"><span class='ocrx_word' id='word_1_862' title='bbox 2247 5211 2320 5273; x_wconf 87' lang='grc' dir='ltr'><strong>ώς</strong></span> <span class='ocrx_word' id='word_1_863' title='bbox 2355 5210 2571 5276; x_wconf 75' lang='grc' dir='ltr'>ἐγένετο</span> <span class='ocrx_word' id='word_1_864' title='bbox 2632 5209 2832 5279; x_wconf 81' lang='grc' dir='ltr'>ἡμέρα,</span> <span class='ocrx_word' id='word_1_865' title='bbox 2896 5207 3137 5278; x_wconf 86' lang='grc' dir='ltr'>συνήχθη</span> <span class='ocrx_word' id='word_1_866' title='bbox 3185 5206 3247 5260; x_wconf 75' lang='grc' dir='ltr'>τὸ</span> <span class='ocrx_word' id='word_1_867' title='bbox 3302 5206 3699 5278; x_wconf 75' lang='grc' dir='ltr'>πρεσϐυτέριον</span> <span class='ocrx_word' id='word_1_868' title='bbox 3742 5206 3833 5258; x_wconf 82' lang='grc' dir='ltr'><strong>τοῦ</strong></span> 
     </span>
    </p>
   </div>
   <div class='ocr_carea' id='block_1_112' title="bbox 2244 5299 3830 5373">
    <p class='ocr_par' dir='ltr' id='par_1_112' title="bbox 2244 5299 3830 5373">
     <span class='ocr_line' id='line_1_112' title="bbox 2244 5299 3830 5373; baseline -0.003 -19"><span class='ocrx_word' id='word_1_869' title='bbox 2244 5302 2395 5365; x_wconf 84' lang='grc' dir='ltr'>λαοῦ,</span> <span class='ocrx_word' id='word_1_870' title='bbox 2441 5302 2536 5355; x_wconf 78' lang='grc' dir='ltr'><strong>καὶ</strong></span> <span class='ocrx_word' id='word_1_871' title='bbox 2582 5304 2632 5354; x_wconf 89' lang='grc' dir='ltr'>οἱ</span> <span class='ocrx_word' id='word_1_872' title='bbox 2690 5302 2968 5373; x_wconf 84' lang='grc' dir='ltr'>ἀρχιερεῖς</span> <span class='ocrx_word' id='word_1_873' title='bbox 2996 5344 3009 5367; x_wconf 96' lang='grc'><strong>,</strong></span> <span class='ocrx_word' id='word_1_874' title='bbox 3063 5301 3157 5355; x_wconf 74' lang='grc' dir='ltr'>καὶ</span> <span class='ocrx_word' id='word_1_875' title='bbox 3197 5303 3245 5355; x_wconf 82' lang='grc' dir='ltr'><strong>οῖ</strong></span> <span class='ocrx_word' id='word_1_876' title='bbox 3305 5302 3703 5373; x_wconf 80' lang='grc' dir='ltr'>Γραμματεῖς;</span> <span class='ocrx_word' id='word_1_877' title='bbox 3743 5299 3830 5352; x_wconf 74' lang='grc' dir='ltr'><strong>καὶ</strong></span> 
     </span>
    </p>
   </div>
   <div class='ocr_carea' id='block_1_113' title="bbox 2244 5393 3824 5465">
    <p class='ocr_par' dir='ltr' id='par_1_113' title="bbox 2244 5393 3824 5465">
     <span class='ocr_line' id='line_1_113' title="bbox 2244 5393 3824 5465; baseline -0.003 -17"><span class='ocrx_word' id='word_1_878' title='bbox 2244 5398 2520 5464; x_wconf 73' lang='grc' dir='ltr'>ἀνήγαγον</span> <span class='ocrx_word' id='word_1_879' title='bbox 2562 5394 2726 5447; x_wconf 72' lang='grc' dir='ltr'>αὐτὸν</span> <span class='ocrx_word' id='word_1_880' title='bbox 2769 5396 2847 5457; x_wconf 77' lang='grc' dir='ltr'><strong>εἰς</strong></span> <span class='ocrx_word' id='word_1_881' title='bbox 2879 5395 2938 5446; x_wconf 88' lang='grc' dir='ltr'><strong>τὸ</strong></span> <span class='ocrx_word' id='word_1_882' title='bbox 2989 5393 3264 5465; x_wconf 88' lang='grc' dir='ltr'>συνέδριον</span> <span class='ocrx_word' id='word_1_883' title='bbox 3313 5395 3498 5448; x_wconf 64' lang='grc' dir='ltr'>αὐτῶν</span> <span class='ocrx_word' id='word_1_884' title='bbox 3545 5395 3824 5461; x_wconf 83' lang='grc' dir='ltr'>λέγοντες·</span> 
     </span>
    </p>
   </div>
   <div class='ocr_carea' id='block_1_114' title="bbox 2245 5484 3826 5558">
    <p class='ocr_par' dir='ltr' id='par_1_114' title="bbox 2245 5484 3826 5558">
     <span class='ocr_line' id='line_1_114' title="bbox 2245 5484 3826 5558; baseline -0.002 -17"><span class='ocrx_word' id='word_1_885' title='bbox 2245 5490 2304 5541; x_wconf 84' lang='grc' dir='ltr'>Εἰ</span> <span class='ocrx_word' id='word_1_886' title='bbox 2334 5491 2395 5541; x_wconf 77' lang='grc' dir='ltr'><strong>συ</strong></span> <span class='ocrx_word' id='word_1_887' title='bbox 2430 5485 2479 5540; x_wconf 84' lang='grc' dir='ltr'>εἶ</span> <span class='ocrx_word' id='word_1_888' title='bbox 2508 5488 2534 5540; x_wconf 87' lang='grc' dir='ltr'>ὁ</span> <span class='ocrx_word' id='word_1_889' title='bbox 2565 5488 2823 5557; x_wconf 79' lang='grc' dir='ltr'>Χριστὸς,</span> <span class='ocrx_word' id='word_1_890' title='bbox 2853 5488 2975 5540; x_wconf 80' lang='grc' dir='ltr'>εἰπὲ</span> <span class='ocrx_word' id='word_1_891' title='bbox 3008 5488 3155 5558; x_wconf 85' lang='grc' dir='ltr'>ὑμῖν.</span> <span class='ocrx_word' id='word_1_892' title='bbox 3191 5484 3324 5542; x_wconf 82' lang='grc' dir='ltr'>Εἷττε</span> <span class='ocrx_word' id='word_1_893' title='bbox 3355 5488 3408 5540; x_wconf 80' lang='grc' dir='ltr'>δὲ</span> <span class='ocrx_word' id='word_1_894' title='bbox 3439 5490 3627 5550; x_wconf 76' lang='grc' dir='ltr'>αὐτοῖς</span> <span class='ocrx_word' id='word_1_895' title='bbox 3655 5503 3668 5516; x_wconf 77' lang='grc' dir='ltr'><strong><em>ο</em></strong></span> <span class='ocrx_word' id='word_1_896' title='bbox 3706 5487 3826 5540; x_wconf 65' lang='grc' dir='ltr'>Ἐὰν</span> 
     </span>
    </p>
   </div>
   <div class='ocr_carea' id='block_1_115' title="bbox 2247 5578 3825 5650">
    <p class='ocr_par' dir='ltr' id='par_1_115' title="bbox 2247 5578 3825 5650">
     <span class='ocr_line' id='line_1_115' title="bbox 2247 5578 3825 5650; baseline 0.001 -19"><span class='ocrx_word' id='word_1_897' title='bbox 2247 5579 2372 5646; x_wconf 83' lang='grc' dir='ltr'>ὑμῖν</span> <span class='ocrx_word' id='word_1_898' title='bbox 2399 5578 2561 5644; x_wconf 74' lang='grc' dir='ltr'>εἴπω,</span> <span class='ocrx_word' id='word_1_899' title='bbox 2621 5580 2679 5630; x_wconf 73' lang='grc' dir='ltr'>οὐ</span> <span class='ocrx_word' id='word_1_900' title='bbox 2748 5578 2821 5647; x_wconf 73' lang='grc' dir='ltr'>μὴ</span> <span class='ocrx_word' id='word_1_901' title='bbox 2866 5578 3233 5649; x_wconf 81' lang='grc' dir='ltr'>πιστεύσητε·</span> <span class='ocrx_word' id='word_1_902' title='bbox 3279 5581 3373 5632; x_wconf 66' lang='grc' dir='ltr'>καὶ</span> <span class='ocrx_word' id='word_1_903' title='bbox 3407 5581 3498 5633; x_wconf 84' lang='grc' dir='ltr'>ἐὰν</span> <span class='ocrx_word' id='word_1_904' title='bbox 3551 5583 3825 5650; x_wconf 78' lang='grc' dir='ltr'>ἐρωτήσω,</span> 
     </span>
    </p>
   </div>
   <div class='ocr_carea' id='block_1_116' title="bbox 2245 5671 3828 5744">
    <p class='ocr_par' dir='ltr' id='par_1_116' title="bbox 2245 5671 3828 5744">
     <span class='ocr_line' id='line_1_116' title="bbox 2245 5671 3828 5744; baseline 0.001 -22"><span class='ocrx_word' id='word_1_905' title='bbox 2245 5673 2303 5722; x_wconf 76' lang='grc' dir='ltr'><strong>οὐ</strong></span> <span class='ocrx_word' id='word_1_906' title='bbox 2336 5672 2408 5740; x_wconf 79' lang='grc' dir='ltr'><strong>μὴ</strong></span> <span class='ocrx_word' id='word_1_907' title='bbox 2449 5671 2787 5741; x_wconf 83' lang='grc' dir='ltr'>ἀποκριθῆτέ</span> <span class='ocrx_word' id='word_1_908' title='bbox 2823 5690 2935 5742; x_wconf 85' lang='grc' dir='ltr'>μοι,</span> <span class='ocrx_word' id='word_1_909' title='bbox 2980 5675 3011 5744; x_wconf 81' lang='grc' dir='ltr'>ἢ</span> <span class='ocrx_word' id='word_1_910' title='bbox 3049 5673 3380 5743; x_wconf 80' lang='grc' dir='ltr'>ἀπολύσητε.</span> <span class='ocrx_word' id='word_1_911' title='bbox 3429 5675 3563 5729; x_wconf 78' lang='grc' dir='ltr'><strong>’Λπὺ</strong></span> <span class='ocrx_word' id='word_1_912' title='bbox 3613 5677 3704 5728; x_wconf 86' lang='grc' dir='ltr'><strong>τοῦ</strong></span> <span class='ocrx_word' id='word_1_913' title='bbox 3737 5675 3828 5726; x_wconf 77' lang='grc' dir='ltr'><strong>νῦν</strong></span> 
     </span>
    </p>
   </div>
   <div class='ocr_carea' id='block_1_117' title="bbox 2244 5765 3825 5837">
    <p class='ocr_par' dir='ltr' id='par_1_117' title="bbox 2244 5765 3825 5837">
     <span class='ocr_line' id='line_1_117' title="bbox 2244 5765 3825 5837; baseline 0.006 -22"><span class='ocrx_word' id='word_1_914' title='bbox 2244 5765 2393 5816; x_wconf 80' lang='grc' dir='ltr'>ἔσται</span> <span class='ocrx_word' id='word_1_915' title='bbox 2426 5770 2452 5816; x_wconf 73' lang='grc' dir='ltr'>ὁ</span> <span class='ocrx_word' id='word_1_916' title='bbox 2483 5766 2606 5828; x_wconf 70' lang='grc' dir='ltr'>Υἱὸς</span> <span class='ocrx_word' id='word_1_917' title='bbox 2638 5765 2728 5817; x_wconf 79' lang='grc' dir='ltr'><strong>τοῦ</strong></span> <span class='ocrx_word' id='word_1_918' title='bbox 2754 5767 3041 5834; x_wconf 71' lang='grc' dir='ltr'>ἀνθρώπου</span> <span class='ocrx_word' id='word_1_919' title='bbox 3078 5767 3385 5837; x_wconf 60' lang='grc' dir='ltr'>καθήμενος</span> <span class='ocrx_word' id='word_1_920' title='bbox 3421 5771 3482 5820; x_wconf 76' lang='grc' dir='ltr'>ἐκ</span> <span class='ocrx_word' id='word_1_921' title='bbox 3509 5768 3698 5833; x_wconf 71' lang='grc' dir='ltr'>δεξιῶν</span> <span class='ocrx_word' id='word_1_922' title='bbox 3731 5770 3825 5833; x_wconf 64' lang='grc' dir='ltr'><strong>τής</strong></span> 
     </span>
    </p>
   </div>
   <div class='ocr_carea' id='block_1_118' title="bbox 2240 5855 3826 5926">
    <p class='ocr_par' dir='ltr' id='par_1_118' title="bbox 2240 5855 3826 5926">
     <span class='ocr_line' id='line_1_118' title="bbox 2240 5855 3826 5926; baseline 0.003 -18"><span class='ocrx_word' id='word_1_923' title='bbox 2240 5856 2519 5923; x_wconf 61' lang='grc' dir='ltr'><strong>δυνάιεκιιιε</strong></span> <span class='ocrx_word' id='word_1_924' title='bbox 2554 5857 2643 5908; x_wconf 69' lang='grc' dir='ltr'><strong>τοῦ</strong></span> <span class='ocrx_word' id='word_1_925' title='bbox 2673 5859 2829 5911; x_wconf 69' lang='grc' dir='ltr'>Θεοῦ.</span> <span class='ocrx_word' id='word_1_926' title='bbox 2880 5855 3051 5910; x_wconf 65' lang='grc' dir='ltr'>Εἶπον</span> <span class='ocrx_word' id='word_1_927' title='bbox 3096 5860 3223 5926; x_wconf 63' lang='grc' dir='ltr'><strong>’,ον-ὒν</strong></span> <span class='ocrx_word' id='word_1_928' title='bbox 3272 5863 3500 5916; x_wconf 57' lang='lat' dir='ltr'><strong>mima.&quot;</strong></span> <span class='ocrx_word' id='word_1_929' title='bbox 3548 5865 3614 5913; x_wconf 68' lang='grc' dir='ltr'><strong>Συ</strong></span> <span class='ocrx_word' id='word_1_930' title='bbox 3648 5860 3734 5911; x_wconf 60' lang='grc' dir='ltr'>οὖν</span> <span class='ocrx_word' id='word_1_931' title='bbox 3789 5879 3826 5919; x_wconf 61' lang='grc' dir='ltr'><strong>τί</strong></span> 
     </span>
    </p>
   </div>
  </div>
