  <div class='ocr_page' id='page_1' title='image "/cluster/home/n/w/nwhite01/storage/ocr_20150623/123/pst.000005714384/566.png"; bbox 0 0 4100 6334; ppageno 0'>
   <div class='ocr_carea' id='block_1_1' title="bbox 283 355 3620 436">
    <p class='ocr_par' dir='ltr' id='par_1_1' title="bbox 283 355 3620 436">
     <span class='ocr_line' id='line_1_1' title="bbox 283 355 3620 436; baseline 0 -16"><span class='ocrx_word' id='word_1_1' title='bbox 283 357 428 423; x_wconf 72' lang='lat'><strong>1(83</strong></span> <span class='ocrx_word' id='word_1_2' title='bbox 983 355 1438 419; x_wconf 67' lang='lat' dir='ltr'><strong>ENAIIRATiO</strong></span> <span class='ocrx_word' id='word_1_3' title='bbox 1473 355 1554 414; x_wconf 80' lang='lat' dir='ltr'><strong>IN</strong></span> <span class='ocrx_word' id='word_1_4' title='bbox 1593 356 2102 417; x_wconf 70' lang='lat' dir='ltr'><strong>EVANGELIUM</strong></span> <span class='ocrx_word' id='word_1_5' title='bbox 2143 357 2386 418; x_wconf 69' lang='lat' dir='ltr'><strong>LUC/E.</strong></span> <span class='ocrx_word' id='word_1_6' title='bbox 2421 385 2483 392; x_wconf 87' lang='lat'><em>—</em></span> <span class='ocrx_word' id='word_1_7' title='bbox 2514 358 2678 421; x_wconf 74' lang='lat' dir='ltr'><strong>CAP.</strong></span> <span class='ocrx_word' id='word_1_8' title='bbox 2721 360 2949 424; x_wconf 82' lang='lat' dir='ltr'><strong>XXIII.</strong></span> <span class='ocrx_word' id='word_1_9' title='bbox 3405 413 3408 415; x_wconf 40' lang='grc' dir='ltr'>λ</span> <span class='ocrx_word' id='word_1_10' title='bbox 3474 365 3620 436; x_wconf 72' lang='lat' dir='ltr'><strong>tngo</strong></span> 
     </span>
    </p>
   </div>
   <div class='ocr_carea' id='block_1_2' title="bbox 277 466 1896 540">
    <p class='ocr_par' dir='ltr' id='par_1_2' title="bbox 277 467 1896 539">
     <span class='ocr_line' id='line_1_2' title="bbox 277 467 1896 539; baseline -0.003 -14"><span class='ocrx_word' id='word_1_11' title='bbox 277 479 307 529; x_wconf 75' lang='grc' dir='ltr'><strong>ὁ</strong></span> <span class='ocrx_word' id='word_1_12' title='bbox 338 471 464 536; x_wconf 64' lang='grc' dir='ltr'>Υἱὸς</span> <span class='ocrx_word' id='word_1_13' title='bbox 497 468 594 524; x_wconf 85' lang='grc' dir='ltr'><strong>τοῦ</strong></span> <span class='ocrx_word' id='word_1_14' title='bbox 630 468 767 523; x_wconf 87' lang='grc' dir='ltr'>Θεοῦ</span> <span class='ocrx_word' id='word_1_15' title='bbox 798 486 810 532; x_wconf 90' lang='grc'><strong>;</strong></span> <span class='ocrx_word' id='word_1_16' title='bbox 875 471 916 521; x_wconf 86' lang='lat' dir='ltr'>U</span> <span class='ocrx_word' id='word_1_17' title='bbox 953 467 1010 522; x_wconf 82' lang='grc' dir='ltr'>δὲ</span> <span class='ocrx_word' id='word_1_18' title='bbox 1037 469 1194 539; x_wconf 75' lang='grc' dir='ltr'>-πρδς</span> <span class='ocrx_word' id='word_1_19' title='bbox 1243 467 1443 528; x_wconf 78' lang='grc' dir='ltr'>αὐτοὺς</span> <span class='ocrx_word' id='word_1_20' title='bbox 1494 468 1635 538; x_wconf 81' lang='grc' dir='ltr'><strong>ἔφη·</strong></span> <span class='ocrx_word' id='word_1_21' title='bbox 1705 469 1896 539; x_wconf 76' lang='grc' dir='ltr'>Ὑμεῖς</span> 
     </span>
    </p>
   </div>
   <div class='ocr_carea' id='block_1_3' title="bbox 2003 466 3622 540">
    <p class='ocr_par' dir='ltr' id='par_1_3' title="bbox 2004 466 3622 540">
     <span class='ocr_line' id='line_1_3' title="bbox 2004 466 3622 540; baseline 0.013 -22"><span class='ocrx_word' id='word_1_22' title='bbox 2004 484 2135 536; x_wconf 81' lang='lat' dir='ltr'><strong>ergo</strong></span> <span class='ocrx_word' id='word_1_23' title='bbox 2166 481 2227 522; x_wconf 90' lang='lat' dir='ltr'><strong>es</strong></span> <span class='ocrx_word' id='word_1_24' title='bbox 2262 466 2436 523; x_wconf 84' lang='lat' dir='ltr'><strong>Filius</strong></span> <span class='ocrx_word' id='word_1_25' title='bbox 2474 467 2616 523; x_wconf 83' lang='lat' dir='ltr'><strong>Dei?</strong></span> <span class='ocrx_word' id='word_1_26' title='bbox 2667 469 2768 537; x_wconf 85' lang='lat' dir='ltr'><strong>Qui</strong></span> <span class='ocrx_word' id='word_1_27' title='bbox 2807 474 2884 534; x_wconf 73' lang='lat' dir='ltr'><strong>ait</strong></span> <span class='ocrx_word' id='word_1_28' title='bbox 2930 492 2943 526; x_wconf 90' lang='lat'><strong><em>:</em></strong></span> <span class='ocrx_word' id='word_1_29' title='bbox 2985 472 3116 528; x_wconf 82' lang='lat' dir='ltr'><strong>Vos&quot;</strong></span> <span class='ocrx_word' id='word_1_30' title='bbox 3141 472 3326 532; x_wconf 86' lang='lat' dir='ltr'><strong>dicitis</strong></span> <span class='ocrx_word' id='word_1_31' title='bbox 3360 493 3450 534; x_wconf 86' lang='lat' dir='ltr'><strong>me</strong></span> <span class='ocrx_word' id='word_1_32' title='bbox 3477 498 3622 540; x_wconf 72' lang='lat' dir='ltr'><strong>esse.</strong></span> 
     </span>
    </p>
   </div>
   <div class='ocr_carea' id='block_1_4' title="bbox 277 560 1896 636">
    <p class='ocr_par' dir='ltr' id='par_1_4' title="bbox 277 560 1895 636">
     <span class='ocr_line' id='line_1_4' title="bbox 277 560 1895 636; baseline -0.004 -16"><span class='ocrx_word' id='word_1_33' title='bbox 277 570 475 636; x_wconf 76' lang='grc' dir='ltr'>λέγετε</span> <span class='ocrx_word' id='word_1_34' title='bbox 511 567 594 620; x_wconf 78' lang='grc' dir='ltr'>ὅτι</span> <span class='ocrx_word' id='word_1_35' title='bbox 629 564 738 632; x_wconf 83' lang='grc' dir='ltr'>ἐγώ</span> <span class='ocrx_word' id='word_1_36' title='bbox 773 564 916 634; x_wconf 71' lang='grc' dir='ltr'>εἰμι.</span> <span class='ocrx_word' id='word_1_37' title='bbox 973 563 1035 616; x_wconf 92' lang='grc' dir='ltr'>Οί</span> <span class='ocrx_word' id='word_1_38' title='bbox 1069 562 1125 614; x_wconf 85' lang='grc' dir='ltr'>δὲ</span> <span class='ocrx_word' id='word_1_39' title='bbox 1182 560 1372 615; x_wconf 55' lang='grc' dir='ltr'>εἶπονβ</span> <span class='ocrx_word' id='word_1_40' title='bbox 1431 561 1499 613; x_wconf 87' lang='grc' dir='ltr'><strong>Τί</strong></span> <span class='ocrx_word' id='word_1_41' title='bbox 1559 560 1646 614; x_wconf 75' lang='grc' dir='ltr'>ἔτι</span> <span class='ocrx_word' id='word_1_42' title='bbox 1702 561 1895 631; x_wconf 79' lang='grc' dir='ltr'>χρείαν</span> 
     </span>
    </p>
   </div>
   <div class='ocr_carea' id='block_1_5' title="bbox 2004 560 3623 636">
    <p class='ocr_par' dir='ltr' id='par_1_5' title="bbox 2004 560 3623 629">
     <span class='ocr_line' id='line_1_5' title="bbox 2004 560 3623 629; baseline 0.008 -14"><span class='ocrx_word' id='word_1_43' title='bbox 2004 561 2076 615; x_wconf 83' lang='lat' dir='ltr'><strong>At</strong></span> <span class='ocrx_word' id='word_1_44' title='bbox 2107 560 2182 614; x_wconf 92' lang='lat' dir='ltr'><strong>illi</strong></span> <span class='ocrx_word' id='word_1_45' title='bbox 2218 560 2479 615; x_wconf 82' lang='lat' dir='ltr'><strong>dixerunt</strong></span> <span class='ocrx_word' id='word_1_46' title='bbox 2512 581 2527 619; x_wconf 84' lang='lat'><strong>:</strong></span> <span class='ocrx_word' id='word_1_47' title='bbox 2558 562 2700 629; x_wconf 87' lang='lat' dir='ltr'><strong>Quid</strong></span> <span class='ocrx_word' id='word_1_48' title='bbox 2743 565 2920 620; x_wconf 89' lang='lat' dir='ltr'><strong>adhuc</strong></span> <span class='ocrx_word' id='word_1_49' title='bbox 2953 567 3338 624; x_wconf 88' lang='lat' dir='ltr'><strong>desideramus</strong></span> <span class='ocrx_word' id='word_1_50' title='bbox 3371 572 3623 629; x_wconf 86' lang='lat' dir='ltr'><strong>testimo-</strong></span> 
     </span>
    </p>
   </div>
   <div class='ocr_carea' id='block_1_6' title="bbox 279 646 1898 733">
    <p class='ocr_par' dir='ltr' id='par_1_6' title="bbox 279 646 1895 733">
     <span class='ocr_line' id='line_1_6' title="bbox 279 646 1895 733; baseline -0.004 -17"><span class='ocrx_word' id='word_1_51' title='bbox 279 664 486 733; x_wconf 77' lang='grc' dir='ltr'>ἔχομεν</span> <span class='ocrx_word' id='word_1_52' title='bbox 536 657 884 730; x_wconf 78' lang='grc' dir='ltr'>μαρτυρίας;</span> <span class='ocrx_word' id='word_1_53' title='bbox 935 655 1093 709; x_wconf 85' lang='grc' dir='ltr'><strong>αύτοὶ</strong></span> <span class='ocrx_word' id='word_1_54' title='bbox 1141 646 1252 724; x_wconf 78' lang='grc' dir='ltr'>γὰρ</span> <span class='ocrx_word' id='word_1_55' title='bbox 1303 656 1628 727; x_wconf 70' lang='grc' dir='ltr'>ἠκούσαμεν</span> <span class='ocrx_word' id='word_1_56' title='bbox 1685 657 1750 709; x_wconf 84' lang='grc' dir='ltr'><strong>ἐκ</strong></span> <span class='ocrx_word' id='word_1_57' title='bbox 1800 655 1895 709; x_wconf 87' lang='grc' dir='ltr'><strong>τοῦ</strong></span> 
     </span>
    </p>
   </div>
   <div class='ocr_carea' id='block_1_7' title="bbox 2002 646 3621 733">
    <p class='ocr_par' dir='ltr' id='par_1_7' title="bbox 2002 654 3621 731">
     <span class='ocr_line' id='line_1_7' title="bbox 2002 654 3621 731; baseline 0.001 -19"><span class='ocrx_word' id='word_1_58' title='bbox 2002 658 2153 712; x_wconf 89' lang='lat' dir='ltr'><strong>nium</strong></span> <span class='ocrx_word' id='word_1_59' title='bbox 2181 657 2205 710; x_wconf 85' lang='lat'><strong>?</strong></span> <span class='ocrx_word' id='word_1_60' title='bbox 2230 654 2339 728; x_wconf 90' lang='lat' dir='ltr'><strong>Ipsi</strong></span> <span class='ocrx_word' id='word_1_61' title='bbox 2369 657 2516 711; x_wconf 88' lang='lat' dir='ltr'><strong>enim</strong></span> <span class='ocrx_word' id='word_1_62' title='bbox 2547 659 2858 714; x_wconf 81' lang='lat' dir='ltr'><strong>audivimus</strong></span> <span class='ocrx_word' id='word_1_63' title='bbox 2899 675 2966 714; x_wconf 74' lang='lat' dir='ltr'><strong>ex</strong></span> <span class='ocrx_word' id='word_1_64' title='bbox 2999 675 3097 715; x_wconf 91' lang='lat' dir='ltr'><strong>ore</strong></span> <span class='ocrx_word' id='word_1_65' title='bbox 3128 662 3320 731; x_wconf 80' lang='lat' dir='ltr'><strong>ipsius.</strong></span> <span class='ocrx_word' id='word_1_66' title='bbox 3363 685 3383 718; x_wconf 74' lang='grc' dir='ltr'><strong>ι</strong></span> <span class='ocrx_word' id='word_1_67' title='bbox 3418 665 3621 722; x_wconf 82' lang='lat' dir='ltr'><strong>Convi-</strong></span> 
     </span>
    </p>
   </div>
   <div class='ocr_carea' id='block_1_8' title="bbox 279 738 1898 828">
    <p class='ocr_par' dir='ltr' id='par_1_8' title="bbox 279 738 1894 828">
     <span class='ocr_line' id='line_1_8' title="bbox 279 738 1894 828; baseline -0.005 -18"><span class='ocrx_word' id='word_1_68' title='bbox 279 758 555 828; x_wconf 83' lang='grc' dir='ltr'>στόματος</span> <span class='ocrx_word' id='word_1_69' title='bbox 613 751 801 805; x_wconf 82' lang='grc' dir='ltr'>αὑτοῦ.</span> <span class='ocrx_word' id='word_1_70' title='bbox 845 770 862 802; x_wconf 75' lang='grc' dir='ltr'><strong>ι</strong></span> <span class='ocrx_word' id='word_1_71' title='bbox 913 738 1203 821; x_wconf 73' lang='grc' dir='ltr'>’Υβρισταί</span> <span class='ocrx_word' id='word_1_72' title='bbox 1245 766 1395 812; x_wconf 89' lang='grc' dir='ltr'>τινες</span> <span class='ocrx_word' id='word_1_73' title='bbox 1449 753 1545 806; x_wconf 87' lang='grc' dir='ltr'><strong>καί</strong></span> <span class='ocrx_word' id='word_1_74' title='bbox 1597 750 1894 804; x_wconf 73' lang='grc' dir='ltr'>ἀκόλαστοι</span> 
     </span>
    </p>
   </div>
   <div class='ocr_carea' id='block_1_9' title="bbox 2006 738 3625 828">
    <p class='ocr_par' dir='ltr' id='par_1_9' title="bbox 2006 750 3625 827">
     <span class='ocr_line' id='line_1_9' title="bbox 2006 750 3625 827; baseline 0.007 -23"><span class='ocrx_word' id='word_1_75' title='bbox 2006 751 2238 805; x_wconf 79' lang='lat' dir='ltr'><strong>ciatores</strong></span> <span class='ocrx_word' id='word_1_76' title='bbox 2287 750 2510 820; x_wconf 86' lang='lat' dir='ltr'><strong>quidam</strong></span> <span class='ocrx_word' id='word_1_77' title='bbox 2551 762 2605 804; x_wconf 88' lang='lat' dir='ltr'><strong>et</strong></span> <span class='ocrx_word' id='word_1_78' title='bbox 2653 752 3089 821; x_wconf 70' lang='lat' dir='ltr'><strong>intemperantes</strong></span> <span class='ocrx_word' id='word_1_79' title='bbox 3152 753 3308 809; x_wconf 75' lang='lat' dir='ltr'><strong>{uere</strong></span> <span class='ocrx_word' id='word_1_80' title='bbox 3359 759 3451 827; x_wconf 88' lang='lat' dir='ltr'><strong>qui</strong></span> <span class='ocrx_word' id='word_1_81' title='bbox 3506 761 3625 816; x_wconf 70' lang='lat' dir='ltr'><strong>haec</strong></span> 
     </span>
    </p>
   </div>
   <div class='ocr_carea' id='block_1_10' title="bbox 273 833 1892 921">
    <p class='ocr_par' dir='ltr' id='par_1_10' title="bbox 273 842 1892 921">
     <span class='ocr_line' id='line_1_10' title="bbox 273 842 1892 921; baseline -0.007 -16"><span class='ocrx_word' id='word_1_82' title='bbox 273 847 427 921; x_wconf 78' lang='grc' dir='ltr'>ἦσαν</span> <span class='ocrx_word' id='word_1_83' title='bbox 449 851 498 904; x_wconf 79' lang='grc' dir='ltr'>οἱ</span> <span class='ocrx_word' id='word_1_84' title='bbox 526 846 703 902; x_wconf 84' lang='grc' dir='ltr'>ταῦτα</span> <span class='ocrx_word' id='word_1_85' title='bbox 733 845 1034 913; x_wconf 71' lang='grc' dir='ltr'><strong>ἐπάγοντες</strong></span> <span class='ocrx_word' id='word_1_86' title='bbox 1073 843 1152 914; x_wconf 82' lang='grc' dir='ltr'>τῷ</span> <span class='ocrx_word' id='word_1_87' title='bbox 1220 842 1420 914; x_wconf 81' lang='grc' dir='ltr'><strong>Ἰησοῦ.</strong></span> <span class='ocrx_word' id='word_1_88' title='bbox 1459 845 1612 912; x_wconf 78' lang='grc' dir='ltr'>’Ἅμα</span> <span class='ocrx_word' id='word_1_89' title='bbox 1659 845 1771 914; x_wconf 87' lang='grc' dir='ltr'><strong>γάρ</strong></span> <span class='ocrx_word' id='word_1_90' title='bbox 1813 860 1892 895; x_wconf 84' lang='grc' dir='ltr'><strong>τοι</strong></span> 
     </span>
    </p>
   </div>
   <div class='ocr_carea' id='block_1_11' title="bbox 2000 833 3619 921">
    <p class='ocr_par' dir='ltr' id='par_1_11' title="bbox 2000 833 3619 913">
     <span class='ocr_line' id='line_1_11' title="bbox 2000 833 3619 913; baseline 0.007 -16"><span class='ocrx_word' id='word_1_91' title='bbox 2000 841 2127 897; x_wconf 78' lang='lat' dir='ltr'><strong>Iesu</strong></span> <span class='ocrx_word' id='word_1_92' title='bbox 2164 843 2498 898; x_wconf 80' lang='lat' dir='ltr'><strong>inferebant.</strong></span> <span class='ocrx_word' id='word_1_93' title='bbox 2554 833 2873 913; x_wconf 76' lang='lat' dir='ltr'><strong>Oportebat</strong></span> <span class='ocrx_word' id='word_1_94' title='bbox 2905 846 3052 900; x_wconf 89' lang='lat' dir='ltr'><strong>enim</strong></span> <span class='ocrx_word' id='word_1_95' title='bbox 3093 848 3313 903; x_wconf 75' lang='lat' dir='ltr'><strong>interim</strong></span> <span class='ocrx_word' id='word_1_96' title='bbox 3341 864 3395 904; x_wconf 88' lang='lat' dir='ltr'><strong>et</strong></span> <span class='ocrx_word' id='word_1_97' title='bbox 3424 853 3619 909; x_wconf 57' lang='lat' dir='ltr'><strong>diaboc</strong></span> 
     </span>
    </p>
   </div>
   <div class='ocr_carea' id='block_1_12' title="bbox 277 930 1896 1012">
    <p class='ocr_par' dir='ltr' id='par_1_12' title="bbox 277 930 1890 1008">
     <span class='ocr_line' id='line_1_12' title="bbox 277 930 1890 1008; baseline -0.006 -14"><span class='ocrx_word' id='word_1_98' title='bbox 277 944 394 996; x_wconf 77' lang='grc' dir='ltr'>Εδει</span> <span class='ocrx_word' id='word_1_99' title='bbox 434 943 530 994; x_wconf 79' lang='grc' dir='ltr'>καὶ</span> <span class='ocrx_word' id='word_1_100' title='bbox 557 940 649 992; x_wconf 81' lang='grc' dir='ltr'><strong>τὸν</strong></span> <span class='ocrx_word' id='word_1_101' title='bbox 679 937 931 993; x_wconf 76' lang='grc' dir='ltr'>διάϐολον</span> <span class='ocrx_word' id='word_1_102' title='bbox 961 937 1096 1008; x_wconf 79' lang='grc' dir='ltr'>μηδὲ</span> <span class='ocrx_word' id='word_1_103' title='bbox 1133 936 1192 989; x_wconf 79' lang='grc' dir='ltr'>ἓν</span> <span class='ocrx_word' id='word_1_104' title='bbox 1216 930 1358 1000; x_wconf 83' lang='grc' dir='ltr'>εἶδος</span> <span class='ocrx_word' id='word_1_105' title='bbox 1393 937 1592 999; x_wconf 80' lang='grc' dir='ltr'>κακίας</span> <span class='ocrx_word' id='word_1_106' title='bbox 1625 936 1890 994; x_wconf 82' lang='grc' dir='ltr'>ἐλλιπεῖν,</span> 
     </span>
    </p>
   </div>
   <div class='ocr_carea' id='block_1_13' title="bbox 2001 930 3620 1012">
    <p class='ocr_par' dir='ltr' id='par_1_13' title="bbox 2001 937 3620 1012">
     <span class='ocr_line' id='line_1_13' title="bbox 2001 937 3620 1012; baseline 0.009 -23"><span class='ocrx_word' id='word_1_107' title='bbox 2001 937 2112 990; x_wconf 92' lang='lat' dir='ltr'><strong>lum</strong></span> <span class='ocrx_word' id='word_1_108' title='bbox 2142 939 2346 991; x_wconf 89' lang='lat' dir='ltr'><strong>nullam</strong></span> <span class='ocrx_word' id='word_1_109' title='bbox 2379 938 2605 992; x_wconf 56' lang='lat' dir='ltr'><strong>maliti-ce</strong></span> <span class='ocrx_word' id='word_1_110' title='bbox 2639 941 2882 1007; x_wconf 74' lang='lat' dir='ltr'><strong>Speciem</strong></span> <span class='ocrx_word' id='word_1_111' title='bbox 2932 942 3268 1012; x_wconf 76' lang='lat' dir='ltr'><strong>relinquere.</strong></span> <span class='ocrx_word' id='word_1_112' title='bbox 3305 948 3400 1000; x_wconf 86' lang='lat' dir='ltr'><strong>sed</strong></span> <span class='ocrx_word' id='word_1_113' title='bbox 3434 950 3620 1003; x_wconf 83' lang='lat' dir='ltr'><strong>Omnia</strong></span> 
     </span>
    </p>
   </div>
   <div class='ocr_carea' id='block_1_14' title="bbox 273 1027 1892 1099">
    <p class='ocr_par' dir='ltr' id='par_1_14' title="bbox 273 1028 1892 1099">
     <span class='ocr_line' id='line_1_14' title="bbox 273 1028 1892 1099; baseline -0.005 -10"><span class='ocrx_word' id='word_1_114' title='bbox 273 1035 423 1089; x_wconf 83' lang='grc' dir='ltr'>ἀλλὰ</span> <span class='ocrx_word' id='word_1_115' title='bbox 454 1033 635 1086; x_wconf 84' lang='grc' dir='ltr'>πάντα</span> <span class='ocrx_word' id='word_1_116' title='bbox 663 1049 906 1085; x_wconf 89' lang='grc' dir='ltr'>κενωσαι</span> <span class='ocrx_word' id='word_1_117' title='bbox 929 1044 945 1062; x_wconf 83' lang='lat'><strong>&#39;</strong></span> <span class='ocrx_word' id='word_1_118' title='bbox 975 1030 1062 1083; x_wconf 75' lang='grc' dir='ltr'>ἵνα</span> <span class='ocrx_word' id='word_1_119' title='bbox 1091 1028 1182 1083; x_wconf 84' lang='grc' dir='ltr'>διὰ</span> <span class='ocrx_word' id='word_1_120' title='bbox 1217 1030 1440 1082; x_wconf 85' lang='grc' dir='ltr'>πάντων</span> <span class='ocrx_word' id='word_1_121' title='bbox 1472 1033 1504 1099; x_wconf 86' lang='grc' dir='ltr'>ή</span> <span class='ocrx_word' id='word_1_122' title='bbox 1541 1030 1703 1097; x_wconf 85' lang='grc' dir='ltr'><strong>φύσις</strong></span> <span class='ocrx_word' id='word_1_123' title='bbox 1734 1028 1892 1099; x_wconf 85' lang='grc' dir='ltr'>ἡμῶν</span> 
     </span>
    </p>
   </div>
   <div class='ocr_carea' id='block_1_15' title="bbox 1998 1027 3617 1099">
    <p class='ocr_par' dir='ltr' id='par_1_15' title="bbox 1999 1027 3617 1098">
     <span class='ocr_line' id='line_1_15' title="bbox 1999 1027 3617 1098; baseline 0.009 -16"><span class='ocrx_word' id='word_1_124' title='bbox 1999 1027 2303 1094; x_wconf 77' lang='lat' dir='ltr'><strong>ellnndere,</strong></span> <span class='ocrx_word' id='word_1_125' title='bbox 2362 1041 2414 1083; x_wconf 94' lang='lat' dir='ltr'><strong>ut</strong></span> <span class='ocrx_word' id='word_1_126' title='bbox 2474 1031 2527 1084; x_wconf 91' lang='lat' dir='ltr'><strong>in</strong></span> <span class='ocrx_word' id='word_1_127' title='bbox 2581 1033 2837 1086; x_wconf 72' lang='lat' dir='ltr'><strong>ontnibus</strong></span> <span class='ocrx_word' id='word_1_128' title='bbox 2888 1045 3082 1088; x_wconf 87' lang='lat' dir='ltr'><strong>natura</strong></span> <span class='ocrx_word' id='word_1_129' title='bbox 3145 1049 3331 1091; x_wconf 80' lang='lat' dir='ltr'><strong>nostra</strong></span> <span class='ocrx_word' id='word_1_130' title='bbox 3396 1041 3617 1098; x_wconf 76' lang='lat' dir='ltr'><strong>inventa</strong></span> 
     </span>
    </p>
   </div>
   <div class='ocr_carea' id='block_1_16' title="bbox 275 1119 1894 1208">
    <p class='ocr_par' dir='ltr' id='par_1_16' title="bbox 275 1119 1893 1197">
     <span class='ocr_line' id='line_1_16' title="bbox 275 1119 1893 1197; baseline -0.006 -16"><span class='ocrx_word' id='word_1_131' title='bbox 275 1127 418 1196; x_wconf 82' lang='grc' dir='ltr'>ἁγία</span> <span class='ocrx_word' id='word_1_132' title='bbox 449 1126 763 1197; x_wconf 78' lang='grc' dir='ltr'>εὑρεθεῖσα,</span> <span class='ocrx_word' id='word_1_133' title='bbox 803 1125 1004 1197; x_wconf 75' lang='grc' dir='ltr'>νικήσῃ</span> <span class='ocrx_word' id='word_1_134' title='bbox 1034 1121 1128 1175; x_wconf 71' lang='grc' dir='ltr'><strong>καὶ</strong></span> <span class='ocrx_word' id='word_1_135' title='bbox 1158 1120 1482 1194; x_wconf 77' lang='grc' dir='ltr'>καταρραξῃ</span> <span class='ocrx_word' id='word_1_136' title='bbox 1514 1121 1699 1174; x_wconf 77' lang='grc' dir='ltr'>αὐτόν.</span> <span class='ocrx_word' id='word_1_137' title='bbox 1734 1119 1893 1173; x_wconf 80' lang='grc' dir='ltr'>Ἐπεὶ</span> 
     </span>
    </p>
   </div>
   <div class='ocr_carea' id='block_1_17' title="bbox 1998 1119 3617 1208">
    <p class='ocr_par' dir='ltr' id='par_1_17' title="bbox 1998 1128 3617 1208">
     <span class='ocr_line' id='line_1_17' title="bbox 1998 1128 3617 1208; baseline 0.008 -28"><span class='ocrx_word' id='word_1_138' title='bbox 1998 1139 2186 1180; x_wconf 86' lang='lat' dir='ltr'><strong>sancta</strong></span> <span class='ocrx_word' id='word_1_139' title='bbox 2234 1128 2483 1182; x_wconf 85' lang='lat' dir='ltr'><strong>vinceret</strong></span> <span class='ocrx_word' id='word_1_140' title='bbox 2529 1144 2595 1183; x_wconf 86' lang='lat' dir='ltr'><strong>ac</strong></span> <span class='ocrx_word' id='word_1_141' title='bbox 2644 1131 2966 1186; x_wconf 88' lang='lat' dir='ltr'><strong>deturbaret</strong></span> <span class='ocrx_word' id='word_1_142' title='bbox 3001 1148 3152 1187; x_wconf 90' lang='lat' dir='ltr'><strong>eum.</strong></span> <span class='ocrx_word' id='word_1_143' title='bbox 3224 1134 3439 1190; x_wconf 79' lang='lat' dir='ltr'><strong>Etenim</strong></span> <span class='ocrx_word' id='word_1_144' title='bbox 3489 1140 3617 1208; x_wconf 84' lang='lat' dir='ltr'><strong>quia</strong></span> 
     </span>
    </p>
   </div>
   <div class='ocr_carea' id='block_1_18' title="bbox 271 1210 1890 1297">
    <p class='ocr_par' dir='ltr' id='par_1_18' title="bbox 271 1210 1890 1291">
     <span class='ocr_line' id='line_1_18' title="bbox 271 1210 1890 1291; baseline -0.006 -17"><span class='ocrx_word' id='word_1_145' title='bbox 271 1223 393 1291; x_wconf 80' lang='grc' dir='ltr'>γὰρ</span> <span class='ocrx_word' id='word_1_146' title='bbox 429 1219 518 1275; x_wconf 77' lang='grc' dir='ltr'><strong>διὰ</strong></span> <span class='ocrx_word' id='word_1_147' title='bbox 553 1219 715 1272; x_wconf 85' lang='grc' dir='ltr'>τοῦτο</span> <span class='ocrx_word' id='word_1_148' title='bbox 758 1216 990 1272; x_wconf 75' lang='grc' dir='ltr'>ἀνέλαϐε</span> <span class='ocrx_word' id='word_1_149' title='bbox 1032 1215 1133 1284; x_wconf 84' lang='grc' dir='ltr'>τὴν</span> <span class='ocrx_word' id='word_1_150' title='bbox 1187 1214 1351 1282; x_wconf 80' lang='grc' dir='ltr'>φύσιν</span> <span class='ocrx_word' id='word_1_151' title='bbox 1385 1214 1547 1285; x_wconf 75' lang='grc' dir='ltr'>ἡμῶν</span> <span class='ocrx_word' id='word_1_152' title='bbox 1595 1216 1622 1266; x_wconf 82' lang='grc' dir='ltr'>ὁ</span> <span class='ocrx_word' id='word_1_153' title='bbox 1658 1210 1890 1282; x_wconf 74' lang='grc' dir='ltr'>Κύριος.</span> 
     </span>
    </p>
   </div>
   <div class='ocr_carea' id='block_1_19' title="bbox 1997 1210 3616 1297">
    <p class='ocr_par' dir='ltr' id='par_1_19' title="bbox 1999 1222 3616 1297">
     <span class='ocr_line' id='line_1_19' title="bbox 1999 1222 3616 1297; baseline 0.01 -27"><span class='ocrx_word' id='word_1_154' title='bbox 1999 1229 2225 1289; x_wconf 80' lang='lat' dir='ltr'><strong>propter</strong></span> <span class='ocrx_word' id='word_1_155' title='bbox 2272 1222 2374 1275; x_wconf 90' lang='lat' dir='ltr'><strong>hoc</strong></span> <span class='ocrx_word' id='word_1_156' title='bbox 2427 1231 2685 1277; x_wconf 86' lang='lat' dir='ltr'><strong>naturam</strong></span> <span class='ocrx_word' id='word_1_157' title='bbox 2744 1235 2987 1279; x_wconf 86' lang='lat' dir='ltr'><strong>nostram</strong></span> <span class='ocrx_word' id='word_1_158' title='bbox 3045 1231 3290 1297; x_wconf 75' lang='lat' dir='ltr'><strong>suscepit</strong></span> <span class='ocrx_word' id='word_1_159' title='bbox 3329 1229 3616 1297; x_wconf 82' lang='lat' dir='ltr'><strong>Dominus,</strong></span> 
     </span>
    </p>
   </div>
   <div class='ocr_carea' id='block_1_20' title="bbox 277 1305 1896 1386">
    <p class='ocr_par' dir='ltr' id='par_1_20' title="bbox 277 1305 1890 1386">
     <span class='ocr_line' id='line_1_20' title="bbox 277 1305 1890 1386; baseline -0.006 -19"><span class='ocrx_word' id='word_1_160' title='bbox 277 1315 374 1368; x_wconf 78' lang='grc' dir='ltr'>ἵνα</span> <span class='ocrx_word' id='word_1_161' title='bbox 403 1312 666 1386; x_wconf 76' lang='grc' dir='ltr'>τρανώσῃ</span> <span class='ocrx_word' id='word_1_162' title='bbox 715 1311 892 1380; x_wconf 80' lang='grc' dir='ltr'>αὐτὴν</span> <span class='ocrx_word' id='word_1_163' title='bbox 946 1309 1087 1378; x_wconf 79' lang='grc' dir='ltr'>πρὸς</span> <span class='ocrx_word' id='word_1_164' title='bbox 1146 1312 1328 1369; x_wconf 81' lang='grc' dir='ltr'>πασας</span> <span class='ocrx_word' id='word_1_165' title='bbox 1387 1307 1484 1371; x_wconf 78' lang='grc' dir='ltr'><strong>τὰς</strong></span> <span class='ocrx_word' id='word_1_166' title='bbox 1516 1305 1608 1360; x_wconf 87' lang='grc' dir='ltr'><strong>τοῦ</strong></span> <span class='ocrx_word' id='word_1_167' title='bbox 1641 1306 1890 1359; x_wconf 80' lang='grc' dir='ltr'>διαϐόλου</span> 
     </span>
    </p>
   </div>
   <div class='ocr_carea' id='block_1_21' title="bbox 2002 1305 3621 1386">
    <p class='ocr_par' dir='ltr' id='par_1_21' title="bbox 2002 1317 3621 1384">
     <span class='ocr_line' id='line_1_21' title="bbox 2002 1317 3621 1384; baseline 0.009 -16"><span class='ocrx_word' id='word_1_168' title='bbox 2002 1324 2057 1369; x_wconf 82' lang='grc' dir='ltr'><strong>ιιι</strong></span> <span class='ocrx_word' id='word_1_169' title='bbox 2107 1317 2394 1370; x_wconf 84' lang='lat' dir='ltr'><strong>roboraret</strong></span> <span class='ocrx_word' id='word_1_170' title='bbox 2443 1332 2565 1372; x_wconf 88' lang='lat' dir='ltr'><strong>eam</strong></span> <span class='ocrx_word' id='word_1_171' title='bbox 2607 1329 2805 1374; x_wconf 83' lang='lat' dir='ltr'><strong>contra</strong></span> <span class='ocrx_word' id='word_1_172' title='bbox 2850 1336 3044 1375; x_wconf 90' lang='lat' dir='ltr'><strong>omnes</strong></span> <span class='ocrx_word' id='word_1_173' title='bbox 3099 1324 3300 1376; x_wconf 76' lang='lat' dir='ltr'><strong>diaboli</strong></span> <span class='ocrx_word' id='word_1_174' title='bbox 3347 1333 3514 1384; x_wconf 85' lang='lat' dir='ltr'><strong>artes.</strong></span> <span class='ocrx_word' id='word_1_175' title='bbox 3563 1336 3621 1382; x_wconf 88' lang='lat' dir='ltr'><strong>et</strong></span> 
     </span>
    </p>
   </div>
   <div class='ocr_carea' id='block_1_22' title="bbox 277 1401 1896 1488">
    <p class='ocr_par' dir='ltr' id='par_1_22' title="bbox 277 1401 1890 1478">
     <span class='ocr_line' id='line_1_22' title="bbox 277 1401 1890 1478; baseline -0.005 -18"><span class='ocrx_word' id='word_1_176' title='bbox 277 1409 557 1478; x_wconf 78' lang='grc' dir='ltr'>μηχανὰς,</span> <span class='ocrx_word' id='word_1_177' title='bbox 593 1408 689 1459; x_wconf 76' lang='grc' dir='ltr'><strong>καὶ</strong></span> <span class='ocrx_word' id='word_1_178' title='bbox 727 1405 876 1474; x_wconf 81' lang='grc' dir='ltr'>δείξῃ</span> <span class='ocrx_word' id='word_1_179' title='bbox 907 1404 992 1456; x_wconf 82' lang='grc' dir='ltr'><strong>ὅτι</strong></span> <span class='ocrx_word' id='word_1_180' title='bbox 1029 1403 1124 1456; x_wconf 70' lang='grc' dir='ltr'>καὶ</span> <span class='ocrx_word' id='word_1_181' title='bbox 1180 1403 1239 1468; x_wconf 80' lang='grc' dir='ltr'><strong>ἐξ</strong></span> <span class='ocrx_word' id='word_1_182' title='bbox 1270 1401 1466 1472; x_wconf 79' lang='grc' dir='ltr'>ἀρχῆς,</span> <span class='ocrx_word' id='word_1_183' title='bbox 1526 1403 1574 1454; x_wconf 86' lang='grc' dir='ltr'>εἰ</span> <span class='ocrx_word' id='word_1_184' title='bbox 1612 1401 1813 1468; x_wconf 77' lang='grc' dir='ltr'>ἕνηφεν</span> <span class='ocrx_word' id='word_1_185' title='bbox 1862 1401 1890 1452; x_wconf 90' lang='grc' dir='ltr'><strong>ό</strong></span> 
     </span>
    </p>
   </div>
   <div class='ocr_carea' id='block_1_23' title="bbox 2000 1401 3619 1488">
    <p class='ocr_par' dir='ltr' id='par_1_23' title="bbox 2000 1409 3619 1488">
     <span class='ocr_line' id='line_1_23' title="bbox 2000 1409 3619 1488; baseline 0.008 -28"><span class='ocrx_word' id='word_1_186' title='bbox 2000 1409 2251 1462; x_wconf 81' lang='lat' dir='ltr'><strong>ostendat</strong></span> <span class='ocrx_word' id='word_1_187' title='bbox 2303 1411 2449 1478; x_wconf 90' lang='lat' dir='ltr'><strong>quod</strong></span> <span class='ocrx_word' id='word_1_188' title='bbox 2488 1413 2532 1463; x_wconf 89' lang='lat' dir='ltr'><strong>si</strong></span> <span class='ocrx_word' id='word_1_189' title='bbox 2573 1413 2643 1467; x_wconf 86' lang='lat' dir='ltr'><strong>ab</strong></span> <span class='ocrx_word' id='word_1_190' title='bbox 2689 1415 2850 1469; x_wconf 91' lang='lat' dir='ltr'><strong>Initio</strong></span> <span class='ocrx_word' id='word_1_191' title='bbox 2900 1417 3120 1470; x_wconf 85' lang='lat' dir='ltr'><strong>sobrius</strong></span> <span class='ocrx_word' id='word_1_192' title='bbox 3171 1417 3363 1472; x_wconf 71' lang='lat' dir='ltr'><strong>fuisset</strong></span> <span class='ocrx_word' id='word_1_193' title='bbox 3420 1422 3619 1488; x_wconf 79' lang='lat' dir='ltr'><strong>Adam,</strong></span> 
     </span>
    </p>
   </div>
   <div class='ocr_carea' id='block_1_24' title="bbox 238 1495 1857 1581">
    <p class='ocr_par' dir='ltr' id='par_1_24' title="bbox 238 1495 1856 1573">
     <span class='ocr_line' id='line_1_24' title="bbox 238 1495 1856 1573; baseline -0.003 -22"><span class='ocrx_word' id='word_1_194' title='bbox 238 1537 254 1551; x_wconf 93' lang='lat'><strong>.</strong></span> <span class='ocrx_word' id='word_1_195' title='bbox 286 1503 488 1573; x_wconf 73' lang='grc' dir='ltr'>Ἄδαρ..</span> <span class='ocrx_word' id='word_1_196' title='bbox 518 1502 620 1555; x_wconf 82' lang='grc' dir='ltr'><strong>οὐκ</strong></span> <span class='ocrx_word' id='word_1_197' title='bbox 653 1502 719 1553; x_wconf 80' lang='grc' dir='ltr'><strong>ἂν</strong></span> <span class='ocrx_word' id='word_1_198' title='bbox 751 1499 960 1570; x_wconf 80' lang='grc' dir='ltr'><strong>ἡττήθη</strong></span> <span class='ocrx_word' id='word_1_199' title='bbox 985 1515 996 1527; x_wconf 93' lang='grc'>·</span> <span class='ocrx_word' id='word_1_200' title='bbox 1033 1497 1121 1551; x_wconf 86' lang='grc' dir='ltr'><strong>διὰ</strong></span> <span class='ocrx_word' id='word_1_201' title='bbox 1144 1497 1304 1550; x_wconf 90' lang='grc' dir='ltr'>τοῦτο</span> <span class='ocrx_word' id='word_1_202' title='bbox 1335 1496 1528 1549; x_wconf 81' lang='grc' dir='ltr'>πασῶν</span> <span class='ocrx_word' id='word_1_203' title='bbox 1559 1497 1668 1548; x_wconf 87' lang='grc' dir='ltr'><strong>τῶν</strong></span> <span class='ocrx_word' id='word_1_204' title='bbox 1701 1495 1856 1547; x_wconf 78' lang='grc' dir='ltr'>εξδεῶ</span> 
     </span>
    </p>
   </div>
   <div class='ocr_carea' id='block_1_25' title="bbox 2005 1495 3624 1581">
    <p class='ocr_par' dir='ltr' id='par_1_25' title="bbox 2005 1503 3624 1581">
     <span class='ocr_line' id='line_1_25' title="bbox 2005 1503 3624 1581; baseline 0.009 -26"><span class='ocrx_word' id='word_1_205' title='bbox 2005 1504 2315 1571; x_wconf 83' lang='lat' dir='ltr'><strong>neutiquam</strong></span> <span class='ocrx_word' id='word_1_206' title='bbox 2357 1515 2500 1560; x_wconf 86' lang='lat' dir='ltr'><strong>esset</strong></span> <span class='ocrx_word' id='word_1_207' title='bbox 2530 1506 2708 1561; x_wconf 85' lang='lat' dir='ltr'><strong>victus</strong></span> <span class='ocrx_word' id='word_1_208' title='bbox 2746 1526 2762 1565; x_wconf 89' lang='lat'><strong>:</strong></span> <span class='ocrx_word' id='word_1_209' title='bbox 2803 1509 2922 1562; x_wconf 91' lang='lat' dir='ltr'><strong>ideo</strong></span> <span class='ocrx_word' id='word_1_210' title='bbox 2957 1503 3150 1566; x_wconf 87' lang='lat' dir='ltr'><strong>omnes</strong></span> <span class='ocrx_word' id='word_1_211' title='bbox 3181 1514 3395 1581; x_wconf 65' lang='lat' dir='ltr'><strong>species</strong></span> <span class='ocrx_word' id='word_1_212' title='bbox 3429 1515 3624 1569; x_wconf 90' lang='lat' dir='ltr'><strong>diabo-</strong></span> 
     </span>
    </p>
   </div>
   <div class='ocr_carea' id='block_1_26' title="bbox 275 1590 1894 1680">
    <p class='ocr_par' dir='ltr' id='par_1_26' title="bbox 275 1590 1890 1680">
     <span class='ocr_line' id='line_1_26' title="bbox 275 1590 1890 1680; baseline -0.008 -29"><span class='ocrx_word' id='word_1_213' title='bbox 275 1599 388 1668; x_wconf 82' lang='grc' dir='ltr'><strong>τῆς</strong></span> <span class='ocrx_word' id='word_1_214' title='bbox 429 1597 522 1650; x_wconf 81' lang='grc' dir='ltr'><strong>τοῦ</strong></span> <span class='ocrx_word' id='word_1_215' title='bbox 574 1595 833 1680; x_wconf 69' lang='grc' dir='ltr'>διαὸέλου</span> <span class='ocrx_word' id='word_1_216' title='bbox 879 1592 1080 1655; x_wconf 79' lang='grc' dir='ltr'>κακίας</span> <span class='ocrx_word' id='word_1_217' title='bbox 1116 1592 1204 1643; x_wconf 80' lang='grc' dir='ltr'>ἐπ’</span> <span class='ocrx_word' id='word_1_218' title='bbox 1243 1591 1409 1644; x_wconf 75' lang='grc' dir='ltr'>αὑτὸν</span> <span class='ocrx_word' id='word_1_219' title='bbox 1459 1592 1759 1669; x_wconf 81' lang='grc' dir='ltr'>χεομένων,</span> <span class='ocrx_word' id='word_1_220' title='bbox 1792 1590 1890 1641; x_wconf 83' lang='grc' dir='ltr'><strong>ἁν-</strong></span> 
     </span>
    </p>
   </div>
   <div class='ocr_carea' id='block_1_27' title="bbox 2000 1590 3619 1680">
    <p class='ocr_par' dir='ltr' id='par_1_27' title="bbox 2000 1597 3619 1674">
     <span class='ocr_line' id='line_1_27' title="bbox 2000 1597 3619 1674; baseline 0.01 -26"><span class='ocrx_word' id='word_1_221' title='bbox 2000 1597 2116 1650; x_wconf 71' lang='lat' dir='ltr'><strong>Iica:</strong></span> <span class='ocrx_word' id='word_1_222' title='bbox 2155 1598 2376 1652; x_wconf 67' lang='lat' dir='ltr'><strong>malitia:</strong></span> <span class='ocrx_word' id='word_1_223' title='bbox 2407 1616 2530 1669; x_wconf 66' lang='lat' dir='ltr'><strong>quae</strong></span> <span class='ocrx_word' id='word_1_224' title='bbox 2578 1602 2629 1654; x_wconf 92' lang='lat' dir='ltr'><strong>in</strong></span> <span class='ocrx_word' id='word_1_225' title='bbox 2670 1617 2795 1657; x_wconf 89' lang='lat' dir='ltr'><strong>emn</strong></span> <span class='ocrx_word' id='word_1_226' title='bbox 2844 1603 3241 1670; x_wconf 81' lang='lat' dir='ltr'><strong>fundebantur,</strong></span> <span class='ocrx_word' id='word_1_227' title='bbox 3286 1609 3619 1674; x_wconf 59' lang='lat' dir='ltr'><strong>sustinebat,</strong></span> 
     </span>
    </p>
   </div>
   <div class='ocr_carea' id='block_1_28' title="bbox 275 1681 1894 1770">
    <p class='ocr_par' dir='ltr' id='par_1_28' title="bbox 275 1681 1890 1762">
     <span class='ocr_line' id='line_1_28' title="bbox 275 1681 1890 1762; baseline -0.005 -19"><span class='ocrx_word' id='word_1_228' title='bbox 275 1693 472 1762; x_wconf 78' lang='grc' dir='ltr'>έχεται</span> <span class='ocrx_word' id='word_1_229' title='bbox 495 1707 508 1720; x_wconf 87' lang='grc'><strong>·</strong></span> <span class='ocrx_word' id='word_1_230' title='bbox 540 1691 604 1743; x_wconf 78' lang='grc' dir='ltr'>ἶν’</span> <span class='ocrx_word' id='word_1_231' title='bbox 631 1690 678 1740; x_wconf 79' lang='lat' dir='ltr'><strong>oi</strong></span> <span class='ocrx_word' id='word_1_232' title='bbox 709 1681 846 1756; x_wconf 76' lang='grc' dir='ltr'>μετὰ</span> <span class='ocrx_word' id='word_1_233' title='bbox 870 1685 1042 1739; x_wconf 83' lang='grc' dir='ltr'>ταῦτα</span> <span class='ocrx_word' id='word_1_234' title='bbox 1074 1685 1392 1756; x_wconf 69' lang='grc' dir='ltr'>θαρρῶμεν,</span> <span class='ocrx_word' id='word_1_235' title='bbox 1424 1685 1498 1747; x_wconf 81' lang='grc' dir='ltr'>ὡς</span> <span class='ocrx_word' id='word_1_236' title='bbox 1535 1686 1635 1753; x_wconf 76' lang='grc' dir='ltr'><strong>τῆς</strong></span> <span class='ocrx_word' id='word_1_237' title='bbox 1673 1683 1890 1752; x_wconf 77' lang='grc' dir='ltr'>φύσεως</span> 
     </span>
    </p>
   </div>
   <div class='ocr_carea' id='block_1_29' title="bbox 2000 1681 3619 1770">
    <p class='ocr_par' dir='ltr' id='par_1_29' title="bbox 2000 1693 3619 1770">
     <span class='ocr_line' id='line_1_29' title="bbox 2000 1693 3619 1770; baseline 0.008 -27"><span class='ocrx_word' id='word_1_238' title='bbox 2000 1705 2055 1745; x_wconf 82' lang='grc' dir='ltr'><strong>ιιι</strong></span> <span class='ocrx_word' id='word_1_239' title='bbox 2105 1708 2202 1746; x_wconf 88' lang='lat' dir='ltr'><strong>nos</strong></span> <span class='ocrx_word' id='word_1_240' title='bbox 2249 1693 2344 1762; x_wconf 88' lang='lat' dir='ltr'><strong>qtti</strong></span> <span class='ocrx_word' id='word_1_241' title='bbox 2407 1697 2695 1765; x_wconf 81' lang='lat' dir='ltr'><strong>sequimur</strong></span> <span class='ocrx_word' id='word_1_242' title='bbox 2755 1713 2902 1762; x_wconf 88' lang='lat' dir='ltr'><strong>cum,</strong></span> <span class='ocrx_word' id='word_1_243' title='bbox 2963 1699 3311 1753; x_wconf 82' lang='lat' dir='ltr'><strong>conﬁdamus</strong></span> <span class='ocrx_word' id='word_1_244' title='bbox 3367 1703 3512 1770; x_wconf 92' lang='lat' dir='ltr'><strong>quod</strong></span> <span class='ocrx_word' id='word_1_245' title='bbox 3565 1704 3619 1757; x_wconf 89' lang='lat' dir='ltr'><strong>in</strong></span> 
     </span>
    </p>
   </div>
   <div class='ocr_carea' id='block_1_30' title="bbox 271 1782 1890 1861">
    <p class='ocr_par' dir='ltr' id='par_1_30' title="bbox 271 1782 1888 1861">
     <span class='ocr_line' id='line_1_30' title="bbox 271 1782 1888 1861; baseline -0.006 -19"><span class='ocrx_word' id='word_1_246' title='bbox 271 1789 442 1861; x_wconf 76' lang='grc' dir='ltr'>ἡμῶν</span> <span class='ocrx_word' id='word_1_247' title='bbox 489 1789 547 1841; x_wconf 91' lang='grc' dir='ltr'><strong>ἐν</strong></span> <span class='ocrx_word' id='word_1_248' title='bbox 588 1785 813 1857; x_wconf 81' lang='grc' dir='ltr'>Χριστῷ</span> <span class='ocrx_word' id='word_1_249' title='bbox 869 1783 1201 1855; x_wconf 79' lang='grc' dir='ltr'>νικησάσης,</span> <span class='ocrx_word' id='word_1_250' title='bbox 1251 1783 1346 1836; x_wconf 70' lang='grc' dir='ltr'>καὶ</span> <span class='ocrx_word' id='word_1_251' title='bbox 1390 1784 1464 1852; x_wconf 82' lang='grc' dir='ltr'><strong>μὴ</strong></span> <span class='ocrx_word' id='word_1_252' title='bbox 1495 1782 1632 1852; x_wconf 83' lang='grc' dir='ltr'>πρός</span> <span class='ocrx_word' id='word_1_253' title='bbox 1678 1799 1731 1835; x_wconf 91' lang='grc' dir='ltr'><strong>τι</strong></span> <span class='ocrx_word' id='word_1_254' title='bbox 1776 1782 1888 1842; x_wconf 83' lang='grc' dir='ltr'><strong>τῶν</strong></span> 
     </span>
    </p>
   </div>
   <div class='ocr_carea' id='block_1_31' title="bbox 1998 1782 3617 1861">
    <p class='ocr_par' dir='ltr' id='par_1_31' title="bbox 1998 1785 3617 1854">
     <span class='ocr_line' id='line_1_31' title="bbox 1998 1785 3617 1854; baseline 0.007 -15"><span class='ocrx_word' id='word_1_255' title='bbox 1998 1785 2222 1842; x_wconf 87' lang='lat' dir='ltr'><strong>Christo</strong></span> <span class='ocrx_word' id='word_1_256' title='bbox 2262 1799 2457 1843; x_wconf 81' lang='lat' dir='ltr'><strong>natura</strong></span> <span class='ocrx_word' id='word_1_257' title='bbox 2493 1800 2678 1846; x_wconf 82' lang='lat' dir='ltr'><strong>nostra</strong></span> <span class='ocrx_word' id='word_1_258' title='bbox 2708 1792 2929 1854; x_wconf 85' lang='lat' dir='ltr'><strong>vicerit,</strong></span> <span class='ocrx_word' id='word_1_259' title='bbox 2962 1803 3014 1846; x_wconf 79' lang='lat' dir='ltr'><strong>et</strong></span> <span class='ocrx_word' id='word_1_260' title='bbox 3048 1810 3114 1846; x_wconf 83' lang='lat' dir='ltr'><strong>ne</strong></span> <span class='ocrx_word' id='word_1_261' title='bbox 3149 1792 3514 1850; x_wconf 78' lang='lat' dir='ltr'><strong>fortnidetnus</strong></span> <span class='ocrx_word' id='word_1_262' title='bbox 3550 1797 3617 1850; x_wconf 84' lang='lat' dir='ltr'><strong>ad</strong></span> 
     </span>
    </p>
   </div>
   <div class='ocr_carea' id='block_1_32' title="bbox 271 1847 1890 1958">
    <p class='ocr_par' dir='ltr' id='par_1_32' title="bbox 271 1847 1890 1947">
     <span class='ocr_line' id='line_1_32' title="bbox 271 1847 1890 1947; baseline -0.006 -14"><span class='ocrx_word' id='word_1_263' title='bbox 271 1847 586 1932; x_wconf 62' lang='grc' dir='ltr'>δοκούντων</span> <span class='ocrx_word' id='word_1_264' title='bbox 614 1847 953 1947; x_wconf 47' lang='grc' dir='ltr'>ιδ’ϐριστικῶν</span> <span class='ocrx_word' id='word_1_265' title='bbox 1071 1847 1313 1945; x_wconf 68' lang='grc' dir='ltr'>ἀνιαρῶν</span> <span class='ocrx_word' id='word_1_266' title='bbox 1341 1847 1765 1943; x_wconf 70' lang='grc' dir='ltr'>ἀποδειλιῶμεν.</span> <span class='ocrx_word' id='word_1_267' title='bbox 1798 1874 1890 1925; x_wconf 86' lang='grc' dir='ltr'>Διὸ</span> 
     </span>
    </p>
   </div>
   <div class='ocr_carea' id='block_1_33' title="bbox 1998 1847 3617 1958">
    <p class='ocr_par' dir='ltr' id='par_1_33' title="bbox 1998 1880 3617 1958">
     <span class='ocr_line' id='line_1_33' title="bbox 1998 1880 3617 1958; baseline 0.002 -24"><span class='ocrx_word' id='word_1_268' title='bbox 1998 1880 2168 1934; x_wconf 88' lang='lat' dir='ltr'><strong>ullum</strong></span> <span class='ocrx_word' id='word_1_269' title='bbox 2211 1883 2574 1952; x_wconf 79' lang='lat' dir='ltr'><strong>opprobrium</strong></span> <span class='ocrx_word' id='word_1_270' title='bbox 2609 1885 2693 1937; x_wconf 80' lang='lat' dir='ltr'><strong>vel</strong></span> <span class='ocrx_word' id='word_1_271' title='bbox 2734 1887 2912 1938; x_wconf 88' lang='lat' dir='ltr'><strong>triste.</strong></span> <span class='ocrx_word' id='word_1_272' title='bbox 2949 1885 3166 1940; x_wconf 88' lang='lat' dir='ltr'><strong>Idcirco</strong></span> <span class='ocrx_word' id='word_1_273' title='bbox 3201 1892 3252 1939; x_wconf 81' lang='lat' dir='ltr'><strong>et</strong></span> <span class='ocrx_word' id='word_1_274' title='bbox 3284 1886 3617 1958; x_wconf 80' lang='lat' dir='ltr'><strong>percutitur,</strong></span> 
     </span>
    </p>
   </div>
   <div class='ocr_carea' id='block_1_34' title="bbox 275 1967 1894 2056">
    <p class='ocr_par' dir='ltr' id='par_1_34' title="bbox 275 1967 1890 2039">
     <span class='ocr_line' id='line_1_34' title="bbox 275 1967 1890 2039; baseline -0.004 -12"><span class='ocrx_word' id='word_1_275' title='bbox 275 1973 377 2027; x_wconf 78' lang='grc' dir='ltr'>καὶ</span> <span class='ocrx_word' id='word_1_276' title='bbox 409 1971 690 2036; x_wconf 77' lang='grc' dir='ltr'><strong>παίζεται,</strong></span> <span class='ocrx_word' id='word_1_277' title='bbox 719 1971 815 2024; x_wconf 66' lang='grc' dir='ltr'><strong>καὶ</strong></span> <span class='ocrx_word' id='word_1_278' title='bbox 848 1970 1071 2024; x_wconf 83' lang='grc' dir='ltr'>παίεται</span> <span class='ocrx_word' id='word_1_279' title='bbox 1097 1986 1110 2000; x_wconf 91' lang='grc'><strong>·</strong></span> <span class='ocrx_word' id='word_1_280' title='bbox 1143 1968 1238 2023; x_wconf 70' lang='grc' dir='ltr'><strong>καὶ</strong></span> <span class='ocrx_word' id='word_1_281' title='bbox 1269 1971 1295 2021; x_wconf 88' lang='grc' dir='ltr'><strong>ό</strong></span> <span class='ocrx_word' id='word_1_282' title='bbox 1323 1968 1435 2021; x_wconf 90' lang='grc' dir='ltr'><strong>τῶν</strong></span> <span class='ocrx_word' id='word_1_283' title='bbox 1471 1967 1771 2039; x_wconf 81' lang='grc' dir='ltr'>προφητῶν</span> <span class='ocrx_word' id='word_1_284' title='bbox 1793 1969 1890 2020; x_wconf 88' lang='grc' dir='ltr'><strong>Δε-</strong></span> 
     </span>
    </p>
   </div>
   <div class='ocr_carea' id='block_1_35' title="bbox 2002 1967 3621 2056">
    <p class='ocr_par' dir='ltr' id='par_1_35' title="bbox 2002 1972 3621 2056">
     <span class='ocr_line' id='line_1_35' title="bbox 2002 1972 3621 2056; baseline 0.006 -32"><span class='ocrx_word' id='word_1_285' title='bbox 2002 1981 2048 2026; x_wconf 72' lang='lat' dir='ltr'><strong>et</strong></span> <span class='ocrx_word' id='word_1_286' title='bbox 2076 1972 2322 2027; x_wconf 81' lang='lat' dir='ltr'><strong>illuditur</strong></span> <span class='ocrx_word' id='word_1_287' title='bbox 2361 1995 2374 2030; x_wconf 90' lang='lat'>:</span> <span class='ocrx_word' id='word_1_288' title='bbox 2409 1976 2917 2046; x_wconf 82' lang='lat' dir='ltr'><strong>prepbetarnmque</strong></span> <span class='ocrx_word' id='word_1_289' title='bbox 2969 1979 3086 2056; x_wconf 84' lang='lat' dir='ltr'><strong>ipse</strong></span> <span class='ocrx_word' id='word_1_290' title='bbox 3130 1979 3420 2045; x_wconf 86' lang='lat' dir='ltr'><strong>Dominus,</strong></span> <span class='ocrx_word' id='word_1_291' title='bbox 3461 1980 3621 2050; x_wconf 88' lang='lat' dir='ltr'><strong>quasi</strong></span> 
     </span>
    </p>
   </div>
   <div class='ocr_carea' id='block_1_36' title="bbox 275 2063 1894 2142">
    <p class='ocr_par' dir='ltr' id='par_1_36' title="bbox 275 2063 1885 2136">
     <span class='ocr_line' id='line_1_36' title="bbox 275 2063 1885 2136; baseline -0.004 -16"><span class='ocrx_word' id='word_1_292' title='bbox 275 2068 510 2136; x_wconf 78' lang='grc' dir='ltr'>σπότης,</span> <span class='ocrx_word' id='word_1_293' title='bbox 567 2066 642 2128; x_wconf 86' lang='grc' dir='ltr'>ὡς</span> <span class='ocrx_word' id='word_1_294' title='bbox 700 2065 1163 2134; x_wconf 76' lang='grc' dir='ltr'>ψευδοπροφήτης</span> <span class='ocrx_word' id='word_1_295' title='bbox 1215 2063 1563 2134; x_wconf 77' lang='grc' dir='ltr'>χλευάζεται.</span> <span class='ocrx_word' id='word_1_296' title='bbox 1619 2063 1693 2115; x_wconf 81' lang='grc' dir='ltr'><strong>Τὸ</strong></span> <span class='ocrx_word' id='word_1_297' title='bbox 1755 2063 1885 2132; x_wconf 76' lang='grc' dir='ltr'>γὰρ,</span> 
     </span>
    </p>
   </div>
   <div class='ocr_carea' id='block_1_37' title="bbox 2002 2063 3621 2142">
    <p class='ocr_par' dir='ltr' id='par_1_37' title="bbox 2002 2069 3621 2142">
     <span class='ocr_line' id='line_1_37' title="bbox 2002 2069 3621 2142; baseline 0.005 -21"><span class='ocrx_word' id='word_1_298' title='bbox 2002 2069 2478 2137; x_wconf 83' lang='lat' dir='ltr'><strong>pseudopropheta</strong></span> <span class='ocrx_word' id='word_1_299' title='bbox 2510 2070 2792 2124; x_wconf 87' lang='lat' dir='ltr'><strong>irridetur.</strong></span> <span class='ocrx_word' id='word_1_300' title='bbox 2832 2070 2968 2124; x_wconf 82' lang='lat' dir='ltr'><strong>Nam</strong></span> <span class='ocrx_word' id='word_1_301' title='bbox 3030 2092 3046 2122; x_wconf 85' lang='grc' dir='ltr'><strong>ι</strong></span> <span class='ocrx_word' id='word_1_302' title='bbox 3089 2071 3405 2128; x_wconf 84' lang='lat' dir='ltr'><strong>Vaticinare</strong></span> <span class='ocrx_word' id='word_1_303' title='bbox 3437 2075 3621 2142; x_wconf 87' lang='lat' dir='ltr'><strong>nobis,</strong></span> 
     </span>
    </p>
   </div>
   <div class='ocr_carea' id='block_1_38' title="bbox 279 2157 1898 2233">
    <p class='ocr_par' dir='ltr' id='par_1_38' title="bbox 279 2157 1890 2229">
     <span class='ocr_line' id='line_1_38' title="bbox 279 2157 1890 2229; baseline -0.002 -20"><span class='ocrx_word' id='word_1_304' title='bbox 279 2179 298 2209; x_wconf 78' lang='grc' dir='ltr'><strong>ι</strong></span> <span class='ocrx_word' id='word_1_305' title='bbox 338 2158 727 2229; x_wconf 68' lang='grc' dir='ltr'>Προφήτευσον</span> <span class='ocrx_word' id='word_1_306' title='bbox 779 2159 933 2226; x_wconf 73' lang='grc' dir='ltr'>ἡμῖν,</span> <span class='ocrx_word' id='word_1_307' title='bbox 964 2158 1047 2220; x_wconf 88' lang='grc' dir='ltr'><strong>τίς</strong></span> <span class='ocrx_word' id='word_1_308' title='bbox 1095 2158 1247 2210; x_wconf 75' lang='grc' dir='ltr'>ἐστιν</span> <span class='ocrx_word' id='word_1_309' title='bbox 1294 2158 1322 2208; x_wconf 80' lang='grc' dir='ltr'><strong>δ</strong></span> <span class='ocrx_word' id='word_1_310' title='bbox 1365 2157 1569 2218; x_wconf 67' lang='grc' dir='ltr'>παίσας</span> <span class='ocrx_word' id='word_1_311' title='bbox 1628 2173 1709 2216; x_wconf 89' lang='grc' dir='ltr'><strong>σε,</strong></span> <span class='ocrx_word' id='word_1_312' title='bbox 1754 2175 1771 2206; x_wconf 74' lang='grc' dir='ltr'><strong>ι</strong></span> <span class='ocrx_word' id='word_1_313' title='bbox 1809 2158 1890 2218; x_wconf 77' lang='grc' dir='ltr'>εἰς</span> 
     </span>
    </p>
   </div>
   <div class='ocr_carea' id='block_1_39' title="bbox 2004 2157 3623 2233">
    <p class='ocr_par' dir='ltr' id='par_1_39' title="bbox 2004 2163 3623 2233">
     <span class='ocr_line' id='line_1_39' title="bbox 2004 2163 3623 2233; baseline 0.006 -20"><span class='ocrx_word' id='word_1_314' title='bbox 2004 2163 2118 2231; x_wconf 73' lang='lat' dir='ltr'><strong>quis</strong></span> <span class='ocrx_word' id='word_1_315' title='bbox 2149 2173 2233 2217; x_wconf 89' lang='lat' dir='ltr'><strong>est</strong></span> <span class='ocrx_word' id='word_1_316' title='bbox 2263 2165 2353 2233; x_wconf 93' lang='lat' dir='ltr'><strong>qui</strong></span> <span class='ocrx_word' id='word_1_317' title='bbox 2387 2172 2438 2217; x_wconf 89' lang='lat' dir='ltr'><strong>te</strong></span> <span class='ocrx_word' id='word_1_318' title='bbox 2489 2165 2782 2233; x_wconf 81' lang='lat' dir='ltr'><strong>percussit,</strong></span> <span class='ocrx_word' id='word_1_319' title='bbox 2825 2183 2842 2214; x_wconf 77' lang='grc' dir='ltr'><strong>ι</strong></span> <span class='ocrx_word' id='word_1_320' title='bbox 2881 2180 2946 2216; x_wconf 86' lang='lat' dir='ltr'><strong>eo</strong></span> <span class='ocrx_word' id='word_1_321' title='bbox 2967 2166 3162 2231; x_wconf 88' lang='lat' dir='ltr'><strong>tendit,</strong></span> <span class='ocrx_word' id='word_1_322' title='bbox 3200 2177 3256 2220; x_wconf 91' lang='lat' dir='ltr'><strong>ut</strong></span> <span class='ocrx_word' id='word_1_323' title='bbox 3289 2167 3440 2221; x_wconf 90' lang='lat' dir='ltr'><strong>illum</strong></span> <span class='ocrx_word' id='word_1_324' title='bbox 3489 2167 3623 2222; x_wconf 82' lang='lat' dir='ltr'><strong>sub—</strong></span> 
     </span>
    </p>
   </div>
   <div class='ocr_carea' id='block_1_40' title="bbox 270 2248 1889 2333">
    <p class='ocr_par' dir='ltr' id='par_1_40' title="bbox 270 2248 1889 2326">
     <span class='ocr_line' id='line_1_40' title="bbox 270 2248 1889 2326; baseline -0.004 -21"><span class='ocrx_word' id='word_1_325' title='bbox 270 2252 438 2305; x_wconf 82' lang='grc' dir='ltr'>τοῦτο</span> <span class='ocrx_word' id='word_1_326' title='bbox 490 2254 690 2320; x_wconf 76' lang='grc' dir='ltr'>φέρει,</span> <span class='ocrx_word' id='word_1_327' title='bbox 740 2250 1118 2326; x_wconf 71' lang='grc' dir='ltr'>χλευαζόντων</span> <span class='ocrx_word' id='word_1_328' title='bbox 1157 2249 1321 2303; x_wconf 82' lang='grc' dir='ltr'>αὑτὸν</span> <span class='ocrx_word' id='word_1_329' title='bbox 1379 2249 1454 2311; x_wconf 79' lang='grc' dir='ltr'>ὡς</span> <span class='ocrx_word' id='word_1_330' title='bbox 1495 2250 1735 2312; x_wconf 83' lang='grc' dir='ltr'>πλανον,</span> <span class='ocrx_word' id='word_1_331' title='bbox 1792 2248 1889 2300; x_wconf 75' lang='grc' dir='ltr'><strong>καὶ</strong></span> 
     </span>
    </p>
   </div>
   <div class='ocr_carea' id='block_1_41' title="bbox 2001 2248 3620 2333">
    <p class='ocr_par' dir='ltr' id='par_1_41' title="bbox 2001 2259 3620 2333">
     <span class='ocr_line' id='line_1_41' title="bbox 2001 2259 3620 2333; baseline 0.004 -22"><span class='ocrx_word' id='word_1_332' title='bbox 2001 2269 2318 2321; x_wconf 84' lang='lat' dir='ltr'><strong>sannarent,</strong></span> <span class='ocrx_word' id='word_1_333' title='bbox 2369 2270 2422 2312; x_wconf 91' lang='lat' dir='ltr'><strong>et</strong></span> <span class='ocrx_word' id='word_1_334' title='bbox 2479 2259 2722 2314; x_wconf 89' lang='lat' dir='ltr'><strong>dicerent</strong></span> <span class='ocrx_word' id='word_1_335' title='bbox 2778 2260 3160 2329; x_wconf 78' lang='lat' dir='ltr'><strong>impostorem,</strong></span> <span class='ocrx_word' id='word_1_336' title='bbox 3223 2263 3316 2329; x_wconf 86' lang='lat' dir='ltr'><strong>qui</strong></span> <span class='ocrx_word' id='word_1_337' title='bbox 3374 2263 3620 2333; x_wconf 87' lang='lat' dir='ltr'><strong>seipsum</strong></span> 
     </span>
    </p>
   </div>
   <div class='ocr_carea' id='block_1_42' title="bbox 271 2339 1890 2422">
    <p class='ocr_par' dir='ltr' id='par_1_42' title="bbox 271 2339 1889 2413">
     <span class='ocr_line' id='line_1_42' title="bbox 271 2339 1889 2413; baseline -0.005 -17"><span class='ocrx_word' id='word_1_338' title='bbox 271 2343 623 2413; x_wconf 82' lang='grc' dir='ltr'>προφητείαν</span> <span class='ocrx_word' id='word_1_339' title='bbox 680 2340 860 2410; x_wconf 82' lang='grc' dir='ltr'>ἑαυτῷ</span> <span class='ocrx_word' id='word_1_340' title='bbox 894 2341 1292 2410; x_wconf 82' lang='grc' dir='ltr'>περιάπτοντα.</span> <span class='ocrx_word' id='word_1_341' title='bbox 1333 2359 1350 2392; x_wconf 81' lang='grc' dir='ltr'><strong>ι</strong></span> <span class='ocrx_word' id='word_1_342' title='bbox 1391 2339 1504 2393; x_wconf 72' lang='grc' dir='ltr'><strong>Καὶ</strong></span> <span class='ocrx_word' id='word_1_343' title='bbox 1543 2339 1619 2402; x_wconf 85' lang='grc' dir='ltr'>ὡς</span> <span class='ocrx_word' id='word_1_344' title='bbox 1665 2339 1889 2406; x_wconf 82' lang='grc' dir='ltr'>ἐγένετο</span> 
     </span>
    </p>
   </div>
   <div class='ocr_carea' id='block_1_43' title="bbox 2003 2339 3622 2422">
    <p class='ocr_par' dir='ltr' id='par_1_43' title="bbox 2003 2350 3622 2422">
     <span class='ocr_line' id='line_1_43' title="bbox 2003 2350 3622 2422; baseline 0.007 -19"><span class='ocrx_word' id='word_1_345' title='bbox 2003 2350 2320 2419; x_wconf 78' lang='lat' dir='ltr'><strong>prophetam</strong></span> <span class='ocrx_word' id='word_1_346' title='bbox 2354 2351 2596 2406; x_wconf 79' lang='lat' dir='ltr'><strong>fecisset.</strong></span> <span class='ocrx_word' id='word_1_347' title='bbox 2643 2372 2659 2398; x_wconf 76' lang='grc' dir='ltr'><strong>ι</strong></span> <span class='ocrx_word' id='word_1_348' title='bbox 2698 2353 2764 2406; x_wconf 83' lang='grc' dir='ltr'>Ει</span> <span class='ocrx_word' id='word_1_349' title='bbox 2800 2364 2856 2406; x_wconf 86' lang='grc' dir='ltr'><strong>ιιι</strong></span> <span class='ocrx_word' id='word_1_350' title='bbox 2886 2353 3068 2410; x_wconf 83' lang='lat' dir='ltr'><strong>factus</strong></span> <span class='ocrx_word' id='word_1_351' title='bbox 3111 2364 3194 2411; x_wconf 76' lang='lat' dir='ltr'><strong>est</strong></span> <span class='ocrx_word' id='word_1_352' title='bbox 3230 2357 3366 2422; x_wconf 85' lang='lat' dir='ltr'><strong>dies,</strong></span> <span class='ocrx_word' id='word_1_353' title='bbox 3408 2376 3426 2409; x_wconf 72' lang='grc' dir='ltr'><strong>ι</strong></span> <span class='ocrx_word' id='word_1_354' title='bbox 3462 2368 3622 2414; x_wconf 79' lang='lat' dir='ltr'><strong>nocte</strong></span> 
     </span>
    </p>
   </div>
   <div class='ocr_carea' id='block_1_44' title="bbox 268 2432 1887 2520">
    <p class='ocr_par' dir='ltr' id='par_1_44' title="bbox 268 2432 1886 2507">
     <span class='ocr_line' id='line_1_44' title="bbox 268 2432 1886 2507; baseline -0.015 0"><span class='ocrx_word' id='word_1_355' title='bbox 268 2439 465 2507; x_wconf 68' lang='grc' dir='ltr'>ἡμέρα</span> <span class='ocrx_word' id='word_1_356' title='bbox 496 2454 509 2467; x_wconf 88' lang='grc'><strong>⁹</strong></span> <span class='ocrx_word' id='word_1_357' title='bbox 556 2456 572 2488; x_wconf 80' lang='grc'><strong><em>³</em></strong></span> <span class='ocrx_word' id='word_1_358' title='bbox 614 2436 681 2488; x_wconf 77' lang='grc' dir='ltr'>τὰ</span> <span class='ocrx_word' id='word_1_359' title='bbox 711 2437 822 2506; x_wconf 75' lang='grc' dir='ltr'><strong>γὰρ</strong></span> <span class='ocrx_word' id='word_1_360' title='bbox 854 2434 966 2488; x_wconf 85' lang='grc' dir='ltr'><strong>τῶν</strong></span> <span class='ocrx_word' id='word_1_361' title='bbox 1004 2434 1344 2505; x_wconf 74' lang='grc' dir='ltr'>ἐμπαιγμῶν</span> <span class='ocrx_word' id='word_1_362' title='bbox 1374 2435 1572 2497; x_wconf 81' lang='grc' dir='ltr'>νυκτὸς</span> <span class='ocrx_word' id='word_1_363' title='bbox 1603 2432 1886 2502; x_wconf 80' lang='grc' dir='ltr'>ἐὸλασφη-</span> 
     </span>
    </p>
   </div>
   <div class='ocr_carea' id='block_1_45' title="bbox 1998 2432 3617 2520">
    <p class='ocr_par' dir='ltr' id='par_1_45' title="bbox 1998 2444 3617 2520">
     <span class='ocr_line' id='line_1_45' title="bbox 1998 2444 3617 2520; baseline 0.006 -23"><span class='ocrx_word' id='word_1_364' title='bbox 1998 2445 2140 2497; x_wconf 88' lang='lat' dir='ltr'><strong>enim</strong></span> <span class='ocrx_word' id='word_1_365' title='bbox 2182 2444 2252 2497; x_wconf 84' lang='lat' dir='ltr'><strong>ab</strong></span> <span class='ocrx_word' id='word_1_366' title='bbox 2301 2444 2471 2498; x_wconf 79' lang='lat' dir='ltr'><strong>ebriis</strong></span> <span class='ocrx_word' id='word_1_367' title='bbox 2528 2445 2802 2500; x_wconf 82' lang='lat' dir='ltr'><strong>ministris</strong></span> <span class='ocrx_word' id='word_1_368' title='bbox 2847 2447 3040 2502; x_wconf 86' lang='lat' dir='ltr'><strong>illusus</strong></span> <span class='ocrx_word' id='word_1_369' title='bbox 3085 2457 3140 2503; x_wconf 90' lang='lat' dir='ltr'><strong>et</strong></span> <span class='ocrx_word' id='word_1_370' title='bbox 3201 2449 3617 2520; x_wconf 76' lang='lat' dir='ltr'><strong>blasphematus</strong></span> 
     </span>
    </p>
   </div>
   <div class='ocr_carea' id='block_1_46' title="bbox 273 2525 1892 2614">
    <p class='ocr_par' dir='ltr' id='par_1_46' title="bbox 273 2525 1885 2601">
     <span class='ocr_line' id='line_1_46' title="bbox 273 2525 1885 2601; baseline -0.005 -18"><span class='ocrx_word' id='word_1_371' title='bbox 273 2533 444 2600; x_wconf 86' lang='grc' dir='ltr'>μεῖτο</span> <span class='ocrx_word' id='word_1_372' title='bbox 473 2531 624 2601; x_wconf 75' lang='grc' dir='ltr'>παρὰ</span> <span class='ocrx_word' id='word_1_373' title='bbox 656 2530 767 2582; x_wconf 82' lang='grc' dir='ltr'><strong>τῶν</strong></span> <span class='ocrx_word' id='word_1_374' title='bbox 803 2529 1118 2598; x_wconf 76' lang='grc' dir='ltr'>μεθυόντων</span> <span class='ocrx_word' id='word_1_375' title='bbox 1156 2526 1487 2597; x_wconf 79' lang='grc' dir='ltr'>ὑπηρετῶν·</span> <span class='ocrx_word' id='word_1_376' title='bbox 1530 2528 1591 2579; x_wconf 85' lang='grc' dir='ltr'><strong>τὸ</strong></span> <span class='ocrx_word' id='word_1_377' title='bbox 1636 2525 1691 2578; x_wconf 76' lang='grc' dir='ltr'>δὲ</span> <span class='ocrx_word' id='word_1_378' title='bbox 1747 2542 1885 2596; x_wconf 84' lang='grc' dir='ltr'>πρε-</span> 
     </span>
    </p>
   </div>
   <div class='ocr_carea' id='block_1_47' title="bbox 2000 2525 3619 2614">
    <p class='ocr_par' dir='ltr' id='par_1_47' title="bbox 2000 2535 3619 2614">
     <span class='ocr_line' id='line_1_47' title="bbox 2000 2535 3619 2614; baseline 0.004 -23"><span class='ocrx_word' id='word_1_379' title='bbox 2000 2545 2098 2600; x_wconf 77' lang='lat' dir='ltr'><strong>est,</strong></span> <span class='ocrx_word' id='word_1_380' title='bbox 2146 2536 2398 2591; x_wconf 78' lang='lat' dir='ltr'><strong>seniores</strong></span> <span class='ocrx_word' id='word_1_381' title='bbox 2429 2545 2482 2590; x_wconf 86' lang='lat' dir='ltr'><strong>et</strong></span> <span class='ocrx_word' id='word_1_382' title='bbox 2513 2535 2781 2602; x_wconf 70' lang='lat' dir='ltr'><strong>dignitate</strong></span> <span class='ocrx_word' id='word_1_383' title='bbox 2811 2540 3232 2609; x_wconf 63' lang='lat' dir='ltr'><strong>pra-stantiore‘s</strong></span> <span class='ocrx_word' id='word_1_384' title='bbox 3266 2541 3619 2614; x_wconf 84' lang='lat' dir='ltr'><strong>interrogant</strong></span> 
     </span>
    </p>
   </div>
   <div class='ocr_carea' id='block_1_48' title="bbox 273 2620 1892 2704">
    <p class='ocr_par' dir='ltr' id='par_1_48' title="bbox 273 2620 1887 2692">
     <span class='ocr_line' id='line_1_48' title="bbox 273 2620 1887 2692; baseline -0.001 -18"><span class='ocrx_word' id='word_1_385' title='bbox 273 2623 569 2692; x_wconf 76' lang='grc' dir='ltr'>σϐυτὲριον</span> <span class='ocrx_word' id='word_1_386' title='bbox 598 2623 690 2675; x_wconf 72' lang='grc' dir='ltr'><strong>καὶ</strong></span> <span class='ocrx_word' id='word_1_387' title='bbox 719 2622 1076 2692; x_wconf 82' lang='grc' dir='ltr'>ἐντιμότερον</span> <span class='ocrx_word' id='word_1_388' title='bbox 1113 2621 1279 2691; x_wconf 83' lang='grc' dir='ltr'>μέρος</span> <span class='ocrx_word' id='word_1_389' title='bbox 1310 2620 1614 2690; x_wconf 81' lang='grc' dir='ltr'>ἐρωτῶσιν,</span> <span class='ocrx_word' id='word_1_390' title='bbox 1648 2621 1698 2672; x_wconf 89' lang='grc' dir='ltr'>εἰ</span> <span class='ocrx_word' id='word_1_391' title='bbox 1722 2621 1887 2684; x_wconf 81' lang='grc' dir='ltr'>αὑτός</span> 
     </span>
    </p>
   </div>
   <div class='ocr_carea' id='block_1_49' title="bbox 2002 2620 3621 2704">
    <p class='ocr_par' dir='ltr' id='par_1_49' title="bbox 2002 2630 3621 2704">
     <span class='ocr_line' id='line_1_49' title="bbox 2002 2630 3621 2704; baseline 0.006 -21"><span class='ocrx_word' id='word_1_392' title='bbox 2002 2644 2151 2693; x_wconf 83' lang='lat' dir='ltr'><strong>eum,</strong></span> <span class='ocrx_word' id='word_1_393' title='bbox 2209 2645 2337 2682; x_wconf 89' lang='lat' dir='ltr'><strong>num</strong></span> <span class='ocrx_word' id='word_1_394' title='bbox 2380 2631 2498 2700; x_wconf 86' lang='lat' dir='ltr'><strong>ipse</strong></span> <span class='ocrx_word' id='word_1_395' title='bbox 2539 2632 2611 2686; x_wconf 89' lang='lat' dir='ltr'><strong>sit</strong></span> <span class='ocrx_word' id='word_1_396' title='bbox 2654 2630 2932 2701; x_wconf 87' lang='lat' dir='ltr'><strong>Christus.</strong></span> <span class='ocrx_word' id='word_1_397' title='bbox 2981 2633 3048 2685; x_wconf 89' lang='lat' dir='ltr'><strong>At</strong></span> <span class='ocrx_word' id='word_1_398' title='bbox 3091 2635 3207 2702; x_wconf 87' lang='lat' dir='ltr'><strong>ipse</strong></span> <span class='ocrx_word' id='word_1_399' title='bbox 3253 2636 3621 2704; x_wconf 74' lang='lat' dir='ltr'><strong>cogitationes</strong></span> 
     </span>
    </p>
   </div>
   <div class='ocr_carea' id='block_1_50' title="bbox 271 2714 1890 2795">
    <p class='ocr_par' dir='ltr' id='par_1_50' title="bbox 271 2714 1886 2787">
     <span class='ocr_line' id='line_1_50' title="bbox 271 2714 1886 2787; baseline -0.003 -17"><span class='ocrx_word' id='word_1_400' title='bbox 271 2719 428 2770; x_wconf 71' lang='grc' dir='ltr'>ἐστιν</span> <span class='ocrx_word' id='word_1_401' title='bbox 468 2718 781 2787; x_wconf 79' lang='grc' dir='ltr'>όΧριστός.</span> <span class='ocrx_word' id='word_1_402' title='bbox 845 2715 905 2768; x_wconf 86' lang='grc' dir='ltr'><strong>Ὀ</strong></span> <span class='ocrx_word' id='word_1_403' title='bbox 948 2715 1005 2767; x_wconf 71' lang='grc' dir='ltr'>δὲ</span> <span class='ocrx_word' id='word_1_404' title='bbox 1037 2714 1192 2778; x_wconf 79' lang='grc' dir='ltr'>εἰδὼς</span> <span class='ocrx_word' id='word_1_405' title='bbox 1234 2714 1335 2777; x_wconf 84' lang='grc' dir='ltr'>τὰς</span> <span class='ocrx_word' id='word_1_406' title='bbox 1391 2714 1630 2777; x_wconf 77' lang='grc' dir='ltr'>διανοίας</span> <span class='ocrx_word' id='word_1_407' title='bbox 1682 2715 1886 2779; x_wconf 79' lang='grc' dir='ltr'>αὐτῶν,</span> 
     </span>
    </p>
   </div>
   <div class='ocr_carea' id='block_1_51' title="bbox 2000 2714 3619 2795">
    <p class='ocr_par' dir='ltr' id='par_1_51' title="bbox 2000 2723 3619 2795">
     <span class='ocr_line' id='line_1_51' title="bbox 2000 2723 3619 2795; baseline 0.003 -16"><span class='ocrx_word' id='word_1_408' title='bbox 2000 2738 2186 2779; x_wconf 78' lang='lat' dir='ltr'><strong>eorum</strong></span> <span class='ocrx_word' id='word_1_409' title='bbox 2219 2723 2425 2788; x_wconf 89' lang='lat' dir='ltr'><strong>sciens,</strong></span> <span class='ocrx_word' id='word_1_410' title='bbox 2453 2734 2505 2778; x_wconf 89' lang='lat' dir='ltr'><strong>et</strong></span> <span class='ocrx_word' id='word_1_411' title='bbox 2539 2726 2706 2793; x_wconf 89' lang='lat' dir='ltr'><strong>quod,</strong></span> <span class='ocrx_word' id='word_1_412' title='bbox 2735 2725 2778 2777; x_wconf 80' lang='lat' dir='ltr'><strong>si</strong></span> <span class='ocrx_word' id='word_1_413' title='bbox 2811 2725 3073 2795; x_wconf 86' lang='lat' dir='ltr'><strong>operibus</strong></span> <span class='ocrx_word' id='word_1_414' title='bbox 3109 2742 3217 2780; x_wconf 90' lang='lat' dir='ltr'><strong>non</strong></span> <span class='ocrx_word' id='word_1_415' title='bbox 3252 2729 3619 2790; x_wconf 89' lang='lat' dir='ltr'><strong>credidissent</strong></span> 
     </span>
    </p>
   </div>
   <div class='ocr_carea' id='block_1_52' title="bbox 272 2796 1891 2891">
    <p class='ocr_par' dir='ltr' id='par_1_52' title="bbox 272 2796 1887 2879">
     <span class='ocr_line' id='line_1_52' title="bbox 272 2796 1887 2879; baseline -0.002 -17"><span class='ocrx_word' id='word_1_416' title='bbox 272 2810 374 2862; x_wconf 69' lang='grc' dir='ltr'>καὶ</span> <span class='ocrx_word' id='word_1_417' title='bbox 407 2809 491 2862; x_wconf 87' lang='grc' dir='ltr'>ὅτι</span> <span class='ocrx_word' id='word_1_418' title='bbox 526 2810 574 2861; x_wconf 84' lang='grc' dir='ltr'><strong>εί</strong></span> <span class='ocrx_word' id='word_1_419' title='bbox 613 2811 729 2871; x_wconf 90' lang='grc' dir='ltr'>τοῖς</span> <span class='ocrx_word' id='word_1_420' title='bbox 773 2809 958 2878; x_wconf 78' lang='grc' dir='ltr'>ἔργοις</span> <span class='ocrx_word' id='word_1_421' title='bbox 1003 2808 1105 2860; x_wconf 87' lang='grc' dir='ltr'><strong>ούκ</strong></span> <span class='ocrx_word' id='word_1_422' title='bbox 1150 2807 1488 2860; x_wconf 81' lang='grc' dir='ltr'>ἐπίστευσαν</span> <span class='ocrx_word' id='word_1_423' title='bbox 1530 2796 1645 2871; x_wconf 77' lang='grc' dir='ltr'>τοῖς</span> <span class='ocrx_word' id='word_1_424' title='bbox 1682 2808 1887 2879; x_wconf 83' lang='grc' dir='ltr'>μᾶλλον</span> 
     </span>
    </p>
   </div>
   <div class='ocr_carea' id='block_1_53' title="bbox 2000 2796 3619 2891">
    <p class='ocr_par' dir='ltr' id='par_1_53' title="bbox 2000 2815 3619 2891">
     <span class='ocr_line' id='line_1_53' title="bbox 2000 2815 3619 2891; baseline 0.005 -23"><span class='ocrx_word' id='word_1_425' title='bbox 2000 2817 2057 2868; x_wconf 77' lang='lat' dir='ltr'><strong>ad</strong></span> <span class='ocrx_word' id='word_1_426' title='bbox 2111 2815 2550 2883; x_wconf 87' lang='lat' dir='ltr'><strong>persuadendum</strong></span> <span class='ocrx_word' id='word_1_427' title='bbox 2602 2815 3008 2872; x_wconf 81' lang='lat' dir='ltr'><strong>elﬁcacioribus</strong></span> <span class='ocrx_word' id='word_1_428' title='bbox 3037 2821 3135 2886; x_wconf 77' lang='grc' dir='ltr'><strong>η’,</strong></span> <span class='ocrx_word' id='word_1_429' title='bbox 3167 2822 3442 2888; x_wconf 88' lang='lat' dir='ltr'><strong>quomodo</strong></span> <span class='ocrx_word' id='word_1_430' title='bbox 3487 2837 3619 2891; x_wconf 82' lang='lat' dir='ltr'><strong>ergo</strong></span> 
     </span>
    </p>
   </div>
   <div class='ocr_carea' id='block_1_54' title="bbox 272 2897 1891 2981">
    <p class='ocr_par' dir='ltr' id='par_1_54' title="bbox 272 2897 1884 2971">
     <span class='ocr_line' id='line_1_54' title="bbox 272 2897 1884 2971; baseline -0.001 -17"><span class='ocrx_word' id='word_1_431' title='bbox 272 2900 491 2956; x_wconf 72' lang='grc' dir='ltr'>πείθειν</span> <span class='ocrx_word' id='word_1_432' title='bbox 517 2900 864 2971; x_wconf 84' lang='grc' dir='ltr'>δυναμένοις,</span> <span class='ocrx_word' id='word_1_433' title='bbox 905 2899 1024 2963; x_wconf 87' lang='grc' dir='ltr'><strong>πῶς</strong></span> <span class='ocrx_word' id='word_1_434' title='bbox 1072 2902 1187 2963; x_wconf 90' lang='grc' dir='ltr'>τοῖς</span> <span class='ocrx_word' id='word_1_435' title='bbox 1223 2897 1408 2966; x_wconf 82' lang='grc' dir='ltr'>λόγοις</span> <span class='ocrx_word' id='word_1_436' title='bbox 1456 2899 1884 2966; x_wconf 82' lang='grc' dir='ltr'>πιστεύσουσιν;</span> 
     </span>
    </p>
   </div>
   <div class='ocr_carea' id='block_1_55' title="bbox 1997 2897 3616 2981">
    <p class='ocr_par' dir='ltr' id='par_1_55' title="bbox 1997 2906 3616 2981">
     <span class='ocr_line' id='line_1_55' title="bbox 1997 2906 3616 2981; baseline 0.009 -23"><span class='ocrx_word' id='word_1_437' title='bbox 1997 2907 2176 2961; x_wconf 76' lang='lat' dir='ltr'><strong>verbis</strong></span> <span class='ocrx_word' id='word_1_438' title='bbox 2225 2908 2342 2961; x_wconf 88' lang='lat' dir='ltr'><strong>suis</strong></span> <span class='ocrx_word' id='word_1_439' title='bbox 2387 2906 2716 2963; x_wconf 81' lang='lat' dir='ltr'><strong>crederent?</strong></span> <span class='ocrx_word' id='word_1_440' title='bbox 2768 2909 2995 2979; x_wconf 89' lang='lat' dir='ltr'><strong>inquit:</strong></span> <span class='ocrx_word' id='word_1_441' title='bbox 3050 2929 3068 2963; x_wconf 80' lang='grc' dir='ltr'><strong>ι</strong></span> <span class='ocrx_word' id='word_1_442' title='bbox 3106 2912 3164 2966; x_wconf 90' lang='lat' dir='ltr'><strong>Si</strong></span> <span class='ocrx_word' id='word_1_443' title='bbox 3212 2914 3404 2968; x_wconf 83' lang='lat' dir='ltr'><strong>dixero</strong></span> <span class='ocrx_word' id='word_1_444' title='bbox 3435 2917 3616 2981; x_wconf 80' lang='lat' dir='ltr'><strong>vobis,</strong></span> 
     </span>
    </p>
   </div>
   <div class='ocr_carea' id='block_1_56' title="bbox 278 2991 1897 3080">
    <p class='ocr_par' dir='ltr' id='par_1_56' title="bbox 278 2991 1886 3065">
     <span class='ocr_line' id='line_1_56' title="bbox 278 2991 1886 3065; baseline -0.002 -16"><span class='ocrx_word' id='word_1_445' title='bbox 278 3017 299 3049; x_wconf 74' lang='grc' dir='ltr'><strong>ι</strong></span> <span class='ocrx_word' id='word_1_446' title='bbox 358 2996 488 3048; x_wconf 83' lang='grc' dir='ltr'>Ἐὰν</span> <span class='ocrx_word' id='word_1_447' title='bbox 517 2996 648 3065; x_wconf 85' lang='grc' dir='ltr'>ὑμῖν</span> <span class='ocrx_word' id='word_1_448' title='bbox 682 2994 846 3059; x_wconf 79' lang='grc' dir='ltr'>εἴπω,</span> <span class='ocrx_word' id='word_1_449' title='bbox 886 2996 1078 3064; x_wconf 63' lang='grc' dir='ltr'>φησιν,</span> <span class='ocrx_word' id='word_1_450' title='bbox 1124 2994 1185 3046; x_wconf 75' lang='grc' dir='ltr'><strong>οὐ</strong></span> <span class='ocrx_word' id='word_1_451' title='bbox 1227 2993 1302 3064; x_wconf 84' lang='grc' dir='ltr'><strong>μὴ</strong></span> <span class='ocrx_word' id='word_1_452' title='bbox 1354 2991 1711 3062; x_wconf 72' lang='grc' dir='ltr'>πιστεύσητε.</span> <span class='ocrx_word' id='word_1_453' title='bbox 1753 3011 1771 3044; x_wconf 72' lang='grc' dir='ltr'><strong>ι</strong></span> <span class='ocrx_word' id='word_1_454' title='bbox 1824 2994 1886 3045; x_wconf 83' lang='grc' dir='ltr'><strong>Εἰ</strong></span> 
     </span>
    </p>
   </div>
   <div class='ocr_carea' id='block_1_57' title="bbox 1998 2991 3617 3080">
    <p class='ocr_par' dir='ltr' id='par_1_57' title="bbox 1998 3002 3617 3080">
     <span class='ocr_line' id='line_1_57' title="bbox 1998 3002 3617 3080; baseline 0.008 -27"><span class='ocrx_word' id='word_1_455' title='bbox 1998 3015 2099 3053; x_wconf 86' lang='grc' dir='ltr'>[ιοιι</span> <span class='ocrx_word' id='word_1_456' title='bbox 2129 3002 2391 3057; x_wconf 80' lang='lat' dir='ltr'><strong>credetis.</strong></span> <span class='ocrx_word' id='word_1_457' title='bbox 2427 3020 2446 3052; x_wconf 74' lang='grc' dir='ltr'><strong>ι</strong></span> <span class='ocrx_word' id='word_1_458' title='bbox 2475 3002 2531 3056; x_wconf 93' lang='lat' dir='ltr'><strong>Si</strong></span> <span class='ocrx_word' id='word_1_459' title='bbox 2566 3004 2714 3056; x_wconf 92' lang='lat' dir='ltr'><strong>enim</strong></span> <span class='ocrx_word' id='word_1_460' title='bbox 2743 3004 3048 3061; x_wconf 90' lang='lat' dir='ltr'><strong>crederetis</strong></span> <span class='ocrx_word' id='word_1_461' title='bbox 3081 3008 3264 3062; x_wconf 78' lang='lat' dir='ltr'><strong>verbis</strong></span> <span class='ocrx_word' id='word_1_462' title='bbox 3296 3010 3456 3075; x_wconf 88' lang='lat' dir='ltr'><strong>meis,</strong></span> <span class='ocrx_word' id='word_1_463' title='bbox 3486 3011 3617 3080; x_wconf 86' lang='lat' dir='ltr'><strong>quid</strong></span> 
     </span>
    </p>
   </div>
   <div class='ocr_carea' id='block_1_58' title="bbox 270 3080 1889 3170">
    <p class='ocr_par' dir='ltr' id='par_1_58' title="bbox 270 3080 1886 3160">
     <span class='ocr_line' id='line_1_58' title="bbox 270 3080 1886 3160; baseline -0.002 -19"><span class='ocrx_word' id='word_1_464' title='bbox 270 3089 388 3160; x_wconf 74' lang='grc' dir='ltr'>γὰρ</span> <span class='ocrx_word' id='word_1_465' title='bbox 424 3089 744 3142; x_wconf 77' lang='grc' dir='ltr'>ἐπιστεύετε</span> <span class='ocrx_word' id='word_1_466' title='bbox 785 3087 968 3156; x_wconf 82' lang='grc' dir='ltr'>λόγοις</span> <span class='ocrx_word' id='word_1_467' title='bbox 1009 3087 1186 3156; x_wconf 83' lang='grc' dir='ltr'>ἐμοῖς,</span> <span class='ocrx_word' id='word_1_468' title='bbox 1209 3085 1306 3147; x_wconf 73' lang='grc' dir='ltr'><strong>⁸τίς</strong></span> <span class='ocrx_word' id='word_1_469' title='bbox 1356 3085 1516 3156; x_wconf 82' lang='grc' dir='ltr'>χρεία</span> <span class='ocrx_word' id='word_1_470' title='bbox 1549 3080 1618 3156; x_wconf 86' lang='grc' dir='ltr'>ἦν</span> <span class='ocrx_word' id='word_1_471' title='bbox 1658 3085 1754 3138; x_wconf 89' lang='grc' dir='ltr'><strong>τοῦ</strong></span> <span class='ocrx_word' id='word_1_472' title='bbox 1791 3084 1886 3138; x_wconf 90' lang='grc' dir='ltr'><strong>νῦν</strong></span> 
     </span>
    </p>
   </div>
   <div class='ocr_carea' id='block_1_59' title="bbox 1997 3080 3616 3170">
    <p class='ocr_par' dir='ltr' id='par_1_59' title="bbox 1997 3095 3616 3170">
     <span class='ocr_line' id='line_1_59' title="bbox 1997 3095 3616 3170; baseline 0.007 -23"><span class='ocrx_word' id='word_1_473' title='bbox 1997 3109 2131 3164; x_wconf 85' lang='lat' dir='ltr'><strong>opus</strong></span> <span class='ocrx_word' id='word_1_474' title='bbox 2167 3104 2287 3149; x_wconf 88' lang='lat' dir='ltr'><strong>erat</strong></span> <span class='ocrx_word' id='word_1_475' title='bbox 2334 3095 2572 3151; x_wconf 87' lang='lat' dir='ltr'><strong>concilio</strong></span> <span class='ocrx_word' id='word_1_476' title='bbox 2615 3095 2759 3150; x_wconf 73' lang='lat'><strong>&quot;“?</strong></span> <span class='ocrx_word' id='word_1_477' title='bbox 2811 3116 2830 3149; x_wconf 80' lang='grc' dir='ltr'><strong>ι</strong></span> <span class='ocrx_word' id='word_1_478' title='bbox 2887 3099 2983 3154; x_wconf 87' lang='lat' dir='ltr'><strong>Sin</strong></span> <span class='ocrx_word' id='word_1_479' title='bbox 3016 3100 3448 3170; x_wconf 75' lang='lat' dir='ltr'><strong>interrogavere.</strong></span> <span class='ocrx_word' id='word_1_480' title='bbox 3505 3119 3616 3159; x_wconf 88' lang='lat' dir='ltr'><strong>non</strong></span> 
     </span>
    </p>
   </div>
   <div class='ocr_carea' id='block_1_60' title="bbox 273 3178 1892 3272">
    <p class='ocr_par' dir='ltr' id='par_1_60' title="bbox 273 3178 1879 3255">
     <span class='ocr_line' id='line_1_60' title="bbox 273 3178 1879 3255; baseline -0.004 -17"><span class='ocrx_word' id='word_1_481' title='bbox 273 3184 564 3255; x_wconf 84' lang='grc' dir='ltr'>συνεδρίου</span> <span class='ocrx_word' id='word_1_482' title='bbox 595 3199 610 3248; x_wconf 87' lang='grc'><strong>;</strong></span> <span class='ocrx_word' id='word_1_483' title='bbox 638 3201 655 3232; x_wconf 83' lang='grc' dir='ltr'><strong>ι</strong></span> <span class='ocrx_word' id='word_1_484' title='bbox 692 3182 800 3234; x_wconf 68' lang='grc' dir='ltr'><strong>Καὶ</strong></span> <span class='ocrx_word' id='word_1_485' title='bbox 836 3181 930 3234; x_wconf 75' lang='grc' dir='ltr'>ἐὰν</span> <span class='ocrx_word' id='word_1_486' title='bbox 960 3183 1248 3250; x_wconf 68' lang='grc' dir='ltr'>ἐρωτήσω,</span> <span class='ocrx_word' id='word_1_487' title='bbox 1273 3179 1332 3233; x_wconf 85' lang='grc' dir='ltr'><strong>ού</strong></span> <span class='ocrx_word' id='word_1_488' title='bbox 1370 3179 1446 3250; x_wconf 86' lang='grc' dir='ltr'><strong>μὴ</strong></span> <span class='ocrx_word' id='word_1_489' title='bbox 1471 3178 1835 3252; x_wconf 80' lang='grc' dir='ltr'>ἀποκριθῆτε.</span> <span class='ocrx_word' id='word_1_490' title='bbox 1862 3197 1879 3231; x_wconf 75' lang='grc' dir='ltr'><strong>ι</strong></span> 
     </span>
    </p>
   </div>
   <div class='ocr_carea' id='block_1_61' title="bbox 1996 3178 3615 3272">
    <p class='ocr_par' dir='ltr' id='par_1_61' title="bbox 1996 3188 3615 3263">
     <span class='ocr_line' id='line_1_61' title="bbox 1996 3188 3615 3263; baseline 0.006 -23"><span class='ocrx_word' id='word_1_491' title='bbox 1996 3188 2418 3258; x_wconf 82' lang='lat' dir='ltr'><strong>respondebitis.</strong></span> <span class='ocrx_word' id='word_1_492' title='bbox 2459 3209 2478 3241; x_wconf 84' lang='grc'><strong>›</strong></span> <span class='ocrx_word' id='word_1_493' title='bbox 2521 3188 2738 3260; x_wconf 66' lang='lat' dir='ltr'><strong>Saepius</strong></span> <span class='ocrx_word' id='word_1_494' title='bbox 2759 3191 2906 3246; x_wconf 81' lang='lat' dir='ltr'><strong>enim</strong></span> <span class='ocrx_word' id='word_1_495' title='bbox 2935 3202 3096 3246; x_wconf 71' lang='lat' dir='ltr'><strong>antea</strong></span> <span class='ocrx_word' id='word_1_496' title='bbox 3129 3196 3448 3263; x_wconf 71' lang='lat' dir='ltr'><strong>interrogati</strong></span> <span class='ocrx_word' id='word_1_497' title='bbox 3478 3196 3615 3251; x_wconf 87' lang='lat' dir='ltr'><strong>siIn-</strong></span> 
     </span>
    </p>
   </div>
   <div class='ocr_carea' id='block_1_62' title="bbox 271 3269 1890 3352">
    <p class='ocr_par' dir='ltr' id='par_1_62' title="bbox 271 3269 1883 3345">
     <span class='ocr_line' id='line_1_62' title="bbox 271 3269 1883 3345; baseline -0.004 -17"><span class='ocrx_word' id='word_1_498' title='bbox 271 3274 549 3337; x_wconf 77' lang='grc' dir='ltr'>Πολλάκις</span> <span class='ocrx_word' id='word_1_499' title='bbox 589 3274 699 3345; x_wconf 78' lang='grc' dir='ltr'>γὰρ</span> <span class='ocrx_word' id='word_1_500' title='bbox 751 3271 1146 3342; x_wconf 78' lang='grc' dir='ltr'>ἐρωτηθέντες,</span> <span class='ocrx_word' id='word_1_501' title='bbox 1194 3269 1624 3340; x_wconf 78' lang='grc' dir='ltr'>ἀπεσιώπησαν,</span> <span class='ocrx_word' id='word_1_502' title='bbox 1671 3269 1747 3332; x_wconf 82' lang='grc' dir='ltr'>ὡς</span> <span class='ocrx_word' id='word_1_503' title='bbox 1788 3270 1883 3322; x_wconf 75' lang='grc' dir='ltr'>ἐπὶ</span> 
     </span>
    </p>
   </div>
   <div class='ocr_carea' id='block_1_63' title="bbox 1997 3269 3616 3352">
    <p class='ocr_par' dir='ltr' id='par_1_63' title="bbox 1997 3281 3616 3352">
     <span class='ocr_line' id='line_1_63' title="bbox 1997 3281 3616 3352; baseline 0.006 -18"><span class='ocrx_word' id='word_1_504' title='bbox 1997 3293 2169 3342; x_wconf 75' lang='lat' dir='ltr'><strong>erunt,</strong></span> <span class='ocrx_word' id='word_1_505' title='bbox 2203 3289 2263 3334; x_wconf 84' lang='grc' dir='ltr'><strong>ιιι</strong></span> <span class='ocrx_word' id='word_1_506' title='bbox 2314 3281 2383 3337; x_wconf 85' lang='lat' dir='ltr'><strong>de</strong></span> <span class='ocrx_word' id='word_1_507' title='bbox 2435 3281 2770 3352; x_wconf 87' lang='lat' dir='ltr'><strong>baptismate</strong></span> <span class='ocrx_word' id='word_1_508' title='bbox 2826 3281 3076 3350; x_wconf 81' lang='lat' dir='ltr'><strong>Joannis,</strong></span> <span class='ocrx_word' id='word_1_509' title='bbox 3119 3295 3174 3341; x_wconf 91' lang='lat' dir='ltr'><strong>et</strong></span> <span class='ocrx_word' id='word_1_510' title='bbox 3217 3287 3285 3341; x_wconf 91' lang='lat' dir='ltr'><strong>de</strong></span> <span class='ocrx_word' id='word_1_511' title='bbox 3336 3288 3440 3342; x_wconf 91' lang='lat' dir='ltr'><strong>hoc</strong></span> <span class='ocrx_word' id='word_1_512' title='bbox 3467 3288 3616 3344; x_wconf 88' lang='lat' dir='ltr'><strong>dicto</strong></span> 
     </span>
    </p>
   </div>
   <div class='ocr_carea' id='block_1_64' title="bbox 271 3359 1890 3443">
    <p class='ocr_par' dir='ltr' id='par_1_64' title="bbox 271 3359 1883 3439">
     <span class='ocr_line' id='line_1_64' title="bbox 271 3359 1883 3439; baseline -0.004 -18"><span class='ocrx_word' id='word_1_513' title='bbox 271 3369 370 3422; x_wconf 82' lang='grc' dir='ltr'><strong>τοῦ</strong></span> <span class='ocrx_word' id='word_1_514' title='bbox 405 3367 784 3439; x_wconf 75' lang='grc' dir='ltr'>βαπτίσματος</span> <span class='ocrx_word' id='word_1_515' title='bbox 827 3364 1098 3428; x_wconf 81' lang='grc' dir='ltr'>Ἰωάννου,</span> <span class='ocrx_word' id='word_1_516' title='bbox 1135 3365 1228 3417; x_wconf 73' lang='grc' dir='ltr'>καὶ</span> <span class='ocrx_word' id='word_1_517' title='bbox 1281 3363 1398 3426; x_wconf 86' lang='grc' dir='ltr'>τοῦ,</span> <span class='ocrx_word' id='word_1_518' title='bbox 1438 3383 1456 3415; x_wconf 73' lang='grc' dir='ltr'><strong>ι</strong></span> <span class='ocrx_word' id='word_1_519' title='bbox 1497 3359 1662 3416; x_wconf 83' lang='grc' dir='ltr'>Είπεν</span> <span class='ocrx_word' id='word_1_520' title='bbox 1699 3366 1725 3416; x_wconf 83' lang='grc' dir='ltr'>ὁ</span> <span class='ocrx_word' id='word_1_521' title='bbox 1768 3363 1883 3415; x_wconf 84' lang='grc' dir='ltr'><strong>Κύ-</strong></span> 
     </span>
    </p>
   </div>
   <div class='ocr_carea' id='block_1_65' title="bbox 1996 3359 3615 3443">
    <p class='ocr_par' dir='ltr' id='par_1_65' title="bbox 1996 3374 3615 3443">
     <span class='ocr_line' id='line_1_65' title="bbox 1996 3374 3615 3443; baseline 0.004 -16"><span class='ocrx_word' id='word_1_522' title='bbox 1996 3375 2293 3443; x_wconf 69' lang='lat' dir='ltr'><strong>prophetae,</strong></span> <span class='ocrx_word' id='word_1_523' title='bbox 2344 3393 2362 3426; x_wconf 80' lang='grc' dir='ltr'><strong>ι</strong></span> <span class='ocrx_word' id='word_1_524' title='bbox 2398 3375 2544 3428; x_wconf 80' lang='lat' dir='ltr'><strong>Dixit</strong></span> <span class='ocrx_word' id='word_1_525' title='bbox 2595 3374 2862 3430; x_wconf 91' lang='lat' dir='ltr'><strong>Dominus</strong></span> <span class='ocrx_word' id='word_1_526' title='bbox 2907 3376 3142 3431; x_wconf 90' lang='lat' dir='ltr'><strong>Domino</strong></span> <span class='ocrx_word' id='word_1_527' title='bbox 3186 3393 3309 3433; x_wconf 84' lang='lat' dir='ltr'><strong>meo</strong></span> <span class='ocrx_word' id='word_1_528' title='bbox 3346 3394 3359 3432; x_wconf 91' lang='lat'><strong>:</strong></span> <span class='ocrx_word' id='word_1_529' title='bbox 3407 3399 3423 3429; x_wconf 73' lang='grc' dir='ltr'><strong>ι</strong></span> <span class='ocrx_word' id='word_1_530' title='bbox 3461 3389 3516 3434; x_wconf 90' lang='lat' dir='ltr'><strong>et</strong></span> <span class='ocrx_word' id='word_1_531' title='bbox 3548 3379 3615 3434; x_wconf 89' lang='lat' dir='ltr'><strong>de</strong></span> 
     </span>
    </p>
   </div>
   <div class='ocr_carea' id='block_1_66' title="bbox 271 3455 1890 3540">
    <p class='ocr_par' dir='ltr' id='par_1_66' title="bbox 271 3455 1879 3532">
     <span class='ocr_line' id='line_1_66' title="bbox 271 3455 1879 3532; baseline -0.004 -16"><span class='ocrx_word' id='word_1_532' title='bbox 271 3479 394 3532; x_wconf 87' lang='grc' dir='ltr'>ριος</span> <span class='ocrx_word' id='word_1_533' title='bbox 428 3461 506 3531; x_wconf 81' lang='grc' dir='ltr'><strong>τῷ</strong></span> <span class='ocrx_word' id='word_1_534' title='bbox 552 3460 743 3532; x_wconf 79' lang='grc' dir='ltr'>Κυρίῳ</span> <span class='ocrx_word' id='word_1_535' title='bbox 795 3477 921 3529; x_wconf 87' lang='grc' dir='ltr'>μου,</span> <span class='ocrx_word' id='word_1_536' title='bbox 968 3478 986 3510; x_wconf 75' lang='grc' dir='ltr'><strong>ι</strong></span> <span class='ocrx_word' id='word_1_537' title='bbox 1030 3458 1127 3512; x_wconf 77' lang='grc' dir='ltr'>καὶ</span> <span class='ocrx_word' id='word_1_538' title='bbox 1163 3459 1258 3510; x_wconf 76' lang='grc' dir='ltr'>ἐπὶ</span> <span class='ocrx_word' id='word_1_539' title='bbox 1297 3458 1396 3528; x_wconf 84' lang='grc' dir='ltr'>τῆς</span> <span class='ocrx_word' id='word_1_540' title='bbox 1431 3455 1879 3525; x_wconf 75' lang='grc' dir='ltr'>συγκυπτούσης.</span> 
     </span>
    </p>
   </div>
   <div class='ocr_carea' id='block_1_67' title="bbox 1995 3455 3614 3540">
    <p class='ocr_par' dir='ltr' id='par_1_67' title="bbox 1995 3467 3614 3540">
     <span class='ocr_line' id='line_1_67' title="bbox 1995 3467 3614 3540; baseline 0.006 -20"><span class='ocrx_word' id='word_1_541' title='bbox 1995 3468 2217 3523; x_wconf 88' lang='lat' dir='ltr'><strong>muliere</strong></span> <span class='ocrx_word' id='word_1_542' title='bbox 2261 3469 2547 3524; x_wconf 77' lang='lat' dir='ltr'><strong>incurvata</strong></span> <span class='ocrx_word' id='word_1_543' title='bbox 2581 3470 2650 3524; x_wconf 76' lang='grc'><strong>’³.</strong></span> <span class='ocrx_word' id='word_1_544' title='bbox 2691 3467 2792 3524; x_wconf 90' lang='lat' dir='ltr'><strong>Ubi</strong></span> <span class='ocrx_word' id='word_1_545' title='bbox 2843 3472 3008 3540; x_wconf 82' lang='lat' dir='ltr'><strong>igitur</strong></span> <span class='ocrx_word' id='word_1_546' title='bbox 3055 3488 3140 3528; x_wconf 91' lang='lat' dir='ltr'><strong>me</strong></span> <span class='ocrx_word' id='word_1_547' title='bbox 3192 3474 3382 3529; x_wconf 86' lang='lat' dir='ltr'><strong>audito</strong></span> <span class='ocrx_word' id='word_1_548' title='bbox 3425 3475 3614 3530; x_wconf 65' lang='lat' dir='ltr'><strong>cred-.—</strong></span> 
     </span>
    </p>
   </div>
   <div class='ocr_carea' id='block_1_68' title="bbox 270 3549 1889 3634">
    <p class='ocr_par' dir='ltr' id='par_1_68' title="bbox 270 3549 1883 3618">
     <span class='ocr_line' id='line_1_68' title="bbox 270 3549 1883 3618; baseline -0.004 -10"><span class='ocrx_word' id='word_1_549' title='bbox 270 3553 388 3608; x_wconf 86' lang='grc' dir='ltr'>Ποῦ</span> <span class='ocrx_word' id='word_1_550' title='bbox 412 3553 506 3607; x_wconf 76' lang='grc' dir='ltr'><strong>οὖν</strong></span> <span class='ocrx_word' id='word_1_551' title='bbox 537 3553 896 3616; x_wconf 82' lang='grc' dir='ltr'>ἀκούσαντες,</span> <span class='ocrx_word' id='word_1_552' title='bbox 930 3551 1336 3617; x_wconf 81' lang='grc' dir='ltr'>ἐπιστεύσατε;</span> <span class='ocrx_word' id='word_1_553' title='bbox 1374 3550 1506 3603; x_wconf 83' lang='grc' dir='ltr'>πότε</span> <span class='ocrx_word' id='word_1_554' title='bbox 1563 3549 1619 3602; x_wconf 80' lang='grc' dir='ltr'>δὲ</span> <span class='ocrx_word' id='word_1_555' title='bbox 1657 3549 1883 3618; x_wconf 81' lang='grc' dir='ltr'>ἐρωτώ-</span> 
     </span>
    </p>
   </div>
   <div class='ocr_carea' id='block_1_69' title="bbox 1995 3549 3614 3634">
    <p class='ocr_par' dir='ltr' id='par_1_69' title="bbox 1995 3561 3614 3634">
     <span class='ocr_line' id='line_1_69' title="bbox 1995 3561 3614 3634; baseline 0.005 -18"><span class='ocrx_word' id='word_1_556' title='bbox 1995 3561 2147 3618; x_wconf 82' lang='lat' dir='ltr'><strong>distis</strong></span> <span class='ocrx_word' id='word_1_557' title='bbox 2180 3561 2227 3592; x_wconf 71' lang='grc' dir='ltr'>’δ</span> <span class='ocrx_word' id='word_1_558' title='bbox 2254 3563 2276 3616; x_wconf 91' lang='lat'><strong>?</strong></span> <span class='ocrx_word' id='word_1_559' title='bbox 2303 3561 2536 3630; x_wconf 88' lang='lat' dir='ltr'><strong>Quando</strong></span> <span class='ocrx_word' id='word_1_560' title='bbox 2570 3576 2754 3618; x_wconf 83' lang='lat' dir='ltr'><strong>autem</strong></span> <span class='ocrx_word' id='word_1_561' title='bbox 2797 3564 3120 3634; x_wconf 73' lang='lat' dir='ltr'><strong>interrogati</strong></span> <span class='ocrx_word' id='word_1_562' title='bbox 3177 3583 3283 3620; x_wconf 90' lang='lat' dir='ltr'><strong>non</strong></span> <span class='ocrx_word' id='word_1_563' title='bbox 3330 3567 3614 3624; x_wconf 82' lang='lat' dir='ltr'><strong>siluistis?</strong></span> 
     </span>
    </p>
   </div>
   <div class='ocr_carea' id='block_1_70' title="bbox 269 3643 1888 3727">
    <p class='ocr_par' dir='ltr' id='par_1_70' title="bbox 269 3643 1882 3722">
     <span class='ocr_line' id='line_1_70' title="bbox 269 3643 1882 3722; baseline -0.004 -20"><span class='ocrx_word' id='word_1_564' title='bbox 269 3665 454 3722; x_wconf 81' lang='grc' dir='ltr'>μενοι,</span> <span class='ocrx_word' id='word_1_565' title='bbox 506 3647 607 3701; x_wconf 79' lang='grc' dir='ltr'><strong>οὐκ</strong></span> <span class='ocrx_word' id='word_1_566' title='bbox 639 3647 993 3717; x_wconf 78' lang='grc' dir='ltr'>ἐσιωπήσατε</span> <span class='ocrx_word' id='word_1_567' title='bbox 1022 3663 1036 3708; x_wconf 89' lang='grc'>;</span> <span class='ocrx_word' id='word_1_568' title='bbox 1072 3646 1171 3699; x_wconf 79' lang='grc' dir='ltr'><strong>Διὰ</strong></span> <span class='ocrx_word' id='word_1_569' title='bbox 1212 3643 1370 3698; x_wconf 84' lang='grc' dir='ltr'>τοῦτο</span> <span class='ocrx_word' id='word_1_570' title='bbox 1402 3645 1564 3711; x_wconf 86' lang='grc' dir='ltr'>μόνον</span> <span class='ocrx_word' id='word_1_571' title='bbox 1596 3645 1764 3712; x_wconf 76' lang='grc' dir='ltr'>φημὶ,</span> <span class='ocrx_word' id='word_1_572' title='bbox 1799 3643 1882 3696; x_wconf 72' lang='grc' dir='ltr'><strong>ὅτι</strong></span> 
     </span>
    </p>
   </div>
   <div class='ocr_carea' id='block_1_71' title="bbox 1990 3643 3609 3727">
    <p class='ocr_par' dir='ltr' id='par_1_71' title="bbox 1990 3655 3609 3727">
     <span class='ocr_line' id='line_1_71' title="bbox 1990 3655 3609 3727; baseline 0.007 -21"><span class='ocrx_word' id='word_1_573' title='bbox 1990 3655 2282 3723; x_wconf 85' lang='lat' dir='ltr'><strong>Propterea</strong></span> <span class='ocrx_word' id='word_1_574' title='bbox 2324 3655 2427 3710; x_wconf 82' lang='lat' dir='ltr'><strong>hoc&#39;</strong></span> <span class='ocrx_word' id='word_1_575' title='bbox 2463 3656 2608 3721; x_wconf 89' lang='lat' dir='ltr'><strong>dico,</strong></span> <span class='ocrx_word' id='word_1_576' title='bbox 2654 3659 2797 3726; x_wconf 90' lang='lat' dir='ltr'><strong>quod</strong></span> <span class='ocrx_word' id='word_1_577' title='bbox 2847 3674 2911 3711; x_wconf 71' lang='lat' dir='ltr'><strong>ex</strong></span> <span class='ocrx_word' id='word_1_578' title='bbox 2951 3662 3052 3714; x_wconf 90' lang='lat' dir='ltr'><strong>hoc</strong></span> <span class='ocrx_word' id='word_1_579' title='bbox 3088 3670 3335 3727; x_wconf 86' lang='lat' dir='ltr'><strong>tempore</strong></span> <span class='ocrx_word' id='word_1_580' title='bbox 3381 3677 3486 3716; x_wconf 92' lang='lat' dir='ltr'><strong>nou</strong></span> <span class='ocrx_word' id='word_1_581' title='bbox 3522 3670 3609 3718; x_wconf 85' lang='lat' dir='ltr'><strong>est</strong></span> 
     </span>
    </p>
   </div>
   <div class='ocr_carea' id='block_1_72' title="bbox 265 3737 1884 3823">
    <p class='ocr_par' dir='ltr' id='par_1_72' title="bbox 265 3737 1881 3813">
     <span class='ocr_line' id='line_1_72' title="bbox 265 3737 1881 3813; baseline -0.007 -15"><span class='ocrx_word' id='word_1_582' title='bbox 265 3743 386 3799; x_wconf 77' lang='grc' dir='ltr'><strong>ἀπὸ</strong></span> <span class='ocrx_word' id='word_1_583' title='bbox 406 3741 502 3796; x_wconf 87' lang='grc' dir='ltr'><strong>τοῦ</strong></span> <span class='ocrx_word' id='word_1_584' title='bbox 531 3742 627 3796; x_wconf 90' lang='grc' dir='ltr'><strong>νῦν</strong></span> <span class='ocrx_word' id='word_1_585' title='bbox 656 3742 847 3813; x_wconf 75' lang='grc' dir='ltr'>καιρὸς</span> <span class='ocrx_word' id='word_1_586' title='bbox 875 3741 1050 3809; x_wconf 76' lang='grc' dir='ltr'>λόγων</span> <span class='ocrx_word' id='word_1_587' title='bbox 1081 3741 1174 3794; x_wconf 74' lang='grc' dir='ltr'><strong>καὶ</strong></span> <span class='ocrx_word' id='word_1_588' title='bbox 1208 3739 1571 3800; x_wconf 79' lang='grc' dir='ltr'>διδασκαλίας</span> <span class='ocrx_word' id='word_1_589' title='bbox 1601 3738 1701 3790; x_wconf 84' lang='grc' dir='ltr'><strong>ούκ</strong></span> <span class='ocrx_word' id='word_1_590' title='bbox 1732 3737 1881 3788; x_wconf 78' lang='grc' dir='ltr'>ἔστιν</span> 
     </span>
    </p>
   </div>
   <div class='ocr_carea' id='block_1_73' title="bbox 1990 3737 3609 3823">
    <p class='ocr_par' dir='ltr' id='par_1_73' title="bbox 1990 3751 3609 3823">
     <span class='ocr_line' id='line_1_73' title="bbox 1990 3751 3609 3823; baseline 0.006 -20"><span class='ocrx_word' id='word_1_591' title='bbox 1990 3759 2204 3820; x_wconf 88' lang='lat' dir='ltr'><strong>tempus</strong></span> <span class='ocrx_word' id='word_1_592' title='bbox 2250 3764 2570 3804; x_wconf 86' lang='lat' dir='ltr'><strong>sermonum</strong></span> <span class='ocrx_word' id='word_1_593' title='bbox 2612 3762 2667 3803; x_wconf 87' lang='lat' dir='ltr'><strong>et</strong></span> <span class='ocrx_word' id='word_1_594' title='bbox 2707 3751 2975 3808; x_wconf 74' lang='lat' dir='ltr'><strong>doctrina:</strong></span> <span class='ocrx_word' id='word_1_595' title='bbox 3012 3753 3080 3808; x_wconf 87' lang='lat' dir='ltr'><strong>de</strong></span> <span class='ocrx_word' id='word_1_596' title='bbox 3126 3754 3250 3820; x_wconf 91' lang='lat' dir='ltr'><strong>hoc,</strong></span> <span class='ocrx_word' id='word_1_597' title='bbox 3304 3755 3428 3823; x_wconf 90' lang='lat' dir='ltr'><strong>quis</strong></span> <span class='ocrx_word' id='word_1_598' title='bbox 3479 3757 3609 3812; x_wconf 85' lang='lat' dir='ltr'><strong>sim.</strong></span> 
     </span>
    </p>
   </div>
   <div class='ocr_carea' id='block_1_74' title="bbox 267 3827 1886 3918">
    <p class='ocr_par' dir='ltr' id='par_1_74' title="bbox 267 3827 1881 3908">
     <span class='ocr_line' id='line_1_74' title="bbox 267 3827 1881 3908; baseline -0.007 -18"><span class='ocrx_word' id='word_1_599' title='bbox 267 3836 412 3908; x_wconf 80' lang='grc' dir='ltr'>ὑμῖν</span> <span class='ocrx_word' id='word_1_600' title='bbox 445 3837 574 3908; x_wconf 75' lang='grc' dir='ltr'>περὶ</span> <span class='ocrx_word' id='word_1_601' title='bbox 603 3833 699 3889; x_wconf 87' lang='grc' dir='ltr'><strong>τοῦ</strong></span> <span class='ocrx_word' id='word_1_602' title='bbox 733 3835 815 3898; x_wconf 82' lang='grc' dir='ltr'><strong>τίς</strong></span> <span class='ocrx_word' id='word_1_603' title='bbox 845 3837 966 3904; x_wconf 80' lang='grc' dir='ltr'>εἰμι</span> <span class='ocrx_word' id='word_1_604' title='bbox 990 3848 1003 3862; x_wconf 90' lang='grc'><strong>·</strong></span> <span class='ocrx_word' id='word_1_605' title='bbox 1041 3835 1090 3886; x_wconf 87' lang='grc' dir='ltr'><strong>εί</strong></span> <span class='ocrx_word' id='word_1_606' title='bbox 1124 3831 1236 3903; x_wconf 84' lang='grc' dir='ltr'>γὰρ</span> <span class='ocrx_word' id='word_1_607' title='bbox 1267 3830 1515 3898; x_wconf 65' lang='grc' dir='ltr'>ἠθέλετε,</span> <span class='ocrx_word' id='word_1_608' title='bbox 1568 3827 1774 3896; x_wconf 76' lang='grc' dir='ltr'>ἓγνωτέ</span> <span class='ocrx_word' id='word_1_609' title='bbox 1811 3845 1881 3897; x_wconf 83' lang='grc' dir='ltr'><strong>με</strong></span> 
     </span>
    </p>
   </div>
   <div class='ocr_carea' id='block_1_75' title="bbox 1995 3827 3614 3918">
    <p class='ocr_par' dir='ltr' id='par_1_75' title="bbox 1995 3842 3614 3918">
     <span class='ocr_line' id='line_1_75' title="bbox 1995 3842 3614 3918; baseline 0.005 -21"><span class='ocrx_word' id='word_1_610' title='bbox 1995 3843 2042 3897; x_wconf 85' lang='lat' dir='ltr'><strong>Si</strong></span> <span class='ocrx_word' id='word_1_611' title='bbox 2076 3843 2221 3897; x_wconf 89' lang='lat' dir='ltr'><strong>enim</strong></span> <span class='ocrx_word' id='word_1_612' title='bbox 2255 3842 2571 3897; x_wconf 82' lang='lat' dir='ltr'><strong>volnissetis</strong></span> <span class='ocrx_word' id='word_1_613' title='bbox 2594 3884 2607 3907; x_wconf 92' lang='lat'><strong>,</strong></span> <span class='ocrx_word' id='word_1_614' title='bbox 2643 3845 2898 3912; x_wconf 75' lang='lat' dir='ltr'><strong>cogiiitus</strong></span> <span class='ocrx_word' id='word_1_615' title='bbox 2940 3861 3118 3901; x_wconf 84' lang='lat' dir='ltr'><strong>essem</strong></span> <span class='ocrx_word' id='word_1_616' title='bbox 3148 3847 3304 3902; x_wconf 81' lang='lat' dir='ltr'><strong>vobis</strong></span> <span class='ocrx_word' id='word_1_617' title='bbox 3338 3863 3404 3903; x_wconf 84' lang='lat' dir='ltr'><strong>ex</strong></span> <span class='ocrx_word' id='word_1_618' title='bbox 3436 3849 3614 3918; x_wconf 78' lang='lat' dir='ltr'><strong>signis</strong></span> 
     </span>
    </p>
   </div>
   <div class='ocr_carea' id='block_1_76' title="bbox 263 3921 1882 4004">
    <p class='ocr_par' dir='ltr' id='par_1_76' title="bbox 263 3921 1879 3999">
     <span class='ocr_line' id='line_1_76' title="bbox 263 3921 1879 3999; baseline -0.007 -14"><span class='ocrx_word' id='word_1_619' title='bbox 263 3930 384 3985; x_wconf 73' lang='grc' dir='ltr'>ἀπὸ</span> <span class='ocrx_word' id='word_1_620' title='bbox 435 3928 544 3981; x_wconf 86' lang='grc' dir='ltr'><strong>τῶν</strong></span> <span class='ocrx_word' id='word_1_621' title='bbox 580 3928 895 3999; x_wconf 79' lang='grc' dir='ltr'>γενομένων</span> <span class='ocrx_word' id='word_1_622' title='bbox 937 3925 1220 3997; x_wconf 84' lang='grc' dir='ltr'>σημείων·</span> <span class='ocrx_word' id='word_1_623' title='bbox 1285 3925 1520 3996; x_wconf 80' lang='grc' dir='ltr'>κρίσεως</span> <span class='ocrx_word' id='word_1_624' title='bbox 1569 3922 1626 3974; x_wconf 75' lang='grc' dir='ltr'>δὲ</span> <span class='ocrx_word' id='word_1_625' title='bbox 1685 3921 1879 3991; x_wconf 71' lang='grc' dir='ltr'>καιρὸς</span> 
     </span>
    </p>
   </div>
   <div class='ocr_carea' id='block_1_77' title="bbox 1993 3921 3612 4004">
    <p class='ocr_par' dir='ltr' id='par_1_77' title="bbox 1993 3933 3612 4004">
     <span class='ocr_line' id='line_1_77' title="bbox 1993 3933 3612 4004; baseline 0.004 -15"><span class='ocrx_word' id='word_1_626' title='bbox 1993 3945 2036 3989; x_wconf 80' lang='lat' dir='ltr'><strong>et</strong></span> <span class='ocrx_word' id='word_1_627' title='bbox 2069 3935 2373 3992; x_wconf 79' lang='lat' dir='ltr'><strong>miraculis.</strong></span> <span class='ocrx_word' id='word_1_628' title='bbox 2403 3933 2602 3989; x_wconf 82' lang='lat' dir='ltr'><strong>Judicii</strong></span> <span class='ocrx_word' id='word_1_629' title='bbox 2633 3949 2820 3989; x_wconf 81' lang='lat' dir='ltr'><strong>autem</strong></span> <span class='ocrx_word' id='word_1_630' title='bbox 2863 3947 3078 4004; x_wconf 87' lang='lat' dir='ltr'><strong>tempus</strong></span> <span class='ocrx_word' id='word_1_631' title='bbox 3113 3951 3196 3993; x_wconf 86' lang='lat' dir='ltr'><strong>est</strong></span> <span class='ocrx_word' id='word_1_632' title='bbox 3232 3956 3296 3993; x_wconf 81' lang='lat' dir='ltr'><strong>ex</strong></span> <span class='ocrx_word' id='word_1_633' title='bbox 3332 3940 3436 3995; x_wconf 92' lang='lat' dir='ltr'><strong>hoc</strong></span> <span class='ocrx_word' id='word_1_634' title='bbox 3472 3950 3612 3996; x_wconf 84' lang='lat' dir='ltr'><strong>tent-</strong></span> 
     </span>
    </p>
   </div>
   <div class='ocr_carea' id='block_1_78' title="bbox 263 4016 1882 4098">
    <p class='ocr_par' dir='ltr' id='par_1_78' title="bbox 263 4016 1875 4090">
     <span class='ocr_line' id='line_1_78' title="bbox 263 4016 1875 4090; baseline -0.007 -10"><span class='ocrx_word' id='word_1_635' title='bbox 263 4024 384 4080; x_wconf 76' lang='grc' dir='ltr'><strong>ἀπὸ</strong></span> <span class='ocrx_word' id='word_1_636' title='bbox 407 4022 502 4076; x_wconf 86' lang='grc' dir='ltr'><strong>τοῦ</strong></span> <span class='ocrx_word' id='word_1_637' title='bbox 524 4021 641 4076; x_wconf 87' lang='grc' dir='ltr'>νῦν.</span> <span class='ocrx_word' id='word_1_638' title='bbox 667 4020 906 4090; x_wconf 66' lang='grc' dir='ltr'>Ὀψεσθε</span> <span class='ocrx_word' id='word_1_639' title='bbox 932 4016 1027 4074; x_wconf 73' lang='grc' dir='ltr'><strong>οὖν</strong></span> <span class='ocrx_word' id='word_1_640' title='bbox 1057 4037 1125 4088; x_wconf 88' lang='grc' dir='ltr'><strong>με</strong></span> <span class='ocrx_word' id='word_1_641' title='bbox 1155 4019 1247 4072; x_wconf 76' lang='grc' dir='ltr'><strong>τὸν</strong></span> <span class='ocrx_word' id='word_1_642' title='bbox 1273 4019 1400 4070; x_wconf 74' lang='grc' dir='ltr'>Υίδν</span> <span class='ocrx_word' id='word_1_643' title='bbox 1433 4017 1528 4070; x_wconf 77' lang='grc' dir='ltr'><strong>τοῦ</strong></span> <span class='ocrx_word' id='word_1_644' title='bbox 1563 4016 1875 4088; x_wconf 78' lang='grc' dir='ltr'>ανθρώπου,</span> 
     </span>
    </p>
   </div>
   <div class='ocr_carea' id='block_1_79' title="bbox 1988 4016 3607 4098">
    <p class='ocr_par' dir='ltr' id='par_1_79' title="bbox 1988 4025 3607 4098">
     <span class='ocr_line' id='line_1_79' title="bbox 1988 4025 3607 4098; baseline 0.005 -16"><span class='ocrx_word' id='word_1_645' title='bbox 1988 4042 2138 4097; x_wconf 88' lang='lat' dir='ltr'><strong>pore.</strong></span> <span class='ocrx_word' id='word_1_646' title='bbox 2179 4025 2448 4082; x_wconf 76' lang='lat' dir='ltr'><strong>Videbitis</strong></span> <span class='ocrx_word' id='word_1_647' title='bbox 2481 4027 2646 4098; x_wconf 84' lang='lat' dir='ltr'><strong>igitur</strong></span> <span class='ocrx_word' id='word_1_648' title='bbox 2683 4044 2767 4080; x_wconf 82' lang='lat' dir='ltr'><strong>me</strong></span> <span class='ocrx_word' id='word_1_649' title='bbox 2806 4028 3001 4083; x_wconf 83' lang='lat' dir='ltr'><strong>Filium</strong></span> <span class='ocrx_word' id='word_1_650' title='bbox 3036 4032 3279 4086; x_wconf 86' lang='lat' dir='ltr'><strong>hominis</strong></span> <span class='ocrx_word' id='word_1_651' title='bbox 3319 4033 3607 4090; x_wconf 88' lang='lat' dir='ltr'><strong>sedentem</strong></span> 
     </span>
    </p>
   </div>
   <div class='ocr_carea' id='block_1_80' title="bbox 266 4112 1885 4194">
    <p class='ocr_par' dir='ltr' id='par_1_80' title="bbox 266 4112 1878 4188">
     <span class='ocr_line' id='line_1_80' title="bbox 266 4112 1878 4188; baseline -0.004 -16"><span class='ocrx_word' id='word_1_652' title='bbox 266 4116 590 4188; x_wconf 77' lang='grc' dir='ltr'>καθήμενον</span> <span class='ocrx_word' id='word_1_653' title='bbox 621 4118 686 4169; x_wconf 80' lang='grc' dir='ltr'><strong>ἐκ</strong></span> <span class='ocrx_word' id='word_1_654' title='bbox 728 4113 920 4180; x_wconf 77' lang='grc' dir='ltr'>δεξιῶν</span> <span class='ocrx_word' id='word_1_655' title='bbox 956 4113 1059 4184; x_wconf 72' lang='grc' dir='ltr'>τῆς</span> <span class='ocrx_word' id='word_1_656' title='bbox 1097 4114 1386 4183; x_wconf 78' lang='grc' dir='ltr'>δυνάμεως</span> <span class='ocrx_word' id='word_1_657' title='bbox 1422 4112 1516 4165; x_wconf 87' lang='grc' dir='ltr'><strong>τοῦ</strong></span> <span class='ocrx_word' id='word_1_658' title='bbox 1552 4113 1712 4165; x_wconf 72' lang='grc' dir='ltr'>Θεοῦ.</span> <span class='ocrx_word' id='word_1_659' title='bbox 1749 4113 1878 4165; x_wconf 77' lang='grc' dir='ltr'>Δέον</span> 
     </span>
    </p>
   </div>
   <div class='ocr_carea' id='block_1_81' title="bbox 1986 4112 3605 4194">
    <p class='ocr_par' dir='ltr' id='par_1_81' title="bbox 1986 4121 3605 4194">
     <span class='ocr_line' id='line_1_81' title="bbox 1986 4121 3605 4194; baseline 0.006 -19"><span class='ocrx_word' id='word_1_660' title='bbox 1986 4138 2010 4175; x_wconf 88' lang='lat' dir='ltr'><strong>a</strong></span> <span class='ocrx_word' id='word_1_661' title='bbox 2051 4121 2262 4176; x_wconf 83' lang='lat' dir='ltr'><strong>dextris</strong></span> <span class='ocrx_word' id='word_1_662' title='bbox 2313 4123 2534 4177; x_wconf 85' lang='lat' dir='ltr'><strong>virtutis</strong></span> <span class='ocrx_word' id='word_1_663' title='bbox 2583 4122 2697 4177; x_wconf 90' lang='lat' dir='ltr'><strong>Dei.</strong></span> <span class='ocrx_word' id='word_1_664' title='bbox 2732 4121 2869 4177; x_wconf 91' lang='lat' dir='ltr'><strong>Cum</strong></span> <span class='ocrx_word' id='word_1_665' title='bbox 2905 4124 3072 4194; x_wconf 81' lang='lat' dir='ltr'><strong>igitur</strong></span> <span class='ocrx_word' id='word_1_666' title='bbox 3101 4124 3424 4182; x_wconf 86' lang='lat' dir='ltr'><strong>debuissent</strong></span> <span class='ocrx_word' id='word_1_667' title='bbox 3456 4140 3605 4184; x_wconf 90' lang='lat' dir='ltr'><strong>metu</strong></span> 
     </span>
    </p>
   </div>
   <div class='ocr_carea' id='block_1_82' title="bbox 261 4205 1880 4289">
    <p class='ocr_par' dir='ltr' id='par_1_82' title="bbox 261 4205 1877 4280">
     <span class='ocr_line' id='line_1_82' title="bbox 261 4205 1877 4280; baseline -0.004 -16"><span class='ocrx_word' id='word_1_668' title='bbox 261 4205 368 4266; x_wconf 72' lang='grc' dir='ltr'><strong>οὖν</strong></span> <span class='ocrx_word' id='word_1_669' title='bbox 404 4208 628 4280; x_wconf 70' lang='grc' dir='ltr'>πτῆξαι,</span> <span class='ocrx_word' id='word_1_670' title='bbox 685 4211 734 4262; x_wconf 84' lang='grc' dir='ltr'>οἱ</span> <span class='ocrx_word' id='word_1_671' title='bbox 784 4209 840 4261; x_wconf 82' lang='grc' dir='ltr'><strong>δὲ</strong></span> <span class='ocrx_word' id='word_1_672' title='bbox 881 4208 1021 4278; x_wconf 81' lang='grc' dir='ltr'>μετὰ</span> <span class='ocrx_word' id='word_1_673' title='bbox 1077 4207 1269 4260; x_wconf 84' lang='grc' dir='ltr'>τοῦτον</span> <span class='ocrx_word' id='word_1_674' title='bbox 1318 4207 1410 4259; x_wconf 78' lang='grc' dir='ltr'><strong>τὸν</strong></span> <span class='ocrx_word' id='word_1_675' title='bbox 1453 4206 1614 4275; x_wconf 90' lang='grc' dir='ltr'>λόγον</span> <span class='ocrx_word' id='word_1_676' title='bbox 1673 4206 1877 4276; x_wconf 83' lang='grc' dir='ltr'>μᾶλλον</span> 
     </span>
    </p>
   </div>
   <div class='ocr_carea' id='block_1_83' title="bbox 1983 4205 3602 4289">
    <p class='ocr_par' dir='ltr' id='par_1_83' title="bbox 1984 4215 3602 4289">
     <span class='ocr_line' id='line_1_83' title="bbox 1984 4215 3602 4289; baseline 0.006 -21"><span class='ocrx_word' id='word_1_677' title='bbox 1984 4216 2281 4283; x_wconf 80' lang='lat' dir='ltr'><strong>trepidare,</strong></span> <span class='ocrx_word' id='word_1_678' title='bbox 2334 4215 2407 4269; x_wconf 90' lang='lat' dir='ltr'><strong>illi</strong></span> <span class='ocrx_word' id='word_1_679' title='bbox 2455 4215 2540 4270; x_wconf 90' lang='lat' dir='ltr'><strong>his</strong></span> <span class='ocrx_word' id='word_1_680' title='bbox 2592 4216 2798 4272; x_wconf 85' lang='lat' dir='ltr'><strong>auditis</strong></span> <span class='ocrx_word' id='word_1_681' title='bbox 2848 4219 3043 4287; x_wconf 87' lang='lat' dir='ltr'><strong>majori</strong></span> <span class='ocrx_word' id='word_1_682' title='bbox 3115 4219 3267 4274; x_wconf 86' lang='lat' dir='ltr'><strong>rabie</strong></span> <span class='ocrx_word' id='word_1_683' title='bbox 3315 4223 3602 4289; x_wconf 85' lang='lat' dir='ltr'><strong>concitati,</strong></span> 
     </span>
    </p>
   </div>
   <div class='ocr_carea' id='block_1_84' title="bbox 264 4292 1883 4382">
    <p class='ocr_par' dir='ltr' id='par_1_84' title="bbox 264 4292 1878 4373">
     <span class='ocr_line' id='line_1_84' title="bbox 264 4292 1878 4373; baseline -0.004 -17"><span class='ocrx_word' id='word_1_684' title='bbox 264 4303 601 4373; x_wconf 80' lang='grc' dir='ltr'>ἐλύττησαν,</span> <span class='ocrx_word' id='word_1_685' title='bbox 634 4302 731 4354; x_wconf 73' lang='grc' dir='ltr'>καὶ</span> <span class='ocrx_word' id='word_1_686' title='bbox 787 4300 1070 4373; x_wconf 83' lang='grc' dir='ltr'>μανιωδῶς</span> <span class='ocrx_word' id='word_1_687' title='bbox 1128 4300 1414 4371; x_wconf 74' lang='grc' dir='ltr'>ἐρωτῶσι·</span> <span class='ocrx_word' id='word_1_688' title='bbox 1457 4318 1474 4350; x_wconf 83' lang='grc' dir='ltr'><strong>ι</strong></span> <span class='ocrx_word' id='word_1_689' title='bbox 1528 4299 1601 4351; x_wconf 74' lang='grc' dir='ltr'>Σὺ</span> <span class='ocrx_word' id='word_1_690' title='bbox 1633 4292 1818 4352; x_wconf 79' lang='grc' dir='ltr'>οῦνέἷ</span> <span class='ocrx_word' id='word_1_691' title='bbox 1849 4299 1878 4350; x_wconf 90' lang='grc' dir='ltr'><strong>ό</strong></span> 
     </span>
    </p>
   </div>
   <div class='ocr_carea' id='block_1_85' title="bbox 1984 4292 3603 4382">
    <p class='ocr_par' dir='ltr' id='par_1_85' title="bbox 1984 4307 3603 4382">
     <span class='ocr_line' id='line_1_85' title="bbox 1984 4307 3603 4382; baseline 0.007 -23"><span class='ocrx_word' id='word_1_692' title='bbox 1984 4309 2206 4375; x_wconf 74' lang='lat' dir='ltr'><strong>perinde</strong></span> <span class='ocrx_word' id='word_1_693' title='bbox 2241 4323 2302 4363; x_wconf 90' lang='lat' dir='ltr'><strong>ac</strong></span> <span class='ocrx_word' id='word_1_694' title='bbox 2340 4308 2518 4363; x_wconf 90' lang='lat' dir='ltr'><strong>insani</strong></span> <span class='ocrx_word' id='word_1_695' title='bbox 2552 4307 2932 4380; x_wconf 84' lang='lat' dir='ltr'><strong>interrogant:</strong></span> <span class='ocrx_word' id='word_1_696' title='bbox 2976 4330 2994 4362; x_wconf 79' lang='grc' dir='ltr'><strong>ι</strong></span> <span class='ocrx_word' id='word_1_697' title='bbox 3032 4310 3113 4366; x_wconf 92' lang='lat' dir='ltr'><strong>Tu</strong></span> <span class='ocrx_word' id='word_1_698' title='bbox 3153 4313 3316 4382; x_wconf 89' lang='lat' dir='ltr'><strong>igitur</strong></span> <span class='ocrx_word' id='word_1_699' title='bbox 3337 4329 3395 4369; x_wconf 88' lang='lat' dir='ltr'><strong>es</strong></span> <span class='ocrx_word' id='word_1_700' title='bbox 3430 4315 3603 4370; x_wconf 84' lang='lat' dir='ltr'><strong>Filius</strong></span> 
     </span>
    </p>
   </div>
   <div class='ocr_carea' id='block_1_86' title="bbox 263 4393 1882 4472">
    <p class='ocr_par' dir='ltr' id='par_1_86' title="bbox 263 4393 1872 4467">
     <span class='ocr_line' id='line_1_86' title="bbox 263 4393 1872 4467; baseline -0.005 -16"><span class='ocrx_word' id='word_1_701' title='bbox 263 4398 403 4460; x_wconf 82' lang='grc' dir='ltr'>Υίὸς</span> <span class='ocrx_word' id='word_1_702' title='bbox 444 4395 539 4450; x_wconf 89' lang='grc' dir='ltr'><strong>τοῦ</strong></span> <span class='ocrx_word' id='word_1_703' title='bbox 590 4394 766 4461; x_wconf 70' lang='grc' dir='ltr'>Θεοῦ,</span> <span class='ocrx_word' id='word_1_704' title='bbox 801 4413 818 4448; x_wconf 76' lang='grc' dir='ltr'><strong>ι</strong></span> <span class='ocrx_word' id='word_1_705' title='bbox 863 4396 925 4448; x_wconf 89' lang='lat'><strong>&#39;0</strong></span> <span class='ocrx_word' id='word_1_706' title='bbox 968 4395 1024 4448; x_wconf 78' lang='grc' dir='ltr'>δὲ</span> <span class='ocrx_word' id='word_1_707' title='bbox 1063 4395 1248 4467; x_wconf 80' lang='grc' dir='ltr'>μέσως</span> <span class='ocrx_word' id='word_1_708' title='bbox 1278 4411 1394 4458; x_wconf 84' lang='grc' dir='ltr'><strong>πως</strong></span> <span class='ocrx_word' id='word_1_709' title='bbox 1437 4394 1530 4446; x_wconf 73' lang='grc' dir='ltr'><strong>καὶ</strong></span> <span class='ocrx_word' id='word_1_710' title='bbox 1572 4393 1872 4463; x_wconf 77' lang='grc' dir='ltr'>εἰρωνικῶ,</span> 
     </span>
    </p>
   </div>
   <div class='ocr_carea' id='block_1_87' title="bbox 1983 4393 3602 4472">
    <p class='ocr_par' dir='ltr' id='par_1_87' title="bbox 1985 4401 3602 4472">
     <span class='ocr_line' id='line_1_87' title="bbox 1985 4401 3602 4472; baseline 0.006 -17"><span class='ocrx_word' id='word_1_711' title='bbox 1985 4402 2126 4458; x_wconf 88' lang='lat' dir='ltr'><strong>Dei?</strong></span> <span class='ocrx_word' id='word_1_712' title='bbox 2164 4420 2182 4452; x_wconf 78' lang='grc' dir='ltr'><strong>ι</strong></span> <span class='ocrx_word' id='word_1_713' title='bbox 2225 4401 2424 4456; x_wconf 87' lang='lat' dir='ltr'><strong>Verum</strong></span> <span class='ocrx_word' id='word_1_714' title='bbox 2465 4402 2580 4469; x_wconf 87' lang='lat' dir='ltr'><strong>ipse</strong></span> <span class='ocrx_word' id='word_1_715' title='bbox 2613 4404 2795 4457; x_wconf 88' lang='lat' dir='ltr'><strong>medio</strong></span> <span class='ocrx_word' id='word_1_716' title='bbox 2821 4404 3060 4472; x_wconf 87' lang='lat' dir='ltr'><strong>quodam</strong></span> <span class='ocrx_word' id='word_1_717' title='bbox 3097 4406 3259 4459; x_wconf 89' lang='lat' dir='ltr'><strong>modo</strong></span> <span class='ocrx_word' id='word_1_718' title='bbox 3297 4414 3350 4459; x_wconf 92' lang='lat' dir='ltr'><strong>et</strong></span> <span class='ocrx_word' id='word_1_719' title='bbox 3388 4405 3602 4464; x_wconf 82' lang='lat' dir='ltr'><strong>ironice</strong></span> 
     </span>
    </p>
   </div>
   <div class='ocr_carea' id='block_1_88' title="bbox 260 4485 1879 4564">
    <p class='ocr_par' dir='ltr' id='par_1_88' title="bbox 260 4485 1866 4561">
     <span class='ocr_line' id='line_1_88' title="bbox 260 4485 1866 4561; baseline -0.004 -18"><span class='ocrx_word' id='word_1_720' title='bbox 260 4487 636 4561; x_wconf 78' lang='grc' dir='ltr'>ἀποκρίνεται</span> <span class='ocrx_word' id='word_1_721' title='bbox 660 4502 676 4520; x_wconf 76' lang='grc' dir='ltr'><strong>ο</strong></span> <span class='ocrx_word' id='word_1_722' title='bbox 705 4506 724 4539; x_wconf 75' lang='grc' dir='ltr'><strong>ι</strong></span> <span class='ocrx_word' id='word_1_723' title='bbox 766 4485 956 4558; x_wconf 85' lang='grc' dir='ltr'>Ὑμεῖς</span> <span class='ocrx_word' id='word_1_724' title='bbox 989 4487 1149 4539; x_wconf 77' lang='grc' dir='ltr'>τοῦτο</span> <span class='ocrx_word' id='word_1_725' title='bbox 1178 4486 1390 4555; x_wconf 82' lang='grc' dir='ltr'>λέγετε,</span> <span class='ocrx_word' id='word_1_726' title='bbox 1429 4486 1510 4538; x_wconf 79' lang='grc' dir='ltr'><strong>ὅτι</strong></span> <span class='ocrx_word' id='word_1_727' title='bbox 1539 4487 1650 4554; x_wconf 81' lang='grc' dir='ltr'>ἐγώ</span> <span class='ocrx_word' id='word_1_728' title='bbox 1676 4487 1819 4553; x_wconf 81' lang='grc' dir='ltr'><strong>είμι.⁶</strong></span> <span class='ocrx_word' id='word_1_729' title='bbox 1849 4504 1866 4536; x_wconf 77' lang='grc' dir='ltr'><strong>ι</strong></span> 
     </span>
    </p>
   </div>
   <div class='ocr_carea' id='block_1_89' title="bbox 1982 4485 3601 4564">
    <p class='ocr_par' dir='ltr' id='par_1_89' title="bbox 1985 4491 3601 4564">
     <span class='ocr_line' id='line_1_89' title="bbox 1985 4491 3601 4564; baseline 0.005 -18"><span class='ocrx_word' id='word_1_730' title='bbox 1985 4494 2278 4562; x_wconf 86' lang='lat' dir='ltr'><strong>respondet</strong></span> <span class='ocrx_word' id='word_1_731' title='bbox 2313 4509 2326 4547; x_wconf 92' lang='lat'><strong>:</strong></span> <span class='ocrx_word' id='word_1_732' title='bbox 2372 4512 2388 4543; x_wconf 84' lang='grc' dir='ltr'><strong>ι</strong></span> <span class='ocrx_word' id='word_1_733' title='bbox 2435 4491 2540 4548; x_wconf 86' lang='lat' dir='ltr'><strong>Vos</strong></span> <span class='ocrx_word' id='word_1_734' title='bbox 2584 4493 2687 4548; x_wconf 90' lang='lat' dir='ltr'><strong>hoc</strong></span> <span class='ocrx_word' id='word_1_735' title='bbox 2719 4494 2904 4550; x_wconf 86' lang='lat' dir='ltr'><strong>dicitis</strong></span> <span class='ocrx_word' id='word_1_736' title='bbox 2929 4498 3072 4564; x_wconf 89' lang='lat' dir='ltr'><strong>quod</strong></span> <span class='ocrx_word' id='word_1_737' title='bbox 3101 4511 3202 4562; x_wconf 81' lang='lat' dir='ltr'><strong>ego</strong></span> <span class='ocrx_word' id='word_1_738' title='bbox 3239 4498 3364 4553; x_wconf 90' lang='lat' dir='ltr'><strong>sim.</strong></span> <span class='ocrx_word' id='word_1_739' title='bbox 3412 4517 3430 4551; x_wconf 74' lang='grc' dir='ltr'><strong>ι</strong></span> <span class='ocrx_word' id='word_1_740' title='bbox 3469 4499 3601 4554; x_wconf 80' lang='lat' dir='ltr'><strong>Ete-</strong></span> 
     </span>
    </p>
   </div>
   <div class='ocr_carea' id='block_1_90' title="bbox 261 4566 1880 4661">
    <p class='ocr_par' dir='ltr' id='par_1_90' title="bbox 261 4582 1876 4655">
     <span class='ocr_line' id='line_1_90' title="bbox 261 4582 1876 4655; baseline -0.002 -17"><span class='ocrx_word' id='word_1_741' title='bbox 261 4584 382 4639; x_wconf 75' lang='grc' dir='ltr'><strong>Καὶ</strong></span> <span class='ocrx_word' id='word_1_742' title='bbox 415 4584 525 4655; x_wconf 79' lang='grc' dir='ltr'>γὰρ</span> <span class='ocrx_word' id='word_1_743' title='bbox 557 4583 883 4654; x_wconf 82' lang='grc' dir='ltr'>κατεφρόνει</span> <span class='ocrx_word' id='word_1_744' title='bbox 929 4582 1030 4652; x_wconf 68' lang='grc' dir='ltr'><strong>τῆς</strong></span> <span class='ocrx_word' id='word_1_745' title='bbox 1054 4583 1255 4653; x_wconf 83' lang='grc' dir='ltr'>λύττης</span> <span class='ocrx_word' id='word_1_746' title='bbox 1301 4582 1505 4647; x_wconf 79' lang='grc' dir='ltr'>αὐτῶν,</span> <span class='ocrx_word' id='word_1_747' title='bbox 1539 4582 1634 4634; x_wconf 74' lang='grc' dir='ltr'>καὶ</span> <span class='ocrx_word' id='word_1_748' title='bbox 1667 4582 1876 4652; x_wconf 81' lang='grc' dir='ltr'>ἀπτοή-</span> 
     </span>
    </p>
   </div>
   <div class='ocr_carea' id='block_1_91' title="bbox 1981 4566 3600 4661">
    <p class='ocr_par' dir='ltr' id='par_1_91' title="bbox 1987 4585 3600 4661">
     <span class='ocr_line' id='line_1_91' title="bbox 1987 4585 3600 4661; baseline 0.006 -19"><span class='ocrx_word' id='word_1_749' title='bbox 1987 4590 2092 4642; x_wconf 90' lang='lat' dir='ltr'><strong>nim</strong></span> <span class='ocrx_word' id='word_1_750' title='bbox 2136 4585 2474 4658; x_wconf 86' lang='lat' dir='ltr'><strong>despiciebat</strong></span> <span class='ocrx_word' id='word_1_751' title='bbox 2519 4590 2790 4643; x_wconf 92' lang='lat' dir='ltr'><strong>insaniam</strong></span> <span class='ocrx_word' id='word_1_752' title='bbox 2842 4605 3064 4656; x_wconf 89' lang='lat' dir='ltr'><strong>eorum,</strong></span> <span class='ocrx_word' id='word_1_753' title='bbox 3111 4601 3166 4646; x_wconf 89' lang='lat' dir='ltr'><strong>et</strong></span> <span class='ocrx_word' id='word_1_754' title='bbox 3212 4593 3487 4661; x_wconf 80' lang='lat' dir='ltr'><strong>intrepide</strong></span> <span class='ocrx_word' id='word_1_755' title='bbox 3517 4594 3600 4651; x_wconf 88' lang='lat' dir='ltr'><strong>eis</strong></span> 
     </span>
    </p>
   </div>
   <div class='ocr_carea' id='block_1_92' title="bbox 256 4675 1875 4755">
    <p class='ocr_par' dir='ltr' id='par_1_92' title="bbox 256 4675 1872 4747">
     <span class='ocr_line' id='line_1_92' title="bbox 256 4675 1872 4747; baseline -0.002 -16"><span class='ocrx_word' id='word_1_756' title='bbox 256 4693 376 4740; x_wconf 81' lang='grc' dir='ltr'><strong>τως</strong></span> <span class='ocrx_word' id='word_1_757' title='bbox 425 4676 612 4740; x_wconf 75' lang='grc' dir='ltr'>αὐτοῖς</span> <span class='ocrx_word' id='word_1_758' title='bbox 662 4675 956 4744; x_wconf 74' lang='grc' dir='ltr'>διελέγετο.</span> <span class='ocrx_word' id='word_1_759' title='bbox 1021 4675 1305 4729; x_wconf 81' lang='grc' dir='ltr'>Ἐντεῦθεν</span> <span class='ocrx_word' id='word_1_760' title='bbox 1338 4677 1394 4729; x_wconf 80' lang='grc' dir='ltr'><strong>δὲ</strong></span> <span class='ocrx_word' id='word_1_761' title='bbox 1448 4677 1640 4747; x_wconf 71' lang='grc' dir='ltr'>δῆλον,</span> <span class='ocrx_word' id='word_1_762' title='bbox 1689 4677 1773 4729; x_wconf 86' lang='grc' dir='ltr'><strong>ὅτι</strong></span> <span class='ocrx_word' id='word_1_763' title='bbox 1820 4677 1872 4729; x_wconf 83' lang='lat' dir='ltr'><strong>oi.</strong></span> 
     </span>
    </p>
   </div>
   <div class='ocr_carea' id='block_1_93' title="bbox 1977 4675 3596 4755">
    <p class='ocr_par' dir='ltr' id='par_1_93' title="bbox 1978 4679 3596 4755">
     <span class='ocr_line' id='line_1_93' title="bbox 1978 4679 3596 4755; baseline 0.002 -18"><span class='ocrx_word' id='word_1_764' title='bbox 1978 4679 2325 4751; x_wconf 90' lang='lat' dir='ltr'><strong>loquebatur.</strong></span> <span class='ocrx_word' id='word_1_765' title='bbox 2358 4679 2498 4736; x_wconf 85' lang='lat' dir='ltr'><strong>Hinc</strong></span> <span class='ocrx_word' id='word_1_766' title='bbox 2543 4693 2730 4736; x_wconf 89' lang='lat' dir='ltr'><strong>autem</strong></span> <span class='ocrx_word' id='word_1_767' title='bbox 2767 4681 3119 4738; x_wconf 82' lang='lat' dir='ltr'><strong>manifestum</strong></span> <span class='ocrx_word' id='word_1_768' title='bbox 3153 4693 3238 4739; x_wconf 88' lang='lat' dir='ltr'><strong>est</strong></span> <span class='ocrx_word' id='word_1_769' title='bbox 3282 4687 3428 4755; x_wconf 80' lang='lat' dir='ltr'><strong>quod</strong></span> <span class='ocrx_word' id='word_1_770' title='bbox 3474 4687 3596 4743; x_wconf 87' lang='lat' dir='ltr'><strong>ino-</strong></span> 
     </span>
    </p>
   </div>
   <div class='ocr_carea' id='block_1_94' title="bbox 257 4768 1876 4845">
    <p class='ocr_par' dir='ltr' id='par_1_94' title="bbox 257 4768 1873 4840">
     <span class='ocr_line' id='line_1_94' title="bbox 257 4768 1873 4840; baseline -0.002 -15"><span class='ocrx_word' id='word_1_771' title='bbox 257 4769 517 4832; x_wconf 75' lang='grc' dir='ltr'>ἀπειθεῖς</span> <span class='ocrx_word' id='word_1_772' title='bbox 567 4770 722 4825; x_wconf 77' lang='grc' dir='ltr'>οὐδὲν</span> <span class='ocrx_word' id='word_1_773' title='bbox 771 4768 1113 4840; x_wconf 80' lang='grc' dir='ltr'>ὠφελοῦνται</span> <span class='ocrx_word' id='word_1_774' title='bbox 1155 4770 1220 4822; x_wconf 82' lang='grc' dir='ltr'><strong>ἐκ</strong></span> <span class='ocrx_word' id='word_1_775' title='bbox 1252 4769 1345 4822; x_wconf 90' lang='grc' dir='ltr'><strong>τοῦ</strong></span> <span class='ocrx_word' id='word_1_776' title='bbox 1380 4769 1873 4822; x_wconf 70' lang='grc' dir='ltr'>ἀποκαλύπτεσθαι</span> 
     </span>
    </p>
   </div>
   <div class='ocr_carea' id='block_1_95' title="bbox 1975 4768 3594 4845">
    <p class='ocr_par' dir='ltr' id='par_1_95' title="bbox 1978 4770 3594 4845">
     <span class='ocr_line' id='line_1_95' title="bbox 1978 4770 3594 4845; baseline 0.006 -18"><span class='ocrx_word' id='word_1_777' title='bbox 1978 4770 2268 4828; x_wconf 86' lang='lat' dir='ltr'><strong>bedientes</strong></span> <span class='ocrx_word' id='word_1_778' title='bbox 2303 4774 2504 4828; x_wconf 87' lang='lat' dir='ltr'><strong>nullam</strong></span> <span class='ocrx_word' id='word_1_779' title='bbox 2541 4774 2841 4830; x_wconf 85' lang='lat' dir='ltr'><strong>utilitatem</strong></span> <span class='ocrx_word' id='word_1_780' title='bbox 2877 4778 3191 4845; x_wconf 85' lang='lat' dir='ltr'><strong>percipiunt</strong></span> <span class='ocrx_word' id='word_1_781' title='bbox 3229 4795 3352 4832; x_wconf 88' lang='lat' dir='ltr'><strong>cmn</strong></span> <span class='ocrx_word' id='word_1_782' title='bbox 3388 4779 3468 4835; x_wconf 87' lang='lat' dir='ltr'><strong>eis</strong></span> <span class='ocrx_word' id='word_1_783' title='bbox 3504 4795 3594 4837; x_wconf 90' lang='lat' dir='ltr'><strong>re-</strong></span> 
     </span>
    </p>
   </div>
   <div class='ocr_carea' id='block_1_96' title="bbox 260 4861 1879 4938">
    <p class='ocr_par' dir='ltr' id='par_1_96' title="bbox 260 4861 1872 4935">
     <span class='ocr_line' id='line_1_96' title="bbox 260 4861 1872 4935; baseline -0.002 -15"><span class='ocrx_word' id='word_1_784' title='bbox 260 4863 455 4927; x_wconf 80' lang='grc' dir='ltr'>αὺτοῖς</span> <span class='ocrx_word' id='word_1_785' title='bbox 485 4863 553 4917; x_wconf 73' lang='grc' dir='ltr'>τὰ</span> <span class='ocrx_word' id='word_1_786' title='bbox 593 4867 1006 4935; x_wconf 85' lang='grc' dir='ltr'>μυστικώτερα,</span> <span class='ocrx_word' id='word_1_787' title='bbox 1038 4863 1178 4918; x_wconf 78' lang='grc' dir='ltr'>ἀλλὰ</span> <span class='ocrx_word' id='word_1_788' title='bbox 1216 4863 1421 4934; x_wconf 85' lang='grc' dir='ltr'>μᾶλλον</span> <span class='ocrx_word' id='word_1_789' title='bbox 1474 4862 1648 4916; x_wconf 82' lang='grc' dir='ltr'>πλείω</span> <span class='ocrx_word' id='word_1_790' title='bbox 1700 4861 1872 4916; x_wconf 77' lang='grc' dir='ltr'>κατά-</span> 
     </span>
    </p>
   </div>
   <div class='ocr_carea' id='block_1_97' title="bbox 1977 4861 3596 4938">
    <p class='ocr_par' dir='ltr' id='par_1_97' title="bbox 1978 4863 3596 4938">
     <span class='ocr_line' id='line_1_97' title="bbox 1978 4863 3596 4938; baseline 0.007 -22"><span class='ocrx_word' id='word_1_791' title='bbox 1978 4863 2232 4917; x_wconf 65' lang='grc' dir='ltr'>νυιιιιιιιιιδ</span> <span class='ocrx_word' id='word_1_792' title='bbox 2279 4865 2566 4936; x_wconf 86' lang='lat' dir='ltr'><strong>mysteria,</strong></span> <span class='ocrx_word' id='word_1_793' title='bbox 2621 4867 2715 4921; x_wconf 86' lang='lat' dir='ltr'><strong>sed</strong></span> <span class='ocrx_word' id='word_1_794' title='bbox 2765 4869 3031 4938; x_wconf 86' lang='lat' dir='ltr'><strong>majorem</strong></span> <span class='ocrx_word' id='word_1_795' title='bbox 3081 4870 3596 4928; x_wconf 88' lang='lat' dir='ltr'><strong>condemnationem</strong></span> 
     </span>
    </p>
   </div>
   <div class='ocr_carea' id='block_1_98' title="bbox 262 4955 1881 5034">
    <p class='ocr_par' dir='ltr' id='par_1_98' title="bbox 262 4955 1873 5028">
     <span class='ocr_line' id='line_1_98' title="bbox 262 4955 1873 5028; baseline -0.001 -19"><span class='ocrx_word' id='word_1_796' title='bbox 262 4973 459 5028; x_wconf 72' lang='grc' dir='ltr'>κρισιν</span> <span class='ocrx_word' id='word_1_797' title='bbox 514 4955 783 5027; x_wconf 80' lang='grc' dir='ltr'>δέχονται.</span> <span class='ocrx_word' id='word_1_798' title='bbox 823 4958 916 5014; x_wconf 72' lang='grc' dir='ltr'>Διὸ</span> <span class='ocrx_word' id='word_1_799' title='bbox 946 4958 1039 5010; x_wconf 72' lang='grc' dir='ltr'>καὶ</span> <span class='ocrx_word' id='word_1_800' title='bbox 1086 4955 1544 5027; x_wconf 80' lang='grc' dir='ltr'>ἀποκρύπτεσθαι</span> <span class='ocrx_word' id='word_1_801' title='bbox 1577 4956 1715 5027; x_wconf 76' lang='grc' dir='ltr'>πρὸς</span> <span class='ocrx_word' id='word_1_802' title='bbox 1746 4955 1873 5020; x_wconf 78' lang='grc' dir='ltr'>τοὺς</span> 
     </span>
    </p>
   </div>
   <div class='ocr_carea' id='block_1_99' title="bbox 1977 4955 3596 5034">
    <p class='ocr_par' dir='ltr' id='par_1_99' title="bbox 1978 4956 3596 5034">
     <span class='ocr_line' id='line_1_99' title="bbox 1978 4956 3596 5034; baseline 0.007 -23"><span class='ocrx_word' id='word_1_803' title='bbox 1978 4956 2279 5026; x_wconf 84' lang='lat' dir='ltr'><strong>accipiunt.</strong></span> <span class='ocrx_word' id='word_1_804' title='bbox 2325 4958 2452 5013; x_wconf 87' lang='lat' dir='ltr'><strong>Ideo</strong></span> <span class='ocrx_word' id='word_1_805' title='bbox 2502 4960 2611 5016; x_wconf 91' lang='lat' dir='ltr'><strong>illis</strong></span> <span class='ocrx_word' id='word_1_806' title='bbox 2654 4961 2981 5016; x_wconf 78' lang='lat' dir='ltr'><strong>Oct-uitanda</strong></span> <span class='ocrx_word' id='word_1_807' title='bbox 3033 4961 3206 5034; x_wconf 71' lang='grc'><strong>480</strong></span> <span class='ocrx_word' id='word_1_808' title='bbox 3257 4975 3407 5020; x_wconf 87' lang='lat' dir='ltr'><strong>sunt.</strong></span> <span class='ocrx_word' id='word_1_809' title='bbox 3457 4963 3596 5023; x_wconf 84' lang='lat' dir='ltr'><strong>Nam</strong></span> 
     </span>
    </p>
   </div>
   <div class='ocr_carea' id='block_1_100' title="bbox 261 5048 1880 5124">
    <p class='ocr_par' dir='ltr' id='par_1_100' title="bbox 261 5049 1724 5124">
     <span class='ocr_line' id='line_1_100' title="bbox 261 5049 1724 5124; baseline 0.002 -21"><span class='ocrx_word' id='word_1_810' title='bbox 261 5049 549 5114; x_wconf 84' lang='grc' dir='ltr'>τοιούτους</span> <span class='ocrx_word' id='word_1_811' title='bbox 575 5050 657 5104; x_wconf 91' lang='grc' dir='ltr'><strong>δεῖ</strong></span> <span class='ocrx_word' id='word_1_812' title='bbox 681 5068 694 5083; x_wconf 77' lang='grc' dir='ltr'><strong><em>ο</em></strong></span> <span class='ocrx_word' id='word_1_813' title='bbox 721 5050 881 5105; x_wconf 75' lang='grc' dir='ltr'>τοῦτο</span> <span class='ocrx_word' id='word_1_814' title='bbox 909 5051 1020 5124; x_wconf 77' lang='grc' dir='ltr'><strong>γὰρ</strong></span> <span class='ocrx_word' id='word_1_815' title='bbox 1049 5052 1255 5124; x_wconf 82' lang='grc' dir='ltr'>μᾶλλον</span> <span class='ocrx_word' id='word_1_816' title='bbox 1282 5051 1724 5121; x_wconf 86' lang='grc' dir='ltr'>φιλανθρωπίας.</span> 
     </span>
    </p>
   </div>
   <div class='ocr_carea' id='block_1_101' title="bbox 1290 5048 2909 5124">
    <p class='ocr_par' dir='ltr' id='par_1_101' title="bbox 1290 5048 2909 5121">
     <span class='ocr_line' id='line_1_101' title="bbox 1290 5048 2909 5121; baseline 0.002 -17"><span class='ocrx_word' id='word_1_817' title='bbox 1290 5051 1724 5121; x_wconf 77' lang='grc' dir='ltr'>φιλανθρωπίας.</span> <span class='ocrx_word' id='word_1_818' title='bbox 1981 5048 2084 5101; x_wconf 94' lang='lat' dir='ltr'><strong>hoc</strong></span> <span class='ocrx_word' id='word_1_819' title='bbox 2119 5049 2345 5118; x_wconf 76' lang='lat' dir='ltr'><strong>majoris</strong></span> <span class='ocrx_word' id='word_1_820' title='bbox 2375 5060 2463 5104; x_wconf 86' lang='lat' dir='ltr'><strong>est</strong></span> <span class='ocrx_word' id='word_1_821' title='bbox 2495 5051 2909 5108; x_wconf 70' lang='lat' dir='ltr'><strong>misericordiae.</strong></span> 
     </span>
    </p>
   </div>
   <div class='ocr_carea' id='block_1_102' title="bbox 857 5164 2476 5224">
    <p class='ocr_par' dir='ltr' id='par_1_102' title="bbox 857 5164 1279 5223">
     <span class='ocr_line' id='line_1_102' title="bbox 857 5164 1279 5223; baseline 0.002 -1"><span class='ocrx_word' id='word_1_822' title='bbox 857 5169 1112 5223; x_wconf 80' lang='grc' dir='ltr'><strong>ΚΕΦΑΛ.</strong></span> <span class='ocrx_word' id='word_1_823' title='bbox 1153 5164 1279 5223; x_wconf 80' lang='lat' dir='ltr'><strong>KI&quot;.</strong></span> 
     </span>
    </p>
   </div>
   <div class='ocr_carea' id='block_1_103' title="bbox 1401 5164 3020 5224">
    <p class='ocr_par' dir='ltr' id='par_1_103' title="bbox 2546 5164 3020 5224">
     <span class='ocr_line' id='line_1_103' title="bbox 2546 5164 3020 5224; baseline 0.008 -4"><span class='ocrx_word' id='word_1_824' title='bbox 2546 5164 2782 5222; x_wconf 83' lang='lat' dir='ltr'><strong>CAPUT</strong></span> <span class='ocrx_word' id='word_1_825' title='bbox 2828 5166 3020 5224; x_wconf 73' lang='lat' dir='ltr'><strong>XXIII.</strong></span> 
     </span>
    </p>
   </div>
   <div class='ocr_carea' id='block_1_104' title="bbox 259 5255 1878 5331">
    <p class='ocr_par' dir='ltr' id='par_1_104' title="bbox 259 5257 1869 5331">
     <span class='ocr_line' id='line_1_104' title="bbox 259 5257 1869 5331; baseline -0.001 -16"><span class='ocrx_word' id='word_1_826' title='bbox 259 5258 411 5331; x_wconf 63' lang='grc' dir='ltr'>Περὶ</span> <span class='ocrx_word' id='word_1_827' title='bbox 445 5257 559 5328; x_wconf 81' lang='grc' dir='ltr'>τῆς</span> <span class='ocrx_word' id='word_1_828' title='bbox 603 5261 933 5331; x_wconf 73' lang='grc' dir='ltr'>ἀπαγωγῆς</span> <span class='ocrx_word' id='word_1_829' title='bbox 980 5261 1086 5315; x_wconf 82' lang='grc' dir='ltr'><strong>τοῦ</strong></span> <span class='ocrx_word' id='word_1_830' title='bbox 1131 5261 1408 5331; x_wconf 77' lang='grc' dir='ltr'>Σωτῆρος</span> <span class='ocrx_word' id='word_1_831' title='bbox 1444 5263 1597 5330; x_wconf 78' lang='grc' dir='ltr'>πρὸς</span> <span class='ocrx_word' id='word_1_832' title='bbox 1628 5260 1736 5315; x_wconf 74' lang='grc' dir='ltr'><strong>τὸν</strong></span> <span class='ocrx_word' id='word_1_833' title='bbox 1764 5264 1869 5314; x_wconf 82' lang='lat' dir='ltr'><strong>Ht-</strong></span> 
     </span>
    </p>
   </div>
   <div class='ocr_carea' id='block_1_105' title="bbox 1975 5255 3594 5331">
    <p class='ocr_par' dir='ltr' id='par_1_105' title="bbox 1981 5255 3594 5331">
     <span class='ocr_line' id='line_1_105' title="bbox 1981 5255 3594 5331; baseline 0.01 -22"><span class='ocrx_word' id='word_1_834' title='bbox 1981 5255 2259 5331; x_wconf 32' lang='lat' dir='ltr'><strong>Quomo‘do</strong></span> <span class='ocrx_word' id='word_1_835' title='bbox 2289 5260 2482 5312; x_wconf 81' lang='lat' dir='ltr'><strong>ductus</strong></span> <span class='ocrx_word' id='word_1_836' title='bbox 2512 5270 2588 5313; x_wconf 77' lang='lat' dir='ltr'><strong>est</strong></span> <span class='ocrx_word' id='word_1_837' title='bbox 2620 5261 2691 5314; x_wconf 84' lang='lat' dir='ltr'><strong>ad</strong></span> <span class='ocrx_word' id='word_1_838' title='bbox 2729 5261 2989 5317; x_wconf 81' lang='lat' dir='ltr'><strong>Pilatum.</strong></span> <span class='ocrx_word' id='word_1_839' title='bbox 3028 5266 3101 5320; x_wconf 89' lang='lat' dir='ltr'><strong>De</strong></span> <span class='ocrx_word' id='word_1_840' title='bbox 3135 5279 3432 5322; x_wconf 67' lang='lat' dir='ltr'><strong>contempto</strong></span> <span class='ocrx_word' id='word_1_841' title='bbox 3462 5265 3594 5324; x_wconf 66' lang='lat' dir='ltr'><strong>Jesu</strong></span> 
     </span>
    </p>
   </div>
   <div class='ocr_carea' id='block_1_106' title="bbox 332 5327 1951 5402">
    <p class='ocr_par' dir='ltr' id='par_1_106' title="bbox 332 5327 1867 5402">
     <span class='ocr_line' id='line_1_106' title="bbox 332 5327 1867 5402; baseline 0.001 -16"><span class='ocrx_word' id='word_1_842' title='bbox 332 5327 545 5402; x_wconf 63' lang='grc' dir='ltr'>λᾴτον.</span> <span class='ocrx_word' id='word_1_843' title='bbox 573 5334 712 5401; x_wconf 81' lang='grc' dir='ltr'>Περὶ</span> <span class='ocrx_word' id='word_1_844' title='bbox 743 5327 891 5400; x_wconf 58' lang='grc' dir='ltr'>ιταρτ</span> <span class='ocrx_word' id='word_1_845' title='bbox 914 5327 1188 5402; x_wconf 76' lang='grc' dir='ltr'>ἿΙρώδου</span> <span class='ocrx_word' id='word_1_846' title='bbox 1219 5327 1692 5400; x_wconf 71' lang='grc' dir='ltr'>ἐξουθενῆσὲως.</span> <span class='ocrx_word' id='word_1_847' title='bbox 1727 5333 1867 5401; x_wconf 67' lang='grc' dir='ltr'>Περὶ</span> 
     </span>
    </p>
   </div>
   <div class='ocr_carea' id='block_1_107' title="bbox 1972 5327 3591 5402">
    <p class='ocr_par' dir='ltr' id='par_1_107' title="bbox 2055 5327 3591 5402">
     <span class='ocr_line' id='line_1_107' title="bbox 2055 5327 3591 5402; baseline 0.01 -24"><span class='ocrx_word' id='word_1_848' title='bbox 2055 5334 2117 5402; x_wconf 86' lang='lat' dir='ltr'><strong>a_b</strong></span> <span class='ocrx_word' id='word_1_849' title='bbox 2171 5327 2405 5402; x_wconf 75' lang='lat' dir='ltr'><strong>Herode.</strong></span> <span class='ocrx_word' id='word_1_850' title='bbox 2449 5333 2521 5385; x_wconf 86' lang='lat' dir='ltr'><strong>De</strong></span> <span class='ocrx_word' id='word_1_851' title='bbox 2562 5333 2860 5402; x_wconf 77' lang='lat' dir='ltr'><strong>lugentibus</strong></span> <span class='ocrx_word' id='word_1_852' title='bbox 2910 5337 3245 5393; x_wconf 66' lang='lat' dir='ltr'><strong>mulieribus.</strong></span> <span class='ocrx_word' id='word_1_853' title='bbox 3295 5340 3369 5392; x_wconf 77' lang='lat' dir='ltr'><strong>De</strong></span> <span class='ocrx_word' id='word_1_854' title='bbox 3416 5357 3591 5394; x_wconf 65' lang='lat' dir='ltr'><strong>cruci-</strong></span> 
     </span>
    </p>
   </div>
   <div class='ocr_carea' id='block_1_108' title="bbox 331 5400 1950 5481">
    <p class='ocr_par' dir='ltr' id='par_1_108' title="bbox 331 5400 1868 5481">
     <span class='ocr_line' id='line_1_108' title="bbox 331 5400 1868 5481; baseline -0.001 -25"><span class='ocrx_word' id='word_1_855' title='bbox 331 5401 456 5456; x_wconf 80' lang='grc' dir='ltr'>τῶν</span> <span class='ocrx_word' id='word_1_856' title='bbox 490 5400 882 5481; x_wconf 54' lang='grc' dir='ltr'>κοπτομένων</span> <span class='ocrx_word' id='word_1_857' title='bbox 912 5400 1241 5481; x_wconf 51' lang='grc' dir='ltr'>γυναικῶν.</span> <span class='ocrx_word' id='word_1_858' title='bbox 1282 5407 1418 5481; x_wconf 74' lang='grc' dir='ltr'>[Ιερὶ</span> <span class='ocrx_word' id='word_1_859' title='bbox 1461 5407 1570 5474; x_wconf 79' lang='grc' dir='ltr'>τῆς</span> <span class='ocrx_word' id='word_1_860' title='bbox 1598 5400 1868 5481; x_wconf 54' lang='lat' dir='ltr'><strong>(fraudi-</strong></span> 
     </span>
    </p>
   </div>
   <div class='ocr_carea' id='block_1_109' title="bbox 1944 5400 3563 5481">
    <p class='ocr_par' dir='ltr' id='par_1_109' title="bbox 2055 5400 3563 5481">
     <span class='ocr_line' id='line_1_109' title="bbox 2055 5400 3563 5481; baseline 0.009 -31"><span class='ocrx_word' id='word_1_861' title='bbox 2055 5400 2509 5481; x_wconf 38' lang='lat' dir='ltr'><strong>ﬂuente-Christi.</strong></span> <span class='ocrx_word' id='word_1_862' title='bbox 2547 5400 2635 5457; x_wconf 54' lang='lat' dir='ltr'><strong>De</strong></span> <span class='ocrx_word' id='word_1_863' title='bbox 2657 5407 2868 5460; x_wconf 82' lang='lat' dir='ltr'><strong>latrone</strong></span> <span class='ocrx_word' id='word_1_864' title='bbox 2901 5410 3255 5475; x_wconf 73' lang='lat' dir='ltr'><strong>resipisccme.</strong></span> <span class='ocrx_word' id='word_1_865' title='bbox 3306 5411 3384 5465; x_wconf 82' lang='lat' dir='ltr'><strong>De</strong></span> <span class='ocrx_word' id='word_1_866' title='bbox 3413 5415 3563 5481; x_wconf 53' lang='lat' dir='ltr'><strong>simul</strong></span> 
     </span>
    </p>
   </div>
   <div class='ocr_carea' id='block_1_110' title="bbox 335 5471 1954 5546">
    <p class='ocr_par' dir='ltr' id='par_1_110' title="bbox 335 5471 1866 5546">
     <span class='ocr_line' id='line_1_110' title="bbox 335 5471 1866 5546; baseline 0 -18"><span class='ocrx_word' id='word_1_867' title='bbox 335 5490 492 5538; x_wconf 84' lang='grc' dir='ltr'>σεως</span> <span class='ocrx_word' id='word_1_868' title='bbox 522 5474 630 5546; x_wconf 78' lang='grc' dir='ltr'><strong>τοῦ</strong></span> <span class='ocrx_word' id='word_1_869' title='bbox 677 5471 958 5544; x_wconf 76' lang='grc' dir='ltr'>Χριστοῦ.</span> <span class='ocrx_word' id='word_1_870' title='bbox 1015 5477 1159 5546; x_wconf 74' lang='grc' dir='ltr'>Περὶ</span> <span class='ocrx_word' id='word_1_871' title='bbox 1200 5478 1308 5532; x_wconf 84' lang='grc' dir='ltr'><strong>τοῦ</strong></span> <span class='ocrx_word' id='word_1_872' title='bbox 1358 5471 1866 5546; x_wconf 48' lang='grc' dir='ltr'>μετανοήσειν-τος</span> 
     </span>
    </p>
   </div>
   <div class='ocr_carea' id='block_1_111' title="bbox 817 5471 2436 5546">
    <p class='ocr_par' dir='ltr' id='par_1_111' title="bbox 817 5471 2436 5546">
     <span class='ocr_line' id='line_1_111' title="bbox 817 5471 2436 5546; baseline 0 -17"><span class='ocrx_word' id='word_1_873' title='bbox 817 5471 958 5530; x_wconf 75' lang='grc' dir='ltr'>τοῦ.</span> <span class='ocrx_word' id='word_1_874' title='bbox 1015 5477 1159 5546; x_wconf 72' lang='grc' dir='ltr'>Περὶ</span> <span class='ocrx_word' id='word_1_875' title='bbox 1200 5478 1308 5532; x_wconf 84' lang='grc' dir='ltr'><strong>τοῦ</strong></span> <span class='ocrx_word' id='word_1_876' title='bbox 1358 5471 1866 5546; x_wconf 46' lang='grc' dir='ltr'>μετανοήσαντας</span> <span class='ocrx_word' id='word_1_877' title='bbox 2054 5483 2174 5526; x_wconf 79' lang='lat' dir='ltr'><strong>tura</strong></span> <span class='ocrx_word' id='word_1_878' title='bbox 2213 5471 2436 5529; x_wconf 79' lang='lat' dir='ltr'><strong>Christi.</strong></span> 
     </span>
    </p>
   </div>
   <div class='ocr_carea' id='block_1_112' title="bbox 333 5544 1620 5618">
    <p class='ocr_par' dir='ltr' id='par_1_112' title="bbox 333 5544 1620 5618">
     <span class='ocr_line' id='line_1_112' title="bbox 333 5544 1620 5618; baseline 0.003 -20"><span class='ocrx_word' id='word_1_879' title='bbox 333 5544 596 5613; x_wconf 76' lang='grc' dir='ltr'>λῃστοῦ.</span> <span class='ocrx_word' id='word_1_880' title='bbox 626 5547 769 5615; x_wconf 72' lang='grc' dir='ltr'>Περὶ</span> <span class='ocrx_word' id='word_1_881' title='bbox 805 5546 913 5616; x_wconf 79' lang='grc' dir='ltr'>τῆς</span> <span class='ocrx_word' id='word_1_882' title='bbox 957 5548 1063 5603; x_wconf 82' lang='grc' dir='ltr'><strong>τοῦ</strong></span> <span class='ocrx_word' id='word_1_883' title='bbox 1098 5544 1374 5618; x_wconf 72' lang='grc' dir='ltr'>Χριστοῦ</span> <span class='ocrx_word' id='word_1_884' title='bbox 1399 5547 1620 5618; x_wconf 55' lang='grc' dir='ltr'>ταφῆς.</span> 
     </span>
    </p>
   </div>
   <div class='ocr_carea' id='block_1_113' title="bbox 340 5662 1959 5756">
    <p class='ocr_par' dir='ltr' id='par_1_113' title="bbox 340 5662 1866 5744">
     <span class='ocr_line' id='line_1_113' title="bbox 340 5662 1866 5744; baseline 0.009 -30"><span class='ocrx_word' id='word_1_885' title='bbox 340 5682 358 5714; x_wconf 83' lang='grc' dir='ltr'><strong>ι</strong></span> <span class='ocrx_word' id='word_1_886' title='bbox 401 5662 512 5717; x_wconf 73' lang='grc' dir='ltr'>Καὶ</span> <span class='ocrx_word' id='word_1_887' title='bbox 559 5664 803 5720; x_wconf 75' lang='grc' dir='ltr'>ἀναστὰν</span> <span class='ocrx_word' id='word_1_888' title='bbox 852 5668 998 5722; x_wconf 77' lang='grc' dir='ltr'>ἅπαν</span> <span class='ocrx_word' id='word_1_889' title='bbox 1048 5669 1119 5723; x_wconf 80' lang='grc' dir='ltr'>τὸ,</span> <span class='ocrx_word' id='word_1_890' title='bbox 1162 5670 1368 5738; x_wconf 80' lang='grc' dir='ltr'>πλῆθος</span> <span class='ocrx_word' id='word_1_891' title='bbox 1414 5673 1621 5738; x_wconf 79' lang='grc' dir='ltr'>αὐτῶν,</span> <span class='ocrx_word' id='word_1_892' title='bbox 1658 5675 1866 5744; x_wconf 75' lang='grc' dir='ltr'>ἤγαγον</span> 
     </span>
    </p>
   </div>
   <div class='ocr_carea' id='block_1_114' title="bbox 1968 5662 3587 5756">
    <p class='ocr_par' dir='ltr' id='par_1_114' title="bbox 2052 5681 3587 5756">
     <span class='ocr_line' id='line_1_114' title="bbox 2052 5681 3587 5756; baseline 0.009 -20"><span class='ocrx_word' id='word_1_893' title='bbox 2052 5681 2219 5738; x_wconf 74' lang='lat' dir='ltr'><strong>Vsus.</strong></span> <span class='ocrx_word' id='word_1_894' title='bbox 2251 5685 2365 5738; x_wconf 74' lang='lat' dir='ltr'><strong>H‘i.</strong></span> <span class='ocrx_word' id='word_1_895' title='bbox 2405 5703 2420 5737; x_wconf 88' lang='grc' dir='ltr'><strong>ι</strong></span> <span class='ocrx_word' id='word_1_896' title='bbox 2454 5685 2523 5739; x_wconf 86' lang='grc' dir='ltr'>Ει</span> <span class='ocrx_word' id='word_1_897' title='bbox 2547 5700 2778 5756; x_wconf 78' lang='lat' dir='ltr'><strong>surgens</strong></span> <span class='ocrx_word' id='word_1_898' title='bbox 2808 5686 3057 5742; x_wconf 77' lang='lat' dir='ltr'><strong>universa</strong></span> <span class='ocrx_word' id='word_1_899' title='bbox 3084 5689 3375 5747; x_wconf 85' lang='lat' dir='ltr'><strong>multitudo</strong></span> <span class='ocrx_word' id='word_1_900' title='bbox 3398 5709 3587 5750; x_wconf 84' lang='lat' dir='ltr'><strong>eorum</strong></span> 
     </span>
    </p>
   </div>
   <div class='ocr_carea' id='block_1_115' title="bbox 259 5752 1878 5848">
    <p class='ocr_par' dir='ltr' id='par_1_115' title="bbox 259 5752 1864 5843">
     <span class='ocr_line' id='line_1_115' title="bbox 259 5752 1864 5843; baseline 0.012 -40"><span class='ocrx_word' id='word_1_901' title='bbox 259 5752 425 5805; x_wconf 68' lang='grc' dir='ltr'>,ιύτὶν</span> <span class='ocrx_word' id='word_1_902' title='bbox 484 5754 576 5809; x_wconf 74' lang='grc' dir='ltr'><strong>ἐπὶ</strong></span> <span class='ocrx_word' id='word_1_903' title='bbox 627 5757 721 5809; x_wconf 73' lang='grc' dir='ltr'><strong>τὸν</strong></span> <span class='ocrx_word' id='word_1_904' title='bbox 765 5757 1022 5813; x_wconf 80' lang='grc' dir='ltr'>Πιλάτου.</span> <span class='ocrx_word' id='word_1_905' title='bbox 1082 5760 1357 5830; x_wconf 78' lang='grc' dir='ltr'>Ἤρξαντο</span> <span class='ocrx_word' id='word_1_906' title='bbox 1409 5763 1467 5816; x_wconf 81' lang='grc' dir='ltr'><strong>δὲ</strong></span> <span class='ocrx_word' id='word_1_907' title='bbox 1533 5776 1864 5843; x_wconf 80' lang='grc' dir='ltr'>κατηγορεῖν</span> 
     </span>
    </p>
   </div>
   <div class='ocr_carea' id='block_1_116' title="bbox 1970 5752 3589 5848">
    <p class='ocr_par' dir='ltr' id='par_1_116' title="bbox 1981 5752 3589 5848">
     <span class='ocr_line' id='line_1_116' title="bbox 1981 5752 3589 5848; baseline 0.007 -17"><span class='ocrx_word' id='word_1_908' title='bbox 1981 5777 2137 5831; x_wconf 65' lang='lat' dir='ltr'><strong>duxit</strong></span> <span class='ocrx_word' id='word_1_909' title='bbox 2173 5776 2322 5830; x_wconf 82' lang='lat' dir='ltr'><strong>illum</strong></span> <span class='ocrx_word' id='word_1_910' title='bbox 2359 5778 2426 5831; x_wconf 89' lang='lat' dir='ltr'><strong>ad</strong></span> <span class='ocrx_word' id='word_1_911' title='bbox 2463 5752 2719 5833; x_wconf 78' lang='lat' dir='ltr'><strong>Pilatum.</strong></span> <span class='ocrx_word' id='word_1_912' title='bbox 2751 5778 3052 5848; x_wconf 69' lang='lat' dir='ltr'><strong>(lmperunt</strong></span> <span class='ocrx_word' id='word_1_913' title='bbox 3098 5790 3280 5838; x_wconf 87' lang='lat' dir='ltr'><strong>autem</strong></span> <span class='ocrx_word' id='word_1_914' title='bbox 3318 5785 3463 5840; x_wconf 87' lang='lat' dir='ltr'><strong>illum</strong></span> <span class='ocrx_word' id='word_1_915' title='bbox 3494 5801 3589 5842; x_wconf 82' lang='lat' dir='ltr'><strong>ac-</strong></span> 
     </span>
    </p>
   </div>
   <div class='ocr_carea' id='block_1_117' title="bbox 330 5893 1949 5977">
    <p class='ocr_par' dir='ltr' id='par_1_117' title="bbox 330 5893 1949 5977">
     <span class='ocr_line' id='line_1_117' title="bbox 330 5893 1949 5977; baseline 0.015 -31"><span class='ocrx_word' id='word_1_916' title='bbox 330 5894 398 5924; x_wconf 80' lang='lat'><strong>&quot;‘</strong></span> <span class='ocrx_word' id='word_1_917' title='bbox 437 5893 630 5950; x_wconf 81' lang='lat' dir='ltr'><strong>Matth.</strong></span> <span class='ocrx_word' id='word_1_918' title='bbox 668 5913 742 5952; x_wconf 74' lang='lat' dir='ltr'><strong>XI.</strong></span> <span class='ocrx_word' id='word_1_919' title='bbox 823 5899 912 5931; x_wconf 74' lang='grc' dir='ltr'><strong>’ν’</strong></span> <span class='ocrx_word' id='word_1_920' title='bbox 949 5900 1139 5958; x_wconf 77' lang='lat' dir='ltr'><strong>Matth.</strong></span> <span class='ocrx_word' id='word_1_921' title='bbox 1170 5920 1281 5958; x_wconf 71' lang='lat' dir='ltr'><strong>XXI.</strong></span> <span class='ocrx_word' id='word_1_922' title='bbox 1361 5906 1406 5937; x_wconf 72' lang='grc'>’³</span> <span class='ocrx_word' id='word_1_923' title='bbox 1437 5906 1580 5965; x_wconf 77' lang='lat' dir='ltr'><strong>PSaI.</strong></span> <span class='ocrx_word' id='word_1_924' title='bbox 1625 5924 1736 5977; x_wconf 64' lang='lat' dir='ltr'><strong>eux,</strong></span> <span class='ocrx_word' id='word_1_925' title='bbox 1777 5913 1826 5967; x_wconf 82' lang='lat' dir='ltr'><strong>I.</strong></span> <span class='ocrx_word' id='word_1_926' title='bbox 1909 5914 1949 5944; x_wconf 80' lang='lat'>“</span> 
     </span>
    </p>
   </div>
   <div class='ocr_carea' id='block_1_118' title="bbox 657 5893 2276 5977">
    <p class='ocr_par' dir='ltr' id='par_1_118' title="bbox 668 5899 2276 5977">
     <span class='ocr_line' id='line_1_118' title="bbox 668 5899 2276 5977; baseline 0.011 -27"><span class='ocrx_word' id='word_1_927' title='bbox 668 5913 742 5952; x_wconf 75' lang='lat' dir='ltr'><strong>XI.</strong></span> <span class='ocrx_word' id='word_1_928' title='bbox 823 5899 912 5931; x_wconf 71' lang='grc' dir='ltr'><strong>’ν’</strong></span> <span class='ocrx_word' id='word_1_929' title='bbox 949 5900 1139 5958; x_wconf 78' lang='lat' dir='ltr'><strong>Matth.</strong></span> <span class='ocrx_word' id='word_1_930' title='bbox 1170 5920 1281 5958; x_wconf 70' lang='lat' dir='ltr'><strong>XXI.</strong></span> <span class='ocrx_word' id='word_1_931' title='bbox 1361 5906 1406 5937; x_wconf 72' lang='grc'>’³</span> <span class='ocrx_word' id='word_1_932' title='bbox 1437 5906 1580 5965; x_wconf 77' lang='lat' dir='ltr'><strong>PSaI.</strong></span> <span class='ocrx_word' id='word_1_933' title='bbox 1625 5924 1736 5977; x_wconf 79' lang='lat' dir='ltr'><strong>eix,</strong></span> <span class='ocrx_word' id='word_1_934' title='bbox 1777 5913 1826 5967; x_wconf 83' lang='lat' dir='ltr'><strong>I.</strong></span> <span class='ocrx_word' id='word_1_935' title='bbox 1909 5912 2113 5970; x_wconf 78' lang='lat' dir='ltr'><strong>“an.</strong></span> <span class='ocrx_word' id='word_1_936' title='bbox 2158 5930 2276 5968; x_wconf 80' lang='lat' dir='ltr'><strong>xm.</strong></span> 
     </span>
    </p>
   </div>
  </div>
