4100 6334
612 374 742 442 1091

1449 372 2032 434 THEOPHYLACTI
2075 373 2487 437 BULGARIJE
2525 371 2891 434 AthiIlEP.

3721 366 3859 432 1092

606 501 820 552 cusat'e,
857 484 1096 538 dicentes
1126 500 1139 537 :
1180 479 1334 536 Hunc
1362 481 1815 551 deprehendimus
1846 493 2178 536 evertentem

2287 483 2452 537 αὐτοῦ
2510 483 2789 550 λέγοντες·
2837 477 3041 532 Τοῦτον
3091 477 3326 547 εὕρομεν
3382 476 3779 548 διαστρέψαντα
3811 481 3874 531 τδ

612 589 844 649 gentem,
875 592 935 629 ac
965 559 1229 629 vetantem
1266 576 1469 628 tributa
1502 576 1632 628 dare
1663 573 1885 638 Caesari,
1915 575 2182 628 dicentem

606 689 665 729 se
690 671 962 728 Christum
997 683 1174 738 regem
1201 681 1342 721 esse.
1374 664 1586 719 Pilatus
1616 675 1796 719 autem
1829 665 2187 735 interrogavit

606 774 750 823 eum,
797 759 982 812 dicens
1026 775 1041 811 :
1089 756 1169 810 Tu
1205 771 1264 812 es
1295 756 1402 830 [ille
1443 772 1534 810 rex
1584 753 1935 810 Jndzeorum?
1984 757 2053 808 At
2089 755 2180 810 ille

604 850 944 920 respondens
975 849 1073 915 illi,
1105 849 1181 902 ait
1211 866 1224 901 :
1255 847 1333 901 Tu
1360 849 1519 902 dicis.
1551 847 1640 902 Ait
1671 857 1852 900 autem
1879 846 2082 902 Pilatus
2115 848 2180 900 ad

603 943 876 1012 principes
905 942 1244 995 sacerdotum
1277 949 1326 993 et
1357 941 1541 992 turbas
1573 957 1586 994 :
1616 938 1760 993 Nihil
1794 941 2012 992 invenio
2037 953 2189 992 nam:

606 1034 662 1085 lu
726 1032 831 1086 hoc
882 1032 1123 1084 homine.
1175 1032 1245 1084 At
1303 1029 1376 1084 illi
1431 1030 1837 1086 invalescebant
1893 1032 2184 1085 dicentes:

606 1124 924 1179 Commovet
955 1125 1210 1192 pupulum
1240 1123 1441 1178 docens
1467 1138 1563 1193 per
1583 1124 1886 1178 universam
1919 1123 2183 1189 Judzeam,

610 1233 841 1273 exorsus
875 1235 902 1270 a
942 1216 1160 1272 Galilzna
1209 1231 1380 1286 usque
1411 1218 1476 1270 ad
1520 1216 1664 1270 hunc
1709 1217 1907 1270 Inuum.
1959 1235 1976 1266 ι
2013 1216 2184 1270 Mani-

607 1308 744 1364 feste
777 1310 989 1364 veritati
1021 1311 1397 1362 adversantur.
1425 1309 1527 1364 Ubi
1558 1309 1702 1363 enim
1728 1308 2002 1378 prohibuit
2029 1306 2187 1364 Jesus

610 1400 810 1454 tributa
858 1400 997 1460 dari,
1035 1399 1122 1464 qui
1171 1407 1226 1451 ut
1260 1399 1440 1454 debita
1487 1400 1666 1468 potius
1711 1401 1860 1454 reddi
1906 1401 2184 1471 praecepit,

609 1492 690 1546 sic
718 1491 926 1556 dicens,
969 1509 986 1542 ι
1034 1490 1262 1545 Reddite
1295 1491 1495 1545 Caesari
1534 1506 1652 1560 quae
1691 1491 1922 1546 staris
1960 1493 2131 1546 sunt?
2162 1511 2181 1544 ι

609 1583 890 1649 Quomodo
941 1592 1120 1636 autem
1168 1593 1474 1638 commovet
1519 1583 1776 1637 turbam?
1827 1585 2083 1653 numquid
2132 1595 2188 1638 ut

610 1688 771 1742 regna
811 1673 1111 1728 invadens?
1143 1671 1247 1729 Sed
1282 1675 1597 1729 incredibile
1627 1675 1728 1730 h‘oc
1750 1676 2022 1743 oumibus,
2056 1692 2179 1730 nam

613 1783 737 1820 tum
774 1767 1085 1835 agnovisset
1114 1767 1256 1837 quod
1319 1767 1546 1836 ponitlus
1578 1767 1734 1822 vellet
1781 1768 1954 1838 ipsum
2007 1784 2184 1838 regem

2289 574 2458 637 ἔθνος,
2495 574 2589 625 καὶ
2613 571 2886 625 κωλύοντα
2914 568 3156 640 Καίσαρι
3178 569 3377 638 φόρους
3397 567 3621 629 διδόναι,
3646 567 3878 634 λέγοντα

2289 665 2481 719 ἑαυτδν
2528 664 2766 733 Χριστὸν
2807 661 3032 731 βασιλέα
3079 655 3244 714 εἶναι.
3306 660 3366 712 ’0
3399 660 3459 713 δὲ
3498 658 3732 720 Πιλάτος
3774 662 3877 713 ἐπ-

2289 758 2574 830 ηρώτησεν
2610 757 2777 809 αὑτὸν
2812 755 2984 822 λέγων
3016 771 3030 783 ³
3057 755 3129 806 Σὺ
3165 750 3216 806 εἷ
3238 756 3265 806 6
3299 752 3553 823 βασιλεὺς
3583 753 3693 805 τῶν
3749 752 3877 806 Ἰουο

2288 850 2488 915 δαίωνς
2535 851 2594 903 Ὀ
2629 851 2685 903 δὲ
2726 847 3049 919 ἀποκριθεὶς
3096 846 3244 916 αὐτῷ
3278 846 3380 916 ἔφη
3407 864 3420 875 ·
3455 847 3524 899 Σὺ
3570 846 3771 914 λέγεις.
3817 845 3876 897 '0

2289 943 2345 996 δέ
2375 944 2606 1002 Πιλᾶτος
2625 939 2748 996 εἷπε
2768 943 2904 1014 πρὸς
2932 943 3059 1005 τοὺς
3085 943 3362 1012 ἀρχιερεῖς
3385 942 3478 993 καὶ
3508 941 3635 1002 τοὺς
3659 939 3872 1009 ὄχλουςθ

2289 1036 2455 1088 Οὐδὲν
2484 1036 2739 1106 εὑρίσκω
2774 1036 2949 1088 αἴτιον
2982 1037 3038 1087 ἐν
3066 1034 3142 1105 τῷ
3174 1032 3450 1103 ἀνθρώπῳ
3486 1034 3686 1102 τούτῳ.
3728 1034 3791 1086 Οἱ
3817 1033 3874 1087 δέ

2290 1126 2548 1194 ἐπίσχυον
2582 1126 2858 1192 λέγοντες,
2893 1126 2974 1177 ὅτι
3015 1122 3286 1176 Ἀνασείει
3315 1122 3408 1175 τὸν
3453 1119 3580 1174 λαὸν
3608 1120 3875 1173 διδάσκων

2291 1217 2412 1270 καθ’
2464 1217 2594 1287 ὅλης
2639 1215 2739 1283 τῆς
2783 1214 3044 1278 Ἰουδαίας
3075 1214 3386 1284 ἀρξάμενος
3429 1210 3540 1265 ἀπὸ
3579 1212 3681 1280 τῆς
3720 1211 3877 1264 Γαλι-

2288 1309 2447 1371 λαίας
2490 1307 2594 1369 ἓως
2634 1300 2756 1360 ὦδε.
2829 1325 2848 1356 ι
2900 1306 3202 1376 Προφανῶς
3234 1306 3608 1358 ἐναντιοῦνται
3643 1306 3708 1373 τῇ
3744 1303 3874 1372 ἀλη-

2290 1400 2428 1471 Θεὶᾳ.
2467 1400 2576 1454 Ποῦ
2609 1401 2717 1470 γὰρ
2766 1398 3040 1453 ἐκώλυσεν
3090 1400 3117 1451 6
3160 1397 3366 1465 Ἰησοῦς
3399 1395 3601 1467 φόρους
3650 1393 3872 1459 διδόναι,

2289 1493 2426 1545 ὅπου
2471 1508 2534 1560 γε
2610 1490 2813 1560 μᾶλλον
2858 1490 2934 1552 ὡς
2981 1489 3146 1560 χρέος
3199 1489 3512 1542 ἀποδιδόναι
3563 1486 3872 1548 ἐκέλευσεν,

2288 1584 2461 1646 οὕτως
2490 1583 2679 1647 εἰπὼν,
2732 1601 2751 1634 ι
2809 1582 3066 1635 Ἀπόδοτε
3097 1581 3164 1634 τὰ
3215 1579 3497 1652 Καίσαρος
3531 1579 3810 1650 Καίσαρι;
3849 1597 3866 1629 ι

2291 1674 2416 1738 Πῶς
2451 1673 2510 1727 δέ
2543 1673 2785 1727 ἀνασείει
2811 1674 2900 1726 τὸν
2928 1672 3116 1742 ὃχλον;
3150 1667 3276 1744 Ἆρ’
3305 1671 3379 1734 ὡς
3407 1669 3659 1741 βασιλείᾳ
3689 1673 3872 1739 ἐγχει-

2293 1766 2433 1837 ρῶνς
2490 1764 2631 1819 Ἀλλ’
2676 1765 2944 1819 ἀπίθανον
2971 1765 3130 1818 τοῦτο
3164 1764 3516 1817 παντάπασι·
3556 1763 3652 1815 καὶ
3683 1763 3872 1834 βουλο-

613 1857 813 1923 facere,
841 1859 1068 1913 secessit
1099 1876 1114 1914 ι
1149 1860 1288 1914 unde
1322 1870 1373 1913 et
1402 1858 1610 1913 Pilatus
1636 1862 2040 1928 deprehendens
2068 1862 2184 1916 illo-

2292 1860 2458 1929 μένου
2512 1859 2619 1929 γὰρ
2674 1859 2837 1913 αὐτὸν
2882 1858 2976 1911 τοῦ
3043 1858 3283 1926 πλήθους
3338 1857 3565 1927 βασιλέα
3619 1860 3869 1927 ποιῆσαι,

610 1963 732 2002 rum
796 1949 1238 2019 syronhantiam,
1300 1950 1499 2004 fatetur
1551 1970 1564 2006 :
1629 1971 1647 2002 ι
1706 1949 1915 2005 Nullam
1974 1955 2187 2008 invenio

612 2055 802 2094 noxam
856 2042 906 2094 in
955 2043 1172 2095 homine
1210 2043 1330 2097 hoc.
1370 2061 1388 2093 ι
1436 2041 1660 2098 Videtur
1705 2054 1886 2098 autem
1924 2045 2055 2098 mihi
2085 2046 2186 2100 ista

611 2131 1038 2201 interregatiune
1083 2149 1243 2200 quam
1295 2133 1424 2188 facit
1475 2150 1603 2206 erga
1661 2137 1963 2202 Christum,
2011 2138 2189 2194 ridere

614 2224 961 2278 calumniam.
1007 2223 1137 2279 lieni
1187 2227 1329 2279 enim
1369 2227 1542 2296 ipsam
1581 2229 1898 2296 Subsannat,
1946 2232 2134 2287 tliccns
2171 2249 2185 2286 :

628 2335 647 2356 ο
672 2315 752 2370 Tu
785 2331 846 2372 es
881 2333 973 2371 rex
1000 2315 1362 2373 Judazoruni?
1398 2338 1415 2370 ι
1465 2323 1620 2392 quasi
1648 2325 1726 2377 sic
1759 2323 1902 2378 dicat
1941 2341 1955 2379 :
1989 2323 2066 2377 Tu
2092 2324 2187 2395 qui

612 2418 722 2463 tam
761 2425 983 2480 pauper,
1017 2420 1121 2465 tam
1166 2412 1306 2477 vilis,
1341 2419 1449 2466 tam
1481 2418 1771 2471 destitutus
1808 2418 2043 2483 attxilio,
2079 2429 2187 2472 tam

612 2503 787 2557 nudus
821 2518 912 2568 es,
963 2506 1242 2559 accusaris
1285 2521 1507 2575 regnum
1559 2509 1806 2563 attrbire?
1859 2509 1970 2566 Hoc
2005 2521 2184 2566 autent

612 2594 908 2650 deridentis
941 2607 1041 2661 est,
1079 2607 1134 2649 ut
1180 2597 1436 2665 diximus,
1469 2613 1564 2653 eos
1608 2599 1697 2669 qui
1738 2600 1788 2654 in
1839 2602 1922 2656 bis
1960 2618 2187 2658 accusa-

627 2688 755 2741 bant
801 2687 1009 2751 Jcsnm,
1047 2694 1186 2758 quod
1237 2690 1442 2761 lirgaut
1480 2692 1636 2746 talem
1679 2710 1787 2748 rem
1836 2697 2086 2750 attentari
2118 2698 2187 2752 ab

613 2781 829 2835 homine
872 2791 975 2834 tam
1030 2785 1168 2836 nudo
1200 2794 1363 2852 atque
1405 2785 1514 2848 vili,
1554 2785 1618 2837 ad
1663 2802 1823 2848 quam
1879 2794 1954 2840 tot
1987 2788 2188 2842 divitiis

610 2881 770 2940 atque
805 2873 1067 2940 praesidiis
1103 2891 1238 2942 opus
1267 2885 1370 2928 est.
1407 2874 1605 2930 Verum
1642 2878 1694 2930 hi
1728 2892 1849 2930 cum
1883 2878 2018 2932 nihil
2045 2878 2188 2932 aliud

609 2962 867 3017 haberent
908 2967 971 3017 ad
999 2968 1407 3036 sycophantiam
1444 2967 1896 3032 conﬁt-matulam,
1931 2969 2187 3025 clamoris

608 3063 830 3105 utuntur
868 3055 1090 3119 auxilio,
1137 3066 1191 3109 et
1223 3057 1594 3112 clamaverunt
1626 3070 1814 3113 contra
1853 3059 2016 3114 Deum
2055 3060 2186 3116 Ver-

603 3147 754 3200 bum.
787 3144 1104 3201 Commovet
1145 3149 1310 3212 enim,
1345 3149 1616 3219 inquiunt,
1666 3154 1765 3206 hoc
1810 3163 1912 3218 est,
1953 3155 2179 3209 seditio-

607 3254 727 3292 sum
767 3239 892 3292 facit
932 3244 1180 3309 populum
1228 3258 1242 3296 :
1293 3255 1345 3297 et
1393 3259 1500 3298 non
1544 3244 1595 3298 in
1647 3261 1749 3299 una
1796 3257 1968 3316 parte,
2013 3249 2107 3302 sed
2154 3265 2183 3301 a

608 3328 825 3384 Galilma
865 3333 1097 3399 incepit,
1128 3342 1182 3386 et
1213 3336 1455 3400 pervenit
1495 3336 1792 3406 hucusque,
1827 3355 1921 3409 per
1956 3341 2185 3395 mediam

604 3420 841 3476 Judzeam
875 3424 1160 3479 transiens.
1189 3425 1304 3478 Non
1350 3427 1670 3497 simpliciter
1720 3443 1898 3486 autem
1934 3434 2063 3488 mihi
2103 3436 2180 3487 \i-

607 3516 803 3569 dentur
831 3517 1140 3572 meminisse
1165 3516 1418 3584 Galilazm,
1441 3522 1531 3576 sed
1559 3520 1611 3574 in
1645 3531 1910 3579 terrorem
1936 3524 2092 3579 Pilati
2116 3526 2181 3578 “.

609 3604 740 3659 Nam
773 3607 974 3663 Galilaii
1008 3624 1222 3679 semper
1267 3613 1533 3677 seditiosi,
1572 3617 1864 3684 rerumque
1904 3629 2188 3673 novatores

611 3701 781 3764 fuere,
820 3699 994 3768 qualis
1026 3711 1216 3757 eratet
1240 3701 1406 3758 Judas
1429 3704 1702 3770 Galilaeus,
1731 3709 1884 3775 cujus
1906 3710 2185 3765 recordari

610 3792 810 3847 faciunt
840 3792 1088 3860 Pilatum,
1120 3798 1277 3866 quasi
1305 3798 1372 3851 ita
1397 3800 1636 3855 dicentes
1667 3818 1680 3857 :
1716 3800 1923 3871 Cogita.
1962 3818 2184 3870 praeses,

610 3883 802 3937 Jndatn
837 3881 1139 3949 Galila-um,
1181 3887 1272 3956 q‘ui
1321 3888 1543 3941 multum
1579 3891 1778 3957 negotii
1833 3890 1959 3945 fecit
1994 3890 2189 3946 [toma-

607 3977 712 4042 nis,
747 3974 884 4030 facta
923 3992 1025 4031 non
1064 3995 1225 4046 parva
1276 3980 1543 4034 seditione
1583 3982 1766 4051 populi
1806 3998 1823 4037 :
1859 3982 1980 4037 talis
2009 3993 2063 4037 et
2101 3984 2186 4039 hic

604 4078 708 4131 est,
743 4083 900 4136 quem
927 4080 1140 4136 oportet
1178 4087 1207 4124 e
1238 4072 1415 4125 medio
1442 4072 1648 4126 tollere.

2288 1953 2451 2020 γνοὺς
2484 1952 2856 2022 ἀνεχώρησεν.
2893 1942 3054 2006 Ὀθεν
3084 1951 3175 2005 καὶ
3205 1951 3435 2015 Πιλάτος
3474 1952 3532 2003 ἐν
3566 1950 3873 2021 καταλήψει

2287 2046 2387 2115 τῆς
2427 2045 2796 2113 συκοφαντίας
2826 2047 3141 2114 γενόμενος,
3171 2043 3427 2114 ὁμολογεῖ
3454 2085 3467 2106 ,
3514 2045 3598 2098 ὅτι
3643 2062 3662 2093 ι
3705 2044 3873 2097 Οὐδὲν

2289 2139 2530 2205 εὑρίσκω
2568 2139 2739 2190 αἴτιον
2776 2140 2831 2189 ἐν
2871 2137 2948 2207 τῷ
2988 2137 3263 2208 ἀνθρώπῳ
3292 2135 3486 2204 τούτῳ.
3543 2156 3562 2188 ι
3609 2139 3772 2189 Δοκεῖ
3815 2135 3872 2188 δέ

2295 2246 2384 2297 μοι
2411 2230 2505 2280 καὶ
2537 2228 2732 2298 αὖτηή
2764 2227 3054 2297 ἐρώτησις,
3095 2230 3162 2298 ῆν
3194 2229 3427 2281 ποιεῖται
3460 2228 3596 2298 πρὸς
3628 2227 3720 2281 τὸν
3748 2229 3874 2297 Χριο

2293 2320 2437 2385 στὸν,
2475 2321 2567 2373 ἐπὶ
2599 2321 2939 2388 καταγέλωτι
2993 2321 3091 2389 τῆς
3123 2321 3493 2388 συκοψαντίας
3544 2315 3711 2372 εἶναι.
3750 2320 3874 2388 Μι-

2291 2413 2544 2486 κτηρίξει
2577 2415 2686 2485 γὰρ
2718 2414 2781 2466 τὸ
2810 2416 3045 2486 πρᾶγμα
3075 2414 3249 2480 λέγων
3269 2429 3284 2443 ·
3325 2432 3343 2464 ι
3379 2413 3449 2466 Σὺ
3477 2408 3526 2466 εἷ
3555 2417 3583 2466 6
3617 2412 3872 2484 βασιλεὺς

2289 2507 2397 2560 τῶν
2446 2507 2755 2572 Ἰουδαέωνς
2817 2525 2834 2557 ι
2898 2508 3184 2577 μονονουχὶ
3251 2505 3410 2560 τοῦτο
3463 2505 3674 2574 λέγων’
3734 2506 3808 2559 Σὺ
3845 2511 3872 2559 ὁ

2292 2599 2485 2670 πένης,
2518 2602 2546 2652 6
2571 2600 2815 2671 εὐτελὴς,
2849 2602 2876 2652 ὁ
2909 2600 3134 2670 γυμνὸς,
3183 2603 3211 2652 6
3247 2598 3547 2670 ἀϐοήθητος
3585 2604 3870 2670 κατηγορῇ

2291 2689 2383 2742 ἐπὶ
2423 2690 2500 2758 τῷ
2535 2689 2809 2758 βασιλείας
2848 2689 3131 2757 ἑφίεσΟαις
3171 2688 3345 2742 Τοῦτο
3374 2690 3430 2742 δὲ
3458 2689 3872 2757 καταγελῶντος

2291 2782 2464 2843 ἐστιν,
2493 2777 2569 2845 ὡς
2615 2781 2846 2851 ἔφημεν,
2892 2780 3003 2833 τῶν
3046 2781 3222 2834 ταῦτα
3267 2781 3717 2850 κατηγορούντων
3774 2780 3872 2834 τοῦ

2294 2873 2491 2944 Ἰησοῦ,
2523 2877 2604 2927 ὃτι
2652 2875 2742 2926 τὸν
2786 2872 2957 2937 οὕτως
3003 2873 3218 2944 εὐτελῆ,
3259 2874 3352 2925 καὶ
3383 2874 3608 2942 γυμνὸν,
3642 2873 3872 2942 τοιούτῳ

2292 2968 2581 3036 πράγματι
2638 2967 2935 3037 ἐπιχειρεῖν
2985 2966 3333 3027 πλάττονται,
3388 2965 3603 3019 πολλῶν
3632 2967 3874 3038 δεομένῳ

2291 3058 2386 3109 καὶ
2419 3057 2726 3128 χρημάτων
2761 3057 2857 3110 καὶ
2889 3058 3223 3128 ἐπικούρων.
3257 3059 3318 3110 0i
3349 3058 3404 3112 δὲ
3455 3059 3625 3129 μηδὲν
3658 3058 3873 3129 ἔχοντες

2290 3147 2418 3201 ἄλλο
2448 3148 2584 3218 πρὸς
2622 3148 2720 3218 τὴν
2770 3149 3134 3217 συκοφαντίαν
3175 3149 3456 3220 βοήθημα,
3496 3155 3617 3213 ταῖς
3665 3155 3871 3221 φωναῖς

2288 3241 2526 3311 χρῶνται
2556 3241 2692 3310 πρὸς
2725 3247 3041 3312 συνεργίαν,
3094 3245 3190 3296 καὶ
3242 3244 3549 3320 κεκράγασι
3583 3245 3724 3299 κατά
3775 3243 3871 3298 τοῦ

2284 3332 2420 3385 Θεοῦ
2462 3334 2656 3401 Λόγου.
2703 3334 2970 3386 Ἀνασείει
3005 3335 3132 3405 γὰρ,
3184 3336 3685 3406 φησ”ι,,τουτὲστιν,
3734 3339 3870 3393 ἀνα-

2290 3427 2479 3479 στατεί
2505 3426 2596 3478 τὸν
2623 3426 2771 3488 λαὸν,
2811 3429 2900 3478 καὶ
2933 3428 3034 3479 οὐκ
3065 3428 3123 3478 ἐν
3156 3428 3236 3480 ἐνὶ
3275 3430 3454 3499 μέρει,
3487 3429 3604 3482 ἀλλ’
3628 3432 3736 3484 ἀπὺ
3771 3433 3871 3501 μὲν

2286 3521 2384 3591 τῆς
2422 3520 2710 3582 Γαλιλαίας
2742 3520 2969 3591 ἤρξατο,
3023 3520 3224 3589 ἔφθασε
3259 3522 3315 3574 δέ
3344 3522 3451 3585 ’ἐως
3484 3517 3610 3586 ὦδε,
3653 3525 3742 3578 διὰ
3776 3525 3860 3594 μὲ-

2291 3631 2387 3683 σης
2420 3615 2518 3682 τῆς
2581 3612 2840 3673 ἰουδαίας
2880 3612 3123 3666 διελθών.
3154 3613 3266 3682 Οὐχ
3297 3615 3482 3679 ἁπλῶς
3527 3615 3584 3667 δέ
3647 3634 3738 3685 μοι
3777 3617 3864 3670 6o-

2287 3707 2442 3759 κοῠσι
2475 3706 2788 3776 μεμνῆσθαι
2821 3707 2919 3775 τῆς
2953 3706 3264 3770 Γαλιλαίας,
3299 3706 3412 3760 ἀλλ’
3448 3710 3528 3771 εἰς
3559 3708 3728 3776 φόϐον
3774 3712 3866 3761 τὶν

2286 3799 2517 3853 Πιλᾶτον
2552 3798 2870 3861 ἐνσείοντες.
2909 3801 3020 3852 Kal.
3068 3799 3176 3868 γὰρ
3227 3801 3275 3852 ot
3315 3799 3587 3853 Γαλιλαῖοι
3633 3799 3869 3855 τοιοῦτοι

2283 3893 2389 3957 ἀεὶ,
2428 3893 2771 3955 στασιασταὶ,
2822 3893 2916 3944 καὶ
2967 3894 3357 3963 νεωτερισμοῖς
3407 3893 3863 3966 ἐπιχειροῦντεςο

2283 3979 2394 4048 οἷος
2423 3985 2516 4036 καὶ
2564 3984 2770 4047 Ἰούδας
2820 3987 2847 4037 ὁ
2901 3984 3182 4048 Γαλιλαῖος
3209 4001 3222 4014 ·
3258 3979 3321 4040 οὗ
3366 3987 3460 4039 καὶ
3499 3991 3578 4050 εἰς
3645 3993 3868 4060 μνήμην

2284 4075 2544 4145 ἐμϐαλεῖν
2579 4077 2791 4131 ἐοίκασι
2830 4076 2918 4129 τὸν
2953 4077 3205 4143 Πιλᾶτον,
3243 4081 3524 4148 μονονουχὶ
3574 4081 3735 4135 τοῦτο
3779 4083 3868 4136 λέ-

603 4174 821 4228 γοντες’
877 4158 1245 4228 Ἀναλόγισαι,
1299 4162 1542 4233 ἡγεμὼν,
1589 4163 1682 4217 τὸν
1715 4165 1998 4220 Γαλιλαῖον
2049 4167 2271 4231 Ἰούδαν,
2342 4169 2400 4232 ὃς
2430 4168 2602 4221 πολλὰ
2632 4169 2935 4238 πράγματα
2979 4169 3271 4237 Ῥωμαίοις
3344 4173 3623 4243 παρέσχεν
3651 4215 3664 4238 ,
3736 4177 3866 4228 ἀνα·

607 4249 890 4313 στατώσας
922 4253 1020 4304 οὐκ
1056 4256 1236 4321 ὀλίγον
1273 4255 1436 4325 μέρος
1469 4257 1562 4309 τοῦ
1604 4257 1755 4311 λαοῦ.
1785 4259 2040 4324 Τοιοῦτος
2083 4263 2176 4313 καὶ
2216 4256 2391 4328 οὗτος,
2418 4261 2475 4314 ὃν
2510 4260 2590 4313 δεῖ
2617 4262 2680 4313 ἐκ
2716 4262 2893 4314 ποδῶν
2926 4262 3216 4315 ποιεῖσθαι.

682 4342 848 4398 Vens.
907 4345 1055 4399 6-27.
1117 4366 1132 4396 ι
1191 4347 1395 4402 Pilatus
1449 4363 1630 4404 autem
1685 4353 1859 4404 audita
1912 4356 2182 4407 mentione
2219 4365 2260 4417 υ

603 4434 855 4502 ϐα]ἱ1;ιε;ι·,
907 4439 1263 4508 interrogavit
1321 4458 1445 4494 num
1503 4443 1663 4497 homo
1715 4442 1966 4500 Galiheus
2009 4445 2170 4517 481

603 4539 749 4583 esset
791 4545 806 4586 :
853 4539 906 4584 et
949 4541 1005 4583 ut
1050 4534 1302 4600 cognovit
1344 4534 1487 4603 quod
1534 4536 1600 4590 ad
1645 4517 1889 4591 Herodis
1921 4537 2179 4592 ditionem

602 4622 918 4692 pertineret,
963 4625 1172 4678 remisit
1209 4641 1331 4680 eum
1375 4630 1440 4681 ad
1480 4629 1771 4694 Herodem,
1821 4631 1908 4699 qui
1960 4641 2017 4686 et
2070 4631 2183 4699 ipse

604 4714 995 4785 Hierosolymis
1051 4729 1166 4770 erat
1217 4734 1309 4786 per
1342 4718 1391 4771 id
1432 4733 1661 4789 tempus.
1708 4723 1944 4777 llerodi-s
2001 4734 2177 4777 autem

608 4807 721 4861 viso
753 4805 877 4860 Jesu
920 4809 1137 4878 gavisus
1168 4819 1249 4864 est
1291 4812 1459 4865 valde.
1501 4812 1807 4868 Tcnehatur
1844 4816 1986 4870 enim
2014 4816 2180 4870 multo

599 4899 708 4966 jam
760 4909 1005 4970 tempore
1057 4904 1350 4971 cupiditate
1408 4907 1620 4960 videndi
1674 4908 1866 4973 illum,
1926 4925 1990 4964 eo
2038 4910 2177 4979 quod

601 4993 813 5046 audiret
881 4994 1045 5047 multa
1099 4997 1164 5050 de
1229 5013 1330 5059 eo,
1391 5009 1453 5067 _et
1518 5003 1774 5069 sperabat
1837 5016 1897 5056 se
1961 5007 2174 5072 signum

604 5083 815 5154 aliquod
873 5089 1114 5148 visurum
1169 5089 1235 5142 ab
1271 5105 1336 5143 eo
1383 5092 1517 5144 tieri.
1574 5091 1944 5166 [interrogabat
1997 5104 2174 5148 autctn

603 5191 722 5230 eum
760 5180 942 5234 multis
993 5185 1336 5238 sermonibus
1373 5201 1388 5240 1
1420 5195 1473 5236 at
1518 5187 1631 5255 ipse
1661 5189 1790 5241 nihil
1822 5189 1893 5240 illi
1952 5202 2180 5256 respon-

601 5268 789 5323 debat.
860 5273 1089 5325 Stahant
1152 5287 1330 5329 autem
1401 5278 1668 5347 principes
1733 5283 2071 5335 sacerdotum
2126 5291 2180 5334 et

604 5364 810 5418 Si-rilize
866 5368 1064 5420 acriter
1110 5380 1426 5425 accusantes
1465 5387 1610 5426 eum.
1647 5373 1861 5442 Sprevit
1900 5386 2080 5428 autem
2112 5375 2176 5428 il-

605 5456 710 5508 hem
752 5458 987 5513 lla-rudes
1027 5476 1147 5514 cum
1196 5465 1525 5520 exercitibus
1561 5471 1674 5521 suis
1719 5485 1732 5525 :
1778 5485 2010 5536 Cliltitltit'.
2059 5468 2177 5521 illit-

603 5549 782 5610 εἱδςεῖι,
816 5550 1052 5604 indutum
1083 5565 1232 5610 veste
1255 5555 1529 5624 splendida
1564 5561 1764 5614 remisit
1793 5562 1859 5615 ad
1887 5560 2117 5614 Pilatum
2159 5579 2172 5619 :

603 5650 654 5689 et
686 5640 810 5690 t'avti
845 5656 962 5695 sunt
1000 5647 1159 5701 amici
1198 5649 1340 5703 inter
1378 5665 1497 5706 sese
1529 5650 1732 5706 Pilatus
1761 5661 1814 5705 et
1848 5653 2088 5708 Herodes
2117 5654 2172 5706 in

680 5820 721 5849 ’⁵
747 5821 863 5871 Act.
899 5836 948 5882 γ,
977 5820 1064 5873 57.

2369 4374 2386 4405 ι
2426 4356 2485 4407 '0
2515 4354 2609 4407 οὖν
2632 4355 2860 4416 Πιλᾶτος
2893 4354 3134 4419 ἀκούσας
3165 4357 3480 4423 Γαλιλαίαν,
3507 4363 3866 4434 ἐπηρώτησεν

2293 4448 2340 4499 εἰ
2373 4450 2400 4500 6
2429 4448 2718 4516 ἄνθρωπος
2767 4448 3051 4510 Γαλιλαῖός
3091 4451 3230 4514 ἐστι,
3269 4452 3364 4505 καὶ
3399 4453 3655 4519 ἐπιγνοὺς
3684 4455 3768 4508 ὅτι
3806 4459 3866 4509 ἐκ

2287 4537 2384 4606 τῆς
2415 4535 2663 4602 ἐξουσίας
2700 4539 2939 4610 Ἡρώδου
2969 4539 3138 4604 ἐστὶν,
3184 4542 3499 4612 ἀνέπεμψεν
3533 4547 3699 4598 αὐτὸν
3735 4548 3866 4615 πρὸς

2297 4632 2564 4703 Ἡρώδην,
2621 4632 2750 4686 ὄντα
2781 4636 2876 4687 καὶ
2923 4635 3084 4688 αὑτὸν
3117 4639 3174 4688 ἐν
3216 4636 3610 4708 Ἱεροσολύμοις
3643 4643 3703 4695 ἐν
3736 4644 3865 4696 ταύ-

2284 4741 2403 4787 ταις
2433 4729 2550 4789 ταίς
2585 4726 2844 4796 ἡμέραις.
2892 4727 2954 4781 Ὀ
2976 4728 3030 4779 δὲ
3072 4729 3315 4800 Ἡρώδης
3352 4731 3475 4783 ἰδὼν
3499 4733 3589 4785 τὸν
3635 4735 3861 4806 Ἰησνῦν,

2283 4820 2455 4888 ἐχάρη
2491 4821 2634 4873 λίαν,
2683 4816 2788 4871 Ἦν
2822 4821 2931 4891 γὰρ
2961 4819 3131 4874 οὲλων
3169 4823 3228 4888 ἐξ
3265 4823 3453 4877 ἱκανοῦ
3510 4826 3639 4879 ἰδεῖν
3670 4829 3858 4890 αὐτὸν,

2281 4913 2371 4964 διὰ
2431 4913 2491 4964 τὸ
2542 4913 2763 4965 ἀκούειν
2806 4913 2978 4966 πολλὰ
3028 4915 3158 4986 περὶ
3211 4915 3397 4979 αὑτοῦ,
3435 4903 3529 4970 καὶ
3560 4919 3763 4989 ἠλπιξέ
3812 4938 3861 4973 τι

2285 5009 2513 5074 σημεῖον
2571 5005 2699 5058 ἰδεῖν
2734 5006 2824 5058 ὑπ’
2887 5005 3051 5059 αὐτοῦ
3090 5009 3395 5077 γινόμενον.
3469 5010 3764 5082 Ἐπηρὼτα
3807 5013 3859 5068 δέ

2284 5099 2447 5150 αὐτὸν
2476 5100 2533 5151 ἐν
2567 5098 2750 5166 λόγοις
2783 5101 2991 5164 ἱκανοῖς
3016 5117 3029 5132 ·
3065 5103 3226 5165 αὐτὸς
3254 5101 3312 5156 δὲ
3337 5103 3492 5156 οὐδὲν
3523 5106 3860 5175 ἀπεκρξνατο

2277 5191 2445 5258 αὖτις).
2501 5192 2859 5261 Εἱστήκεισαν
2886 5192 2942 5244 δέ
2975 5193 3025 5245 οἱ
3065 5196 3348 5264 ἀρχιερεῖς
3376 5196 3474 5247 καὶ
3510 5197 3559 5247 οἱ
3595 5195 3860 5266 Γραμμα-

2279 5287 2388 5346 τεῑς
2440 5284 2670 5346 εὐτόνως
2718 5283 3156 5354 κατηγοροῦντες
3208 5284 3402 5340 αὑτοῦ.
3471 5284 3857 5357 Ἑξουθενήσας

2279 5376 2333 5428 δὲ
2364 5377 2531 5428 αὑτὸν
2575 5377 2603 5427 6
2646 5375 2894 5446 Ἡρώδης
2929 5378 3025 5430 σὺν
3071 5380 3180 5440 τοῖς
3218 5378 3626 5448 στρατεύμασιν
3670 5379 3855 5439 αὑτοῦ,

2280 5471 2374 5522 καὶ
2401 5470 2710 5537 ἐμπαίξας,
2759 5469 3073 5539 περιξαλὼν
3117 5470 3266 5540 αὐτῷ
3322 5473 3528 5544 ἐσθῆτα.
3575 5473 3852 5544 λαμπρὰν,

2279 5561 2590 5632 ἀνέπεμψεν
2637 5561 2798 5615 αὑτὸν
2839 5562 2917 5631 τῷ
2945 5563 3182 5634 Πιλάτῳ.
3229 5565 3509 5632 Ἐγένοντο
3554 5566 3610 5619 δέ
3652 5567 3793 5636 φίλει
3827 5568 3854 5619 ὅ

2280 5653 2596 5717 τειῐιλάτος
2642 5655 2779 5708 καὶὸ
2820 5655 3068 5724 Ἡρώδης
3122 5657 3176 5708 ἐν
3210 5657 3344 5727 αὐτῇ
3394 5660 3458 5727 τῇ
3509 5658 3694 5730 ἡμέρα
3742 5657 3851 5727 μετ’
