4100 6334
219 399 362 469 1093

896 398 1343 463 ENARRATIO
1380 399 1462 459 IN
1506 398 2018 459 EVANGELIUM
2052 399 2288 460 LUCAE.
2335 422 2393 434 -α
2433 400 2592 463 CAP.
2634 400 2864 466 XXIII.

3392 393 3530 465 ιοοι

214 518 506 591 ἀλλήλων·
555 516 918 587 προϋπῆρχον
972 516 1082 585 γὰρ
1133 517 1192 568 ἐν
1241 514 1413 585 ἔχθρᾳ
1472 514 1626 578 ὄντες
1680 513 1818 583 πρὸς

1928 515 2118 569 eodem
2150 515 2257 572 die.
2292 512 2425 569 Nam
2463 526 2626 572 antea
2665 513 2919 571 simultas
2948 514 3093 570 inter
3134 527 3231 570 eos
3265 513 3529 569 interces-

215 608 473 672 ἑαυτούς.
506 607 742 672 Πιλάτος
768 608 823 662 δὲ
851 605 1339 676 συγκαλεσάμενος
1363 606 1490 667 τοὺς
1513 606 1815 676 ἀρχιερεῖς,

215 703 318 756 καὶ
346 701 474 765 τοὺς
508 700 802 769 ἄρχοντας,
832 700 929 752 καὶ
964 698 1233 765 τὸνλαὺν,
1258 692 1381 750 εἶπε
1406 698 1544 768 πρὸς
1574 698 1774 760 αὐτούς
1798 714 1812 729 ’

219 792 647 865 Προσηνέγκατὲ
682 809 773 862 μοι
814 792 905 844 τὸν
948 790 1239 861 ἄνθρωπον
1285 792 1497 854 τοῦτον,
1548 789 1624 852 ὼς
1678 792 1814 841 ἁπο-

215 887 529 955 στρέφοντα
582 886 675 939 τὶν
708 884 857 937 »λαόν
882 900 897 914 ·
947 883 1043 936 καλ⁵
1094 884 1203 937 ίδοὺ
1251 882 1363 949 ἐγὼ
1394 882 1629 935 ἐνώπιον
1664 882 1821 952 ὑμῶν

214 977 552 1046 ἀνακρίνας,
584 977 736 1029 οὐδὲν
772 969 933 1046 εὖρον
969 978 1027 1028 ὲν
1058 973 1137 1045 τῷ
1183 972 1464 1043 ἀνθρώπῳ
1512 971 1689 1042 τούτῳ
1730 970 1818 1022 αἵ-

210 1089 355 1135 τιον,
389 1064 466 1123 ὧν
497 1070 858 1139 κατηγορεῖτε
890 1067 1012 1121 κατ’
1067 1066 1234 1120 αὐτοῦ
1260 1082 1272 1096 '
1321 1065 1438 1119 ἀλλ’
1468 1064 1589 1117 οὐδὲ
1639 1062 1817 1131 Ἡρώ-

208 1167 316 1233 δης
341 1181 354 1194 ³
390 1163 685 1235 ἀνέπεμψα
709 1163 819 1234 γὰρ
850 1163 994 1233 ὑμᾶς
1018 1161 1159 1231 πρὸς
1184 1159 1372 1226 αὐτὸν,
1406 1157 1500 1211 καὶ
1528 1158 1637 1210 ίδοὺ
1663 1156 1819 1209 οὐδὲν

211 1259 371 1325 ἄξιον
398 1256 629 1311 θανάτου
665 1258 814 1310 ἐστὶν
850 1258 908 1308 ὲν
946 1253 1097 1325 αὐτῷ
1128 1251 1543 1321 πεπραγμένον.
1586 1250 1820 1304 Παιδεύ-

215 1366 320 1411 σας
370 1343 464 1402 οὖν
520 1345 799 1401 ἀπολύσω.
847 1344 1121 1412 Ἀνάγκην
1185 1343 1239 1396 δὲ
1320 1337 1475 1414 εἶχον
1555 1340 1819 1394 ἀπολύειν

212 1441 434 1514 ἑαυτοῖς
467 1438 611 1493 κατὰ
642 1438 837 1508 ἑορτὴν
867 1436 986 1490 ἕνα.
1037 1435 1373 1507 Ἀνέκραξαν
1400 1436 1457 1488 δὲ
1490 1433 1819 1505 παμπληθεῖ.

202 1514 501 1601 ’λέγοντεςο
537 1528 671 1604 Αἶρε
700 1529 918 1594 τοῦτον,
945 1528 1222 1582 ἀπόλυσον
1252 1529 1305 1581 δὲ
1328 1526 1781 1601 ήμῖνΒαραόὅᾶν
1799 1543 1813 1556 ·

209 1628 369 1691 ὅστις
398 1622 468 1698 ἦν
506 1625 594 1679 διὰ
627 1625 822 1679 στάσιν
849 1622 974 1677 τινὰ
1003 1622 1311 1693 γενομένην
1342 1622 1488 1692 ἐν’τῇ
1514 1622 1690 1684 πόλει,
1722 1621 1819 1675 καὶ

213 1721 404 1791 φόνον,
446 1717 779 1789 βεϐλημένος
802 1717 881 1779 είς
906 1716 1179 1785 φυλακήν.
1209 1714 1379 1767 Πάλιν
1402 1710 1494 1767 οὖν
1525 1715 1554 1766 ὁ
1583 1712 1818 1777 Πιλᾶτος

215 1811 641 1883 προσεφώνησε,
686 1808 876 1862 θέλων
915 1808 1186 1861 ἀπολῦσαι
1243 1808 1335 1860 τὸν
1396 1806 1629 1877 Ἰησοῦν.
1669 1810 1731 1861 Οἱ
1760 1807 1816 1860 δὲ

1896 620 2089 699 iscrat.
2122 608 2325 663 Pilatus
2364 619 2576 674 autem,
2620 610 2936 665 convocatis
2967 609 3305 679 principibus
3347 623 3531 664 sacer-

1920 702 2110 757 dotum
2179 712 2233 756 et
2283 702 2697 768 magistratibus
2737 718 2801 757 ac
2846 702 3023 772 plebe,
3071 702 3207 756 dixit
3244 703 3309 754 ad
3356 701 3525 762 illos;

1922 794 2210 850 Obtulistis
2263 796 2394 850 mihi
2447 796 2593 850 hunc
2651 795 2925 850 hominem
2972 796 3129 864 quasi
3185 804 3525 849 avertentem

1925 887 2205 954 populum,
2262 896 2320 940 et
2370 901 2499 940 erce
2551 900 2653 957 ego
2705 899 2890 939 coram
2944 884 3098 939 vobis
3152 884 3525 954 interrogans,

1922 980 2125 1031 nullum
2147 979 2357 1034 crimen
2393 980 2610 1033 invenio
2640 980 2691 1031 in
2729 979 2949 1031 homine
2984 978 3087 1030 isto
3109 992 3173 1031 ex
3203 978 3269 1029 iis
3297 978 3362 1030 de
3393 977 3519 1046 qui-

1923 1072 2024 1126 bus
2054 1073 2328 1127 accusatis
2373 1088 2517 1136 eum,
2555 1071 2647 1125 sed
2686 1085 2753 1125 ne
2789 1069 3031 1125 Ilerodes
3078 1070 3296 1137 quidem
3344 1086 3357 1121 :
3393 1085 3522 1122 nam

1925 1166 2107 1218 remisi
2163 1179 2257 1217 vos
2302 1163 2372 1217 ad
2428 1162 2602 1227 illum,
2640 1172 2695 1216 et
2740 1176 2869 1217 ecce.
2914 1160 3049 1215 nihil
3091 1161 3310 1231 dignum
3345 1172 3525 1215 morte

1922 1256 2101 1310 actum
2166 1262 2250 1309 est
2299 1254 2387 1318 ei;
2441 1254 2766 1323 castigatum
2837 1266 2969 1321 ergo
3024 1252 3174 1304 illum
3231 1251 3526 1305 dimittam.

1926 1347 2161 1401 Necesse
2194 1354 2372 1401 autem
2409 1346 2647 1400 habebat
2677 1342 2955 1399 dimittere
2979 1325 3061 1411 eis
3087 1343 3139 1396 in
3174 1341 3311 1398 festo
3334 1358 3523 1397 unum.

1923 1424 2266 1494 Exclamavit
2315 1448 2496 1495 autem
2551 1439 2711 1493 sitnol
2749 1439 3005 1492 universa
3044 1440 3239 1501 turba,
3287 1436 3525 1494 dicens:

1924 1529 2078 1585 Tolle
2114 1532 2281 1596 hunc,
2312 1540 2367 1584 et
2401 1531 2613 1584 dimitte
2640 1529 2795 1583 nobis
2826 1524 3131 1584 Barabbam
3160 1528 3272 1597 (qui
3307 1537 3531 1597 propter

1922 1626 2246 1680 seditionem
2293 1626 2586 1695 quamdam
2630 1622 2833 1677 factam
2877 1622 3185 1677 incivitate
3228 1631 3283 1676 et
3349 1618 3524 1675 homi-

1921 1718 2124 1773 cidium
2168 1718 2220 1772 in
2280 1731 2558 1773 carcerem
2591 1715 2872 1785 conjecnts
2910 1717 3073 1783 erat).
3107 1713 3309 1767 lterum
3343 1722 3527 1768 autem

1924 1809 2129 1864 Pilatus
2164 1810 2383 1864 locutus
2416 1817 2499 1861 est
2531 1806 2596 1859 ad
2631 1821 2749 1871 eos;
2778 1804 2967 1860 volens
2999 1804 3275 1858 dimittere
3313 1802 3525 1859 Iesum.

213 1902 539 1973 ἑπεφὼνουν
564 1901 819 1970 λέγοντες
847 1916 861 1931 °
895 1900 1246 1971 Σταύρωσον,
1276 1899 1599 1971 σταύρωσον
1627 1899 1811 1955 αὐτόν.

1924 1907 1993 1958 At
2026 1903 2098 1957 illi
2126 1901 2435 1956 clamabant
2459 1900 2702 1955 dicentes
2728 1915 2743 1957 ;
2769 1896 3065 1967 Cmciiige,
3092 1894 3351 1965 crnciilge
3376 1911 3525 1950 eum.

227 1996 292 2049 Ὀ
324 1994 381 2047 δὲ
412 1993 598 2066 τρίτον
628 1988 749 2046 εἷπε
778 1990 916 2063 πρὸς
940 1990 1141 2055 αὐτούς
1165 2004 1180 2020 ⁸
1206 1990 1272 2044 Τί
1291 1990 1399 2061 γὰρ
1428 1991 1597 2044 κακὸν
1629 1990 1813 2061 ἐποίη-

215 2104 314 2141 σεν
345 2080 543 2150 οὖτοςς
595 2083 749 2137 οὐδὲν
803 2082 977 2136 αίτιον
1042 2082 1277 2137 θανάτου
1316 2076 1477 2153 εὗρον
1530 2084 1588 2135 ἐν
1643 2082 1813 2153 αὐτῷ.

215 2179 525 2242 Παιδεύσας
583 2173 676 2231 οὖν
735 2175 903 2231 αὑτὸν
956 2174 1239 2229 ἀπολύσω.
1298 2176 1361 2228 Oi
1415 2174 1472 2227 δὲ
1530 2175 1818 2229 ἐπέκειντο

214 2275 430 2339 φωναῖς
463 2269 759 2342 μεγάλαις,
800 2268 1121 2337 αἰτούμενοι
1167 2267 1332 2321 αὑτὸν
1388 2267 1812 2338 σταυρωθῆναιο

213 2368 315 2422 καὶ
347 2366 643 2436 κατίσχυον
664 2366 718 2417 αἱ
750 2363 929 2432 φωναὶ
974 2362 1157 2416 αὐτῶν
1192 2363 1283 2416 καὶ
1338 2362 1447 2415 τῶν
1488 2361 1813 2432 ἀρχιερέων.

225 2464 291 2517 Ὀ
323 2462 381 2516 δὲ
429 2462 662 2526 Πιλάτος
692 2459 955 2531 ὲπέκρινε
984 2459 1241 2529 γενέσθαι
1274 2459 1333 2512 τὸ
1361 2459 1575 2529 αἴτημα
1609 2455 1810 2509 αὐτῶν.

226 2557 497 2611 Ἀπέλυσε
541 2556 599 2608 δὲ
653 2555 745 2609 τὸν
801 2554 891 2608 διὰ
928 2554 1120 2608 στάσιν
1151 2555 1242 2607 καὶ
1271 2552 1433 2622 φόνον
1479 2549 1816 2621 βεϐλημένον

216 2652 300 2714 εἰς
336 2650 438 2721 τὴν
471 2648 746 2719 φυλακὴν,
794 2646 853 2699 ὃν
883 2646 1144 2717 ﬁrmitate“
1181 2644 1270 2697 τὸν
1316 2644 1374 2698 δὲ
1423 2643 1636 2714 Ἰησοῦν
1675 2658 1815 2711 παρε

213 2744 391 2797 έδωκε
424 2742 500 2812 τῷ
532 2740 803 2811 θελήματι
827 2740 1029 2793 αὐτῶν.
1062 2740 1175 2792 Καὶ
1206 2736 1281 2802 ὡς
1313 2738 1604 2807 ἀπήγαγον
1628 2736 1813 2799 αὑτίν,

217 2834 614 2903 ἐπιλαϐόμενοι
688 2832 934 2902 Σίμωνός
963 2848 1106 2895 τινος
1136 2828 1234 2882 τοῦ
1288 2828 1605 2901 Κυρηναίου
1655 2829 1816 2897 ἐρχο-

218 2927 388 2997 μένου
416 2928 509 2979 ἀπ’
534 2926 736 2997 ἀγροῦ,
767 2925 1047 2995 ἐπέθηκαν
1071 2922 1220 2992 αύτῷ
1253 2923 1344 2976 τὸν
1368 2922 1602 2990 σταυρὸν
1626 2920 1816 2990 φέρειν

218 3021 402 3091 ὀπίσω
442 3018 537 3073 τοῦ
579 3018 782 3089 Ἰησοῦ.
834 3016 1152 3072 ’Ἀκολούθει
1179 3017 1236 3070 δὲ
1262 3014 1413 3086 αύτῷ
1445 3014 1578 3068 πολὺ
1614 3014 1818 3082 πλῆθος

214 3110 313 3165 τοῦ
348 3110 480 3164 λαοῦ
532 3108 954 3178 καὶγυναικῶν,
985 3108 1041 3162 αἳ
1075 3108 1390 3171 ἐκόπτοντο,
1425 3108 1521 3159 καὶ
1553 3106 1819 3177 ἐθρήνουν

215 3204 405 3258 αὐτόν.
443 3222 460 3253 ι
507 3201 810 3272 Ῥωμαϊκῷ
837 3201 988 3271 νόμῳ
1032 3200 1297 3270 ἑπόμενος
1328 3201 1357 3252 ὁ
1385 3198 1640 3260 Πιλάτος,
1678 3198 1820 3266 πέμ-

216 3314 312 3350 πει
342 3293 432 3347 τὸν
474 3294 681 3364 Κύριον
724 3293 857 3365 πρὸς
900 3291 1174 3363 Ἡρώδην,
1216 3291 1294 3362 τῷ
1346 3290 1649 3355 κελεύοντι,
1679 3291 1810 3344 ἕκα-

215 3406 346 3442 στον
378 3389 529 3459 παρὰ
561 3385 655 3441 τοῦ
700 3388 962 3459 ἄρχοντος
1014 3386 1113 3457 τῆς
1157 3386 1425 3457 ἐπαρχίας
1469 3384 1637 3439 αὐτοῦ
1691 3384 1818 3454 κρί-

218 3480 438 3537 νεσθαι.
490 3481 582 3534 Διὸ
606 3482 697 3535 καὶ
729 3480 804 3543 ὡς
836 3480 1126 3533 Γαλιλαῖον
1155 3479 1249 3531 τὸν
1283 3478 1462 3548 Ἰησοῦ
1494 3480 1708 3549 πέμπει
1737 3477 1816 3548 τῷ

215 3576 322 3644 τῆς
378 3572 669 3634 Γαλιλαίας
720 3573 1045 3644 ἑπάρχοντι.
1087 3570 1337 3641 Ἡρώδης
1395 3572 1452 3625 δὲ
1500 3572 1673 3641 ἐχάρη
1724 3570 1820 3622 ἐπὶ

213 3664 417 3730 τούτῳ,
454 3664 552 3733 οὐχ
586 3664 661 3725 ὼς
705 3663 917 3733 μέλλων
964 3662 1224 3732 κερδᾶναί
1280 3680 1333 3715 τι
1384 3661 1712 3732 ψυχωφελὲς
1756 3665 1820 3714 ἐκ

216 3742 323 3823 τῆς
353 3753 485 3816 θέας
510 3751 605 3804 τοῦ
649 3751 852 3820 Ἰησοῦ,
887 3751 1002 3804 ἀλλ’
1030 3752 1219 3823 ἐπειδὴ
1264 3753 1432 3823 ἤκουε
1464 3755 1593 3822 περὶ
1625 3753 1815 3818 αὑτοῦ,

215 3846 305 3901 ὅτι
339 3846 498 3913 σοφός
522 3846 659 3910 ἐστι,
698 3844 795 3897 καὶ
818 3861 874 3929 τε
888 3845 1214 3916 ρατουργὸς,
1255 3841 1403 3917 εἴχεν
1433 3846 1663 3915 ἀνόητον
1697 3850 1821 3899 ἑπι-

219 3938 451 4009 θνμίαν,
497 3936 557 3990 τὸ
596 3936 914 4006 φιλόκαινον
951 3936 1123 3990 νοσῶν
1157 3938 1253 3992 καὶ
1290 3938 1476 4003 αὐτὸς,
1512 3939 1654 3991 ὥστε
1691 3940 1818 3993 ἰδεῖν

215 4028 414 4084 τοῦτον
441 4027 535 4080 τὸν
564 4026 857 4081 ἀλλόκοτον
886 4026 1201 4097 ἄνθρωπον,
1235 4030 1330 4083 καὶ
1364 4028 1599 4082 ἀκοῦσαι
1626 4029 1815 4094 αὑτοῦ,

214 4122 273 4176 τί
296 4121 474 4189 λέγει.
515 4122 585 4174 Ἢ
622 4120 744 4191 οὐχὶ
771 4118 1001 4173 τοιαῦτα
1036 4121 1130 4173 καὶ
1156 4120 1254 4173 νῦν
1288 4121 1555 4192 νοσοῦμεν
1591 4122 1815 4185 πολλοί;

230 4214 536 4285 Ἕπεθύμει
576 4209 671 4268 οὖν
715 4215 812 4268 καὶ
844 4213 1009 4279 αὐτὸς
1061 4214 1189 4267 ίδεῖν
1246 4218 1473 4285 σημεῖόν
1502 4233 1555 4269 τι
1610 4216 1674 4269 ἐκ
1722 4216 1817 4269 τοῦ

230 4304 441 4377 Ἰησοῦ,
478 4306 578 4375 οὐχ
638 4306 727 4359 ἵνα
761 4305 1057 4377 πιστεύσῃ,
1104 4305 1223 4360 ἀλλ’
1263 4307 1412 4370 ὅπως
1444 4308 1671 4379 ὲστιάσῃ
1719 4308 1818 4377 τὴν

215 4396 381 4465 ὄψιν·
423 4394 615 4466 ὥσπερ
648 4395 706 4448 ἒν
737 4397 851 4458 τοῖς
886 4394 1139 4467 θεάτροις
1176 4397 1395 4467 όρῶμεν
1441 4399 1566 4461 τοὺς
1601 4399 1821 4468 θαυμα-

218 4483 500 4548 τοποιοὺς,
531 4482 687 4554 ὄφεις
719 4482 1045 4538 καταπίνειν
1083 4487 1484 4555 (ραν-τάξοντας,
1535 4494 1629 4542 καὶ
1664 4489 1814 4561 ξίφη,

172 4620 177 4623 ,
216 4576 318 4629 καὶ
356 4574 604 4637 τοιαῦτα,
640 4575 734 4629 καὶ
764 4574 1144 4647 θαυμάζομεν.
1192 4578 1386 4649 Σχεδὸν
1424 4583 1532 4652 γὰρ
1567 4581 1816 4652 ενόμιζον

1928 4594 2156 4663 gladios,
2191 4607 2253 4645 ac
2303 4592 2496 4645 similia

221 4666 317 4721 τὸν
356 4666 571 4733 Ἰησοῦν
610 4662 750 4720 εἷναι
775 4666 1023 4722 τοιοῦτόν
1058 4686 1200 4724 τινα.
1252 4671 1547 4742 Ἐπηρώτα
1572 4674 1627 4726 δὲ
1659 4676 1822 4729 αὑτὸν

223 4761 287 4813 ἑν
319 4758 501 4826 λόγοις
536 4761 768 4826 ἱκανοῖς,
803 4758 946 4813 οὕτω
978 4778 1095 4824 πως
1136 4764 1443 4834 εἰρωνικῶς
1473 4764 1612 4837 πρὸς
1657 4768 1823 4820 αὑτὸν

219 4850 597 4921 διακείμενος,
634 4856 728 4905 καὶ
758 4852 819 4905 τὸ
850 4852 973 4905 ὅλον
1006 4852 1369 4926 μυκτηρίξων
1395 4858 1583 4914 αὐτόν.
1616 4860 1707 4912 Διὸ
1731 4865 1826 4914 καὶ

217 4943 251 4996 ὁ
291 4940 506 5012 Ἰησοῦς
561 4941 721 4997 οὐδὲν
772 4944 1156 5015 ἀποκρίνεται.
1221 4945 1346 5002 Οἵδε
1394 4953 1504 5021 γὰρ
1562 4951 1693 5004 πότε
1746 4954 1827 5006 δεῖ

217 5035 652 5107 ἀποκρίνασθαι,
676 5036 704 5089 ό
740 5038 917 5093 πάντα
947 5041 1013 5094 ενι
1031 5039 1178 5111 λόγῳ
1214 5044 1467 5113 ποιήσας,
1493 5046 1587 5097 καὶ
1616 5063 1835 5117 μαρτυ-·

226 5128 424 5200 ρηθεὶς
467 5132 573 5184 ὑπὸ
600 5132 783 5199 Δαυῒδ,
834 5135 918 5188 ὅτι
970 5154 987 5187 ι
1047 5138 1414 5210 Οἰκονομήσει
1462 5141 1589 5204 τοὺς
1633 5141 1827 5210 λόγους

222 5215 398 5278 αὑτοῦ
430 5226 488 5277 ὲν
516 5226 720 5295 κρίσει.
772 5246 789 5277 ι
830 5227 896 5281 Τί
925 5228 1034 5302 γὰρ
1064 5230 1147 5283 δεῖ
1191 5233 1589 5305 ἀποκρίνεσθαι
1636 5234 1714 5305 τῷ
1749 5236 1825 5306 μὴ

224 5316 511 5388 ἐρωτῶντι
534 5317 624 5371 διὰ
642 5319 702 5372 τό
729 5319 920 5391 μαθεῖν
948 5338 962 5387 ;
986 5321 1039 5375 τί
1056 5322 1114 5377 δὲ
1133 5322 1214 5377 δεῖ
1237 5324 1455 5396 βάλλειν
1469 5328 1592 5391 τοὺς
1610 5344 1827 5399 μαργα-

227 5409 388 5481 ρίτας
418 5410 732 5481 ἔμπροσθεν
761 5413 871 5466 τῶν
904 5416 1145 5487 χοίρων;
1193 5420 1415 5473 Μᾶλλον
1466 5422 1563 5491 μὲν
1594 5417 1711 5488 οὖν,
1750 5421 1828 5484 ὡς

224 5502 327 5557 καὶ
356 5501 617 5573 ἀνωτέρω
634 5506 959 5576 εἰρήκαμεν,
993 5507 1409 5590 φιλανθρωπίας
1435 5512 1554 5565 ἐστὶ
1572 5512 1632 5565 τὸ
1661 5514 1824 5584 σιγᾷν

222 5598 286 5650 ιν
340 5598 454 5658 τοῖς
479 5595 767 5661 τοιούτοις.
830 5600 889 5654 '0
943 5602 1052 5673 γὰρ
1108 5604 1293 5675 ῥηθεὶς
1334 5606 1490 5675 λόγος
1549 5608 1685 5678 πρὸς
1744 5607 1820 5673 τῷ

229 5689 401 5759 μηδὲν
432 5689 739 5759 ὠφελῆσαι,
771 5692 851 5747 ἔτι
884 5696 976 5749 καὶ
1010 5699 1389 5771 κατακρίσεως
1419 5703 1674 5773 πρόξενός
1700 5705 1819 5756 ἐστι

298 5871 345 5901 ’⁸
374 5869 515 5928 l‘sal.
552 5886 662 5939 cxt,
692 5873 744 5927 5.

1920 1994 2014 2049 Ille
2038 2004 2218 2049 autem
2254 1993 2413 2047 tertio
2442 1990 2579 2045 dixit
2616 1989 2683 2043 ad
2725 1989 2848 2043 illos
2878 2006 2893 2046 :
2929 1988 3069 2054 Quid
3105 1988 3251 2042 enim
3289 1986 3417 2041 mali
3456 1985 3531 2040 i'e-

1902 2088 1992 2142 ‘cit
2039 2087 2171 2141 hic?
2221 2084 2434 2138 Nullum
2473 2086 2681 2138 crimen
2725 2082 2958 2152 capitale
3010 2081 3296 2150 comperio
3341 2082 3390 2133 in
3426 2096 3514 2135 eo.

1920 2178 2260 2249 Castigatum
2303 2190 2434 2244 ergo
2484 2175 2756 2229 dimittam
2801 2174 2972 2228 illum.
3010 2173 3080 2225 At
3127 2171 3200 2225 illi
3248 2172 3529 2225 instabant

1918 2272 2146 2337 vocibus
2203 2269 2418 2337 magnis
2467 2267 2805 2339 postulantes
2854 2277 2915 2320 ut
2958 2264 3413 2335 cruciﬁgeretur,
3464 2270 3523 2319 et

1921 2364 2333 2421 invalescebant
2372 2378 2533 2417 voces
2564 2377 2755 2416 eorum
2793 2374 2856 2414 ac
2886 2373 3225 2413 summorum
3264 2355 3533 2412 sacerdo-

1919 2467 2054 2511 tuttt.
2088 2457 2150 2511 Et
2174 2454 2384 2510 Pilatus
2409 2454 2740 2523 adiudicavit
2774 2462 2831 2505 ut
2864 2452 3019 2507 ﬂeret
3056 2450 3197 2519 quod
3230 2449 3303 2501 illi
3340 2460 3529 2518 postu-

1920 2552 2123 2605 labant.
2162 2549 2381 2603 Dimisit
2427 2560 2609 2603 autem
2657 2548 2764 2601 illis
2800 2562 2923 2601 eum
2974 2545 3064 2615 qui
3115 2552 3335 2613 propter
3380 2544 3528 2598 sedi-

1922 2647 2121 2700 tionem
2148 2656 2198 2698 et
2227 2644 2581 2698 homicidium
2612 2640 2892 2708 conjectns
2927 2639 3104 2691 fuerat
3135 2637 3189 2691 in
3220 2651 3523 2700 carcerem,

1921 2752 2085 2806 quem
2132 2744 2552 2805 poposcerunt:
2601 2732 2788 2789 Jesum
2838 2746 2969 2785 vero
3022 2728 3242 2784 tradidit
3293 2728 3525 2783 arbitrio

1920 2845 2134 2885 eorum.
2175 2828 2239 2883 Et
2271 2844 2394 2882 cum
2429 2828 2790 2891 abducerent,
2826 2822 3311 2893 apprehenderuut
3344 2820 3527 2874 Simo-

1923 2938 2043 2977 nem
2091 2923 2385 2992 quemdam
2426 2917 2817 2990 Cyrenensem,
2856 2916 3173 2970 venientem
3207 2929 3236 2966 ιι
3266 2928 3391 2967 rure
3425 2930 3440 2968 :
3471 2920 3526 2965 ct

1924 3016 2301 3084 imposuerunt
2346 3013 2418 3067 illi
2456 3027 2701 3076 crucem,
2740 3018 2799 3063 ut
2844 3017 3091 3078 portaret
3144 3017 3267 3077 post
3311 3004 3521 3060 Jcsnm.
3558 3023 3563 3029 ·

1927 3106 2269 3174 Sequebatur
2317 3117 2501 3160 autem
2554 3101 2706 3156 illum
2762 3100 2934 3153 multa
3000 3100 3156 3153 turba
3217 3097 3421 3168 pepuli,
3470 3105 3527 3151 rt

1930 3200 2221 3253 mulierum
2256 3213 2375 3265 quae
2402 3197 2732 3266 plangebant
2759 3203 2813 3247 et
2840 3194 3286 3261 lamentabantur
3317 3209 3463 3247 etnn.
3500 3211 3519 3244 ι

1925 3293 2292 3346 Romanorum
2333 3290 2501 3359 legem
2548 3303 2784 3356 sequens
2841 3286 3069 3351 Pilatus,
3119 3286 3283 3340 mittit
3340 3285 3527 3341 Domi-

1924 3399 2053 3439 num
2084 3386 2151 3438 ad
2202 3382 2496 3438 Herodem.
2543 3382 2638 3435 Illa
2672 3382 2817 3436 enim
2852 3390 3008 3435 cavet
3046 3390 3104 3433 ιιι
3151 3378 3528 3450 unusquisque

1925 3494 1952 3530 a
1983 3476 2228 3546 principe
2254 3490 2367 3530 Sua:
2399 3474 2637 3547 regionis
2667 3473 2985 3543 iudicetur:
3018 3473 3141 3526 ideo
3181 3483 3233 3525 et
3264 3482 3524 3542 tanquam

1922 3569 2205 3625 Galilreum
2255 3568 2434 3623 Jesum
2485 3568 2656 3622 mittit
2705 3566 2934 3637 principi
2971 3564 3232 3620 Galilaete.
3283 3564 3526 3620 Herodes

1923 3672 2102 3717 autem
2135 3664 2434 3735 gaudebat,
2479 3678 2583 3716 non
2635 3670 2692 3715 ιιι
2730 3662 2938 3717 animae
2967 3676 3079 3716 Sua:
3114 3661 3247 3716 nliie
3282 3661 3409 3730 quid
3444 3660 3526 3713 lu-

1923 3768 2169 3812 craretur
2199 3747 2262 3811 ei
2305 3754 2624 3825 Spectat:qu
2659 3753 2791 3809 Jesu
2832 3770 2847 3809 :
2894 3755 2987 3810 sed
3017 3756 3145 3823 quia
3178 3756 3427 3808 audierat
3460 3755 3527 3809 de

1922 3868 1987 3907 co
2023 3852 2166 3920 quod
2200 3848 2419 3919 sapiens
2468 3861 2637 3913 esset,
2678 3857 2733 3903 et
2766 3850 2901 3903 mira
2936 3862 3259 3918 Operaremr
3283 3886 3300 3914 ,
3336 3849 3529 3902 habuit

1923 3948 2148 3999 stultum
2216 3945 2573 4009 desiderium,
2624 3944 2883 3999 laborans
2935 3943 3278 3998 curiositatis
3332 3946 3527 3996 morbo

1920 4039 2084 4095 etiam
2123 4038 2241 4107 ipse
2266 4048 2324 4091 ut
2364 4039 2577 4092 videret
2606 4038 2846 4092 alienum
2882 4038 3184 4100 hominem,
3214 4044 3269 4090 et
3304 4037 3526 4091 audiret

1920 4130 2051 4202 quid
2083 4131 2173 4185 ille
2216 4131 2440 4186 diceret.
2478 4132 2673 4185 Annon
2721 4132 2885 4186 etiam
2936 4130 3096 4184 hodie
3142 4130 3298 4184 inulti
3336 4130 3528 4183 morbo

1922 4224 2014 4278 illo
2064 4223 2359 4278 laborant?
2417 4222 2778 4278 Desiderabat
2829 4224 2973 4277 enim
3035 4232 3089 4276 et
3137 4223 3251 4291 ipse
3306 4221 3525 4293 signum

1922 4316 2193 4385 quoddam
2238 4314 2427 4370 videre
2456 4329 2485 4367 a
2515 4314 2668 4380 Jesn,
2705 4330 2810 4369 non
2842 4325 2896 4367 ιιι
2926 4313 3093 4386 482
3124 4315 3396 4379 crederet,
3431 4315 3526 4369 sed

1922 4421 1983 4464 ut
2014 4409 2200 4463 oculos
2235 4408 2533 4463 oblectaret
2567 4420 2580 4460 :
2624 4411 2766 4463 sicut
2809 4410 2859 4461 in
2899 4400 3229 4476 spectaculis
3272 4410 3526 4462 videmus

1922 4501 2352 4572 prmsﬁgiatores
2385 4514 2651 4569 apparere
2700 4499 2790 4569 qui
2838 4498 3102 4552 devorent
3146 4510 3434 4568 serpentes
3471 4508 3529 4553 et

2529 4629 2544 4653 ,
2605 4602 2659 4645 et
2716 4591 3077 4643 admiramur.
3131 4588 3317 4645 Talem
3378 4591 3525 4645 enim

1925 4683 2097 4737 ferme
2128 4680 2315 4736 Jesum
2348 4696 2472 4736 esse
2503 4682 2752 4751 putabat.
2782 4679 3161 4750 lnterrogabat
3181 4689 3361 4733 autem
3399 4692 3525 4733 eum
3568 4672 3575 4678 ’

1920 4774 2265 4831 sermonibus
2322 4774 2529 4838 multis,
2586 4785 2639 4827 et.
2692 4774 2972 4828 illudentis
3025 4786 3178 4826 more
3232 4772 3524 4835 tractabat,

1922 4879 2086 4938 atque
2132 4866 2186 4920 in
2223 4882 2435 4921 summa
2468 4867 2645 4935 ipsum
2682 4867 3088 4933 subsannabat;
3128 4867 3248 4921 ideo
3274 4876 3328 4920 et
3362 4865 3528 4920 Jesus

1924 4962 2055 5015 nihil
2087 4960 2393 5029 respondit.
2427 4960 2602 5014 Scivit
2632 4961 2780 5015 enim
2813 4962 3034 5029 quando
3064 4959 3525 5027 respondendum,

1922 5055 2218 5123 omniaque
2266 5055 2482 5109 ratione
2536 5052 2696 5119 fecit,
2728 5065 2784 5109 et
2829 5054 3203 5108 testimonium
3242 5053 3453 5119 accepit
3498 5068 3529 5105 a

1930 5147 2101 5202 David
2152 5148 2298 5219 quod
2332 5149 2607 5216 dispenset
2641 5161 2926 5201 sermones
2954 5162 3082 5201 suos
3131 5146 3183 5200 in
3216 5146 3425 5216 judicio
3458 5146 3529 5199 ".

1928 5241 2066 5307 Quid
2099 5242 2247 5294 enim
2284 5239 2719 5309 reSpondendunt
2752 5238 2824 5292 illi
2855 5240 2947 5307 qui
2994 5254 3101 5294 non
3138 5239 3439 5307 interrogat
3475 5246 3533 5291 ut

1930 5333 2151 5390 discat?
2199 5333 2339 5401 Quid
2381 5335 2509 5388 item
2552 5333 2867 5404 margarita:
2906 5334 3184 5388 mittendae
3232 5343 3359 5388 ante
3404 5347 3533 5402 por-

1919 5427 2066 5484 cos?
2101 5427 2217 5482 Imo
2265 5427 2516 5497 majoris,
2552 5427 3012 5496 quemadmodum
3060 5441 3224 5495 supra
3264 5428 3299 5480 d
3326 5428 3527 5492 ximus,

1934 5521 2325 5577 misericordia:
2374 5529 2457 5575 est
2506 5529 2688 5573 tacere
2732 5517 2875 5572 inter
2923 5518 3079 5572 tales.
3133 5518 3326 5571 Sermo
3381 5516 3528 5571 enim

1935 5615 2113 5669 dictus
2146 5625 2511 5683 praeterquam
2556 5613 2700 5683 quod
2737 5613 2869 5666 niitil
2924 5615 3164 5681 prodest,
3203 5613 3381 5664 adhuc
3414 5626 3530 5662 tua-

1930 5709 2063 5777 ioris
2106 5706 2579 5762 condcmnationis
2615 5720 2776 5762 causa
2826 5718 2904 5760 est
2943 5707 3020 5761 eis
3070 5708 3160 5775 qui
3194 5722 3301 5758 non
3345 5713 3524 5757 atten-
