4100 6334
234 366 377 435 1097

231 481 539 544 ἀπολύσας.

225 577 387 646 ὑμῶν
419 574 482 627 οὐ
513 573 588 644 μὴ
619 573 971 643 φοϐηθῶμεν,
1003 573 1140 624 ἀλλὰ
1199 570 1405 640 Κύριος
1459 568 1621 629 αὐτὸς
1675 567 1829 622 ἔσται

227 685 326 736 μοι
391 666 578 737 φόϐος.
644 684 661 717 ι
707 664 1016 727 Παιδεύσας
1056 663 1172 727 οὖν,
1219 663 1411 731 φησιν,
1466 659 1749 720 ἀπολύσω,
1806 679 1823 710 ι

222 760 504 822 τουτέστι,
564 759 915 828 σωφρονίσας
967 757 1056 809 διὰ
1101 756 1410 827 μαστίγων.
1445 754 1720 824 ’Δνὰγκην
1773 752 1831 805 δὲ

222 847 381 922 εἶχον
402 852 453 903 oi
495 853 759 922 Ῥωμαῖοι
809 851 951 906 κατὰ
993 850 1190 921 ἑορτὴν
1225 848 1490 902 ἀπολύειν
1516 836 1644 912 ἕνα,
1671 865 1831 918 χαρι-

226 945 454 1014 ζόμενοι
512 949 625 1011 τοῖς
687 945 986 1008 Ἰουδαίοις.
1069 941 1465 1003 ’Υποσπόνδοις
1511 941 1621 1011 γὰρ
1677 957 1829 1009 γενο-

227 1037 418 1108 μένοις
468 1037 584 1098 τοῖς
638 1027 955 1099 Ἰουδαίοις,
1011 1032 1197 1086 ἄδειαν
1250 1031 1518 1084 δεδώκασι
1564 1030 1705 1081 κατά
1759 1028 1828 1082 τὰ

221 1131 409 1183 οίκεῖα
447 1128 542 1199 ἔθη
585 1130 680 1181 καὶ
715 1128 923 1198 νόμιμα
971 1125 1379 1180 πολιτεύεσθαι.
1418 1124 1581 1186 Ἐθος
1611 1123 1668 1176 δὲ
1718 1124 1825 1177 πά-

222 1235 388 1287 τριον
421 1217 488 1291 ἦν
537 1219 840 1284 Ἰουδαίοις,
864 1219 928 1270 τὸ
965 1218 1122 1287 παρὰ
1150 1215 1246 1270 τοῦ
1298 1218 1563 1287 ἄρχοντος
1597 1213 1824 1278 ἐξαιτεί-

225 1313 356 1365 σθαι
389 1315 511 1376 τοὺς
529 1313 912 1382 κατακρίτους,
959 1313 1150 1381 ὥσπερ
1185 1311 1280 1362 καὶ
1301 1309 1453 1378 παρά
1492 1307 1666 1360 Σαοὺλ
1701 1306 1827 1376 ἐξῃ-

219 1408 464 1476 τήσαντο
493 1406 584 1458 τὸν
640 1404 918 1458 Ἰωνάθαν.
956 1405 1019 1457 El
1059 1403 1118 1456 δὲ
1150 1402 1248 1473 τὴν
1282 1401 1530 1472 ἱστορίαν
1583 1400 1821 1466 ἀγνοεῖς,

222 1501 415 1569 μέτιθι
441 1499 741 1554 Βασιλειῶν
766 1499 866 1568 τὴν
899 1498 1146 1572 πρώτην,
1182 1497 1274 1550 καὶ
1306 1494 1513 1564 ταύτην
1541 1493 1820 1564 εὑρήσεις.

226 1613 244 1642 ι
300 1592 634 1664 ’Δνὲκραξαν
654 1589 734 1654 δὲ,
767 1591 920 1659 φησι,
973 1586 1317 1657 παμπληθεὶ,
1349 1585 1602 1653 λέγοντες
1624 1601 1637 1615 ·
1690 1578 1820 1651 Αἶρε

217 1683 439 1739 τοῦτον.
482 1703 502 1736 3
539 1683 604 1737 Τί
654 1683 848 1738 τούτου
898 1684 1119 1753 χεῖρον;
1152 1680 1224 1732 Τὸ
1256 1678 1410 1741 ἔθνος
1453 1679 1514 1730 τὸ
1554 1677 1710 1745 ἅγιον
1741 1677 1820 1739 είς

219 1778 426 1847 φόνους
463 1776 682 1843 ἐλύττα,
712 1779 740 1830 ὁ
765 1776 976 1839 ἐθνικὸς
1017 1774 1248 1836 Πιλᾶτος
1276 1771 1368 1826 τὸν
1395 1772 1557 1840 φόνον
1586 1770 1819 1841 ἀπετρέ-

891 366 1343 428 ΕΝΑΠΠᾹΤΙΟ
1390 366 1467 425 IN
1502 363 2016 426 EVANGELIUM
2061 362 2296 426 LUCXE.
2338 387 2408 397 —
2436 361 2600 426 CAP.
2643 360 2871 422 ΧΧ-ΙΠ.

631 480 706 533 Οὐ
772 479 879 549 γὰρ
928 478 1098 548 ἔμαθε
1149 477 1330 542 λέγειν
1364 492 1376 506 ο
1415 476 1520 529 Τὸν
1576 475 1631 528 δὲ
1672 474 1816 543 φόῦοτ

1950 488 2118 526 unum
2155 473 2433 527 ditnittere
2460 469 2679 525 .Indacis.
2712 468 2844 523 Tale
2877 469 3021 524 enim
3057 468 3239 526 [malus
3273 485 3393 526 eum
3443 473 3542 530 Ju.

3407 358 3544 425 1098

1935 565 2067 619 duris
2098 563 2355 626 inierant,
2386 572 2445 615 ιιι
2470 561 2709 616 liberum
2745 559 3129 630 permitterent
3159 563 3240 615 eis
3264 561 3421 632 juxta
3463 564 3541 617 le-

1934 658 2122 728 gitima
2163 667 2217 711 et
2250 667 2510 711 consuetu
2545 671 2641 710 sua
2673 656 2882 710 vivere.
2909 653 2975 708 Et
3026 669 3146 709 mos
3180 656 3391 725 patrius
3425 668 3545 710 erat

1933 750 2154 813 Judaeis,
2181 766 2208 801 a
2238 751 2487 819 principe
2518 749 2797 818 judicatos
2845 752 3218 817 petere,sicut
3255 761 3310 804 et
3335 770 3362 804 ιι
3411 751 3542 804 Sani

1934 844 2248 914 petiverunt
2299 842 2597 897 Jonathan.
2643 843 2798 909 Quod
2851 843 2896 896 si
2954 842 3241 897 historiam
3296 844 3539 914 ignoras,

1933 939 2068 992 Vade
2102 938 2169 989 ad
2200 937 2433 1007 primum
2467 937 2664 989 librum
2693 934 2897 1006 [legum
2926 936 2992 999 ",
3012 945 3067 988 et
3095 950 3217 989 eam
3273 935 3537 990 invenies.

1939 1043 1956 1081 ι
1984 1029 2374 1085 Clamavernnt
2398 1040 2601 1092 autem,
2629 1029 2827 1097 inquit,
2861 1042 3056 1082 omnes
3093 1029 3362 1095 dicentes,
3389 1027 3541 1083 Tolle

1930 1125 2096 1178 hunc.
2127 1141 2144 1173 ι
2176 1121 2315 1189 Quid
2351 1123 2452 1178 hoc
2483 1121 2674 1190 pejus?
2704 1121 2851 1176 Gens
2867 1131 3058 1176 sancta
3081 1121 3232 1176 rabie
3265 1122 3537 1192 incedenti

1930 1218 2078 1281 furit,
2121 1229 2176 1271 et
2222 1217 2439 1286 gentilis
2483 1217 2692 1271 Pilatus
2728 1232 2806 1271 rte
2828 1221 2930 1269 lem
2967 1227 3274 1270 aversatur.
3319 1216 3385 1272 Et
3415 1231 3539 1288 quae

1928 1327 2166 1375 sursum,
2196 1327 2256 1366 ea
2289 1313 2544 1367 deorsum
2578 1322 2882 1365 vertuntur.
2909 1332 2926 1362 ι
2950 1311 3103 1367 ’l‘olle
3126 1312 3291 1378 hunc,
3326 1313 3534 1379 dicunt,

1928 1403 2140 1457 dimitte
2170 1411 2352 1456 autem
2396 1403 2552 1455 nobis
2583 1403 2888 1456 Barabbatn
2926 1421 2936 1456 :
2971 1403 3064 1473 qui
3089 1419 3212 1458 eum
3240 1403 3536 1460 seditiosus

1925 1509 2066 1549 esset
2100 1507 2152 1550 et
2175 1496 2468 1557 homicida,
2494 1498 2692 1549 missus
2713 1507 2830 1549 erat
2858 1496 2910 1548 iit
2937 1510 3236 1550 carcerem.
3264 1515 3281 1548 3
3326 1498 3402 1551 En
3426 1509 3540 1552 ter-

1925 1593 1999 1645 tio
2034 1591 2270 1646 absoltit
2319 1590 2625 1658 Pilattts,ct
2675 1592 2835 1645 tertio
2887 1592 2961 1646 illi
3015 1602 3204 1646 contra
3254 1591 3534 1667 Christum

1923 1687 2181 1749 clamant,
2217 1695 2273 1738 ιιι
2321 1686 2546 1738 omnino
2606 1684 2764 1738 tertia
2821 1684 2908 1738 illa
2961 1685 3289 1739 tlamatione
3335 1687 3536 1740 random

1923 1793 2077 1832 suam
2139 1777 2443 1847 perﬁciant,
2504 1789 2861 1846 sanetntnque
2912 1792 2977 1831 ac
3023 1777 3232 1848 justum
3290 1788 3534 1848 negent:

156 1887 159 1889 ·
223 1869 476 1937 πετο,τά
506 1868 619 1923 ἄνω
662 1869 814 1923 κάτω
858 1867 1096 1936 ἐγένετο.
1139 1885 1156 1918 t
1195 1861 1329 1938 Αἶρε
1379 1864 1593 1927 τοῦτον,
1627 1865 1814 1934 φασὶν,

1924 1872 2062 1925 sicut
2094 1873 2221 1924 dicit
2253 1872 2445 1924 beatus
2496 1871 2711 1935 Petrus,
2754 1870 3069 1926 Petivernnt
3123 1880 3302 1925 autem
3360 1872 3535 1926 virum

217 1961 497 2016 ἀπόλυσον
517 1960 572 2014 δὲ
591 1962 722 2032 ἡμῖν
752 1959 1068 2031 Βαραϐϐᾶν,
1089 1957 1148 2020 ὃς
1169 1957 1504 2027 στασιαστὴς
1520 1953 1596 2008 ῶν
1612 1956 1709 2008 καὶ
1724 1971 1819 2023 φο-

223 2055 373 2119 νεὺς,
399 2053 604 2125 ἐϐλήθη
622 2055 705 2118 είς
721 2054 994 2124 φυλακήν.
1028 2073 1045 2104 3
1071 2053 1181 2106 Kal.
1197 2053 1380 2122 τρίτον
1398 2049 1628 2104 ἀπολύει
1646 2047 1817 2103 Πιλά-

215 2145 440 2211 τοςριαὶ
458 2146 636 2216 τρίτον
654 2148 853 2200 ἐκεῖνοι
878 2145 1041 2216 βοῶσι
1058 2145 1196 2198 κατά
1213 2141 1477 2214 Χριστοῦ,
1497 2143 1584 2194 ἵνα
1600 2141 1816 2202 πάντως

217 2239 312 2292 διὰ
331 2238 426 2292 τοῦ
449 2238 635 2310 τρίτου
658 2240 849 2292 τούτου
879 2237 1223 2309 βεϐιιώσωσι
1242 2237 1343 2306 τὴν
1359 2235 1567 2289 οἰκείαν
1595 2251 1814 2306 μιαιφο-

217 2331 375 2388 νίαν·
402 2333 498 2388 καὶ
539 2332 634 2386 τὸν
666 2332 766 2403 μὲν
799 2333 956 2400 ἆγιον
988 2332 1086 2385 καὶ
1114 2331 1323 2384 δίκαιον
1352 2329 1684 2401 ἠρνήσαντο,
1717 2344 1817 2380 κα-

219 2419 335 2488 θώς
375 2440 544 2496 φησιν
592 2425 620 2476 ὁ
653 2423 926 2495 μακάριος
957 2423 1182 2493 Πέτρος·
1235 2410 1508 2492 ᾐτήσαντο
1541 2420 1597 2472 δὲ
1648 2418 1816 2489 ἄνδρα

221 2517 401 2588 φονέα
433 2517 763 2589 χαρισθῆναι
797 2519 1004 2580 αὐτοῖς.
1032 2517 1106 2570 Τὸ
1136 2514 1245 2586 γὰρ
1275 2517 1466 2585 ὅμοιον
1508 2511 1770 2581 ἀγαπῶσι
1796 2527 1811 2540 ο

217 2609 424 2665 διὸκαὶ
459 2613 562 2681 τῆς
607 2609 828 2681 μερίδος
875 2609 1044 2663 αὑτοῦ
1092 2610 1359 2678 γίνονται,
1415 2607 1815 2668 στασιάσαντες

220 2705 321 2757 καὶ
365 2703 518 2758 αὐτοὶ
547 2704 688 2757 κατά
729 2703 1042 2774 Ῥωμαίων,
1081 2705 1176 2756 κα)⁵
1199 2702 1378 2771 φόνων
1407 2700 1621 2771 μυρίων
1652 2699 1817 2752 αἴτιοι

219 2787 509 2867 γενόμενοι
570 2798 666 2851 καὶ
719 2797 817 2865 τῆς
875 2796 1086 2850 ἑαυτῶν
1151 2794 1451 2857 ἀπωλείας.
1509 2792 1700 2846 Ταῦτα
1757 2792 1815 2844 δὲ

219 2887 480 2960 προλέγει
509 2888 607 2941 καὶ
636 2889 703 2942 δι’
741 2889 1008 2959 Ἰερεμίου
1044 2888 1071 2940 ὁ
1115 2883 1356 2956 Κύριος*
1395 2905 1413 2936 ι
1478 2884 1815 2954 Ἑγκαταλέ-

219 2979 387 3034 λοιπα
415 2979 506 3033 τδν
552 2977 702 3034 οἶκόν
759 2999 882 3052 μου,
924 2981 1112 3049 ἀφῆκα
1156 2978 1255 3049 τὴν
1289 2978 1658 3050 κληρονομίαν
1686 2995 1813 3048 μου,

215 3072 434 3126 δέδωκα
471 3073 571 3143 τὴν
621 3073 990 3143 κληρονομίαν
1044 3088 1148 3142 μου
1204 3073 1286 3134 εἰς
1338 3074 1529 3142 χεῖρας
1579 3071 1809 3141 ἐχθρῶν.

229 3163 531 3236 Ἐγεννήθη
606 3167 636 3235 ὴ
691 3164 1024 3235 κληρονομία
1080 3181 1182 3234 μου
1219 3165 1370 3234 ἐμοὶ,
1423 3163 1498 3226 ὡς
1554 3163 1692 3216 λέων
1753 3166 1812 3215 ἐν

219 3257 439 3331 δρυμῷ,
474 3256 672 3311 ἔδωκεν
715 3255 802 3309 ἐπ’
825 3257 924 3328 ἐμὲ
955 3257 1055 3327 τὴν
1088 3256 1270 3328 φωνὴν
1298 3258 1500 3326 αὑτῆς’
1536 3257 1625 3310 διὰ
1657 3256 1815 3308 τοῦτο

221 3353 467 3422 ἐμίσησα
496 3352 667 3422 αὑτήν
700 3368 713 3383 '
755 3371 773 3404 3
819 3350 912 3404 καὶ
946 3351 1108 3403 πάλιν
1148 3350 1332 3419 Ὠσηὲ,
1376 3368 1395 3401 ι
1438 3351 1574 3403 Οὐαὶ
1607 3349 1812 3414 αὐτοῖς,

215 3445 305 3499 ὅτι
337 3444 705 3514 ἀπεπήδησαν
729 3444 821 3496 aur
859 3441 995 3514 ἐμοῦ
1018 3457 1030 3470 ·
1058 3442 1282 3495 δείλαιοί
1313 3433 1475 3508 εἰσιν,
1495 3443 1579 3496 ὅτι
1609 3442 1814 3512 ἠσέὅηο

218 3554 324 3592 σαν
358 3539 440 3600 εἰς
492 3537 613 3607 ἐμέ.
663 3537 804 3607 Ἐγὼ
850 3537 1258 3609 ἐλυτρωσάμην
1297 3538 1517 3600 αὐτοὺς,
1551 3537 1708 3589 αὐτοὶ
1757 3535 1814 3588 δὲ

218 3629 601 3700 κατελάλησαν
655 3630 778 3681 κατ’
840 3626 976 3700 ἐμοῦ
1025 3628 1219 3698 ψευδῆ,
1275 3630 1369 3680 καὶ⁴
1412 3625 1709 3679 πεσοῦνται
1757 3627 1816 3677 ἐν

218 3723 456 3792 στόματι
490 3722 763 3793 ῥομφαία,
814 3723 862 3775 oi
908 3723 1169 3796 ἄρχοντες
1225 3720 1406 3774 αὐτῶν
1447 3721 1514 3774 δι’
1555 3720 1816 3774 ἀπαιδευ-

218 3810 344 3864 σίαν
364 3809 612 3881 γλώττης
643 3811 847 3867 αὐτῶν.
878 3830 896 3863 3
939 3815 1169 3880 Ἀγεται
1198 3813 1376 3864 τοίνυν
1398 3814 1424 3864 ὁ
1472 3811 1689 3881 Ιησοῦς,
1721 3812 1814 3864 καὶ

219 3904 441 3976 πρῶτον
488 3905 588 3976 μὲν
632 3905 913 3976 ἐπέθηκαν
949 3906 1100 3975 αὐτῴ
1138 3906 1231 3958 τὸν
1281 3904 1544 3975 σταυρὸν,
1596 3905 1691 3958 καὶ
1723 3904 1818 3974 βα-

217 3995 439 4060 στάζων
507 3997 752 4066 ἐξῆλθεν.
812 3999 947 4052 Οὐδὲ
1002 4001 1112 4069 γὰρ
1174 3999 1495 4067 κατεδέχετό
1558 4017 1641 4062 τις
1705 4000 1814 4051 τῶν

216 4089 396 4145 ἄλλων
428 4090 698 4160 βαστάσαι
731 4092 915 4156 αὑτὸν,
952 4093 1074 4146 ἐπεὶ
1102 4094 1198 4147 καὶ
1243 4093 1302 4146 τὸ
1335 4093 1491 4158 ξύλον
1542 4094 1812 4147 ἐπικατά-

218 4199 387 4253 ρατον
419 4177 587 4254 εἶχον.
617 4180 746 4237 Εἶτα
778 4185 1031 4257 εὑρόντες
1055 4186 1276 4255 Σίμωνά
1309 4204 1432 4240 τινα
1466 4189 1778 4258 Κυρηναῖον
1797 4228 1812 4252 ,

216 4275 500 4344 ἐπέθηκαν
562 4277 737 4348 τούτῳ
780 4280 872 4332 τὸν
920 4281 1174 4353 σταυρὸν,
1225 4281 1672 4350 ἀγγαρεύσαντες
1722 4284 1814 4334 τὸν

218 4368 534 4440 ἄνθρωπον,
596 4372 689 4425 καὶ
747 4367 858 4425 οἷόν
913 4390 1036 4427 τινα
1083 4375 1359 4445 ἐπήρειαν
1414 4374 1566 4446 αὑτῶ
1621 4373 1813 4427 τοῦτον

215 4462 502 4527 ἐπιθέντες
537 4463 629 4517 τὸν
682 4465 834 4536 παρά
859 4468 976 4529 τοῖς
1008 4466 1190 4530 ἄλλοις
1239 4466 1809 4538 ἀποτροπιαζόμενον.

216 4554 530 4609 Δίνίττιται
565 4557 620 4610 δὲ
645 4557 804 4612 τοῦτο
836 4559 896 4612 οὐ
956 4559 1155 4630 μικρὸν
1193 4559 1530 4631 νουθέτημα.
1568 4560 1812 4631 Σταυρὸς

220 4649 322 4717 μὲν
343 4650 453 4718 γάρ
468 4654 616 4703 ἐστιν
647 4653 678 4722 ἡ
715 4651 984 4722 νέκρωσις
1019 4656 1113 4707 καὶ
1143 4653 1510 4726 ἀνενεργησία
1540 4655 1649 4707 τῶν
1701 4670 1810 4708 παο

217 4741 330 4794 θῶν
355 4745 446 4795 καὶ
474 4744 736 4815 ἀκινησία
760 4761 773 4774 ·
814 4748 844 4799 ὁ
876 4749 987 4818 γὰρ
1039 4749 1449 4820 σταυρούμινος
1475 4749 1812 4821 καθηλοῦται

216 4837 314 4887 καὶ
351 4836 648 4908 ἀπρακτεῖ.
696 4839 754 4891 Ὀ
793 4841 975 4893 τοίνυν
1029 4843 1170 4894 κατά
1218 4843 1456 4912 Χριστὸν
1490 4843 1812 4909 διδάσκαλος

217 4926 427 4993 ὀφείλει
509 4929 730 4998 πρῶτον
780 4932 942 4995 αὐτὸς
995 4933 1085 4986 τὸν
1153 4940 1388 5006 σταυρὸν
1445 4938 1661 5008 αἴρειν,
1717 4942 1810 4993 καὶ

215 5019 492 5088 καθηλοῦν
529 5022 626 5084 τὰς
664 5024 873 5093 σάρκας
905 5024 1071 5078 αὑτοῦ
1107 5026 1186 5097 τῷ
1216 5028 1366 5100 φόϐῳ
1399 5030 1491 5082 τοῦ
1522 5031 1680 5096 Θεοῦ,
1714 5032 1811 5084 καὶ

217 5114 286 5182 τῇ
353 5114 600 5186 ἀπαθείᾳ
658 5117 1118 5188 λαμπρύνεσθαι,
1183 5118 1284 5173 εἷθ’
1346 5122 1491 5176 οὕτω
1543 5126 1636 5178 καὶ
1704 5128 1818 5189 τοῖς

218 5204 483 5275 ὑπηκόοις
533 5208 720 5261 τοῦτον
769 5211 1074 5264 ἐπιτιθέναι
1109 5231 1123 5244 ο
1175 5214 1358 5284 Σίμων
1411 5218 1520 5287 γὰρ
1573 5219 1815 5286 ὑπακοὴ

217 5298 605 5370 ἑρμηνεύεται.
630 5303 941 5374 Πληροῖηαι
969 5306 1024 5357 δὲ
1050 5307 1332 5360 κάνταῦθα
1358 5309 1416 5362 τὲ·
1440 5310 1534 5362 τοῦ
1552 5312 1777 5364 Ἡσαΐου
1797 5330 1808 5342 ·

220 5409 241 5444 ι
277 5389 352 5447 Ob
382 5396 414 5464 η
447 5394 589 5464 ἀρχὴ
620 5396 708 5448 ἐπὶ
760 5397 852 5450 τοῦ
883 5397 1034 5468 ὤμου
1071 5400 1236 5452 αὐτοῦ
1268 5417 1280 5429 ’
1322 5421 1339 5453 3
1379 5404 1520 5474 ἀρχὴ
1565 5407 1674 5475 γὰρ
1718 5407 1810 5460 το]

212 5486 426 5557 Κυρίου
458 5489 551 5540 καὶ
585 5487 854 5558 βασιλεία,
875 5491 903 5542 ὁ
933 5494 1188 5563 σταυρὸς.
1213 5496 1348 5566 Φησὶ
1373 5497 1482 5566 γὰρ
1514 5501 1540 5551 ὀ
1566 5500 1774 5564 Παῦλος
1797 5517 1810 5532 ·

289 5648 332 5680 ⁸⁷
361 5647 382 5704 Ι
410 5649 540 5722 Reg.
567 5669 678 5708 xw.
758 5653 801 5686 ³⁸
829 5655 951 5708 Act.
975 5671 1054 5710 ιιι.
1133 5660 1179 5690 ’³
1201 5665 1311 5713 Jer.
1340 5677 1436 5726 xu,
1460 5665 1512 5715 7.

285 5794 364 5867 (α)
383 5795 535 5883 ΣΕιξῘιι.
562 5795 686 5883 μοι.
714 5801 974 5883 omisitin
1001 5811 1174 5883 lBXI-ll,
1202 5803 1513 5877 ἀνέκραξαν
1537 5811 1614 5877 δὲ,
1649 5822 1803 5883 φησι,

213 5867 537 5940 παμπληθεὶ
568 5869 820 5934 λέγοντες
842 5890 854 5900 ·
879 5870 1011 5942 Αἶρε
1037 5875 1245 5929 τοῦτον.

493 5962 767 6025 ΡΑἰίιυι..
813 5966 928 6030 Gn.
977 5968 1246 6031 CXXIII.

1591 5667 1635 5698 ³ο
1660 5666 1796 5722 Osce
1846 5687 1942 5735 vti,
1977 5673 2163 5728 15-16.

1929 1964 2259 2018 homicidam
2296 1965 2413 2016 dari
2447 1965 2552 2018 sibi
2579 1964 2664 2018 ἐξ
2697 1965 2998 2034 diligebant
3046 1966 3192 2018 enim
3214 1961 3476 2018 'sitnilem
3519 1983 3531 2016 :

1921 2057 2149 2129 proinde
2185 2057 2358 2126 partis
2391 2057 2538 2110 illius
2567 2067 2744 2110 erunt.
2782 2057 2920 2111 Cum
2969 2056 3114 2111 enim
3160 2068 3216 2111 et
3267 2057 3369 2127 ipsi
3405 2072 3536 2111 con-

1925 2161 2004 2204 tra
2024 2150 2301 2204 Romanos
2326 2149 2748 2212 insurrexerint,
2779 2149 3267 2203 innumerabilium
3297 2151 3528 2204 caedium

1920 2258 2140 2312 sumque
2179 2243 2504 2311 perditionis
2539 2251 2793 2296 auctores
2819 2252 2999 2298 erunt.
3040 2240 3166 2296 Haec
3213 2254 3394 2296 autem
3441 2258 3537 2312 per

1919 2333 2214 2390 Jet'emiam
2267 2333 2520 2404 pradicit
2573 2331 2862 2396 Dominus,
2918 2351 2936 2384 t
2981 2333 3254 2401 υριιιιὶιιιιί
3309 2333 3532 2386 domum

1921 2443 2124 2492 meam,
2156 2427 2351 2496 reliqui
2407 2426 2785 2481 ltaareditatem
2824 2442 2998 2480 meam
3023 2429 3091 2479 η.
3118 2426 3248 2481 Dedi
3299 2427 3534 2481 haeredi—

1922 2527 2088 2575 tatem
2126 2532 2300 2572 meam
2339 2517 2390 2571 in
2437 2507 2642 2572 ’manns
2680 2519 3028 2573 inimicorum
3066 2536 3079 2572 :
3115 2517 3260 2573 faeta
3307 2528 3390 2574 cst
3427 2522 3536 2574 hac-

1921 2612 2121 2667 reditas
2149 2626 2270 2667 mea
2303 2612 2436 2667 mihi
2469 2612 2614 2668 sicut
2660 2611 2746 2666 leo
2780 2612 2831 2666 in
2864 2613 2998 2666 silva
3033 2630 3046 2666 :
3076 2614 3227 2668 dedit
3255 2629 3418 2681 super
3447 2629 3535 2668 me

1921 2720 2112 2760 vocem
2144 2719 2300 2759 suam
2335 2721 2350 2758 :
2379 2715 2671 2776 prepterea
2690 2705 2776 2760 odi
2797 2720 2944 2761 eam.
2972 2724 2990 2757 ι
3017 2706 3081 2760 Et
3099 2707 3296 2761 iterum
3323 2706 3492 2763 Oscae
3517 2723 3532 2758 :

1924 2818 1942 2851 ι
1991 2797 2079 2852 Vae
2110 2799 2191 2853 eis
2237 2798 2364 2866 quia
2394 2798 2714 2852 resilierunt
2749 2813 2776 2850 a
2813 2813 2898 2853 me
2931 2815 2945 2852 :
2982 2799 3166 2853 miseri
3217 2810 3367 2865 sunt,
3401 2801 3531 2870 quia

1924 2893 2089 2961 impie
2124 2899 2355 2960 egerunt
2399 2893 2453 2945 in
2496 2906 2604 2944 me.
2636 2889 2746 2961 Ego
2795 2900 2978 2960 autem
3033 2892 3248 2946 redemi‘
3285 2906 3403 2959 eos,
3431 2894 3531 2959 ipsi

1923 3004 2054 3043 vero
2085 2987 2247 3043 locuti
2286 2996 2414 3042 sunt
2444 2997 2636 3042 contra
2671 3003 2757 3043 me
2803 2987 3087 3042 mendacia
3122 3005 3134 3041 :
3167 2998 3221 3042 et
3249 2989 3444 3043 cadent
3479 2989 3530 3041 iu

1920 3096 2016 3136 ore
2049 3081 2214 3152 gladii
2268 3081 2552 3151 principes”
2596 3095 2810 3144 eorum,
2875 3091 3095 3151 pmpter
3152 3081 3528 3150 insipientiam

1922 3175 2120 3247 lingua;
2153 3189 2341 3230 eorum
2361 3175 2430 3232 ³⁸.
2454 3193 2473 3227 3
2509 3174 2734 3228 Ducitur
2780 3174 2945 3243 igitur
2981 3172 3162 3238 Jcsns,
3189 3186 3243 3227 et
3292 3175 3527 3243 primum

1921 3270 2140 3338 quidem
2177 3268 2557 3337 imposuerunt
2588 3267 2637 3322 ei
2669 3283 2912 3332 crucem,
2942 3275 2998 3321 et
3036 3267 3285 3338 bnjulans
3335 3268 3527 3322 exivit.

1920 3360 2094 3417 Nemo
2124 3362 2269 3416 enim
2296 3358 2467 3432 m
2497 3360 2636 3414 alius
2666 3377 2786 3414 eam
2821 3361 3106 3430 suscipere
3134 3360 3373 3426 volebat,
3400 3363 3527 3431 quia

1922 3455 2195 3509 habebant
2235 3462 2294 3508 ut
2344 3453 2696 3508 maledictum
2756 3453 2983 3522 lignum.
3037 3453 3244 3507 Deinde
3305 3454 3530 3509 invento

1918 3547 2152 3616 quodam
2190 3545 2415 3601 Simone
2462 3544 2745 3616 Cyrenmo,
2793 3546 3172 3615 imposuerunt
3204 3548 3256 3600 vi
3291 3548 3527 3618 quadam

1919 3640 1970 3693 ei
2027 3638 2201 3701 illam,
2247 3652 2412 3707 quam
2469 3640 2867 3693 aversabantur
2916 3638 3027 3694 alii.
3070 3638 3386 3694 lnsinuatur
3419 3656 3529 3694 non

1920 3745 2083 3797 parva
2117 3728 2418 3782 admonitio
2449 3729 2551 3782 hoc
2583 3727 2720 3782 loco.
2749 3728 2897 3784 Crux
2933 3732 3080 3785 enim
3115 3741 3197 3785 est
3227 3734 3527 3787 mortiﬁca-

1923 3825 1996 3877 tio
2033 3821 2406 3881 aﬂectionum,
2436 3820 2512 3874 ita
2543 3833 2602 3874 ut
2636 3826 2840 3876 moveri
2876 3833 3156 3892 nequeant
3202 3835 3256 3878 et
3285 3829 3526 3894 Operari.

1919 3917 2056 3973 Nam
2081 3922 2172 3989 qui
2210 3922 2575 3991 cruciﬁgitur,
2599 3920 2766 3973 clavis
2805 3916 3064 3988 anigitur,
3094 3930 3148 3974 et
3178 3923 3394 3991 operari
3427 3938 3526 3976 ne-

1919 4014 2058 4079 quit.
2083 4013 2234 4068 Unde
2260 4014 2455 4068 doctor
2503 4013 2804 4067 secundum
2840 4011 3121 4066 Christum
3172 4013 3334 4067 debet
3376 4015 3529 4082 prior

1919 4105 2034 4176 ipse
2080 4121 2295 4161 erucem
2330 4107 2545 4171 tollere,
2566 4117 2622 4160 et
2653 4119 2852 4160 carnes
2879 4121 3010 4160 suas
3042 4106 3236 4161 timore
3269 4105 3359 4160 Dei
3394 4124 3528 4162 con-

1920 4197 2108 4268 ligere,
2136 4207 2191 4251 et
2228 4196 2613 4253 affectionibus
2643 4211 2840 4253 carens
2879 4196 3129 4269 fulgere,
3168 4199 3367 4254 deinde
3400 4215 3524 4255 eam

1917 4291 2080 4345 etiam
2131 4291 2473 4346 auditoribus
2504 4291 2806 4360 imponere.
2828 4289 3018 4344 Simon
3046 4290 3192 4345 enim
3224 4293 3528 4346 obedientia

1919 4385 2333 4453 interpretatur.
2366 4383 2626 4446 lmpletur
2649 4394 2831 4438 autem
2859 4392 2914 4438 et
2944 4383 3047 4438 hoc
3081 4384 3199 4439 loco
3241 4387 3395 4441 lsaite
3444 4390 3529 4441 di-

1918 4487 2088 4543 ctutn,
2120 4495 2140 4529 ι
2179 4476 2346 4548 Cujus
2400 4478 2737 4547 principatus
2757 4493 2923 4547 super
2951 4479 3241 4534 humerum
3266 4481 3385 4548 ejus
3407 4483 3472 4537 ⁸¹.
3502 4501 3522 4533 3

1847 4557 1891 4612 Ῑ)
1921 4569 2267 4641 Principatus
2294 4571 2438 4626 enim
2476 4571 2687 4625 Domini
2721 4584 2776 4625 et
2811 4587 3037 4641 regnum
3075 4589 3211 4628 crux
3255 4585 3357 4630 est.
3389 4576 3528 4631 Dicit

1920 4665 2068 4717 enim
2114 4664 2337 4727 Paulus,
2391 4681 2408 4714 ι
2453 4662 2776 4719 llumiliavit
2823 4668 3177 4734 semetipsum
3231 4684 3404 4738 usque
3456 4672 3523 4724 ad

1921 4763 2172 4820 mortem,
2196 4766 2425 4810 mortem
2457 4767 2637 4810 autem
2671 4759 2852 4813 crucis
2885 4774 2900 4813 :
2932 4758 3056 4814 ideo
3096 4767 3151 4813 et
3195 4759 3337 4815 Deus
3370 4764 3526 4816 exal-

1919 4849 2050 4902 tavit
2101 4849 2248 4903 illum
2276 4851 2376 4914 “,3
2400 4862 2508 4904 ete.
2538 4851 2794 4920 Atigitur
2823 4852 2951 4922 quia
2985 4868 3118 4907 crux
3151 4853 3253 4908 fuit
3277 4856 3528 4909 sublimi-

1889 4951 2002 5020 vtas
2042 4952 2094 4996 et
2139 4943 2309 5012 gloria
2355 4942 2507 5009 Jesu,
2542 4946 2735 4998 merito
2785 4947 3126 5015 principatus
3152 4947 3273 5017 ejus
3303 4949 3525 5016 dicitur,

1922 5051 2017 5090 seu
2052 5038 2304 5105 princeps
2335 5039 2451 5107 ejus
2493 5040 2752 5107 dignitas,
2792 5051 2849 5095 et
2889 5045 3196 5114 symbolum
3252 5047 3528 5116 principa-

1922 5141 2006 5186 tus
2034 5132 2136 5199 (τι).
2168 5131 2323 5186 Sicut
2375 5136 2520 5188 cnim
2573 5138 2819 5206 symbola
2857 5140 3183 5210 dignitatum
3238 5155 3527 5200 senatores

1919 5225 2141 5291 habent,
2168 5243 2336 5282 zonas
2370 5229 2485 5293 alii,
2522 5232 2612 5285 alii
2652 5232 2872 5299 pallium
2902 5252 2914 5286 :
2943 5233 3023 5287 sic
3057 5235 3222 5287 etiam
3267 5235 3528 5293 Christus

1915 5334 2132 5373 Crucem
2155 5320 2317 5374 eliicit
2346 5326 2495 5393 regni
2528 5325 2610 5377 sui
2638 5325 2966 5394 symbolum.
2996 5327 3058 5379 Et
3095 5329 3140 5382 si
3180 5328 3318 5383 bene
3341 5331 3526 5384 οιιὶιιι-

1914 5415 2239 5478 adverteris,
2290 5416 2536 5470 invenies
2589 5421 2891 5472 nonaliter
2941 5437 3178 5490 regnare
3240 5424 3291 5475 in
3365 5426 3526 5477 nobis

1912 5506 2120 5574 Jcsum,
2153 5510 2253 5563 nisi
2289 5526 2386 5580 per
2421 5511 2768 5568 amictiouem
2805 5534 2816 5567 :
2847 5526 3010 5584 atque
3044 5518 3114 5570 ita
3153 5519 3244 5587 qui
3289 5520 3340 5572 in
3392 5519 3528 5572 deli-

2242 5675 2282 5706 "
2311 5690 2411 5732 Isa.
2441 5694 2517 5743 nt,
2547 5679 2601 5730 ὓ.
2684 5678 2728 5708 ³²
2751 5677 2984 5749 Phil-pp.
3019 5698 3077 5747 tt,
3101 5683 3155 5746 8,
3179 5686 3234 5740 9.

1993 5816 2151 5900 (a)yln
2188 5818 2329 5873 Edit.
2386 5819 2509 5879 ιω.
2542 5823 2942 5887 desiderantur.
2992 5845 3114 5896 qua:
3151 5831 3399 5900 proxime
3432 5848 3523 5889 se-

1909 5899 2175 5956 quuntur.

3122 5996 3206 6060 35
