4100 6334
629 416 772 482 1099

1516 406 2101 471 THEOPHYLACTI
2139 404 2555 468 BULGARL‘E
2592 401 2954 464 ARClIlEI‘.

3744 391 3889 460 1100

621 528 725 582 ciis
761 524 965 586 vivunt,
992 519 1190 575 inimici
1243 526 1371 573 sunt
1406 516 1630 572 Christi.
1675 515 1764 572 Ille
1811 525 1989 571 autem
2028 524 2204 585 pctest

2318 535 2335 567 ι
2389 513 2787 569 Ἑταπείνωσεν
2832 512 3023 564 ἑαυτὸν
3056 508 3219 581 μέχρι
3257 507 3512 570 θανάτου,
3555 505 3790 561 θανάτου
3840 507 3899 560 δὲ

623 614 739 669 tleri
770 612 1020 667 subditus
1066 607 1290 670 Christi,
1323 616 1376 661 et
1420 606 1609 661 tollere
1648 621 1866 663 crucem
1907 620 2087 669 suam,
2114 606 2207 674 qui

621 704 838 760 virtutis
867 699 1151 771 operarius
1180 707 1302 754 est:
1330 698 1422 768 qui
1469 697 1616 753 venit
1662 713 1688 751 a
1720 696 1839 751 villa
1892 697 2208 765 relinquens

628 794 982 857 mundum,et
1008 806 1071 848 ea
1096 806 1213 861 qure
1244 799 1371 846 sunt
1402 791 1454 845 in
1486 790 1707 853 mundo,
1733 796 1789 843 et
1816 788 1881 843 ad
1905 787 2207 857 Jerusalem

628 887 771 942 illam
804 899 1093 953 supernam
1125 894 1178 937 et
1202 883 1426 937 liberam
1460 882 1649 937 tendit.
1680 880 1848 936 Porro
1868 882 2011 951 quod
2038 880 2200 948 Chri-

622 988 765 1035 stum
804 978 1093 1031 multitudo
1122 974 1303 1045 populi
1336 983 1391 1029 et
1423 974 1712 1028 mulierum
1750 978 2022 1044 sequitur,
2069 974 2207 1027 insi-

623 1078 756 1126 nuat
788 1070 929 1139 quod
974 1081 1170 1137 magna
1212 1065 1501 1119 multitudo
1526 1064 1835 1120 Judreorum
1885 1066 2046 1119 etiam
2087 1074 2207 1134 post

621 1177 849 1218 crucem
874 1160 1060 1215 credet
1107 1158 1159 1211 in
1196 1157 1475 1212 Christum
1508 1158 1635 1229 (hoc
1651 1158 1794 1211 enim
1829 1166 1913 1211 est
1946 1156 2120 1226 sequi)
2157 1166 2210 1211 et

623 1254 879 1309 mulieres
914 1251 1115 1306 multze.
1135 1249 1277 1319 Lege
1307 1250 1437 1303 Acta
1486 1247 1878 1317 apostolorum,
1907 1257 1960 1301 et
1994 1247 2202 1303 vidi-bis

627 1347 912 1400 innumera
969 1340 1137 1394 millia
1173 1338 1508 1395 credentium
1539 1337 1605 1392 ”.
1629 1336 1768 1403 Quid
1821 1346 2000 1391 autem
2042 1336 2087 1389 si
2119 1337 2201 1388 lu-

629 1450 757 1505 gere
788 1446 843 1489 et
877 1432 1092 1503 plorare
1116 1430 1367 1483 mulieres
1388 1428 1570 1485 Jesum
1602 1437 1917 1497 sequentes,
1946 1427 2203 1481 moralem

626 1542 845 1582 sensum
895 1540 1079 1581 secum
1114 1523 1347 1578 afferat?
1380 1522 1468 1583 Est
1500 1522 1642 1577 enim
1680 1522 1872 1576 mulier
1905 1522 2083 1575 anima
2118 1522 2207 1575 iu-

627 1620 817 1695 iirma,
846 1633 966 1689 quae
1008 1620 1051 1672 si
1095 1616 1477 1672 contritionem
1538 1615 1718 1669 cordis
1770 1614 2073 1683 suscipiens
2110 1630 2208 1684 per

620 1712 1019 1781 paenitentiam,
1040 1709 1184 1779 luget
1212 1716 1265 1763 et
1285 1708 1479 1778 plorat,
1507 1723 1694 1763 revera
1744 1708 1993 1778 sequitur
2014 1705 2200 1762 Jestm

620 1802 713 1870 qui
746 1802 1083 1871 cruciﬁgitur
1113 1809 1166 1855 et
1201 1798 1458 1870 aﬂligitur
1489 1810 1709 1869 propter
1756 1809 1999 1853 nostram
2036 1798 2182 1851 salu-

624 1903 749 1944 tem.

2314 607 2571 676 σταυροῦ.
2598 605 2689 658 Διὸ
2741 606 2835 657 καὶ
2867 607 2895 657 ὁ
2926 604 3027 656 Geo
3052 621 3079 666 ς
3112 604 3280 655 αὑτὸν
3327 600 3683 672 ὑπερύψωσε,
3725 620 3744 652 ι
3805 601 3903 654 καὶ

2309 698 2375 751 τὰ
2436 699 2580 767 ἑξῆς.
2628 696 2786 751 Ἐπεὶ
2856 690 2947 748 οὖν
2989 696 3017 747 ὸ
3081 693 3314 764 σταυρδς
3367 692 3502 762 ὕψος
3566 691 3761 760 γέγονε
3824 690 3905 760 τῷ

2310 791 2487 860 Ἰησοῦ
2546 791 2641 843 καὶ
2698 789 2825 853 δόξα
2861 829 2876 852 ,
2934 787 3161 851 εἰκότως
3214 785 3358 859 ἀρχὴ
3413 784 3581 839 αὑτοῦ
3634 785 3855 852 λέγεται
3887 825 3903 849 ,

2311 877 2427 946 ἦτοι
2477 877 2705 947 ἀρχικὸν
2730 877 2947 945 ἀξίωμα
2982 877 3075 929 καὶ
3128 876 3399 943 σύμϐολον
3430 876 3531 939 τῆς
3565 873 3764 945 ἀρχῆς.
3808 874 3900 936 Ὠς

2309 968 2417 1039 γὰρ
2446 967 2495 1021 oi
2521 967 2880 1039 συγκλητικοὶ
2912 967 3093 1037 έχουσι
3120 965 3365 1035 σύμϐολα
3404 965 3514 1017 τῶν
3540 965 3898 1033 ἀξιωμάτων,

2309 1062 2357 1113 oi
2419 1060 2519 1130 μὲν
2567 1060 2764 1123 ζώνας,
2811 1061 2861 1115 οί
2914 1061 2971 1114 δὲ
3023 1060 3301 1130 μανδύας·
3334 1057 3475 1112 οὕτω
3507 1062 3602 1112 καὶ
3632 1060 3661 1112 δ
3700 1058 3907 1126 Κύριος

2310 1149 2400 1202 τὸν
2426 1150 2662 1218 σταυρὸν
2705 1151 2805 1221 τῆς
2841 1150 3049 1213 οίκείας
3102 1149 3385 1220 βασιλείας
3419 1150 3691 1220 σύμϐολον
3726 1150 3901 1202 ποιεῖ-

2312 1260 2419 1296 ται.
2454 1242 2562 1296 Καὶ
2598 1244 2879 1314 σκοπήσας
2914 1244 3138 1313 εὑρήσει
3177 1243 3292 1305 ,ὃτι
3324 1241 3501 1305 ἄλλως
3531 1242 3594 1295 οὑ
3629 1241 3907 1311 βασιλεύει

2312 1337 2368 1387 ὲν
2400 1337 2531 1405 ἡμῖν
2562 1338 2589 1389 ὁ
2642 1336 2872 1407 Ἰησοῦς,
2905 1337 2952 1389 ει
2983 1337 3058 1405 μὴ
3090 1336 3180 1389 διὰ
3211 1335 3606 1390 κακοπάθειαν.
3653 1336 3742 1399 Ὧς
3788 1335 3905 1403 dy:

2310 1428 2648 1497 τρυφῶντες,
2689 1428 2876 1499 ἐχθροὶ
2910 1428 3003 1481 τοῦ
3034 1428 3270 1499 σταυροῦ
3291 1446 3302 1459 ο
3349 1430 3555 1488 ἐκεῖνος
3585 1428 3644 1481 δὲ
3675 1428 3906 1481 δύναται

2312 1521 2551 1588 ὑπήκοος
2612 1521 2868 1587 γενέσθαι
2910 1521 3296 1593 Χριστοῦ,,κα“ι
3339 1518 3473 1592 ἆραι
3524 1521 3614 1574 τὸν
3666 1520 3905 1589 σταυρδν

2309 1610 2502 1675 αὑτοῦ,
2541 1615 2569 1667 ὁ
2624 1613 2722 1682 τῆς
2760 1614 2964 1685 ἀρετῆς
3022 1616 3280 1685 ἐργάτης.
3336 1613 3395 1667 Ὀ
3451 1615 3752 1684 ἐρχόμενος
3808 1613 3905 1665 ἀπ’

2311 1703 2505 1772 ἀγροῦ,
2545 1703 2687 1757 ὁτὺν
2734 1705 2937 1774 κόσμον
2986 1706 3174 1759 τοῦτον
3235 1706 3403 1776 ὰγρδν
3441 1706 3572 1759 ὄντα
3618 1704 3901 1773 καταλιμ-

2310 1796 2516 1855 πάνων,
2554 1795 2647 1847 καὶ
2674 1794 2741 1848 τὰ
2774 1797 2831 1846 ἐν
2882 1795 3032 1865 αὑτῴ
3064 1795 3221 1865 ἔργα,
3259 1799 3355 1851 καὶ
3385 1798 3521 1866 προς
3552 1795 3651 1866 τὴν
3700 1794 3901 1865 Ἰερουο

2234 1882 2279 1939 Β
2310 1886 2491 1957 σαλὴμ
2535 1886 2631 1947 τὴν
2677 1886 2792 1941 ἄνω
2831 1884 2943 1957 τῆν’
2985 1889 3281 1961 ἐλευθέραν
3318 1890 3549 1957 ἰέμενος.
3605 1886 3769 1940 Ἀλλὰ
3809 1885 3902 1939 καὶ

626 1983 702 2052 τῷ
737 1973 1051 2037 ἀκολουθεῖν
1122 1984 1200 2053 τῷ
1247 1981 1469 2052 Χριστῷ
1534 1980 1737 2051 πλῆθος
1788 1980 1917 2033 λαοῦ
1984 1981 2079 2033 καὶ
2139 1980 2436 2048 γυναικῶν,
2487 1981 2782 2033 αἰνίττεται
2839 1982 2921 2035 ὃτι
2979 1983 3112 2035 πολὺ
3179 1982 3385 2051 πλῆθος
3440 1983 3550 2034 τῶν
3625 1980 3892 2034 Ἰουδαία».

622 2082 759 2144 μετὰ
803 2079 895 2130 τὸν
936 2077 1210 2159 σταυρόνς
1252 2075 1408 2130 τοῦτο
1446 2076 1554 2144 γὰο
1607 2076 1668 2127 τὸ
1721 2073 2035 2128 ἀκολουθεῖν
2061 2090 2073 2102 ο
2134 2075 2520 2128 πτστεύσουσιν
2580 2075 2656 2139 είς
2691 2076 2890 2142 αὑτὸν,
2932 2078 3027 2129 καὶ
3065 2078 3321 2145 γυναῖκες
3383 2077 3440 2130 δὲ
3489 2075 3705 2130 πολλαί.
3788 2075 3903 2128 Κα-

619 2159 891 2237 ἀνά⁶ίνωθι
928 2169 1027 2232 τὰς
1060 2168 1316 2240 Πράξεις,
1357 2168 1450 2220 καὶ
1502 2165 1621 2235 ὄψει
1656 2166 1918 2237 μυριάδας
1954 2165 2060 2217 τῶν
2118 2167 2506 2225 πιστευόντων.
2534 2167 2763 2241 Μήποτε
2792 2168 2848 2221 δὲ
2904 2171 2998 2222 καὶ
3046 2169 3106 2222 τὸ
3160 2169 3382 2241 θρηνεῖν
3446 2170 3542 2222 καίΙ
3597 2169 3901 2227 κόπτεσθαι

618 2262 716 2327 τὰς
753 2262 1154 2328 ἁκολουθούσας
1180 2265 1445 2330 γυναῖκας
1476 2262 1550 2332 τῷ
1598 2261 1795 2330 Ἰησοῦ,
1840 2260 2199 2330 συμϐαλεῖται
2238 2263 2368 2333 ἡμῖν
2405 2266 2483 2328 είς
2516 2260 2682 2336 ἦθος;
2721 2266 2875 2319 Ἔστι
2918 2266 3027 2337 μὲν
3078 2265 3184 2335 γὰρ
3240 2267 3397 2337 γυνὴ,
3432 2266 3575 2339 ψυχὴ
3634 2268 3899 2339 ἀσθενήςὶ

620 2358 759 2428 αῦτη
807 2358 862 2411 δὲ
912 2357 1006 2411 ἐὰν
1053 2357 1347 2429 συντριΰὴν
1394 2356 1619 2429 καρδίας
1652 2356 1923 2426 δεξαμένη
1968 2356 2056 2409 διὰ
2098 2357 2193 2426 τῆς
2262 2361 2569 2427 μετανοίας,
2630 2362 2799 2433 πενθῇ
2862 2364 2955 2416 καὶ
3014 2365 3305 2436 κόπτηται,
3364 2365 3483 2417 τότε
3531 2364 3729 2429 δντως,
3772 2368 3897 2421 ἁκο-

621 2450 892 2520 λουθεῖτῷ
952 2449 1153 2521 Ἰησοῦ,
1195 2448 1273 2520 τῷ
1323 2449 1710 2519 σταυρουμένῳ
1757 2449 1849 2501 καὶ
1896 2451 2325 2519 κακουχουμένιρ
2354 2451 2439 2504 διὰ
2507 2453 2604 2523 τὴν
2639 2454 2795 2524 ἡμῶν
2833 2456 3134 2526 σωτηρίαν.

694 2547 856 2601 Vens.
884 2545 1076 2600 28-3l.
1104 2564 1122 2596 ι
1174 2544 1486 2601 Conversus
1532 2554 1710 2599 autem
1748 2546 1814 2597 ad
1863 2544 1986 2597 illas
2031 2542 2193 2598 Jesus

2383 2572 2399 2601 ι
2440 2551 2711 2621 Στραφεὶς
2741 2551 2798 2605 δὲ
2849 2554 2986 2623 πρὸς
3024 2553 3194 2615 αὑτὰς
3244 2555 3272 2606 ὁ
3303 2552 3511 2623 Ἰησους
3540 2549 3686 2607 εἷπε·
3721 2556 3901 2625 θυγα-

621 2641 798 2697 dixit:
834 2638 980 2695 Filia:
1011 2638 1330 2706 Jerusalem,
1370 2639 1535 2694 nolite
1581 2637 1711 2694 flere
1762 2654 1923 2709 super
1955 2653 2063 2704 mc,
2108 2641 2201 2692 sed

2307 2647 2457 2714 τέρες
2525 2645 2904 2717 Ἰερουσαλὴμ,
2941 2646 3015 2716 μὴ
3069 2646 3285 2700 κλαίετε
3341 2649 3429 2699 ἐπ’
3470 2649 3590 2718 ἐμὲ,
3626 2649 3767 2719 πλὴν
3817 2652 3898 2718 ἐφ’

626 2748 790 2803 super
824 2732 973 2787 vobis
1004 2730 1137 2801 ipsis
1169 2730 1310 2795 ﬂete,
1354 2741 1409 2784 et
1442 2745 1605 2801 super
1643 2730 1766 2785 [iliis
1812 2730 2029 2795 vestris,
2073 2747 2204 2799 quo-

2307 2740 2504 2801 ὲαυτὰς
2552 2739 2790 2803 κλαίετε,
2819 2742 2913 2793 καὶ
2963 2742 3053 2793 ἐπὶ
3074 2741 3141 2795 τὰ
3179 2743 3361 2795 ’τέκνα
3408 2742 3562 2803 ὑμῶν
3596 2759 3609 2773 ⁸
3647 2745 3729 2798 ὅτι
3789 2745 3898 2797 ίδοὺ

624 2825 767 2878 niam
814 2836 941 2877 ecce
987 2822 1203 2876 venient
1253 2821 1369 2876 dies
1416 2820 1471 2875 in
1523 2822 1719 2890 quibus
1763 2821 1946 2876 dicent
1988 2819 2204 2876 :Bcam

2307 2833 2555 2902 ἔρχονται
2602 2834 2828 2903 ἡμέραι,
2862 2835 2919 2885 ὲν
2955 2828 3042 2897 αἷς
3080 2836 3289 2905 ἐροῦσισ
3324 2794 3611 2905 Μακάριαι
3656 2840 3714 2889 αἱ
3762 2840 3901 2890 στεῖ-

623 2915 931 2979 εδυτῖιϐδνθι
961 2921 1176 2968 νεηιτθε
1202 2913 1292 2981 (Illi
1317 2928 1424 2969 ηοη
1446 2922 1769 2985 Βθιιυεΐυυι»
1796 2919 1851 2973 εἰ
1884 2913 2047 2967 "bum
2077 2928 2199 2981 qui”e
2305 2942 2416 2994 ραι,
2449 2926 2542 2978 καὶ
2572 2924 2846 2978 κοιλίαιαῖ
2881 2926 2980 2979 οὑκ
3015 2927 3347 2998 ἐγέννησαν,
3378 2930 3472 2981 καὶ
3504 2930 3702 2997 μαστοὶ
3724 2929 3774 2981 οῖ
3803 2929 3902 2981 οὑκ

625 3021 730 3061 non
766 3006 1101 3059 lactaverunt
1121 3002 1186 3057 “.
1213 3003 1364 3059 Tunc
1390 3005 1645 3074 incipient
1668 3004 1847 3059 dicere
1876 3006 2152 3060 montibus
2183 3024 2195 3060 :

621 3097 808 3152 Cedite
849 3111 1014 3166 super
1042 3110 1141 3151 nos
1166 3111 1182 3161 ;
1208 3102 1262 3150 ct
1290 3095 1553 3151 collibus:
1585 3094 1872 3166 Cooperite
1906 3111 2025 3151 nos.
2053 3097 2191 3164 Quia

625 3187 668 3241 si
702 3187 754 3239 in
785 3185 1005 3240 humido
1030 3183 1171 3253 ligno
1192 3185 1305 3237 haec
1334 3183 1559 3245 faciunt,
1582 3183 1634 3236 in
1660 3184 1809 3236 arida
1847 3183 1974 3250 quid
2019 3183 2110 3237 (iet
2140 3181 2203 3235 ἳι

624 3276 879 3331 Mulieres
905 3275 1123 3345 quidem
1159 3274 1465 3342 (hominum
1498 3288 1669 3341 genus
1713 3282 1795 3327 est
1837 3273 1995 3327 facile
2036 3273 2211 3343 lacry-

583 3425 588 3429 ,
629 3382 783 3421 uisus
837 3376 891 3420 et
932 3364 1146 3434 plorans
1192 3363 1348 3432 quasi
1396 3376 1561 3430 grave
1617 3361 1869 3430 quiddam
1924 3360 2214 3415 accidisset

628 3454 875 3525 Domino)
932 3454 1166 3525 plorant,
1223 3452 1650 3520 compassionmu
1708 3466 1815 3519 prie
1864 3465 1922 3505 se
1974 3449 2213 3505 ferentes

628 3560 881 3615 magnam
931 3552 984 3597 et
1011 3542 1329 3611 injustitiam
1363 3540 1748 3595 lamentantes.
1776 3541 1845 3593 At
1876 3539 1962 3595 ille
1990 3554 2093 3594 non
2118 3555 2213 3608 ap-

627 3631 958 3702 probat,sed
994 3631 1165 3700 magis
1210 3630 1455 3699 increpat
1506 3630 1641 3685 illas.
1695 3629 2014 3684 Voluntaria
2063 3630 2207 3684 enim

627 3723 957 3794 patiebatur.
1010 3718 1175 3791 ωε
1212 3717 1327 3773 Non
1358 3722 1511 3773 decet
1561 3728 1736 3771 autent
1771 3718 2052 3770 lamentari
2088 3732 2209 3772 eum

627 3814 714 3882 qui
744 3820 933 3881 sponte
965 3821 1019 3865 et
1047 3824 1142 3879 pro
1187 3808 1357 3862 salute
1391 3806 1631 3862 omnium
1678 3806 1904 3874 patitur,
1933 3806 2024 3858 sed
2080 3819 2211 3858 con-

641 3918 831 3973 gruum
865 3912 948 3955 est
976 3910 1035 3954 ut
1066 3900 1156 3953 ille
1188 3897 1355 3967 tussis
1404 3895 1651 3950 laudibus
1700 3892 1955 3949 elIeratur
1983 3905 2035 3948 et
2066 3896 2211 3949 cele-

636 3996 841 4048 bretur.
871 3991 971 4045 l‘er
992 4004 1202 4045 crucem
1227 3990 1369 4042 enim
1390 3998 1441 4042 et
1468 4002 1611 4041 mors
1633 3986 1903 4040 destructa
1929 3992 2032 4050 est,
2052 3995 2104 4040 et
2130 3986 2211 4039 ἱιι-

635 4084 821 4140 fernus
836 4084 1077 4153 captivus
1091 4090 1190 4136 est.
1216 4078 1475 4135 Lamenta
1494 4078 1638 4132 enim
1661 4091 1765 4131 non
1788 4076 1869 4131 his
1881 4076 1973 4146 qui
1998 4085 2211 4145 sponte,

629 4178 723 4232 sed
770 4176 861 4246 qui
908 4185 1127 4245 gravate
1173 4174 1448 4242 patiuntur
1489 4170 1911 4225 consolationem
1949 4168 2208 4223 aﬂ‘eruut.

631 4269 861 4323 Proinde
893 4269 1149 4322 Dominus
1181 4265 1301 4319 illas
1330 4279 1449 4335 qua:
1499 4262 1675 4332 ipsum
1726 4261 1998 4330 lugebant,
2030 4262 2208 4316 incre-

629 4358 1023 4431 pat.Adm011et
1053 4367 1230 4412 autem
1280 4365 1337 4409 ut
1386 4354 1451 4408 ad
1501 4353 1677 4407 futura
1714 4353 1854 4406 mala
1890 4352 2205 4422 respiciant,

626 4464 681 4507 et
715 4462 930 4523 propter
962 4450 1049 4504 illa
1082 4447 1554 4519 plorent,quando
1606 4444 1857 4500 mulieres
1909 4445 2203 4500 inhumane

630 4555 862 4600 cocturae
901 4551 1027 4597 sunt
1077 4541 1215 4596 ﬁlios
1260 4554 1409 4603 suos,
1453 4550 1506 4593 et
1559 4546 1744 4593 venter
1800 4536 1891 4607 qui
1946 4538 2200 4606 portavit,

631 4638 721 4693 ille
754 4637 945 4691 iterum
976 4631 1363 4690 miserabiliter
1393 4630 1626 4685 fructum
1683 4614 1837 4683 suum
1885 4628 2201 4698 recipiet.Si

628 4728 774 4781 enim
801 4726 855 4778 in
888 4739 972 4779 me
1005 4722 1129 4777 talia
1160 4720 1402 4776 iecerunt
1430 4716 1685 4782 Romani,
1712 4718 1765 4771 in
1800 4732 1888 4772 me
1926 4717 2073 4787 ligno
2107 4718 2205 4771 hu-

632 4813 796 4876 mido,
824 4811 983 4866 feraci
1019 4820 1072 4865 et
1102 4823 1319 4875 semper
1350 4806 1564 4872 virenti,
1588 4815 1643 4861 et
1666 4822 1879 4877 semper
1906 4808 2051 4860 vitali
2083 4825 2205 4876 pro-

630 4917 747 4975 pter
783 4905 1129 4966 deitatem,et
1181 4916 1277 4969 per
1323 4899 1597 4954 doctrinas
1647 4898 1913 4952 [metuunt
1965 4915 2203 4954 meorum

631 5000 807 5052 alente
838 5010 1024 5050 OilllleS
1060 4996 1142 5048 :in
1168 4993 1342 5059 vobis,
1382 4992 1575 5062 populo
1606 4992 1821 5061 inquam
1844 4992 2014 5055 arido,
2062 4992 2203 5063 ligno

632 5093 798 5147 sterili
834 5091 898 5144 ab
932 5090 1075 5143 omni
1107 5088 1316 5141 vivillca
1350 5085 1657 5155 justitia,et
1703 5085 1907 5138 nttllum
1961 5084 2196 5138 fructum

634 5184 718 5236 alii
737 5192 909 5245 rente,
932 5182 1057 5251 quid
1114 5197 1215 5233 non
1268 5178 1501 5232 facient?
1535 5179 1587 5230 Si
1620 5178 1763 5231 enim
1800 5179 2085 5247 quamdam
2124 5180 2201 5230 vi-

635 5272 793 5326 talem
849 5270 1215 5339 operationem
1269 5269 1389 5320 bnni
1441 5268 1736 5330 haberetis,
1770 5266 2017 5321 fortassis
2061 5268 2205 5337 digni

632 5366 845 5427 essetis,
876 5361 1069 5431 quibus
1097 5360 1493 5429 quodammodo
1533 5371 1845 5425 parceretur
1874 5375 1888 5412 :
1920 5374 2062 5413 nunc
2109 5374 2206 5411 au-

630 5464 738 5512 tem
773 5454 925 5522 quasi
960 5452 1162 5521 lignum
1202 5452 1409 5503 aridum
1444 5449 1496 5502 in
1530 5450 1957 5505 combustionem
2000 5460 2054 5504 et
2085 5464 2206 5504 cor-

635 5547 935 5616 ruptionem
968 5544 1141 5597 eritis.

709 5719 869 5772 Vsus.
894 5717 963 5772 3‘2
998 5716 1085 5773 58.
1119 5735 1136 5767 ι
1167 5714 1508 5769 Ducebantur
1528 5725 1709 5772 autem
1744 5727 1795 5773 ct
1826 5716 1912 5771 alii
1954 5718 2057 5772 duo
2078 5716 2210 5771 faci-

744 5855 786 5887 ³⁸
816 5859 930 5909 Act.
974 5872 1030 5919 tt,
1069 5872 1139 5909 vt.
1243 5856 1284 5885 3“
1315 5854 1415 5907 Isa.
1450 5869 1557 5910 Liv.

2227 3042 2273 3107 ε
2308 3017 2600 3088 ἐθήλασαν.
2634 3017 2766 3071 Τότε
2806 3018 3061 3087 ἄρξονται
3111 3016 3292 3085 λέγειν
3336 3022 3445 3081 τοῖς
3472 3020 3625 3092 ὄρεσι
3653 3036 3666 3048 ·
3700 3019 3900 3073 Πέσετε

2305 3109 2399 3177 ἐφ’
2424 3110 2596 3179 ἡμᾶς,
2628 3110 2721 3161 καὶ
2770 3110 2881 3172 τοῖς
2940 3108 3149 3178 βουνοῖς
3194 3126 3207 3139 ·
3246 3110 3540 3179 Καλύψατε
3579 3112 3745 3180 ἡμᾶς.
3777 3111 3901 3164 Ὅτι

2313 3205 2362 3255 εί
2416 3204 2471 3255 ὲν
2504 3202 2580 3273 τῷ
2632 3202 2784 3273 ὑγρῷ
2825 3202 2965 3271 ξύλῳ
2996 3200 3170 3256 ταῦτα
3206 3200 3473 3264 ποιοῦσιν,
3510 3203 3569 3254 ἐν
3621 3203 3700 3273 τῴ
3752 3203 3903 3273 ξηρῴ

2312 3296 2365 3348 τί
2410 3295 2669 3364 γένηται¹;
2702 3313 2719 3346 ι
2762 3284 2828 3347 Ai
2881 3293 2980 3363 μὲν
3009 3295 3273 3362 γυναῖκες
3319 3294 3645 3365 (φιλόδακρυ
3694 3295 3806 3364 γὰρ
3840 3296 3904 3347 τὸ

2314 3388 2474 3455 γένος
2502 3386 2596 3439 καὶ
2630 3386 2965 3457 πολύθρηνον
2992 3386 3066 3449 ὡς
3096 3386 3270 3439 δεινοῦ
3301 3403 3445 3450 τινος
3472 3388 3903 3457 ἑπισυμϐαίνον-

2314 3494 2403 3541 τος
2435 3478 2511 3547 τῷ
2544 3476 2759 3549 Κυρίῳ)
2815 3476 3092 3548 θρηνοῦσι,
3124 3478 3182 3528 τὸ
3217 3477 3502 3546 συμπαθὲς
3544 3478 3899 3550 ἐνδεικνύμε-

2314 3587 2423 3635 ναι,
2485 3568 2579 3622 καὶ
2645 3568 2745 3639 τὴν
2804 3568 3021 3622 ἀδικίαν
3066 3569 3494 3640 ἀποδυρόμεναι.
3559 3570 3623 3622 ’0
3688 3570 3747 3624 δὲ
3803 3572 3902 3624 οὐκ

2316 3661 2671 3731 ἀποδέχεται,
2702 3661 2837 3714 ἀλλὰ
2867 3662 3069 3731 μᾶλλον
3094 3665 3322 3734 ἐπιτιμᾷ
3346 3665 3558 3727 αὐτοῖς.
3606 3663 3902 3727 Ἑκουσίως

2312 3754 2422 3825 γὰρ
2453 3753 2681 3823 ἔπασχε,
2726 3752 2803 3822 τῷ
2837 3753 2893 3805 δὲ
2938 3754 3196 3817 ἑκουσίως
3231 3756 3515 3824 πάσχοντι,
3547 3754 3642 3807 καὶ
3671 3756 3764 3807 ἐπὶ
3797 3772 3901 3809 σω·

2312 3847 2477 3916 τηρία
2507 3847 2688 3917 πάσης
2720 3846 2819 3916 τῆς
2854 3847 3085 3915 φύσεως,
3118 3849 3176 3901 οὑ
3209 3847 3269 3900 τὸ
3309 3848 3649 3919 θρηνεῖσθαι,
3680 3848 3818 3902 ἀλλὰ
3843 3849 3899 3903 τὲ

2314 3938 2629 4009 κροτεῖσθαι
2662 3941 2931 4009 προσήκει
2981 3941 3076 3992 καὶ
3106 3941 3499 4013 εὑφημεῖσθαι.
3538 3940 3639 3992 Διὰ
3668 3942 3781 4013 γὰρ
3808 3942 3900 3996 τοῦ

2317 4029 2552 4099 σταυροῦ
2587 4031 2677 4083 καὶ
2724 4030 2953 4094 θάνατος
2996 4030 3232 4095 λέλυται,
3266 4033 3358 4085 καὶ
3415 4032 3548 4103 ᾅδης
3585 4033 3903 4102 ᾐχμαλώτι-

2317 4138 2461 4178 σται.
2499 4124 2561 4175 Oi
2601 4121 2787 4191 θρῆνοι
2830 4122 2939 4192 γὰρ
2998 4122 3059 4175 οὑ
3112 4126 3224 4185 τοῖς
3275 4124 3561 4187 ἑκουσίως,
3598 4125 3739 4177 ἀλλᾶ
3792 4129 3902 4189 τοῖς

2314 4214 2582 4277 ἀκουσίως
2606 4215 2879 4284 πάσχουσι
2921 4216 3269 4287 παράκλησιν
3298 4218 3575 4287 φέρουσιν.
3635 4217 3903 4290 Ἐπιτιμᾷ

2320 4310 2417 4381 μὲν
2438 4306 2531 4362 οὗν
2561 4308 2752 4371 αὑταῖς
2784 4310 3151 4379 κοπτομέναις
3173 4308 3334 4362 αὑτὸν
3357 4326 3370 4373 ;
3395 4311 3659 4379 Παραινεῖ
3684 4312 3743 4364 δὲ
3771 4314 3901 4380 πρὸς

2240 4397 2283 4453 D
2315 4403 2383 4454 τὰ
2412 4401 2676 4471 μέλλοντα
2713 4400 2863 4455 κακὰ
2898 4401 3141 4470 βλέπειν,
3171 4402 3268 4455 καὶ
3321 4402 3408 4454 ἐπ’
3439 4403 3673 4465 ἐκείνοις
3707 4405 3905 4457 κόπτε-

2314 4494 2461 4558 σθαι,
2485 4496 2575 4548 ὅτε
2602 4495 2861 4562 γυναῖκες
2886 4494 3150 4564 ἑψήσουσι
3177 4494 3244 4547 τὰ
3273 4496 3444 4549 τέκνα
3473 4495 3657 4548 αὐτῶν
3678 4496 3902 4565 ἀνελεη-

2317 4590 2514 4660 μόνως,
2536 4591 2631 4643 καὶ
2663 4590 2696 4661 ὴ
2738 4588 3008 4657 ἐνέγκασα
3037 4588 3252 4660 γαστὴρ
3325 4589 3465 4663 αὐτὴ
3488 4590 3653 4644 πάλιν
3685 4591 3747 4642 τὸ
3781 4608 3902 4659 γεν-

2313 4682 2475 4754 νηθὲν
2515 4681 2768 4745 ἐλεεινῶς
2797 4680 3134 4745 ὑποδέξεται.
3175 4682 3236 4734 Ei
3277 4683 3386 4752 γὰρ
3415 4683 3473 4735 ὲν
3503 4683 3627 4751 ἐμοὶ
3676 4682 3903 4735 τοιαῦτα

2312 4773 2652 4839 ἐπεδείξαντο
2676 4775 2725 4827 ol
2764 4773 3045 4843 Ῥωμαῖοι,
3072 4775 3131 4825 ἐν
3162 4774 3284 4844 ἐμοὶ
3332 4774 3409 4843 τῷ
3441 4773 3593 4843 ὑγρῷ
3624 4773 3797 4845 ξύλῳ,
3828 4775 3905 4845 τῷ

2312 4870 2600 4940 ὲγκάρπῳ,
2631 4869 2727 4923 καὶ
2751 4867 3012 4933 ἀειθαλεῖ,
3040 4868 3132 4921 καὶ
3158 4867 3375 4937 ἁειζώῳ
3402 4866 3489 4921 διὰ
3520 4868 3620 4939 τὴν
3647 4868 3901 4936 θεότητα,

2315 4966 2407 5017 καὶ
2468 4962 2555 5017 διὰ
2609 4964 2719 5016 τῶν
2772 4962 3001 5033 καρπῶν
3061 4980 3165 5031 μου
3239 4963 3337 5031 τῆς
3382 4961 3734 5025 διδασκαλίας
3786 4965 3906 5031 τρέ-

2315 5073 2469 5128 φοντι
2519 5056 2762 5117 πάντας·
2799 5059 2855 5107 ὲν
2910 5056 3061 5123 ὑμῖν,
3112 5054 3188 5125 τῷ
3238 5053 3371 5124 λαῷ,
3418 5053 3581 5124 φημὶ,
3622 5055 3702 5125 τῷ
3756 5053 3904 5124 ξηρῷ

2318 5148 2481 5218 ξύλῳ,
2507 5148 2584 5219 τῷ
2626 5148 2805 5217 πάσης
2834 5147 3185 5217 δικαιοσύνης
3217 5146 3485 5212 ζωοποιοῦ
3520 5149 3899 5215 ἐστερημένῳ,

2319 5245 2411 5297 καὶ
2438 5243 2639 5313 μηδένα
2680 5243 2890 5313 καρπὸν
2915 5243 3155 5313 φέροντι,
3182 5241 3234 5294 τί
3272 5240 3372 5293 οὑκ
3397 5240 3462 5293 ἂν
3492 5240 3901 5305 ἑπεδείξαιντος

2320 5337 2379 5389 ΕΞ
2408 5338 2505 5407 μὲν
2540 5336 2648 5407 γὰρ
2677 5336 2849 5405 εἴχετε
2891 5335 3127 5404 ζωτικὴν
3155 5350 3278 5386 τινα
3309 5334 3594 5402 ἐνέργειαν
3633 5333 3728 5385 τοῦ
3763 5335 3901 5400 ἀγα·

2316 5431 2432 5497 θοῦ,
2468 5431 2596 5492 ῖσως
2644 5428 2709 5482 ἂν
2760 5426 2973 5496 φειδοῦς
3031 5427 3302 5495 ἠξιώθητε
3330 5427 3559 5496 μετρίας
3611 5425 3775 5492 γοῦνο
3814 5427 3904 5477 νῦν

2314 5526 2367 5577 δὲ
2420 5523 2493 5584 ὡς
2559 5524 2723 5592 ξηρὸν
2776 5521 2929 5586 ξύλον
2970 5524 3047 5583 είς
3092 5519 3286 5573 καῦσιν
3346 5518 3439 5571 καὶ
3479 5520 3559 5581 εἰς
3605 5518 3904 5589 διαφθορὰν

2318 5617 2525 5668 ἔσεσθε.
3128 5666 3137 5675 ,

2396 5730 2413 5759 ι
2459 5710 2695 5776 Ἠγοντο
2724 5708 2776 5761 δὲ
2814 5708 2906 5761 καὶ
2938 5706 3117 5777 ἕτεροι
3150 5704 3242 5757 δύο
3273 5702 3575 5775 κακοῦργοι
3626 5705 3726 5759 σὺν
3760 5704 3902 5769 αὐτῷ
