4100 6334
217 515 366 584 Ilt‘i

875 505 1323 571 ENARRATIO
1367 505 1450 566 ΙΝ
1489 498 2003 565 EVANGELIUM
2047 499 2286 561 LUCAB.
2333 523 2399 534 -
2432 495 2592 557 CAP.
2635 491 2869 555 XXIII.

3396 489 3536 556 1102

209 627 592 700 ἀναιρεθῆναι.
626 625 736 680 Καὶ
785 623 880 679 ῦτε
925 619 1166 694 ἐπῆλθον
1217 619 1312 671 ἐπὶ
1367 617 1460 671 τὸν
1502 615 1671 671 τόπον
1727 614 1820 668 τὸν

1937 613 2115 670 norosi
2171 628 2291 669 cum
2326 626 2414 674 eo,
2441 620 2494 664 ut
2528 608 2972 664 interficerentur
3001 616 3015 661 :
3042 612 3096 658 et
3119 613 3408 674 postquam
3441 624 3532 659 ve-

208 725 517 795 λεγόμενον
573 717 847 789 Κρανίον,
903 717 1020 769 ἐκεῖ
1069 711 1427 782 ἐσταύρωσαν
1487 710 1675 774 αὑτὸν,
1726 708 1820 763 καὶ

219 818 344 881 τοὺς
393 811 761 883 κακούργους,
785 810 865 872 ὃνκ
885 811 986 881 μὲν
1038 810 1104 863 ὲκ
1143 805 1362 872 δεξῶν.
1403 805 1465 859 ὃν
1495 804 1552 858 δὲ
1586 804 1648 869 ἐξ
1686 802 1812 875 ἀρι-

216 907 451 979 στερῶν.
490 904 549 959 '0
595 904 654 958 δὲ
693 902 910 975 Ἰησοῦς
955 901 1146 970 ἔλεγε·
1184 900 1391 970 Πάτερ,
1419 898 1558 966 ἄφες
1590 897 1776 959 αὐτοῖς
1802 911 1816 925 ο

212 1003 278 1072 ού
307 1001 424 1071 γὰρ
439 997 614 1052 οἴδασι
645 997 697 1049 τί
724 994 959 1050 ποιοῦσι.
1000 990 1459 1063 Διαμεριζύμενοι
1488 989 1546 1044 δὲ
1591 989 1661 1042 τὰ
1691 989 1825 1060 ίμά-

214 1113 310 1149 τια
361 1091 552 1154 αὑτοῦ,
592 1090 788 1144 ἔϐαλον
845 1088 1106 1159 κλήρους.
1143 1086 1253 1141 Καὶ
1307 1084 1554 1154 εἱστήκει
1608 1083 1637 1134 6
1693 1081 1825 1144 λαὸς

220 1184 471 1256 θεωρῶν.
529 1181 998 1251 Ἑξεμυκτήριζον
1056 1178 1114 1232 δὲ
1165 1178 1261 1232 καὶ
1318 1176 1368 1229 οἱ
1416 1174 1681 1246 ἄρχοντες
1725 1171 1824 1226 σὺν

219 1278 414 1340 αὐτοῖς
441 1275 717 1344 λέγοντεςο
750 1271 984 1334 Ἀλλους
1037 1270 1230 1332 ἔσωσε,
1261 1268 1492 1322 σωσάτω
1526 1265 1744 1329 ἑαυτὸν,
1775 1266 1826 1318 εί

215 1361 378 1431 οὗτός
412 1368 560 1418 ἐστιν
587 1365 616 1417 6
650 1361 885 1433 Χριστὸς
920 1362 947 1414 6
979 1360 1070 1416 τοῦ
1097 1359 1236 1413 Θεοῦ
1261 1358 1545 1423 ἐκλεκτός.
1571 1357 1826 1412 Ἐνέπαι-

217 1459 316 1525 ζον
350 1457 409 1510 δὲ
443 1454 592 1527 αύτῷ
621 1454 716 1508 καὶ
760 1453 811 1507 oi
869 1451 1206 1523 στρατιῶται
1239 1449 1696 1523 προσερχόμενοι,
1728 1449 1825 1504 καὶ

216 1551 345 1617 ὅξος
402 1547 810 1620 προσφέροντες
870 1545 1043 1616 αὐτῷ,
1073 1545 1169 1599 καὶ
1219 1543 1496 1612 λέγοντεςο
1529 1543 1591 1597 Ei
1625 1543 1690 1596 σὺ
1723 1539 1774 1596 εἷ
1797 1544 1825 1597 6

219 1641 481 1710 βασιλεὺς
507 1639 616 1691 τῶν
647 1637 950 1702 Ἰουδαίων,
984 1636 1160 1690 σῶσον
1214 1635 1467 1690 σεαυτόν.
1495 1630 1606 1690 Ἦν
1639 1635 1697 1689 δὲ
1730 1637 1825 1690 καὶ

218 1736 252 1804 ἡ
286 1731 572 1803 ἐπιγραφὴ
590 1732 958 1802 γεγραμμένη
982 1731 1070 1783 ἐπ’
1097 1728 1250 1800 αύτῷ
1269 1729 1597 1800 γράμμασιν
1634 1728 1826 1798 Ἐλλη-

215 1828 436 1889 νικοῖς,
497 1825 592 1879 καὶ
667 1823 1020 1895 Ῥωμαϊκοῖς,
1079 1825 1173 1876 καὶ
1231 1822 1581 1894 Ἑϐραϊκοῖς*
1654 1815 1825 1886 Οὗτός

217 1925 374 1976 ἐστιν
423 1921 452 1972 6
498 1919 751 1989 βασιλεὺς
809 1918 920 1972 τῶν
947 1918 1245 1973 Ἰουδαίων.
1294 1938 1311 1970 ι
1354 1917 1609 1988 Πονηρὰν
1664 1916 1825 1984 δόξαν

1926 719 2125 764 nerunt
2160 707 2213 761 in
2246 705 2425 760 locum
2468 704 2560 772 qui
2597 710 2824 756 vocatur
2847 697 3212 766 Calvaria,ibi
3246 699 3539 755 erm-inte-

1928 810 2053 856 runt
2083 816 2206 855 eum
2260 809 2315 852 et
2364 796 2729 856 facinorosos.
2771 807 2938 848 unum
2966 807 2995 846 a
3030 793 3261 859 dextris,
3301 794 3534 848 alterum

1924 911 1951 948 ιι
1986 891 2420 950 sitristrichsus
2445 899 2628 944 autem
2656 886 2876 942 dicebat
2896 903 2910 940 :
2930 884 3114 952 Pater,
3145 886 3360 942 remitte
3400 888 3532 953 illis,

1926 986 2182 1042 nesciunt
2222 985 2369 1041 enim
2413 981 2544 1053 quid
2587 982 2814 1036 faciunt.
2847 979 3163 1036 Divideutes
3193 995 3326 1037 vero
3364 984 3533 1038 vesti-

1927 1091 2110 1136 menta
2140 1079 2278 1150 ejus.
2298 1080 2566 1132 miserunt
2598 1085 2825 1132 sortem.
2853 1074 2923 1130 Et
2945 1074 3126 1130 Stabat
3148 1075 3378 1145 populus
3404 1092 3533 1148 spc-

1927 1184 2105 1238 ctans,
2148 1181 2202 1227 et
2231 1171 2551 1227 deridebant
2579 1183 2703 1224 eum
2738 1167 3016 1240 principes
3045 1183 3168 1222 cum
3202 1169 3304 1235 eis,
3342 1169 3534 1224 dicen-

1929 1277 2013 1324 tes
2041 1284 2055 1323 :
2081 1267 2232 1324 Alios
2292 1265 2553 1334 servavit,
2609 1273 2794 1320 servet
2839 1263 3102 1334 seipsum,
3127 1260 3171 1318 si
3207 1262 3296 1317 hic
3332 1271 3419 1317 est
3448 1262 3537 1318 ille

1927 1361 2199 1426 Christus,
2245 1359 2337 1414 ille
2385 1358 2480 1413 Dei
2531 1356 2765 1414 electus.
2809 1354 3118 1412 llludebant
3166 1363 3351 1411 autem
3401 1356 3452 1410 ei
3481 1364 3538 1412 et

1930 1454 2150 1517 milites,
2183 1453 2506 1508 accedentes
2533 1461 2584 1506 et
2616 1460 2831 1506 acetum
2855 1449 3150 1505 offerentes
3176 1449 3248 1513 ei,
3266 1450 3538 1506 dicentes-

1928 1561 2033 1616 Que
2065 1563 2080 1604 :
2109 1544 2164 1602 Si
2217 1557 2271 1600 tu
2322 1560 2382 1601 es
2439 1545 2528 1600 ille
2584 1559 2676 1598 rex
2729 1541 3067 1607 Juxlzeorutn,
3096 1543 3308 1598 salvum
3344 1552 3396 1598 te
3425 1541 3535 1600 fac.

1927 1639 2058 1694 Erat
2089 1646 2268 1694 autem
2301 1644 2357 1692 et
2386 1636 2667 1705 inscriptio
2701 1637 2907 1706 scripta
2957 1651 3124 1706 super
3152 1652 3278 1693 cum
3335 1637 3540 1694 litteris

1927 1730 2209 1795 Οιιεοὶδ,οι
2241 1729 2472 1794 Latinis,
2496 1735 2550 1784 et
2577 1719 2869 1784 llebraicis
2903 1746 2916 1782 :
2955 1727 3051 1783 llic
3084 1738 3167 1785 est
3193 1746 3285 1786 rex
3318 1727 3542 1787 Iudaeo-

1928 1841 2122 1880 rum.»
2183 1823 2444 1879 Diabolus
2479 1822 2666 1878 volens
2715 1821 3008 1878 Dominum
3062 1839 3258 1894 magna
3313 1824 3537 1881 infamia

1931 1928 2246 1991 aspergere.
2294 1917 2426 1975 facit
2480 1917 2728 1991 crucifigi
2785 1935 2910 1975 cum
2940 1935 3006 1976 eo
3038 1931 3093 1976 et
3124 1921 3364 1978 latrones
3397 1941 3410 1978 :
3443 1925 3537 1981 sed

221 1986 664 2077 κατασκευάζειν
708 2011 912 2065 ὲθέλων
949 2009 1046 2065 τοῦ
1106 2009 1312 2080 Κυρίου
1350 1986 1695 2080 όνδιαϐολος,
1731 2010 1826 2063 καὶ

1937 1986 2058 2067 ride
2099 2013 2372 2082 quomodo
2405 2021 2459 2066 et
2497 2027 2605 2066 uno
2633 2011 2881 2083 privatus
2913 2011 3007 2077 sit,
3029 2021 3083 2067 et
3113 2011 3218 2068 hoc
3255 2015 3324 2068 ad
3361 2013 3540 2083 majo-

222 2106 434 2180 λῃστὰς
462 2108 636 2160 ἐποίει
675 2103 1310 2176 συσταυροῦσθαιαύτῷ.
1347 2103 1490 2158 Ἀλλ’
1540 2105 1645 2174 ὅρα
1704 2101 1824 2166 πῶς

220 2203 319 2254 καὶ
347 2201 439 2254 τὸν
470 2201 566 2254 ἕνα
611 2197 888 2272 ἀφῃρέθη,
927 2199 1021 2250 καὶ
1059 2197 1263 2267 μᾶλλον
1295 2198 1431 2269 πρὸς
1465 2197 1622 2262 δόξαν
1658 2196 1828 2251 πλείω

217 2294 321 2348 τοῦ
368 2295 574 2365 Κυρίου
622 2293 781 2346 τοῦτο
817 2291 1031 2358 γέγονε.
1060 2290 1184 2344 Τῶν
1231 2291 1332 2362 μὲν
1382 2291 1493 2364 γὰρ
1522 2294 1570 2346 οἱ
1600 2295 1826 2362 σταυροὶ

217 2387 351 2441 οὐδὲ
385 2386 762 2457 ὲζητήθησαν,
787 2385 883 2438 τοῦ
914 2385 971 2438 δὲ
1007 2385 1113 2448 πᾶς
1150 2386 1178 2437 6
1205 2383 1409 2455 κόσμος
1442 2383 1788 2454 ἐκκρέμαται
1814 2404 1822 2412 ·

221 2481 326 2534 καὶ
381 2481 670 2553 προδήλως
728 2478 987 2533 ἐντεῦθεν
1047 2477 1350 2542 δείκνυται,
1385 2477 1445 2530 τὸ
1494 2478 1571 2548 μὴ
1625 2477 1826 2548 ἄνομον

219 2571 372 2629 εἶναι
430 2575 523 2629 τὸν
575 2574 804 2643 Κύριον,
831 2573 908 2637 ὡς
961 2573 1012 2626 oi
1071 2572 1292 2643 λῃσταὶ,
1324 2570 1462 2625 ἀλλὰ
1520 2570 1701 2642 πάσης
1748 2573 1828 2624 δι-

219 2667 525 2738 καιοσύνης
551 2667 818 2739 ἀρχηγόν.
854 2668 1086 2736 Ἀγουσι
1120 2666 1176 2720 δὲ
1210 2665 1378 2720 αύτδν
1407 2667 1502 2718 ἐπὶ
1539 2665 1631 2718 τὸν
1659 2665 1825 2719 τόπον

219 2759 320 2812 τοῦ
354 2757 620 2829 Κρανίου,
662 2757 791 2811 ἔνθα
827 2757 963 2826 φασὶ
1010 2756 1102 2810 τὸν
1138 2756 1468 2828 προπάτορα
1505 2756 1782 2825 τεθάφθαι
1807 2772 1820 2785 °

223 2851 319 2905 ἵνα
344 2852 478 2904 ὅπου
510 2849 597 2904 διὰ
618 2849 778 2916 ξύλου
815 2849 1039 2920 πτῶμα,
1059 2851 1178 2904 ἐκεῖ
1199 2849 1291 2902 καὶ
1317 2850 1352 2913 ἡ
1381 2849 1469 2902 διὰ
1502 2847 1594 2902 τοῦ
1664 2847 1824 2915 ξύλου

231 2944 458 3014 ἔγερσις
497 2942 745 3014 γένηται.
780 2943 992 3013 Ἰησοῦς
1040 2941 1096 2995 δὲ
1148 2941 1460 3012 ὑπερϐολὴν
1522 2943 1827 3013 πραότητος

226 3036 668 3105 ἐνδεικνύμενος,
712 3035 854 3108 ὑπὲρ
886 3033 1069 3088 αὐτῶν
1102 3033 1348 3106 εὔχεται,
1385 3055 1402 3088 ι
1449 3036 1655 3106 Πάτερ,
1690 3036 1828 3107 ἄφες

224 3130 442 3195 αὐτοῖς,
471 3129 646 3197 λέγων
681 3145 694 3159 ³
748 3129 810 3183 ού
867 3128 977 3198 γὰρ
1027 3129 1207 3183 οἴδασι
1262 3129 1315 3183 τί
1364 3129 1600 3184 ποιοῦσι.
1646 3149 1665 3183 ι
1720 3129 1829 3184 Καὶ

229 3222 421 3293 μέντοι
472 3222 650 3292 ἀφέθη
693 3221 760 3276 ἂν
779 3223 966 3283 αὐτοῖς
1013 3221 1074 3274 τὸ
1116 3221 1446 3294 ἁμάρτημα,
1477 3224 1524 3275 εί
1569 3222 1645 3295 μὴ
1691 3225 1827 3294 μετὰ

1934 2120 2044 2158 rem
2083 2104 2311 2174 gloriam
2360 2103 2574 2159 Domini
2613 2106 2862 2161 cesserit.
2897 2103 3033 2160 Nam
3067 2105 3302 2162 aliorum
3343 2122 3542 2165 cruces

1931 2215 2093 2254 nemo
2147 2199 2400 2263 t‘e';ttil'il.
2435 2208 2582 2254 totus
2635 2210 2818 2254 autem
2877 2201 3114 2256 mundus
3154 2215 3184 2255 a
3217 2216 3384 2258 cruce
3437 2202 3539 2257 ista

1931 2290 2151 2362 pendet.
2180 2292 2243 2346 Et
2274 2291 2567 2348 manifeste
2603 2294 2692 2348 hic
2725 2293 3036 2349 OSIenditur
3079 2293 3372 2350 Dominum
3430 2313 3537 2351 non

1932 2399 2054 2438 esse
2105 2384 2350 2453 iniquum
2411 2385 2556 2440 sicut
2610 2385 2876 2449 latrones,
2927 2387 3022 2440 sed
3079 2387 3260 2442 omnis
3313 2385 3539 2455 iustitiae

1931 2477 2253 2545 principem.
2305 2475 2522 2532 Ducunt
2576 2488 2756 2532 autem
2813 2493 2940 2533 eum
2973 2478 3040 2534 ad
3088 2479 3269 2538 locum
3327 2476 3539 2546 Cranii,

1933 2569 2023 2623 ubi
2079 2568 2269 2624 dicunt
2323 2570 2560 2640 primunt
2620 2578 2903 2640 parentem
2956 2579 3204 2626 nostrum
3260 2573 3536 2643 sepultum

1932 2676 2053 2717 esse
2087 2679 2100 2716 :
2136 2678 2193 2716 ut
2229 2662 2318 2718 ubi
2358 2677 2452 2730 per
2483 2661 2685 2734 lignum
2718 2678 2899 2729 casus,
2944 2663 3057 2719 illic
3091 2674 3146 2719 et
3189 2678 3286 2734 per
3331 2665 3540 2736 lignum

1935 2755 2272 2808 resurrectio
2302 2756 2416 2809 fiat.
2455 2753 2619 2811 Jesus
2658 2771 2787 2811 vero
2835 2756 3098 2811 eximiam
3154 2760 3538 2813 mansuetudi-

1933 2861 2056 2902 nem
2073 2848 2376 2915 dcclarans,
2399 2863 2496 2919 pro
2515 2848 2620 2903 illis
2641 2858 2894 2917 precatur
2915 2869 2928 2904 ι
2949 2867 2967 2901 ι
2997 2849 3182 2916 Pater,
3200 2851 3423 2905 remitte
3436 2852 3542 2914 eis.

1930 2939 2161 2995 dicens:
2195 2941 2450 2995 nesciunt
2505 2942 2653 2996 enim
2702 2944 2832 3010 quid
2893 2942 3121 2999 faciunt.
3177 2963 3195 2996 ι
3233 2944 3298 3000 Ει
3355 2943 3544 3015 utique

1931 3031 2216 3086 dimissum
2249 3029 2436 3086 fuisset
2489 3034 2571 3087 eis
2599 3043 2909 3102 peceatum,
2938 3035 3042 3090 nisi
3079 3035 3341 3107 deinceps
3370 3035 3424 3092 in
3460 3040 3542 3092 in-

1932 3123 2257 3178 ciednlitate
2308 3127 2655 3181 mansissent.
2687 3126 3004 3183 Diviserunt
3054 3144 3184 3184 vero
3247 3131 3548 3186 vestimen-

1936 3226 1986 3268 ta
2023 3215 2156 3282 ejus.
2191 3215 2360 3287 Cujus
2390 3217 2602 3285 gratia?
2629 3217 2884 3274 Forsitan
2918 3235 2973 3274 et
3007 3221 3158 3275 nmlti
3218 3221 3353 3292 ipsis
3404 3222 3546 3279 iudi-

225 3313 493 3384 ταῦτατῇ
525 3314 757 3385 ἀπιστίᾳ
788 3315 1100 3384 ἐνέμειναν.
1135 3314 1292 3379 Τίνος
1328 3314 1386 3367 δὲ
1417 3315 1607 3370 ἕνεκεν
1635 3315 1828 3387 διαμε-

1940 3308 2157 3379 gebant,
2195 3308 2448 3366 fortassis
2507 3321 2718 3374 autem,
2765 3312 2908 3381 quod
2941 3321 2996 3367 et
3051 3316 3254 3382 verius,
3307 3315 3423 3370 haec
3478 3317 3547 3371 ad

232 3407 482 3480 ρίζονται
505 3408 573 3460 τὰ
609 3406 800 3477 ἱμάτια
834 3406 1042 3472 animi;
1083 3408 1246 3471 Ἰσως
1280 3407 1382 3476 μὲν
1412 3408 1505 3462 καὶ
1532 3407 1830 3480 χρῄζοντες

229 3501 286 3554 oi
325 3499 514 3553 πολλοὶ
545 3499 748 3566 αὐτῶν,
776 3500 915 3570 τάχα
934 3499 1012 3564 δὲ,
1040 3500 1067 3554 ὃ
1090 3501 1408 3572 καὶμᾶλλον
1438 3502 1827 3576 ἀληθέστερον,

231 3592 398 3664 ῦϐρει
432 3592 592 3646 τοῦτο
642 3594 738 3647 καὶ
774 3594 1046 3665 ἀκολασίᾳ
1088 3593 1373 3656 ποιοῦντες
1410 3609 1422 3622 ·
1458 3597 1512 3646 τί
1563 3597 1672 3664 γὰρ
1730 3615 1830 3650 πο-

228 3686 456 3750 λυτελὲς
489 3687 677 3758 ἑώρων
709 3689 766 3739 ἐν
811 3688 922 3750 τοῖς
953 3687 1195 3758 ἱματίοις
1228 3705 1242 3754 ;
1281 3688 1319 3739 Γ
1323 3687 1554 3752 ελῶντες
1611 3685 1704 3743 οὖν
1737 3692 1832 3743 καὶ

234 3780 557 3852 ὑϐρίζοντες
591 3823 606 3845 ,
665 3781 894 3834 τοιαῦτα
954 3777 1300 3852 εἰργάζοντο.
1371 3781 1545 3836 Ὅπου
1605 3782 1716 3853 γὰρ
1781 3784 1832 3835 οἱ

232 3875 516 3948 ὅρχοντες
576 3877 948 3946 ὲμυκτήριζον
981 3919 995 3942 ,
1051 3877 1102 3928 τί
1158 3876 1264 3948 χρὴ
1315 3879 1444 3950 περὶ⁵
1492 3879 1587 3932 τοῦ
1645 3879 1832 3934 κοινοῦ

231 3967 480 4039 πλήθους
509 3967 822 4036 λογίζεσθαι
853 3985 867 4034 ;
910 3987 927 4020 ι
962 3968 1194 4032 ’Δλλους
1216 3969 1413 4035 ἔσωσε,
1443 3973 1676 4026 σωσάτω
1707 3974 1834 4027 ἐαυ-

229 4061 351 4125 τὸν,
380 4061 430 4112 εἰ
456 4053 611 4122 οὗτός
643 4060 790 4112 ἐστιν
815 4061 843 4113 6
871 4058 1111 4128 Χριστός
1142 4062 1170 4113 6
1202 4060 1296 4114 τοῦ
1323 4060 1460 4114 Θεοῦ
1495 4062 1772 4126 ἐκλεκτός.
1809 4083 1828 4116 ι

232 4150 415 4205 Τοῦτο
457 4150 612 4220 ἔλεγε
643 4151 715 4205 δι’
755 4151 938 4205 αὐτῶν
977 4151 1006 4204 6
1045 4151 1314 4216 διάϐολος.
1350 4153 1561 4226 Ὠσπερ
1599 4155 1708 4226 γὰρ
1742 4157 1836 4210 ἐπὶ

231 4243 329 4298 τοῦ
391 4245 694 4316 πτερυγίου
726 4243 821 4298 τοῦ
878 4243 1052 4315 ίεροῦ,
1088 4243 1232 4298 οὕτω
1279 4246 1562 4300 κάνταῦθα
1609 4250 1836 4304 τοιαῦτα

232 4353 374 4408 φησι
405 4352 422 4369 ο
456 4335 768 4406 βασκαίνων
807 4340 874 4408 τῇ
904 4338 996 4393 διὰ
1038 4337 1134 4391 τοῦ
1163 4340 1402 4410 σταυροῦ
1439 4341 1713 4415 σωτηρίᾳ,
1737 4347 1835 4400 καὶ

228 4429 536 4501 περικόψαι
604 4428 932 4501 βουλόμενος
985 4430 1194 4502 ταύτην
1256 4433 1482 4500 πάσαις,
1541 4436 1617 4500 ὼς
1679 4437 1834 4509 ἐνῆν,

237 4524 547 4595 μηχαναῖς.
614 4524 776 4589 Ὄξος
841 4523 896 4576 δὲ
959 4523 1303 4595 προσέφερον
1355 4526 1404 4578 οἱ
1454 4529 1832 4598 στρατιῶται,

232 4615 310 4679 ὡς
369 4614 588 4686 βασιλεῖ
633 4615 796 4684 δῆθεν
847 4615 1252 4688 ὑπηρετοῦντες
1284 4659 1298 4681 ,
1355 4618 1493 4688 πρὸς
1551 4619 1612 4674 τὸ
1659 4626 1826 4678 πιεῖν.

1945 3401 2207 3470 majorem
2280 3401 2672 3456 contumeliam
2750 3419 2853 3474 per
2920 3403 3200 3461 lasciviam
3275 3407 3543 3464 fecerunt.

1940 3493 2110 3566 586
2132 3494 2270 3562 Quid
2294 3495 2438 3550 enim
2464 3496 2764 3567 pretiosum
2793 3498 3050 3557 videbant
3079 3501 3130 3554 in
3158 3500 3244 3556 his
3268 3495 3548 3558 vestibus?

1945 3587 2207 3644 Bidentes
2242 3590 2408 3661 igitur
2461 3599 2516 3644 et
2557 3595 2890 3647 contumelia
2939 3593 3261 3660 allicientes,
3297 3595 3427 3650 talia
3465 3597 3546 3653 le-

1942 3693 2156 3740 ccrunt.
2197 3684 2296 3742 Ubi
2334 3685 2480 3741 enim
2515 3685 2564 3740 ei
2630 3686 2912 3756 principes
2948 3688 3388 3756 subsannabant,
3416 3692 3548 3761 quid

1945 3793 2051 3830 nun
2085 3779 2151 3832 de
2189 3778 2395 3849 relith
2426 3778 2586 3849 vulgo
2614 3779 3014 3850 cogitandum?
3045 3799 3064 3832 ‹
3088 3780 3241 3837 Alios
3279 3783 3547 3848 servavit,

1945 3882 2125 3926 servet
2160 3873 2427 3942 seipsum,
2463 3873 2507 3928 si
2538 3873 2628 3928 hic
2655 3879 2740 3927 est
2775 3872 2867 3927 ille
2893 3871 3172 3940 Christus,
3200 3873 3290 3930 ille
3316 3875 3408 3932 Dei
3437 3877 3550 3933 ele-

1943 3977 2084 4020 ctus.
2120 3985 2137 4017 ι
2163 3965 2276 4021 Hoc
2307 3966 2522 4022 dicebat
2552 3983 2650 4038 per
2681 3967 2808 4024 illos
2837 3968 3107 4024 diabolus.
3136 3967 3292 4024 Sicut
3322 3972 3468 4026 enim
3497 3974 3548 4027 in

1945 4061 2109 4130 pinna
2146 4059 2352 4129 templi,
2384 4061 2456 4114 ita
2492 4073 2546 4115 et
2594 4060 2697 4115 hoc
2746 4060 2866 4117 loco
2907 4060 3061 4127 dicit,
3090 4063 3342 4119 invidens
3387 4065 3549 4120 saluti

1946 4161 2146 4206 nostra:
2193 4168 2290 4222 per
2327 4167 2567 4215 crucem,
2593 4167 2756 4222 quam
2793 4152 2988 4209 volens
3047 4155 3323 4226 impedire
3357 4171 3568 4211 omnes.

1946 4246 2201 4299 movebat
2235 4245 2536 4301 machinas.
2557 4246 2787 4301 Acetum
2823 4260 2952 4302 vero
2985 4246 3294 4303 offerebant
3323 4248 3552 4318 milites,

1944 4339 2102 4407 quasi
2157 4339 2268 4407 regi
2318 4341 2721 4411 quodammodo
2765 4341 3144 4397 ministrantes
3203 4349 3262 4396 ut
3313 4343 3550 4400 biberet.

1950 4430 2083 4486 Vide
2115 4443 2295 4487 autem
2332 4443 2384 4488 et
2414 4431 2574 4487 aliam
2609 4433 2923 4489 machinam
2971 4433 3196 4501 diaboli,
3223 4451 3345 4506 qua:
3379 4436 3430 4488 in
3468 4438 3552 4506 ip-

1946 4536 2064 4576 sum
2102 4523 2352 4578 vertitur.
2415 4523 2516 4591 Qui
2549 4524 2695 4579 enirn
2721 4525 2898 4580 tribus
2928 4523 3234 4580 litterarum
3259 4527 3552 4583 characte-

1945 4615 2101 4670 ribus
2157 4615 2511 4670 rebellionem
2563 4615 2694 4672 Jesn
2760 4617 3074 4688 invnlgarat
3121 4620 3550 4690 quodammodo,

234 4708 380 4779 Ὅρα
419 4706 480 4760 δὲ
520 4708 616 4762 καὶ
663 4708 860 4780 ἑτέραν
923 4711 1178 4782 μηχανὴν
1237 4710 1333 4765 τοῦ
1384 4711 1662 4780 διαϐόλου,
1712 4718 1829 4770 κατ’

1945 4717 2003 4761 ut
2055 4707 2328 4763 neminem
2379 4710 2831 4778 praetereuntium
2873 4716 3092 4778 lateret,
3125 4716 3280 4783 quasi
3327 4724 3550 4784 propter

230 4798 404 4853 αὐτοῦ
466 4801 967 4874 περιτρεπομένην.
1022 4803 1083 4855 '0
1138 4802 1239 4872 μὲν
1279 4803 1390 4875 γὰρ
1443 4808 1593 4876 τρισὶ
1657 4825 1838 4879 χαρα-

237 4892 446 4964 κτῆρσι
503 4895 850 4965 γραμμάτων
903 4896 1250 4965 ἐξεπόμπευε
1302 4897 1466 4967 δῆθεν
1505 4899 1607 4969 τὴν
1637 4902 1839 4973 ἀνταρο

243 4984 370 5039 σίαν
406 4983 503 5038 τοῦ
545 4985 748 5054 Ἰησοῦ,
811 4988 900 5041 ἴνα
939 4989 1145 5060 μηδένα
1173 4989 1429 5045 λανθάνοι
1461 4993 1569 5044 τῶν
1602 4993 1832 5064 παριόνο

239 5093 374 5140 των,
405 5077 482 5140 ὼς
512 5077 604 5130 διὰ
653 5078 813 5132 τοῦτο
856 5079 1155 5152 κρέμαται,
1183 5080 1318 5135 διότι
1365 5080 1590 5152 βασιλέα
1647 5085 1840 5138 ἑαυτὸν

237 5167 454 5222 ἐποίειο
490 5169 556 5222 τὸ
601 5170 678 5232 δὲ,
713 5172 818 5224 κᾶν
873 5173 948 5243 μὴ
1005 5174 1034 5224 6
1088 5172 1252 5242 σοφὸς
1313 5173 1408 5227 τοῦ
1471 5177 1840 5246 κακοποιῆσαι

241 5269 463 5325 συνίει,
527 5261 799 5332 σύμϐολον
858 5259 928 5336 ἦν
976 5263 1072 5318 τοῦ
1131 5266 1404 5336 κράτιστα
1465 5267 1575 5322 τῶν
1627 5269 1839 5335 ἐθνῶν,

239 5356 418 5409 ὁποῖοι
438 5357 488 5408 oi
537 5357 821 5427 Ῥωμαῖοι,
857 5359 950 5411 καὶ
976 5357 1306 5427 σοφώτατοι,
1339 5362 1519 5415 ὁποῖοι
1555 5361 1838 5433 Ἕλληνες,

1941 4805 2045 4860 hoc
2085 4818 2385 4876 suspensus
2434 4815 2600 4871 esset,
2625 4810 2770 4878 quod
2824 4823 3006 4878 regem
3034 4825 3094 4866 se
3139 4807 3364 4866 fecisset
3397 4827 3411 4864 :
3445 4813 3550 4866 hoc

1942 4899 2071 4970 jam.
2113 4899 2326 4954 etiamsi
2383 4913 2495 4954 non
2552 4916 2582 4955 e
2632 4911 2815 4956 mente
2865 4902 3187 4968 scribentis,
3239 4905 3546 4976 symbolum

1944 4992 2144 5047 factum
2185 5001 2270 5047 est
2299 4994 2446 5063 quod
2486 4995 2855 5064 potentissimi
2890 4997 3161 5068 gentium,
3204 4999 3395 5068 quales
3445 5001 3548 5054 lio-

1942 5085 2090 5139 mani
2127 5102 2140 5138 :
2170 5094 2226 5139 et
2255 5087 2670 5155 sapientissimi,
2691 5088 2882 5158 quales
2906 5089 3083 5146 Graeci
3117 5109 3132 5146 :
3168 5101 3222 5146 et
3265 5091 3553 5163 religiOsis-

1946 5177 2094 5241 simi,
2117 5177 2308 5248 quales
2333 5177 2564 5245 Hebraei,
2584 5179 2790 5237 Christi
2813 5198 2984 5251 regno
3002 5185 3324 5256 subjiciendi
3342 5195 3550 5251 essent,

1947 5277 2003 5323 et
2032 5269 2204 5338 ipsum
2239 5271 2538 5339 prmdicare
2564 5273 2826 5330 debeant.
2853 5274 2930 5331 De
2959 5277 3063 5332 hoc
3093 5286 3274 5334 autem
3315 5279 3468 5348 plura
3492 5289 3552 5334 et

1950 5361 2269 5417 sublimiora
2306 5364 2356 5418 in
2390 5361 2687 5436 Evangelia
2716 5366 2945 5424 Joannis
2970 5370 3230 5425 diximus.

248 5453 347 5507 καὶ
374 5451 815 5518 θεοσεϐέστατοι,
864 5457 1050 5508 ὁποῖον
1085 5456 1144 5508 τὸ
1181 5457 1338 5524 γένος
1387 5457 1502 5510 τῶν
1551 5455 1852 5530 Ἐϐραίων,
1897 5457 2002 5512 ὑπὸ
2062 5461 2127 5530 τῇ
2189 5459 2438 5534 βασιλείᾳ
2462 5461 2757 5534 τοῦςιησοῦ
2805 5465 3161 5536 τεθήσεσθαι,
3195 5466 3293 5521 καὶ
3338 5467 3548 5536 ἀνακη-

243 5549 644 5621 ρύξειναύτόν.
685 5550 928 5622 Εἴπομεν
967 5551 1024 5604 δὲ
1063 5554 1192 5622 περὶ
1235 5553 1446 5606 τούτων
1499 5557 1594 5608 καὶ
1644 5559 1702 5608 ὲν
1751 5555 1829 5625 τῷ
1879 5556 2024 5610 κατὰ
2062 5557 2322 5627 Ἰωάννην
2385 5558 2555 5613 πλείω
2617 5561 2712 5614 καὶ
2779 5561 3108 5634 ὑψηλότερα.

321 5662 341 5696 ι
383 5636 475 5705 Εἷς
497 5643 552 5695 δὲ
579 5642 690 5696 τῶν
721 5643 1146 5714 κρεμασθέντων
1177 5644 1505 5716 κακούργων
1547 5646 1821 5718 ἐϐλασφὴ.

245 5753 342 5808 μει
375 5733 541 5788 αὐτὸν
570 5734 745 5801 λέγων
771 5751 783 5762 ·
813 5734 874 5787 Ei
907 5735 971 5787 σὺ
999 5731 1050 5787 εἴ
1081 5737 1108 5788 6
1141 5737 1400 5805 Χριστὸς,
1440 5739 1615 5791 σῶσον
1672 5757 1835 5792 σεαυο

240 5830 336 5880 τὸν
392 5827 492 5879 καὶ
553 5829 728 5895 ἡμᾶς.
788 5827 1144 5896 Ἀποκριθεὶς
1195 5828 1250 5880 δὲ
1293 5831 1320 5880 6
1370 5830 1556 5900 ἕτερος
1607 5832 1842 5902 ἐπετίμα

242 5921 413 5993 αὐτῷ,
447 5921 659 5992 λέγων·
699 5922 836 5976 Οὐδὲ
885 5923 1026 5993 ιροϐῇ
1084 5925 1147 5977 σὺ
1180 5924 1272 5976 τὸν
1317 5924 1469 5986 θεὸν,
1513 5925 1596 5977 ὅτι
1655 5929 1711 5978 ἑν
1765 5927 1842 5996 τῷ

244 6013 395 6084 αὐτῷ
431 6013 664 6087 κρίματι
696 6013 778 6082 εἷς
808 6017 901 6070 καὶ
919 6017 1078 6088 ἡμεῖς
1117 6015 1216 6086 μὲν
1251 6015 1476 6080 δικαίως
1504 6031 1519 6046 '
1554 6017 1680 6085 ἄξια
1733 6019 1842 6091 γὰρ

2029 5647 2190 5706 Vens.
2223 5651 2404 5707 5945.
2437 5671 2455 5704 ι
2497 5651 2649 5708 Unus
2674 5665 2857 5711 autem
2890 5658 2956 5711 de
3001 5658 3086 5712 his
3116 5659 3207 5726 qui
3244 5658 3553 5726 pendebant

1951 5740 2299 5808 facinerosis,
2367 5748 2613 5800 convicia
2672 5747 2885 5802 dicebat
2936 5749 2988 5802 in
3033 5765 3178 5818 eum,
3242 5754 3550 5808 dicens:b‘i

1952 5846 2007 5888 tu
2059 5852 2117 5890 es
2169 5837 2442 5904 Christus,
2489 5855 2534 5893 St
2556 5856 2644 5893 rva
2682 5841 2911 5908 teipsurn
2937 5852 2991 5896 et
3025 5859 3141 5898 nes.
3195 5846 3551 5914 Itespondens

1955 5937 2138 5982 autem
2175 5931 2312 5983 alter
2345 5933 2661 6000 increpabat
2691 5953 2838 5998 eum,
2868 5935 3053 5991 (licens
3081 5937 3202 6000 Ἀθ
3237 5938 3396 5992 times
3421 5940 3547 6009 qni-

1953 6022 2073 6076 dem
2109 6030 2164 6076 tu
2194 6021 2363 6081 Deum
2393 6031 2536 6095 quod
2568 6028 2619 6084 in
2651 6032 2841 6088 eadem
2871 6033 3225 6090 damnatione
3253 6030 3350 6090 es?
3374 6045 3426 6090 ct
3455 6049 3553 6090 nos
