4100 6334
667 412 808 482 1103

1549 411 2135 476 THEOPIIYLACTI
2181 411 2595 472 BULGARIE
2637 413 2840 474 ARCH
2855 411 3001 474 lEP.

3784 405 3919 470 llOl

661 529 880 599 quidem
903 525 1046 595 juste
1073 538 1087 577 :
1117 537 1237 577 nam
1266 519 1424 592 digna
1452 518 1616 577 faetis
1636 519 1927 589 recipimus
1953 535 1965 570 ;
1997 517 2084 572 hic
2111 531 2235 571 vero

2346 509 2422 570 ὧν
2495 518 2816 592 ἐπράξαμεν
2878 519 3383 588 ἀπολαμϐάνομεν·
3448 515 3600 583 οὗτος
3661 518 3720 572 δὲ
3776 519 3924 573 οὐδὲν

667 618 799 674 nihil
831 618 952 672 mali
985 616 1171 686 gessit.
1197 614 1260 668 Ει
1285 614 1503 667 dicedat
1528 613 1593 667 ad
1614 610 1794 667 Iesum
1823 629 1833 662 :
1856 608 2102 671 Domine,
2123 624 2239 662 me-

665 721 846 766 mento
879 709 982 765 mei
1017 722 1138 762 cum
1190 707 1405 761 veneris
1436 705 1485 758 in
1527 718 1751 773 regnum
1787 712 1958 756 tttutn.
2000 701 2063 753 Et
2103 699 2239 754 dixit

663 803 735 858 illi
789 799 949 856 Jcsus
981 819 993 854 :
1028 801 1194 854 Amen
1248 799 1367 852 dico
1419 794 1534 860 tibi,
1567 793 1724 848 hodie
1759 807 1968 847 meeum
2023 794 2132 845 eris
2185 790 2238 842 in

662 891 934 962 paradiso.
971 909 990 942 ι
1048 888 1327 956 Quomodo
1368 886 1530 955 igitur
1579 883 1670 938 alii
1714 883 2058 950 evangelista:
2101 883 2234 934 duos

662 987 900 1040 latrones
929 985 1113 1039 dicunt
1167 979 1398 1035 convitia
1431 978 1482 1032 in
1509 993 1630 1033 eum
1668 976 1901 1047 jecisse?
1933 973 2240 1029 Verisimile

660 1088 841 1132 autent
874 1074 1126 1144 est'quod
1160 1074 1392 1143 primum
1427 1071 1641 1136 quidem
1672 1070 1779 1124 duo
1804 1084 1924 1123 emn
1958 1064 2236 1121 convitiatl

661 1171 790 1235 sint,
810 1170 1001 1224 deinde
1025 1181 1161 1220 unus
1183 1179 1372 1221 eorum
1395 1163 1670 1218 cordattor
1693 1174 1993 1231 agnoscens
2036 1159 2238 1213 bonita-

666 1275 772 1317 tem
814 1273 868 1316 et
916 1261 1250 1314 divinitatem
1286 1258 1412 1312 Jesu
1455 1267 1520 1309 ex
1577 1271 1708 1309 voce
1755 1268 1913 1322 quam
1965 1251 2091 1306 fecit
2141 1263 2240 1318 pro

662 1353 1106 1421 et‘Uciﬁgcntibus
1138 1366 1151 1404 :
1189 1367 1207 1400 t
1238 1347 1418 1411 Pater,
1442 1348 1648 1407 dicens,
1676 1344 1888 1398 remitte
1913 1344 2022 1408 eis;
2055 1360 2073 1392 ι
2112 1355 2236 1412 qua:

663 1461 764 1500 vox
813 1461 917 1499 non
949 1442 1120 1496 solum
1153 1439 1300 1494 omni
1341 1437 1710 1492 misericordia
1743 1437 1897 1504 plena
1931 1444 2035 1500 est,
2065 1435 2156 1489 sed
2185 1443 2240 1489 et

664 1551 909 1605 magnam
957 1533 1330 1589 auctoritatem
1364 1547 1471 1600 pra:
1498 1546 1554 1584 se
1585 1529 1712 1583 fert.
1745 1527 1858 1582 Non
1888 1528 2030 1583 cnim
2064 1525 2196 1579 dixit
2224 1542 2237 1578 :

664 1629 908 1694 Domine,
933 1642 1050 1692 oro,
1078 1625 1288 1680 dimitte
1320 1625 1420 1687 eis,
1447 1624 1538 1677 sed
1591 1621 1909 1689 simpliciter
1939 1620 2016 1673 sic
2048 1631 2240 1687 magna

664 1733 928 1794 potestate
957 1739 969 1773 :
1007 1739 1025 1771 ι
1061 1717 1241 1784 Pater,
1264 1716 1480 1770 remitte
1505 1715 1604 1768 eis.
1635 1733 1652 1765 ι
1683 1713 1757 1766 Ex
1786 1713 1885 1766 hac
1925 1710 2085 1780 igitur
2112 1725 2239 1764 voce

663 1828 988 1882 agnoscens,
1021 1812 1109 1879 qui
1140 1810 1290 1878 prius
1307 1807 1813 1875 eratlilaSpltemus,
1837 1802 2018 1858 Jesum
2051 1817 2235 1856 verum

663 1875 864 1973 regem,
887 1875 1204 1956 confutat‘et
1231 1899 1461 1953 alterum
1486 1899 1769 1958 latronem,
1786 1901 1840 1948 et
1856 1895 1921 1948 ad
1944 1892 2127 1948 Jesum
2156 1893 2232 1948 di-
2269 1875 2310 1928 Β

660 1997 765 2050 cit:
793 2012 811 2044 ι
835 1991 1104 2047 Memento
1130 1992 1231 2046 mei
1258 1990 1309 2043 in
1337 2005 1498 2060 regno
1516 1998 1625 2042 tuo.
1657 2005 1675 2038 ι
1703 1986 1838 2053 Quid
1865 1987 2025 2055 igitur
2052 1984 2234 2038 Domi-

661 2088 803 2143 nus?
829 2106 846 2137 ι
875 2083 1042 2138 Hodie
1073 2097 1280 2138 mecum
1315 2082 1423 2135 eris
1460 2081 1511 2134 in
1553 2079 1824 2148 paradiso.
1850 2098 1867 2130 ι
1893 2078 2045 2133 Sicut
2077 2080 2236 2131 ltomo

659 2180 872 2252 quidem
893 2179 946 2231 in
959 2190 1140 2242 cruce,
1158 2173 1486 2232 DeuSautem
1506 2173 1788 2238 ubique,ct
1804 2172 1929 2229 illic.
1949 2181 2001 2225 et
2019 2172 2068 2224 in
2089 2185 2236 2238 para-

659 2271 1019 2339 disoimplens
1032 2267 1233 2332 omnia,
1261 2277 1315 2322 et
1345 2279 1608 2336 nusquam
1635 2265 1852 2319 absens.
1867 2264 2121 2330 Quaerunt
2150 2278 2236 2314 au-

659 2377 766 2419 tem
786 2363 1029 2431 quidam,
1051 2359 1324 2430 quomodo
1348 2359 1561 2414 dicente
1589 2357 1817 2412 Domino
1843 2355 2033 2411 latroni
2061 2374 2114 2411 ιι
2137 2353 2238 2408 llo-

655 2460 744 2515 die
773 2473 983 2514 mecum
1005 2457 1114 2513 eris
1131 2458 1182 2510 in
1201 2456 1472 2526 paradiso,
1497 2473 1515 2507 ι
1534 2452 1730 2508 Paulus
1750 2455 2038 2522 dixitquod
2058 2452 2235 2506 nullus

656 2559 966 2608 sanctorum
998 2550 1260 2620 receperit
1285 2547 1699 2618 promissionem
1717 2547 1802 2600 "‘I
1825 2545 1889 2600 Et
1913 2546 2126 2615 quidam
2150 2545 2231 2598 di-

655 2652 787 2698 cunt
817 2642 957 2710 quod
993 2639 1284 2711 Apostolus
1325 2654 1429 2694 non
1466 2639 1531 2694 de
1562 2637 1815 2694 omnibus
1857 2638 2059 2693 sanctis
2090 2651 2236 2691 asse-

660 2744 743 2788 rat
807 2737 950 2804 quod
1020 2748 1128 2787 non
1201 2732 1504 2800 receperint
1566 2730 2079 2799 repromissiouem,
2137 2729 2231 2782 sed

657 2833 725 2885 de
773 2831 858 2885 bis
892 2843 1028 2898 quos
1073 2827 1190 2898 ipse
1243 2827 1420 2882 solum
1466 2827 1821 2881 enumeravit.
1882 2824 2237 2878 Enumeravit

655 2924 820 2996 487
883 2932 1061 2976 autem
1122 2921 1262 2975 alios
1321 2920 1536 2988 quidem
1587 2918 1805 2981 multos,
1859 2916 2082 2971 latronis
2145 2930 2236 2968 au-

658 3032 762 3070 tent
789 3031 894 3070 non
925 3015 1190 3069 meminit.
1223 3013 1358 3066 Audi
1393 3013 1533 3063 enim
1566 3009 1694 3079 quid
1729 3010 1892 3071 dicat,
1928 3009 1980 3063 lii
2017 3007 2230 3071 omnes,

656 3109 1078 3164 demonstrando
1102 3120 1194 3160 eos
1222 3121 1358 3175 quos
1387 3118 1566 3157 setmo
1594 3111 1901 3170 enumerat,
1927 3101 2122 3170 quibus
2151 3100 2231 3153 la-

659 3217 744 3257 tro
805 3210 1224 3256 connumeratns
1275 3213 1379 3251 non
1437 3207 1538 3250 εει.
1590 3195 1692 3247 Alii
1742 3205 1918 3247 autem
1975 3194 2304 3297 dixeruntC

655 3295 799 3366 quod
833 3295 973 3348 latro
1018 3291 1254 3346 nondum
1289 3289 1512 3344 sortitus
1547 3289 1620 3342 sit
1650 3287 1700 3340 in
1724 3287 1972 3356 paradiso
2002 3303 2232 3341 conver-

651 3388 918 3446 sationem
955 3401 966 3436 :
1000 3384 1092 3439 sed
1150 3385 1274 3449 quia
1319 3379 1650 3433 invariabilis
1681 3380 1751 3432 sit
1784 3387 1838 3430 et
1869 3380 2083 3432 mentiri
2137 3393 2221 3433 ne-

653 3484 817 3545 queat
849 3472 1056 3527 Domini
1112 3470 1418 3540 promissio,
1446 3469 1566 3522 ideo
1596 3468 1800 3522 dictum
1825 3483 1965 3532 esse,
2001 3486 2019 3519 ι
2061 3467 2229 3524 llodie

653 3582 866 3621 mecum
895 3566 1002 3618 eris
1027 3565 1079 3617 itt
1114 3562 1397 3632 paradiso.
1444 3579 1462 3611 ι
1498 3560 1591 3615 Est
1617 3561 1762 3614 enim
1793 3569 1846 3614 et
1877 3559 1993 3615 hanc
2021 3563 2232 3630 species

653 3662 919 3730 phraseos
949 3658 1000 3709 in
1025 3656 1204 3709 verbis
1237 3652 1556 3717 Dominicis,
1582 3661 1639 3706 ut
1661 3651 1729 3706 de
1763 3650 1956 3707 futuris
1979 3652 2232 3722 loquatur

656 3765 910 3820 tanquam
966 3750 1031 3802 de
1091 3747 1176 3800 his
1225 3759 1345 3814 qua:
1388 3744 1501 3812 jam
1561 3743 1693 3797 fiant
1731 3761 1745 3797 :
1781 3753 1838 3797 ut
1895 3760 2018 3798 cunt
2053 3745 2226 3799 dicit:

658 3866 677 3896 ι
716 3844 817 3908 Qui
845 3858 947 3892 non
982 3841 1177 3900 credit,
1209 3852 1318 3903 1am
1345 3836 1618 3906 judicatus
1635 3844 1715 3888 est
1748 3835 1792 3865 ³⁵
1841 3853 1859 3885 ι
1899 3843 1951 3889 et
1972 3851 2225 3890 rursum:

657 3955 675 3987 ι
709 3935 808 4001 Qui
841 3947 1116 3988 sermones
1137 3929 1521 3985 meosauditet
1549 3928 1739 3988 credit.
1765 3928 1814 3979 in
1838 3927 2100 3996 judicium
2123 3943 2230 3983 non

651 4029 818 4091 venit,
854 4027 944 4079 sed
983 4024 1232 4078 transivit
1265 4021 1330 4076 de
1366 4028 1536 4073 morte
1567 4017 1619 4072 in
1651 4018 1818 4072 vitam
1841 4019 1907 4072 ³⁷.
1949 4037 1967 4069 ι
1991 4019 2094 4073 Alii
2131 4033 2231 4072 au-

650 4133 755 4176 teut
784 4126 1033 4186 torquent
1074 4115 1319 4176 verbum,
1354 4121 1609 4182 punctum
1642 4110 1902 4164 facientes
1923 4120 2043 4179 post
2081 4128 2100 4162 ι
2134 4112 2230 4166 lto-

653 4217 767 4278 die,
807 4229 825 4262 ι
865 4223 922 4263 ιιι
947 4211 1019 4262 sit
1051 4209 1097 4261 is
1138 4222 1329 4262 sensus
1358 4206 1510 4266 dicti,
1546 4222 1563 4253 t
1603 4203 1776 4257 Amen
1811 4207 1934 4258 dico
2000 4205 2093 4259 tibi
2136 4207 2231 4258 lto-

650 4307 784 4359 die;
823 4321 840 4354 ι
878 4300 1094 4363 deinde,
1138 4318 1154 4350 t
1188 4297 1394 4351 Mecum
1449 4311 1558 4349 eris
1605 4295 1656 4348 in
1711 4296 1981 4363 paradiso,
2021 4316 2038 4347 ι
2095 4296 2230 4365 adji-

651 4401 874 4454 cieutes.
909 4395 1136 4460 Quidam
1178 4405 1326 4453 vero,
1352 4390 1442 4458 qui
1479 4388 1711 4441 maxime
1742 4402 1959 4442 sensum
2013 4389 2228 4458 assequi

651 4493 754 4546 v;si
805 4500 952 4551 sunt,
985 4488 1063 4540 sic
1104 4494 1426 4552 exponunt:
1469 4480 1816 4547 ltcpromissa
1879 4481 2034 4534 nobis
2090 4483 2228 4534 bona

2342 611 2542 664 ἄτοπον
2590 609 2812 682 ἔπραξε.
2863 612 2970 664 Καὶ
3022 611 3178 679 ἔλεγε
3239 610 3316 681 τῷ
3366 610 3583 679 Ἰησοῦ·
3637 610 3925 679 Μνήσθητί

2347 721 2471 774 μου,
2509 705 2699 773 Κύριε,
2739 707 2866 757 ὅταν
2922 704 3080 773 ἔλθῃς
3135 706 3191 755 ἐν
3236 707 3300 771 τῇ
3361 701 3609 774 βασιλείᾳ
3664 718 3782 753 σου.
3820 701 3927 753 Καὶ

2344 793 2498 848 εἶπεν
2525 797 2671 864 αὑτῷ
2697 799 2722 848 ὁ
2755 795 2984 865 Ἰησοῦςο
3006 796 3181 864 ’Λμὴν
3221 797 3364 862 λέγω
3396 812 3498 855 σοι,
3539 796 3784 863 σήμερον
3809 792 3925 860 μετ’

2344 889 2478 955 ἐμοῦ
2508 889 2604 959 ἔσῃ
2639 891 2694 940 ἐν
2759 891 2834 959 τῷ
2865 889 3205 958 παραδείσῳ.
3255 908 3271 938 ι
3337 889 3458 949 Πῶς
3509 883 3600 939 οῦν
3641 888 3691 940 oi
3752 888 3926 954 ἕτεροι

2347 980 2735 1048 εὑαγγελισταὶ
2764 983 2886 1044 τοὺς
2935 981 3028 1033 δύο
3055 980 3254 1052 λῃστάς
3291 997 3422 1048 φασι
3468 983 3799 1048 κατηγορεῖν
3832 979 3928 1032 αὖ-

2344 1070 2472 1136 τοῦ;
2508 1072 2596 1122 Ἐν
2621 1073 2760 1142 ἀρχῇ
2806 1073 2905 1141 μὲν
2932 1072 3077 1132 εἰκὸς
3105 1072 3232 1132 τοὺς
3258 1070 3350 1122 δύο
3385 1073 3716 1138 κατηγορεῖν
3740 1069 3924 1133 αὐτοῦ,

2342 1157 2460 1215 εἶτα
2501 1164 2589 1216 τὸν
2637 1164 2825 1233 ἓτερον
2864 1166 3044 1217 αὐτῶν
3100 1165 3364 1232 ἀγχίνουν
3427 1163 3577 1224 ὄντα,
3628 1163 3926 1228 ἐπιγνῶναι

2343 1256 2440 1324 τὴν
2484 1258 2657 1327 Ἰησοῦ
2708 1258 3017 1327 ἀγαΟότητα
3052 1257 3145 1311 καὶ
3195 1257 3427 1323 Οεότητα
3478 1259 3542 1309 ἐκ
3573 1256 3670 1322 τῆς,
3719 1255 3926 1323 φωνῆς,

2342 1341 2408 1417 ἧς
2445 1349 2686 1400 ἐποιεῖτο
2717 1349 2854 1417 ὑπὲρ
2877 1349 2984 1401 τῶν
3016 1348 3414 1418 σταυρούντων,
3451 1365 3468 1397 t
3505 1347 3708 1415 Πάτερ,
3733 1346 3923 1413 λέγων,

2342 1443 2478 1509 ﬁgas;
2511 1444 2716 1504 αὐτοῖς.
2754 1462 2770 1493 ι
2815 1443 2891 1494 Οὐ
2929 1443 3092 1511 μόνον
3125 1442 3235 1512 γὰρ
3267 1442 3448 1512 πάσης
3484 1441 3926 1510 -ςριλανθρωπίας

2344 1534 2528 1604 γέμει,
2558 1533 2698 1588 ἀλλὰ
2752 1535 2846 1587 καὶ
2894 1534 3187 1587 αὐθεντίαν
3242 1534 3441 1604 πολλὴν
3495 1535 3834 1586 ἐνδείκνυται
3891 1535 3922 1601 ή

2346 1629 2514 1694 φωνή.
2551 1628 2624 1680 Οὐ
2650 1627 2758 1697 γὰρ
2790 1622 2930 1690 εἷπε,
2976 1627 3169 1696 Κύριε,
3203 1627 3528 1694 παρακαλῶ,
3561 1628 3695 1693 ἄφες
3719 1627 3924 1689 αὐτοῖς,

2344 1717 2459 1770 ἀλλ’
2518 1718 2706 1780 ἁπλῶς
2765 1718 2939 1781 οὕτως
3001 1720 3094 1770 καὶ
3143 1718 3588 1783 ἐξονσιαστικῶς,
3649 1736 3666 1768 t
3722 1719 3925 1788 Πᾶτερ,

2346 1809 2479 1878 ἄφες
2513 1812 2717 1873 αὐτοῖς.
2761 1829 2778 1861 ι
2825 1811 2918 1863 Ἐκ
2945 1811 3150 1881 ταύτης
3191 1807 3284 1864 οῦν
3320 1812 3416 1879 τῆς
3451 1810 3637 1878 φωνῆς
3667 1811 3926 1877 ἐπιγνοὺς

2345 1904 2372 1956 ὁ
2403 1905 2666 1974 πρότερον
2698 1905 3038 1974 βλάσφημος,
3067 1905 3156 1956 τὸν
3191 1903 3401 1972 Ἰησοῦν
3456 1903 3718 1971 ἀληθινὸν
3769 1902 3925 1972 βασι-

2344 1996 2439 2049 λέα
2488 1997 2862 2063 ἐπιγινώσκει,
2895 1998 3238 2067 ἐπιστομίζει
3270 1997 3324 2049 δὲ
3350 1997 3444 2049 καὶ
3492 1997 3584 2048 τὸν
3617 1997 3808 2067 ἕτερον
3840 1996 3927 2063 λῃ.

2347 2089 2496 2159 στὴν,
2528 2091 2617 2139 καὶ
2651 2088 2787 2158 πρὸς
2814 2090 2901 2141 τὶν
2949 2088 3160 2156 Ἰησοῦν
3206 2088 3351 2155 λέγει
3386 2103 3398 2115 ·
3443 2107 3461 2139 ι
3500 2088 3789 2156 Μνήσθητί
3827 2104 3926 2156 μου

2346 2183 2403 2232 ἐν
2451 2181 2514 2248 τῇ
2561 2179 2810 2251 βασιλεία
2835 2198 2951 2233 σου.
2988 2199 3005 2231 ι
3042 2179 3106 2232 Τί
3133 2179 3225 2232 οῦν
3255 2182 3280 2232 ὁ
3316 2180 3517 2249 Κύριος
3549 2197 3562 2243 ;
3599 2198 3615 2230 ι
3679 2180 3927 2248 Σήμερον

2348 2274 2464 2344 μετ’
2499 2274 2634 2343 ἐμοῦ
2685 2274 2784 2346 ἔσῃ
2830 2276 2887 2326 ἐν
2936 2274 3012 2342 τῷ
3055 2274 3384 2344 παραδείσῳ.
3425 2292 3442 2324 ι
3513 2274 3600 2335 Ὠς
3657 2273 3757 2342 μέν
3819 2272 3929 2342 γὰρ

2344 2366 2652 2437 ἄνθρωπος,
2711 2369 2768 2418 ἐν
2823 2366 3076 2436 σταυρῷ,
3130 2366 3206 2430 ὡς
3256 2365 3313 2418 δέ
3365 2365 3496 2428 Θεὸς
3527 2407 3541 2428 ,
3602 2365 3925 2434 πανταχοῦ,

2352 2460 2533 2520 κάκεῖ,
2569 2461 2670 2512 κάν
2703 2459 2781 2528 τῷ
2816 2459 3156 2529 παραδείσῳ,
3186 2459 3365 2512 πάντα
3414 2457 3658 2527 πληρῶν,
3690 2458 3786 2510 καὶ
3824 2472 3929 2526 μη·

2343 2550 2513 2620 δαμοῦ
2569 2549 2663 2605 ὥν.
2717 2554 3021 2622 Ζητήσουσι
3072 2552 3130 2605 δέ
3180 2567 3360 2614 τινες·
3395 2552 3517 2613 Πῶς
3570 2550 3665 2602 τοῦ
3720 2549 3925 2619 Κυρίου

2343 2643 2595 2712 λέγοντος
2659 2645 2737 2714 τῷ
2786 2645 2999 2715 λῃστῇ,
3064 2664 3082 2696 t
3146 2646 3404 2715 Σήμερον
3460 2645 3577 2714 μετ’
3630 2643 3766 2713 ἐμοῦ
3830 2644 3926 2712 ἔσῃ

2345 2737 2401 2787 ἐν
2449 2738 2525 2804 τῷ
2595 2737 2948 2807 παραδείσῳ,
3007 2756 3023 2788 ι
3081 2737 3108 2788 ὁ
3176 2736 3389 2799 Παῦλος
3453 2736 3598 2805 ἔφη’
3663 2755 3680 2785 t
3739 2735 3926 2797 Οὐδεὶς

2343 2827 2450 2878 τῶν
2483 2826 2653 2894 ἁγίων
2681 2827 2982 2895 ἐκομίσατο
3007 2828 3107 2899 τὴν
3137 2827 3475 2897 ἐπαγγελίαν
3505 2845 3535 2894 ;.
3569 2848 3587 2879 ι
3625 2828 3736 2881 Καί
3785 2844 3926 2890 τινες
3963 2839 3976 2848 ³

2342 2919 2612 2986 λέγουσιν,
2639 2921 2720 2972 ὅτι
2747 2923 2774 2973 ὁ
2797 2921 3119 2984 Ἀπόστολος
3141 2923 3203 2973 οὐ
3230 2924 3358 2991 περὶ
3378 2922 3594 2975 πάντων
3623 2922 3728 2975 τῶν
3755 2920 3923 2990 ἁγίων

2342 3012 2661 3081 ἀπεφήνατο
2721 3013 2780 3064 τὸ
2842 3012 2916 3082 μὴ
2976 3013 3313 3081 κομίσασθαι
3382 3017 3481 3083 τὴν
3540 3014 3920 3081 ἐπαγγελίαν,

2341 3103 2489 3157 ἀλλὰ·
2533 3105 2660 3174 περὶ
2728 3099 2803 3156 ὧν
2863 3105 3294 3176 ἀπηριθμήσατο
3360 3108 3558 3176 μόνον·
3607 3105 3921 3175 ἀπηριθμή-

2343 3213 2473 3251 σατο
2500 3196 2555 3249 δέ
2583 3197 2776 3260 ἄλλους
2809 3197 2908 3267 μὲν
2936 3198 3182 3265 πολλοὺς,
3207 3198 3300 3250 τοῦ
3331 3198 3386 3250 δὲ
3422 3197 3617 3268 λῃστοῦ
3653 3197 3771 3249 οὐδὲ
3793 3197 3919 3248 ἐπε-

2340 3291 2570 3362 μνήσθη.
2612 3292 2810 3344 Ἄκουε
2843 3291 2951 3361 γὰρ
2986 3292 3038 3343 τί
3079 3309 3242 3360 φησιν
3271 3308 3284 3320 ·
3350 3287 3511 3345 Οὗτοι
3545 3291 3769 3353 πάντες,
3813 3288 3920 3342 δει-

2335 3385 2538 3447 κτικῶς
2567 3385 2700 3453 πρὸς
2741 3388 2864 3444 τοὺς
2924 3385 3416 3455 ἀπηριθμημένους
3457 3385 3549 3437 τὸν
3590 3385 3747 3451 λόγον
3789 3385 3918 3437 ἀνα-

2335 3477 2536 3546 φέρων,
2566 3470 2646 3539 οἷς
2698 3477 2726 3528 ὁ
2770 3475 2967 3546 λῃστὴς
3017 3478 3077 3528 οὐ
3135 3477 3560 3546 συνηρίϐμηται.
3599 3477 3819 3546 Ἐτεροι
3862 3475 3918 3528 δὲ

2333 3571 2562 3636 ἓιεαταν,
2603 3569 2683 3621 ὅτι
2740 3568 2861 3621 οὐδὲ
2915 3572 2942 3621 ό
3007 3569 3210 3638 λῃστὴς
3269 3569 3420 3622 οὔπω
3473 3570 3628 3640 ἔτυχε
3699 3571 3797 3639 τῆς
3861 3571 3920 3622 ἐν

2331 3659 2410 3729 τῷ
2456 3657 2771 3728 παραδείσῳ
2812 3658 3089 3728 διαγωγῆς
3121 3699 3134 3720 ,
3179 3658 3293 3711 ἀλλ’
3335 3659 3525 3729 ἐπειδὴ
3585 3660 3917 3729 ἁμετάὃετος

2332 3753 2426 3804 καὶ
2496 3750 2852 3820 ἀδιάψευστος
2914 3754 2945 3820 ἡ
3013 3751 3106 3803 τοῦ
3165 3752 3367 3821 Κυρίου
3428 3753 3772 3821 ὑπόσχεσις,
3829 3752 3917 3808 διὰ

2331 3843 2491 3896 τοῦτο
2531 3844 2746 3912 εἴρηται
2773 3843 2853 3907 τὸ,
2890 3860 2906 3892 ι
2947 3843 3194 3911 Σήμερον
3233 3845 3349 3913 μετ’
3401 3845 3534 3914 ἐμοῦ
3581 3845 3680 3915 ἔσῃ
3737 3848 3796 3897 ἐν
3844 3845 3921 3916 τῷ

2333 3936 2665 4007 παραδείσῳ.
2721 3954 2738 3986 ι
2780 3936 2935 3987 Ἐστι
2976 3938 3082 4005 γὰρ
3123 3937 3216 3988 καὶ
3256 3936 3498 3989 τοιοῦτον
3531 3933 3694 4000 εἶδος,
3731 3941 3912 4006 φασιν,

2333 4031 2391 4081 ἐν
2413 4031 2525 4091 τοῖς
2569 4028 2664 4081 τοῦ
2701 4028 2907 4097 Κυρίου
2945 4029 3210 4096 ῥήμασιν,
3261 4031 3318 4080 ἐν
3367 4023 3444 4092 οἷς
3497 4031 3764 4098 περὶτῶν
3795 4031 3914 4083 ἔσε-

2335 4122 2459 4174 σθαι
2481 4123 2805 4190 μελλόντων,
2836 4121 2909 4182 ὼς
2933 4121 3033 4191 ἤδη
3055 4124 3362 4191 γενομένων
3388 4123 3663 4186 διέξεισιν.
3685 4125 3771 4187 Ὠς
3793 4127 3917 4178 ὅταν

2332 4216 2494 4286 λέγει’
2536 4236 2554 4265 ι
2580 4216 2638 4268 '0
2672 4216 2746 4285 μὴ
2779 4215 3073 4276 πιστεύων,
3107 4216 3206 4285 ἤδη
3253 4216 3526 4285 κέκριται,
3566 4237 3582 4268 ι
3617 4222 3714 4272 καὶ
3736 4221 3918 4273 πάλιν·

2341 4329 2358 4360 ι
2380 4309 2438 4360 '0
2458 4307 2567 4360 τῶν
2597 4307 2770 4374 λόγων
2805 4325 2902 4376 μου
2930 4306 3167 4369 ἀκούων,
3194 4309 3287 4360 καὶ
3312 4311 3607 4373 πιστεύων,
3637 4315 3717 4371 εἰς
3743 4314 3919 4382 κρίσιν

2333 4398 2432 4449 οὐκ
2451 4396 2696 4465 ἔρχεται,
2722 4396 2855 4450 ἀλλὰ
2908 4397 3293 4466 μεταϐέϐηκεν
3332 4400 3396 4451 ἐκ
3419 4399 3516 4451 τοῦ
3547 4401 3785 4454 θανάτου
3843 4406 3918 4466 εἰς

2332 4488 2432 4559 τὴν
2457 4489 2854 4558 ζωήν.ι⁰Δλλοι
2882 4489 2937 4541 δὲ
2970 4488 3318 4553 ἐκϐιάζονται
3349 4493 3408 4544 τὺ
3441 4494 3616 4562 ῥῆμα,
3642 4496 3915 4561 στίξοντες

652 4602 758 4640 non
814 4595 940 4636 sunt
985 4581 1262 4644 ingressus
1312 4576 1364 4627 in
1407 4574 1740 4642 paradisum,
1767 4573 1848 4626 vel
1871 4573 2096 4639 reditus,
2129 4575 2222 4627 sed

2339 4583 2409 4643 είς
2460 4583 2516 4635 τὸ
2582 4599 2600 4632 t
2636 4583 2902 4651 Σήμερον,
2945 4600 2963 4631 ι
3009 4578 3132 4654 ἵν⁹ᾖ
3185 4583 3244 4635 τὸ
3284 4584 3578 4652 λεγόμενον
3628 4589 3874 4643 τοιοῦτον
3903 4608 3916 4622 ·

652 4697 665 4732 ι
693 4691 872 4748 :gnnm
901 4673 1157 4725 cmlorum
1184 4683 1196 4718 :
1227 4666 1367 4719 unde
1384 4677 1692 4725 etoramus,
1732 4681 1749 4712 ι
1785 4662 1978 4716 Veniat
2002 4677 2224 4732 regnum

654 4781 807 4822 mum
835 4765 904 4828 "‘,
940 4781 957 4812 ι
1010 4776 1113 4813 non
1148 4756 1487 4809 conversatio
1516 4755 1602 4806 illa
1637 4755 1687 4806 in
1740 4756 2005 4822 paradiso.
2043 4754 2228 4823 Neque

647 4863 796 4920 enim
827 4857 962 4914 mihi
996 4855 1141 4908 dicat
1165 4850 1358 4918 aliquis
1409 4847 1552 4915 quod
1590 4847 1730 4900 idem
1763 4849 1833 4900 sit
1867 4850 2152 4918 paradisus
2174 4857 2229 4904 et

651 4967 895 5025 regnum.
928 4950 1073 5003 Bona
1127 4946 1269 4999 enim
1339 4942 1487 5009 regni
1524 4959 1542 4990 ι
1592 4953 1763 5007 neque
1803 4930 1951 4994 anns
2002 4945 2227 5005 audivit,

653 5063 825 5116 neque
855 5043 1040 5098 oculus
1069 5039 1222 5101 vidit,
1250 5050 1423 5104 neque
1453 5036 1503 5086 in
1537 5048 1630 5086 θοι·
1667 5033 1903 5086 hominis
1966 5042 2228 5089 ascende-

655 5153 777 5195 runt
804 5140 874 5192 δ’.
916 5155 935 5189 ι
977 5132 1293 5187 Paradisum
1320 5137 1500 5180 autem
1532 5135 1585 5178 et
1617 5125 1805 5178 oculus
1837 5127 1965 5178 Adae
1996 5126 2148 5192 vidit,
2182 5137 2236 5181 et

651 5235 799 5284 auris
822 5229 1024 5281 audivit
1054 5225 1121 5277 de
1149 5236 1234 5275 eo.
1272 5238 1289 5270 t
1329 5221 1401 5272 De
1435 5219 1683 5271 omnibus
1709 5220 1849 5270 enim
1884 5219 2062 5288 lignis,
2104 5239 2122 5271 ι
2152 5224 2234 5273 in-

651 5325 788 5392 quit,
814 5338 830 5370 t
852 5334 970 5388 quae
1000 5325 1125 5369 sunt
1155 5313 1210 5366 in
1240 5313 1508 5380 paradiso,
1530 5312 1693 5363 edens
1715 5312 1934 5363 comede
1955 5311 2017 5361 ⁸ο.
2049 5330 2066 5362 ι
2099 5309 2232 5364 Nam

652 5419 778 5470 licet
814 5425 975 5464 unum
1014 5421 1219 5460 tantum
1251 5404 1454 5472 lignum
1505 5400 1850 5455 interdictum
1888 5404 1958 5457 sit
2015 5405 2114 5467 eis,
2155 5417 2232 5457 ta-

653 5523 773 5562 men
809 5516 860 5557 et
896 5506 1067 5572 ipsum
1096 5502 1440 5558 viderunl,et
1467 5493 1533 5548 dc
1568 5495 1686 5562 ipso
1733 5497 2037 5550 audierunt.
2063 5499 2128 5550 lit
2181 5501 2230 5552 itt

1265 5640 1308 5671 “
1337 5637 1492 5694 Joan.
1520 5651 1603 5703 ιιι,
1637 5638 1722 5692 l8.

722 5654 766 5684 ³³
799 5651 965 5704 llcbr.
1004 5661 1063 5709 ιι,
1102 5643 1186 5696 l3.
1265 5640 1308 5671 "
1337 5640 1492 5694 Joan.
1520 5651 1603 5703 ιιι,
1637 5640 1722 5692 l8.
1801 5640 1844 5671 ³⁷
1871 5641 2026 5697 Joau.
2059 5660 2107 5710 ν,
2131 5649 2222 5702 ΞΗ.

2304 5657 2346 5688 ³⁸
2379 5657 2571 5711 Matth.
2607 5672 2677 5719 vt,
2715 5655 2798 5708 l0.

2342 4695 2359 4727 t
2383 4675 2557 4744 Ἀμὴν
2577 4673 2719 4740 λέγω
2742 4673 2824 4725 σοὶ
2846 4674 3104 4744 σήμερον’
3138 4693 3156 4724 ι
3197 4670 3316 4728 εἶτα
3346 4677 3426 4738 τὸ,
3464 4696 3482 4728 ι
3509 4681 3625 4746 μετ’
3656 4683 3790 4749 ἐμοῦ
3825 4686 3918 4754 ἔσῃ

2336 4770 2393 4818 ἐν
2419 4766 2494 4835 τῷ
2532 4766 2863 4835 παραδείσῳ,
2906 4786 2922 4816 ι
2945 4766 3321 4837 ἐπιφέροντες.
3351 4768 3502 4833 Τινὲς
3530 4771 3588 4824 δὲ
3608 4775 3657 4825 οἱ
3685 4775 3916 4842 μάλιστα

2334 4861 2610 4930 ἐπιτυχεῖν
2637 4861 2910 4924 δόξαντες,
2949 4859 3119 4921 οὕτως
3156 4862 3479 4932 ἐξηγοῦνται
3505 4883 3517 4896 ·
3547 4867 3628 4920 ’νὰ
3654 4869 3921 4941 ἐπηγγελ-

2339 4954 2477 5023 μένα
2507 4955 2635 5022 ἡμῖν
2671 4953 2849 5021 ἀγαθὰ
2904 4956 3006 5006 οὐκ
3053 4956 3132 5018 είς
3177 4957 3269 5008 τὸν
3294 4959 3627 5028 παράδεισον
3673 4963 3916 5038 διαγωγή

2334 5047 2480 5098 ἐστιν
2512 5046 2541 5116 ἢ
2579 5046 2838 5108 ἐπάνοδος
2867 5047 2910 5112 (1
2931 5047 2999 5116 l),
3031 5047 3146 5099 ἀλλ’
3172 5050 3201 5116 ή
3225 5047 3468 5115 βασιλεία
3501 5055 3607 5104 τῶν
3633 5058 3880 5124 οὐρανῶν
3903 5077 3913 5088 ·

2333 5137 2495 5191 Ὅθεν
2518 5139 2612 5190 καὶ
2633 5142 3068 5208 προσευχομεϐα,
3107 5160 3124 5191 ι
3149 5142 3381 5197 Ἐλοέτω
3410 5148 3440 5213 ή
3467 5146 3718 5212 βασιλεία
3750 5169 3865 5211 cna,
3894 5175 3908 5202 ι

2331 5230 2428 5299 οὐχ
2457 5231 2488 5298 ή
2513 5231 2604 5281 ἐπί
2635 5231 2725 5282 τοῦ
2758 5233 3084 5301 παραδείσου
3117 5235 3390 5306 διατριϐή.
3427 5239 3518 5308 Mr;
3541 5245 3646 5310 γὰρ
3675 5261 3763 5311 μοι
3788 5251 3912 5316 φαίη

2331 5338 2433 5386 τις,
2467 5323 2547 5373 ὅτι
2578 5324 2774 5374 ταυτὸν
2823 5327 3150 5394 παράδεισος
3220 5336 3312 5382 καὶ
3370 5334 3642 5402 βασιλεία.
3688 5339 3764 5390 T'z
3820 5346 3913 5408 μὲν

2330 5418 2438 5485 γὰρ
2469 5417 2646 5482 ἀγαθὰ
2705 5419 2800 5486 τῆς
2837 5420 3112 5487 βασιλείας
3177 5427 3303 5476 ούτε
3349 5425 3441 5489 οῦς
3502 5429 3758 5498 ἡκουσεν,
3792 5433 3911 5484 οὔτε

2330 5510 2605 5579 ὀροαλμὸς
2634 5507 2790 5578 εἶδεν,
2826 5513 2947 5564 οῦτε
2978 5516 3069 5566 ἐπὶ
3121 5518 3350 5586 καρδίαν
3385 5521 3678 5589 ἀνθρώπου
3703 5527 3866 5596 ἁνεῦη
3895 5538 3910 5557 ⁸

2879 5656 2921 5687 ³⁹
2959 5656 2974 5708 l
3005 5657 3130 5712 Cor.
3158 5675 3219 5728 tt,
3254 5659 3307 5713 6.
3386 5661 3433 5692 “
3462 5662 3601 5718 Gen.
3639 5679 3698 5731 ιι,
3730 5664 3812 5721 l6.

1603 5779 1692 5838 Ex
1727 5777 2069 5842 collatione
2104 5780 2290 5842 codd.
2335 5782 2562 5841 Venet.
2599 5780 2656 5840 S.
2697 5779 2918 5841 Marci.

723 5911 833 5982 (ll)
876 5910 1007 5968 Cod.
1037 5911 1123 5977 30,
1167 5907 1366 5972 εἴσοδός
1400 5909 1543 5960 ἐστιν
1575 5906 1606 5978 ἢ
1638 5905 1910 5970 ἐπάνοδος.

4023 4723 4031 4993 ι
