  <div class='ocr_page' id='page_1' title='image "/cluster/home/n/w/nwhite01/storage/ocr_20150623/123/pst.000005714384/575.png"; bbox 0 0 4100 6334; ppageno 0'>
   <div class='ocr_carea' id='block_1_1' title="bbox 635 281 770 348">
    <p class='ocr_par' dir='ltr' id='par_1_1' title="bbox 635 281 770 348">
     <span class='ocr_line' id='line_1_1' title="bbox 635 281 770 348; baseline 0.022 -3"><span class='ocrx_word' id='word_1_1' title='bbox 635 281 770 348; x_wconf 79' lang='grc'><strong>1107</strong></span> 
     </span>
    </p>
   </div>
   <div class='ocr_carea' id='block_1_2' title="bbox 1517 283 2958 348">
    <p class='ocr_par' dir='ltr' id='par_1_2' title="bbox 1517 283 2958 348">
     <span class='ocr_line' id='line_1_2' title="bbox 1517 283 2958 348; baseline 0 -2"><span class='ocrx_word' id='word_1_2' title='bbox 1517 283 2102 348; x_wconf 81' lang='lat' dir='ltr'><strong>THEOPHYLACTI</strong></span> <span class='ocrx_word' id='word_1_3' title='bbox 2146 283 2558 346; x_wconf 73' lang='lat' dir='ltr'><strong>BULGARLE</strong></span> <span class='ocrx_word' id='word_1_4' title='bbox 2596 284 2958 348; x_wconf 78' lang='lat' dir='ltr'><strong>ARCHIEP.</strong></span> 
     </span>
    </p>
   </div>
   <div class='ocr_carea' id='block_1_3' title="bbox 3744 272 3874 340">
    <p class='ocr_par' dir='ltr' id='par_1_3' title="bbox 3744 272 3874 340">
     <span class='ocr_line' id='line_1_3' title="bbox 3744 272 3874 340; baseline -0.031 0"><span class='ocrx_word' id='word_1_5' title='bbox 3744 274 3768 340; x_wconf 81' lang='grc'><strong>1</strong></span> <span class='ocrx_word' id='word_1_6' title='bbox 3783 272 3874 336; x_wconf 67' lang='grc' dir='ltr'>ἱθϐ</span> 
     </span>
    </p>
   </div>
   <div class='ocr_carea' id='block_1_4' title="bbox 629 386 2176 467">
    <p class='ocr_par' dir='ltr' id='par_1_4' title="bbox 629 393 2175 466">
     <span class='ocr_line' id='line_1_4' title="bbox 629 393 2175 466; baseline 0 -18"><span class='ocrx_word' id='word_1_7' title='bbox 629 394 811 463; x_wconf 79' lang='lat' dir='ltr'><strong>Pater,</strong></span> <span class='ocrx_word' id='word_1_8' title='bbox 853 395 906 451; x_wconf 86' lang='lat' dir='ltr'><strong>in</strong></span> <span class='ocrx_word' id='word_1_9' title='bbox 941 410 1133 452; x_wconf 83' lang='lat' dir='ltr'><strong>manus</strong></span> <span class='ocrx_word' id='word_1_10' title='bbox 1156 405 1274 452; x_wconf 87' lang='lat' dir='ltr'><strong>tuas</strong></span> <span class='ocrx_word' id='word_1_11' title='bbox 1314 397 1634 452; x_wconf 82' lang='lat' dir='ltr'><strong>commendo</strong></span> <span class='ocrx_word' id='word_1_12' title='bbox 1654 397 1899 466; x_wconf 74' lang='lat' dir='ltr'><strong>spiritum</strong></span> <span class='ocrx_word' id='word_1_13' title='bbox 1926 410 2100 448; x_wconf 90' lang='lat' dir='ltr'><strong>meum</strong></span> <span class='ocrx_word' id='word_1_14' title='bbox 2129 393 2175 425; x_wconf 75' lang='lat'><strong>&quot;</strong></span> 
     </span>
    </p>
   </div>
   <div class='ocr_carea' id='block_1_5' title="bbox 2281 386 3874 467">
    <p class='ocr_par' dir='ltr' id='par_1_5' title="bbox 2300 386 3874 467">
     <span class='ocr_line' id='line_1_5' title="bbox 2300 386 3874 467; baseline -0.006 -18"><span class='ocrx_word' id='word_1_15' title='bbox 2300 395 2488 467; x_wconf 84' lang='grc' dir='ltr'>χεῖράς</span> <span class='ocrx_word' id='word_1_16' title='bbox 2537 413 2632 448; x_wconf 88' lang='grc' dir='ltr'><strong>σου</strong></span> <span class='ocrx_word' id='word_1_17' title='bbox 2669 393 3013 466; x_wconf 87' lang='grc' dir='ltr'>παρατίθημι</span> <span class='ocrx_word' id='word_1_18' title='bbox 3059 393 3122 447; x_wconf 76' lang='grc' dir='ltr'>τὸ</span> <span class='ocrx_word' id='word_1_19' title='bbox 3165 391 3380 463; x_wconf 78' lang='grc' dir='ltr'>πνεῦμά</span> <span class='ocrx_word' id='word_1_20' title='bbox 3413 407 3537 462; x_wconf 86' lang='grc' dir='ltr'>μου.</span> <span class='ocrx_word' id='word_1_21' title='bbox 3569 388 3684 443; x_wconf 73' lang='grc' dir='ltr'><strong>Καὶ</strong></span> <span class='ocrx_word' id='word_1_22' title='bbox 3707 386 3874 440; x_wconf 79' lang='grc' dir='ltr'>ταῦτα</span> 
     </span>
    </p>
   </div>
   <div class='ocr_carea' id='block_1_6' title="bbox 630 485 2194 558">
    <p class='ocr_par' dir='ltr' id='par_1_6' title="bbox 630 485 2194 558">
     <span class='ocr_line' id='line_1_6' title="bbox 630 485 2194 558; baseline 0.001 -18"><span class='ocrx_word' id='word_1_23' title='bbox 630 485 696 542; x_wconf 80' lang='lat' dir='ltr'><strong>Et</strong></span> <span class='ocrx_word' id='word_1_24' title='bbox 719 487 832 543; x_wconf 72' lang='lat' dir='ltr'><strong>haec</strong></span> <span class='ocrx_word' id='word_1_25' title='bbox 859 501 980 542; x_wconf 92' lang='lat' dir='ltr'><strong>cum</strong></span> <span class='ocrx_word' id='word_1_26' title='bbox 1011 487 1254 551; x_wconf 87' lang='lat' dir='ltr'><strong>dixisset,</strong></span> <span class='ocrx_word' id='word_1_27' title='bbox 1287 487 1748 558; x_wconf 84' lang='lat' dir='ltr'><strong>exspiravit.Cum</strong></span> <span class='ocrx_word' id='word_1_28' title='bbox 1770 486 1989 542; x_wconf 78' lang='lat' dir='ltr'><strong>vidisset</strong></span> <span class='ocrx_word' id='word_1_29' title='bbox 2016 496 2194 542; x_wconf 86' lang='lat' dir='ltr'><strong>autem</strong></span> 
     </span>
    </p>
   </div>
   <div class='ocr_carea' id='block_1_7' title="bbox 627 579 2191 650">
    <p class='ocr_par' dir='ltr' id='par_1_7' title="bbox 627 579 2191 650">
     <span class='ocr_line' id='line_1_7' title="bbox 627 579 2191 650; baseline 0.001 -16"><span class='ocrx_word' id='word_1_30' title='bbox 627 579 873 634; x_wconf 88' lang='lat' dir='ltr'><strong>centurio</strong></span> <span class='ocrx_word' id='word_1_31' title='bbox 923 579 1066 648; x_wconf 88' lang='lat' dir='ltr'><strong>quod</strong></span> <span class='ocrx_word' id='word_1_32' title='bbox 1115 580 1351 644; x_wconf 90' lang='lat' dir='ltr'><strong>accidit,</strong></span> <span class='ocrx_word' id='word_1_33' title='bbox 1399 580 1723 650; x_wconf 76' lang='lat' dir='ltr'><strong>glorificavit</strong></span> <span class='ocrx_word' id='word_1_34' title='bbox 1764 579 1955 639; x_wconf 88' lang='lat' dir='ltr'><strong>Deum.</strong></span> <span class='ocrx_word' id='word_1_35' title='bbox 1988 581 2191 646; x_wconf 75' lang='lat' dir='ltr'><strong>dicens,</strong></span> 
     </span>
    </p>
   </div>
   <div class='ocr_carea' id='block_1_8' title="bbox 631 669 2192 740">
    <p class='ocr_par' dir='ltr' id='par_1_8' title="bbox 631 669 2192 740">
     <span class='ocr_line' id='line_1_8' title="bbox 631 669 2192 740; baseline 0.001 -17"><span class='ocrx_word' id='word_1_36' title='bbox 631 670 766 726; x_wconf 83' lang='lat' dir='ltr'><strong>Vere</strong></span> <span class='ocrx_word' id='word_1_37' title='bbox 793 670 879 726; x_wconf 86' lang='lat' dir='ltr'><strong>hic</strong></span> <span class='ocrx_word' id='word_1_38' title='bbox 903 671 1064 727; x_wconf 89' lang='lat' dir='ltr'><strong>homo</strong></span> <span class='ocrx_word' id='word_1_39' title='bbox 1111 671 1294 740; x_wconf 82' lang='lat' dir='ltr'><strong>justus</strong></span> <span class='ocrx_word' id='word_1_40' title='bbox 1325 681 1461 728; x_wconf 87' lang='lat' dir='ltr'><strong>erat.</strong></span> <span class='ocrx_word' id='word_1_41' title='bbox 1488 669 1551 724; x_wconf 88' lang='lat' dir='ltr'><strong>Et</strong></span> <span class='ocrx_word' id='word_1_42' title='bbox 1584 686 1771 728; x_wconf 87' lang='lat' dir='ltr'><strong>omnes</strong></span> <span class='ocrx_word' id='word_1_43' title='bbox 1801 672 1972 727; x_wconf 80' lang='lat' dir='ltr'><strong>turbae</strong></span> <span class='ocrx_word' id='word_1_44' title='bbox 2007 687 2192 728; x_wconf 90' lang='lat' dir='ltr'><strong>eorum</strong></span> 
     </span>
    </p>
   </div>
   <div class='ocr_carea' id='block_1_9' title="bbox 625 760 2196 833">
    <p class='ocr_par' dir='ltr' id='par_1_9' title="bbox 625 760 2196 833">
     <span class='ocr_line' id='line_1_9' title="bbox 625 760 2196 833; baseline 0.001 -19"><span class='ocrx_word' id='word_1_45' title='bbox 625 760 713 830; x_wconf 85' lang='lat' dir='ltr'><strong>qui</strong></span> <span class='ocrx_word' id='word_1_46' title='bbox 753 761 914 817; x_wconf 81' lang='lat' dir='ltr'><strong>simul</strong></span> <span class='ocrx_word' id='word_1_47' title='bbox 939 773 1283 819; x_wconf 79' lang='lat' dir='ltr'><strong>accesserant</strong></span> <span class='ocrx_word' id='word_1_48' title='bbox 1313 764 1378 817; x_wconf 90' lang='lat' dir='ltr'><strong>ad</strong></span> <span class='ocrx_word' id='word_1_49' title='bbox 1424 762 1789 833; x_wconf 82' lang='lat' dir='ltr'><strong>spectaculum</strong></span> <span class='ocrx_word' id='word_1_50' title='bbox 1824 763 1992 828; x_wconf 88' lang='lat' dir='ltr'><strong>istud,</strong></span> <span class='ocrx_word' id='word_1_51' title='bbox 2024 772 2079 819; x_wconf 89' lang='lat' dir='ltr'><strong>et</strong></span> <span class='ocrx_word' id='word_1_52' title='bbox 2111 764 2196 817; x_wconf 88' lang='lat' dir='ltr'><strong>vi-</strong></span> 
     </span>
    </p>
   </div>
   <div class='ocr_carea' id='block_1_10' title="bbox 623 855 2193 926">
    <p class='ocr_par' dir='ltr' id='par_1_10' title="bbox 623 855 2193 926">
     <span class='ocr_line' id='line_1_10' title="bbox 623 855 2193 926; baseline 0.001 -18"><span class='ocrx_word' id='word_1_53' title='bbox 623 856 814 909; x_wconf 83' lang='lat' dir='ltr'><strong>derant</strong></span> <span class='ocrx_word' id='word_1_54' title='bbox 842 871 964 926; x_wconf 73' lang='lat' dir='ltr'><strong>quse</strong></span> <span class='ocrx_word' id='word_1_55' title='bbox 1003 855 1407 924; x_wconf 80' lang='lat' dir='ltr'><strong>contingebant,</strong></span> <span class='ocrx_word' id='word_1_56' title='bbox 1441 855 1807 926; x_wconf 87' lang='lat' dir='ltr'><strong>percutientes</strong></span> <span class='ocrx_word' id='word_1_57' title='bbox 1850 864 2065 925; x_wconf 82' lang='lat' dir='ltr'><strong>pectora</strong></span> <span class='ocrx_word' id='word_1_58' title='bbox 2096 870 2193 911; x_wconf 91' lang='lat' dir='ltr'><strong>sua</strong></span> 
     </span>
    </p>
   </div>
   <div class='ocr_carea' id='block_1_11' title="bbox 627 948 2192 1017">
    <p class='ocr_par' dir='ltr' id='par_1_11' title="bbox 627 948 2192 1017">
     <span class='ocr_line' id='line_1_11' title="bbox 627 948 2192 1017; baseline 0.002 -18"><span class='ocrx_word' id='word_1_59' title='bbox 627 948 1054 1004; x_wconf 83' lang='lat' dir='ltr'><strong>revertebantur.</strong></span> <span class='ocrx_word' id='word_1_60' title='bbox 1098 948 1325 1002; x_wconf 88' lang='lat' dir='ltr'><strong>Stabant</strong></span> <span class='ocrx_word' id='word_1_61' title='bbox 1352 960 1530 1003; x_wconf 88' lang='lat' dir='ltr'><strong>autem</strong></span> <span class='ocrx_word' id='word_1_62' title='bbox 1562 963 1751 1003; x_wconf 88' lang='lat' dir='ltr'><strong>omnes</strong></span> <span class='ocrx_word' id='word_1_63' title='bbox 1781 948 1894 1003; x_wconf 92' lang='lat' dir='ltr'><strong>noti</strong></span> <span class='ocrx_word' id='word_1_64' title='bbox 1925 948 2041 1014; x_wconf 85' lang='lat' dir='ltr'><strong>ejus</strong></span> <span class='ocrx_word' id='word_1_65' title='bbox 2065 963 2192 1017; x_wconf 86' lang='lat' dir='ltr'><strong>pro-</strong></span> 
     </span>
    </p>
   </div>
   <div class='ocr_carea' id='block_1_12' title="bbox 624 1039 2190 1110">
    <p class='ocr_par' dir='ltr' id='par_1_12' title="bbox 624 1039 2190 1110">
     <span class='ocr_line' id='line_1_12' title="bbox 624 1039 2190 1110; baseline 0.001 -17"><span class='ocrx_word' id='word_1_66' title='bbox 624 1039 730 1105; x_wconf 86' lang='lat' dir='ltr'><strong>cul,</strong></span> <span class='ocrx_word' id='word_1_67' title='bbox 771 1048 826 1094; x_wconf 91' lang='lat' dir='ltr'><strong>et</strong></span> <span class='ocrx_word' id='word_1_68' title='bbox 880 1040 1136 1096; x_wconf 86' lang='lat' dir='ltr'><strong>mulieres</strong></span> <span class='ocrx_word' id='word_1_69' title='bbox 1171 1055 1291 1110; x_wconf 68' lang='lat' dir='ltr'><strong>quae</strong></span> <span class='ocrx_word' id='word_1_70' title='bbox 1322 1053 1521 1098; x_wconf 72' lang='lat' dir='ltr'><strong>secutae</strong></span> <span class='ocrx_word' id='word_1_71' title='bbox 1547 1057 1670 1096; x_wconf 88' lang='lat' dir='ltr'><strong>eum</strong></span> <span class='ocrx_word' id='word_1_72' title='bbox 1696 1051 1850 1097; x_wconf 88' lang='lat' dir='ltr'><strong>erant</strong></span> <span class='ocrx_word' id='word_1_73' title='bbox 1880 1056 1908 1095; x_wconf 91' lang='lat' dir='ltr'><strong>a</strong></span> <span class='ocrx_word' id='word_1_74' title='bbox 1947 1041 2190 1106; x_wconf 80' lang='lat' dir='ltr'><strong>Galilaea,</strong></span> 
     </span>
    </p>
   </div>
   <div class='ocr_carea' id='block_1_13' title="bbox 621 1135 2194 1208">
    <p class='ocr_par' dir='ltr' id='par_1_13' title="bbox 621 1135 2194 1208">
     <span class='ocr_line' id='line_1_13' title="bbox 621 1135 2194 1208; baseline 0.003 -20"><span class='ocrx_word' id='word_1_75' title='bbox 621 1146 930 1204; x_wconf 76' lang='lat' dir='ltr'><strong>spectantes</strong></span> <span class='ocrx_word' id='word_1_76' title='bbox 962 1137 1096 1192; x_wconf 70' lang='lat' dir='ltr'><strong>haec.</strong></span> <span class='ocrx_word' id='word_1_77' title='bbox 1132 1156 1152 1190; x_wconf 78' lang='grc' dir='ltr'><strong>ι</strong></span> <span class='ocrx_word' id='word_1_78' title='bbox 1187 1137 1408 1206; x_wconf 78' lang='lat' dir='ltr'><strong>Signum</strong></span> <span class='ocrx_word' id='word_1_79' title='bbox 1447 1138 1760 1208; x_wconf 67' lang='lat' dir='ltr'><strong>quaerebant</strong></span> <span class='ocrx_word' id='word_1_80' title='bbox 1786 1136 2074 1207; x_wconf 83' lang='lat' dir='ltr'><strong>aliquando</strong></span> <span class='ocrx_word' id='word_1_81' title='bbox 2099 1135 2194 1192; x_wconf 85' lang='lat' dir='ltr'><strong>Ju-</strong></span> 
     </span>
    </p>
   </div>
   <div class='ocr_carea' id='block_1_14' title="bbox 620 1226 2192 1299">
    <p class='ocr_par' dir='ltr' id='par_1_14' title="bbox 620 1226 2192 1299">
     <span class='ocr_line' id='line_1_14' title="bbox 620 1226 2192 1299; baseline 0.001 -18"><span class='ocrx_word' id='word_1_82' title='bbox 620 1228 720 1282; x_wconf 68' lang='lat' dir='ltr'><strong>daai</strong></span> <span class='ocrx_word' id='word_1_83' title='bbox 754 1229 935 1283; x_wconf 81' lang='lat' dir='ltr'><strong>videre</strong></span> <span class='ocrx_word' id='word_1_84' title='bbox 965 1229 1030 1283; x_wconf 91' lang='lat' dir='ltr'><strong>de</strong></span> <span class='ocrx_word' id='word_1_85' title='bbox 1060 1229 1218 1284; x_wconf 55' lang='lat' dir='ltr'><strong>caelo.</strong></span> <span class='ocrx_word' id='word_1_86' title='bbox 1248 1226 1389 1283; x_wconf 69' lang='lat' dir='ltr'><strong>Ecce.</strong></span> <span class='ocrx_word' id='word_1_87' title='bbox 1417 1229 1579 1299; x_wconf 80' lang='lat' dir='ltr'><strong>igitur</strong></span> <span class='ocrx_word' id='word_1_88' title='bbox 1617 1228 1826 1298; x_wconf 80' lang='lat' dir='ltr'><strong>signum</strong></span> <span class='ocrx_word' id='word_1_89' title='bbox 1879 1241 2082 1295; x_wconf 89' lang='lat' dir='ltr'><strong>rarum,</strong></span> <span class='ocrx_word' id='word_1_90' title='bbox 2112 1239 2192 1284; x_wconf 81' lang='lat' dir='ltr'><strong>te-</strong></span> 
     </span>
    </p>
   </div>
   <div class='ocr_carea' id='block_1_15' title="bbox 618 1319 2190 1390">
    <p class='ocr_par' dir='ltr' id='par_1_15' title="bbox 618 1319 2190 1390">
     <span class='ocr_line' id='line_1_15' title="bbox 618 1319 2190 1390; baseline 0.004 -19"><span class='ocrx_word' id='word_1_91' title='bbox 618 1320 819 1373; x_wconf 68' lang='lat' dir='ltr'><strong>nebrat.</strong></span> <span class='ocrx_word' id='word_1_92' title='bbox 875 1319 1151 1375; x_wconf 88' lang='lat' dir='ltr'><strong>Scinditur</strong></span> <span class='ocrx_word' id='word_1_93' title='bbox 1180 1333 1360 1375; x_wconf 90' lang='lat' dir='ltr'><strong>autem</strong></span> <span class='ocrx_word' id='word_1_94' title='bbox 1405 1320 1584 1375; x_wconf 85' lang='lat' dir='ltr'><strong>velum</strong></span> <span class='ocrx_word' id='word_1_95' title='bbox 1638 1320 1842 1390; x_wconf 87' lang='lat' dir='ltr'><strong>templi,</strong></span> <span class='ocrx_word' id='word_1_96' title='bbox 1871 1323 2190 1378; x_wconf 82' lang='lat' dir='ltr'><strong>ostendente</strong></span> 
     </span>
    </p>
   </div>
   <div class='ocr_carea' id='block_1_16' title="bbox 617 1409 2188 1478">
    <p class='ocr_par' dir='ltr' id='par_1_16' title="bbox 617 1409 2188 1478">
     <span class='ocr_line' id='line_1_16' title="bbox 617 1409 2188 1478; baseline 0.003 -14"><span class='ocrx_word' id='word_1_97' title='bbox 617 1409 844 1466; x_wconf 91' lang='lat' dir='ltr'><strong>Domino</strong></span> <span class='ocrx_word' id='word_1_98' title='bbox 896 1412 1036 1478; x_wconf 91' lang='lat' dir='ltr'><strong>quod</strong></span> <span class='ocrx_word' id='word_1_99' title='bbox 1079 1426 1184 1465; x_wconf 91' lang='lat' dir='ltr'><strong>non</strong></span> <span class='ocrx_word' id='word_1_100' title='bbox 1240 1411 1378 1466; x_wconf 86' lang='lat' dir='ltr'><strong>ultra</strong></span> <span class='ocrx_word' id='word_1_101' title='bbox 1428 1412 1704 1467; x_wconf 83' lang='lat' dir='ltr'><strong>inaccessa</strong></span> <span class='ocrx_word' id='word_1_102' title='bbox 1782 1422 1940 1467; x_wconf 91' lang='lat' dir='ltr'><strong>erunt</strong></span> <span class='ocrx_word' id='word_1_103' title='bbox 1989 1411 2188 1468; x_wconf 84' lang='lat' dir='ltr'><strong>Sancta</strong></span> 
     </span>
    </p>
   </div>
   <div class='ocr_carea' id='block_1_17' title="bbox 617 1501 2183 1574">
    <p class='ocr_par' dir='ltr' id='par_1_17' title="bbox 617 1501 2183 1574">
     <span class='ocr_line' id='line_1_17' title="bbox 617 1501 2183 1574; baseline 0.002 -17"><span class='ocrx_word' id='word_1_104' title='bbox 617 1514 951 1570; x_wconf 57' lang='lat' dir='ltr'><strong>sinetorum,</strong></span> <span class='ocrx_word' id='word_1_105' title='bbox 996 1503 1088 1557; x_wconf 89' lang='lat' dir='ltr'><strong>sed</strong></span> <span class='ocrx_word' id='word_1_106' title='bbox 1163 1501 1420 1558; x_wconf 80' lang='lat' dir='ltr'><strong>Romanis</strong></span> <span class='ocrx_word' id='word_1_107' title='bbox 1485 1503 1676 1559; x_wconf 86' lang='lat' dir='ltr'><strong>tradita</strong></span> <span class='ocrx_word' id='word_1_108' title='bbox 1739 1503 2183 1574; x_wconf 77' lang='lat' dir='ltr'><strong>profatiabuntur.</strong></span> 
     </span>
    </p>
   </div>
   <div class='ocr_carea' id='block_1_18' title="bbox 619 1593 2184 1667">
    <p class='ocr_par' dir='ltr' id='par_1_18' title="bbox 619 1593 2184 1667">
     <span class='ocr_line' id='line_1_18' title="bbox 619 1593 2184 1667; baseline 0.003 -21"><span class='ocrx_word' id='word_1_109' title='bbox 619 1594 715 1648; x_wconf 81' lang='lat' dir='ltr'><strong>Vel</strong></span> <span class='ocrx_word' id='word_1_110' title='bbox 750 1596 909 1649; x_wconf 85' lang='lat' dir='ltr'><strong>aliter</strong></span> <span class='ocrx_word' id='word_1_111' title='bbox 944 1610 957 1646; x_wconf 90' lang='lat'>:</span> <span class='ocrx_word' id='word_1_112' title='bbox 989 1593 1394 1667; x_wconf 86' lang='lat' dir='ltr'><strong>Ostenditquod</strong></span> <span class='ocrx_word' id='word_1_113' title='bbox 1429 1597 1601 1652; x_wconf 81' lang='lat' dir='ltr'><strong>velum</strong></span> <span class='ocrx_word' id='word_1_114' title='bbox 1636 1597 1779 1666; x_wconf 90' lang='lat' dir='ltr'><strong>quod</strong></span> <span class='ocrx_word' id='word_1_115' title='bbox 1807 1597 1986 1652; x_wconf 80' lang='lat' dir='ltr'><strong>divisit</strong></span> <span class='ocrx_word' id='word_1_116' title='bbox 2030 1611 2126 1652; x_wconf 87' lang='lat' dir='ltr'><strong>nos</strong></span> <span class='ocrx_word' id='word_1_117' title='bbox 2156 1613 2184 1651; x_wconf 90' lang='lat' dir='ltr'><strong>a</strong></span> 
     </span>
    </p>
   </div>
   <div class='ocr_carea' id='block_1_19' title="bbox 615 1686 2186 1752">
    <p class='ocr_par' dir='ltr' id='par_1_19' title="bbox 615 1686 2186 1752">
     <span class='ocr_line' id='line_1_19' title="bbox 615 1686 2186 1752; baseline 0.002 -14"><span class='ocrx_word' id='word_1_118' title='bbox 615 1688 821 1741; x_wconf 81' lang='lat' dir='ltr'><strong>sanctis</strong></span> <span class='ocrx_word' id='word_1_119' title='bbox 866 1688 918 1741; x_wconf 86' lang='lat' dir='ltr'><strong>in</strong></span> <span class='ocrx_word' id='word_1_120' title='bbox 967 1688 1125 1752; x_wconf 69' lang='lat' dir='ltr'><strong>caelo,</strong></span> <span class='ocrx_word' id='word_1_121' title='bbox 1162 1687 1461 1752; x_wconf 79' lang='lat' dir='ltr'><strong>scindatttr,</strong></span> <span class='ocrx_word' id='word_1_122' title='bbox 1502 1687 1603 1742; x_wconf 84' lang='lat' dir='ltr'><strong>hoc</strong></span> <span class='ocrx_word' id='word_1_123' title='bbox 1655 1697 1736 1743; x_wconf 86' lang='lat' dir='ltr'><strong>est</strong></span> <span class='ocrx_word' id='word_1_124' title='bbox 1786 1686 2080 1741; x_wconf 66' lang='lat' dir='ltr'><strong>inimicitiae</strong></span> <span class='ocrx_word' id='word_1_125' title='bbox 2133 1696 2186 1741; x_wconf 90' lang='lat' dir='ltr'><strong>et</strong></span> 
     </span>
    </p>
   </div>
   <div class='ocr_carea' id='block_1_20' title="bbox 615 1777 2178 1848">
    <p class='ocr_par' dir='ltr' id='par_1_20' title="bbox 615 1777 2178 1848">
     <span class='ocr_line' id='line_1_20' title="bbox 615 1777 2178 1848; baseline 0 -16"><span class='ocrx_word' id='word_1_126' title='bbox 615 1788 915 1847; x_wconf 74' lang='lat' dir='ltr'><strong>peccatum.</strong></span> <span class='ocrx_word' id='word_1_127' title='bbox 947 1777 1053 1831; x_wconf 90' lang='lat' dir='ltr'><strong>lloc</strong></span> <span class='ocrx_word' id='word_1_128' title='bbox 1072 1779 1211 1832; x_wconf 88' lang='lat' dir='ltr'><strong>enim</strong></span> <span class='ocrx_word' id='word_1_129' title='bbox 1241 1779 1338 1833; x_wconf 84' lang='lat' dir='ltr'><strong>fuit</strong></span> <span class='ocrx_word' id='word_1_130' title='bbox 1364 1793 1614 1848; x_wconf 76' lang='lat' dir='ltr'><strong>magnum</strong></span> <span class='ocrx_word' id='word_1_131' title='bbox 1638 1777 2007 1844; x_wconf 88' lang='lat' dir='ltr'><strong>interstitium,</strong></span> <span class='ocrx_word' id='word_1_132' title='bbox 2038 1779 2178 1848; x_wconf 87' lang='lat' dir='ltr'><strong>quod</strong></span> 
     </span>
    </p>
   </div>
   <div class='ocr_carea' id='block_1_21' title="bbox 619 1869 2182 1940">
    <p class='ocr_par' dir='ltr' id='par_1_21' title="bbox 619 1869 2182 1940">
     <span class='ocr_line' id='line_1_21' title="bbox 619 1869 2182 1940; baseline -0.001 -15"><span class='ocrx_word' id='word_1_133' title='bbox 619 1888 717 1927; x_wconf 90' lang='lat' dir='ltr'><strong>nos</strong></span> <span class='ocrx_word' id='word_1_134' title='bbox 747 1872 814 1926; x_wconf 89' lang='lat' dir='ltr'><strong>ab</strong></span> <span class='ocrx_word' id='word_1_135' title='bbox 846 1870 950 1924; x_wconf 83' lang='lat' dir='ltr'><strong>illis</strong></span> <span class='ocrx_word' id='word_1_136' title='bbox 977 1873 1067 1939; x_wconf 88' lang='lat' dir='ltr'><strong>qui</strong></span> <span class='ocrx_word' id='word_1_137' title='bbox 1092 1871 1164 1924; x_wconf 89' lang='lat' dir='ltr'><strong>ibi</strong></span> <span class='ocrx_word' id='word_1_138' title='bbox 1197 1879 1373 1933; x_wconf 84' lang='lat' dir='ltr'><strong>erant,</strong></span> <span class='ocrx_word' id='word_1_139' title='bbox 1411 1869 1785 1940; x_wconf 76' lang='lat' dir='ltr'><strong>distinguebat.</strong></span> <span class='ocrx_word' id='word_1_140' title='bbox 1812 1869 2058 1924; x_wconf 84' lang='lat' dir='ltr'><strong>Ostendit</strong></span> <span class='ocrx_word' id='word_1_141' title='bbox 2086 1886 2182 1924; x_wconf 84' lang='lat' dir='ltr'><strong>au-</strong></span> 
     </span>
    </p>
   </div>
   <div class='ocr_carea' id='block_1_22' title="bbox 618 1961 2176 2034">
    <p class='ocr_par' dir='ltr' id='par_1_22' title="bbox 618 1961 2176 2034">
     <span class='ocr_line' id='line_1_22' title="bbox 618 1961 2176 2034; baseline 0 -16"><span class='ocrx_word' id='word_1_142' title='bbox 618 1977 724 2020; x_wconf 90' lang='lat' dir='ltr'><strong>tem</strong></span> <span class='ocrx_word' id='word_1_143' title='bbox 758 1965 896 2034; x_wconf 87' lang='lat' dir='ltr'><strong>quod</strong></span> <span class='ocrx_word' id='word_1_144' title='bbox 929 1980 1031 2018; x_wconf 91' lang='lat' dir='ltr'><strong>non</strong></span> <span class='ocrx_word' id='word_1_145' title='bbox 1078 1974 1293 2033; x_wconf 73' lang='lat' dir='ltr'><strong>promer</strong></span> <span class='ocrx_word' id='word_1_146' title='bbox 1326 1963 1700 2033; x_wconf 80' lang='lat' dir='ltr'><strong>impotentiam</strong></span> <span class='ocrx_word' id='word_1_147' title='bbox 1733 1961 2028 2016; x_wconf 82' lang='lat' dir='ltr'><strong>cruciﬁxus</strong></span> <span class='ocrx_word' id='word_1_148' title='bbox 2087 1962 2176 2018; x_wconf 78' lang='lat' dir='ltr'><strong>sit.</strong></span> 
     </span>
    </p>
   </div>
   <div class='ocr_carea' id='block_1_23' title="bbox 615 2052 2181 2125">
    <p class='ocr_par' dir='ltr' id='par_1_23' title="bbox 615 2052 2181 2125">
     <span class='ocr_line' id='line_1_23' title="bbox 615 2052 2181 2125; baseline -0.001 -17"><span class='ocrx_word' id='word_1_149' title='bbox 615 2053 746 2110; x_wconf 82' lang='lat' dir='ltr'><strong>Nam</strong></span> <span class='ocrx_word' id='word_1_150' title='bbox 768 2057 857 2125; x_wconf 91' lang='lat' dir='ltr'><strong>qui</strong></span> <span class='ocrx_word' id='word_1_151' title='bbox 894 2055 1016 2108; x_wconf 86' lang='lat' dir='ltr'><strong>talia</strong></span> <span class='ocrx_word' id='word_1_152' title='bbox 1035 2053 1182 2120; x_wconf 75' lang='lat' dir='ltr'><strong>fecit,</strong></span> <span class='ocrx_word' id='word_1_153' title='bbox 1216 2053 1378 2108; x_wconf 88' lang='lat' dir='ltr'><strong>etiam</strong></span> <span class='ocrx_word' id='word_1_154' title='bbox 1435 2052 1553 2108; x_wconf 88' lang='lat' dir='ltr'><strong>illos</strong></span> <span class='ocrx_word' id='word_1_155' title='bbox 1585 2054 1846 2123; x_wconf 88' lang='lat' dir='ltr'><strong>potuisset</strong></span> <span class='ocrx_word' id='word_1_156' title='bbox 1877 2054 2097 2123; x_wconf 82' lang='lat' dir='ltr'><strong>perdere</strong></span> <span class='ocrx_word' id='word_1_157' title='bbox 2127 2062 2181 2108; x_wconf 89' lang='lat' dir='ltr'><strong>et</strong></span> 
     </span>
    </p>
   </div>
   <div class='ocr_carea' id='block_1_24' title="bbox 613 2146 2182 2217">
    <p class='ocr_par' dir='ltr' id='par_1_24' title="bbox 613 2146 2182 2217">
     <span class='ocr_line' id='line_1_24' title="bbox 613 2146 2182 2217; baseline -0.001 -15"><span class='ocrx_word' id='word_1_158' title='bbox 613 2147 680 2202; x_wconf 90' lang='lat' dir='ltr'><strong>ab</strong></span> <span class='ocrx_word' id='word_1_159' title='bbox 703 2159 922 2217; x_wconf 88' lang='lat' dir='ltr'><strong>aspectu</strong></span> <span class='ocrx_word' id='word_1_160' title='bbox 958 2149 1253 2202; x_wconf 83' lang='lat' dir='ltr'><strong>removere.</strong></span> <span class='ocrx_word' id='word_1_161' title='bbox 1282 2147 1414 2202; x_wconf 89' lang='lat' dir='ltr'><strong>Cum</strong></span> <span class='ocrx_word' id='word_1_162' title='bbox 1471 2162 1598 2202; x_wconf 88' lang='lat' dir='ltr'><strong>vero</strong></span> <span class='ocrx_word' id='word_1_163' title='bbox 1650 2161 1781 2204; x_wconf 85' lang='lat' dir='ltr'><strong>voce</strong></span> <span class='ocrx_word' id='word_1_164' title='bbox 1829 2162 2020 2216; x_wconf 78' lang='lat' dir='ltr'><strong>magna</strong></span> <span class='ocrx_word' id='word_1_165' title='bbox 2070 2146 2182 2201; x_wconf 86' lang='lat' dir='ltr'><strong>cla-</strong></span> 
     </span>
    </p>
   </div>
   <div class='ocr_carea' id='block_1_25' title="bbox 615 2237 2180 2308">
    <p class='ocr_par' dir='ltr' id='par_1_25' title="bbox 615 2237 2180 2308">
     <span class='ocr_line' id='line_1_25' title="bbox 615 2237 2180 2308; baseline 0 -16"><span class='ocrx_word' id='word_1_166' title='bbox 615 2249 837 2307; x_wconf 84' lang='lat' dir='ltr'><strong>masset,</strong></span> <span class='ocrx_word' id='word_1_167' title='bbox 879 2239 1059 2294; x_wconf 79' lang='lat' dir='ltr'><strong>emisit</strong></span> <span class='ocrx_word' id='word_1_168' title='bbox 1102 2239 1370 2308; x_wconf 85' lang='lat' dir='ltr'><strong>spiritum.</strong></span> <span class='ocrx_word' id='word_1_169' title='bbox 1401 2237 1727 2295; x_wconf 86' lang='lat' dir='ltr'><strong>Potestatem</strong></span> <span class='ocrx_word' id='word_1_170' title='bbox 1762 2239 1904 2294; x_wconf 89' lang='lat' dir='ltr'><strong>enim</strong></span> <span class='ocrx_word' id='word_1_171' title='bbox 1946 2238 2180 2294; x_wconf 85' lang='lat' dir='ltr'><strong>habebat</strong></span> 
     </span>
    </p>
   </div>
   <div class='ocr_carea' id='block_1_26' title="bbox 614 2332 2177 2401">
    <p class='ocr_par' dir='ltr' id='par_1_26' title="bbox 614 2332 2177 2401">
     <span class='ocr_line' id='line_1_26' title="bbox 614 2332 2177 2401; baseline -0.001 -17"><span class='ocrx_word' id='word_1_172' title='bbox 614 2332 845 2387; x_wconf 89' lang='lat' dir='ltr'><strong>animam</strong></span> <span class='ocrx_word' id='word_1_173' title='bbox 906 2346 1058 2387; x_wconf 85' lang='lat' dir='ltr'><strong>suam</strong></span> <span class='ocrx_word' id='word_1_174' title='bbox 1124 2345 1343 2400; x_wconf 89' lang='lat' dir='ltr'><strong>ponere.</strong></span> <span class='ocrx_word' id='word_1_175' title='bbox 1385 2340 1440 2387; x_wconf 89' lang='lat' dir='ltr'><strong>et</strong></span> <span class='ocrx_word' id='word_1_176' title='bbox 1490 2332 1683 2386; x_wconf 89' lang='lat' dir='ltr'><strong>iterum</strong></span> <span class='ocrx_word' id='word_1_177' title='bbox 1742 2332 1986 2401; x_wconf 85' lang='lat' dir='ltr'><strong>accipere</strong></span> <span class='ocrx_word' id='word_1_178' title='bbox 2034 2345 2177 2386; x_wconf 88' lang='lat' dir='ltr'><strong>eam.</strong></span> 
     </span>
    </p>
   </div>
   <div class='ocr_carea' id='block_1_27' title="bbox 619 2421 2178 2478">
    <p class='ocr_par' dir='ltr' id='par_1_27' title="bbox 619 2421 2178 2478">
     <span class='ocr_line' id='line_1_27' title="bbox 619 2421 2178 2478; baseline 0.002 -3"><span class='ocrx_word' id='word_1_179' title='bbox 619 2422 730 2478; x_wconf 81' lang='lat' dir='ltr'><strong>Vox</strong></span> <span class='ocrx_word' id='word_1_180' title='bbox 775 2423 902 2477; x_wconf 85' lang='lat' dir='ltr'><strong>item</strong></span> <span class='ocrx_word' id='word_1_181' title='bbox 971 2423 1058 2476; x_wconf 88' lang='lat' dir='ltr'><strong>illa</strong></span> <span class='ocrx_word' id='word_1_182' title='bbox 1105 2422 1406 2478; x_wconf 87' lang='lat' dir='ltr'><strong>centurioni</strong></span> <span class='ocrx_word' id='word_1_183' title='bbox 1459 2432 1512 2478; x_wconf 90' lang='lat' dir='ltr'><strong>et</strong></span> <span class='ocrx_word' id='word_1_184' title='bbox 1562 2421 1668 2478; x_wconf 88' lang='lat' dir='ltr'><strong>alia</strong></span> <span class='ocrx_word' id='word_1_185' title='bbox 1732 2423 1991 2478; x_wconf 84' lang='lat' dir='ltr'><strong>miracula</strong></span> <span class='ocrx_word' id='word_1_186' title='bbox 2056 2424 2178 2478; x_wconf 62' lang='lat' dir='ltr'><strong>illini</strong></span> 
     </span>
    </p>
   </div>
   <div class='ocr_carea' id='block_1_28' title="bbox 612 2511 2179 2585">
    <p class='ocr_par' dir='ltr' id='par_1_28' title="bbox 612 2511 2179 2585">
     <span class='ocr_line' id='line_1_28' title="bbox 612 2511 2179 2585; baseline 0.003 -20"><span class='ocrx_word' id='word_1_187' title='bbox 612 2512 779 2585; x_wconf 62' lang='grc'><strong>489</strong></span> <span class='ocrx_word' id='word_1_188' title='bbox 822 2511 1039 2568; x_wconf 78' lang='lat' dir='ltr'><strong>luerunt</strong></span> <span class='ocrx_word' id='word_1_189' title='bbox 1091 2522 1430 2583; x_wconf 78' lang='lat' dir='ltr'><strong>argumenta.</strong></span> <span class='ocrx_word' id='word_1_190' title='bbox 1481 2512 1600 2571; x_wconf 87' lang='lat' dir='ltr'><strong>Non</strong></span> <span class='ocrx_word' id='word_1_191' title='bbox 1655 2515 1800 2570; x_wconf 87' lang='lat' dir='ltr'><strong>enim</strong></span> <span class='ocrx_word' id='word_1_192' title='bbox 1852 2517 1991 2572; x_wconf 87' lang='lat' dir='ltr'><strong>sicut</strong></span> <span class='ocrx_word' id='word_1_193' title='bbox 2032 2532 2179 2572; x_wconf 87' lang='lat' dir='ltr'><strong>com-</strong></span> 
     </span>
    </p>
   </div>
   <div class='ocr_carea' id='block_1_29' title="bbox 616 2603 2178 2674">
    <p class='ocr_par' dir='ltr' id='par_1_29' title="bbox 616 2603 2178 2674">
     <span class='ocr_line' id='line_1_29' title="bbox 616 2603 2178 2674; baseline 0.004 -20"><span class='ocrx_word' id='word_1_194' title='bbox 616 2604 792 2657; x_wconf 90' lang='lat' dir='ltr'><strong>munis</strong></span> <span class='ocrx_word' id='word_1_195' title='bbox 824 2603 1020 2668; x_wconf 89' lang='lat' dir='ltr'><strong>bomo,</strong></span> <span class='ocrx_word' id='word_1_196' title='bbox 1071 2604 1164 2658; x_wconf 90' lang='lat' dir='ltr'><strong>sed</strong></span> <span class='ocrx_word' id='word_1_197' title='bbox 1218 2619 1340 2663; x_wconf 87' lang='lat' dir='ltr'><strong>cum</strong></span> <span class='ocrx_word' id='word_1_198' title='bbox 1389 2619 1579 2674; x_wconf 75' lang='lat' dir='ltr'><strong>magna</strong></span> <span class='ocrx_word' id='word_1_199' title='bbox 1632 2616 1897 2673; x_wconf 82' lang='lat' dir='ltr'><strong>potestate</strong></span> <span class='ocrx_word' id='word_1_200' title='bbox 1934 2619 2178 2660; x_wconf 80' lang='lat' dir='ltr'><strong>mortuus</strong></span> 
     </span>
    </p>
   </div>
   <div class='ocr_carea' id='block_1_30' title="bbox 612 2693 2175 2766">
    <p class='ocr_par' dir='ltr' id='par_1_30' title="bbox 612 2693 2175 2766">
     <span class='ocr_line' id='line_1_30' title="bbox 612 2693 2175 2766; baseline 0 -18"><span class='ocrx_word' id='word_1_201' title='bbox 612 2703 716 2751; x_wconf 77' lang='lat' dir='ltr'><strong>eat.</strong></span> <span class='ocrx_word' id='word_1_202' title='bbox 773 2693 836 2746; x_wconf 87' lang='lat' dir='ltr'><strong>Et</strong></span> <span class='ocrx_word' id='word_1_203' title='bbox 882 2694 1181 2764; x_wconf 80' lang='lat' dir='ltr'><strong>depositum</strong></span> <span class='ocrx_word' id='word_1_204' title='bbox 1248 2703 1478 2765; x_wconf 85' lang='lat' dir='ltr'><strong>mortem</strong></span> <span class='ocrx_word' id='word_1_205' title='bbox 1541 2697 1872 2761; x_wconf 89' lang='lat' dir='ltr'><strong>nominavit,</strong></span> <span class='ocrx_word' id='word_1_206' title='bbox 1924 2708 2175 2766; x_wconf 86' lang='lat' dir='ltr'><strong>tauquam</strong></span> 
     </span>
    </p>
   </div>
   <div class='ocr_carea' id='block_1_31' title="bbox 612 2786 2178 2861">
    <p class='ocr_par' dir='ltr' id='par_1_31' title="bbox 612 2786 2178 2861">
     <span class='ocr_line' id='line_1_31' title="bbox 612 2786 2178 2861; baseline 0.004 -23"><span class='ocrx_word' id='word_1_207' title='bbox 612 2788 804 2840; x_wconf 90' lang='lat' dir='ltr'><strong>iterum</strong></span> <span class='ocrx_word' id='word_1_208' title='bbox 833 2797 1148 2856; x_wconf 78' lang='lat' dir='ltr'><strong>recepturus</strong></span> <span class='ocrx_word' id='word_1_209' title='bbox 1170 2789 1427 2843; x_wconf 89' lang='lat' dir='ltr'><strong>animam.</strong></span> <span class='ocrx_word' id='word_1_210' title='bbox 1456 2786 1566 2842; x_wconf 83' lang='lat' dir='ltr'><strong>Hac</strong></span> <span class='ocrx_word' id='word_1_211' title='bbox 1586 2797 1763 2844; x_wconf 75' lang='lat' dir='ltr'><strong>autem</strong></span> <span class='ocrx_word' id='word_1_212' title='bbox 1789 2805 1917 2845; x_wconf 79' lang='lat' dir='ltr'><strong>voce</strong></span> <span class='ocrx_word' id='word_1_213' title='bbox 1945 2791 2178 2861; x_wconf 88' lang='lat' dir='ltr'><strong>primum</strong></span> 
     </span>
    </p>
   </div>
   <div class='ocr_carea' id='block_1_32' title="bbox 608 2879 2178 2948">
    <p class='ocr_par' dir='ltr' id='par_1_32' title="bbox 608 2879 2178 2948">
     <span class='ocr_line' id='line_1_32' title="bbox 608 2879 2178 2948; baseline 0.004 -17"><span class='ocrx_word' id='word_1_214' title='bbox 608 2879 910 2934; x_wconf 87' lang='lat' dir='ltr'><strong>libertatem</strong></span> <span class='ocrx_word' id='word_1_215' title='bbox 963 2891 1226 2935; x_wconf 72' lang='lat' dir='ltr'><strong>assecuta:</strong></span> <span class='ocrx_word' id='word_1_216' title='bbox 1273 2891 1397 2935; x_wconf 88' lang='lat' dir='ltr'><strong>sunt</strong></span> <span class='ocrx_word' id='word_1_217' title='bbox 1441 2881 1636 2935; x_wconf 69' lang='lat' dir='ltr'><strong>animae</strong></span> <span class='ocrx_word' id='word_1_218' title='bbox 1688 2889 1913 2948; x_wconf 61' lang='lat' dir='ltr'><strong>nostra,</strong></span> <span class='ocrx_word' id='word_1_219' title='bbox 1965 2884 2178 2938; x_wconf 82' lang='lat' dir='ltr'><strong>diabolo</strong></span> 
     </span>
    </p>
   </div>
   <div class='ocr_carea' id='block_1_33' title="bbox 607 2970 2177 3044">
    <p class='ocr_par' dir='ltr' id='par_1_33' title="bbox 607 2970 2177 3044">
     <span class='ocr_line' id='line_1_33' title="bbox 607 2970 2177 3044; baseline 0.004 -23"><span class='ocrx_word' id='word_1_220' title='bbox 607 2979 728 3038; x_wconf 86' lang='lat' dir='ltr'><strong>post</strong></span> <span class='ocrx_word' id='word_1_221' title='bbox 759 2972 870 3025; x_wconf 68' lang='lat' dir='ltr'><strong>haec</strong></span> <span class='ocrx_word' id='word_1_222' title='bbox 904 2970 1103 3024; x_wconf 92' lang='lat' dir='ltr'><strong>nullam</strong></span> <span class='ocrx_word' id='word_1_223' title='bbox 1140 2971 1194 3024; x_wconf 90' lang='lat' dir='ltr'><strong>in</strong></span> <span class='ocrx_word' id='word_1_224' title='bbox 1227 2986 1320 3025; x_wconf 84' lang='lat' dir='ltr'><strong>cas</strong></span> <span class='ocrx_word' id='word_1_225' title='bbox 1352 2971 1581 3027; x_wconf 72' lang='lat' dir='ltr'><strong>habente</strong></span> <span class='ocrx_word' id='word_1_226' title='bbox 1619 2981 1964 3041; x_wconf 56' lang='lat' dir='ltr'><strong>potestatem,</strong></span> <span class='ocrx_word' id='word_1_227' title='bbox 1994 2982 2177 3044; x_wconf 90' lang='lat' dir='ltr'><strong>utpote</strong></span> 
     </span>
    </p>
   </div>
   <div class='ocr_carea' id='block_1_34' title="bbox 2299 480 3873 552">
    <p class='ocr_par' dir='ltr' id='par_1_34' title="bbox 2299 480 3873 552">
     <span class='ocr_line' id='line_1_34' title="bbox 2299 480 3873 552; baseline -0.006 -12"><span class='ocrx_word' id='word_1_228' title='bbox 2299 485 2487 551; x_wconf 77' lang='grc' dir='ltr'>εἰπὼν,</span> <span class='ocrx_word' id='word_1_229' title='bbox 2522 487 2866 551; x_wconf 70' lang='grc' dir='ltr'><strong>ἐξέπνευσεν.</strong></span> <span class='ocrx_word' id='word_1_230' title='bbox 2918 483 3138 538; x_wconf 83' lang='grc' dir='ltr'>Ἰδὼνδέ</span> <span class='ocrx_word' id='word_1_231' title='bbox 3172 486 3199 537; x_wconf 92' lang='lat'><strong>6</strong></span> <span class='ocrx_word' id='word_1_232' title='bbox 3245 483 3642 552; x_wconf 78' lang='grc' dir='ltr'><strong>ἑκατόνταρχος</strong></span> <span class='ocrx_word' id='word_1_233' title='bbox 3685 480 3745 532; x_wconf 70' lang='grc' dir='ltr'>τὸ</span> <span class='ocrx_word' id='word_1_234' title='bbox 3789 495 3873 546; x_wconf 78' lang='grc' dir='ltr'>γε·</span> 
     </span>
    </p>
   </div>
   <div class='ocr_carea' id='block_1_35' title="bbox 2297 570 3875 649">
    <p class='ocr_par' dir='ltr' id='par_1_35' title="bbox 2297 570 3875 649">
     <span class='ocr_line' id='line_1_35' title="bbox 2297 570 3875 649; baseline -0.006 -17"><span class='ocrx_word' id='word_1_235' title='bbox 2297 580 2542 649; x_wconf 84' lang='grc' dir='ltr'><strong>νόμενον,</strong></span> <span class='ocrx_word' id='word_1_236' title='bbox 2573 578 2791 646; x_wconf 74' lang='grc' dir='ltr'>ἐδόξασε</span> <span class='ocrx_word' id='word_1_237' title='bbox 2817 576 2908 629; x_wconf 84' lang='grc' dir='ltr'>τὸν</span> <span class='ocrx_word' id='word_1_238' title='bbox 2940 575 3073 628; x_wconf 79' lang='grc' dir='ltr'>Θεὸν</span> <span class='ocrx_word' id='word_1_239' title='bbox 3098 574 3274 642; x_wconf 85' lang='grc' dir='ltr'>λέγων</span> <span class='ocrx_word' id='word_1_240' title='bbox 3302 591 3315 605; x_wconf 89' lang='grc'><strong>·</strong></span> <span class='ocrx_word' id='word_1_241' title='bbox 3357 576 3567 637; x_wconf 82' lang='grc' dir='ltr'><strong>Ὄντως</strong></span> <span class='ocrx_word' id='word_1_242' title='bbox 3596 572 3626 625; x_wconf 97' lang='lat'><strong>6</strong></span> <span class='ocrx_word' id='word_1_243' title='bbox 3664 570 3875 640; x_wconf 76' lang='grc' dir='ltr'>ἄνθρω-</span> 
     </span>
    </p>
   </div>
   <div class='ocr_carea' id='block_1_36' title="bbox 2297 664 3874 740">
    <p class='ocr_par' dir='ltr' id='par_1_36' title="bbox 2297 664 3874 740">
     <span class='ocr_line' id='line_1_36' title="bbox 2297 664 3874 740; baseline -0.006 -14"><span class='ocrx_word' id='word_1_244' title='bbox 2297 690 2395 735; x_wconf 89' lang='grc' dir='ltr'><strong>πος</strong></span> <span class='ocrx_word' id='word_1_245' title='bbox 2425 665 2579 735; x_wconf 69' lang='grc' dir='ltr'>οὗτος</span> <span class='ocrx_word' id='word_1_246' title='bbox 2629 671 2838 733; x_wconf 83' lang='grc' dir='ltr'>δίκαιος</span> <span class='ocrx_word' id='word_1_247' title='bbox 2866 664 2953 740; x_wconf 75' lang='grc' dir='ltr'>ἧν.</span> <span class='ocrx_word' id='word_1_248' title='bbox 2992 669 3102 722; x_wconf 79' lang='lat' dir='ltr'><strong>Kal.</strong></span> <span class='ocrx_word' id='word_1_249' title='bbox 3145 668 3338 730; x_wconf 78' lang='grc' dir='ltr'>πάντες</span> <span class='ocrx_word' id='word_1_250' title='bbox 3362 669 3409 719; x_wconf 77' lang='grc' dir='ltr'>οἱ</span> <span class='ocrx_word' id='word_1_251' title='bbox 3458 664 3874 737; x_wconf 69' lang='grc' dir='ltr'>συμπαραγενό-</span> 
     </span>
    </p>
   </div>
   <div class='ocr_carea' id='block_1_37' title="bbox 2298 753 3873 836">
    <p class='ocr_par' dir='ltr' id='par_1_37' title="bbox 2298 753 3873 836">
     <span class='ocr_line' id='line_1_37' title="bbox 2298 753 3873 836; baseline -0.008 -17"><span class='ocrx_word' id='word_1_252' title='bbox 2298 783 2449 836; x_wconf 86' lang='grc' dir='ltr'>μενοι</span> <span class='ocrx_word' id='word_1_253' title='bbox 2483 764 2630 836; x_wconf 74' lang='grc' dir='ltr'>ὄχλοι</span> <span class='ocrx_word' id='word_1_254' title='bbox 2657 763 2750 818; x_wconf 73' lang='grc' dir='ltr'>ἐπὶ</span> <span class='ocrx_word' id='word_1_255' title='bbox 2775 762 2869 833; x_wconf 81' lang='grc' dir='ltr'>τὴν</span> <span class='ocrx_word' id='word_1_256' title='bbox 2896 761 3130 832; x_wconf 79' lang='grc' dir='ltr'><strong>θεωρίαν</strong></span> <span class='ocrx_word' id='word_1_257' title='bbox 3173 759 3399 829; x_wconf 78' lang='grc' dir='ltr'>ταύτην,</span> <span class='ocrx_word' id='word_1_258' title='bbox 3439 755 3776 828; x_wconf 80' lang='grc' dir='ltr'><strong>θεωροῦντες</strong></span> <span class='ocrx_word' id='word_1_259' title='bbox 3809 753 3873 807; x_wconf 66' lang='grc' dir='ltr'>τὰ</span> 
     </span>
    </p>
   </div>
   <div class='ocr_carea' id='block_1_38' title="bbox 2293 849 3866 928">
    <p class='ocr_par' dir='ltr' id='par_1_38' title="bbox 2293 849 3866 928">
     <span class='ocr_line' id='line_1_38' title="bbox 2293 849 3866 928; baseline -0.006 -18"><span class='ocrx_word' id='word_1_260' title='bbox 2293 858 2580 928; x_wconf 88' lang='grc' dir='ltr'>γενόμενα,</span> <span class='ocrx_word' id='word_1_261' title='bbox 2612 854 2908 918; x_wconf 78' lang='grc' dir='ltr'><strong>τύπτοντες</strong></span> <span class='ocrx_word' id='word_1_262' title='bbox 2937 853 3148 907; x_wconf 77' lang='grc' dir='ltr'>ἑαυτῶν</span> <span class='ocrx_word' id='word_1_263' title='bbox 3177 852 3245 904; x_wconf 73' lang='grc' dir='ltr'>τὰ</span> <span class='ocrx_word' id='word_1_264' title='bbox 3270 853 3463 920; x_wconf 72' lang='grc' dir='ltr'>στήθη,</span> <span class='ocrx_word' id='word_1_265' title='bbox 3507 849 3866 920; x_wconf 76' lang='grc' dir='ltr'><strong>ὑπέστρεφον.</strong></span> 
     </span>
    </p>
   </div>
   <div class='ocr_carea' id='block_1_39' title="bbox 2293 939 3868 1022">
    <p class='ocr_par' dir='ltr' id='par_1_39' title="bbox 2293 939 3868 1022">
     <span class='ocr_line' id='line_1_39' title="bbox 2293 939 3868 1022; baseline -0.01 -16"><span class='ocrx_word' id='word_1_266' title='bbox 2293 953 2652 1022; x_wconf 77' lang='grc' dir='ltr'>Είστήκεισαν</span> <span class='ocrx_word' id='word_1_267' title='bbox 2678 950 2735 1005; x_wconf 79' lang='grc' dir='ltr'>δὲ</span> <span class='ocrx_word' id='word_1_268' title='bbox 2762 950 2962 1012; x_wconf 77' lang='grc' dir='ltr'>πάντες</span> <span class='ocrx_word' id='word_1_269' title='bbox 2998 950 3046 1000; x_wconf 82' lang='grc' dir='ltr'>οἱ</span> <span class='ocrx_word' id='word_1_270' title='bbox 3083 945 3318 1014; x_wconf 77' lang='grc' dir='ltr'>γνωστοὶ</span> <span class='ocrx_word' id='word_1_271' title='bbox 3349 940 3519 996; x_wconf 84' lang='grc' dir='ltr'>αὑτοῦ</span> <span class='ocrx_word' id='word_1_272' title='bbox 3570 939 3868 1011; x_wconf 76' lang='grc' dir='ltr'><strong>μακρόθεν,</strong></span> 
     </span>
    </p>
   </div>
   <div class='ocr_carea' id='block_1_40' title="bbox 2293 1030 3872 1115">
    <p class='ocr_par' dir='ltr' id='par_1_40' title="bbox 2293 1030 3872 1115">
     <span class='ocr_line' id='line_1_40' title="bbox 2293 1030 3872 1115; baseline -0.011 -14"><span class='ocrx_word' id='word_1_273' title='bbox 2293 1047 2389 1101; x_wconf 79' lang='grc' dir='ltr'>καὶ</span> <span class='ocrx_word' id='word_1_274' title='bbox 2423 1049 2674 1115; x_wconf 80' lang='grc' dir='ltr'>γυναῖκες</span> <span class='ocrx_word' id='word_1_275' title='bbox 2730 1043 2786 1096; x_wconf 76' lang='grc' dir='ltr'>αἱ</span> <span class='ocrx_word' id='word_1_276' title='bbox 2842 1038 3380 1105; x_wconf 74' lang='grc' dir='ltr'><strong>συνακολουθήσασαι</strong></span> <span class='ocrx_word' id='word_1_277' title='bbox 3410 1032 3560 1104; x_wconf 87' lang='grc' dir='ltr'><strong>αὺτῷ</strong></span> <span class='ocrx_word' id='word_1_278' title='bbox 3623 1033 3737 1086; x_wconf 76' lang='grc' dir='ltr'><strong>ἀπὸ</strong></span> <span class='ocrx_word' id='word_1_279' title='bbox 3774 1030 3872 1100; x_wconf 76' lang='grc' dir='ltr'>τῆς</span> 
     </span>
    </p>
   </div>
   <div class='ocr_carea' id='block_1_41' title="bbox 2291 1125 3870 1207">
    <p class='ocr_par' dir='ltr' id='par_1_41' title="bbox 2291 1125 3870 1207">
     <span class='ocr_line' id='line_1_41' title="bbox 2291 1125 3870 1207; baseline -0.013 -12"><span class='ocrx_word' id='word_1_280' title='bbox 2291 1139 2602 1206; x_wconf 77' lang='grc' dir='ltr'><strong>Γαλιλαίας,</strong></span> <span class='ocrx_word' id='word_1_281' title='bbox 2633 1136 2838 1207; x_wconf 81' lang='grc' dir='ltr'>ὁρῶσαι</span> <span class='ocrx_word' id='word_1_282' title='bbox 2891 1133 3086 1187; x_wconf 80' lang='grc' dir='ltr'>ταῦτα.</span> <span class='ocrx_word' id='word_1_283' title='bbox 3136 1150 3155 1183; x_wconf 77' lang='grc' dir='ltr'><strong>ι</strong></span> <span class='ocrx_word' id='word_1_284' title='bbox 3191 1131 3424 1200; x_wconf 70' lang='grc' dir='ltr'>Σημεῖον</span> <span class='ocrx_word' id='word_1_285' title='bbox 3467 1126 3768 1197; x_wconf 76' lang='grc' dir='ltr'><strong>ἐπεζήτουν</strong></span> <span class='ocrx_word' id='word_1_286' title='bbox 3824 1125 3870 1175; x_wconf 75' lang='lat' dir='ltr'><strong>ot</strong></span> 
     </span>
    </p>
   </div>
   <div class='ocr_carea' id='block_1_42' title="bbox 2290 1217 3868 1296">
    <p class='ocr_par' dir='ltr' id='par_1_42' title="bbox 2290 1217 3868 1296">
     <span class='ocr_line' id='line_1_42' title="bbox 2290 1217 3868 1296; baseline -0.016 -4"><span class='ocrx_word' id='word_1_287' title='bbox 2290 1235 2535 1292; x_wconf 78' lang='grc' dir='ltr'>Ἰουδαῖοί</span> <span class='ocrx_word' id='word_1_288' title='bbox 2570 1251 2698 1288; x_wconf 87' lang='grc' dir='ltr'>ποτε</span> <span class='ocrx_word' id='word_1_289' title='bbox 2733 1233 2859 1285; x_wconf 83' lang='grc' dir='ltr'>ἰδεῖν</span> <span class='ocrx_word' id='word_1_290' title='bbox 2913 1228 2974 1294; x_wconf 83' lang='grc' dir='ltr'>ἐξ</span> <span class='ocrx_word' id='word_1_291' title='bbox 3000 1223 3254 1296; x_wconf 77' lang='grc' dir='ltr'>οὐρανοῦ.</span> <span class='ocrx_word' id='word_1_292' title='bbox 3285 1222 3419 1277; x_wconf 80' lang='grc' dir='ltr'>Ἰδοὺ</span> <span class='ocrx_word' id='word_1_293' title='bbox 3461 1217 3594 1290; x_wconf 79' lang='grc' dir='ltr'>γοῦν</span> <span class='ocrx_word' id='word_1_294' title='bbox 3622 1219 3868 1288; x_wconf 81' lang='grc' dir='ltr'>σημεῖον,</span> 
     </span>
    </p>
   </div>
   <div class='ocr_carea' id='block_1_43' title="bbox 2287 1310 3868 1397">
    <p class='ocr_par' dir='ltr' id='par_1_43' title="bbox 2287 1310 3868 1397">
     <span class='ocr_line' id='line_1_43' title="bbox 2287 1310 3868 1397; baseline -0.015 -12"><span class='ocrx_word' id='word_1_295' title='bbox 2287 1330 2347 1385; x_wconf 82' lang='grc' dir='ltr'>τὸ</span> <span class='ocrx_word' id='word_1_296' title='bbox 2375 1331 2523 1397; x_wconf 84' lang='grc' dir='ltr'>ξένον</span> <span class='ocrx_word' id='word_1_297' title='bbox 2543 1327 2702 1380; x_wconf 78' lang='grc' dir='ltr'>τοῦτο</span> <span class='ocrx_word' id='word_1_298' title='bbox 2735 1325 2921 1386; x_wconf 83' lang='grc' dir='ltr'>σκότος</span> <span class='ocrx_word' id='word_1_299' title='bbox 2953 1338 2966 1352; x_wconf 87' lang='grc'><strong>·</strong></span> <span class='ocrx_word' id='word_1_300' title='bbox 3003 1320 3247 1390; x_wconf 80' lang='grc' dir='ltr'>σχίζεται</span> <span class='ocrx_word' id='word_1_301' title='bbox 3297 1317 3355 1370; x_wconf 80' lang='grc' dir='ltr'>δὲ</span> <span class='ocrx_word' id='word_1_302' title='bbox 3384 1316 3478 1369; x_wconf 75' lang='grc' dir='ltr'>καὶ</span> <span class='ocrx_word' id='word_1_303' title='bbox 3540 1313 3602 1366; x_wconf 79' lang='grc' dir='ltr'>τὸ</span> <span class='ocrx_word' id='word_1_304' title='bbox 3631 1310 3868 1365; x_wconf 73' lang='grc' dir='ltr'>καταπέο</span> 
     </span>
    </p>
   </div>
   <div class='ocr_carea' id='block_1_44' title="bbox 2286 1402 3868 1492">
    <p class='ocr_par' dir='ltr' id='par_1_44' title="bbox 2286 1402 3868 1492">
     <span class='ocr_line' id='line_1_44' title="bbox 2286 1402 3868 1492; baseline -0.015 -14"><span class='ocrx_word' id='word_1_305' title='bbox 2286 1439 2473 1492; x_wconf 85' lang='grc' dir='ltr'>τασμα</span> <span class='ocrx_word' id='word_1_306' title='bbox 2500 1420 2595 1475; x_wconf 74' lang='grc' dir='ltr'><strong>τοῦ</strong></span> <span class='ocrx_word' id='word_1_307' title='bbox 2615 1418 2765 1480; x_wconf 76' lang='grc' dir='ltr'>ναοῦ,</span> <span class='ocrx_word' id='word_1_308' title='bbox 2797 1414 3111 1474; x_wconf 75' lang='grc' dir='ltr'>δεικνύντος</span> <span class='ocrx_word' id='word_1_309' title='bbox 3141 1410 3238 1465; x_wconf 79' lang='grc' dir='ltr'><strong>τοῦ</strong></span> <span class='ocrx_word' id='word_1_310' title='bbox 3293 1409 3530 1480; x_wconf 82' lang='grc' dir='ltr'>Κυρίου,</span> <span class='ocrx_word' id='word_1_311' title='bbox 3562 1406 3644 1458; x_wconf 83' lang='grc' dir='ltr'>ὅτι</span> <span class='ocrx_word' id='word_1_312' title='bbox 3667 1405 3771 1458; x_wconf 80' lang='grc' dir='ltr'>οὐκ</span> <span class='ocrx_word' id='word_1_313' title='bbox 3793 1402 3868 1455; x_wconf 75' lang='grc' dir='ltr'>ἔτι</span> 
     </span>
    </p>
   </div>
   <div class='ocr_carea' id='block_1_45' title="bbox 2284 1495 3866 1577">
    <p class='ocr_par' dir='ltr' id='par_1_45' title="bbox 2284 1495 3866 1577">
     <span class='ocr_line' id='line_1_45' title="bbox 2284 1495 3866 1577; baseline -0.016 -5"><span class='ocrx_word' id='word_1_314' title='bbox 2284 1517 2462 1572; x_wconf 77' lang='grc' dir='ltr'>ἄϐατα</span> <span class='ocrx_word' id='word_1_315' title='bbox 2493 1515 2645 1569; x_wconf 78' lang='grc' dir='ltr'>ἔσται</span> <span class='ocrx_word' id='word_1_316' title='bbox 2691 1512 2760 1564; x_wconf 80' lang='grc' dir='ltr'>τὰ</span> <span class='ocrx_word' id='word_1_317' title='bbox 2798 1511 2964 1577; x_wconf 69' lang='grc' dir='ltr'>’Ἅγια</span> <span class='ocrx_word' id='word_1_318' title='bbox 3011 1506 3122 1560; x_wconf 89' lang='grc' dir='ltr'><strong>τῶν</strong></span> <span class='ocrx_word' id='word_1_319' title='bbox 3165 1504 3359 1569; x_wconf 75' lang='grc' dir='ltr'>ἁγίων,</span> <span class='ocrx_word' id='word_1_320' title='bbox 3385 1501 3522 1555; x_wconf 76' lang='grc' dir='ltr'>ἀλλὰ</span> <span class='ocrx_word' id='word_1_321' title='bbox 3576 1499 3688 1561; x_wconf 81' lang='grc' dir='ltr'>τοῖς</span> <span class='ocrx_word' id='word_1_322' title='bbox 3735 1495 3866 1549; x_wconf 81' lang='grc' dir='ltr'><strong>Ῥω-</strong></span> 
     </span>
    </p>
   </div>
   <div class='ocr_carea' id='block_1_46' title="bbox 2289 1592 3866 1680">
    <p class='ocr_par' dir='ltr' id='par_1_46' title="bbox 2289 1592 3866 1680">
     <span class='ocr_line' id='line_1_46' title="bbox 2289 1592 3866 1680; baseline -0.015 -16"><span class='ocrx_word' id='word_1_323' title='bbox 2289 1609 2470 1680; x_wconf 88' lang='grc' dir='ltr'>μαίοις</span> <span class='ocrx_word' id='word_1_324' title='bbox 2500 1603 2896 1679; x_wconf 73' lang='grc' dir='ltr'>παραδοθέντα,</span> <span class='ocrx_word' id='word_1_325' title='bbox 2923 1600 3132 1670; x_wconf 71' lang='grc' dir='ltr'>βάσιμα</span> <span class='ocrx_word' id='word_1_326' title='bbox 3163 1596 3258 1650; x_wconf 73' lang='grc' dir='ltr'><strong>καὶ</strong></span> <span class='ocrx_word' id='word_1_327' title='bbox 3292 1594 3495 1665; x_wconf 78' lang='grc' dir='ltr'>βέϐηλα</span> <span class='ocrx_word' id='word_1_328' title='bbox 3521 1592 3866 1661; x_wconf 79' lang='grc' dir='ltr'>γενήσονται.</span> 
     </span>
    </p>
   </div>
   <div class='ocr_carea' id='block_1_47' title="bbox 2285 1680 3868 1761">
    <p class='ocr_par' dir='ltr' id='par_1_47' title="bbox 2285 1680 3868 1761">
     <span class='ocr_line' id='line_1_47' title="bbox 2285 1680 3868 1761; baseline -0.015 -7"><span class='ocrx_word' id='word_1_329' title='bbox 2285 1699 2396 1754; x_wconf 75' lang='grc' dir='ltr'>Καὶ</span> <span class='ocrx_word' id='word_1_330' title='bbox 2418 1698 2591 1761; x_wconf 73' lang='grc' dir='ltr'>ἄλλως</span> <span class='ocrx_word' id='word_1_331' title='bbox 2617 1697 2693 1757; x_wconf 85' lang='grc' dir='ltr'>δὲ,</span> <span class='ocrx_word' id='word_1_332' title='bbox 2713 1694 2985 1748; x_wconf 80' lang='grc' dir='ltr'>δείκνυσιν</span> <span class='ocrx_word' id='word_1_333' title='bbox 3011 1692 3092 1744; x_wconf 83' lang='grc' dir='ltr'>ὅτι</span> <span class='ocrx_word' id='word_1_334' title='bbox 3118 1688 3178 1742; x_wconf 77' lang='grc' dir='ltr'>τὸ</span> <span class='ocrx_word' id='word_1_335' title='bbox 3195 1682 3621 1751; x_wconf 76' lang='grc' dir='ltr'>καταπέτασμα.</span> <span class='ocrx_word' id='word_1_336' title='bbox 3647 1681 3675 1734; x_wconf 87' lang='grc' dir='ltr'><strong>δ</strong></span> <span class='ocrx_word' id='word_1_337' title='bbox 3707 1680 3868 1747; x_wconf 69' lang='grc' dir='ltr'>διεῖρ-</span> 
     </span>
    </p>
   </div>
   <div class='ocr_carea' id='block_1_48' title="bbox 2285 1774 3866 1861">
    <p class='ocr_par' dir='ltr' id='par_1_48' title="bbox 2285 1774 3866 1861">
     <span class='ocr_line' id='line_1_48' title="bbox 2285 1774 3866 1861; baseline -0.014 -16"><span class='ocrx_word' id='word_1_338' title='bbox 2285 1809 2379 1861; x_wconf 86' lang='grc' dir='ltr'><strong>γεν</strong></span> <span class='ocrx_word' id='word_1_339' title='bbox 2413 1791 2558 1860; x_wconf 79' lang='grc' dir='ltr'>ἡμᾶς</span> <span class='ocrx_word' id='word_1_340' title='bbox 2583 1787 2692 1840; x_wconf 77' lang='grc' dir='ltr'><strong>ἀπὸ</strong></span> <span class='ocrx_word' id='word_1_341' title='bbox 2719 1787 2826 1840; x_wconf 90' lang='grc' dir='ltr'><strong>τῶν</strong></span> <span class='ocrx_word' id='word_1_342' title='bbox 2855 1789 2910 1838; x_wconf 81' lang='grc' dir='ltr'>ὲν</span> <span class='ocrx_word' id='word_1_343' title='bbox 2932 1785 3179 1852; x_wconf 76' lang='grc' dir='ltr'>οὐρανοῖς</span> <span class='ocrx_word' id='word_1_344' title='bbox 3209 1779 3402 1849; x_wconf 78' lang='grc' dir='ltr'>ἁγίων,</span> <span class='ocrx_word' id='word_1_345' title='bbox 3448 1776 3718 1846; x_wconf 76' lang='grc' dir='ltr'>σχίζεται,</span> <span class='ocrx_word' id='word_1_346' title='bbox 3751 1774 3866 1842; x_wconf 69' lang='grc' dir='ltr'>ἢτοι</span> 
     </span>
    </p>
   </div>
   <div class='ocr_carea' id='block_1_49' title="bbox 2284 1864 3868 1955">
    <p class='ocr_par' dir='ltr' id='par_1_49' title="bbox 2284 1864 3868 1955">
     <span class='ocr_line' id='line_1_49' title="bbox 2284 1864 3868 1955; baseline -0.015 -16"><span class='ocrx_word' id='word_1_347' title='bbox 2284 1886 2316 1955; x_wconf 83' lang='grc' dir='ltr'>ἠ</span> <span class='ocrx_word' id='word_1_348' title='bbox 2368 1883 2535 1954; x_wconf 79' lang='grc' dir='ltr'>ἔχθρα</span> <span class='ocrx_word' id='word_1_349' title='bbox 2576 1881 2672 1936; x_wconf 69' lang='grc' dir='ltr'>καὶ</span> <span class='ocrx_word' id='word_1_350' title='bbox 2714 1881 2747 1949; x_wconf 79' lang='grc' dir='ltr'>ἡ</span> <span class='ocrx_word' id='word_1_351' title='bbox 2801 1877 3043 1948; x_wconf 85' lang='grc' dir='ltr'>ἁμαρτία</span> <span class='ocrx_word' id='word_1_352' title='bbox 3076 1888 3090 1904; x_wconf 84' lang='lat'><strong><em>°</em></strong></span> <span class='ocrx_word' id='word_1_353' title='bbox 3143 1869 3302 1927; x_wconf 78' lang='grc' dir='ltr'>τοῦτο</span> <span class='ocrx_word' id='word_1_354' title='bbox 3333 1871 3442 1940; x_wconf 82' lang='grc' dir='ltr'>γὰρ</span> <span class='ocrx_word' id='word_1_355' title='bbox 3494 1864 3562 1933; x_wconf 75' lang='grc' dir='ltr'>ἦν</span> <span class='ocrx_word' id='word_1_356' title='bbox 3616 1868 3675 1920; x_wconf 74' lang='grc' dir='ltr'>τὸ</span> <span class='ocrx_word' id='word_1_357' title='bbox 3730 1868 3868 1934; x_wconf 79' lang='grc' dir='ltr'>μέγα</span> 
     </span>
    </p>
   </div>
   <div class='ocr_carea' id='block_1_50' title="bbox 2283 1958 3866 2047">
    <p class='ocr_par' dir='ltr' id='par_1_50' title="bbox 2283 1958 3866 2047">
     <span class='ocr_line' id='line_1_50' title="bbox 2283 1958 3866 2047; baseline -0.015 -15"><span class='ocrx_word' id='word_1_358' title='bbox 2283 1979 2625 2047; x_wconf 79' lang='grc' dir='ltr'>διάφραγμα,</span> <span class='ocrx_word' id='word_1_359' title='bbox 2652 1973 2713 2026; x_wconf 84' lang='grc' dir='ltr'>τὸ</span> <span class='ocrx_word' id='word_1_360' title='bbox 2734 1969 3112 2040; x_wconf 81' lang='grc' dir='ltr'>διιστῶνήμᾶς</span> <span class='ocrx_word' id='word_1_361' title='bbox 3136 1964 3369 2020; x_wconf 83' lang='grc' dir='ltr'>ἐκεῖθεν.</span> <span class='ocrx_word' id='word_1_362' title='bbox 3402 1965 3656 2016; x_wconf 79' lang='grc' dir='ltr'>Δείκνυσι</span> <span class='ocrx_word' id='word_1_363' title='bbox 3679 1958 3757 2020; x_wconf 80' lang='grc' dir='ltr'>δὲ,</span> <span class='ocrx_word' id='word_1_364' title='bbox 3787 1959 3866 2010; x_wconf 75' lang='grc' dir='ltr'>ὅτι</span> 
     </span>
    </p>
   </div>
   <div class='ocr_carea' id='block_1_51' title="bbox 2283 2053 3863 2138">
    <p class='ocr_par' dir='ltr' id='par_1_51' title="bbox 2283 2053 3863 2138">
     <span class='ocr_line' id='line_1_51' title="bbox 2283 2053 3863 2138; baseline -0.014 -14"><span class='ocrx_word' id='word_1_365' title='bbox 2283 2072 2342 2124; x_wconf 82' lang='grc' dir='ltr'>οὐ</span> <span class='ocrx_word' id='word_1_366' title='bbox 2370 2069 2437 2124; x_wconf 88' lang='grc' dir='ltr'><strong>δι’</strong></span> <span class='ocrx_word' id='word_1_367' title='bbox 2471 2067 2775 2138; x_wconf 82' lang='grc' dir='ltr'>ἀδυναμίαν</span> <span class='ocrx_word' id='word_1_368' title='bbox 2797 2061 3116 2132; x_wconf 80' lang='grc' dir='ltr'>ἐσταυρώθη</span> <span class='ocrx_word' id='word_1_369' title='bbox 3151 2075 3165 2091; x_wconf 83' lang='grc'><strong><em>⁸</em></strong></span> <span class='ocrx_word' id='word_1_370' title='bbox 3193 2061 3222 2113; x_wconf 88' lang='lat'><strong>6</strong></span> <span class='ocrx_word' id='word_1_371' title='bbox 3250 2059 3360 2128; x_wconf 84' lang='grc' dir='ltr'>γὰρ</span> <span class='ocrx_word' id='word_1_372' title='bbox 3386 2055 3562 2110; x_wconf 81' lang='grc' dir='ltr'>ταῦτα</span> <span class='ocrx_word' id='word_1_373' title='bbox 3611 2053 3863 2123; x_wconf 77' lang='grc' dir='ltr'>ποιήσας,</span> 
     </span>
    </p>
   </div>
   <div class='ocr_carea' id='block_1_52' title="bbox 2283 2143 3866 2231">
    <p class='ocr_par' dir='ltr' id='par_1_52' title="bbox 2283 2143 3866 2231">
     <span class='ocr_line' id='line_1_52' title="bbox 2283 2143 3866 2231; baseline -0.013 -16"><span class='ocrx_word' id='word_1_374' title='bbox 2283 2161 2514 2231; x_wconf 75' lang='grc' dir='ltr'>ἠδύνατο</span> <span class='ocrx_word' id='word_1_375' title='bbox 2544 2158 2832 2221; x_wconf 76' lang='grc' dir='ltr'>κάκείνους</span> <span class='ocrx_word' id='word_1_376' title='bbox 2848 2155 3139 2227; x_wconf 64' lang='grc' dir='ltr'>διαρρῆξαι</span> <span class='ocrx_word' id='word_1_377' title='bbox 3167 2152 3260 2208; x_wconf 75' lang='grc' dir='ltr'>καὶ</span> <span class='ocrx_word' id='word_1_378' title='bbox 3306 2150 3588 2220; x_wconf 80' lang='grc' dir='ltr'>ἀφανίσαι.</span> <span class='ocrx_word' id='word_1_379' title='bbox 3621 2147 3778 2215; x_wconf 75' lang='grc' dir='ltr'><strong>Φωνῇ</strong></span> <span class='ocrx_word' id='word_1_380' title='bbox 3810 2143 3866 2196; x_wconf 69' lang='grc' dir='ltr'><strong>δέ</strong></span> 
     </span>
    </p>
   </div>
   <div class='ocr_carea' id='block_1_53' title="bbox 2286 2235 3866 2325">
    <p class='ocr_par' dir='ltr' id='par_1_53' title="bbox 2286 2235 3866 2325">
     <span class='ocr_line' id='line_1_53' title="bbox 2286 2235 3866 2325; baseline -0.012 -17"><span class='ocrx_word' id='word_1_381' title='bbox 2286 2251 2497 2325; x_wconf 71' lang='grc' dir='ltr'>μεγάλῃ</span> <span class='ocrx_word' id='word_1_382' title='bbox 2517 2250 2746 2321; x_wconf 78' lang='grc' dir='ltr'>κράξας.</span> <span class='ocrx_word' id='word_1_383' title='bbox 2767 2248 2958 2319; x_wconf 77' lang='grc' dir='ltr'>ἀφίησι</span> <span class='ocrx_word' id='word_1_384' title='bbox 2980 2249 3040 2299; x_wconf 74' lang='grc' dir='ltr'>τὸ</span> <span class='ocrx_word' id='word_1_385' title='bbox 3057 2245 3296 2315; x_wconf 81' lang='grc' dir='ltr'>πνεῦμα.</span> <span class='ocrx_word' id='word_1_386' title='bbox 3333 2242 3610 2310; x_wconf 83' lang='grc' dir='ltr'>Ἐξουσίαν</span> <span class='ocrx_word' id='word_1_387' title='bbox 3629 2241 3738 2308; x_wconf 85' lang='grc' dir='ltr'>γὰρ</span> <span class='ocrx_word' id='word_1_388' title='bbox 3754 2235 3866 2308; x_wconf 68' lang='grc' dir='ltr'>εἶχε</span> 
     </span>
    </p>
   </div>
   <div class='ocr_carea' id='block_1_54' title="bbox 2283 2331 3865 2416">
    <p class='ocr_par' dir='ltr' id='par_1_54' title="bbox 2283 2331 3865 2416">
     <span class='ocr_line' id='line_1_54' title="bbox 2283 2331 3865 2416; baseline -0.011 -17"><span class='ocrx_word' id='word_1_389' title='bbox 2283 2348 2377 2416; x_wconf 81' lang='grc' dir='ltr'>τὴν</span> <span class='ocrx_word' id='word_1_390' title='bbox 2397 2343 2576 2416; x_wconf 75' lang='grc' dir='ltr'>ψύχὴν</span> <span class='ocrx_word' id='word_1_391' title='bbox 2594 2339 2757 2398; x_wconf 65' lang='grc' dir='ltr'>αὐτοῦ</span> <span class='ocrx_word' id='word_1_392' title='bbox 2776 2340 2962 2404; x_wconf 81' lang='grc' dir='ltr'>θεῖναι,</span> <span class='ocrx_word' id='word_1_393' title='bbox 2983 2339 3077 2393; x_wconf 71' lang='grc' dir='ltr'>καὶ</span> <span class='ocrx_word' id='word_1_394' title='bbox 3094 2338 3257 2392; x_wconf 77' lang='grc' dir='ltr'>πάλιν</span> <span class='ocrx_word' id='word_1_395' title='bbox 3277 2337 3460 2390; x_wconf 75' lang='grc' dir='ltr'>λαϐεῖν</span> <span class='ocrx_word' id='word_1_396' title='bbox 3490 2336 3680 2402; x_wconf 76' lang='grc' dir='ltr'>αὐτὴν.</span> <span class='ocrx_word' id='word_1_397' title='bbox 3709 2331 3817 2385; x_wconf 73' lang='grc' dir='ltr'><strong>Καὶ</strong></span> <span class='ocrx_word' id='word_1_398' title='bbox 3833 2332 3865 2397; x_wconf 83' lang='grc' dir='ltr'><strong>ἡ</strong></span> 
     </span>
    </p>
   </div>
   <div class='ocr_carea' id='block_1_55' title="bbox 2282 2426 3864 2509">
    <p class='ocr_par' dir='ltr' id='par_1_55' title="bbox 2282 2426 3864 2509">
     <span class='ocr_line' id='line_1_55' title="bbox 2282 2426 3864 2509; baseline -0.013 -15"><span class='ocrx_word' id='word_1_399' title='bbox 2282 2441 2434 2509; x_wconf 69' lang='grc' dir='ltr'>φωνὴ</span> <span class='ocrx_word' id='word_1_400' title='bbox 2455 2437 2594 2508; x_wconf 79' lang='grc' dir='ltr'>αὕτη</span> <span class='ocrx_word' id='word_1_401' title='bbox 2609 2435 2687 2506; x_wconf 83' lang='grc' dir='ltr'>τῷ</span> <span class='ocrx_word' id='word_1_402' title='bbox 2710 2435 3025 2504; x_wconf 76' lang='grc' dir='ltr'>κεντυρίωνι</span> <span class='ocrx_word' id='word_1_403' title='bbox 3053 2432 3147 2486; x_wconf 72' lang='grc' dir='ltr'>καὶ</span> <span class='ocrx_word' id='word_1_404' title='bbox 3171 2427 3339 2486; x_wconf 83' lang='grc' dir='ltr'>τᾶλλα</span> <span class='ocrx_word' id='word_1_405' title='bbox 3355 2428 3612 2497; x_wconf 82' lang='grc' dir='ltr'>θαύματα</span> <span class='ocrx_word' id='word_1_406' title='bbox 3630 2426 3864 2486; x_wconf 80' lang='grc' dir='ltr'>πίστεως</span> 
     </span>
    </p>
   </div>
   <div class='ocr_carea' id='block_1_56' title="bbox 2281 2514 3865 2602">
    <p class='ocr_par' dir='ltr' id='par_1_56' title="bbox 2281 2514 3865 2602">
     <span class='ocr_line' id='line_1_56' title="bbox 2281 2514 3865 2602; baseline -0.01 -18"><span class='ocrx_word' id='word_1_407' title='bbox 2281 2531 2553 2602; x_wconf 73' lang='grc' dir='ltr'>πρόφασις</span> <span class='ocrx_word' id='word_1_408' title='bbox 2584 2528 2817 2593; x_wconf 81' lang='grc' dir='ltr'>ἐγένετο.</span> <span class='ocrx_word' id='word_1_409' title='bbox 2851 2526 2924 2578; x_wconf 82' lang='grc' dir='ltr'><strong>Οὐ</strong></span> <span class='ocrx_word' id='word_1_410' title='bbox 2947 2524 3056 2592; x_wconf 78' lang='grc' dir='ltr'><strong>γὰρ</strong></span> <span class='ocrx_word' id='word_1_411' title='bbox 3078 2523 3152 2585; x_wconf 84' lang='grc' dir='ltr'>ὡς</span> <span class='ocrx_word' id='word_1_412' title='bbox 3185 2521 3362 2584; x_wconf 84' lang='grc' dir='ltr'>κοινὸς</span> <span class='ocrx_word' id='word_1_413' title='bbox 3389 2519 3698 2588; x_wconf 66' lang='grc' dir='ltr'>ἄνθρωπτς,</span> <span class='ocrx_word' id='word_1_414' title='bbox 3729 2514 3865 2568; x_wconf 71' lang='grc' dir='ltr'>ἀλλὰ</span> 
     </span>
    </p>
   </div>
   <div class='ocr_carea' id='block_1_57' title="bbox 2280 2610 3864 2695">
    <p class='ocr_par' dir='ltr' id='par_1_57' title="bbox 2280 2610 3864 2695">
     <span class='ocr_line' id='line_1_57' title="bbox 2280 2610 3864 2695; baseline -0.013 -17"><span class='ocrx_word' id='word_1_415' title='bbox 2280 2623 2615 2685; x_wconf 82' lang='grc' dir='ltr'>δεσποτικῶς</span> <span class='ocrx_word' id='word_1_416' title='bbox 2647 2619 2978 2689; x_wconf 81' lang='grc' dir='ltr'>ἀπέθνησκε.</span> <span class='ocrx_word' id='word_1_417' title='bbox 3019 2618 3128 2669; x_wconf 67' lang='grc' dir='ltr'><strong>Καὶ</strong></span> <span class='ocrx_word' id='word_1_418' title='bbox 3159 2613 3486 2695; x_wconf 70' lang='grc' dir='ltr'>παραθήκην</span> <span class='ocrx_word' id='word_1_419' title='bbox 3509 2612 3602 2663; x_wconf 73' lang='grc' dir='ltr'><strong>τὸν</strong></span> <span class='ocrx_word' id='word_1_420' title='bbox 3634 2610 3864 2662; x_wconf 69' lang='grc' dir='ltr'>θάνατον</span> 
     </span>
    </p>
   </div>
   <div class='ocr_carea' id='block_1_58' title="bbox 2281 2698 3863 2782">
    <p class='ocr_par' dir='ltr' id='par_1_58' title="bbox 2281 2698 3863 2782">
     <span class='ocr_line' id='line_1_58' title="bbox 2281 2698 3863 2782; baseline -0.012 -14"><span class='ocrx_word' id='word_1_421' title='bbox 2281 2716 2596 2782; x_wconf 82' lang='grc' dir='ltr'>ὠνόμασεν,</span> <span class='ocrx_word' id='word_1_422' title='bbox 2640 2711 2715 2773; x_wconf 77' lang='grc' dir='ltr'><strong>ώς</strong></span> <span class='ocrx_word' id='word_1_423' title='bbox 2764 2712 2926 2762; x_wconf 77' lang='grc' dir='ltr'>πάλιν</span> <span class='ocrx_word' id='word_1_424' title='bbox 2959 2707 3264 2778; x_wconf 78' lang='grc' dir='ltr'>ληψόμενος</span> <span class='ocrx_word' id='word_1_425' title='bbox 3296 2703 3396 2775; x_wconf 80' lang='grc' dir='ltr'>τὴν</span> <span class='ocrx_word' id='word_1_426' title='bbox 3436 2703 3636 2772; x_wconf 72' lang='grc' dir='ltr'>ψυχήν.</span> <span class='ocrx_word' id='word_1_427' title='bbox 3675 2698 3863 2769; x_wconf 66' lang='grc' dir='ltr'>Ταύτῃ</span> 
     </span>
    </p>
   </div>
   <div class='ocr_carea' id='block_1_59' title="bbox 2281 2793 3861 2878">
    <p class='ocr_par' dir='ltr' id='par_1_59' title="bbox 2281 2793 3861 2878">
     <span class='ocr_line' id='line_1_59' title="bbox 2281 2793 3861 2878; baseline -0.013 -15"><span class='ocrx_word' id='word_1_428' title='bbox 2281 2810 2338 2863; x_wconf 82' lang='grc' dir='ltr'>δὲ</span> <span class='ocrx_word' id='word_1_429' title='bbox 2390 2811 2454 2878; x_wconf 81' lang='grc' dir='ltr'><strong>τῇ</strong></span> <span class='ocrx_word' id='word_1_430' title='bbox 2501 2809 2653 2876; x_wconf 78' lang='grc' dir='ltr'>φωνῇ</span> <span class='ocrx_word' id='word_1_431' title='bbox 2704 2807 2769 2876; x_wconf 81' lang='grc' dir='ltr'>τῇ</span> <span class='ocrx_word' id='word_1_432' title='bbox 2847 2803 3032 2874; x_wconf 79' lang='grc' dir='ltr'>πρώτῃ</span> <span class='ocrx_word' id='word_1_433' title='bbox 3084 2799 3398 2869; x_wconf 74' lang='grc' dir='ltr'>ἐλευθερίας</span> <span class='ocrx_word' id='word_1_434' title='bbox 3443 2796 3759 2866; x_wconf 74' lang='grc' dir='ltr'>ἠξιώθησαν</span> <span class='ocrx_word' id='word_1_435' title='bbox 3807 2793 3861 2844; x_wconf 80' lang='grc' dir='ltr'>αἱ</span> 
     </span>
    </p>
   </div>
   <div class='ocr_carea' id='block_1_60' title="bbox 2277 2884 3861 2971">
    <p class='ocr_par' dir='ltr' id='par_1_60' title="bbox 2277 2884 3861 2971">
     <span class='ocr_line' id='line_1_60' title="bbox 2277 2884 3861 2971; baseline -0.011 -17"><span class='ocrx_word' id='word_1_436' title='bbox 2277 2901 2447 2971; x_wconf 73' lang='grc' dir='ltr'>ψυχαὶ</span> <span class='ocrx_word' id='word_1_437' title='bbox 2499 2897 2680 2969; x_wconf 84' lang='grc' dir='ltr'>ήμῶν,</span> <span class='ocrx_word' id='word_1_438' title='bbox 2731 2895 2941 2950; x_wconf 78' lang='grc' dir='ltr'>οὐκέτι</span> <span class='ocrx_word' id='word_1_439' title='bbox 2975 2893 3069 2947; x_wconf 82' lang='grc' dir='ltr'>τοῦ</span> <span class='ocrx_word' id='word_1_440' title='bbox 3117 2890 3368 2945; x_wconf 80' lang='grc' dir='ltr'>διαϐόλου</span> <span class='ocrx_word' id='word_1_441' title='bbox 3400 2888 3617 2959; x_wconf 74' lang='grc' dir='ltr'>ἔχοντος</span> <span class='ocrx_word' id='word_1_442' title='bbox 3666 2884 3861 2958; x_wconf 65' lang='grc' dir='ltr'>[ἰσχὺν</span> 
     </span>
    </p>
   </div>
   <div class='ocr_carea' id='block_1_61' title="bbox 2281 2977 3860 3062">
    <p class='ocr_par' dir='ltr' id='par_1_61' title="bbox 2281 2977 3860 3062">
     <span class='ocr_line' id='line_1_61' title="bbox 2281 2977 3860 3062; baseline -0.011 -16"><span class='ocrx_word' id='word_1_443' title='bbox 2281 2989 2437 3062; x_wconf 83' lang='grc' dir='ltr'>κατ’]</span> <span class='ocrx_word' id='word_1_444' title='bbox 2480 2989 2681 3052; x_wconf 84' lang='grc' dir='ltr'>αὐτῶν,</span> <span class='ocrx_word' id='word_1_445' title='bbox 2722 2987 2858 3041; x_wconf 82' lang='grc' dir='ltr'>ἀλλὰ</span> <span class='ocrx_word' id='word_1_446' title='bbox 2903 2985 2978 3056; x_wconf 77' lang='grc' dir='ltr'>τῷ</span> <span class='ocrx_word' id='word_1_447' title='bbox 3020 2985 3195 3052; x_wconf 76' lang='grc' dir='ltr'>Πατρὶ</span> <span class='ocrx_word' id='word_1_448' title='bbox 3232 2980 3704 3052; x_wconf 80' lang='grc' dir='ltr'>παρατιθεμένων.</span> <span class='ocrx_word' id='word_1_449' title='bbox 3748 2977 3860 3048; x_wconf 65' lang='grc' dir='ltr'><strong>Πρὸ</strong></span> 
     </span>
    </p>
   </div>
   <div class='ocr_carea' id='block_1_62' title="bbox 609 3060 2176 3172">
    <p class='ocr_par' dir='ltr' id='par_1_62' title="bbox 609 3060 2173 3121">
     <span class='ocr_line' id='line_1_62' title="bbox 609 3060 2173 3121; baseline 0.005 -8"><span class='ocrx_word' id='word_1_450' title='bbox 609 3060 760 3121; x_wconf 81' lang='lat' dir='ltr'><strong>Patri</strong></span> <span class='ocrx_word' id='word_1_451' title='bbox 780 3062 1201 3116; x_wconf 78' lang='lat' dir='ltr'><strong>commendatus.</strong></span> <span class='ocrx_word' id='word_1_452' title='bbox 1234 3064 1369 3115; x_wconf 84' lang='lat' dir='ltr'><strong>Ante</strong></span> <span class='ocrx_word' id='word_1_453' title='bbox 1399 3074 1628 3119; x_wconf 88' lang='lat' dir='ltr'><strong>mortem</strong></span> <span class='ocrx_word' id='word_1_454' title='bbox 1659 3066 1803 3119; x_wconf 87' lang='lat' dir='ltr'><strong>enim</strong></span> <span class='ocrx_word' id='word_1_455' title='bbox 1828 3063 2028 3121; x_wconf 89' lang='lat' dir='ltr'><strong>Christi</strong></span> <span class='ocrx_word' id='word_1_456' title='bbox 2060 3085 2173 3121; x_wconf 87' lang='lat' dir='ltr'><strong>tua-</strong></span> 
     </span>
    </p>
   </div>
   <div class='ocr_carea' id='block_1_63' title="bbox 2281 3060 3860 3172">
    <p class='ocr_par' dir='ltr' id='par_1_63' title="bbox 2283 3060 3860 3155">
     <span class='ocr_line' id='line_1_63' title="bbox 2283 3060 3860 3155; baseline -0.011 -16"><span class='ocrx_word' id='word_1_457' title='bbox 2283 3085 2391 3155; x_wconf 78' lang='grc' dir='ltr'>γὰρ</span> <span class='ocrx_word' id='word_1_458' title='bbox 2425 3060 2518 3138; x_wconf 79' lang='grc' dir='ltr'>τοῦ</span> <span class='ocrx_word' id='word_1_459' title='bbox 2555 3082 2785 3137; x_wconf 84' lang='grc' dir='ltr'>θανάτου</span> <span class='ocrx_word' id='word_1_460' title='bbox 2831 3079 2926 3133; x_wconf 85' lang='grc' dir='ltr'>τοῦ</span> <span class='ocrx_word' id='word_1_461' title='bbox 2968 3077 3205 3148; x_wconf 78' lang='grc' dir='ltr'>Χριστοῦ</span> <span class='ocrx_word' id='word_1_462' title='bbox 3243 3075 3384 3145; x_wconf 82' lang='grc' dir='ltr'>μέγα</span> <span class='ocrx_word' id='word_1_463' title='bbox 3431 3073 3638 3126; x_wconf 83' lang='grc' dir='ltr'>δίκαιον</span> <span class='ocrx_word' id='word_1_464' title='bbox 3669 3066 3735 3143; x_wconf 81' lang='grc' dir='ltr'>ἧν</span> <span class='ocrx_word' id='word_1_465' title='bbox 3784 3070 3860 3136; x_wconf 75' lang='grc' dir='ltr'>τῷ</span> 
     </span>
    </p>
   </div>
   <div class='ocr_carea' id='block_1_64' title="bbox 605 3155 2171 3231">
    <p class='ocr_par' dir='ltr' id='par_1_64' title="bbox 605 3155 2171 3231">
     <span class='ocr_line' id='line_1_64' title="bbox 605 3155 2171 3231; baseline 0.006 -22"><span class='ocrx_word' id='word_1_466' title='bbox 605 3171 767 3225; x_wconf 80' lang='lat' dir='ltr'><strong>guunt</strong></span> <span class='ocrx_word' id='word_1_467' title='bbox 793 3155 879 3221; x_wconf 89' lang='lat' dir='ltr'><strong>jus</strong></span> <span class='ocrx_word' id='word_1_468' title='bbox 909 3155 1008 3210; x_wconf 79' lang='lat' dir='ltr'><strong>fuit</strong></span> <span class='ocrx_word' id='word_1_469' title='bbox 1041 3157 1256 3211; x_wconf 83' lang='lat' dir='ltr'><strong>diabolo</strong></span> <span class='ocrx_word' id='word_1_470' title='bbox 1294 3160 1343 3212; x_wconf 93' lang='lat' dir='ltr'><strong>in</strong></span> <span class='ocrx_word' id='word_1_471' title='bbox 1373 3160 1603 3215; x_wconf 89' lang='lat' dir='ltr'><strong>animas.</strong></span> <span class='ocrx_word' id='word_1_472' title='bbox 1629 3162 1667 3213; x_wconf 85' lang='lat' dir='ltr'><strong>A</strong></span> <span class='ocrx_word' id='word_1_473' title='bbox 1697 3176 1803 3231; x_wconf 83' lang='lat' dir='ltr'><strong>quo</strong></span> <span class='ocrx_word' id='word_1_474' title='bbox 1831 3172 2008 3217; x_wconf 89' lang='lat' dir='ltr'><strong>autem</strong></span> <span class='ocrx_word' id='word_1_475' title='bbox 2041 3174 2171 3218; x_wconf 87' lang='lat' dir='ltr'><strong>tem-</strong></span> 
     </span>
    </p>
   </div>
   <div class='ocr_carea' id='block_1_65' title="bbox 607 3245 2175 3322">
    <p class='ocr_par' dir='ltr' id='par_1_65' title="bbox 607 3245 2175 3322">
     <span class='ocr_line' id='line_1_65' title="bbox 607 3245 2175 3322; baseline 0.008 -24"><span class='ocrx_word' id='word_1_476' title='bbox 607 3261 736 3314; x_wconf 82' lang='lat' dir='ltr'><strong>pore</strong></span> <span class='ocrx_word' id='word_1_477' title='bbox 767 3245 933 3302; x_wconf 72' lang='lat' dir='ltr'><strong>Filius</strong></span> <span class='ocrx_word' id='word_1_478' title='bbox 971 3265 1073 3303; x_wconf 89' lang='lat' dir='ltr'><strong>non</strong></span> <span class='ocrx_word' id='word_1_479' title='bbox 1101 3249 1326 3314; x_wconf 80' lang='lat' dir='ltr'><strong>inferno,</strong></span> <span class='ocrx_word' id='word_1_480' title='bbox 1349 3253 1441 3306; x_wconf 72' lang='lat' dir='ltr'><strong>sed</strong></span> <span class='ocrx_word' id='word_1_481' title='bbox 1473 3254 1712 3322; x_wconf 84' lang='lat' dir='ltr'><strong>paternis</strong></span> <span class='ocrx_word' id='word_1_482' title='bbox 1741 3256 1988 3311; x_wconf 88' lang='lat' dir='ltr'><strong>manibus</strong></span> <span class='ocrx_word' id='word_1_483' title='bbox 2026 3272 2175 3311; x_wconf 54' lang='lat' dir='ltr'><strong>como</strong></span> 
     </span>
    </p>
   </div>
   <div class='ocr_carea' id='block_1_66' title="bbox 609 3338 2173 3408">
    <p class='ocr_par' dir='ltr' id='par_1_66' title="bbox 609 3338 2173 3408">
     <span class='ocr_line' id='line_1_66' title="bbox 609 3338 2173 3408; baseline 0.008 -18"><span class='ocrx_word' id='word_1_484' title='bbox 609 3338 881 3392; x_wconf 75' lang='lat' dir='ltr'><strong>mendavit</strong></span> <span class='ocrx_word' id='word_1_485' title='bbox 926 3339 1207 3408; x_wconf 88' lang='lat' dir='ltr'><strong>spiritum,</strong></span> <span class='ocrx_word' id='word_1_486' title='bbox 1264 3342 1571 3398; x_wconf 81' lang='lat' dir='ltr'><strong>libertatem</strong></span> <span class='ocrx_word' id='word_1_487' title='bbox 1631 3355 1895 3401; x_wconf 59' lang='lat' dir='ltr'><strong>assecuta</strong></span> <span class='ocrx_word' id='word_1_488' title='bbox 1932 3358 2057 3404; x_wconf 80' lang='lat' dir='ltr'><strong>sunt</strong></span> <span class='ocrx_word' id='word_1_489' title='bbox 2106 3353 2173 3403; x_wconf 86' lang='lat' dir='ltr'><strong>ab</strong></span> 
     </span>
    </p>
   </div>
   <div class='ocr_carea' id='block_1_67' title="bbox 606 3427 2176 3505">
    <p class='ocr_par' dir='ltr' id='par_1_67' title="bbox 606 3427 2176 3505">
     <span class='ocr_line' id='line_1_67' title="bbox 606 3427 2176 3505; baseline 0.01 -26"><span class='ocrx_word' id='word_1_490' title='bbox 606 3427 837 3485; x_wconf 82' lang='lat' dir='ltr'><strong>inferno.</strong></span> <span class='ocrx_word' id='word_1_491' title='bbox 865 3428 928 3484; x_wconf 90' lang='lat' dir='ltr'><strong>Et</strong></span> <span class='ocrx_word' id='word_1_492' title='bbox 957 3431 1060 3485; x_wconf 89' lang='lat' dir='ltr'><strong>hoc</strong></span> <span class='ocrx_word' id='word_1_493' title='bbox 1085 3433 1226 3498; x_wconf 85' lang='lat' dir='ltr'><strong>quod</strong></span> <span class='ocrx_word' id='word_1_494' title='bbox 1253 3433 1378 3487; x_wconf 89' lang='lat' dir='ltr'><strong>dicit</strong></span> <span class='ocrx_word' id='word_1_495' title='bbox 1404 3433 1692 3499; x_wconf 87' lang='lat' dir='ltr'><strong>Dominus,</strong></span> <span class='ocrx_word' id='word_1_496' title='bbox 1722 3455 1739 3488; x_wconf 82' lang='lat' dir='ltr'><strong>t</strong></span> <span class='ocrx_word' id='word_1_497' title='bbox 1775 3435 2004 3505; x_wconf 85' lang='lat' dir='ltr'><strong>Quando</strong></span> <span class='ocrx_word' id='word_1_498' title='bbox 2030 3441 2176 3495; x_wconf 78' lang='lat' dir='ltr'><strong>exul-</strong></span> 
     </span>
    </p>
   </div>
   <div class='ocr_carea' id='block_1_68' title="bbox 605 3521 2173 3596">
    <p class='ocr_par' dir='ltr' id='par_1_68' title="bbox 605 3521 2173 3596">
     <span class='ocr_line' id='line_1_68' title="bbox 605 3521 2173 3596; baseline 0.009 -22"><span class='ocrx_word' id='word_1_499' title='bbox 605 3529 745 3576; x_wconf 78' lang='lat' dir='ltr'><strong>talus</strong></span> <span class='ocrx_word' id='word_1_500' title='bbox 776 3521 949 3587; x_wconf 84' lang='lat' dir='ltr'><strong>fuero,</strong></span> <span class='ocrx_word' id='word_1_501' title='bbox 989 3524 1196 3578; x_wconf 88' lang='lat' dir='ltr'><strong>traham</strong></span> <span class='ocrx_word' id='word_1_502' title='bbox 1235 3527 1301 3581; x_wconf 88' lang='lat' dir='ltr'><strong>ad</strong></span> <span class='ocrx_word' id='word_1_503' title='bbox 1337 3543 1420 3583; x_wconf 91' lang='lat' dir='ltr'><strong>me</strong></span> <span class='ocrx_word' id='word_1_504' title='bbox 1456 3531 1655 3596; x_wconf 89' lang='lat' dir='ltr'><strong>omnia,</strong></span> <span class='ocrx_word' id='word_1_505' title='bbox 1718 3554 1735 3585; x_wconf 79' lang='grc' dir='ltr'><strong>ι</strong></span> <span class='ocrx_word' id='word_1_506' title='bbox 1779 3551 1920 3590; x_wconf 92' lang='lat' dir='ltr'><strong>nunc</strong></span> <span class='ocrx_word' id='word_1_507' title='bbox 1963 3536 2173 3589; x_wconf 76' lang='lat' dir='ltr'><strong>Vidt&#39;illl&#39;</strong></span> 
     </span>
    </p>
   </div>
   <div class='ocr_carea' id='block_1_69' title="bbox 603 3617 2172 3691">
    <p class='ocr_par' dir='ltr' id='par_1_69' title="bbox 603 3617 2172 3691">
     <span class='ocr_line' id='line_1_69' title="bbox 603 3617 2172 3691; baseline 0.008 -23"><span class='ocrx_word' id='word_1_508' title='bbox 603 3626 1059 3671; x_wconf 88' lang='lat' dir='ltr'><strong>consummatum.</strong></span> <span class='ocrx_word' id='word_1_509' title='bbox 1121 3617 1402 3677; x_wconf 85' lang='lat' dir='ltr'><strong>Exaltattts</strong></span> <span class='ocrx_word' id='word_1_510' title='bbox 1441 3623 1584 3678; x_wconf 89' lang='lat' dir='ltr'><strong>enim</strong></span> <span class='ocrx_word' id='word_1_511' title='bbox 1638 3627 1688 3679; x_wconf 93' lang='lat' dir='ltr'><strong>iu</strong></span> <span class='ocrx_word' id='word_1_512' title='bbox 1753 3642 1950 3691; x_wconf 88' lang='lat' dir='ltr'><strong>cruce,</strong></span> <span class='ocrx_word' id='word_1_513' title='bbox 2009 3628 2172 3681; x_wconf 78' lang='lat' dir='ltr'><strong>traxit</strong></span> 
     </span>
    </p>
   </div>
   <div class='ocr_carea' id='block_1_70' title="bbox 604 3705 2168 3775">
    <p class='ocr_par' dir='ltr' id='par_1_70' title="bbox 604 3705 2168 3775">
     <span class='ocr_line' id='line_1_70' title="bbox 604 3705 2168 3775; baseline 0.01 -18"><span class='ocrx_word' id='word_1_514' title='bbox 604 3705 894 3772; x_wconf 84' lang='lat' dir='ltr'><strong>latronem,</strong></span> <span class='ocrx_word' id='word_1_515' title='bbox 929 3708 1092 3762; x_wconf 73' lang='lat' dir='ltr'><strong>traxit</strong></span> <span class='ocrx_word' id='word_1_516' title='bbox 1122 3713 1515 3767; x_wconf 87' lang='lat' dir='ltr'><strong>centurionem.</strong></span> <span class='ocrx_word' id='word_1_517' title='bbox 1551 3712 1939 3772; x_wconf 81' lang='lat' dir='ltr'><strong>Percusseruut</strong></span> <span class='ocrx_word' id='word_1_518' title='bbox 1991 3728 2168 3775; x_wconf 72' lang='lat' dir='ltr'><strong>autem</strong></span> 
     </span>
    </p>
   </div>
   <div class='ocr_carea' id='block_1_71' title="bbox 604 3797 2171 3883">
    <p class='ocr_par' dir='ltr' id='par_1_71' title="bbox 604 3797 2171 3883">
     <span class='ocr_line' id='line_1_71' title="bbox 604 3797 2171 3883; baseline 0.012 -33"><span class='ocrx_word' id='word_1_519' title='bbox 604 3807 655 3851; x_wconf 86' lang='lat' dir='ltr'><strong>et</strong></span> <span class='ocrx_word' id='word_1_520' title='bbox 680 3807 894 3867; x_wconf 74' lang='lat' dir='ltr'><strong>pectora</strong></span> <span class='ocrx_word' id='word_1_521' title='bbox 926 3797 1232 3855; x_wconf 70' lang='lat' dir='ltr'><strong>Judaeorum</strong></span> <span class='ocrx_word' id='word_1_522' title='bbox 1261 3805 1498 3872; x_wconf 85' lang='lat' dir='ltr'><strong>quidam,</strong></span> <span class='ocrx_word' id='word_1_523' title='bbox 1526 3818 1576 3862; x_wconf 88' lang='lat' dir='ltr'><strong>et</strong></span> <span class='ocrx_word' id='word_1_524' title='bbox 1601 3811 1953 3866; x_wconf 81' lang='lat' dir='ltr'><strong>crucilixores</strong></span> <span class='ocrx_word' id='word_1_525' title='bbox 1979 3829 2171 3883; x_wconf 53' lang='lat' dir='ltr'><strong>argue-</strong></span> 
     </span>
    </p>
   </div>
   <div class='ocr_carea' id='block_1_72' title="bbox 605 3888 2173 3976">
    <p class='ocr_par' dir='ltr' id='par_1_72' title="bbox 605 3888 2173 3976">
     <span class='ocr_line' id='line_1_72' title="bbox 605 3888 2173 3976; baseline 0.012 -34"><span class='ocrx_word' id='word_1_526' title='bbox 605 3888 764 3955; x_wconf 89' lang='lat' dir='ltr'><strong>bant,</strong></span> <span class='ocrx_word' id='word_1_527' title='bbox 818 3890 1105 3948; x_wconf 83' lang='lat' dir='ltr'><strong>manifeste</strong></span> <span class='ocrx_word' id='word_1_528' title='bbox 1152 3892 1335 3949; x_wconf 84' lang='lat' dir='ltr'><strong>Jesutn</strong></span> <span class='ocrx_word' id='word_1_529' title='bbox 1377 3896 1760 3964; x_wconf 80' lang='lat' dir='ltr'><strong>justiﬁeautcs.</strong></span> <span class='ocrx_word' id='word_1_530' title='bbox 1809 3901 1876 3958; x_wconf 91' lang='lat' dir='ltr'><strong>Et</strong></span> <span class='ocrx_word' id='word_1_531' title='bbox 1923 3906 2173 3976; x_wconf 82' lang='lat' dir='ltr'><strong>discipuli</strong></span> 
     </span>
    </p>
   </div>
   <div class='ocr_carea' id='block_1_73' title="bbox 604 3981 2171 4060">
    <p class='ocr_par' dir='ltr' id='par_1_73' title="bbox 604 3981 2171 4060">
     <span class='ocr_line' id='line_1_73' title="bbox 604 3981 2171 4060; baseline 0.013 -28"><span class='ocrx_word' id='word_1_532' title='bbox 604 3981 818 4050; x_wconf 88' lang='lat' dir='ltr'><strong>quidem</strong></span> <span class='ocrx_word' id='word_1_533' title='bbox 856 3982 1104 4053; x_wconf 75' lang='lat' dir='ltr'><strong>fugerunt</strong></span> <span class='ocrx_word' id='word_1_534' title='bbox 1146 4005 1159 4041; x_wconf 91' lang='lat'><strong>:</strong></span> <span class='ocrx_word' id='word_1_535' title='bbox 1195 3987 1445 4045; x_wconf 87' lang='lat' dir='ltr'><strong>mulieres</strong></span> <span class='ocrx_word' id='word_1_536' title='bbox 1491 4002 1706 4060; x_wconf 88' lang='lat' dir='ltr'><strong>autem,</strong></span> <span class='ocrx_word' id='word_1_537' title='bbox 1751 3997 2171 4052; x_wconf 87' lang='lat' dir='ltr'><strong>condemnatum</strong></span> 
     </span>
    </p>
   </div>
   <div class='ocr_carea' id='block_1_74' title="bbox 603 4075 2172 4156">
    <p class='ocr_par' dir='ltr' id='par_1_74' title="bbox 603 4075 2172 4156">
     <span class='ocr_line' id='line_1_74' title="bbox 603 4075 2172 4156; baseline 0.014 -30"><span class='ocrx_word' id='word_1_538' title='bbox 603 4083 659 4126; x_wconf 89' lang='lat' dir='ltr'><strong>ct</strong></span> <span class='ocrx_word' id='word_1_539' title='bbox 695 4075 1036 4130; x_wconf 86' lang='lat' dir='ltr'><strong>maledictum</strong></span> <span class='ocrx_word' id='word_1_540' title='bbox 1070 4094 1239 4149; x_wconf 73' lang='lat' dir='ltr'><strong>genus</strong></span> <span class='ocrx_word' id='word_1_541' title='bbox 1262 4121 1277 4148; x_wconf 86' lang='lat'><strong>,</strong></span> <span class='ocrx_word' id='word_1_542' title='bbox 1324 4095 1645 4151; x_wconf 87' lang='lat' dir='ltr'><strong>permanent</strong></span> <span class='ocrx_word' id='word_1_543' title='bbox 1673 4102 1735 4142; x_wconf 89' lang='lat' dir='ltr'><strong>ac</strong></span> <span class='ocrx_word' id='word_1_544' title='bbox 1779 4101 2024 4156; x_wconf 75' lang='lat' dir='ltr'><strong>spectant</strong></span> <span class='ocrx_word' id='word_1_545' title='bbox 2057 4093 2172 4147; x_wconf 74' lang='lat' dir='ltr'><strong>lucc</strong></span> 
     </span>
    </p>
   </div>
   <div class='ocr_carea' id='block_1_75' title="bbox 601 4165 2170 4240">
    <p class='ocr_par' dir='ltr' id='par_1_75' title="bbox 601 4165 2170 4240">
     <span class='ocr_line' id='line_1_75' title="bbox 601 4165 2170 4240; baseline 0.015 -24"><span class='ocrx_word' id='word_1_546' title='bbox 601 4165 806 4231; x_wconf 86' lang='lat' dir='ltr'><strong>omnia,</strong></span> <span class='ocrx_word' id='word_1_547' title='bbox 833 4175 886 4220; x_wconf 90' lang='lat' dir='ltr'><strong>et</strong></span> <span class='ocrx_word' id='word_1_548' title='bbox 905 4167 1293 4236; x_wconf 86' lang='lat' dir='ltr'><strong>justilicatione</strong></span> <span class='ocrx_word' id='word_1_549' title='bbox 1317 4189 1379 4228; x_wconf 86' lang='lat' dir='ltr'><strong>ac</strong></span> <span class='ocrx_word' id='word_1_550' title='bbox 1409 4179 1776 4236; x_wconf 85' lang='lat' dir='ltr'><strong>benedictione</strong></span> <span class='ocrx_word' id='word_1_551' title='bbox 1803 4183 1889 4236; x_wconf 87' lang='lat' dir='ltr'><strong>illa</strong></span> <span class='ocrx_word' id='word_1_552' title='bbox 1919 4184 2170 4240; x_wconf 79' lang='lat' dir='ltr'><strong>fruuntur</strong></span> 
     </span>
    </p>
   </div>
   <div class='ocr_carea' id='block_1_76' title="bbox 601 4255 2169 4332">
    <p class='ocr_par' dir='ltr' id='par_1_76' title="bbox 601 4255 2169 4332">
     <span class='ocr_line' id='line_1_76' title="bbox 601 4255 2169 4332; baseline 0.016 -25"><span class='ocrx_word' id='word_1_553' title='bbox 601 4255 816 4324; x_wconf 73' lang='lat' dir='ltr'><strong>primm,</strong></span> <span class='ocrx_word' id='word_1_554' title='bbox 855 4260 996 4314; x_wconf 82' lang='lat' dir='ltr'><strong>sicut</strong></span> <span class='ocrx_word' id='word_1_555' title='bbox 1023 4272 1075 4320; x_wconf 79' lang='lat' dir='ltr'><strong>et</strong></span> <span class='ocrx_word' id='word_1_556' title='bbox 1109 4268 1524 4322; x_wconf 79' lang='lat' dir='ltr'><strong>resurrectione.</strong></span> <span class='ocrx_word' id='word_1_557' title='bbox 1570 4267 1648 4324; x_wconf 88' lang='lat' dir='ltr'><strong>Ttt</strong></span> <span class='ocrx_word' id='word_1_558' title='bbox 1680 4283 1857 4328; x_wconf 86' lang='lat' dir='ltr'><strong>autem</strong></span> <span class='ocrx_word' id='word_1_559' title='bbox 1897 4275 2169 4332; x_wconf 78' lang='lat' dir='ltr'><strong>admirare</strong></span> 
     </span>
    </p>
   </div>
   <div class='ocr_carea' id='block_1_77' title="bbox 597 4351 2169 4430">
    <p class='ocr_par' dir='ltr' id='par_1_77' title="bbox 597 4351 2169 4430">
     <span class='ocr_line' id='line_1_77' title="bbox 597 4351 2169 4430; baseline 0.017 -28"><span class='ocrx_word' id='word_1_560' title='bbox 597 4351 891 4405; x_wconf 69' lang='lat' dir='ltr'><strong>cmcitatem</strong></span> <span class='ocrx_word' id='word_1_561' title='bbox 919 4351 1247 4422; x_wconf 74' lang='lat' dir='ltr'><strong>ludat-orum,</strong></span> <span class='ocrx_word' id='word_1_562' title='bbox 1288 4363 1429 4430; x_wconf 88' lang='lat' dir='ltr'><strong>quod</strong></span> <span class='ocrx_word' id='word_1_563' title='bbox 1456 4361 1675 4428; x_wconf 89' lang='lat' dir='ltr'><strong>dicunt,</strong></span> <span class='ocrx_word' id='word_1_564' title='bbox 1718 4387 1736 4419; x_wconf 83' lang='grc' dir='ltr'><strong>ι</strong></span> <span class='ocrx_word' id='word_1_565' title='bbox 1778 4368 2074 4426; x_wconf 69' lang='lat' dir='ltr'><strong>Desceudat</strong></span> <span class='ocrx_word' id='word_1_566' title='bbox 2104 4376 2169 4430; x_wconf 90' lang='lat' dir='ltr'><strong>de</strong></span> 
     </span>
    </p>
   </div>
   <div class='ocr_carea' id='block_1_78' title="bbox 2280 3161 3859 3244">
    <p class='ocr_par' dir='ltr' id='par_1_78' title="bbox 2280 3161 3859 3244">
     <span class='ocr_line' id='line_1_78' title="bbox 2280 3161 3859 3244; baseline -0.011 -12"><span class='ocrx_word' id='word_1_567' title='bbox 2280 3176 2510 3244; x_wconf 79' lang='grc' dir='ltr'>διαϐόλῳ</span> <span class='ocrx_word' id='word_1_568' title='bbox 2545 3174 2686 3228; x_wconf 72' lang='grc' dir='ltr'>κατὰ</span> <span class='ocrx_word' id='word_1_569' title='bbox 2728 3172 2838 3224; x_wconf 86' lang='grc' dir='ltr'><strong>τῶν</strong></span> <span class='ocrx_word' id='word_1_570' title='bbox 2879 3170 3090 3240; x_wconf 73' lang='grc' dir='ltr'>ψυχῶν·</span> <span class='ocrx_word' id='word_1_571' title='bbox 3126 3168 3219 3237; x_wconf 83' lang='grc' dir='ltr'><strong>ἀφ’</strong></span> <span class='ocrx_word' id='word_1_572' title='bbox 3254 3161 3315 3220; x_wconf 73' lang='grc' dir='ltr'><strong>οὗ</strong></span> <span class='ocrx_word' id='word_1_573' title='bbox 3349 3167 3406 3232; x_wconf 77' lang='grc' dir='ltr'>δὲ</span> <span class='ocrx_word' id='word_1_574' title='bbox 3437 3168 3464 3218; x_wconf 92' lang='lat'><strong>6</strong></span> <span class='ocrx_word' id='word_1_575' title='bbox 3497 3165 3622 3227; x_wconf 77' lang='grc' dir='ltr'><strong>Υἱὸς</strong></span> <span class='ocrx_word' id='word_1_576' title='bbox 3653 3166 3751 3218; x_wconf 71' lang='grc' dir='ltr'>οὐκ</span> <span class='ocrx_word' id='word_1_577' title='bbox 3782 3165 3859 3226; x_wconf 84' lang='grc' dir='ltr'><strong>είς</strong></span> 
     </span>
    </p>
   </div>
   <div class='ocr_carea' id='block_1_79' title="bbox 2281 3257 3861 3339">
    <p class='ocr_par' dir='ltr' id='par_1_79' title="bbox 2281 3257 3861 3339">
     <span class='ocr_line' id='line_1_79' title="bbox 2281 3257 3861 3339; baseline -0.008 -18"><span class='ocrx_word' id='word_1_578' title='bbox 2281 3270 2370 3321; x_wconf 77' lang='grc' dir='ltr'>τὸν</span> <span class='ocrx_word' id='word_1_579' title='bbox 2402 3268 2556 3339; x_wconf 75' lang='grc' dir='ltr'>ᾅδην,</span> <span class='ocrx_word' id='word_1_580' title='bbox 2587 3265 2701 3319; x_wconf 81' lang='grc' dir='ltr'>ἀλλ’</span> <span class='ocrx_word' id='word_1_581' title='bbox 2727 3265 2806 3325; x_wconf 84' lang='grc' dir='ltr'><strong>είς</strong></span> <span class='ocrx_word' id='word_1_582' title='bbox 2834 3266 2932 3326; x_wconf 66' lang='grc' dir='ltr'>τὰς</span> <span class='ocrx_word' id='word_1_583' title='bbox 2963 3261 3236 3331; x_wconf 80' lang='grc' dir='ltr'>πατρικὰς</span> <span class='ocrx_word' id='word_1_584' title='bbox 3268 3261 3454 3330; x_wconf 85' lang='grc' dir='ltr'>χεῖρας</span> <span class='ocrx_word' id='word_1_585' title='bbox 3487 3257 3767 3328; x_wconf 82' lang='grc' dir='ltr'>παρέθηκε</span> <span class='ocrx_word' id='word_1_586' title='bbox 3798 3257 3861 3308; x_wconf 73' lang='grc' dir='ltr'><strong>τὸ</strong></span> 
     </span>
    </p>
   </div>
   <div class='ocr_carea' id='block_1_80' title="bbox 2283 3349 3858 3432">
    <p class='ocr_par' dir='ltr' id='par_1_80' title="bbox 2283 3349 3858 3432">
     <span class='ocr_line' id='line_1_80' title="bbox 2283 3349 3858 3432; baseline -0.008 -18"><span class='ocrx_word' id='word_1_587' title='bbox 2283 3362 2519 3432; x_wconf 80' lang='grc' dir='ltr'>πνεῦμα,</span> <span class='ocrx_word' id='word_1_588' title='bbox 2570 3358 2884 3428; x_wconf 82' lang='grc' dir='ltr'>ἐλευθερίας</span> <span class='ocrx_word' id='word_1_589' title='bbox 2935 3356 3124 3426; x_wconf 77' lang='grc' dir='ltr'>ἔτυχον</span> <span class='ocrx_word' id='word_1_590' title='bbox 3173 3355 3222 3407; x_wconf 83' lang='lat' dir='ltr'><strong>ot</strong></span> <span class='ocrx_word' id='word_1_591' title='bbox 3273 3353 3334 3417; x_wconf 78' lang='grc' dir='ltr'>ἐξ</span> <span class='ocrx_word' id='word_1_592' title='bbox 3371 3352 3524 3424; x_wconf 79' lang='grc' dir='ltr'>ᾅδου.</span> <span class='ocrx_word' id='word_1_593' title='bbox 3590 3352 3769 3421; x_wconf 85' lang='grc' dir='ltr'>Ὀπερ</span> <span class='ocrx_word' id='word_1_594' title='bbox 3802 3349 3858 3402; x_wconf 70' lang='grc' dir='ltr'>δὲ</span> 
     </span>
    </p>
   </div>
   <div class='ocr_carea' id='block_1_81' title="bbox 2280 3442 3861 3522">
    <p class='ocr_par' dir='ltr' id='par_1_81' title="bbox 2280 3442 3861 3522">
     <span class='ocr_line' id='line_1_81' title="bbox 2280 3442 3861 3522; baseline -0.007 -15"><span class='ocrx_word' id='word_1_595' title='bbox 2280 3450 2433 3508; x_wconf 80' lang='grc' dir='ltr'>εἶπεν</span> <span class='ocrx_word' id='word_1_596' title='bbox 2472 3455 2499 3505; x_wconf 93' lang='lat'><strong>6</strong></span> <span class='ocrx_word' id='word_1_597' title='bbox 2540 3451 2772 3522; x_wconf 78' lang='grc' dir='ltr'>Κύριος,</span> <span class='ocrx_word' id='word_1_598' title='bbox 2808 3451 2888 3503; x_wconf 82' lang='grc' dir='ltr'>ὅτι</span> <span class='ocrx_word' id='word_1_599' title='bbox 2929 3469 2946 3500; x_wconf 82' lang='grc' dir='ltr'><strong>ι</strong></span> <span class='ocrx_word' id='word_1_600' title='bbox 2986 3448 3156 3501; x_wconf 79' lang='grc' dir='ltr'>Ὅταν</span> <span class='ocrx_word' id='word_1_601' title='bbox 3181 3445 3400 3516; x_wconf 69' lang='grc' dir='ltr'>ὑψωθῶ,</span> <span class='ocrx_word' id='word_1_602' title='bbox 3436 3444 3614 3499; x_wconf 81' lang='grc' dir='ltr'>πάντα</span> <span class='ocrx_word' id='word_1_603' title='bbox 3649 3442 3861 3496; x_wconf 75' lang='grc' dir='ltr'>ἑλκύσω</span> 
     </span>
    </p>
   </div>
   <div class='ocr_carea' id='block_1_82' title="bbox 2280 3535 3858 3616">
    <p class='ocr_par' dir='ltr' id='par_1_82' title="bbox 2280 3535 3858 3616">
     <span class='ocr_line' id='line_1_82' title="bbox 2280 3535 3858 3616; baseline -0.009 -16"><span class='ocrx_word' id='word_1_604' title='bbox 2280 3547 2415 3616; x_wconf 71' lang='grc' dir='ltr'>πρὸς</span> <span class='ocrx_word' id='word_1_605' title='bbox 2447 3545 2703 3614; x_wconf 79' lang='grc' dir='ltr'>ἐμαυτὸν,</span> <span class='ocrx_word' id='word_1_606' title='bbox 2741 3561 2759 3594; x_wconf 76' lang='grc' dir='ltr'><strong>ι</strong></span> <span class='ocrx_word' id='word_1_607' title='bbox 2797 3541 2891 3594; x_wconf 83' lang='grc' dir='ltr'>νῦν</span> <span class='ocrx_word' id='word_1_608' title='bbox 2920 3541 3113 3609; x_wconf 75' lang='grc' dir='ltr'>ὁρᾶται</span> <span class='ocrx_word' id='word_1_609' title='bbox 3144 3536 3412 3591; x_wconf 83' lang='grc' dir='ltr'>τελεσθέν.</span> <span class='ocrx_word' id='word_1_610' title='bbox 3455 3535 3726 3606; x_wconf 64' lang='grc' dir='ltr'>Ὑψωθεὶς</span> <span class='ocrx_word' id='word_1_611' title='bbox 3751 3536 3858 3604; x_wconf 77' lang='grc' dir='ltr'><strong>γὰρ</strong></span> 
     </span>
    </p>
   </div>
   <div class='ocr_carea' id='block_1_83' title="bbox 2278 3629 3854 3708">
    <p class='ocr_par' dir='ltr' id='par_1_83' title="bbox 2278 3629 3854 3708">
     <span class='ocr_line' id='line_1_83' title="bbox 2278 3629 3854 3708; baseline -0.008 -17"><span class='ocrx_word' id='word_1_612' title='bbox 2278 3639 2372 3692; x_wconf 79' lang='grc' dir='ltr'><strong>ἐττί</strong></span> <span class='ocrx_word' id='word_1_613' title='bbox 2396 3635 2654 3708; x_wconf 74' lang='grc' dir='ltr'>σταυροῦ,</span> <span class='ocrx_word' id='word_1_614' title='bbox 2683 3631 2897 3686; x_wconf 80' lang='grc' dir='ltr'>εἵλκυσε</span> <span class='ocrx_word' id='word_1_615' title='bbox 2921 3631 3144 3702; x_wconf 76' lang='grc' dir='ltr'>λῃστὴν,</span> <span class='ocrx_word' id='word_1_616' title='bbox 3172 3629 3418 3682; x_wconf 84' lang='grc' dir='ltr'>εἵλκυσεν</span> <span class='ocrx_word' id='word_1_617' title='bbox 3438 3629 3854 3700; x_wconf 80' lang='grc' dir='ltr'>ἑκατόνταρχον,</span> 
     </span>
    </p>
   </div>
   <div class='ocr_carea' id='block_1_84' title="bbox 2282 3720 3857 3793">
    <p class='ocr_par' dir='ltr' id='par_1_84' title="bbox 2282 3720 3857 3793">
     <span class='ocr_line' id='line_1_84' title="bbox 2282 3720 3857 3793; baseline -0.005 -14"><span class='ocrx_word' id='word_1_618' title='bbox 2282 3727 2553 3779; x_wconf 86' lang='grc' dir='ltr'>Ἔτυπτον</span> <span class='ocrx_word' id='word_1_619' title='bbox 2585 3724 2639 3776; x_wconf 67' lang='grc' dir='ltr'>δε</span> <span class='ocrx_word' id='word_1_620' title='bbox 2674 3726 2767 3776; x_wconf 77' lang='grc' dir='ltr'>καὶ</span> <span class='ocrx_word' id='word_1_621' title='bbox 2804 3723 2870 3776; x_wconf 74' lang='grc' dir='ltr'><strong>τὰ</strong></span> <span class='ocrx_word' id='word_1_622' title='bbox 2901 3721 3076 3793; x_wconf 81' lang='grc' dir='ltr'>στήθη</span> <span class='ocrx_word' id='word_1_623' title='bbox 3104 3720 3209 3773; x_wconf 84' lang='grc' dir='ltr'><strong>τῶν</strong></span> <span class='ocrx_word' id='word_1_624' title='bbox 3249 3720 3521 3774; x_wconf 85' lang='grc' dir='ltr'>Ἰουδαίων</span> <span class='ocrx_word' id='word_1_625' title='bbox 3552 3722 3696 3783; x_wconf 83' lang='grc' dir='ltr'>τινὲς</span> <span class='ocrx_word' id='word_1_626' title='bbox 3720 3761 3734 3782; x_wconf 88' lang='grc'><strong>,</strong></span> <span class='ocrx_word' id='word_1_627' title='bbox 3763 3722 3857 3774; x_wconf 71' lang='grc' dir='ltr'>καὶ</span> 
     </span>
    </p>
   </div>
   <div class='ocr_carea' id='block_1_85' title="bbox 2279 3813 3858 3885">
    <p class='ocr_par' dir='ltr' id='par_1_85' title="bbox 2279 3813 3858 3885">
     <span class='ocr_line' id='line_1_85' title="bbox 2279 3813 3858 3885; baseline -0.003 -15"><span class='ocrx_word' id='word_1_628' title='bbox 2279 3820 2389 3881; x_wconf 86' lang='grc' dir='ltr'>τοῖς</span> <span class='ocrx_word' id='word_1_629' title='bbox 2429 3817 2765 3885; x_wconf 81' lang='grc' dir='ltr'>σταυρωταῖς</span> <span class='ocrx_word' id='word_1_630' title='bbox 2803 3815 3264 3885; x_wconf 72' lang='grc' dir='ltr'>ἐπιμεμφόμενοι,</span> <span class='ocrx_word' id='word_1_631' title='bbox 3295 3813 3582 3883; x_wconf 82' lang='grc' dir='ltr'>προδήλως</span> <span class='ocrx_word' id='word_1_632' title='bbox 3622 3814 3715 3866; x_wconf 82' lang='grc' dir='ltr'>τὸν</span> <span class='ocrx_word' id='word_1_633' title='bbox 3756 3815 3858 3883; x_wconf 66' lang='lat'><strong>&#39;11]-</strong></span> 
     </span>
    </p>
   </div>
   <div class='ocr_carea' id='block_1_86' title="bbox 2281 3904 3856 3978">
    <p class='ocr_par' dir='ltr' id='par_1_86' title="bbox 2281 3904 3856 3978">
     <span class='ocr_line' id='line_1_86' title="bbox 2281 3904 3856 3978; baseline -0.003 -14"><span class='ocrx_word' id='word_1_634' title='bbox 2281 3910 2407 3964; x_wconf 83' lang='grc' dir='ltr'>σοῦν</span> <span class='ocrx_word' id='word_1_635' title='bbox 2439 3909 2726 3967; x_wconf 82' lang='grc' dir='ltr'>ἐδικαίουν.</span> <span class='ocrx_word' id='word_1_636' title='bbox 2760 3910 2821 3960; x_wconf 82' lang='grc' dir='ltr'><strong>ΟΞ</strong></span> <span class='ocrx_word' id='word_1_637' title='bbox 2861 3907 2959 3978; x_wconf 79' lang='grc' dir='ltr'>μὲν</span> <span class='ocrx_word' id='word_1_638' title='bbox 2991 3904 3083 3962; x_wconf 76' lang='grc' dir='ltr'><strong>οὖν</strong></span> <span class='ocrx_word' id='word_1_639' title='bbox 3121 3907 3363 3978; x_wconf 72' lang='grc' dir='ltr'>μαθηταὶ</span> <span class='ocrx_word' id='word_1_640' title='bbox 3400 3906 3635 3976; x_wconf 74' lang='grc' dir='ltr'>ἐφυγρνο</span> <span class='ocrx_word' id='word_1_641' title='bbox 3669 3907 3727 3960; x_wconf 85' lang='lat' dir='ltr'><strong>al</strong></span> <span class='ocrx_word' id='word_1_642' title='bbox 3758 3924 3856 3975; x_wconf 75' lang='grc' dir='ltr'>γυο</span> 
     </span>
    </p>
   </div>
   <div class='ocr_carea' id='block_1_87' title="bbox 2284 4000 3857 4073">
    <p class='ocr_par' dir='ltr' id='par_1_87' title="bbox 2284 4000 3857 4073">
     <span class='ocr_line' id='line_1_87' title="bbox 2284 4000 3857 4073; baseline 0.001 -19"><span class='ocrx_word' id='word_1_643' title='bbox 2284 4005 2466 4066; x_wconf 86' lang='grc' dir='ltr'>ναῖκες</span> <span class='ocrx_word' id='word_1_644' title='bbox 2495 4003 2571 4065; x_wconf 86' lang='grc' dir='ltr'><strong>δέ,</strong></span> <span class='ocrx_word' id='word_1_645' title='bbox 2596 4003 2655 4054; x_wconf 86' lang='grc' dir='ltr'>τὸ</span> <span class='ocrx_word' id='word_1_646' title='bbox 2686 4000 3017 4057; x_wconf 76' lang='grc' dir='ltr'>κατάκριτον</span> <span class='ocrx_word' id='word_1_647' title='bbox 3040 4001 3192 4071; x_wconf 91' lang='grc' dir='ltr'>γένος</span> <span class='ocrx_word' id='word_1_648' title='bbox 3223 4003 3317 4055; x_wconf 80' lang='grc' dir='ltr'>καὶ</span> <span class='ocrx_word' id='word_1_649' title='bbox 3351 4002 3647 4073; x_wconf 86' lang='grc' dir='ltr'>ἐπάρατον,</span> <span class='ocrx_word' id='word_1_650' title='bbox 3679 4019 3857 4071; x_wconf 80' lang='grc' dir='ltr'>παρα-</span> 
     </span>
    </p>
   </div>
   <div class='ocr_carea' id='block_1_88' title="bbox 2283 4092 3856 4164">
    <p class='ocr_par' dir='ltr' id='par_1_88' title="bbox 2283 4092 3856 4164">
     <span class='ocr_line' id='line_1_88' title="bbox 2283 4092 3856 4164; baseline -0.001 -17"><span class='ocrx_word' id='word_1_651' title='bbox 2283 4093 2526 4164; x_wconf 86' lang='grc' dir='ltr'>μένουσι,</span> <span class='ocrx_word' id='word_1_652' title='bbox 2555 4095 2646 4146; x_wconf 79' lang='grc' dir='ltr'>καὶ</span> <span class='ocrx_word' id='word_1_653' title='bbox 2674 4092 2939 4163; x_wconf 78' lang='grc' dir='ltr'>θεωροῦσι</span> <span class='ocrx_word' id='word_1_654' title='bbox 2962 4093 3135 4146; x_wconf 79' lang='grc' dir='ltr'>ταῦτα</span> <span class='ocrx_word' id='word_1_655' title='bbox 3159 4093 3358 4160; x_wconf 81' lang='grc' dir='ltr'>πάντα,</span> <span class='ocrx_word' id='word_1_656' title='bbox 3377 4095 3469 4147; x_wconf 80' lang='grc' dir='ltr'>καὶ</span> <span class='ocrx_word' id='word_1_657' title='bbox 3491 4097 3593 4164; x_wconf 84' lang='grc' dir='ltr'>τῆς</span> <span class='ocrx_word' id='word_1_658' title='bbox 3609 4094 3856 4148; x_wconf 77' lang='grc' dir='ltr'>ἐντεῦθεν</span> 
     </span>
    </p>
   </div>
   <div class='ocr_carea' id='block_1_89' title="bbox 2275 4187 3854 4262">
    <p class='ocr_par' dir='ltr' id='par_1_89' title="bbox 2275 4187 3854 4262">
     <span class='ocr_line' id='line_1_89' title="bbox 2275 4187 3854 4262; baseline 0.001 -20"><span class='ocrx_word' id='word_1_659' title='bbox 2275 4188 2610 4251; x_wconf 85' lang='grc' dir='ltr'>δικαιώσεως</span> <span class='ocrx_word' id='word_1_660' title='bbox 2637 4189 2730 4241; x_wconf 77' lang='grc' dir='ltr'>καὶ</span> <span class='ocrx_word' id='word_1_661' title='bbox 2763 4187 3010 4256; x_wconf 81' lang='grc' dir='ltr'>εύλογὶας</span> <span class='ocrx_word' id='word_1_662' title='bbox 3039 4188 3373 4244; x_wconf 81' lang='grc' dir='ltr'>ἀπολαύουσι</span> <span class='ocrx_word' id='word_1_663' title='bbox 3402 4190 3638 4261; x_wconf 87' lang='grc' dir='ltr'>πρῶται,</span> <span class='ocrx_word' id='word_1_664' title='bbox 3667 4190 3854 4262; x_wconf 81' lang='grc' dir='ltr'>ῶσπερ</span> 
     </span>
    </p>
   </div>
   <div class='ocr_carea' id='block_1_90' title="bbox 2275 4275 3854 4352">
    <p class='ocr_par' dir='ltr' id='par_1_90' title="bbox 2275 4275 3854 4352">
     <span class='ocr_line' id='line_1_90' title="bbox 2275 4275 3854 4352; baseline 0.002 -21"><span class='ocrx_word' id='word_1_665' title='bbox 2275 4275 2366 4333; x_wconf 79' lang='grc' dir='ltr'>οὖν</span> <span class='ocrx_word' id='word_1_666' title='bbox 2411 4279 2636 4348; x_wconf 72' lang='grc' dir='ltr'>καὶτῆς</span> <span class='ocrx_word' id='word_1_667' title='bbox 2687 4280 3058 4343; x_wconf 77' lang='grc' dir='ltr'>ἀναστάσεως.</span> <span class='ocrx_word' id='word_1_668' title='bbox 3113 4281 3185 4333; x_wconf 84' lang='grc' dir='ltr'><strong>Σὺ</strong></span> <span class='ocrx_word' id='word_1_669' title='bbox 3226 4281 3280 4335; x_wconf 84' lang='grc' dir='ltr'><strong>δέ</strong></span> <span class='ocrx_word' id='word_1_670' title='bbox 3320 4300 3407 4352; x_wconf 86' lang='grc' dir='ltr'><strong>μοι</strong></span> <span class='ocrx_word' id='word_1_671' title='bbox 3452 4282 3706 4352; x_wconf 78' lang='grc' dir='ltr'>θαύμαζε</span> <span class='ocrx_word' id='word_1_672' title='bbox 3756 4287 3854 4350; x_wconf 69' lang='grc' dir='ltr'>τὴν</span> 
     </span>
    </p>
   </div>
   <div class='ocr_carea' id='block_1_91' title="bbox 2277 4371 3855 4446">
    <p class='ocr_par' dir='ltr' id='par_1_91' title="bbox 2277 4371 3855 4446">
     <span class='ocr_line' id='line_1_91' title="bbox 2277 4371 3855 4446; baseline 0.004 -22"><span class='ocrx_word' id='word_1_673' title='bbox 2277 4371 2535 4439; x_wconf 78' lang='grc' dir='ltr'>πώρωσιν</span> <span class='ocrx_word' id='word_1_674' title='bbox 2565 4371 2674 4422; x_wconf 88' lang='grc' dir='ltr'><strong>τῶν</strong></span> <span class='ocrx_word' id='word_1_675' title='bbox 2720 4372 3007 4427; x_wconf 83' lang='grc' dir='ltr'>Ἰουδαίων.</span> <span class='ocrx_word' id='word_1_676' title='bbox 3041 4375 3104 4427; x_wconf 77' lang='grc' dir='ltr'><strong>Οἱ</strong></span> <span class='ocrx_word' id='word_1_677' title='bbox 3138 4376 3241 4446; x_wconf 81' lang='grc' dir='ltr'><strong>γὰρ</strong></span> <span class='ocrx_word' id='word_1_678' title='bbox 3274 4376 3549 4444; x_wconf 82' lang='grc' dir='ltr'>λέγοντες,</span> <span class='ocrx_word' id='word_1_679' title='bbox 3577 4377 3659 4429; x_wconf 80' lang='grc' dir='ltr'>ὅτι</span> <span class='ocrx_word' id='word_1_680' title='bbox 3687 4397 3706 4428; x_wconf 76' lang='grc' dir='ltr'><strong>ι</strong></span> <span class='ocrx_word' id='word_1_681' title='bbox 3742 4379 3855 4432; x_wconf 81' lang='grc' dir='ltr'><strong>Κα-</strong></span> 
     </span>
    </p>
   </div>
   <div class='ocr_carea' id='block_1_92' title="bbox 595 4447 2176 4544">
    <p class='ocr_par' dir='ltr' id='par_1_92' title="bbox 595 4447 2170 4533">
     <span class='ocr_line' id='line_1_92' title="bbox 595 4447 2170 4533; baseline 0.015 -35"><span class='ocrx_word' id='word_1_682' title='bbox 595 4457 791 4511; x_wconf 89' lang='lat' dir='ltr'><strong>cruce,</strong></span> <span class='ocrx_word' id='word_1_683' title='bbox 820 4453 874 4500; x_wconf 87' lang='lat' dir='ltr'><strong>et</strong></span> <span class='ocrx_word' id='word_1_684' title='bbox 899 4447 1181 4503; x_wconf 62' lang='lat' dir='ltr'><strong>credemus</strong></span> <span class='ocrx_word' id='word_1_685' title='bbox 1217 4452 1265 4504; x_wconf 89' lang='lat' dir='ltr'><strong>in</strong></span> <span class='ocrx_word' id='word_1_686' title='bbox 1294 4467 1413 4506; x_wconf 89' lang='lat' dir='ltr'><strong>cum</strong></span> <span class='ocrx_word' id='word_1_687' title='bbox 1451 4474 1463 4509; x_wconf 92' lang='lat'>:</span> <span class='ocrx_word' id='word_1_688' title='bbox 1496 4478 1518 4508; x_wconf 70' lang='grc' dir='ltr'><strong>ι</strong></span> <span class='ocrx_word' id='word_1_689' title='bbox 1558 4472 1678 4512; x_wconf 90' lang='lat' dir='ltr'><strong>cum</strong></span> <span class='ocrx_word' id='word_1_690' title='bbox 1713 4460 1844 4517; x_wconf 87' lang='lat' dir='ltr'><strong>visis</strong></span> <span class='ocrx_word' id='word_1_691' title='bbox 1873 4463 2170 4533; x_wconf 83' lang='lat' dir='ltr'><strong>majoribus</strong></span> 
     </span>
    </p>
   </div>
   <div class='ocr_carea' id='block_1_93' title="bbox 2281 4447 3845 4544">
    <p class='ocr_par' dir='ltr' id='par_1_93' title="bbox 2281 4464 3845 4544">
     <span class='ocr_line' id='line_1_93' title="bbox 2281 4464 3845 4544; baseline 0.005 -27"><span class='ocrx_word' id='word_1_692' title='bbox 2281 4465 2496 4519; x_wconf 85' lang='grc' dir='ltr'>ταϐάτω</span> <span class='ocrx_word' id='word_1_693' title='bbox 2530 4465 2637 4518; x_wconf 84' lang='grc' dir='ltr'><strong>ἀπὸ</strong></span> <span class='ocrx_word' id='word_1_694' title='bbox 2673 4464 2767 4519; x_wconf 82' lang='grc' dir='ltr'>τοῦ</span> <span class='ocrx_word' id='word_1_695' title='bbox 2798 4466 3055 4537; x_wconf 80' lang='grc' dir='ltr'>σταυροῦ,</span> <span class='ocrx_word' id='word_1_696' title='bbox 3088 4470 3182 4522; x_wconf 78' lang='grc' dir='ltr'>καὶ</span> <span class='ocrx_word' id='word_1_697' title='bbox 3218 4470 3585 4540; x_wconf 83' lang='grc' dir='ltr'>πιστεύσομεν</span> <span class='ocrx_word' id='word_1_698' title='bbox 3620 4471 3793 4544; x_wconf 81' lang='grc' dir='ltr'>αὐτῷ,</span> <span class='ocrx_word' id='word_1_699' title='bbox 3829 4492 3845 4524; x_wconf 79' lang='grc' dir='ltr'><strong>ι</strong></span> 
     </span>
    </p>
   </div>
   <div class='ocr_carea' id='block_1_94' title="bbox 596 4539 2168 4616">
    <p class='ocr_par' dir='ltr' id='par_1_94' title="bbox 596 4539 2168 4616">
     <span class='ocr_line' id='line_1_94' title="bbox 596 4539 2168 4616; baseline 0.013 -26"><span class='ocrx_word' id='word_1_700' title='bbox 596 4552 700 4591; x_wconf 93' lang='lat' dir='ltr'><strong>non</strong></span> <span class='ocrx_word' id='word_1_701' title='bbox 731 4541 974 4597; x_wconf 87' lang='lat' dir='ltr'><strong>credant.</strong></span> <span class='ocrx_word' id='word_1_702' title='bbox 1010 4539 1146 4598; x_wconf 87' lang='lat' dir='ltr'><strong>Num</strong></span> <span class='ocrx_word' id='word_1_703' title='bbox 1176 4545 1318 4598; x_wconf 91' lang='lat' dir='ltr'><strong>enim</strong></span> <span class='ocrx_word' id='word_1_704' title='bbox 1351 4549 1556 4616; x_wconf 83' lang='lat' dir='ltr'><strong>aequale</strong></span> <span class='ocrx_word' id='word_1_705' title='bbox 1594 4564 1696 4616; x_wconf 91' lang='lat' dir='ltr'><strong>est,</strong></span> <span class='ocrx_word' id='word_1_706' title='bbox 1731 4557 2074 4612; x_wconf 86' lang='lat' dir='ltr'><strong>descendisse</strong></span> <span class='ocrx_word' id='word_1_707' title='bbox 2103 4558 2168 4614; x_wconf 88' lang='lat' dir='ltr'><strong>de</strong></span> 
     </span>
    </p>
   </div>
   <div class='ocr_carea' id='block_1_95' title="bbox 593 4634 2164 4716">
    <p class='ocr_par' dir='ltr' id='par_1_95' title="bbox 593 4634 2164 4716">
     <span class='ocr_line' id='line_1_95' title="bbox 593 4634 2164 4716; baseline 0.014 -33"><span class='ocrx_word' id='word_1_708' title='bbox 593 4645 786 4694; x_wconf 88' lang='lat' dir='ltr'><strong>cruce,</strong></span> <span class='ocrx_word' id='word_1_709' title='bbox 819 4640 872 4686; x_wconf 93' lang='lat' dir='ltr'><strong>et</strong></span> <span class='ocrx_word' id='word_1_710' title='bbox 919 4634 1258 4690; x_wconf 88' lang='lat' dir='ltr'><strong>obtencbrari</strong></span> <span class='ocrx_word' id='word_1_711' title='bbox 1291 4639 1458 4692; x_wconf 86' lang='lat' dir='ltr'><strong>solem</strong></span> <span class='ocrx_word' id='word_1_712' title='bbox 1481 4680 1494 4703; x_wconf 94' lang='lat'><strong>,</strong></span> <span class='ocrx_word' id='word_1_713' title='bbox 1530 4655 1707 4712; x_wconf 85' lang='lat' dir='ltr'><strong>petras</strong></span> <span class='ocrx_word' id='word_1_714' title='bbox 1739 4647 1940 4716; x_wconf 88' lang='lat' dir='ltr'><strong>rumpi,</strong></span> <span class='ocrx_word' id='word_1_715' title='bbox 1979 4658 2164 4705; x_wconf 75' lang='lat' dir='ltr'><strong>terrae-</strong></span> 
     </span>
    </p>
   </div>
   <div class='ocr_carea' id='block_1_96' title="bbox 597 4724 2160 4808">
    <p class='ocr_par' dir='ltr' id='par_1_96' title="bbox 597 4724 2160 4808">
     <span class='ocr_line' id='line_1_96' title="bbox 597 4724 2160 4808; baseline 0.015 -34"><span class='ocrx_word' id='word_1_716' title='bbox 597 4733 800 4776; x_wconf 91' lang='lat' dir='ltr'><strong>motum</strong></span> <span class='ocrx_word' id='word_1_717' title='bbox 831 4724 1143 4782; x_wconf 84' lang='lat' dir='ltr'><strong>horribilem</strong></span> <span class='ocrx_word' id='word_1_718' title='bbox 1182 4729 1327 4794; x_wconf 83' lang='lat' dir='ltr'><strong>ﬁeri,</strong></span> <span class='ocrx_word' id='word_1_719' title='bbox 1364 4743 1605 4790; x_wconf 86' lang='lat' dir='ltr'><strong>mortuos</strong></span> <span class='ocrx_word' id='word_1_720' title='bbox 1634 4752 1939 4808; x_wconf 76' lang='lat' dir='ltr'><strong>resurgere,</strong></span> <span class='ocrx_word' id='word_1_721' title='bbox 1986 4743 2160 4798; x_wconf 86' lang='lat' dir='ltr'><strong>velum</strong></span> 
     </span>
    </p>
   </div>
   <div class='ocr_carea' id='block_1_97' title="bbox 594 4814 2163 4894">
    <p class='ocr_par' dir='ltr' id='par_1_97' title="bbox 594 4814 2163 4894">
     <span class='ocr_line' id='line_1_97' title="bbox 594 4814 2163 4894; baseline 0.016 -25"><span class='ocrx_word' id='word_1_722' title='bbox 594 4814 791 4879; x_wconf 84' lang='lat' dir='ltr'><strong>scindi,</strong></span> <span class='ocrx_word' id='word_1_723' title='bbox 823 4827 875 4870; x_wconf 91' lang='lat' dir='ltr'><strong>et</strong></span> <span class='ocrx_word' id='word_1_724' title='bbox 907 4819 1211 4876; x_wconf 73' lang='lat' dir='ltr'><strong>universam</strong></span> <span class='ocrx_word' id='word_1_725' title='bbox 1243 4837 1546 4882; x_wconf 83' lang='lat' dir='ltr'><strong>creaturam</strong></span> <span class='ocrx_word' id='word_1_726' title='bbox 1578 4829 1832 4886; x_wconf 87' lang='lat' dir='ltr'><strong>alterari?</strong></span> <span class='ocrx_word' id='word_1_727' title='bbox 1876 4834 2025 4891; x_wconf 89' lang='lat' dir='ltr'><strong>Unde</strong></span> <span class='ocrx_word' id='word_1_728' title='bbox 2058 4855 2163 4894; x_wconf 91' lang='lat' dir='ltr'><strong>non</strong></span> 
     </span>
    </p>
   </div>
   <div class='ocr_carea' id='block_1_98' title="bbox 593 4908 2166 4987">
    <p class='ocr_par' dir='ltr' id='par_1_98' title="bbox 593 4908 2166 4987">
     <span class='ocr_line' id='line_1_98' title="bbox 593 4908 2166 4987; baseline 0.017 -27"><span class='ocrx_word' id='word_1_729' title='bbox 593 4915 674 4962; x_wconf 81' lang='lat' dir='ltr'><strong>cst</strong></span> <span class='ocrx_word' id='word_1_730' title='bbox 705 4908 848 4976; x_wconf 85' lang='lat' dir='ltr'><strong>quod</strong></span> <span class='ocrx_word' id='word_1_731' title='bbox 885 4911 1005 4978; x_wconf 91' lang='lat' dir='ltr'><strong>quis</strong></span> <span class='ocrx_word' id='word_1_732' title='bbox 1035 4915 1240 4970; x_wconf 82' lang='lat' dir='ltr'><strong>dubitet</strong></span> <span class='ocrx_word' id='word_1_733' title='bbox 1274 4934 1445 4987; x_wconf 82' lang='lat' dir='ltr'><strong>quare</strong></span> <span class='ocrx_word' id='word_1_734' title='bbox 1483 4937 1584 4975; x_wconf 90' lang='lat' dir='ltr'><strong>non</strong></span> <span class='ocrx_word' id='word_1_735' title='bbox 1622 4923 1980 4983; x_wconf 86' lang='lat' dir='ltr'><strong>descenderit.</strong></span> <span class='ocrx_word' id='word_1_736' title='bbox 2021 4931 2166 4986; x_wconf 86' lang='lat' dir='ltr'><strong>Satis</strong></span> 
     </span>
    </p>
   </div>
   <div class='ocr_carea' id='block_1_99' title="bbox 592 4998 2161 5085">
    <p class='ocr_par' dir='ltr' id='par_1_99' title="bbox 592 4998 2161 5085">
     <span class='ocr_line' id='line_1_99' title="bbox 592 4998 2161 5085; baseline 0.014 -32"><span class='ocrx_word' id='word_1_737' title='bbox 592 4998 733 5054; x_wconf 89' lang='lat' dir='ltr'><strong>enim</strong></span> <span class='ocrx_word' id='word_1_738' title='bbox 767 5001 967 5058; x_wconf 87' lang='lat' dir='ltr'><strong>habeat</strong></span> <span class='ocrx_word' id='word_1_739' title='bbox 994 5018 1222 5074; x_wconf 86' lang='lat' dir='ltr'><strong>certum,</strong></span> <span class='ocrx_word' id='word_1_740' title='bbox 1255 5013 1394 5078; x_wconf 81' lang='lat' dir='ltr'><strong>quod</strong></span> <span class='ocrx_word' id='word_1_741' title='bbox 1432 5013 1553 5068; x_wconf 88' lang='lat' dir='ltr'><strong>licet</strong></span> <span class='ocrx_word' id='word_1_742' title='bbox 1585 5017 1744 5071; x_wconf 90' lang='lat' dir='ltr'><strong>etiam</strong></span> <span class='ocrx_word' id='word_1_743' title='bbox 1776 5019 1877 5074; x_wconf 90' lang='lat' dir='ltr'><strong>hoc</strong></span> <span class='ocrx_word' id='word_1_744' title='bbox 1913 5019 2161 5085; x_wconf 82' lang='lat' dir='ltr'><strong>fecisset,</strong></span> 
     </span>
    </p>
   </div>
   <div class='ocr_carea' id='block_1_100' title="bbox 594 5101 2163 5169">
    <p class='ocr_par' dir='ltr' id='par_1_100' title="bbox 594 5101 2163 5169">
     <span class='ocr_line' id='line_1_100' title="bbox 594 5101 2163 5169; baseline 0.017 -28"><span class='ocrx_word' id='word_1_745' title='bbox 594 5103 769 5158; x_wconf 76' lang='lat' dir='ltr'><strong>neque</strong></span> <span class='ocrx_word' id='word_1_746' title='bbox 822 5103 952 5150; x_wconf 89' lang='lat' dir='ltr'><strong>tunc</strong></span> <span class='ocrx_word' id='word_1_747' title='bbox 1002 5101 1386 5167; x_wconf 82' lang='lat' dir='ltr'><strong>credidissent,</strong></span> <span class='ocrx_word' id='word_1_748' title='bbox 1435 5114 1486 5159; x_wconf 92' lang='lat' dir='ltr'><strong>et</strong></span> <span class='ocrx_word' id='word_1_749' title='bbox 1537 5109 1670 5162; x_wconf 87' lang='lat' dir='ltr'><strong>nihil</strong></span> <span class='ocrx_word' id='word_1_750' title='bbox 1716 5109 1861 5164; x_wconf 89' lang='lat' dir='ltr'><strong>aliud</strong></span> <span class='ocrx_word' id='word_1_751' title='bbox 1914 5123 2163 5169; x_wconf 77' lang='lat' dir='ltr'><strong>secutum</strong></span> 
     </span>
    </p>
   </div>
   <div class='ocr_carea' id='block_1_101' title="bbox 597 5181 2160 5273">
    <p class='ocr_par' dir='ltr' id='par_1_101' title="bbox 597 5181 2160 5273">
     <span class='ocr_line' id='line_1_101' title="bbox 597 5181 2160 5273; baseline 0.017 -37"><span class='ocrx_word' id='word_1_752' title='bbox 597 5181 814 5249; x_wconf 76' lang='lat' dir='ltr'><strong>fuisset,</strong></span> <span class='ocrx_word' id='word_1_753' title='bbox 869 5203 1031 5258; x_wconf 90' lang='lat' dir='ltr'><strong>quam</strong></span> <span class='ocrx_word' id='word_1_754' title='bbox 1083 5193 1451 5251; x_wconf 89' lang='lat' dir='ltr'><strong>abbreviatam</strong></span> <span class='ocrx_word' id='word_1_755' title='bbox 1495 5199 1726 5254; x_wconf 84' lang='lat' dir='ltr'><strong>saluth</strong></span> <span class='ocrx_word' id='word_1_756' title='bbox 1778 5218 1874 5273; x_wconf 81' lang='lat' dir='ltr'><strong>per</strong></span> <span class='ocrx_word' id='word_1_757' title='bbox 1921 5220 2160 5263; x_wconf 90' lang='lat' dir='ltr'><strong>erucem.</strong></span> 
     </span>
    </p>
   </div>
   <div class='ocr_carea' id='block_1_102' title="bbox 591 5273 2159 5362">
    <p class='ocr_par' dir='ltr' id='par_1_102' title="bbox 591 5273 2159 5362">
     <span class='ocr_line' id='line_1_102' title="bbox 591 5273 2159 5362; baseline 0.016 -34"><span class='ocrx_word' id='word_1_758' title='bbox 591 5273 736 5329; x_wconf 82' lang='lat' dir='ltr'><strong>Crux</strong></span> <span class='ocrx_word' id='word_1_759' title='bbox 764 5279 906 5335; x_wconf 90' lang='lat' dir='ltr'><strong>enim</strong></span> <span class='ocrx_word' id='word_1_760' title='bbox 942 5280 1082 5336; x_wconf 90' lang='lat' dir='ltr'><strong>inter</strong></span> <span class='ocrx_word' id='word_1_761' title='bbox 1115 5286 1293 5340; x_wconf 85' lang='lat' dir='ltr'><strong>omnia</strong></span> <span class='ocrx_word' id='word_1_762' title='bbox 1359 5290 1592 5344; x_wconf 81' lang='lat' dir='ltr'><strong>maxima</strong></span> <span class='ocrx_word' id='word_1_763' title='bbox 1626 5293 1793 5362; x_wconf 81' lang='lat' dir='ltr'><strong>gloria</strong></span> <span class='ocrx_word' id='word_1_764' title='bbox 1825 5294 2026 5351; x_wconf 90' lang='lat' dir='ltr'><strong>Christi</strong></span> <span class='ocrx_word' id='word_1_765' title='bbox 2057 5309 2159 5354; x_wconf 86' lang='lat' dir='ltr'><strong>est.</strong></span> 
     </span>
    </p>
   </div>
   <div class='ocr_carea' id='block_1_103' title="bbox 593 5365 2162 5456">
    <p class='ocr_par' dir='ltr' id='par_1_103' title="bbox 593 5365 2162 5456">
     <span class='ocr_line' id='line_1_103' title="bbox 593 5365 2162 5456; baseline 0.02 -38"><span class='ocrx_word' id='word_1_766' title='bbox 593 5365 760 5436; x_wconf 65' lang='lat' dir='ltr'><strong>igitur</strong></span> <span class='ocrx_word' id='word_1_767' title='bbox 791 5371 881 5437; x_wconf 86' lang='lat' dir='ltr'><strong>qui</strong></span> <span class='ocrx_word' id='word_1_768' title='bbox 911 5372 1037 5428; x_wconf 79' lang='lat' dir='ltr'><strong>fecit</strong></span> <span class='ocrx_word' id='word_1_769' title='bbox 1073 5376 1303 5445; x_wconf 87' lang='lat' dir='ltr'><strong>majora,</strong></span> <span class='ocrx_word' id='word_1_770' title='bbox 1327 5396 1448 5434; x_wconf 91' lang='lat' dir='ltr'><strong>cum</strong></span> <span class='ocrx_word' id='word_1_771' title='bbox 1485 5398 1586 5436; x_wconf 92' lang='lat' dir='ltr'><strong>non</strong></span> <span class='ocrx_word' id='word_1_772' title='bbox 1615 5387 1901 5442; x_wconf 88' lang='lat' dir='ltr'><strong>crederent</strong></span> <span class='ocrx_word' id='word_1_773' title='bbox 1928 5389 2025 5456; x_wconf 91' lang='lat' dir='ltr'><strong>illi,</strong></span> <span class='ocrx_word' id='word_1_774' title='bbox 2057 5391 2162 5450; x_wconf 89' lang='lat' dir='ltr'><strong>duo</strong></span> 
     </span>
    </p>
   </div>
   <div class='ocr_carea' id='block_1_104' title="bbox 586 5461 2159 5556">
    <p class='ocr_par' dir='ltr' id='par_1_104' title="bbox 586 5461 2159 5556">
     <span class='ocr_line' id='line_1_104' title="bbox 586 5461 2159 5556; baseline 0.02 -45"><span class='ocrx_word' id='word_1_775' title='bbox 586 5461 854 5531; x_wconf 59' lang='lat' dir='ltr'><strong>pracipua</strong></span> <span class='ocrx_word' id='word_1_776' title='bbox 883 5477 1133 5532; x_wconf 84' lang='lat' dir='ltr'><strong>operatus</strong></span> <span class='ocrx_word' id='word_1_777' title='bbox 1157 5482 1236 5525; x_wconf 85' lang='lat' dir='ltr'><strong>cst</strong></span> <span class='ocrx_word' id='word_1_778' title='bbox 1266 5489 1280 5525; x_wconf 73' lang='grc' dir='ltr'><strong>τ</strong></span> <span class='ocrx_word' id='word_1_779' title='bbox 1309 5486 1361 5527; x_wconf 91' lang='lat' dir='ltr'><strong>ct</strong></span> <span class='ocrx_word' id='word_1_780' title='bbox 1390 5491 1644 5545; x_wconf 78' lang='lat' dir='ltr'><strong>magnum</strong></span> <span class='ocrx_word' id='word_1_781' title='bbox 1669 5481 1847 5538; x_wconf 84' lang='lat' dir='ltr'><strong>crucis</strong></span> <span class='ocrx_word' id='word_1_782' title='bbox 1903 5494 2159 5556; x_wconf 66' lang='lat' dir='ltr'><strong>tropaeum</strong></span> 
     </span>
    </p>
   </div>
   <div class='ocr_carea' id='block_1_105' title="bbox 591 5557 2162 5649">
    <p class='ocr_par' dir='ltr' id='par_1_105' title="bbox 591 5557 2162 5649">
     <span class='ocr_line' id='line_1_105' title="bbox 591 5557 2162 5649; baseline 0.019 -45"><span class='ocrx_word' id='word_1_783' title='bbox 591 5564 761 5621; x_wconf 81' lang='lat' dir='ltr'><strong>usque</strong></span> <span class='ocrx_word' id='word_1_784' title='bbox 787 5557 853 5607; x_wconf 89' lang='lat' dir='ltr'><strong>ad</strong></span> <span class='ocrx_word' id='word_1_785' title='bbox 882 5558 1038 5613; x_wconf 82' lang='lat' dir='ltr'><strong>tinem</strong></span> <span class='ocrx_word' id='word_1_786' title='bbox 1066 5565 1343 5634; x_wconf 81' lang='lat' dir='ltr'><strong>sustinuit,</strong></span> <span class='ocrx_word' id='word_1_787' title='bbox 1377 5579 1427 5619; x_wconf 76' lang='lat' dir='ltr'><strong>ot</strong></span> <span class='ocrx_word' id='word_1_788' title='bbox 1455 5569 1571 5627; x_wconf 88' lang='lat' dir='ltr'><strong>illos</strong></span> <span class='ocrx_word' id='word_1_789' title='bbox 1594 5571 1892 5631; x_wconf 85' lang='lat' dir='ltr'><strong>declaravit</strong></span> <span class='ocrx_word' id='word_1_790' title='bbox 1923 5576 2162 5649; x_wconf 70' lang='lat' dir='ltr'><strong>ingratos</strong></span> 
     </span>
    </p>
   </div>
   <div class='ocr_carea' id='block_1_106' title="bbox 659 5733 1106 5808">
    <p class='ocr_par' dir='ltr' id='par_1_106' title="bbox 659 5733 1106 5808">
     <span class='ocr_line' id='line_1_106' title="bbox 659 5733 1106 5808; baseline 0.011 -16"><span class='ocrx_word' id='word_1_791' title='bbox 659 5733 704 5770; x_wconf 58' lang='grc' dir='ltr'><strong>δ’</strong></span> <span class='ocrx_word' id='word_1_792' title='bbox 733 5733 873 5792; x_wconf 68' lang='lat' dir='ltr'><strong>Paul.</strong></span> <span class='ocrx_word' id='word_1_793' title='bbox 902 5753 1027 5808; x_wconf 79' lang='lat' dir='ltr'><strong>xxx,</strong></span> <span class='ocrx_word' id='word_1_794' title='bbox 1056 5745 1106 5797; x_wconf 77' lang='lat'><strong>5.</strong></span> 
     </span>
    </p>
   </div>
   <div class='ocr_carea' id='block_1_107' title="bbox 2277 4555 3853 4634">
    <p class='ocr_par' dir='ltr' id='par_1_107' title="bbox 2277 4555 3853 4634">
     <span class='ocr_line' id='line_1_107' title="bbox 2277 4555 3853 4634; baseline 0.003 -25"><span class='ocrx_word' id='word_1_795' title='bbox 2277 4556 2345 4610; x_wconf 78' lang='grc' dir='ltr'><strong>τὰ</strong></span> <span class='ocrx_word' id='word_1_796' title='bbox 2380 4555 2548 4626; x_wconf 74' lang='grc' dir='ltr'>μείζω</span> <span class='ocrx_word' id='word_1_797' title='bbox 2595 4557 2827 4622; x_wconf 74' lang='grc' dir='ltr'>ἰδόντες,</span> <span class='ocrx_word' id='word_1_798' title='bbox 2860 4560 2921 4611; x_wconf 81' lang='grc' dir='ltr'>οὐ</span> <span class='ocrx_word' id='word_1_799' title='bbox 2973 4560 3346 4616; x_wconf 85' lang='grc' dir='ltr'>πιστεύουσιν.</span> <span class='ocrx_word' id='word_1_800' title='bbox 3381 4563 3461 4615; x_wconf 86' lang='grc' dir='ltr'>Ού</span> <span class='ocrx_word' id='word_1_801' title='bbox 3495 4562 3608 4632; x_wconf 81' lang='grc' dir='ltr'>γὰρ</span> <span class='ocrx_word' id='word_1_802' title='bbox 3638 4558 3758 4617; x_wconf 75' lang='grc' dir='ltr'>ἴσον</span> <span class='ocrx_word' id='word_1_803' title='bbox 3789 4560 3853 4634; x_wconf 78' lang='grc' dir='ltr'>ἦν</span> 
     </span>
    </p>
   </div>
   <div class='ocr_carea' id='block_1_108' title="bbox 2276 4649 3850 4728">
    <p class='ocr_par' dir='ltr' id='par_1_108' title="bbox 2276 4649 3850 4728">
     <span class='ocr_line' id='line_1_108' title="bbox 2276 4649 3850 4728; baseline 0.004 -26"><span class='ocrx_word' id='word_1_804' title='bbox 2276 4649 2579 4720; x_wconf 82' lang='grc' dir='ltr'>καταϐῆναι</span> <span class='ocrx_word' id='word_1_805' title='bbox 2621 4650 2728 4704; x_wconf 84' lang='grc' dir='ltr'><strong>ἀπὸ</strong></span> <span class='ocrx_word' id='word_1_806' title='bbox 2779 4650 2873 4703; x_wconf 84' lang='grc' dir='ltr'>τοῦ</span> <span class='ocrx_word' id='word_1_807' title='bbox 2928 4652 3187 4723; x_wconf 82' lang='grc' dir='ltr'>σταυροῦ,</span> <span class='ocrx_word' id='word_1_808' title='bbox 3242 4655 3336 4708; x_wconf 75' lang='grc' dir='ltr'>καὶ</span> <span class='ocrx_word' id='word_1_809' title='bbox 3380 4655 3628 4709; x_wconf 79' lang='grc' dir='ltr'>σκοτίσαι</span> <span class='ocrx_word' id='word_1_810' title='bbox 3679 4657 3850 4728; x_wconf 74' lang='grc' dir='ltr'>ἥλιον,</span> 
     </span>
    </p>
   </div>
   <div class='ocr_carea' id='block_1_109' title="bbox 2275 4740 3850 4817">
    <p class='ocr_par' dir='ltr' id='par_1_109' title="bbox 2275 4740 3850 4817">
     <span class='ocr_line' id='line_1_109' title="bbox 2275 4740 3850 4817; baseline 0.004 -23"><span class='ocrx_word' id='word_1_811' title='bbox 2275 4741 2480 4812; x_wconf 80' lang='grc' dir='ltr'>πέτρας</span> <span class='ocrx_word' id='word_1_812' title='bbox 2512 4740 2710 4812; x_wconf 74' lang='grc' dir='ltr'>ῥῆξαι,</span> <span class='ocrx_word' id='word_1_813' title='bbox 2747 4743 2969 4812; x_wconf 77' lang='grc' dir='ltr'>σεισμὸν</span> <span class='ocrx_word' id='word_1_814' title='bbox 3015 4744 3245 4816; x_wconf 83' lang='grc' dir='ltr'>φοϐερὸν</span> <span class='ocrx_word' id='word_1_815' title='bbox 3287 4748 3582 4810; x_wconf 74' lang='grc' dir='ltr'>ἐπισεῖσαι,</span> <span class='ocrx_word' id='word_1_816' title='bbox 3627 4749 3850 4817; x_wconf 71' lang='grc' dir='ltr'>νεκροὺς</span> 
     </span>
    </p>
   </div>
   <div class='ocr_carea' id='block_1_110' title="bbox 2272 4833 3854 4914">
    <p class='ocr_par' dir='ltr' id='par_1_110' title="bbox 2272 4833 3854 4914">
     <span class='ocr_line' id='line_1_110' title="bbox 2272 4833 3854 4914; baseline 0.002 -27"><span class='ocrx_word' id='word_1_817' title='bbox 2272 4833 2596 4904; x_wconf 78' lang='grc' dir='ltr'>ἀναστῆσαι,</span> <span class='ocrx_word' id='word_1_818' title='bbox 2621 4836 3019 4907; x_wconf 78' lang='grc' dir='ltr'>καταπέτασμα</span> <span class='ocrx_word' id='word_1_819' title='bbox 3045 4839 3248 4914; x_wconf 77' lang='grc' dir='ltr'>σχίσαι,</span> <span class='ocrx_word' id='word_1_820' title='bbox 3277 4842 3370 4893; x_wconf 80' lang='grc' dir='ltr'>καὶ</span> <span class='ocrx_word' id='word_1_821' title='bbox 3398 4839 3528 4908; x_wconf 79' lang='grc' dir='ltr'>ὃλην</span> <span class='ocrx_word' id='word_1_822' title='bbox 3555 4841 3656 4911; x_wconf 82' lang='grc' dir='ltr'>τὴν</span> <span class='ocrx_word' id='word_1_823' title='bbox 3677 4839 3854 4893; x_wconf 71' lang='grc' dir='ltr'>κτίσιν</span> 
     </span>
    </p>
   </div>
   <div class='ocr_carea' id='block_1_111' title="bbox 2273 4927 3849 5004">
    <p class='ocr_par' dir='ltr' id='par_1_111' title="bbox 2273 4927 3849 5004">
     <span class='ocr_line' id='line_1_111' title="bbox 2273 4927 3849 5004; baseline 0.004 -24"><span class='ocrx_word' id='word_1_824' title='bbox 2273 4927 2605 4994; x_wconf 85' lang='grc' dir='ltr'>ἀλλοιῶσαι;</span> <span class='ocrx_word' id='word_1_825' title='bbox 2640 4929 2799 4982; x_wconf 80' lang='grc' dir='ltr'>Ὥστε</span> <span class='ocrx_word' id='word_1_826' title='bbox 2826 4930 3014 5001; x_wconf 74' lang='grc' dir='ltr'>μηδεὶς</span> <span class='ocrx_word' id='word_1_827' title='bbox 3043 4931 3122 4985; x_wconf 79' lang='grc' dir='ltr'><strong>ἐτι</strong></span> <span class='ocrx_word' id='word_1_828' title='bbox 3152 4933 3427 5004; x_wconf 80' lang='grc' dir='ltr'>ἀπορείτω</span> <span class='ocrx_word' id='word_1_829' title='bbox 3457 4933 3602 4987; x_wconf 86' lang='grc' dir='ltr'>διατί</span> <span class='ocrx_word' id='word_1_830' title='bbox 3633 4935 3694 4986; x_wconf 82' lang='grc' dir='ltr'><strong>ού</strong></span> <span class='ocrx_word' id='word_1_831' title='bbox 3721 4952 3849 4986; x_wconf 81' lang='grc' dir='ltr'>κατ·</span> 
     </span>
    </p>
   </div>
   <div class='ocr_carea' id='block_1_112' title="bbox 2269 5020 3850 5099">
    <p class='ocr_par' dir='ltr' id='par_1_112' title="bbox 2269 5020 3850 5099">
     <span class='ocr_line' id='line_1_112' title="bbox 2269 5020 3850 5099; baseline 0.008 -28"><span class='ocrx_word' id='word_1_832' title='bbox 2269 5020 2389 5091; x_wconf 80' lang='grc' dir='ltr'>έϐη,</span> <span class='ocrx_word' id='word_1_833' title='bbox 2425 5021 2562 5075; x_wconf 81' lang='grc' dir='ltr'>ἀλλὰ</span> <span class='ocrx_word' id='word_1_834' title='bbox 2589 5022 2937 5094; x_wconf 80' lang='grc' dir='ltr'>ἀπεριέργως</span> <span class='ocrx_word' id='word_1_835' title='bbox 2966 5024 3206 5096; x_wconf 81' lang='grc' dir='ltr'>δεχέσθω</span> <span class='ocrx_word' id='word_1_836' title='bbox 3261 5025 3456 5094; x_wconf 84' lang='grc' dir='ltr'>ταῦτα,</span> <span class='ocrx_word' id='word_1_837' title='bbox 3481 5027 3850 5099; x_wconf 76' lang='grc' dir='ltr'>λογιζόμενος,</span> 
     </span>
    </p>
   </div>
   <div class='ocr_carea' id='block_1_113' title="bbox 2265 5117 3847 5188">
    <p class='ocr_par' dir='ltr' id='par_1_113' title="bbox 2265 5117 3847 5188">
     <span class='ocr_line' id='line_1_113' title="bbox 2265 5117 3847 5188; baseline 0.002 -18"><span class='ocrx_word' id='word_1_838' title='bbox 2265 5117 2430 5171; x_wconf 79' lang='grc' dir='ltr'>ὅτιεί</span> <span class='ocrx_word' id='word_1_839' title='bbox 2463 5117 2740 5170; x_wconf 69' lang='grc' dir='ltr'>καὶτοῦτο</span> <span class='ocrx_word' id='word_1_840' title='bbox 2790 5117 3077 5188; x_wconf 75' lang='grc' dir='ltr'>ἐποίησεν.</span> <span class='ocrx_word' id='word_1_841' title='bbox 3120 5120 3232 5173; x_wconf 76' lang='grc' dir='ltr'>οὐδ’</span> <span class='ocrx_word' id='word_1_842' title='bbox 3271 5119 3446 5184; x_wconf 74' lang='grc' dir='ltr'>οὕτως</span> <span class='ocrx_word' id='word_1_843' title='bbox 3500 5121 3847 5175; x_wconf 60' lang='grc' dir='ltr'>ἐπίστευσαν</span> 
     </span>
    </p>
   </div>
   <div class='ocr_carea' id='block_1_114' title="bbox 2267 5208 3846 5286">
    <p class='ocr_par' dir='ltr' id='par_1_114' title="bbox 2267 5208 3846 5286">
     <span class='ocr_line' id='line_1_114' title="bbox 2267 5208 3846 5286; baseline 0.003 -24"><span class='ocrx_word' id='word_1_844' title='bbox 2267 5210 2359 5262; x_wconf 74' lang='grc' dir='ltr'>καὶ</span> <span class='ocrx_word' id='word_1_845' title='bbox 2388 5208 2542 5264; x_wconf 77' lang='grc' dir='ltr'>οὐδὲν</span> <span class='ocrx_word' id='word_1_846' title='bbox 2569 5209 2719 5274; x_wconf 80' lang='grc' dir='ltr'>ἄλλο,</span> <span class='ocrx_word' id='word_1_847' title='bbox 2763 5211 2794 5275; x_wconf 83' lang='grc' dir='ltr'>ἦ</span> <span class='ocrx_word' id='word_1_848' title='bbox 2831 5211 2863 5282; x_wconf 83' lang='grc' dir='ltr'>ἠ</span> <span class='ocrx_word' id='word_1_849' title='bbox 2895 5211 2982 5265; x_wconf 75' lang='grc' dir='ltr'><strong>διὰ</strong></span> <span class='ocrx_word' id='word_1_850' title='bbox 3028 5212 3122 5266; x_wconf 78' lang='grc' dir='ltr'>τοῦ</span> <span class='ocrx_word' id='word_1_851' title='bbox 3160 5213 3395 5285; x_wconf 79' lang='grc' dir='ltr'>σταυροῦ</span> <span class='ocrx_word' id='word_1_852' title='bbox 3449 5215 3694 5286; x_wconf 78' lang='grc' dir='ltr'>σωτηρία</span> <span class='ocrx_word' id='word_1_853' title='bbox 3727 5217 3846 5268; x_wconf 78' lang='grc' dir='ltr'>ἑκο-</span> 
     </span>
    </p>
   </div>
   <div class='ocr_carea' id='block_1_115' title="bbox 2269 5302 3842 5381">
    <p class='ocr_par' dir='ltr' id='par_1_115' title="bbox 2269 5302 3842 5381">
     <span class='ocr_line' id='line_1_115' title="bbox 2269 5302 3842 5381; baseline 0.003 -25"><span class='ocrx_word' id='word_1_854' title='bbox 2269 5302 2511 5359; x_wconf 85' lang='grc' dir='ltr'>λοϐοὖτο.</span> <span class='ocrx_word' id='word_1_855' title='bbox 2588 5303 2647 5357; x_wconf 90' lang='lat'><strong>&#39;0</strong></span> <span class='ocrx_word' id='word_1_856' title='bbox 2697 5303 2805 5376; x_wconf 83' lang='grc' dir='ltr'><strong>γὰρ</strong></span> <span class='ocrx_word' id='word_1_857' title='bbox 2851 5307 3084 5377; x_wconf 69' lang='grc' dir='ltr'>σταυρὸς</span> <span class='ocrx_word' id='word_1_858' title='bbox 3129 5306 3254 5373; x_wconf 80' lang='grc' dir='ltr'>δόξα</span> <span class='ocrx_word' id='word_1_859' title='bbox 3299 5307 3564 5379; x_wconf 77' lang='grc' dir='ltr'>Χριστοῦ,</span> <span class='ocrx_word' id='word_1_860' title='bbox 3615 5308 3842 5381; x_wconf 61' lang='grc' dir='ltr'>μάλιστα</span> 
     </span>
    </p>
   </div>
   <div class='ocr_carea' id='block_1_116' title="bbox 2271 5396 3840 5472">
    <p class='ocr_par' dir='ltr' id='par_1_116' title="bbox 2271 5396 3840 5472">
     <span class='ocr_line' id='line_1_116' title="bbox 2271 5396 3840 5472; baseline 0.002 -22"><span class='ocrx_word' id='word_1_861' title='bbox 2271 5396 2507 5451; x_wconf 80' lang='grc' dir='ltr'>πάντων.</span> <span class='ocrx_word' id='word_1_862' title='bbox 2545 5398 2783 5469; x_wconf 78' lang='grc' dir='ltr'>Ποιήσας</span> <span class='ocrx_word' id='word_1_863' title='bbox 2821 5397 2914 5452; x_wconf 79' lang='grc' dir='ltr'>οὖν</span> <span class='ocrx_word' id='word_1_864' title='bbox 2948 5399 3014 5451; x_wconf 79' lang='grc' dir='ltr'><strong>τὰ</strong></span> <span class='ocrx_word' id='word_1_865' title='bbox 3068 5398 3269 5470; x_wconf 80' lang='grc' dir='ltr'>μείζω,</span> <span class='ocrx_word' id='word_1_866' title='bbox 3326 5400 3400 5472; x_wconf 81' lang='grc' dir='ltr'>μὴ</span> <span class='ocrx_word' id='word_1_867' title='bbox 3438 5402 3840 5456; x_wconf 78' lang='grc' dir='ltr'>πιστευσάντω.</span> 
     </span>
    </p>
   </div>
   <div class='ocr_carea' id='block_1_117' title="bbox 2270 5491 3844 5565">
    <p class='ocr_par' dir='ltr' id='par_1_117' title="bbox 2270 5491 3844 5565">
     <span class='ocr_line' id='line_1_117' title="bbox 2270 5491 3844 5565; baseline 0.002 -23"><span class='ocrx_word' id='word_1_868' title='bbox 2270 5491 2519 5555; x_wconf 83' lang='grc' dir='ltr'>ἐκείνων,</span> <span class='ocrx_word' id='word_1_869' title='bbox 2565 5491 2659 5546; x_wconf 90' lang='grc' dir='ltr'><strong>δύο</strong></span> <span class='ocrx_word' id='word_1_870' title='bbox 2689 5493 2748 5545; x_wconf 80' lang='grc' dir='ltr'><strong>ἐν</strong></span> <span class='ocrx_word' id='word_1_871' title='bbox 2788 5492 2969 5563; x_wconf 81' lang='grc' dir='ltr'>ταυτῷ</span> <span class='ocrx_word' id='word_1_872' title='bbox 3003 5493 3336 5564; x_wconf 88' lang='grc' dir='ltr'>κατώρθωσε</span> <span class='ocrx_word' id='word_1_873' title='bbox 3357 5539 3372 5562; x_wconf 93' lang='grc'><strong>,</strong></span> <span class='ocrx_word' id='word_1_874' title='bbox 3405 5494 3499 5549; x_wconf 88' lang='grc' dir='ltr'><strong>τόν</strong></span> <span class='ocrx_word' id='word_1_875' title='bbox 3526 5511 3586 5548; x_wconf 77' lang='grc' dir='ltr'><strong>τε</strong></span> <span class='ocrx_word' id='word_1_876' title='bbox 3619 5495 3844 5565; x_wconf 67' lang='grc' dir='ltr'>σταυρὸν</span> 
     </span>
    </p>
   </div>
   <div class='ocr_carea' id='block_1_118' title="bbox 2271 5582 3844 5657">
    <p class='ocr_par' dir='ltr' id='par_1_118' title="bbox 2271 5582 3844 5657">
     <span class='ocr_line' id='line_1_118' title="bbox 2271 5582 3844 5657; baseline 0.003 -21"><span class='ocrx_word' id='word_1_877' title='bbox 2271 5582 2399 5652; x_wconf 82' lang='grc' dir='ltr'>ἄχρι</span> <span class='ocrx_word' id='word_1_878' title='bbox 2427 5583 2631 5650; x_wconf 83' lang='grc' dir='ltr'>τέλους,</span> <span class='ocrx_word' id='word_1_879' title='bbox 2668 5583 2726 5636; x_wconf 76' lang='grc' dir='ltr'>τὸ</span> <span class='ocrx_word' id='word_1_880' title='bbox 2755 5585 2897 5654; x_wconf 74' lang='grc' dir='ltr'>μέγα</span> <span class='ocrx_word' id='word_1_881' title='bbox 2921 5586 3198 5656; x_wconf 80' lang='grc' dir='ltr'>τρόπαιον,</span> <span class='ocrx_word' id='word_1_882' title='bbox 3233 5585 3496 5657; x_wconf 80' lang='grc' dir='ltr'>ὑπέμεινέ</span> <span class='ocrx_word' id='word_1_883' title='bbox 3522 5604 3580 5641; x_wconf 87' lang='grc' dir='ltr'><strong>τε</strong></span> <span class='ocrx_word' id='word_1_884' title='bbox 3614 5591 3704 5641; x_wconf 71' lang='grc' dir='ltr'>καὶ</span> <span class='ocrx_word' id='word_1_885' title='bbox 3728 5587 3844 5644; x_wconf 69' lang='grc' dir='ltr'><strong>ἁνι-</strong></span> 
     </span>
    </p>
   </div>
  </div>
