4100 6334
209 331 346 391 liii)

205 533 378 603 μηδὲν
420 535 626 603 ἀγαθὸν
670 538 915 608 ἔχοντας,
948 539 1084 595 ἀλλὰ
1118 544 1182 614 τῇ
1206 543 1451 603 -ἁπιστία
1490 560 1807 615 συγκεκρα-

205 625 430 696 μένους.

163 772 171 779 _
281 744 299 773 ι
350 724 463 776 Καὶ
494 723 603 777 ίδοὺ
628 724 768 796 ἀνὴρ
794 724 1021 798 ὀνόματι
1063 729 1280 800 Ἰωσὴφ,
1309 731 1599 804 βουλευτὴς
1631 732 1808 804 ὑπάρ-

204 830 341 883 χων,
377 815 518 884 ἀνὴρ
553 805 758 884 ἀγαθοῖς
783 819 878 870 καὶ
908 818 1119 883 δίκαιος
1149 815 1343 891 (οὗτος
1373 825 1474 876 οὐκ
1500 819 1568 894 ἦν
1599 841 1806 892 συγκα-

203 905 592 976 τατεθειμένος
622 913 688 981 τῇ
741 910 902 981 βουλῇ
940 911 1035 964 καὶ
1072 915 1138 984 τῇ
1166 914 1359 984 πράξει
1393 916 1651 986 αὐτῶν),
1697 917 1808 970 ἀπὸ

218 997 585 1065 Ἀριμαθαίας
623 1002 831 1066 πόλεως
863 1004 974 1056 τῶν
1017 1004 1310 1072 Ἰουδαίων,
1348 1008 1404 1072 ὃς
1447 1010 1808 1081 προσεδέχετο

205 1088 305 1140 καὶ
326 1089 489 1154 αὐτὸς
506 1093 605 1162 τὴν
625 1093 904 1162 βασιλείαν
920 1097 1015 1150 τοῦ
1034 1098 1190 1152 Θεοῦ.
1211 1095 1378 1164 Οὗτος
1399 1102 1716 1171 προσελθὼν
1731 1101 1807 1173 τῷ

205 1178 452 1253 Ῐιιλὰτῳ,
488 1185 732 1255 ῂτὴσατο
764 1187 824 1240 τὸ
856 1186 1020 1258 σῶμα
1050 1191 1144 1244 τοῦ
1185 1193 1385 1263 Ἰησοῦ,
1428 1193 1521 1246 καὶ
1555 1194 1806 1248 καθελὼν

207 1270 379 1337 αὐτὸ,
414 1274 718 1341 ἐνετύλιξεν
765 1277 898 1331 αὐτὸ
930 1279 1169 1347 σινδόνι,
1214 1283 1308 1335 καὶ
1353 1283 1550 1354 ἔθηκεν
1584 1285 1715 1339 αὐτὸ
1749 1286 1808 1338 ὲν

210 1363 470 1435 μνημείῳ
499 1365 766 1440 λαξευτῷ,
787 1364 848 1424 οὗ
872 1370 972 1424 οὐκ
1002 1366 1070 1442 ἦν
1091 1373 1306 1429 οὐδέπω
1331 1377 1506 1441 οὐδεὶς
1526 1379 1802 1449 κείμενος.

205 1453 325 1508 Καὶ
354 1455 538 1527 ἡμέρα
561 1452 629 1529 ἦν
660 1461 1017 1532 Παρασκευὴ,
1047 1465 1141 1519 καὶ
1175 1467 1456 1524 Σάϐϐατον
1489 1471 1803 1540 ὲπέφωσκε.

207 1545 781 1626 Κατακολουθὴσασαι
825 1553 881 1607 δὲ
912 1559 1194 1626 γυναῖκες,
1241 1560 1446 1626 αἵτινες
1476 1559 1618 1634 ἦσαν
1655 1582 1808 1619 συνε-

206 1637 498 1709 ληλυθυῖαι
549 1645 700 1717 αύτῷ
747 1650 812 1701 ὲκ
869 1650 969 1720 τῆς
1020 1651 1340 1723 Γαλιλαίας,
1397 1658 1695 1712 ἐθεάσαντο
1745 1661 1807 1714 τὸ

210 1733 428 1823 μνῆμα,
478 1737 573 1790 καὶ
615 1737 690 1803 ὡς
739 1740 898 1812 ἐτέθη
954 1743 1016 1796 τδ
1061 1745 1222 1816 σῶμα
1260 1749 1451 1804 αὑτοῦ.
1505 1751 1806 1823 Ὑποστρέ-

204 1822 383 1917 viaea:
411 1825 466 1880 δὲ
497 1829 800 1900 ἡτοίμασαν
835 1834 1105 1906 ἀρώματα
1139 1838 1231 1893 καὶ
1265 1841 1434 1912 μύρα.
1469 1845 1581 1898 Kal.
1614 1846 1674 1898 τὸ
1707 1822 1806 1917 μὲν

207 1914 494 1972 Σάϐϐατον
544 1922 834 1992 ἡσύχασαν
885 1929 1029 1982 κατά
1079 1930 1178 2001 τὴν
1219 1935 1477 2004 ἐντολήν.
1531 1953 1549 1985 ι
1605 1936 1667 1989 Ei
1709 1914 1810 1992 καὶ

208 2010 406 2102 πρώην
432 2016 811 2086 κρυπτόμενος
837 2014 906 2089 ἦν
945 2022 1168 2093 Ἰωσὴφ,
1199 2025 1315 2078 ἀλλ’
1338 2021 1431 2079 οὖν
1459 2027 1554 2081 νῦν
1578 2032 1810 2102 πρᾶγμα

206 2100 532 2166 ἀξιέπαινον
588 2113 760 2177 ποιεῖ,
813 2114 988 2168 καίτοι
1039 2114 1336 2190 βουλευτὴς
1391 2100 1660 2194 ὑπάρχων
1715 2100 1810 2177 καὶ

205 2193 491 2264 πλούσιος,
528 2202 624 2255 καὶ
663 2203 838 2276 τολμᾷ
869 2206 1103 2278 ζητῆσαι
1149 2212 1310 2280 σῶμα
1360 2213 1685 2286 ἀνθρώπου,
1733 2218 1808 2282 ὡς

205 2286 486 2359 ἀντάρτου
525 2294 617 2345 καὶ
649 2298 978 2352 στασιαστοῦ
1024 2304 1457 2373 σταυρωθέντος,
1490 2310 1585 2361 καὶ
1614 2309 1809 2364 οὐδένα

206 2379 457 2436 κίνδυνον
493 2386 873 2456 ὑπελογίσατό.
914 2393 1106 2448 Καίτοι
1134 2395 1307 2453 δειλὸν
1335 2402 1360 2453 ὁ
1394 2401 1645 2470 πλοῦτος,
1673 2405 1810 2458 ἀλλά

205 2472 310 2568 καί
353 2478 618 2542 αἰτεῖται,
652 2483 1030 2568 καὶᾉὲντίμως
1067 2486 1286 2554 θάπτει,
1322 2494 1417 2545 καὶ
1458 2496 1514 2547 ἐν
1554 2498 1808 2568 μνημείῳ

202 2563 486 2639 λαξευτῷ,
521 2570 650 2625 ἔνθα
681 2566 857 2640 οὐδεὶς
883 2578 1042 2644 ἄλλος
1070 2583 1380 2637 κατέκειτο·
1418 2587 1504 2640 ἵνα
1642 2563 1809 2645 cium-

207 2675 296 2712 σιν
326 2662 374 2715 οί
409 2669 769 2737 συκοφάνται,
822 2673 902 2724 ὅτι
946 2673 1136 2744 ἕτερον
1185 2677 1344 2748 σῶμα
1373 2680 1596 2753 ἀνέστη.
1644 2686 1710 2738 Αἱ
1752 2686 1809 2738 δὲ

206 2755 497 2820 γυναῖκες,
531 2760 580 2810 εί
613 2760 707 2812 καὶ
745 2761 927 2816 πίστιν
957 2760 1105 2836 εἶχον
1141 2768 1276 2838 πρὸς
1307 2771 1399 2824 τὸν
1429 2773 1654 2844 Κύριον,
1691 2777 1809 2830 ἀλλ’

205 2846 310 2916 οὐχ
363 2848 484 2903 οἵαν
523 2852 664 2916 ἔδει,
717 2856 834 2909 ἀλλ’
873 2859 1076 2930 ἀσθενῆ
1118 2864 1212 2914 καὶ
1269 2867 1494 2936 μικράν.
1561 2868 1645 2932 Ὠς
1701 2872 1808 2943 γὰρ

204 2938 367 3007 ψιλὸν
413 2942 703 3016 ἄνθρωπον
745 2953 1099 3024 νομίζουσαι,
1136 2958 1284 3032 μύρα
1316 2978 1372 3012 τε
1418 2963 1509 3014 καὶ
1539 2938 1809 3033 ἀρώματα

205 3035 584 3106 ἑτοιμάζουσι,
621 3045 763 3098 κατά
797 3048 858 3100 τὸ
883 3053 1168 3120 κρατῆσαν
1202 3054 1324 3118 ἔθος
1346 3056 1495 3124 παρὰ
1530 3056 1808 3122 Ἰουδαίοις

856 337 1303 400 ΕΝΑΒΠΑΤΙΟ
1340 339 1420 400 1N
1460 339 1708 401 EVANG
1725 341 1804 400 E1

1911 341 1967 400 Μ
2002 341 2240 403 ιυιλθ.
2267 368 2336 378 -
2372 345 2532 403 CAP.
2578 345 2790 406 XXIV.

202 440 425 502 δέξατο·
460 443 752 508 κάκείνους
788 445 990 512 ἔδειξεν
1030 447 1359 518 ἀγνώμονας
1383 450 1452 503 τὰ
1477 449 1676 516 πάντα,
1713 452 1806 504 καὶ
1837 455 1882 511 Α

3383 344 3525 414 1110

1915 495 2038 536 esse
2074 494 2172 548 per
2200 481 2408 545 omnia,
2442 489 2496 535 et
2527 481 2660 536 nihil
2707 482 2834 537 boni
2871 482 3098 549 habere,
3133 483 3228 539 sed
3263 483 3523 541 incredu-

1916 574 2070 629 litate
2104 575 2459 629 fermentatus
2489 585 2542 630 et
2573 575 2840 646 perditos.

1985 758 2152 814 Vnus.
2185 759 2378 816 50-56.
2416 777 2434 812 ι
2477 759 2543 815 Ει
2572 776 2723 829 ecce,
2762 761 2844 816 vir
2878 762 3098 817 nomine
3115 761 3526 833 Joseph,dccu-

1914 854 2030 918 rio,
2065 853 2155 923 qui
2193 864 2313 909 erat
2346 855 2430 909 vir
2459 856 2637 910 bonus
2668 870 2734 911 ac
2776 857 2979 928 justus,
3026 853 3121 916 tie
3146 873 3252 912 non
3286 874 3521 914 consen-

1913 955 2062 1000 serat
2104 946 2334 1001 consilio
2363 961 2426 1002 ac
2454 946 2598 1002 facto
2637 963 2854 1013 eorum,
2904 950 3174 1004 oriundus
3206 934 3524 1004 ab'Arima-

1916 1039 2053 1093 thaea
2089 1040 2311 1094 civitate
2331 1039 2669 1108 Iudaeorum,
2704 1043 2792 1112 qui
2826 1044 3187 1113 exspectabat
3218 1053 3272 1098 et
3302 1045 3416 1115 ipse
3437 1060 3525 1117 re-

1913 1148 2078 1200 gnum
2129 1131 2245 1186 Dei.
2292 1132 2390 1189 llic
2429 1137 2663 1190 accessit
2712 1137 2778 1190 ad
2821 1136 3092 1202 Pilatum,
3135 1151 3190 1193 et
3227 1141 3522 1209 postulavit

1914 1237 2114 1291 corpus
2173 1222 2323 1292 Jesu,
2353 1237 2407 1280 et
2439 1226 2750 1296 depositum
2785 1228 3013 1283 involvit
3049 1229 3303 1292 sindone,
3340 1240 3394 1283 et
3427 1247 3523 1299 po-

1913 1315 2024 1369 suit
2057 1315 2186 1372 illttd
2220 1316 2273 1370 in
2310 1327 2690 1386 monumento,
2726 1322 2872 1390 quod
2903 1331 3017 1376 erat
3056 1322 3109 1375 in
3161 1322 3337 1390 lapide
3372 1324 3523 1377 exci-

1913 1423 2033 1462 sum
2083 1407 2137 1462 in
2176 1425 2283 1477 quo
2331 1410 2570 1464 nondum
2605 1409 2896 1480 quisquam
2947 1413 3157 1482 positus
3202 1412 3403 1468 fuerat.
3458 1413 3523 1467 Et

1911 1501 2030 1557 dies
2057 1510 2174 1557 erat
2206 1502 2526 1568 Parasceve,
2561 1514 2612 1558 et
2636 1504 2934 1560 Sabbatum
2967 1505 3345 1562 illucescebat.
3376 1506 3521 1562 Suh-

1911 1608 2115 1650 secntze
2148 1606 2329 1651 autem
2379 1596 2672 1663 mulieres,
2706 1612 2825 1667 quae
2873 1615 2996 1653 cum
3045 1615 3112 1654 eo
3156 1608 3421 1654 venerant
3455 1599 3524 1653 de

1911 1688 2156 1762 Galilaea,
2191 1691 2451 1746 viderunt
2486 1703 2930 1757 monumentum,
2968 1703 3022 1749 et
3054 1693 3521 1764 quemadmodum

1912 1780 2149 1848 positum
2176 1787 2298 1834 erat
2327 1795 2525 1850 corpus
2557 1779 2697 1849 ejus.
2735 1780 2994 1836 Reverszn
3025 1795 3157 1838 vero
3188 1789 3524 1851 paraverunt

1911 1864 2158 1926 aromata
2195 1883 2248 1928 et
2293 1885 2603 1944 unguenta,
2642 1891 2706 1930 ac
2740 1874 2971 1931 sabbato
3019 1875 3240 1945 quidem
3291 1874 3521 1947 quieve-

1912 1964 2039 2019 runt
2072 1964 2370 2019 secundum
2405 1973 2759 2036 prmceptum.
2798 1987 2816 2020 ι
2852 1964 3052 2036 Joscph
3089 1966 3306 2020 tametsi
3343 1964 3520 2034 primo

1911 2055 2172 2123 latuerit,
2226 2072 2340 2111 rem
2405 2067 2589 2114 tamen
2663 2058 2825 2114 laude
2876 2060 3094 2129 dignam
3152 2072 3299 2112 nunc
3353 2056 3519 2116 facit.

1911 2149 2164 2217 quamvis
2191 2149 2545 2204 consiliarius
2573 2159 2720 2205 esset
2753 2166 2816 2206 ac
2847 2151 3022 2218 dives,
3057 2160 3112 2206 et
3138 2149 3302 2204 audet
3334 2157 3523 2219 petere

1897 2255 2114 2311 \corpus
2152 2241 2396 2296 hominis
2435 2243 2686 2298 cruciﬁxi
2729 2243 2888 2313 quasi
2939 2240 3237 2313 perduellis
3277 2249 3333 2298 et
3371 2242 3520 2298 sedi-

1912 2333 2057 2397 tiosi,
2102 2332 2270 2406 490
2317 2333 2636 2402 nullumque
2680 2335 2982 2404 periculum
3015 2335 3352 2406 suspicatur,
3392 2333 3524 2389 licet

1909 2425 2213 2495 periculum
2233 2435 2383 2481 esset
2406 2426 2720 2481 divitiarum
2745 2445 2758 2482 :
2779 2427 2874 2481 sed
2897 2434 2948 2481 et
2968 2426 3122 2493 petit,
3143 2436 3199 2482 et
3219 2427 3523 2482 honoritice

1909 2519 2142 2588 sepelit,
2190 2528 2246 2573 et
2298 2520 2350 2574 in
2389 2528 2750 2574 monumento
2799 2520 2987 2576 exciso
3027 2520 3117 2576 ubi
3160 2520 3345 2576 nullus
3380 2521 3522 2575 alius

1906 2612 2179 2682 jacuerat,
2207 2623 2265 2666 ut
2288 2628 2353 2666 ne
2383 2611 2573 2668 dicant
2598 2613 2954 2686 sycophantae
2975 2613 3119 2684 quod
3143 2613 3290 2668 aliud
3319 2629 3521 2684 corpus

1911 2708 2241 2763 surrexerit.
2267 2705 2523 2761 Mulieres
2551 2717 2736 2761 autem
2763 2707 2866 2762 etsi
2891 2706 3053 2762 fidem
3086 2706 3366 2761 habebant
3389 2720 3516 2776 erga

1913 2799 2239 2865 Dominum,
2270 2816 2380 2854 non
2449 2808 2636 2856 tamen
2685 2800 2902 2871 qualem
2939 2799 3264 2872 oportebat,
3303 2800 3399 2855 sed
3431 2801 3519 2854 in»

1920 2893 2132 2947 ﬁrmant
2171 2907 2234 2947 ac
2282 2907 2536 2963 parvam.
2579 2891 2865 2948 Habebam
2900 2893 3044 2949 enim
3078 2907 3206 2947 eum
3238 2908 3351 2963 pro
3383 2907 3520 2962 puro

1913 2983 2157 3046 homine,
2194 2986 2338 3038 unde
2371 2994 2425 3039 et
2471 2993 2720 3040 aromata
2750 2994 2805 3039 et
2840 2993 3117 3057 unguenta
3150 2996 3518 3055 paraverant,

1907 3077 2061 3146 juxta
2121 3088 2360 3131 veterem
2425 3075 2739 3131 Judazorum
2787 3077 3246 3132 consuetudinem
3297 3091 3519 3148 semper

207 3129 434 3192 παντως
465 3133 559 3185 ἐπὶ
591 3138 701 3199 τοῖς
733 3144 968 3210 νεκροῖς.
1003 3144 1112 3198 Καὶ
1141 3144 1198 3198 τὺ
1230 3147 1332 3214 μὲν
1370 3148 1648 3202 Σὰδὸατον
1677 3153 1804 3220 ἡσυ-

1910 3129 2260 3224 observatam
2283 3129 2351 3223 de
2375 3129 2604 3222 mortuis
2632 3129 2920 3240 ungendis.
3041 3129 3270 3224 sabbato
3296 3129 3514 3239 quidem

207 3221 464 3290 χάζουσι,
499 3229 640 3282 κατὰ
672 3228 768 3301 τὴν
796 3232 890 3286 τοῦ
924 3234 1092 3306 νόμου
1128 3238 1370 3310 ἐντολήν.

783 3346 1038 3403 ΚΕΦΑΛ.
1105 3350 1231 3407 KA'.

207 3451 357 3541 Hegi
407 3454 1024 3541 'ﬂIW-O"7fQJKOUﬂé1‘6._lr
1066 3469 1177 3522 τὸν
1231 3470 1427 3540 τάφον
1479 3451 1805 3541 γυναικῶν.

459 3528 566 3614 τοῦ
593 3526 835 3614 ,ΠέτρΞύ
868 3526 1376 3614 ’τρέχοντοςέπρῖδς
1427 3526 1536 3596 re?
1561 3526 1565 3527 ί

279 3595 884 3686 ρξρὶικλεόςεαξηερὶ
903 3595 1020 3686 eo?)
1065 3595 1366 3686 όφόένξοξ
1393 3595 1805 3686 ’Ῐήάοῧῗὶιὲρἱ

278 3667 389 3734 τῆς
420 3667 776 3739 ἀναϐάσεως
797 3667 884 3742 εἷς
913 3677 1025 3732 τὸν
1053 3667 1337 3750 οὗρανόνξ

284 3793 306 3870 ι
457 3777 514 3832 δὲ
549 3782 649 3852 μιᾷ
684 3784 794 3837 τῶν
831 3786 1130 3844 Σαῦὄάτων
1169 3792 1368 3864 ὄρθρου
1411 3794 1604 3866 βαθέος
1641 3793 1806 3870 ἦλθον

205 3867 306 3922 ἐπὶ
328 3869 390 3922 τὸ
421 3873 632 3943 μνῆμα,
665 3879 933 3948 φέρουσαι
964 3881 998 3935 ἃ
1035 3885 1347 3953 ἡτοίμασαν
1379 3867 1675 3960 ἀρώματα,
1711 3894 1805 3948 καί

201 3977 356 4026 τινες
377 3964 478 4018 σὺν
498 3965 711 4032 αὐταῖς.
739 3965 912 4041 Εὗρον
933 3972 990 4027 δὲ
1012 3976 1103 4028 τὸν
1127 3977 1274 4031 λίθον
1298 3981 1805 4054 ἀποκεκυλισμένον

203 4053 321 4146 ἀπὸ
366 4054 480 4146 τοῢῗ
513 4060 806 4129 μνημείου*
853 4065 948 4118 καὶ
995 4066 1369 4138 εἰσελθοῦσαι,
1416 4073 1516 4143 οὐχ
1551 4053 1710 4146 εὗρον
1745 4078 1806 4130 τὸ

206 4143 376 4214 σῶμα
399 4145 493 4200 τοῦ
527 4148 734 4220 Κυρίου
773 4150 971 4225 Ἰησοῦ.
1013 4157 1122 4211 Καὶ
1159 4160 1383 4228 ἐγένετο
1413 4163 1470 4218 ἐν
1499 4162 1577 4234 τῷ
1608 4143 1802 4222 διαπο-

209 4237 429 4309 ρεῖσθαι
459 4240 634 4306 αὑτὰς
660 4241 790 4318 περὶ
826 4247 1039 4315 τούτου,
1075 4254 1170 4306 καὶ
1196 4253 1304 4308 ἰδοὺ
1329 4256 1526 4329 ἄνδρες
1554 4256 1648 4310 δύο
1673 4262 1805 4316 ἐπέ-

203 4343 416 4402 στησαν
432 4333 650 4402 αὐταῖς,
675 4339 733 4391 ὲν
759 4339 984 4412 ἐσθῆσιν
1008 4345 1475 4415 ἀστραπτούσαις.
1511 4353 1805 4424 Ἐμφόὸων

200 4420 262 4478 δὲ
287 4427 598 4496 γενομένων
629 4431 828 4498 αὐτῶν,
861 4436 955 4488 καὶ
988 4437 1286 4493 κλινουσῶν
1308 4442 1368 4494 τὸ
1400 4420 1692 4514 πρόσωπον
1725 4453 1803 4514 είς

1911 3263 2241 3334 quieverunt
2263 3260 2416 3332 juxta
2447 3262 2766 3314 mandatum
2797 3259 2950 3329 legis.

2467 3372 2699 3429 CAPUT
2758 3370 2955 3428 XXIV.

1915 3491 1988 3544 De
2021 3487 2364 3544 invisentibus
2396 3489 2698 3555 sepulcrum
2759 3488 3094 3544 mulieribus.
3149 3487 3224 3543 De
3255 3487 3414 3545 Petro
3444 3492 3515 3546 ad

1980 3569 2380 3631 monumentum
2415 3569 2681 3631 currente.
2715 3558 2791 3631 De
2820 3558 3040 3628 Cleapa.
3074 3559 3152 3615 De
3177 3563 3516 3631 apparitione

1981 3633 2128 3686 lem.
2160 3629 2235 3684 De
2269 3631 2573 3684 ascensione
2605 3629 2659 3683 in
2689 3628 2905 3684 calum.

1979 3808 2146 3864 Vens.
2178 3806 2332 3861 1-12.
2377 3824 2395 3856 ι
2440 3805 2559 3862 Una
2607 3815 2788 3861 autem
2824 3805 3211 3876 Sabbatorum,
3249 3808 3518 3879 profundo

1909 3900 2291 3971 crespnsculo,
2342 3909 2612 3954 venerunt
2641 3898 2706 3951 ad
2743 3911 3183 3968 monumentum,
3229 3911 3514 3971 portantes

1909 4008 2028 4062 qua:
2063 3997 2391 4061 paraverant
2440 3999 2718 4054 aromata,
2771 3997 2825 4043 ct
2872 3991 3147 4046 nonnulla:
3211 4007 3332 4047 cum
3382 3993 3512 4050 illis.

1909 4082 2257 4151 Repercrunt
2279 4089 2458 4135 autem
2482 4079 2714 4148 lapidem
2737 4079 3090 4136 revolutuma
3117 4096 3476 4142 monumento
3496 4103 3513 4143 :

1907 4184 1962 4228 et
1996 4175 2280 4241 ingressze,
2329 4187 2436 4226 non
2477 4173 2810 4227 invenerunt
2857 4188 3058 4241 corpus
3103 4174 3317 4230 Domini
3350 4174 3509 4232 Jesu.

1907 4267 1972 4320 Et
2009 4265 2212 4321 factum
2255 4276 2360 4330 est,
2410 4262 2538 4318 dum
2584 4273 2764 4319 mente
2801 4276 3170 4322 consternatae
3219 4281 3403 4324 essent
3445 4270 3513 4326 de

1909 4359 2032 4422 hoc,
2077 4373 2208 4413 ecce
2236 4359 2342 4412 duo
2374 4358 2472 4411 viri
2506 4364 2776 4412 steterunt
2820 4355 2982 4427 juxta
3028 4357 3148 4415 illas
3177 4360 3230 4414 in
3265 4362 3513 4417 vestibus

1908 4450 2335 4520 fulgurantibns.
2369 4448 2509 4505 Cum
2541 4448 2897 4518 expavissent
2932 4458 3139 4518 autem,
3171 4462 3226 4507 et
3267 4452 3512 4508 declina-

200 4517 304 4589 τὴν
335 4520 462 4589 γῆν,
490 4519 664 4614 ¹εἷπον
703 4526 840 4597 πρὸς
871 4529 1075 4592 αὑτάς·
1117 4532 1182 4585 Τί
1231 4535 1445 4605 ζητεῖτε
1484 4538 1577 4592 τὸν
1621 4539 1800 4605 ὒῶντα

1910 4517 2024 4599 rent
2053 4543 2256 4596 vnltmn
2287 4543 2340 4596 in
2374 4517 2890 4609 terram,idixernnt
2911 4543 2980 4598 ad
3013 4543 3132 4600 illas
3156 4560 3170 4600 :
3195 4541 3336 4612 Quid
3360 4561 3509 4618 qua:-

205 4611 352 4681 μετά
401 4610 509 4667 τῶν
558 4617 800 4685 νεκρῶν;
858 4621 972 4675 Οὐκ
1005 4622 1154 4678 ἐστιν
1203 4619 1344 4692 ὦδε,
1401 4628 1518 4684 ἀλλ’
1561 4633 1796 4705 ἠγέρθη.

197 4701 523 4796 μνήσθητε,
545 4706 621 4772 ὡς
651 4709 914 4781 ἐλάλησεν
939 4713 1072 4784 ὑμῖν
1099 4716 1181 4770 ῑτι
1210 4717 1290 4772 ὢν
1327 4721 1384 4773 ἐν
1414 4723 1479 4793 τῇ
1513 4701 1797 4796 Γαλιλαία,

198 4792 399 4863 λέγων,
428 4798 514 4851 ὅτι
555 4801 645 4854 Δεῖ
676 4801 770 4856 τὸν
801 4803 928 4859 Υίὸν
958 4807 1054 4860 τοῦ
1089 4809 1381 4881 ἀνθρώπου
1418 4792 1797 4887 παραδοθῆναι

197 4888 282 4951 είς
310 4891 503 4959 χεῖρας
530 4891 837 4964 ἀνθρώπων
859 4899 1225 4971 ἁμαρτωλῶν,
1261 4907 1355 4958 καὶ
1382 4909 1794 4980 σταυρωθῆναι,

197 4980 300 5072 καὶ
345 4983 412 5054 τῇ
452 4985 613 5058 τρίτῃ
653 4987 843 5061 ἡμέρᾳ
891 4991 1218 5065 ἀναστῆναι.
1276 4999 1387 5052 Καὶ
1441 5001 1797 5072 ἐμνήσθησαν

193 5071 312 5129 τῶν
359 5077 624 5147 ῥημάτων
678 5083 882 5137 αὐτοῦ·
935 5086 1032 5141 καὶ
1081 5088 1500 5164 ὑποστρέψασαι
1553 5071 1795 5151 ἀπὸτοῦ

201 5165 500 5237 μνημείου,
533 5170 880 5243 ἀπήγγειλαν
909 5177 1084 5234 ταῦτα
1113 5181 1291 5237 πάντα
1317 5185 1431 5248 τοῖς
1459 5186 1674 5253 ἕνδεκα,
1702 5192 1797 5244 καὶ

199 5260 343 5352 ¹διιᾶσι
366 5263 482 5329 τοῖς
511 5265 740 5332 λοιποῖς·
767 5264 909 5341 ἦσαν
937 5273 993 5327 δὲ
1020 5277 1052 5343 ἡ
1083 5277 1424 5352 Μαγδαληνὴ
1453 5280 1666 5352 Μαρία,
1701 5284 1797 5338 καὶ

226 5349 460 5417 Ῐωάννα,
504 5355 600 5410 καὶ
640 5358 831 5430 Μαρία
881 5361 1166 5429 Ἰακώϐου,
1218 5367 1313 5420 καὶ
1343 5349 1422 5422 γαί
1471 5349 1655 5426 λοιπαὶ
1696 5375 1794 5426 σὺν

190 5442 416 5509 αὐταῖς,
448 5446 504 5501 αι
537 5448 728 5520 ἔλεγον
756 5453 894 5525 πρὸς
927 5456 1052 5521 τοὺς
1085 5459 1420 5525 ἀποστόλους
1447 5463 1643 5518 ταῦτα.
1682 5467 1794 5520 Καὶ

195 5534 481 5608 ἐφάνησαν
530 5540 763 5598 ἐνώπιον
807 5546 990 5599 αὐτῶν
1042 5549 1176 5604 ὡσεὶ
1227 5551 1394 5622 λῆρος
1453 5555 1522 5609 τὰ
1572 5558 1794 5626 ῥήματα

195 5630 405 5718 αυτῶν,
436 5632 532 5686 καὶ
564 5635 830 5704 ἡπίστουν
856 5641 1070 5705 αὑταῖς.
1119 5643 1178 5698 '0
1207 5644 1264 5698 δὲ
1295 5646 1501 5718 Πέτρος
1528 5649 1786 5715 ἀναστὰς,

197 5716 439 5810 ἔδραμεν
479 5722 572 5778 ἐπὶ
605 5727 668 5780 τὸ
723 5733 1015 5801 μνημεῖον,
1064 5735 1162 5788 καὶ
1207 5716 1547 5808 παρακύψας
1599 5739 1791 5810 βλέπει

200 5809 431 5884 κείμενα
466 5815 538 5872 τά
581 5815 768 5875 ὀθόνια
817 5823 978 5894 μόνα,
1020 5828 1112 5882 καὶ
1148 5828 1388 5900 ἀπῆλθῖ
1406 5832 1543 5904 πρὸς
1596 5809 1789 5888 ἑαυτὸν

1904 4636 2023 4690 ritis
2052 4637 2321 4690 viventem
2353 4650 2476 4689 cum
2510 4635 2742 4692 mortuis
2769 4636 2792 4691 ‘l
2818 4634 2944 4692 Non
2977 4647 3061 4692 est
3100 4638 3222 4705 hic,
3256 4641 3348 4695 sed
3385 4656 3508 4695 sur-

1905 4726 2068 4781 rexit.
2121 4722 2502 4778 Recordamini
2535 4733 2611 4779 ut-
2635 4727 2839 4781 dixerit
2861 4726 3040 4794 vobis,
3085 4743 3209 4782 cum
3242 4727 3422 4786 adhuc
3454 4731 3509 4786 in

1901 4814 2127 4870 Galilaea
2151 4821 2318 4878 esset,
2345 4813 2535 4870 dicens
2557 4816 2699 4886 quod
2724 4817 3085 4886 oportueritF
3091 4818 3242 4874 ilium
3269 4822 3509 4878 hominis

1905 4906 2049 4960 tradi
2097 4905 2155 4962 in
2194 4920 2391 4960 manus
2422 4907 2704 4962 hominum
2743 4918 3116 4978 peccatorum,
3168 4921 3223 4966 et
3254 4915 3507 4985 cruciﬁgi

1903 5007 1958 5051 et
1986 4996 2076 5053 die
2103 4996 2265 5052 tertio
2299 5011 2609 5070 resurgere.
2632 4996 2700 5055 Et
2727 5001 3026 5057 recordata:
3051 5012 3182 5059 sunt
3210 5005 3504 5061 verborum

1900 5090 2042 5159 ejus,
2087 5097 2142 5143 et
2172 5103 2438 5160 regressae
2480 5106 2508 5144 a
2552 5105 2908 5150 monumento
2952 5096 3342 5151 nuntiaverunt
3388 5099 3504 5156 haec

1900 5184 2085 5237 omnia
2119 5182 2224 5238 illis
2256 5183 2533 5249 undecim,
2562 5194 2618 5239 et
2648 5188 2861 5244 caeteris
2889 5189 3168 5246 omnibus.
3205 5187 3376 5247 Erant
3407 5209 3504 5249 au-

1902 5284 2013 5331 tem
2044 5274 2214 5330 Maria
2242 5275 2586 5347 Magdalene,
2619 5288 2674 5333 et
2705 5278 2916 5335 Joanna
2937 5322 2951 5348 ,
2985 5293 3040 5338 et
3071 5284 3247 5338 Maria
3280 5282 3497 5349 Jacobi,

1898 5379 1954 5425 et
2000 5379 2209 5424 raatera:
2259 5384 2379 5439 quae
2428 5386 2550 5425 cum
2607 5374 2687 5428 eis
2735 5383 2915 5440 erant,
2969 5391 3091 5448 qua:
3145 5377 3400 5434 dicebant
3434 5383 3500 5433 ad

1898 5463 2182 5533 apostolos
2235 5463 2370 5516 hanc.
2405 5462 2471 5516 Et
2501 5465 2615 5518 visa
2659 5477 2788 5521 sunt
2827 5469 2969 5538 apud
3008 5470 3132 5527 illos
3165 5486 3266 5527 ceu
3295 5472 3500 5526 delira-

1899 5565 2143 5610 mentmn
2196 5557 2359 5612 verba
2419 5558 2675 5625 illarum,
2736 5576 2913 5630 neque
2964 5564 3320 5621 crediderunt
3367 5565 3496 5620 illis.

1895 5647 2089 5705 Petrus
2143 5660 2324 5704 autem
2371 5666 2602 5721 surgens
2648 5657 2892 5710 cucurrit
2937 5662 3005 5711 ad
3055 5657 3494 5724 monumentum;

1894 5750 1950 5797 et
2007 5742 2345 5812 prospiciens
2399 5743 2549 5798 videt
2611 5744 2930 5802 linteamina
2983 5749 3097 5804 sola
3163 5749 3373 5819 posita,
3444 5762 3498 5803 et

1895 5833 2031 5890 abiit
2065 5834 2206 5905 apud
2244 5836 2603 5907 semetipsum
2639 5838 2921 5896 admirans
2957 5842 3098 5913 quod
3129 5841 3426 5899 acciderat.
3472 5860 3489 5892 ι
