4100 6334
559 260 697 329 1115

1444 258 2034 321 THEOPHYLACTI
2076 256 2493 318 BULGARLE
2534 256 2889 318 ARCIIIEP.

3675 246 3807 308 Ῑίίθ

557 370 838 442 speculum
872 367 1250 439 ptiriﬂcaveris
1299 366 1350 421 in
1392 368 1579 423 labore
1615 376 1668 422 et
1698 365 1918 430 sudore,
1964 366 2141 420 neuti-

2255 364 2337 418 καὶ
2370 365 2462 418 τὸν
2499 365 2655 433 λόγον
2698 362 2964 426 σπούδαζε
3007 361 3171 432 ἔχειν.
3240 357 3396 412 Οὕτω
3455 357 3549 408 καὶ
3622 359 3650 408 ό
3697 359 3824 410 Θεὸέ

557 479 719 532 quam
761 462 1098 528 concupitum
1156 460 1613 529 pulchritudinem
1679 459 1730 513 in
1789 459 2010 527 speculo
2046 473 2137 512 su-

560 557 773 624 spieiea.
837 572 854 604 ι
916 552 1059 606 Beati
1096 553 1239 606 enim
1298 553 1496 606 mundo
1536 553 1700 606 corde
1739 548 1806 615 ‘P,
1851 568 1868 601 ι
1902 548 2031 621 [hoc
2084 551 2142 603 lit

563 662 658 715 per
688 642 873 715 Opera]
941 662 959 695 ι
1033 645 1160 714 quia
1236 643 1334 712 ipsi
1399 642 1566 696 Deum
1621 640 1921 697 videbunt:
1979 660 1997 694 ι
2054 641 2142 695 hic

561 738 1046 803 contmnplationis
1107 746 1191 792 est
1269 737 1411 792 linis.
1477 737 1702 805 Oportet
1768 745 1949 790 autem
2019 748 2142 790 esse

564 841 842 901 potentem
900 830 952 883 in
1022 845 1182 898 Opere
1234 839 1287 881 et
1343 844 1597 883 sermone
1655 843 1839 884 coram
1892 828 2025 890 Deo,
2089 835 2145 880 et

565 933 695 974 tunc
754 936 936 974 coram
993 903 1154 973 omni
1203 919 1420 988 populo.
1485 918 1645 973 Prius
1715 918 1858 972 enim
1933 918 2144 988 placere

565 1010 728 1086 493
759 1012 1014 1065 debenms
1057 1013 1184 1073 Deo,
1223 1009 1411 1064 deinde
1445 1009 1618 1062 danda
1655 1022 1817 1077 opera
1869 1017 1926 1061 ut
1967 1008 2135 1061 etiam

565 1101 706 1154 inter
739 1113 836 1154 nos
870 1101 988 1152 sine
1037 1099 1245 1152 macula
1286 1099 1528 1151 vivamus
1577 1108 1837 1166 quantum
1871 1093 1990 1150 ﬁeri
2047 1110 2143 1165 po-

568 1206 674 1251 test
705 1214 720 1250 :
747 1204 801 1251 et
833 1212 1006 1265 neque
1039 1197 1092 1252 in
1128 1198 1315 1266 primis
1363 1197 1632 1264 quomodo
1669 1197 1978 1252 hominibus
2028 1195 2144 1263 pla-

565 1303 715 1356 ceas,
745 1288 839 1343 sed
869 1291 1138 1357 quomodo
1168 1291 1371 1342 servias
1401 1290 1529 1352 Deo,
1565 1289 1887 1344 studendum
1924 1307 1936 1340 :
1971 1303 2146 1355 neque

567 1382 850 1437 vivendum
885 1391 943 1437 ut
974 1382 1156 1436 multis
1174 1382 1253 1438 sis
1291 1381 1579 1445 seandalo,
1631 1383 1724 1436 sed
1768 1392 1822 1435 et
1873 1384 1974 1435 hoc
2019 1392 2139 1450 post

566 1474 698 1529 illud
727 1473 1137 1543 providendum,
1160 1474 1300 1540 quod
1328 1483 1383 1526 et
1417 1471 1647 1543 Sapiens
1675 1471 1838 1527 dicit:
1869 1490 1888 1523 ι
1921 1470 2150 1544 Provide

571 1568 710 1622 bona
738 1582 918 1622 coram
945 1566 1074 1635 Deo,
1105 1566 1298 1621 deinde
1317 1577 1369 1621 et
1397 1582 1579 1620 eorum
1607 1566 1916 1621 hominibus
1936 1566 2003 1618 ⁸⁸.
2039 1585 2056 1617 ι
2086 1565 2150 1618 Et

567 1656 772 1722 Paulus
803 1659 946 1715 istuc
975 1657 1145 1727 ipsmn
1176 1658 1324 1712 dicit.
1363 1676 1380 1709 ι
1422 1657 1529 1713 Nos
1563 1667 1741 1711 autem
1775 1658 2144 1724 Sperabamus,

2247 461 2572 530 συνεργήσει
2634 475 2735 511 σοι.
2811 457 3080 528 Πρότερον
3158 453 3267 522 γὰρ
3328 453 3361 521 ἠ
3426 450 3651 518 πρᾶξις,
3712 447 3823 504 εἶτα

2246 549 2449 621 θεωρία
2512 551 2605 603 καὶ
2657 548 2942 619 ἔλλαμψις.
3007 547 3066 599 El
3117 545 3193 615 μὴ
3244 544 3304 595 τὸ
3364 542 3678 609 κάτοπτρον
3728 559 3822 594 xz-

2245 641 2490 712 Θαρίσεις
2536 644 2593 694 ἐν
2625 642 2772 710 πόνῳ
2812 642 2906 695 καὶ
2955 639 3164 709 ἱδρῶτι,
3215 637 3314 690 οὐκ
3340 635 3405 689 ἂν
3448 633 3509 687 τὸ
3553 634 3822 704 ποθούμε-

2243 753 2334 789 νον
2387 736 2584 798 κάλλος
2639 716 3032 805 κατοπτρίσῃς.
3077 749 3092 783 ι
3143 730 3417 799 Μακάριοι
3467 729 3577 799 γάρ
3623 728 3675 780 oi
3729 744 3822 780 κα-

2247 830 2409 900 θαροὶ
2454 832 2520 900 τῇ
2571 829 2790 900 καρδίᾳ,
2830 848 2846 879 ι
2905 825 3064 880 τοῦτο
3111 824 3198 877 διὰ
3252 823 3361 875 τῶν
3405 822 3624 893 ἔργων·
3689 839 3707 872 ι
3747 821 3823 873 ὅτι

2249 923 2406 976 αὐτοὶ
2435 923 2525 974 τὸν
2559 921 2692 974 Θεὸν
2723 920 2968 990 ὄψονται,
2999 937 3017 968 ι
3061 915 3219 969 τοῦτο
3249 914 3350 983 τῆς
3379 913 3615 983 θεωρίας
3646 912 3707 964 τὸ
3739 914 3823 965 τέ-

2245 1013 2356 1077 λος.
2383 1015 2473 1066 Δεῖ
2498 1013 2553 1066 δὲ
2586 1008 2724 1066 εἶναι
2757 1012 2981 1065 δυνατδν
3015 1009 3073 1060 ὲν
3102 1007 3246 1078 ἔργῳ
3282 1006 3373 1059 καὶ
3405 1005 3552 1076 λόγῳ
3583 1007 3823 1060 ἐναντίον

2246 1108 2340 1161 τοῦ
2376 1107 2534 1172 Θεοῦ,
2568 1106 2660 1159 καὶ
2691 1105 2812 1158 τότε
2847 1104 3090 1157 ἐναντίον
3121 1101 3321 1163 παντὸς
3352 1099 3447 1153 τοῦ
3477 1098 3636 1152 λαοῦ.
3674 1099 3824 1168 Πρῶ-

2247 1217 2337 1254 τον
2368 1199 2475 1270 γὰρ
2512 1197 2766 1269 ἀρεστέον
2799 1196 2938 1268 Θεῷ,
2967 1190 3082 1248 εἶτα
3110 1196 3204 1248 καὶ
3231 1193 3289 1246 τὸ
3320 1191 3822 1262 ἀμώμητονσπου-

2247 1291 2472 1345 δαστέον
2503 1291 2637 1361 πρὸς
2671 1288 3011 1360 ἀνθρώπους,
3047 1288 3122 1351 ὼς
3155 1286 3220 1340 ἂν
3258 1286 3478 1355 ἐγχωρῇ
3501 1300 3513 1314 ·
3557 1283 3654 1342 καὶ
3695 1281 3826 1349 μήτε

2249 1389 2346 1450 τὴν
2379 1383 2901 1452 ἀνθρωπαρέσκειαν
2943 1377 3332 1451 προτιμητέον,
3372 1375 3510 1430 ἀλλὰ
3562 1374 3665 1444 τὴν
3713 1372 3826 1424 θεο-

2252 1476 2469 1530 σέϐειαν
2489 1494 2501 1506 ’
2543 1477 2678 1546 μήτε
2712 1477 2848 1545 πρὸς
2879 1475 2938 1527 τὸ
2966 1474 3259 1528 σκάνδαλον
3290 1471 3400 1525 τῶν
3452 1469 3668 1523 πολλῶν
3703 1467 3828 1537 βιω-

2249 1571 2391 1630 τέον,
2429 1570 2566 1622 ἀλλὰ
2619 1571 2710 1622 καὶ
2756 1569 2948 1621 τούτου
3002 1565 3119 1636 μετ’
3167 1565 3411 1624 ἐκείνους
3464 1559 3827 1632 προνοητέον·

2250 1662 2277 1713 ὃ
2314 1663 2402 1713 καὶ
2435 1662 2601 1728 Σοφός
2636 1677 2788 1728 φησι·
2841 1679 2856 1711 ι
2900 1658 3134 1728 Προνοοῦ
3187 1657 3326 1710 καλὰ
3376 1652 3612 1707 ἐνώπιον
3661 1649 3830 1713 Θεοῦ,

571 1749 782 1819 inquit,
816 1750 960 1820 quod
1007 1750 1120 1820 ipse
1152 1758 1295 1805 esset
1343 1751 1718 1820 redempturus
1749 1748 1936 1805 Israel.
1980 1751 2142 1817 Quasi

2255 1753 2369 1807 εἶτα
2419 1755 2511 1807 καὶ
2566 1752 2901 1822 ἀνθριῖιττωνο
2965 1770 2983 1804 ι
3040 1751 3136 1802 καὶ
3191 1749 3401 1812 Παῦλος
3469 1745 3628 1799 τοῦτο
3681 1743 3831 1796 αὐτό.

566 1839 812 1894 frustrati
848 1855 942 1910 spe
969 1839 1152 1895 dicunt
1183 1856 1198 1894 :
1250 1840 1358 1895 Nos
1391 1841 1743 1910 sperabamus
1772 1842 1912 1909 quod
1952 1845 2065 1911 ipse
2092 1849 2149 1898 et

573 1930 708 1987 alios
743 1931 1047 1988 salvaturus
1074 1944 1220 1989 esset
1251 1949 1266 1988 :
1311 1948 1435 1987 ecce
1470 1949 1649 2004 neque
1691 1937 1928 2006 seipsnm
1965 1950 2149 1989 scrva-

575 2027 674 2079 vit.
725 2025 876 2080 Adeo
907 2026 1052 2079 molli
1085 2036 1240 2081 erant
1290 2028 1468 2080 animo
1501 2037 1554 2081 et
1592 2044 1778 2098 parum
1824 2028 2032 2083 ﬁdenti.
2081 2029 2149 2083 Et

568 2131 739 2187 prope
779 2119 966 2172 eadem
996 2117 1248 2174 dicebant
1282 2135 1400 2189 quae
1451 2121 1523 2174 illi
1580 2121 1632 2174 in
1683 2137 1842 2177 cruce
1901 2141 1915 2177 :
1993 2124 2138 2177 Alios

573 2209 832 2274 servavit,
865 2210 1102 2278 seipsum
1142 2227 1245 2265 non
1283 2223 1458 2281 potest
1488 2221 1727 2268 scrvare.
1765 2212 1890 2268 Ideo
1929 2224 1980 2270 et
2015 2216 2148 2270 insi-

529 2334 536 2342 ι
574 2299 785 2367 pientes
819 2314 912 2354 eos
945 2309 1132 2365 vocat,
1166 2310 1218 2355 et
1255 2302 1440 2355 tardos
1499 2303 1564 2357 ad
1605 2304 1956 2359 credendum.
2009 2304 2149 2371 Quid

573 2401 750 2446 autem
787 2400 868 2446 est
915 2393 1106 2446 redimi
1145 2391 1351 2448 Israel?
1383 2393 1634 2449 Diximus
1674 2397 1815 2464 quod
1865 2395 2146 2452 Christum

573 2485 1223 2555 exspectabantvulgares
1240 2495 1294 2540 et
1321 2486 1496 2541 minus
1521 2489 1801 2541 exercitati
1827 2489 2149 2545 salvatorem

567 2583 628 2628 et
664 2576 1057 2645 redemptorem
1095 2593 1122 2630 a
1157 2579 1312 2632 malis
1344 2593 1464 2648 quae
1503 2579 1583 2633 eis
1623 2578 1998 2646 imminebant,
2030 2590 2083 2634 et
2121 2598 2148 2634 ιι

570 2665 698 2736 Iugo
711 2666 982 2721 servitutis
1002 2668 1386 2732 Romanorum,
1406 2668 1799 2737 sperabantque
1820 2684 1940 2723 eum
1963 2686 2154 2740 regna-

580 2771 761 2815 turum
812 2771 867 2816 ut
904 2777 1080 2832 regem
1111 2769 1383 2816 terrenum
1424 2780 1438 2817 :
1478 2763 1598 2817 ideo
1630 2773 1683 2818 et
1735 2763 1951 2826 dicunt,
1989 2781 2008 2814 ι
2046 2763 2154 2819 Nos

573 2854 927 2923 sperabamus
965 2853 1104 2921 quod
1141 2853 1259 2924 ipse
1301 2855 1676 2926 redempturus
1709 2864 1853 2909 esset
1887 2854 2053 2909 Israel
2077 2894 2090 2919 ,
2128 2876 2144 2907 ι

574 2943 824 3000 videlicet
851 2958 879 2997 a
914 2943 1203 3014 gentilibus
1232 2944 1513 3007 Romanis,
1542 2948 1609 3012 ﬁet
1645 2947 1758 3014 ipse
1807 2960 1980 3013 neque
2010 2947 2153 3016 inju-

575 3044 715 3092 stam
751 3036 1077 3091 sententiam
1115 3045 1304 3091 contra
1329 3051 1386 3090 se
1424 3037 1582 3092 latam
1612 3035 1817 3108 effugit.
1857 3057 1875 3091 ι
1907 3038 1970 3092 Ει
1997 3039 2153 3093 hodie

580 3128 774 3184 tertius
802 3129 917 3184 dies
946 3137 1061 3193 est,
1093 3139 1149 3184 et
1201 3131 1450 3185 rnulieres
1502 3139 1811 3186 terruerunt
1857 3146 1991 3196 nos,
2041 3150 2059 3185 ι
2100 3143 2153 3187 et

578 3228 802 3275 caetera.
847 3219 973 3275 Hazc
1000 3221 1152 3290 quasi
1197 3221 1500 3277 dubitantes
1549 3223 1782 3278 dicunt:
1825 3233 1877 3278 et
1909 3224 2156 3280 videntur

583 3313 713 3366 mihi
743 3313 840 3367 viri
875 3313 926 3368 in
958 3313 1111 3367 valde
1146 3314 1396 3384 ambigua
1429 3329 1549 3369 esse
1579 3317 1869 3382 sententia,
1896 3326 1947 3370 et
1983 3334 2156 3388 neque

578 3405 737 3460 valde
767 3405 1104 3470 discredere,
1141 3421 1315 3474 neque
1346 3415 1492 3461 recte
1532 3407 1776 3462 credere.
1830 3410 2036 3464 Etenim
2073 3413 2156 3465 di-

581 3499 758 3555 cendo
806 3514 821 3552 :
879 3516 898 3549 ι
959 3498 1322 3568 Sperabamus
1377 3500 1520 3568 quod
1582 3503 1959 3572 redempturus
2018 3513 2158 3560 esset

584 3591 781 3657 Israel,
820 3611 838 3644 ι
877 3592 1314 3648 incredulitatem
1357 3593 1599 3649 indicant
1634 3613 1649 3649 :
1686 3597 1828 3666 quod
1855 3609 2034 3652 autem
2075 3601 2155 3654 di-

579 3692 712 3741 cunt
744 3699 863 3740 esse
907 3685 1046 3739 diem
1102 3687 1359 3752 tertium,
1397 3685 1672 3742 hominum
1708 3699 1792 3744 est
1847 3692 1938 3759 qui
1992 3707 2157 3762 prope

577 3775 935 3830 recordentur
967 3775 1112 3867 quod
1149 3776 1347 3830 dixerit
1378 3778 1457 3831 eis
1495 3793 1508 3831 :
1568 3795 1586 3828 ι
1635 3778 1730 3833 Die
1770 3779 1927 3834 tertia
1976 3797 2159 3837 resur-

579 3883 725 3938 gam.
748 3887 766 3920 ι
807 3868 870 3923 Et
893 3871 1036 3936 quod
1070 3869 1218 3934 dicit,
1248 3888 1265 3921 ι
1307 3868 1699 3926 Exterruerunt
1730 3887 1850 3939 nos,
1886 3893 1904 3926 ι
1941 3874 2043 3929 hoc
2083 3875 2158 3930 si-

577 3966 744 4027 gnat,
791 3958 932 4028 quod
993 3959 1339 4015 incredulitas
1412 3977 1598 4016 eorum
1674 3965 2033 4020 concutiatur.
2095 3967 2161 4021 Et

577 4050 805 4104 omnino
827 4051 870 4105 si
899 4051 1308 4107 considerentur
1341 4069 1638 4122 sermones,
1669 4055 1884 4111 humani
1910 4067 2070 4122 sunt,
2104 4068 2158 4116 ct

581 4152 831 4209 magnam
887 4141 1278 4197 dubitationem
1332 4145 1565 4210 habent,
1620 4153 1674 4199 et
1707 4146 1984 4202 hominum
2020 4164 2158 4218 per—

583 4229 865 4300 plexorum
897 4241 950 4285 et
985 4233 1348 4300 ignorantium
1380 4235 1506 4303 quid
1544 4245 1705 4306 agant
1736 4249 1955 4307 pr0ptcr
1982 4256 2160 4294 resur-

586 4322 843 4377 rectionis
871 4323 1208 4380 miraculum.
1257 4345 1274 4377 ι
1325 4327 1591 4382 Abierunt
1623 4337 1840 4396 autem,
1890 4349 1908 4382 ι
1949 4332 2155 4400 inquit,

2255 1867 2272 1897 ι
2319 1845 2507 1916 Ἠμείς
2529 1845 2584 1898 δὲ
2609 1842 2930 1914 ἠλπίζομεν,
2962 1844 3145 1912 φησὶν,
3175 1842 3255 1894 ὅτι
3289 1840 3446 1902 αὑτός
3478 1839 3625 1907 εστιν
3657 1838 3687 1890 ὁ
3709 1836 3832 1906 μέλ·

2250 1940 2354 1993 λων
2389 1937 2716 2011 λυτροῦσθαι
2749 1938 2839 1989 τὸν
2879 1934 3116 2007 Ἰσραήλ.
3159 1953 3176 1983 ι
3229 1932 3452 2001 Ὠπερεὶ
3478 1926 3832 1998 διαψευσθέν-

2240 2049 2339 2094 -τες
2379 2031 2484 2084 τῶν
2527 2029 2788 2096 ἐλπίδων,
2832 2027 2976 2080 οὕτω
3026 2026 3221 2094 φασίν·
3285 2024 3480 2091 Ἡμεῖς
3529 2019 3834 2090 ἠλπίζομεν

2250 2127 2331 2178 ὅτι
2366 2125 2526 2187 αύετὸς
2563 2124 2656 2176 καὶ
2707 2121 2898 2184 ἄλλους
2932 2120 3131 2180 σώσει,
3184 2116 3277 2170 καὶ
3313 2115 3423 2171 ἰδοὺ
3476 2112 3607 2165 ούδὲ
3641 2109 3830 2164 ἑαυτὸν

2252 2219 2486 2272 ἔσωσεν
2533 2216 2704 2277 οὕτως
2743 2214 2981 2282 ἀγεννῶς
3016 2214 3111 2266 xui.
3141 2211 3382 2273 ἀπίστως
3420 2204 3585 2278 εἶχον.
3628 2208 3832 2260 Μονον·

2251 2312 2371 2381 ουχὶ
2414 2310 2520 2380 γὰρ
2569 2310 2752 2362 ἐκεῖνα
2796 2308 3001 2374 ἔλεγον,
3045 2305 3080 2360 ἃ
3113 2303 3207 2356 καὶ
3248 2303 3297 2356 oi
3331 2301 3420 2354 ἐπὶ
3452 2299 3546 2353 τοῦ
3579 2296 3831 2367 σταυροῦ.

2263 2423 2281 2457 ι
2326 2403 2557 2466 ’Ἄλλους
2592 2403 2796 2455 ἔσωσεν
2819 2441 2832 2463 ,
2869 2397 3063 2452 ἑαυτὸν
3111 2397 3170 2449 οὐ
3205 2395 3426 2448 δύναται
3463 2391 3655 2446 σῶσαι·
3699 2409 3718 2442 δ
3751 2391 3833 2442 Διά

2255 2505 2348 2556 καὶ
2389 2503 2647 2571 ἀνοήτους
2678 2498 2876 2558 αὐτοὺς
2907 2494 3204 2553 ἀποκαλεῖ,
3232 2491 3324 2544 καὶ
3351 2490 3568 2561 βραδεῖς
3627 2487 3720 2541 τοῦ
3753 2505 3835 2537 πι-

2255 2594 2497 2647 στεύειν·
2552 2593 2606 2644 τί
2651 2591 2708 2644 δέ
2761 2592 2875 2642 ἐστι
2929 2586 3086 2640 τοῦτο
3128 2585 3207 2647 τὸ,
3262 2602 3280 2636 ι
3347 2579 3693 2652 Λυτροῦσθαι
3748 2580 3834 2631 τὸν

2266 2685 2511 2754 Ἰσραήλ;
2542 2704 2559 2737 ›
2594 2682 2872 2751 Διαφόρως
2891 2681 3138 2746 εἴπομεν,
3171 2678 3252 2730 ὅτι
3277 2675 3367 2728 τὸν
3397 2673 3634 2743 Χριστὸν
3661 2687 3824 2740 προσ-

2252 2778 2451 2830 εδόκων
2487 2777 2534 2827 oi
2567 2771 2664 2827 τοῦ
2706 2771 2861 2836 λαοῦ,
2928 2770 3023 2822 καὶ
3061 2765 3135 2837 μὴ
3163 2763 3573 2835 ἀκριϐέστεροι,
3609 2761 3832 2829 σωτῆρα

2256 2870 2349 2921 καὶ
2386 2864 2667 2936 λυτρωτὴν
2715 2864 2823 2916 τῶν
2871 2859 3241 2929 ἐπικειμένων
3271 2857 3454 2917 αὐτοῖς
3495 2855 3704 2916 κακῶν,
3741 2855 3830 2907 καὶ

2261 2962 2355 3015 τοῦ
2385 2957 2554 3026 ζυγοῦ
2586 2958 2684 3026 τῆς
2722 2954 2964 3014 δουλείας
2989 2952 3084 3021 τῆς
3116 2950 3221 3003 ὑπὸ
3262 2948 3577 3018 Ῥωμαίων
3611 2945 3705 3001 καὶ
3738 2945 3830 3016 βα-

2264 3051 2532 3104 σιλεύσειν
2580 3048 2637 3100 δὲ
2672 3045 2837 3100 αὐτὸν
2876 3042 3121 3110 ἐπίγειον
3159 3038 3439 3111 βασιλείαν
3467 3035 3699 3108 ἡλπιζον
3725 3053 3737 3066 ⁸
3759 3035 3833 3089 διὸ

2259 3143 2351 3198 καί
2378 3159 2562 3212 φασιν,
2586 3141 2669 3193 ὅτι
2699 3137 2890 3207 Ἡμεῖς
2921 3132 3242 3205 ἠλπίζομεν,
3267 3132 3349 3185 ὅτι
3374 3130 3469 3183 καὶ
3498 3128 3590 3181 τὸν
3623 3127 3831 3198 Ἰσραὴλ

2259 3235 2365 3288 ἀπὸ
2393 3232 2501 3285 τῶν
2534 3227 2762 3283 ὲονικῶν
2806 3225 3095 3296 Ῥωμαίων
3137 3220 3299 3284 αὐτὸς
3344 3217 3717 3291 λυτρὼσεται,
3749 3219 3834 3270 καὶ

2257 3317 2412 3385 οὗτος
2452 3320 2572 3372 οὐδὲ
2623 3317 2720 3389 τὴν
2769 3317 2956 3371 ἄδικον
3006 3314 3092 3368 ἐπ’
3151 3312 3300 3384 αὐτῷ
3351 3311 3531 3381 ψῆφον
3586 3308 3831 3380 ἐξέφυγε.

2269 3434 2286 3466 ι
2331 3413 2442 3467 Καὶ
2487 3411 2592 3481 μὴν
2645 3411 2737 3462 καὶ
2781 3407 2970 3478 τρίτην
3001 3407 3215 3478 ἡμέραν
3263 3405 3388 3474 ἄγει
3429 3404 3694 3472 σήμερον,
3747 3401 3835 3455 καὶ

2258 3509 2513 3577 γυναῖκες
2556 3502 2852 3570 ἐξέστησαν
2906 3502 3086 3570 ἡμᾶς,
3119 3518 3136 3550 ι
3194 3500 3288 3550 καὶ
3335 3498 3404 3551 τὰ
3462 3497 3610 3566 ἑξῆς.
3657 3493 3836 3547 Ταῦτα

2258 3599 2498 3669 ὡσπερεὶ
2551 3595 2939 3665 διαπορούντές
2993 3609 3126 3662 φασι
3163 3609 3175 3622 °
3241 3592 3336 3646 xui.
3385 3589 3600 3644 ἐοίκασί
3658 3606 3748 3658 μοι
3791 3588 3840 3642 oi

2259 3693 2452 3759 ἄνδρες
2498 3692 2556 3743 ὲν
2604 3689 2770 3758 πολλῇ
2806 3683 3276 3756 ἀμφιγνωμοσύνῃ
3326 3676 3499 3743 εἶναι,
3552 3680 3650 3734 καὶ
3704 3680 3838 3750 μήτε

2262 3783 2467 3852 σφόδρα
2517 3781 2786 3843 ἀπιστεῖν,
2832 3779 2970 3847 μήτε
3016 3775 3218 3844 σφόδρα
3259 3772 3556 3827 πιστεύειν.
3614 3771 3690 3825 Τὸ
3744 3772 3841 3839 μὲν

2261 3872 2370 3943 γὰρ
2404 3873 2599 3932 εἰπεῖν,
2654 3872 2736 3923 ὅτι
2783 3866 3114 3938 Ἡλπίζομεν
3159 3867 3242 3918 ὅτι
3285 3863 3446 3926 αὐτός
3491 3865 3640 3915 ἐστιν
3689 3862 3719 3915 ό
3750 3861 3841 3914 λυ·

2260 3966 2602 4038 τρωσόμενος
2637 3961 2726 4016 τδν
2773 3959 3019 4030 Ἰσραὴλ,
3071 3957 3331 4011 ἀπιστίαν
3377 3955 3748 4010 ὲνδείκνυται’
3785 3954 3842 4007 τὸ

2261 4059 2318 4112 δὲ
2349 4058 2551 4125 λέγειν,
2585 4058 2669 4109 ὅτι
2707 4054 2912 4125 Τρίτην
2956 4050 3160 4119 ταύτην
3195 4049 3408 4120 ἡμέραν
3439 4049 3591 4117 ἄγει,
3632 4045 3843 4119 ἀνθρώ-

2262 4167 2379 4204 πων
2415 4150 2561 4201 ἐστὶν
2596 4147 2764 4215 ἐγγὺς
2812 4145 2982 4197 ὄντων
3013 4141 3108 4195 τοῦ
3157 4139 3714 4211 ἀναμιμνήσκεσθαι,
3763 4139 3843 4192 ὅτι

2261 4241 2412 4296 εἷπεν
2453 4243 2664 4304 αὐτοῖς’
2695 4257 2712 4290 ι
2748 4239 2825 4308 Τῇ
2855 4236 3015 4308 τρίτῃ
3037 4235 3220 4306 ἡμέρᾳ
3254 4233 3656 4302 ἅναστήσομαι.
3690 4251 3710 4284 ι
3738 4232 3844 4286 Καὶ

2261 4335 2340 4399 τὸ,
2368 4353 2384 4384 ι
2409 4334 2733 4398 Ἐξέστηοαν
2752 4330 2918 4399 ἡμᾶς,
2945 4346 2963 4379 ›
2994 4325 3234 4386 τοιοῦτόν
3261 4341 3313 4376 τι
3332 4322 3609 4394 ἐμφαίνει,
3629 4321 3846 4393 φημἰδῆ

590 4432 610 4466 ι
648 4415 863 4483 quidam
882 4431 944 4470 ex
982 4416 1066 4472 his
1094 4418 1183 4486 qui
1212 4427 1337 4474 sunt
1376 4419 1654 4475 nobiscum
1689 4439 1703 4475 :
1738 4440 1757 4473 ι
1804 4423 1884 4477 vel
1931 4423 2150 4480 Petrum

2260 4427 2320 4479 τὸ
2339 4426 2434 4496 τὴν
2457 4423 2712 4476 ἀπιστίαν
2735 4421 2911 4473 αὐτῶν
2933 4415 3386 4473 ὑποσαλεύεσθαι.
3430 4415 3612 4474 ὐλως
3640 4411 3698 4466 δὲ
3725 4427 3847 4464 σκο-

583 4507 756 4563 solum
785 4508 932 4571 dicit.
965 4509 1049 4564 vel
1083 4509 1301 4565 Petrum
1333 4521 1385 4566 et
1411 4509 1700 4569 Joannem.
1736 4515 1800 4569 Et
1828 4515 1955 4572 hinc
1987 4520 2157 4572 mani-

2268 4516 2530 4587 πούμενοι
2555 4517 2603 4567 οἱ
2639 4515 2808 4581 λόγοι,
2840 4506 3270 4580 ἀνθρώπινοιτῷ
3331 4506 3444 4559 ὄντι
3470 4505 3606 4568 εἰσὶ,
3635 4502 3728 4556 καὶ
3760 4517 3847 4553 πι-

584 4598 778 4654 lestum
818 4601 960 4670 quod
1007 4616 1127 4670 quae
1166 4602 1254 4656 alii
1287 4603 1393 4658 late
1445 4606 1668 4672 dicunt,
1715 4608 1805 4662 alii
1839 4611 2150 4681 compendic

2260 4611 2356 4664 λὺν
2383 4610 2476 4662 τὸν
2515 4603 3084 4676 δισταγμὸνέχοντες,
3111 4599 3207 4653 καὶ
3236 4593 3348 4653 οἷον
3379 4593 3846 4668 ὲπαπορουμένων

585 4689 827 4754 tradunt,
858 4699 913 4744 et
942 4698 1254 4746 transcursu
1287 4703 1587 4750 transeunt.
1620 4698 1986 4755 Ambitionem
2016 4705 2150 4757 enim

2262 4703 2359 4756 καὶ
2386 4698 2813 4771 ἀμηχανούντων
2845 4695 2932 4749 διὰ
2962 4693 3022 4746 τὸ
3069 4694 3168 4761 τῆς
3200 4690 3551 4752 ἀναστάσεως
3586 4687 3844 4752 ἐξαίσιον.

587 4778 735 4834 Petri
785 4789 838 4834 et
869 4779 1095 4837 Joannis
1145 4783 1210 4836 ad
1263 4785 1570 4856 sepulcrum
1594 4829 1609 4856 ,
1646 4785 1881 4845 Joannes
1919 4791 2150 4857 pluribus

2265 4814 2282 4846 ι
2337 4791 2599 4861 Ἀπῆλθον
2645 4788 2720 4851 δὲ,
2754 4787 2908 4856 φασὶ,
2939 4784 3082 4847 τινὲς
3110 4784 3218 4836 τῶν
3252 4783 3351 4836 σὺν
3397 4783 3551 4852 ἡμῖν.
3592 4799 3611 4832 ι
3651 4779 3723 4832 Ἦ
3758 4777 3846 4830 τὸν

588 4871 896 4939 complexus
922 4883 1026 4936 est,
1056 4873 1141 4927 hic
1160 4884 1337 4930 autem
1363 4878 1554 4948 paucis
1577 4881 1906 4935 mentionem
1936 4881 2157 4949 faciens,

583 4963 748 5018 etiam
783 4965 999 5020 nomina
1027 4970 1311 5035 praeteriit.

2257 4885 2466 4953 Πέτρον
2503 4880 2662 4951 μόνον
2718 4879 2900 4949 φησιν,
2953 4875 3112 4947 ἦτὸν
3162 4875 3371 4945 Πέτρον
3408 4873 3505 4926 καὶ⁵
3582 4870 3842 4940 ῐιυάννην.

2255 4973 2566 5030 Κάντεῦθεν
2610 4971 2791 5042 δῆλον,
2842 4971 2928 5022 ὃτι
2977 4967 3013 5023 ἃ.
3067 4966 3314 5030 πλατέως
3353 4965 3532 5035 ἕτεροι
3575 4963 3842 5033 λέγουσιν.

582 5054 732 5109 ἄλλοι
757 5057 1032 5127 συντόμως
1081 5062 1174 5115 καὶ
1198 5063 1563 5136 έπιδρομάδην
1586 5067 1912 5137 διέρχονται.
1939 5069 2154 5140 Ὥσπερ
2193 5064 2287 5122 οὖν
2342 5070 2436 5123 καὶ
2486 5066 2588 5137 τὴν
2652 5065 2748 5117 ἐπὶ
2818 5061 2880 5115 τὸ
2935 5061 3200 5132 μνημεῖον
3255 5059 3440 5127 ἄφιξιν
3490 5056 3700 5126 Πέτρου
3751 5055 3846 5108 καὶ

588 5145 859 5211 Ἰωάννου.
885 5151 913 5203 ὁ
951 5149 1050 5217 μὲν
1089 5151 1340 5224 Ἰωάννης
1371 5156 1703 5229 πλατύτερον
1729 5158 2027 5228 διεξῆλθεν,
2058 5157 2211 5227 οὗτος
2247 5161 2326 5227 δὲ,
2360 5159 2558 5229 ὀλίγων
2593 5150 2976 5226 ἒπιμνησθεὶς,
3004 5147 3303 5220 ἀνωνύμως
3340 5144 3586 5216 παρῆλθε
3599 5162 3648 5199 ν.

654 5238 818 5296 Vsus.
849 5240 1039 5298 25-35.
1078 5260 1096 5295 ι
1138 5242 1206 5298 Ει
1245 5244 1362 5316 ipse
1389 5246 1523 5302 dixit
1555 5250 1621 5303 ad
1651 5267 1744 5305 eos
1778 5268 1790 5306 :
1842 5251 1885 5308 Ο
1913 5254 2061 5307 stulti
2101 5264 2157 5309 et

586 5330 726 5385 tardi
758 5332 922 5386 corde
971 5331 1042 5387 ad
1085 5335 1416 5391 credendum
1449 5338 1502 5391 in
1542 5340 1794 5397 omnibus
1824 5357 1942 5412 qua:
1993 5341 2156 5400 locuti

585 5431 710 5475 sunt
738 5423 1050 5494 prophetat!
1097 5423 1282 5483 Nonne
1309 5427 1424 5485 hac
1452 5432 1692 5500 oportuit
1717 5435 1824 5502 pati
1851 5437 2154 5503 Christum,

587 5521 642 5569 et
668 5512 871 5570 intrare
901 5515 954 5572 ln
983 5513 1210 5586 gloriam
1236 5521 1426 5576 suam?
1452 5519 1519 5576 Et
1573 5538 1798 5582 exorsus
1835 5542 1862 5582 a
1913 5528 2057 5587 Mosc
2101 5542 2154 5585 et

666 5694 712 5730 δ’
737 5693 925 5753 Matth.
952 5709 1004 5763 ν,
1036 5694 1091 5753 8.
1168 5697 1214 5730 “
1259 5697 1301 5753 ll
1337 5697 1460 5756 Cor.
1494 5715 1611 5770 \‘lll,
1645 5700 1734 5758 2t.

2345 5273 2362 5304 ι
2408 5253 2516 5306 Καὶ
2549 5250 2713 5311 αὐτὸς
2750 5243 2873 5302 εἷπε
2943 5245 3081 5316 πρὸς
3131 5241 3356 5305 αὐτούς’
3396 5236 3467 5294 Ὦ
3505 5237 3724 5306 ἀνόητοι
3753 5234 3844 5290 καὶ

2267 5345 2481 5418 βραδεῖς
2511 5345 2578 5414 τῇ
2610 5340 2810 5413 καρδίᾳ
2837 5337 2932 5393 τοῦ
2969 5336 3248 5390 πιστεύειν
3272 5332 3367 5387 ἐπὶ
3391 5333 3580 5395 πᾶσιν,
3612 5322 3694 5393 οἷς
3719 5327 3844 5382 ἑλά-

2263 5439 2432 5510 λησαν
2481 5437 2531 5490 οἱ
2572 5434 2888 5506 προφῆται,
2945 5430 3067 5501 οὐχὶ
3122 5427 3298 5482 ταῦτα
3356 5425 3465 5480 ἔδει
3522 5423 3719 5478 παθεῖν
3754 5419 3842 5476 τὸν

2265 5527 2519 5600 Χριστὸν,
2564 5528 2657 5582 καὶ
2695 5524 2956 5579 εἰσελθεῖν
3006 5524 3084 5587 είς
3134 5521 3233 5593 τὴν
3275 5517 3436 5586 δόξαν
3481 5515 3687 5586 abaci;
3738 5514 3845 5570 Καὶ
