4100 6334
205 303 346 371 1117

901 310 1346 375 ENARRATIO
1388 312 1467 373 IN
1508 313 2015 377 EVANGELIUM
2056 318 2297 381 LUCx‘E.
2334 344 2403 356 -
2432 320 2590 382 CAP.
2632 322 2843 384 XXIV.

3372 317 3508 385 1118

202 415 515 490 ἀρξάμενος
548 419 654 474 ἀπὸ
690 421 953 491 Μωσέως,
986 428 1082 477 καὶ
1114 424 1224 478 ἀπὸ
1272 424 1497 479 πάντων
1530 424 1641 477 τῶν
1668 441 1793 495 προ-

1910 430 2166 485 otnnibus
2200 431 2504 502 prophetis,
2537 433 3003 504 interpretabatur
3037 431 3145 488 illis
3169 431 3222 486 in
3258 431 3509 490 omnibus

202 510 424 583 φητῶν,
457 511 821 584 διηρμήνευεν
850 516 1037 578 αὐτοῖς
1067 518 1125 569 ὲν
1155 516 1359 579 πάσαις
1399 518 1523 579 ταῖς
1553 514 1803 587 Γραφαῖς

202 606 275 659 τὰ
310 607 444 677 περὶ
496 605 712 661 ἑαυτοῦ,
768 608 881 663 Καὶ
938 610 1177 680 ἦγγισαν
1214 611 1294 673 είς
1349 609 1450 680 τὴν
1490 608 1687 681 κώμην
1738 595 1803 664 οὗ

204 700 561 771 ἐπορεύοντο.
619 701 731 754 Καὶ
780 702 943 766 αὐτὸς
1018 702 1405 774 προσεποιεῖτο
1464 701 1804 775 πορρωτέρω

204 791 559 862 πορεύεσθαι.
613 795 725 847 Kal.
798 795 1203 865 παρεϐιάσαντο
1262 796 1447 861 αὑτὸν,
1524 797 1801 865 λέγοντεςο

201 884 406 938 Μεῖνον
444 884 564 955 μεθ’
600 886 781 957 ἡμῶν,
819 890 901 941 ὅτι
952 887 1087 957 πρὸς
1124 890 1368 959 ἑσπέραν
1405 890 1541 953 ἐστὶ,
1581 890 1676 942 καὶ
1710 888 1807 942 κέ-

199 975 393 1027 κλικεν
423 976 455 1045 ἡ
488 977 702 1047 ἡμέραο
735 979 831 1031 καὶ
863 978 1085 1047 εἰσῆλθε
1114 978 1210 1031 τοῦ
1247 983 1427 1049 μεῖναι
1462 982 1560 1033 σὺν
1592 981 1800 1043 αὐτοῖς.

199 1066 316 1120 Καὶ
345 1068 567 1135 ἐγένετο
602 1072 660 1124 ὲν
697 1070 773 1139 τῷ
804 1072 1205 1142 κατακλιθῆναι
1239 1073 1405 1127 αὐτὸν
1440 1076 1556 1144 μετ’
1593 1072 1799 1141 αὐτῶν,

198 1159 386 1215 λαόὼν
416 1162 507 1218 τὸν
534 1165 699 1234 ἄρτον
734 1164 1024 1234 εὐλόγησε,
1062 1166 1156 1219 καὶ
1181 1166 1393 1230 κλάσας
1422 1165 1671 1219 ἐπεδίδου
1700 1166 1802 1218 αὐε-

203 1255 342 1315 τοῖς.
367 1255 557 1308 Αὐτῶν
579 1256 632 1309 δὲ
651 1256 1034 1328 διηνοίχθησαν
1057 1259 1106 1310 οί
1128 1257 1418 1328 ὀφθαλμοὶ,
1443 1260 1535 1310 καὶ
1561 1258 1803 1326 ἐπέγνω-

196 1360 303 1399 σαν
332 1346 516 1411 αὐτὸν,
540 1350 633 1401 καὶ
654 1348 815 1411 αὐτὸς
838 1349 1074 1417 ἄφαντος
1093 1352 1312 1419 ἐγένετο
1340 1352 1434 1405 ἀπ’
1457 1353 1663 1406 αὐτῶν.
1690 1352 1802 1405 Καὶ

196 1431 357 1490 εἷπον
387 1439 524 1510 πρὸς
550 1440 838 1510 ἀλλήλους’
881 1442 1016 1512 Οὐχὶ
1045 1445 1078 1514 ἡ
1109 1442 1307 1513 καρδία
1330 1442 1490 1513 ἡμῶν
1524 1444 1796 1514 καιομένη

196 1524 265 1599 ἦν
302 1531 359 1583 ὲν
410 1532 538 1602 ἡμῖν
572 1531 646 1596 ῶς
681 1533 860 1586 ἐλάλει
904 1536 1038 1603 ἡμῖν
1066 1537 1125 1589 ἐν
1169 1538 1234 1606 τῇ
1273 1537 1399 1606 ὁδῷ,
1438 1537 1533 1590 καὶ
1574 1537 1650 1600 ὡς
1682 1537 1803 1607 διή-

193 1640 382 1692 νοιγεν
420 1628 553 1695 ἡμῖν
599 1628 699 1690 τὰς
728 1628 982 1697 Γραφάς;
1020 1629 1129 1682 Καὶ
1170 1630 1510 1693 ἀναστάντες
1560 1632 1698 1703 αὐτῇ
1730 1635 1796 1702 τῇ

192 1717 341 1788 ὥρα,
374 1718 724 1789 ὑπέστρεψαν
753 1722 834 1783 είς
889 1722 1277 1793 Ἰερουσαλὴμ,
1307 1724 1404 1776 καὶ
1440 1719 1600 1794 εὖρον
1635 1742 1799 1794 συνη-

194 1810 558 1879 θροισμένους
592 1813 719 1875 τοὺς
747 1812 941 1865 ἕνδεκα
969 1814 1065 1867 καὶ
1091 1814 1217 1878 τοὺς
1261 1816 1358 1868 σὺν
1386 1817 1572 1878 αὐτοῖς
1606 1814 1791 1883 λέγον-

192 1918 321 1967 τας,
354 1903 435 1956 ὅτι
471 1903 715 1974 Ἠγέρθη
746 1906 773 1956 ὁ
807 1905 1010 1977 Κύριος
1030 1907 1218 1972 Εντως,
1254 1910 1348 1963 καὶ
1372 1908 1527 1977 ὤφθη
1552 1908 1791 1977 Σίμωνι·

192 1996 293 2048 καὶ
332 1995 489 2048 αὐτοὶ
522 1994 819 2064 ἐξηγοῦντο
855 1997 922 2049 τὰ
959 1998 1017 2065 ἐν
1047 2001 1113 2069 τῇ
1160 1999 1286 2070 ὁδῷ,
1322 2002 1411 2054 καὶ
1443 2000 1518 2062 ὡς
1544 2000 1791 2070 ἐγνώσθη

193 2086 387 2151 αὐτοῖς
419 2089 477 2139 ὲν
498 2091 564 2159 τῇ
598 2087 789 2142 κλάσει
824 2090 918 2144 τοῦ
968 2090 1159 2163 ἄρτου.
1203 2111 1220 2144 ι
1272 2093 1492 2165 Ἐπειδὴ
1517 2092 1795 2165 ἀνθρωπί-

188 2196 303 2244 νως
333 2179 433 2245 τὰς
459 2180 687 2250 γνώμας
718 2182 1015 2250 διέκειντο,
1050 2185 1144 2237 καὶ
1177 2184 1344 2239 πολὺν
1370 2188 1461 2238 τὸν
1492 2187 1793 2255 δισταγμὸν

190 2270 440 2336 ἐνόσουν,
489 2272 756 2342 ἀνοήτους
808 2274 1009 2338 αὐτοὺς
1061 2275 1330 2329 ἀποκαλεῖ
1383 2280 1481 2331 καὶ
1538 2276 1789 2349 βραδεῖς,

188 2360 339 2415 ὥστε
389 2362 674 2416 πιστεύειν
725 2366 816 2418 ἐπὶ
850 2367 1017 2420 πᾶσιν
1061 2363 1142 2431 οἷς
1184 2369 1456 2438 ἐλάλησαν
1490 2370 1539 2421 οἱ
1577 2371 1793 2440 προιρῆ-

184 2471 299 2509 ςαι·
336 2456 451 2509 ἐστι
494 2456 605 2528 γὰρ
660 2459 940 2513 πιστεύειν
993 2462 1086 2515 καὶ
1133 2462 1377 2534 μερικῶς
1410 2465 1502 2516 καὶ
1538 2464 1790 2518 καθόλου.

187 2544 340 2614 υίον,
390 2550 487 2604 ἐάν
538 2569 625 2615 τις
672 2552 765 2605 τὸν
813 2554 1054 2625 Χριστὸν
1106 2557 1199 2608 ἐπὶ
1244 2558 1490 2628 σωτηρίᾳ
1520 2558 1612 2610 τοῦ
1660 2558 1790 2611 λαοῦ

190 2642 410 2705 ἐλπίζει
436 2642 680 2710 ἔσεσθαι,
718 2645 779 2698 ού
823 2645 1009 2715 μέντοι
1041 2664 1105 2714 γε
1139 2648 1331 2718 ψυχιῗν
1362 2649 1629 2719 σωτηρίᾳ,
1674 2651 1792 2705 ἀλλ’

183 2737 633 2791 ἀποκαταστάσει
673 2736 768 2791 τοῦ
807 2737 994 2802 ἔθνους
1038 2738 1133 2792 τοῦ
1176 2741 1477 2793 Ἰουδαῖκοῦ
1523 2742 1611 2793 καὶ
1660 2743 1794 2795 ἀπο-

182 2826 494 2897 λυτρώσει,
547 2829 576 2883 ὁ
632 2830 875 2892 τοιοῦτος
933 2832 1030 2903 οὐχ
1070 2834 1192 2887 ὅσον
1232 2834 1312 2887 δεῖ
1354 2834 1655 2896 πιστεύειν,
1698 2853 1791 2887 πι-

189 2920 394 2974 στεύει.
429 2908 741 2989 Καὶάὖθις,
770 2925 820 2976 εἱ
846 2925 1095 2979 πιστεύει
1129 2925 1229 2997 μὲν
1257 2925 1336 2997 τῷ
1367 2926 1529 2980 Δαυῒδ
1556 2926 1790 2995 λέγοντι,

192 3030 211 3062 ‹
256 3011 497 3083 Ὠρυξαν
554 3016 746 3083 χεῖράς
800 3032 903 3086 μου
963 3017 1055 3071 καὶ
1115 3017 1279 3079 πόδας
1332 3035 1457 3087 μου,
1516 3038 1534 3070 ι
1587 3017 1792 3071 καὶτὰ

1826 1776 1874 1836 Β

1911 520 1964 576 S.
1988 523 2207 591 ripturis
2233 541 2354 595 qua:
2379 529 2444 581 de
2478 528 2593 598 ipso
2626 538 2805 581 erant.
2832 528 2897 582 Et
2930 526 3513 596 appropinquaverunt

1907 617 2130 671 castello
2158 632 2264 686 quo
2299 618 2470 673 ibant.
2503 618 2566 673 Et
2595 620 2712 689 ipse
2734 634 2847 687 prae
2874 634 2937 673 se
2970 617 3183 674 ferebat
3212 632 3273 673 se
3297 616 3513 689 longius

1908 708 2009 763 ire.
2040 709 2107 764 Et
2144 723 2442 781 coegerunt
2472 712 2648 778 illum,
2690 713 2939 769 dicentes
2969 731 2982 767 :
3014 711 3173 768 Mane
3201 711 3508 775 nobiscum,

1907 802 2162 869 quoniam
2189 805 2367 876 vergit
2397 806 2464 860 ad
2490 822 2801 876 vesperam,
2840 816 2893 862 et
2926 805 3227 861 inclinatus
3258 812 3342 859 est
3368 804 3506 858 dies.

1907 895 1974 949 Et
2001 896 2225 950 intravit
2252 908 2313 952 ut
2343 909 2588 953 maneret
2619 914 2742 953 cum
2774 899 2901 954 illis.
2936 897 3001 951 Et
3033 898 3239 953 factum
3269 905 3353 950 est
3381 897 3505 949 dum

1907 993 2253 1045 aceumbcret
2286 991 2455 1065 494
2477 1008 2603 1048 cum
2638 994 2737 1058 eis,
2778 994 2991 1061 accepit
3024 1005 3217 1062 panem
3248 999 3302 1043 et
3340 988 3507 1043 bene-

1906 1084 2041 1138 dixit
2076 1100 2141 1145 ac
2191 1084 2391 1157 fregit,
2431 1096 2486 1141 et
2517 1086 2832 1157 porrigebat
2876 1085 3002 1140 illis.
3054 1084 3121 1139 Et
3168 1081 3341 1154 aperti
3378 1089 3503 1136 sunt

1905 1177 2047 1231 oculi
2080 1192 2293 1245 eorum,
2333 1190 2387 1234 et
2420 1190 2764 1249 agnoverunt
2788 1190 2936 1245 eum,
2968 1190 3023 1234 et
3070 1178 3188 1249 ipse
3225 1174 3445 1231 evanuit
3476 1186 3503 1227 a

1907 1278 2204 1339 conspectu
2237 1286 2453 1326 eorum.
2489 1270 2557 1326 Et
2589 1270 3107 1333 dixeruntjnter‘se
3144 1288 3157 1325 :
3193 1266 3385 1323 Nonne
3414 1282 3510 1323 cor

1908 1372 2159 1417 nostrum
2200 1365 2430 1421 ardebat
2475 1366 2529 1420 in
2584 1366 2743 1422 nobis
2798 1367 2925 1420 dum
2978 1364 3299 1435 loqueretur
3352 1364 3511 1417 nobis

1906 1461 1960 1511 In
1994 1457 2101 1520 via,
2139 1469 2191 1514 et
2226 1458 2468 1527 aperiret
2498 1459 2659 1514 nobis
2694 1457 3053 1529 Scripturas?
3102 1457 3169 1512 Et
3216 1464 3510 1527 surgentes

1905 1553 2093 1604 cadent
2121 1551 2278 1618 hora,
2317 1552 2553 1622 regressi
2606 1563 2734 1607 sunt
2769 1555 2821 1605 in
2859 1551 3236 1622 Hierosolyma
3266 1560 3320 1603 et
3345 1549 3505 1602 inve-

1909 1652 2109 1697 nerunt
2145 1652 2508 1714 congregatos
2540 1644 2822 1711 undecim,
2864 1654 2919 1698 et
2958 1658 3056 1698 eos
3092 1642 3188 1712 qui
3230 1656 3354 1697 cum
3403 1638 3509 1698 illis

1907 1744 2085 1801 erant,
2130 1736 2422 1792 dicentes:
2464 1736 2715 1793 Surrexit
2762 1735 3026 1793 Dominus
3052 1750 3203 1802 vere,
3253 1742 3308 1789 et
3338 1743 3509 1802 appa-

1904 1829 2012 1883 ruit
2046 1827 2279 1884 Simoni.
2324 1828 2391 1883 Et
2428 1814 2537 1897 ipsi
2568 1830 2868 1885 narrabant
2899 1844 3024 1900 quae
3065 1834 3218 1898 gesta
3251 1834 3407 1880 erant
3449 1822 3505 1878 in

1900 1922 1984 1975 via
2010 1962 2025 1985 ,
2058 1931 2111 1976 et
2145 1922 2420 1991 quomodo
2470 1919 2670 1977 fuisset
2709 1921 2929 1993 agnitus
2972 1919 3074 1976 sibi
3128 1934 3197 1974 ex
3237 1916 3508 1972 fractioue

1899 2017 2072 2086 panis.
2114 2035 2133 2069 ι
2171 2016 2440 2084 Quoniam
2474 2027 2653 2072 mente
2676 2018 2914 2073 humano
2937 2030 3089 2071 more
3122 2012 3302 2069 aﬂ'ecti
3326 2019 3504 2075 erant,

1900 2110 2180 2179 multaque
2230 2110 2571 2165 dubitatione
2614 2112 2974 2176 laborabant,
3025 2109 3228 2167 stultos
3261 2116 3422 2163 vocat
3453 2114 3507 2159 et

1900 2202 2083 2256 tardos
2110 2203 2177 2256 ad
2207 2202 2542 2257 credendum
2571 2202 2623 2256 in
2652 2201 2910 2257 omnibus
2935 2217 3056 2271 quae
3084 2198 3255 2255 locuti
3286 2197 3505 2253 fuerant

1898 2293 2192 2363 prophetae.
2218 2292 2462 2349 Credere
2504 2294 2651 2348 enim
2690 2308 2988 2364 possumus
3019 2302 3073 2346 et
3114 2307 3181 2346 ex
3230 2300 3409 2361 parte,
3448 2300 3505 2344 et

1898 2386 1950 2440 in
1985 2396 2195 2440 totum:
2230 2393 2287 2440 ut
2331 2385 2373 2441 si
2422 2386 2545 2455 quis
2584 2395 2770 2456 speret
2834 2372 3114 2441 Christum
3160 2385 3213 2438 in
3264 2383 3503 2439 salutem

1896 2477 2078 2548 populi
2122 2486 2437 2544 venturum,
2496 2494 2603 2534 non
2639 2479 2691 2533 in
2744 2478 2977 2535 salutem
3022 2478 3361 2541 animarum,
3405 2476 3503 2531 sed

1896 2570 2297 2627 reStitutionem
2325 2579 2382 2626 et
2411 2570 2785 2627 liberationem
2818 2572 2994 2640 p0puli
3022 2567 3264 2635 Judaici,
3324 2567 3369 2622 is
3398 2580 3503 2621 non

1897 2673 2159 2732 quantum
2189 2671 2405 2734 oportet
2436 2664 2695 2731 credere,
2726 2663 2925 2719 credit.
2963 2661 3029 2716 Et
3056 2676 3248 2717 rursus
3284 2660 3331 2716 si
3382 2661 3508 2729 quis

1896 2758 2086 2812 credat
2136 2756 2322 2811 Davidl
2349 2756 2595 2812 dicenti:
2636 2774 2655 2807 ι
2702 2755 2981 2811 Foderunt
3014 2770 3207 2809 manus
3256 2768 3406 2808 meas
3437 2762 3495 2807 et

1896 2850 2062 2917 pedes
2081 2864 2233 2906 meos
2256 2850 2356 2915 ",i
2380 2861 2437 2904 et
2490 2861 2688 2905 caetera
2725 2865 2845 2919 qua:
2875 2850 2941 2904 de
2966 2863 3129 2903 cruce
3159 2858 3213 2902 et
3238 2846 3359 2901 aliis
3386 2860 3508 2914 quze

1898 2943 1951 2997 in
1982 2958 2149 2997 cruce
2194 2941 2333 2997 facta
2374 2950 2525 3009 sunt,
2571 2954 2831 3014 tanquam
2883 2957 2949 2996 ex
3001 2955 3235 3011 persona
3286 2937 3500 2992 Domini

1898 3035 2184 3104 praedicta,
2221 3043 2274 3091 et
2322 3035 2519 3105 recipit
2545 3049 2609 3090 ea
2650 3049 2773 3105 quae
2802 3035 2869 3088 de
2911 3034 3169 3105 passione
3216 3030 3500 3093 dicuntur,

184 3105 353 3159 λοιπά
391 3106 489 3159 ὅσα
522 3108 649 3178 περὶ
687 3106 783 3161 τοῦ
817 3108 1051 3180 σταυροῦ
1093 3109 1189 3163 καὶ
1219 3109 1330 3162 τῶν
1370 3112 1427 3162 ἐν
1457 3108 1535 3179 τῷ
1572 3106 1793 3180 σταυρῷ

1899 3142 1961 3183 ea
1996 3136 2179 3182 autem
2216 3142 2337 3197 quae
2380 3128 2447 3182 de
2487 3129 2925 3189 resurrectione,
2958 3140 3063 3180 non
3098 3132 3279 3188 curat,
3312 3124 3387 3176 uti
3417 3130 3504 3176 est

184 3198 260 3262 ὡς
298 3200 363 3251 ὲκ
386 3199 684 3271 προσώπου
710 3200 807 3254 τού
850 3201 1057 3273 Κυρίου
1094 3204 1454 3274 προφητεύει,
1507 3203 1602 3256 καὶ
1632 3203 1786 3275 δέχε-

183 3311 280 3348 ται
319 3294 389 3349 τὰ
416 3295 547 3367 περὶ
570 3293 667 3351 τοῦ
707 3294 938 3364 πάθους,
967 3294 1035 3349 τὰ
1056 3296 1115 3350 δὲ
1147 3295 1276 3365 περὶ
1305 3296 1406 3365 τῆς
1436 3296 1788 3360 ἀναστάσεως

183 3382 249 3435 οὐ
284 3380 601 3450 λογίζεται,
636 3382 749 3439 οἷον
780 3384 877 3448 τὸ,
928 3402 947 3437 ι
988 3386 1062 3439 Oti
1108 3384 1301 3448 δώσεις
1344 3388 1435 3439 τὸν
1460 3387 1647 3441 Ὄσιόν
1693 3405 1785 3441 σου

189 3477 325 3529 ίδεῖν
374 3476 696 3549 διαφθορὰν,
738 3497 758 3530 ι
796 3477 891 3531 καὶ
917 3478 999 3541 τὸ,
1036 3496 1055 3530 ι
1094 3478 1210 3532 Οὐκ
1239 3478 1673 3548 ἐγκαταλείψεις
1690 3480 1788 3549 τὴν

184 3570 373 3642 ψυχήν
426 3588 527 3641 μου
555 3572 635 3635 είς
666 3570 831 3643 ᾅδην,
869 3589 891 3624 ι
943 3571 1040 3625 καὶ
1081 3570 1165 3639 τὸ,
1210 3591 1229 3624 ι
1285 3573 1373 3626 Ἐν
1400 3574 1615 3645 νεκροῖς
1638 3572 1791 3626 ἐλεύ-

190 3660 353 3731 θερος
378 3700 393 3723 ,
426 3679 445 3712 ι
476 3661 573 3715 καὶ
604 3662 685 3728 τὸ,
722 3680 741 3713 ι
793 3661 1037 3729 Ἐξάγων
1067 3662 1505 3733 πεπεδημένους,
1540 3664 1633 3717 καὶ
1660 3664 1789 3726 τοὺς

182 3752 577 3817 κατοικοῦντας
613 3754 671 3806 ὲν
700 3753 925 3822 τάφοις,
981 3772 1001 3805 ι
1046 3754 1139 3807 καὶ
1185 3754 1254 3806 τὰ
1284 3756 1541 3808 τοιαῦτα’
1593 3755 1654 3808 οὐ
1700 3773 1789 3807 τε·

183 3846 342 3900 λείαν
377 3846 562 3900 πίστιν
614 3846 728 3917 ἔχει
750 3886 765 3909 ,
801 3846 916 3899 ἀλλ’
954 3848 1017 3900 ἐκ
1055 3848 1278 3916 μέρους.
1305 3850 1396 3901 Δεῖ
1422 3848 1480 3901 δὲ
1512 3848 1608 3901 ἐπὶ
1651 3851 1787 3902 πᾶσι

186 3938 304 4001 τοῖς
335 3935 401 3990 τε
446 3938 544 4007 τῆς
591 3936 853 4008 ἀτιμίας,
892 3940 1006 4001 τοῖς
1042 3954 1099 3991 τε
1150 3938 1249 4009 τῆς
1304 3940 1462 4010 δόξης
1508 3941 1789 3995 πιστεύειν

186 4032 305 4093 τοῖς
367 4031 698 4100 προφήταις.
753 4030 903 4091 Ἔδει
955 4031 1066 4103 γὰρ
1116 4032 1209 4085 τὸν
1259 4033 1497 4102 Χριστὸν
1548 4035 1784 4087 παθεῖν’

187 4120 355 4175 τοῦτο
388 4122 486 4191 τῆς
516 4122 745 4193 ἀτιμίας
765 4140 777 4154 ·
808 4121 943 4175 ἀλλὰ
971 4126 1066 4177 καὶ
1098 4125 1361 4177 εἰσελθεῖν
1391 4126 1473 4188 εἰς
1506 4124 1606 4182 τὴν
1630 4124 1789 4190 δόξαν

190 4212 361 4268 αὐτοῦ
391 4227 407 4243 ⁸
433 4214 592 4267 τοῦτο
618 4215 678 4267 τὸ
725 4212 959 4281 ἔνδοξον.
1008 4214 1200 4286 Ὑμεῖς
1251 4216 1307 4269 δὲ
1346 4215 1520 4281 οὕτως
1571 4217 1791 4290 ἀνόητοί

187 4310 339 4373 ἐστε,
378 4308 521 4362 ὥστε
566 4309 788 4363 Ἡσαΐου
816 4308 1108 4372 ἀκούοντες
1161 4308 1413 4377 λέγοντος
1459 4311 1743 4383 ἀμφότερα
1768 4354 1783 4379 ,

188 4404 277 4459 ὅτι
305 4420 366 4457 τε
404 4405 484 4467 εἰς
526 4405 741 4476 σφαγὴν
790 4403 970 4476 ἤχθη,
1004 4406 1097 4458 καὶ
1144 4405 1228 4458 ὅτι
1275 4406 1481 4477 Κύριος
1535 4406 1788 4475 βούλεται

186 4493 365 4560 δεῖξαι
400 4496 551 4567 αὐτῷ
587 4496 727 4563 φῶς,
764 4496 945 4548 ἐκεῖνο
980 4494 1078 4563 μὲν
1122 4494 1366 4564 δέχεσθε,
1419 4494 1578 4548 τοῦτο
1606 4495 1664 4549 δὲ
1707 4496 1782 4566 μὴ
1817 4483 1863 4542 D

188 4582 475 4653 λογίζεσθε
503 4603 514 4617 ·
552 4588 647 4639 καὶ
693 4587 775 4640 ὅτι
826 4585 925 4657 μὲν
959 4585 1426 4657 μεμωλώπισται,
1463 4588 1779 4642 πιστεύειψ

189 4679 277 4732 ὅτι
332 4680 388 4732 δὲ
432 4680 638 4752 Κύριος
694 4678 949 4749 βούλεται
985 4679 1282 4751 καθαρίσαι
1331 4681 1495 4735 αὑτὸν
1546 4682 1651 4736 ἀπὸ
1683 4683 1783 4753 τῆς

191 4773 451 4843 πληγῆς,
489 4774 565 4845 μὴ
604 4777 968 4846 προσεννοεῖν.
1015 4774 1158 4829 Ἀλλ’
1193 4775 1347 4841 ἐπεὶ,
1401 4776 1588 4845 φησὶν,
1629 4776 1785 4846 ὑμεῖς

188 4864 432 4935 ἀνόητοι,
473 4866 592 4938 ἢτοι
621 4865 843 4938 βραδεῖς
864 4884 877 4899 ο
912 4869 960 4920 εί
993 4866 1103 4937 γὰρ
1129 4868 1348 4939 ἀνόητοι
1380 4863 1543 4939 ἦσαν,
1582 4870 1688 4921 οὐδ’
1719 4870 1786 4922 ἂν

188 4959 302 5013 οὐδ’
338 4960 499 5024 αὐτὸς
550 4960 731 5015 ἐλάλει
786 4960 1005 5025 αὐτοῖς*
1055 4963 1179 5015 ἐπεὶ
1226 4962 1318 5016 οὖν
1359 4964 1575 5035 βραδεῖς
1634 4965 1792 5035 ὑμεῖς

189 5052 352 5118 ἔνη,
413 5050 524 5121 ἐγὼ
578 5051 928 5107 διαϐαστάσω
978 5054 1078 5123 τὴν
1145 5053 1301 5124 ὑμῶν
1360 5056 1623 5120 διάνοιαν,
1696 5056 1792 5109 καὶ

194 5133 341 5198 νοεῖν
386 5145 555 5211 ὀξέως
594 5152 828 5218 ποιήσω.
863 5148 955 5201 Διὸ
990 5150 1085 5201 καὶ
1126 5149 1235 5202 ἀπὸ
1272 5148 1519 5212 Μωσέως
1558 5152 1653 5203 καὶ
1682 5150 1791 5203 άπὸ

188 5237 415 5293 πάντων
456 5238 569 5293 τῶν
609 5240 907 5313 προφητῶν
948 5242 1319 5314 διηρμήνευεν
1358 5244 1584 5305 αὐτοῖς·
1637 5242 1699 5296 τό
1729 5261 1789 5297 τε

190 5329 307 5399 γὲρ
352 5332 451 5400 τῆς
511 5331 771 5403 Ἀδραὰμ
833 5333 1025 5398 θυσίας
1080 5336 1404 5406 μυστήριον,
1458 5336 1539 5389 ὅτι
1602 5336 1789 5389 Ἰσαὰκ

189 5421 512 5492 ἀφεθέντος,
543 5424 695 5496 κριὸς
746 5424 934 5496 ὲτύῦη,
970 5426 1144 5481 ταῦτα
1182 5430 1248 5481 τά
1276 5428 1420 5481 κατὰ
1450 5428 1541 5482 τὸν
1588 5430 1795 5496 Κύριον

191 5517 531 5588 προετύπου,
568 5519 765 5583 ὡςηκαὶ
805 5521 971 5586 αὐτὸς
1002 5523 1029 5576 ὁ
1062 5522 1266 5593 Κύριός
1313 5541 1501 5595 φησιν,
1542 5524 1670 5578 ίδεῖν
1708 5525 1798 5579 τὸν

278 5721 321 5751 ⁸⁷
353 5717 496 5775 1³8³1.
543 5736 658 5784 και,
706 5722 793 5776 l7.

190 5793 659 5857 “GL1l.lel,13.
738 5791 955 5851 “Joan.
996 5810 1109 5859 \lll,
1152 5796 1239 5850 5:15.

1896 3222 2019 3287 hoc,
2065 3239 2083 3273 ι
2126 3219 2243 3276 Non
2278 3219 2432 3275 dabis
2486 3217 2752 3275 Sanctum
2787 3228 2940 3273 tuum
2983 3217 3168 3271 videre
3197 3213 3507 3283 corruptio-

1895 3329 2017 3368 nem
2041 3312 2107 3366 ⁸⁸.
2172 3331 2190 3364 ι
2233 3312 2298 3366 Ει
2348 3311 2519 3378 illud,
2585 3330 2605 3364 ι
2682 3310 2801 3365 Non
2862 3310 3210 3377 derelinques
3262 3306 3504 3362 animam

1894 3422 2071 3459 meam
2107 3406 2157 3458 in
2194 3403 2410 3458 inferno
2432 3404 2499 3458 δ’.
2548 3423 2566 3456 ι
2608 3403 2673 3457 Ει
2726 3404 2966 3468 iterum,
3008 3421 3028 3455 ι
3067 3400 3219 3457 Inter
3256 3411 3504 3457 mortuos

1895 3497 2111 3553 liber”.
2128 3516 2207 3550 ιο(
2236 3496 2466 3561 Etillud,
2490 3515 2508 3549 ι
2538 3497 2789 3551 Educens
2810 3496 3020 3553 vinctos
3041 3508 3095 3549 et
3114 3494 3424 3550 habitantes
3448 3495 3503 3549 in

1894 3592 2244 3662 sepulcris”.
2277 3609 2295 3642 ι
2326 3599 2377 3646 et
2408 3590 2641 3645 similia:
2673 3607 2777 3646 non
2801 3589 2964 3645 habet
2991 3588 3288 3658 perfectam
3317 3587 3503 3653 fidem,

1895 3689 1989 3743 sed
2023 3702 2087 3741 ex
2134 3693 2312 3753 parte.
2354 3682 2581 3755 Oportet
2629 3693 2814 3738 autem
2873 3682 2926 3736 in
2968 3682 3226 3738 omnibus
3269 3690 3378 3735 tam
3417 3682 3505 3737 bis

1894 3796 2014 3850 quze
2060 3779 2246 3846 gloria:
2295 3787 2463 3843 sunt,
2495 3792 2659 3847 quam
2712 3793 2835 3847 quae
2884 3775 3238 3847 ignominiae,
3272 3776 3504 3831 credere

1898 3874 2202 3946 prepbetis.
2242 3871 2543 3941 Oportebat
2575 3871 2720 3924 enim
2767 3878 2823 3925 et
2862 3868 3144 3924 Christum
3177 3868 3310 3937 pati,
3355 3871 3502 3939 quod

1896 3972 1981 4018 est
2012 3962 2367 4031 ignmuiniaa:
2412 3971 2463 4014 et
2503 3962 2710 4016 intrare
2761 3961 2814 4015 in
2870 3960 3099 4027 gloriam
3150 3975 3329 4023 suam,
3360 3962 3504 4031 quod

1894 4065 1978 4110 est
2004 4054 2208 4127 glorias.
2235 4052 2341 4110 Vos
2366 4063 2549 4108 autem
2573 4054 2649 4108 sic
2674 4052 2823 4108 stulti
2849 4053 3004 4117 estis,
3032 4062 3093 4107 ut
3145 4068 3269 4106 cum
3299 4051 3501 4106 Isaiam

1896 4138 2130 4220 utraque
2163 4148 2433 4204 dicentem
2468 4148 2729 4213 audiatis,
2765 4157 2823 4201 et
2868 4149 3012 4216 quod
3061 4146 3127 4201 ad
3165 4146 3501 4201 occisionem

1897 4241 2094 4294 ductus
2130 4238 2223 4302 sit,
2267 4248 2319 4292 et
2353 4236 2498 4307 quod
2538 4236 2806 4291 Dominus
2837 4236 2970 4291 velit
3003 4238 3052 4291 ei
3090 4237 3385 4292 ostendere
3416 4237 3496 4291 lu-

1898 4347 2019 4386 men
2043 4332 2116 4397 ",
2159 4331 2288 4385 illud
2325 4331 2544 4401 quidem
2572 4330 2837 4401 recipitis,
2863 4331 2966 4385 hoc
2996 4338 3181 4385 autem
3210 4330 3498 4401 respuitis.

1896 4424 1962 4479 Et
1988 4428 2131 4494 quod
2168 4423 2492 4478 vulneratus
2513 4424 2736 4493 quidem
2779 4424 2872 4487 sit,
2904 4424 3129 4478 creditis
3164 4441 3180 4477 :
3212 4425 3356 4494 quod
3399 4440 3504 4478 au-

1894 4530 1998 4573 tem
2034 4518 2294 4572 Dominus
2331 4515 2459 4571 velit
2500 4530 2624 4571 eum
2660 4516 2951 4586 puriﬁcare
2992 4530 3019 4569 a
3076 4516 3257 4587 plaga,
3319 4516 3504 4571 animo

1894 4622 1999 4661 non
2032 4606 2385 4676 perpenditis.
2433 4604 2539 4660 Sed
2563 4607 2706 4675 quod
2734 4607 2903 4662 dicit:
2962 4607 3069 4661 Vos
3101 4606 3257 4661 stulti
3318 4607 3455 4662 estis
3486 4646 3501 4661 .

1894 4700 2114 4767 signat,
2153 4696 2315 4751 Tardi
2357 4696 2537 4762 estis;
2577 4712 2702 4751 nam
2738 4698 2784 4753 si
2828 4698 2977 4753 stulti
3014 4696 3243 4753 fuissent
3268 4736 3284 4761 ,
3327 4711 3508 4767 neque

1896 4793 2018 4861 ipse
2040 4789 2120 4843 eis
2155 4790 2350 4843 fuisset
2386 4790 2621 4844 locutus.
2653 4788 2725 4842 At
2767 4789 2891 4856 quia
2921 4789 3060 4842 tardi
3091 4788 3225 4843 estis
3256 4797 3377 4853 Vos,
3405 4801 3507 4860 ego

1899 4891 2137 4935 tuentem
2173 4887 2413 4935 vestram
2446 4881 2668 4935 acutius
2700 4880 2890 4936 videre
2938 4880 3159 4936 faciam.
3207 4880 3359 4937 Unde
3386 4890 3442 4936 et
3474 4896 3503 4934 a

1898 4972 2047 5028 Mose
2087 4985 2143 5027 et
2201 4973 2269 5027 ab
2314 4974 2572 5028 omnibus
2619 4974 2903 5045 prophetis
2954 4975 3353 5044 interpretatur
3399 4979 3504 5038 eis,

1897 5083 2092 5137 nempe
2145 5069 2465 5141 mySterium
2520 5070 2777 5123 sacriﬁcii
2834 5069 3103 5132 Abralm,
3149 5069 3372 5138 quando
3422 5069 3507 5124 di-

1896 5160 2071 5215 misso
2104 5158 2279 5226 Isaac,
2311 5161 2456 5217 aries
2490 5161 2807 5217 immolatus
2841 5172 2925 5218 est
2955 5163 3024 5221 ".
3062 5161 3189 5218 Haec
3222 5164 3372 5217 enim
3417 5178 3505 5219 res

1896 5252 2205 5308 dominicas
2262 5253 2668 5327 praeﬁgurabat.
2703 5255 2859 5309 Sicut
2898 5256 3064 5308 etiam
3098 5256 3213 5323 ipse
3244 5244 3507 5312 Dominus

1893 5344 2025 5399 dicit
2057 5345 2259 5401 vidisse
2277 5347 2553 5402 Abraham
2586 5348 2728 5403 diem
2768 5363 2956 5411 suum,
3004 5356 3062 5401 et
3097 5346 3407 5403 exsultasse
3430 5344 3498 5402 ".

1899 5435 1966 5489 Et
1991 5437 2119 5489 illud
2144 5454 2157 5488 :
2192 5456 2209 5489 ‹
2248 5436 2519 5493 V'idebitis
2538 5438 2704 5493 vitam
2733 5448 2979 5493 nostram
3008 5440 3399 5508 pendentem"
3428 5456 3444 5495 :
3480 5458 3499 5492 ι

1902 5527 1955 5582 ἱιι
1986 5543 2098 5598 quo
2130 5538 2183 5585 et
2212 5530 2629 5588 cruciﬁxionem
2681 5530 2978 5601 signiﬁcat.
3032 5529 3360 5601 pendentem
3414 5528 3503 5585 di-

876 5721 921 5756 “
954 5722 1097 5779 Ρμιιι.
1135 5740 1223 5785 xv,
1276 5725 1354 5777 ιο.
1436 5726 1481 5758 ⁸⁸
1539 5725 1672 5780 Ibid.
1750 5725 1797 5759 ⁵ο
1860 5725 2003 5783 Psal.
2062 5744 2306 5798 nuru,
2354 5728 2407 5785 6.
2487 5730 2532 5764 ⁸³
2583 5727 2723 5789 Psal.
2777 5731 3025 5799 u\'tt,7.
3105 5730 3499 5803 "lsa.t.tll,7.

876 5809 955 5850 tn.
996 5810 1109 5855 \lll,
1152 5796 1239 5850 5-15.
1321 5797 1365 5829 ”
1402 5798 1555 5853 Deut.
1592 5814 1785 5855 xxvnt.
1839 5800 1930 5855 66.

1447 5815 1555 5851 υιιι.
1592 5815 1785 5864 χτγιιι,
1839 5815 1930 5857 oo.
