4100 6334
305 317 438 382 1121

992 318 1454 382 ENARRATIO
1497 319 1580 382 ΙΝ
1616 316 2130 382 EVANGELIUM
2172 315 2416 377 LUCBE.
2449 339 2523 350 -
2552 314 2716 376 CAP.
2751 315 2959 375 XXIV.

3484 310 3623 377 1127.2

298 436 356 485 ἐν
389 434 510 492 ταῖς
569 431 820 498 καρδίαις
853 429 1046 500 ὑμῶν;
1089 449 1106 483 ι
1157 432 1378 494 πάντως
1406 431 1464 484 δὲ
1481 431 1566 484 κτὸ
1610 429 1906 499 γινώσκειν

2019 439 2156 493 tum,
2180 427 2547 497 palpationem
2575 441 2834 480 manuum
2859 438 2907 480 et
2929 425 3127 496 pedum
3162 423 3302 494 ejus.
3325 425 3434 482 Vos
3451 431 3620 482 enim.

299 525 533 593 καρδίας
573 523 708 575 Θεοῦ
756 523 1209 593 ὁμολογουμένως
1273 524 1411 578 ἐστί.
1478 524 1762 594 Ἐπιιρέρει
1809 524 1904 575 καὶ

298 616 512 684 ἓτερον,
548 617 647 686 τὴν
697 615 1016 685 ψηλάφησιν
1053 617 1163 668 τῶν
1197 617 1398 686 χειρῶν
1430 617 1525 669 καὶ
1555 618 1665 669 τῶν
1701 616 1900 670 ποδῶν.

314 710 508 779 Ὑμεῖς
553 711 649 779 μὲν
697 709 826 778 γὰρ,
880 711 1036 779 φησὶ,
1079 711 1144 777 μὲ
1198 711 1417 780 πνεῦμα
1481 710 1687 762 δοκεῖτε
1742 707 1902 778 εἰναι,

298 803 422 872 ἦτοι
456 803 775 872 φάντασμα,
811 798 899 855 οἷα
956 803 1125 856 πολλὰ
1160 803 1271 855 τῶν
1321 803 1633 857 τεθνεώτων
1667 803 1904 873 μάλιστα

298 897 435 968 περὶ
465 897 533 949 τὰ
564 897 825 966 μνήματα
861 898 1155 965 φανταζειν
1210 898 1427 950 εἴωθεν·
1494 898 1611 949 ἀλλ’
1651 899 1786 959 ἴστε,
1822 899 1902 951 ὅτι

296 989 362 1040 τὸ
395 989 495 1058 μὲν
535 987 753 1056 πνεῦμα
791 987 916 1039 οὑτε
954 988 1152 1058 σάρκα,
1181 986 1308 1039 οὕτε
1351 989 1510 1041 ὀστέα
1542 989 1671 1059 ἔχει·
1703 990 1815 1056 ἐγὼ
1848 988 1904 1042 δὲ

298 1083 399 1133 καὶ
432 1081 615 1149 σάρκα
644 1082 737 1134 καί
768 1082 934 1133 ὀστέα
965 1079 1092 1150 ἔχω,
1133 1082 1177 1131 εί
1215 1080 1308 1133 καὶ
1336 1081 1581 1150 θειότερα
1613 1085 1706 1134 καὶ
1739 1099 1906 1134 πνευ-

302 1174 536 1242 ματικά.
571 1176 643 1226 Τὸ
674 1175 784 1243 γὰρ
834 1173 927 1225 τοῦ
964 1172 1168 1243 Κυρίου
1207 1173 1368 1242 σῶμα
1421 1173 1640 1244 πνεῦμα
1674 1175 1772 1244 μὲν
1805 1175 1905 1228 οὑκ

297 1262 394 1335 ἦν,
458 1268 832 1338 πνευματικὸν
885 1268 963 1334 δὲ,
1029 1268 1305 1332 τουτέστι,
1364 1269 1544 1334 πάσης
1591 1267 1906 1339 παχύτητος

298 1359 486 1424 ὲκτδς,
525 1361 799 1430 πνεύματι
834 1359 1227 1430 διοικούμενον.
1278 1360 1351 1411 Τὸ
1383 1361 1482 1428 μὲν
1518 1360 1622 1430 γὰρ
1663 1359 1844 1430 σῶμα,
1877 1362 1905 1414 ὃ

299 1450 402 1503 νῦν
429 1451 649 1522 ἔχομεν,
686 1452 918 1521 ψυχικόν
961 1453 1097 1512 ἐστι,
1142 1452 1441 1515 τουτέστιν,
1489 1452 1635 1522 ψυχῇ
1671 1452 1906 1505 διοικού-

302 1561 494 1614 μενον,
531 1546 626 1598 καὶ
661 1543 1098 1614 ζωογονούμενον
1139 1547 1262 1606 ταῖς
1307 1547 1565 1612 φυσικαῖς
1602 1547 1696 1597 καὶ
1737 1545 1905 1617 ψυχι-

301 1637 432 1698 καίς
471 1638 720 1706 ποιότησι
752 1638 848 1690 καὶ
873 1637 1159 1706 δυνάμεσι.
1190 1636 1263 1690 Τὸ
1288 1639 1342 1690 δὲ
1376 1640 1513 1706 μετὰ
1535 1640 1633 1709 τὴν
1663 1640 1904 1693 ἀνάστα-

303 1745 398 1781 σιν
452 1731 829 1800 πνευματικὸν
864 1729 1148 1799 ὠνόμασεν
1192 1731 1219 1783 ὁ
1273 1730 1505 1796 Παῦλος,
1536 1733 1703 1802 ἧγουν
1738 1733 1904 1785 πνεύ-

304 1839 441 1892 ματι
474 1822 911 1895 ζωογονούμενον
945 1825 1075 1895 θείῳ
1108 1827 1203 1876 καὶ
1248 1825 1645 1894 διοικούμενον,
1698 1825 1796 1878 καὶ
1842 1826 1904 1878 οὑ

300 2008 620 2085 ἀφθαρσίαν
675 2010 1188 2081 μεταστοιχειωθὲν,
1239 2011 1334 2065 καὶ
1377 2013 1435 2063 ὲν
1488 2011 1663 2082 ταύτῃ
1703 2027 1906 2082 συντη-

305 2102 596 2172 ρούμενον.
624 2101 877 2156 Τοιοῦτον
901 2102 996 2156 οὖν
1021 2104 1126 2175 χρὴ
1147 2106 1285 2156 νοεῖν
1301 2104 1364 2158 τὸ
1390 2103 1483 2157 τοῦ
1508 2106 1716 2174 Κυρίου
1745 2106 1907 2174 σῶμα

304 2196 450 2265 μετὰ
491 2202 588 2266 τὴν
620 2196 938 2262 ἀνάστασιν,
977 2197 1374 2267 πνευματικὸν,
1426 2197 1523 2251 καὶ
1555 2197 1773 2260 λεπτὸν,
1810 2197 1906 2251 καί

302 2290 492 2359 πάσης
520 2289 833 2360 παχύτητος
861 2291 1039 2355 ἐκτὸς,
1069 2292 1163 2353 καὶ
1192 2290 1314 2344 οὔτε
1343 2291 1570 2360 τροφῆς,
1592 2290 1716 2344 οὔτε
1745 2290 1904 2344 ἄλλου

300 2383 452 2445 τινὸς
494 2383 769 2453 δεόμενον,
818 2385 869 2435 εὶ
923 2382 1018 2436 καὶ
1058 2383 1195 2452 πρὸς
1246 2383 1512 2436 πίστωσιν
1553 2383 1779 2451 ἔφαγεν.
1841 2383 1906 2434 Ὀ

302 2475 418 2545 γὰρ
449 2474 676 2542 ἔφαγεν,
724 2476 784 2528 οὑ
841 2476 985 2530 κατὰ
1042 2476 1206 2544 φύσιν
1244 2475 1470 2543 ἔφαγεν,
1505 2475 1642 2529 ἀλλὰ
1675 2475 1796 2529 κατ’
1827 2478 1907 2529 oi-

304 2568 595 2638 κονομίαν,
629 2569 715 2620 ἵνα
737 2567 885 2639 δείξῃ
917 2567 999 2620 ὅτι
1029 2567 1160 2621 αὐτὸ
1193 2567 1249 2620 τὸ
1282 2567 1454 2620 παθὸν
1483 2567 1642 2637 σῶμα
1676 2567 1902 2637 ἀνέστη.

305 2661 468 2714 Κατὰ
514 2659 674 2730 φύσιν
714 2660 899 2729 μέντοι
929 2660 1090 2713 τοῦτο
1111 2658 1186 2729 τῷ
1214 2659 1427 2728 σώματι
1457 2656 1546 2730 ἦν,
1594 2659 1654 2712 τὸ
1697 2659 1906 2712 κεκλει-

306 2752 526 2824 σμένων
553 2753 659 2804 τῶν
688 2740 868 2823 θυρῶν
892 2751 1143 2813 εἰσιέναι,
1168 2750 1229 2803 τὸ
1251 2751 1469 2813 ἁκὸπως
1495 2751 1603 2802 ἀπὸ
1629 2750 1796 2802 τόπου
1825 2752 1906 2812 εἰς

304 2846 476 2899 τόπον
511 2843 879 2913 μεταϐαίνειν.
920 2841 1325 2898 Ἀπιστοὺντων
1361 2839 1454 2896 οὖν
1497 2843 1604 2894 τών
1642 2842 1902 2912 μαθητῶν

300 2938 414 3003 ἔτι,
446 2942 541 2990 καὶ
589 2936 726 3007 μηδὲ
759 2938 864 2989 ἀπὸ
895 2939 991 3006 τῆς
1020 2936 1390 3008 ψηλαφήσεως
1436 2937 1900 2999 ἀναπεισθέντων,

305 3031 404 3084 καὶ
451 3030 638 3100 ἓτερον
682 3029 1030 3101 προστίθησι,
1056 3031 1262 3100 κτὸιτῆς
1317 3029 1596 3101 βρώσεως,
1637 3029 1757 3100 θείᾳ
1797 3030 1902 3082 τινὶ

304 3123 537 3187 δυνάμει
611 3124 1168 3193 καταναλισκομένων
1238 3124 1348 3177 τῶν
1418 3123 1898 3193 βιϐρωσκομένων.
1931 3153 1975 3215 c

305 3221 428 3274 Πᾶν
458 3220 567 3288 γὰρ
598 3219 657 3271 τὸ
686 3219 932 3286 φυσικῶς
967 3218 1406 3288 βιόρωσκόμενον
1437 3218 1525 3269 διὰ
1559 3217 1656 3269 τοῦ
1697 3216 1904 3287 στόμα-

303 3330 400 3374 τος
458 3314 533 3373 εἰς
576 3311 863 3380 ἀφεδρῶνα
915 3311 1120 3381 χωρεῖ·
1168 3312 1238 3362 τὰ
1286 3310 1342 3362 δὲ
1376 3312 1438 3362 οὐ
1494 3310 1769 3377 φυσικῶς,
1827 3309 1906 3372 ὡς

302 3407 556 3476 εἴπομεν,
597 3405 710 3458 ἀλλ’
756 3406 1124 3475 οἰκονομικῶς
1169 3403 1561 3472 ὲὸιὸρώσκετο.
1623 3403 1809 3472 ’Έχειν
1848 3401 1905 3454 δέ

302 3509 360 3552 τί
388 3501 481 3551 καὶ
516 3499 748 3567 αἴνιγμα
792 3499 937 3551 ἔοικε
968 3499 1034 3552 τὰ
1079 3500 1198 3551 τότε
1235 3499 1538 3569 βρωθέντα·
1578 3498 1762 3569 ἰχθύος
1796 3499 1905 3567 γὰρ

303 3590 477 3643 ὀτττοῦ
510 3590 676 3659 μέρος
714 3589 925 3659 φαγὼν,
963 3589 1264 3647 αἰνίττεται
1298 3591 1378 3643 ὃτι
1412 3591 1511 3661 τὴν
1551 3590 1713 3659 φύσιν
1745 3591 1906 3660 ἡμῶν

306 3669 426 3754 τῆν’
455 3684 512 3734 ἐν
547 3683 622 3750 τῷ
658 3682 889 3753 ἁλμυρῷ
929 3682 1105 3753 τούτῳ
1157 3682 1256 3752 βίῳ
1301 3684 1611 3753 νηχομένην
1651 3683 1728 3753 τῷ
1770 3684 1908 3753 πυρὶ

303 3775 407 3847 τῆς
441 3778 647 3838 οἰκείας
695 3777 949 3845 θεότητος
993 3776 1249 3846 ὲκτήξας,
1294 3778 1386 3829 καὶ
1429 3779 1612 3829 πᾶσαν
1643 3778 1710 3846 ἣν
1759 3771 1906 3845 εἶχεν

303 3872 371 3923 ὲκ
404 3871 510 3923 τῶν
539 3870 747 3938 βαθέων
774 3869 882 3921 τῶν
913 3869 1140 3934 ὑδάτων,
1175 3869 1376 3936 μᾶλλον
1401 3869 1459 3922 δὲ
1488 3868 1596 3921 τῶν
1620 3871 1902 3939 κυμάτων,

303 3964 585 4036 ὑγρότητα
614 3963 944 4033 ὲξικμάσας,
977 3964 1129 4017 θείαν
1155 3963 1358 4033 βρῶσιν
1375 3965 1645 4033 πεποίηκε
1675 3963 1903 4032 ταύτην,

301 4058 407 4129 τὴν
440 4057 630 4128 πρώην
683 4056 981 4126 βδελυκτὴν
1042 4056 1228 4125 ἡδεῖαν
1270 4054 1475 4125 βρῶσιν
1526 4056 1907 4126 ἐργασάμενος

301 4150 383 4221 τῷ
411 4149 550 4219 Θεῷ.
587 4149 761 4202 Τοῦτο
796 4152 927 4219 γὰρ,
962 4153 1148 4218 φησιν,
1182 4148 1489 4202 αἰνίττεται
1523 4149 1583 4200 τὸ
1619 4148 1905 4218 μελίσσιον

304 4244 521 4312 κηρίον,
547 4242 642 4313 τὴν
667 4241 761 4294 νῦν
787 4241 1107 4311 γλυκύτητα
1134 4241 1276 4310 λέγω
1299 4242 1394 4312 τῆς
1428 4241 1560 4311 πρὶν
1591 4240 1904 4310 ἁποδλήτθυ

303 4336 466 4404 ἡμῶν
509 4333 744 4401 φύσεως.
804 4334 875 4385 Ἦ
924 4333 1016 4385 καὶ
1058 4333 1236 4401 τοῦτο,
1261 4327 1440 4404 οἶμαι,
1464 4332 1780 4397 αἰνίττεται,
1817 4333 1905 4386 διὰ

307 4428 412 4495 μὲν
460 4426 551 4479 τοῦ
605 4425 773 4479 ὀπτοῦ
812 4425 994 4494 ἰχθύος
1035 4426 1132 4496 τὴν
1186 4426 1518 4497 πρακτικὴν,
1563 4422 1904 4495 ὑφαιροῦσαν

1935 1795 1982 1854 Β

298 1915 476 1984 ψυχῇ,
536 1915 727 1984 τρόπῳ
784 1917 1082 1987 ἀπορρήτῳ
1153 1917 1249 1969 καὶ
1323 1917 1688 1987 πνευματικῷ
1771 1919 1953 1989 πρὸς-

2011 523 2206 589 inquit,
2227 521 2476 590 spiritum
2496 521 2698 587 putatis
2721 534 2964 583 tueesse,
2982 516 3150 589 496
3174 519 3252 571 vel
3272 521 3622 589 phantasma,

2008 614 2187 683 qualia
2240 612 2410 666 multa
2457 613 2600 664 circa
2653 625 2995 664 mortuorum
3046 612 3298 678 sepulcra
3355 627 3624 681 apparere

2009 709 2184 761 solent
2218 721 2230 757 :
2271 707 2365 759 sed
2397 705 2550 758 scitis
2588 706 2729 774 quod
2764 705 2992 773 spiritus
3023 707 3240 773 quidem
3276 722 3454 772 neque
3489 722 3615 760 car-

2010 815 2130 854 nem
2165 814 2342 865 neque
2373 814 2496 851 ossa
2548 799 2710 851 habet
2742 815 2755 852 :
2790 813 2890 867 ego
2928 809 3110 851 autem
3148 813 3372 852 carnem
3407 810 3462 853 et
3495 816 3621 854 ossa

2007 895 2204 957 habeo,
2238 894 2448 944 tametsi
2477 891 2742 945 diviniora
2771 901 2826 945 et
2853 889 3184 959 spiritualia.
3221 891 3435 944 Domini
3474 895 3619 946 enim

2008 1001 2209 1052 corpus
2254 985 2480 1054 spiritus
2519 984 2738 1054 quidem
2786 999 2891 1037 non
2938 993 3079 1043 erat.
3110 1041 3121 1052 _
3151 987 3246 1037 sed
3302 984 3622 1052 Spirituale,

2009 1078 2111 1132 hoc
2144 1087 2250 1144 est,
2290 1079 2497 1146 absque
2527 1079 2673 1131 omni
2703 1076 3092 1141 crassitudine,
3124 1091 3155 1130 a
3194 1076 3388 1144 spiritu
3423 1078 3624 1146 gubero

2010 1182 2217 1225 natum.
2251 1172 2468 1225 Etenim
2501 1185 2701 1238 corpus
2743 1172 2885 1239 quod
2912 1183 3055 1222 nunc
3093 1171 3358 1224 habemus
3386 1171 3624 1224 animale

2008 1276 2112 1328 est,
2147 1268 2247 1318 hoc
2288 1276 2392 1329 est,
2427 1267 2492 1318 ab
2526 1266 2706 1317 anima
2750 1265 2979 1333 regitur,
3015 1272 3069 1317 et
3119 1278 3147 1316 a
3187 1264 3528 1318 naturalibus
3568 1274 3625 1321 et

2014 1359 2346 1414 animalibus
2375 1359 2729 1428 qualitatibus
2758 1374 2824 1413 ac
2855 1358 3062 1413 viribus
3106 1358 3430 1413 viviﬁeatur.
3463 1359 3622 1426 Quod

2009 1460 2193 1507 autem
2243 1463 2365 1522 post
2409 1454 2868 1506 resurrectionem
2927 1453 3271 1515 habebimus,
3336 1452 3625 1520 Spirituale

2008 1547 2314 1600 nominavit
2345 1544 2546 1599 Paulus
2571 1546 2639 1608 ",
2674 1545 2778 1599 hoc
2809 1556 2910 1609 est,
2951 1546 3092 1614 quod
3121 1562 3149 1597 a
3196 1546 3380 1600 divine
3415 1546 3622 1616 Spiritu

2009 1639 2312 1692 vivificetur
2338 1647 2391 1692 et
2423 1639 2781 1707 gubernetur,
2817 1647 2869 1690 et
2903 1654 3007 1690 non
3039 1641 3107 1692 ab
3131 1639 3314 1692 anima
3350 1639 3625 1709 modoque

2011 1729 2273 1784 indicibili
2307 1739 2359 1784 et
2401 1729 2669 1798 Spirituali
2710 1729 2778 1783 ad
2819 1731 3284 1797 incorruptionem
3328 1732 3620 1785 alteratum

2011 1825 2082 1877 sit
2108 1834 2164 1876 et
2200 1825 2251 1876 in
2280 1839 2341 1877 ea
2379 1838 2784 1878 conservatum.
2824 1821 2954 1876 Tale
3004 1823 3170 1892 igitur
3199 1833 3419 1891 oportet
3457 1824 3624 1878 intel-

2013 1918 2183 1987 ligere
2225 1917 2439 1972 Domini
2488 1932 2688 1987 corpus
2742 1924 2864 1987 post
2915 1918 3400 1980 resurrectionem,
3460 1918 3626 1988 spiri-

2013 2013 2180 2076 tuale,
2215 2022 2268 2064 ct
2321 2011 2538 2073 subtile,
2572 2020 2627 2065 et
2662 2009 2900 2064 alienum
2935 2011 3003 2063 ab
3031 2013 3178 2065 omni
3218 2012 3622 2078 crassitudine,

2013 2120 2192 2172 neque
2257 2105 2362 2159 cibi
2422 2120 2598 2173 neque
2651 2104 2875 2158 alterius
2928 2103 3252 2174 cujusquam
3325 2105 3624 2176 indigens,

2013 2199 2261 2269 quamvis
2279 2200 2345 2252 ad
2369 2197 2845 2252 continuationem
2878 2197 3096 2252 illorum
3121 2199 3440 2252 comederit.
3467 2199 3626 2265 Quod

2013 2295 2159 2347 etaim
2193 2293 2453 2355 comedit,
2482 2308 2588 2344 non
2618 2291 2916 2345 secundum
2945 2303 3200 2344 naturam
3233 2293 3492 2356 comedit,
3530 2292 3626 2348 sed

2012 2384 2310 2438 secundum
2343 2383 2831 2452 dispensationem,
2871 2384 2935 2434 ad
2970 2384 3279 2438 docendum
3309 2385 3455 2452 quod
3492 2383 3625 2438 illud

2013 2479 2190 2547 ipsum
2225 2493 2428 2545 corpus
2451 2477 2594 2546 quod
2632 2493 2853 2542 passum
2888 2487 2988 2539 est,
3017 2479 3339 2532 surrexerit.
3369 2477 3629 2532 Naturale

2012 2580 2196 2622 autem
2239 2568 2369 2622 huic
2419 2566 2636 2634 corpori
2682 2578 2801 2621 erat
2831 2569 3032 2620 clausis
3062 2567 3248 2636 januis
3302 2566 3538 2633 ingredi,
3570 2574 3627 2619 et

2011 2666 2220 2730 absque
2247 2661 2437 2715 labore
2466 2677 2495 2715 e
2528 2661 2650 2714 loco
2681 2663 2732 2714 in
2762 2661 2941 2713 locum
2990 2662 3246 2714 transire.
3285 2659 3475 2728 Itaque
3499 2673 3626 2714 cum

2011 2754 2264 2823 discipuli
2295 2755 2472 2808 adhuc
2503 2770 2608 2808 non
2643 2755 2957 2817 crederent,
2990 2769 3167 2822 neque
3218 2769 3315 2824 per
3354 2755 3628 2824 palpatio-

2011 2860 2135 2899 ncm
2171 2845 2660 2913 persuaderentur,
2713 2844 2864 2897 addit
2898 2852 2954 2896 et
2997 2845 3152 2897 aliud
3203 2844 3489 2906 indicium,
3533 2858 3628 2898 eo-

2013 2938 2257 3002 ntedens,
2305 2936 2488 2990 divina
2539 2937 2776 3004 quadam
2812 2937 3010 2990 virtute
3056 2941 3433 2992 consumendo
3481 2937 3627 3006 quod

2010 3030 2226 3083 edebat.
2257 3028 2450 3084 Omnis
2487 3030 2632 3082 enim
2671 3031 2827 3084 cibus
2875 3040 3067 3085 natura
3109 3045 3208 3100 per
3250 3046 3312 3085 os
3352 3043 3628 3098 sumptus,

2011 3129 2078 3181 ad
2100 3142 2378 3182 secessum
2412 3128 2602 3182 vadit:
2635 3143 2822 3181 verum
2849 3130 2964 3182 haec
2997 3145 3100 3181 non
3128 3130 3472 3193 naturaliter,
3504 3129 3626 3194 sed,

2013 3231 2073 3274 ut
2142 3219 2402 3284 diximus,
2460 3220 2765 3274 secundum
2845 3222 3308 3291 dispensationem
3366 3223 3624 3276 comedit.

2009 3316 2188 3368 [labet
2220 3323 2402 3368 autem
2437 3314 2671 3383 aenigma
2703 3315 2997 3383 quoddam,
3033 3319 3176 3383 quod
3219 3323 3428 3383 partem
3460 3315 3627 3384 piscis

2010 3407 2312 3462 comederit
2343 3423 2356 3461 :
2392 3407 2670 3473 signiﬁcat
2704 3408 2851 3460 enim
2886 3409 3031 3476 quod
3065 3421 3317 3461 naturam
3348 3417 3618 3471 nostram,

2011 3515 2133 3570 qua:
2167 3502 2220 3552 in
2256 3498 2600 3568 salsuginoso
2633 3500 2737 3553 hoc
2773 3499 2908 3552 mari
2956 3508 3130 3562 natat,
3162 3501 3268 3570 igni
3303 3515 3414 3556 sua:
3448 3497 3626 3554 deita-

2013 3592 2082 3644 tis
2108 3592 2330 3655 assaril,
2363 3600 2417 3644 et
2461 3591 2757 3644 exsiccarit
2786 3605 3004 3643 omnem
3046 3591 3330 3643 humorem
3374 3605 3522 3657 metu
3559 3605 3629 3644 ex

2012 3683 2294 3752 profundis
2323 3683 2578 3736 fluctibus
2603 3682 3103 3749 habebat,utfteret
3124 3682 3338 3737 divinus
3373 3683 3628 3753 cibtts,ct

2010 3778 2103 3845 qui
2132 3776 2279 3844 prius
2306 3788 2426 3828 erat
2461 3775 2842 3829 abominabilis
2862 3816 2877 3842 ,
2911 3781 3065 3829 fleret
3095 3793 3239 3830 nunc
3264 3777 3438 3830 dulcis
3473 3777 3582 3832 Deo
3610 3794 3623 3831 :

2012 3871 2114 3924 hoc
2167 3871 2314 3923 enim
2360 3868 2672 3938 significiire
2711 3870 2909 3923 dicitur
2961 3869 3118 3925 favus
3160 3871 3623 3933 tnellis,dtt1cedi-

2014 3979 2136 4018 nent
2167 3965 2286 4017 dico
2320 3974 2528 4017 natura:
2556 3975 2756 4017 nostra:
2793 3965 2943 4032 prius
2987 3964 3237 4032 abiectae.
3279 3965 3369 4017 Vel
3401 3968 3480 4034 (ut
3511 3966 3628 4034 opi-

2013 4058 2135 4127 nor)
2168 4057 2443 4126 signillcat
2499 4073 2594 4123 per
2636 4060 2842 4126 piscem
2878 4068 3120 4110 assattnn
3168 4060 3404 4110 activam
3437 4061 3626 4121 vitam,

2012 4165 2132 4221 qua:
2181 4151 2320 4203 tollit
2373 4161 2618 4205 nostram
2671 4150 3056 4205 humiditatetn
3111 4160 3164 4204 et
3202 4151 3625 4205 crassitudinem

2013 4243 2219 4296 auxilio
2248 4242 2550 4297 carbonum
2585 4242 2984 4308 solitariorttm,
3041 4254 3095 4297 et
3145 4244 3387 4313 quietem
3420 4246 3629 4313 ample-

2014 4335 2286 4389 xantium.
2329 4333 2434 4388 Per
2465 4333 2647 4387 favum
2678 4345 2861 4388 autem
2895 4334 3191 4403 apiarium,
3224 4336 3512 4389 scientiam
3542 4337 3626 4391 vel

2012 4426 2554 4498 contemplationem.
2604 4425 2887 4496 Siquidem
2932 4429 3111 4484 dulcia
3159 4428 3376 4497 eloquia
3424 4431 3515 4483 Dei
3556 4433 3624 4482 ετ.

301 4520 468 4590 ἡμῶν
517 4522 614 4590 τὴν
645 4519 844 4590 πολλὴν
880 4519 1153 4591 ὑγρότητα
1191 4522 1284 4573 καὶ
1324 4520 1615 4590 παχύτητα
1664 4519 1753 4573 διὰ
1803 4521 1902 4589 τῆς

2015 4521 2112 4574 Est
2151 4531 2205 4573 et
2248 4520 2388 4576 alius
2435 4521 2590 4575 favus
2625 4523 2917 4591 agrestior,
2964 4539 3159 4592 nempe
3204 4525 3488 4593 gentilium
3539 4540 3629 4579 sa-

300 4613 416 4668 τῶν
447 4614 734 4684 ὲρημικῶν
763 4616 856 4668 καὶ
892 4614 1276 4684 ἡσυχαστικῶν
1307 4613 1598 4685 ἀνθράκων
1627 4613 1903 4683 βοηθείας·

303 4709 409 4779 τὴν
444 4708 500 4761 δὲ
531 4709 753 4775 γνῶσιν,
785 4708 904 4778 ἢτοι
934 4706 1189 4779 θεωρίαν,
1229 4707 1318 4760 διὰ
1356 4708 1447 4760 τοῦ
1487 4706 1768 4777 μελισσίου
1805 4721 1896 4773 κη·

304 4804 450 4872 ρίου,
495 4802 654 4871 εἴπερ
704 4801 912 4870 γλυκέα
962 4801 1029 4854 τὰ
1084 4799 1178 4852 τοῦ
1225 4799 1361 4852 Θεοῦ
1412 4798 1589 4867 λόγια.
1646 4799 1802 4850 Ἔστι
1852 4797 1908 4850 δὲ

304 4894 522 4967 κηρίον,
549 4882 1065 4964 ἁλλὰκηφηνῶδες,
1098 4892 1160 4946 τὸ
1190 4893 1288 4961 τῆς
1329 4892 1652 4961 Ἑλληνικῆς
1685 4890 1900 4958 σοφίας·

303 4990 423 5040 ἔστι
456 4988 511 5039 δὲ
543 4987 735 5054 κηρίον
771 4985 1072 5054 μελίσσιον,
1105 4985 1165 5036 τὸ
1197 4985 1297 5052 τῆς
1325 4984 1476 5045 θείας
1505 4985 1718 5050 σοφία,·
1747 4984 1907 5051 εἴπερ

302 5081 598 5149 Χριστὸςὴ
635 5080 885 5148 μέλισσα,
926 5080 1100 5147 μικρὰ
1136 5079 1235 5148 μὲν
1267 5079 1342 5144 τῷ
1415 5077 1636 5146 μεγέθει
1689 5078 1905 5146 (συντε-

301 5175 587 5245 τμημένος
609 5174 716 5242 γὰρ
750 5175 777 5224 ὁ
806 5173 984 5237 λόγος,
1020 5177 1111 5223 καὶ
1138 5175 1202 5240 τῇ
1241 5171 1399 5241 ῥώμῃ
1426 5171 1679 5239 ἀσθενής·
1714 5171 1814 5223 οὑκ
1845 5172 1897 5222 ἐι

2017 4614 2242 4682 pientia.
2288 4613 2388 4667 Hic
2434 4624 2616 4668 autem
2661 4625 2746 4669 est
2785 4617 3027 4684 apiarius
3081 4616 3259 4679 favus.
3307 4619 3628 4686 divina,in—

2015 4722 2209 4776 quam,
2239 4706 2530 4775 sapientia.
2571 4705 2854 4778 Siquidem
2891 4711 3148 4766 Christus
3188 4727 3351 4781 parva
3395 4715 3515 4783 apis
3543 4719 3630 4769 est

2011 4801 2406 4871 magnitudine.
2473 4803 2865 4857 Abbreviatum
2920 4805 3065 4858 enim
3119 4816 3203 4860 est
3242 4809 3514 4869 verbum,
3573 4816 3628 4862 et

2008 4895 2287 4949 infirmum
2322 4896 2535 4950 robore.
2564 4895 2677 4948 Non
2701 4898 2845 4950 enim
2874 4898 2925 4949 in
2957 4901 3155 4951 virtute
3181 4905 3451 4955 sermOnis
3480 4900 3626 4958 Pau-

2006 4987 2089 5041 lus
2121 4989 2399 5057 prazdicat,
2431 4998 2486 5040 ut
2513 5005 2579 5041 ne
2604 5004 2822 5043 crucem
2859 5006 3081 5044 evacuet
3111 4992 3158 5022 ⁸⁸
3187 5009 3199 5044 :
3241 5002 3623 5046 verumtamen

2009 5085 2230 5150 regibus
2263 5093 2314 5134 et
2353 5082 2538 5135 idiotis
2584 5095 2673 5135 est
2719 5084 2972 5137 amabilis
3005 5083 3363 5138 ail‘erentihus
3407 5086 3625 5138 labores

2005 5189 2135 5227 Suos
2167 5177 2218 5225 in
2245 5177 2534 5228 sanitatem
2563 5177 2890 5229 attitttat'unt.

301 5269 531 5334 δυνάμει
568 5283 676 5334 γαρ
702 5269 860 5332 Λόγου
901 5263 1107 5324 llam-.0;
1137 5266 1419 5332 κηρύττει,
1453 5263 1538 5313 ἶνα
1573 5268 1647 5331 μη
1687 5262 1903 5333 κενώσῃ
1940 5263 2032 5315 τὸν
2090 5267 2384 5336 σταυρὸν),
2417 5265 2553 5337 πλὴν
2610 5265 2893 5336 βασιλεῦσι
2921 5272 3013 5322 καὶ
3047 5269 3285 5332 ἰδιώταις
3337 5271 3620 5339 ἐράσμιος,

301 5371 384 5429 εἰς
438 5367 651 5432 ὑγίειαν
705 5366 943 5431 ψυχικὴν
1011 5363 1480 5432 προσφερομένοις
1540 5364 1661 5423 τοὺς
1712 5362 1908 5424 πόνους
1943 5361 2135 5430 αὐτῆς.

382 5483 402 5513 ι
437 5462 570 5513 Τοτε
603 5462 867 5528 διήνοιξεν
909 5461 1089 5512 αὑτων
1122 5460 1212 5510 τὸν
1247 5478 1371 5510 νουν
1404 5461 1496 5510 τοὺ
1535 5465 1772 5511 συνιέναι
1806 5462 1904 5522 τὰς

309 5559 556 5626 Γραῳὰς,
602 5558 692 5606 καὶ
724 5552 877 5605 εἶπεν
907 5556 1109 5614 αὑτιιῐτ,
1143 5556 1222 5604 ὅτι
1253 5553 1396 5604 οὕτω
1445 5554 1777 5619 γέγραπται,
1813 5555 1904 5606 καὶ

303 5650 478 5712 οὕτως
511 5649 617 5700 ἔδει
652 5651 844 5701 παθεῖν
882 5648 971 5698 τὸν
1006 5649 1260 5714 Χριστιιν,
1301 5647 1395 5698 καὶ
1530 5650 1687 5716 τρίτῃ
1720 5648 1904 5718 ἡμέρᾳ

375 5828 475 5885 ⁸⁸1
522 5829 651 5884 Cor.
704 5844 793 5893 xv,
843 5828 933 5881 Ην.
1009 5829 1052 5862 ⁸⁷
1088 5827 1230 5882 Psal.
1278 5845 1430 5893 xutt,
1473 5829 1552 5882 16.

2093 5461 2251 5514 Vens.
2285 5462 2354 5516 45
2391 5462 2480 5516 55.
2523 5483 2540 5514 ι
2579 5464 2732 5519 Tunc
2770 5469 2983 5536 apt-ruit
3030 5479 3264 5524 mentem
3298 5472 3531 5532 illorum.
3569 5479 3630 5524 ut

2016 5556 2379 5626 ittelligerent
2426 5563 2739 5628 Srt'iptnras
2774 5582 2786 5615 :
2831 5575 2882 5615 et
2912 5564 3047 5617 dixit
3093 5586 3193 5622 ets.
3231 5566 3318 5624 Sic
3352 5575 3620 5629 scriptum

2015 5663 2117 5714 est,
2161 5666 2216 5707 ct
2255 5655 2332 5708 sic
2369 5658 2656 5725 oportebat
2703 5661 2980 5713 Clutstmn
3016 5667 3149 5730 pali,
3186 5677 3234 5715 et
3273 5681 3557 5734 resurgere
3591 5679 3620 5716 a

1633 5828 1719 5880 "1
1763 5831 1891 5885 Cor.
1937 5847 1974 5897 ι,
2018 5832 2100 5888 l7.
