  <div class='ocr_page' id='page_1' title='image "/cluster/home/n/w/nwhite01/storage/ocr_20150623/123/pst.000005714384/584.png"; bbox 0 0 4100 6334; ppageno 0'>
   <div class='ocr_carea' id='block_1_1' title="bbox 259 396 479 465">
    <p class='ocr_par' dir='ltr' id='par_1_1' title="bbox 259 396 479 465">
     <span class='ocr_line' id='line_1_1' title="bbox 259 396 479 465; baseline -0.018 0"><span class='ocrx_word' id='word_1_1' title='bbox 259 396 405 465; x_wconf 71' lang='grc'><strong>1125</strong></span> <span class='ocrx_word' id='word_1_2' title='bbox 476 406 479 409; x_wconf 69' lang='grc'><em>“</em></span> 
     </span>
    </p>
   </div>
   <div class='ocr_carea' id='block_1_2' title="bbox 934 349 2885 454">
    <p class='ocr_par' dir='ltr' id='par_1_2' title="bbox 934 349 2885 454">
     <span class='ocr_line' id='line_1_2' title="bbox 934 349 2885 454; baseline -0.004 0"><span class='ocrx_word' id='word_1_3' title='bbox 934 389 1387 454; x_wconf 66' lang='lat' dir='ltr'><strong>sumsum</strong></span> <span class='ocrx_word' id='word_1_4' title='bbox 1430 390 1509 451; x_wconf 87' lang='lat' dir='ltr'><strong>1N</strong></span> <span class='ocrx_word' id='word_1_5' title='bbox 1551 386 2061 453; x_wconf 84' lang='lat' dir='ltr'><strong>EVANGELIUM</strong></span> <span class='ocrx_word' id='word_1_6' title='bbox 2101 386 2337 451; x_wconf 75' lang='lat' dir='ltr'><strong>LUC.E.</strong></span> <span class='ocrx_word' id='word_1_7' title='bbox 2371 349 2623 449; x_wconf 53' lang='lat'><strong>40,19.</strong></span> <span class='ocrx_word' id='word_1_8' title='bbox 2664 386 2885 449; x_wconf 70' lang='lat' dir='ltr'><strong>xxxv.</strong></span> 
     </span>
    </p>
   </div>
   <div class='ocr_carea' id='block_1_3' title="bbox 3444 383 3586 454">
    <p class='ocr_par' dir='ltr' id='par_1_3' title="bbox 3444 383 3586 454">
     <span class='ocr_line' id='line_1_3' title="bbox 3444 383 3586 454; baseline 0 -4"><span class='ocrx_word' id='word_1_9' title='bbox 3444 383 3586 454; x_wconf 68' lang='lat'><strong>1126</strong></span> 
     </span>
    </p>
   </div>
   <div class='ocr_carea' id='block_1_4' title="bbox 256 491 1847 577">
    <p class='ocr_par' dir='ltr' id='par_1_4' title="bbox 256 496 1847 577">
     <span class='ocr_line' id='line_1_4' title="bbox 256 496 1847 577; baseline -0.008 -14"><span class='ocrx_word' id='word_1_10' title='bbox 256 508 492 577; x_wconf 72' lang='grc' dir='ltr'>οὐδεμία</span> <span class='ocrx_word' id='word_1_11' title='bbox 525 504 668 559; x_wconf 63' lang='grc' dir='ltr'>οὕτω</span> <span class='ocrx_word' id='word_1_12' title='bbox 697 506 811 568; x_wconf 76' lang='grc' dir='ltr'>τοῖς</span> <span class='ocrx_word' id='word_1_13' title='bbox 846 500 1270 574; x_wconf 72' lang='grc' dir='ltr'>βαπτιζομένοις</span> <span class='ocrx_word' id='word_1_14' title='bbox 1320 502 1517 569; x_wconf 76' lang='grc' dir='ltr'>ἄφεσις</span> <span class='ocrx_word' id='word_1_15' title='bbox 1541 541 1556 565; x_wconf 95' lang='grc'><strong>,</strong></span> <span class='ocrx_word' id='word_1_16' title='bbox 1589 498 1729 552; x_wconf 87' lang='grc' dir='ltr'><strong>ἀλλά</strong></span> <span class='ocrx_word' id='word_1_17' title='bbox 1767 496 1847 551; x_wconf 75' lang='grc' dir='ltr'>κα¹</span> 
     </span>
    </p>
   </div>
   <div class='ocr_carea' id='block_1_5' title="bbox 1954 491 3583 577">
    <p class='ocr_par' dir='ltr' id='par_1_5' title="bbox 1971 491 3583 568">
     <span class='ocr_line' id='line_1_5' title="bbox 1971 491 3583 568; baseline -0.001 -18"><span class='ocrx_word' id='word_1_18' title='bbox 1971 505 2247 559; x_wconf 88' lang='lat' dir='ltr'><strong>naturam,</strong></span> <span class='ocrx_word' id='word_1_19' title='bbox 2277 511 2401 568; x_wconf 69' lang='lat' dir='ltr'><strong>quas</strong></span> <span class='ocrx_word' id='word_1_20' title='bbox 2428 505 2539 550; x_wconf 84' lang='lat' dir='ltr'><strong>tota</strong></span> <span class='ocrx_word' id='word_1_21' title='bbox 2572 496 2624 550; x_wconf 93' lang='lat' dir='ltr'><strong>in</strong></span> <span class='ocrx_word' id='word_1_22' title='bbox 2646 493 2869 550; x_wconf 86' lang='lat' dir='ltr'><strong>Christo</strong></span> <span class='ocrx_word' id='word_1_23' title='bbox 2900 491 3053 547; x_wconf 86' lang='lat' dir='ltr'><strong>unita</strong></span> <span class='ocrx_word' id='word_1_24' title='bbox 3076 502 3159 546; x_wconf 89' lang='lat' dir='ltr'><strong>est</strong></span> <span class='ocrx_word' id='word_1_25' title='bbox 3181 500 3236 546; x_wconf 89' lang='lat' dir='ltr'><strong>ct</strong></span> <span class='ocrx_word' id='word_1_26' title='bbox 3268 506 3583 566; x_wconf 84' lang='lat' dir='ltr'><strong>assumpta,</strong></span> 
     </span>
    </p>
   </div>
   <div class='ocr_carea' id='block_1_6' title="bbox 256 586 1867 673">
    <p class='ocr_par' dir='ltr' id='par_1_6' title="bbox 256 586 1867 673">
     <span class='ocr_line' id='line_1_6' title="bbox 256 586 1867 673; baseline -0.006 -20"><span class='ocrx_word' id='word_1_27' title='bbox 256 600 550 673; x_wconf 71' lang='grc' dir='ltr'>προσθήκη</span> <span class='ocrx_word' id='word_1_28' title='bbox 591 597 879 669; x_wconf 80' lang='grc' dir='ltr'>ἁμαρτιῶν</span> <span class='ocrx_word' id='word_1_29' title='bbox 914 596 1248 664; x_wconf 78' lang='grc' dir='ltr'>ἐπιγίνεται.</span> <span class='ocrx_word' id='word_1_30' title='bbox 1305 586 1468 673; x_wconf 77' lang='grc' dir='ltr'>Οῦτοι</span> <span class='ocrx_word' id='word_1_31' title='bbox 1501 594 1600 662; x_wconf 80' lang='grc' dir='ltr'><strong>μὲν</strong></span> <span class='ocrx_word' id='word_1_32' title='bbox 1634 587 1749 646; x_wconf 74' lang='grc' dir='ltr'>οὖν.</span> <span class='ocrx_word' id='word_1_33' title='bbox 1764 608 1867 644; x_wconf 81' lang='grc' dir='ltr'>κα-</span> 
     </span>
    </p>
   </div>
   <div class='ocr_carea' id='block_1_7' title="bbox 255 670 1870 757">
    <p class='ocr_par' dir='ltr' id='par_1_7' title="bbox 255 670 1870 757">
     <span class='ocr_line' id='line_1_7' title="bbox 255 670 1870 757; baseline -0.007 -11"><span class='ocrx_word' id='word_1_34' title='bbox 255 670 375 757; x_wconf 48' lang='lat' dir='ltr'><strong>ta;</strong></span> <span class='ocrx_word' id='word_1_35' title='bbox 409 670 714 747; x_wconf 81' lang='grc' dir='ltr'>ἀπώλοντο.</span> <span class='ocrx_word' id='word_1_36' title='bbox 745 690 839 754; x_wconf 70' lang='lat' dir='ltr'><strong>Et;</strong></span> <span class='ocrx_word' id='word_1_37' title='bbox 874 687 1056 742; x_wconf 84' lang='grc' dir='ltr'>πάντα</span> <span class='ocrx_word' id='word_1_38' title='bbox 1091 686 1151 741; x_wconf 72' lang='grc' dir='ltr'>δι</span> <span class='ocrx_word' id='word_1_39' title='bbox 1179 686 1250 739; x_wconf 60' lang='lat' dir='ltr'><strong>ea</strong></span> <span class='ocrx_word' id='word_1_40' title='bbox 1281 670 1410 755; x_wconf 73' lang='grc' dir='ltr'>ὃθνη</span> <span class='ocrx_word' id='word_1_41' title='bbox 1452 687 1480 737; x_wconf 85' lang='grc' dir='ltr'>ὁ</span> <span class='ocrx_word' id='word_1_42' title='bbox 1514 684 1675 753; x_wconf 78' lang='grc' dir='ltr'>λόγος</span> <span class='ocrx_word' id='word_1_43' title='bbox 1710 681 1870 754; x_wconf 76' lang='grc' dir='ltr'>ἐξῆλ-</span> 
     </span>
    </p>
   </div>
   <div class='ocr_carea' id='block_1_8' title="bbox 254 774 1865 856">
    <p class='ocr_par' dir='ltr' id='par_1_8' title="bbox 254 774 1865 856">
     <span class='ocr_line' id='line_1_8' title="bbox 254 774 1865 856; baseline -0.009 -17"><span class='ocrx_word' id='word_1_44' title='bbox 254 785 374 852; x_wconf 81' lang='grc' dir='ltr'>θεν,</span> <span class='ocrx_word' id='word_1_45' title='bbox 426 784 736 856; x_wconf 78' lang='grc' dir='ltr'>ἀρξάμενος</span> <span class='ocrx_word' id='word_1_46' title='bbox 781 780 891 835; x_wconf 76' lang='grc' dir='ltr'><strong>ἀπὸ</strong></span> <span class='ocrx_word' id='word_1_47' title='bbox 948 776 1335 850; x_wconf 75' lang='grc' dir='ltr'>Ἰερουσαλήμ.</span> <span class='ocrx_word' id='word_1_48' title='bbox 1398 776 1549 830; x_wconf 83' lang='grc' dir='ltr'>Ἔδει</span> <span class='ocrx_word' id='word_1_49' title='bbox 1596 775 1708 845; x_wconf 77' lang='grc' dir='ltr'>γὰρ</span> <span class='ocrx_word' id='word_1_50' title='bbox 1762 774 1865 845; x_wconf 77' lang='grc' dir='ltr'>τὴν</span> 
     </span>
    </p>
   </div>
   <div class='ocr_carea' id='block_1_9' title="bbox 256 867 1866 949">
    <p class='ocr_par' dir='ltr' id='par_1_9' title="bbox 256 867 1866 949">
     <span class='ocr_line' id='line_1_9' title="bbox 256 867 1866 949; baseline -0.008 -17"><span class='ocrx_word' id='word_1_51' title='bbox 256 879 425 949; x_wconf 81' lang='grc' dir='ltr'>φύσιν</span> <span class='ocrx_word' id='word_1_52' title='bbox 466 878 653 931; x_wconf 76' lang='grc' dir='ltr'>πᾶσαν</span> <span class='ocrx_word' id='word_1_53' title='bbox 681 876 740 927; x_wconf 82' lang='grc' dir='ltr'><strong>ἐν</strong></span> <span class='ocrx_word' id='word_1_54' title='bbox 772 872 996 946; x_wconf 76' lang='grc' dir='ltr'>Χριστῷ</span> <span class='ocrx_word' id='word_1_55' title='bbox 1026 872 1327 926; x_wconf 82' lang='grc' dir='ltr'>ἐνωθεῐσαν</span> <span class='ocrx_word' id='word_1_56' title='bbox 1361 870 1455 923; x_wconf 79' lang='grc' dir='ltr'><strong>καὶ</strong></span> <span class='ocrx_word' id='word_1_57' title='bbox 1498 867 1866 939; x_wconf 83' lang='grc' dir='ltr'>προσληφθεῖ-</span> 
     </span>
    </p>
   </div>
   <div class='ocr_carea' id='block_1_10' title="bbox 258 960 1861 1040">
    <p class='ocr_par' dir='ltr' id='par_1_10' title="bbox 258 960 1861 1040">
     <span class='ocr_line' id='line_1_10' title="bbox 258 960 1861 1040; baseline -0.008 -16"><span class='ocrx_word' id='word_1_58' title='bbox 258 988 385 1031; x_wconf 88' lang='grc' dir='ltr'>σαν,</span> <span class='ocrx_word' id='word_1_59' title='bbox 464 968 540 1040; x_wconf 84' lang='grc' dir='ltr'>μὴ</span> <span class='ocrx_word' id='word_1_60' title='bbox 611 969 694 1032; x_wconf 88' lang='grc' dir='ltr'><strong>είς</strong></span> <span class='ocrx_word' id='word_1_61' title='bbox 765 966 859 1021; x_wconf 89' lang='grc' dir='ltr'><strong>δύο</strong></span> <span class='ocrx_word' id='word_1_62' title='bbox 926 964 1118 1019; x_wconf 87' lang='grc' dir='ltr'>λοιπὸν</span> <span class='ocrx_word' id='word_1_63' title='bbox 1178 960 1510 1033; x_wconf 80' lang='grc' dir='ltr'>διαιρεῖσθαι</span> <span class='ocrx_word' id='word_1_64' title='bbox 1568 960 1861 1030; x_wconf 75' lang='grc' dir='ltr'><strong>τμήματα,</strong></span> 
     </span>
    </p>
   </div>
   <div class='ocr_carea' id='block_1_11' title="bbox 262 1050 1860 1131">
    <p class='ocr_par' dir='ltr' id='par_1_11' title="bbox 262 1050 1860 1131">
     <span class='ocr_line' id='line_1_11' title="bbox 262 1050 1860 1131; baseline -0.008 -16"><span class='ocrx_word' id='word_1_65' title='bbox 262 1060 557 1131; x_wconf 76' lang='grc' dir='ltr'>Ἐϐραίους</span> <span class='ocrx_word' id='word_1_66' title='bbox 604 1061 700 1112; x_wconf 76' lang='grc' dir='ltr'><strong>καὶ</strong></span> <span class='ocrx_word' id='word_1_67' title='bbox 732 1056 1008 1120; x_wconf 81' lang='grc' dir='ltr'>ἐθνικοὺς,</span> <span class='ocrx_word' id='word_1_68' title='bbox 1040 1054 1157 1109; x_wconf 85' lang='grc' dir='ltr'>ἀλλ’</span> <span class='ocrx_word' id='word_1_69' title='bbox 1185 1050 1460 1122; x_wconf 69' lang='grc' dir='ltr'>ἄρξασθαι</span> <span class='ocrx_word' id='word_1_70' title='bbox 1501 1052 1612 1107; x_wconf 87' lang='grc' dir='ltr'><strong>ἀπὸ</strong></span> <span class='ocrx_word' id='word_1_71' title='bbox 1657 1050 1860 1122; x_wconf 80' lang='grc' dir='ltr'>Ἰερου-</span> 
     </span>
    </p>
   </div>
   <div class='ocr_carea' id='block_1_12' title="bbox 250 1143 1856 1223">
    <p class='ocr_par' dir='ltr' id='par_1_12' title="bbox 250 1143 1856 1223">
     <span class='ocr_line' id='line_1_12' title="bbox 250 1143 1856 1223; baseline -0.006 -17"><span class='ocrx_word' id='word_1_72' title='bbox 250 1153 443 1223; x_wconf 79' lang='grc' dir='ltr'>σαλὴμ</span> <span class='ocrx_word' id='word_1_73' title='bbox 477 1151 573 1206; x_wconf 83' lang='grc' dir='ltr'><strong>τὸν</strong></span> <span class='ocrx_word' id='word_1_74' title='bbox 605 1151 769 1220; x_wconf 86' lang='grc' dir='ltr'>λόγον</span> <span class='ocrx_word' id='word_1_75' title='bbox 802 1150 898 1203; x_wconf 79' lang='grc' dir='ltr'><strong>καὶ</strong></span> <span class='ocrx_word' id='word_1_76' title='bbox 931 1148 991 1201; x_wconf 82' lang='grc' dir='ltr'><strong>ἐν</strong></span> <span class='ocrx_word' id='word_1_77' title='bbox 1016 1149 1132 1211; x_wconf 76' lang='grc' dir='ltr'>τοῖς</span> <span class='ocrx_word' id='word_1_78' title='bbox 1165 1143 1379 1199; x_wconf 75' lang='grc' dir='ltr'><strong>ἔθνεσιν</strong></span> <span class='ocrx_word' id='word_1_79' title='bbox 1406 1143 1856 1209; x_wconf 78' lang='grc' dir='ltr'>ἀναπαύσασθαι,</span> 
     </span>
    </p>
   </div>
   <div class='ocr_carea' id='block_1_13' title="bbox 247 1236 1859 1315">
    <p class='ocr_par' dir='ltr' id='par_1_13' title="bbox 247 1236 1859 1315">
     <span class='ocr_line' id='line_1_13' title="bbox 247 1236 1859 1315; baseline -0.004 -17"><span class='ocrx_word' id='word_1_80' title='bbox 247 1243 604 1298; x_wconf 75' lang='grc' dir='ltr'>ἑνοποιοῦντα</span> <span class='ocrx_word' id='word_1_81' title='bbox 650 1242 750 1315; x_wconf 75' lang='grc' dir='ltr'>τὴν</span> <span class='ocrx_word' id='word_1_82' title='bbox 801 1241 989 1311; x_wconf 79' lang='grc' dir='ltr'>φύσιν.</span> <span class='ocrx_word' id='word_1_83' title='bbox 1044 1258 1063 1292; x_wconf 77' lang='grc' dir='ltr'><strong>ι</strong></span> <span class='ocrx_word' id='word_1_84' title='bbox 1129 1238 1320 1309; x_wconf 81' lang='grc' dir='ltr'>Ὑμεῖς</span> <span class='ocrx_word' id='word_1_85' title='bbox 1360 1238 1440 1304; x_wconf 82' lang='grc' dir='ltr'><strong>δὲ,</strong></span> <span class='ocrx_word' id='word_1_86' title='bbox 1495 1239 1685 1308; x_wconf 77' lang='grc' dir='ltr'>φησὶν.</span> <span class='ocrx_word' id='word_1_87' title='bbox 1734 1236 1859 1291; x_wconf 74' lang='grc' dir='ltr'>ἐστὲ</span> 
     </span>
    </p>
   </div>
   <div class='ocr_carea' id='block_1_14' title="bbox 249 1326 1858 1410">
    <p class='ocr_par' dir='ltr' id='par_1_14' title="bbox 249 1326 1858 1410">
     <span class='ocr_line' id='line_1_14' title="bbox 249 1326 1858 1410; baseline -0.006 -18"><span class='ocrx_word' id='word_1_88' title='bbox 249 1339 534 1410; x_wconf 79' lang='grc' dir='ltr'>μάρτυρες</span> <span class='ocrx_word' id='word_1_89' title='bbox 556 1336 761 1391; x_wconf 87' lang='grc' dir='ltr'>τούτων</span> <span class='ocrx_word' id='word_1_90' title='bbox 811 1335 920 1388; x_wconf 84' lang='grc' dir='ltr'><strong>τῶν</strong></span> <span class='ocrx_word' id='word_1_91' title='bbox 943 1334 1156 1397; x_wconf 84' lang='grc' dir='ltr'>παθῶν,</span> <span class='ocrx_word' id='word_1_92' title='bbox 1190 1333 1290 1403; x_wconf 81' lang='grc' dir='ltr'>τῆς</span> <span class='ocrx_word' id='word_1_93' title='bbox 1317 1333 1689 1394; x_wconf 77' lang='grc' dir='ltr'>ἀναστάσεως,</span> <span class='ocrx_word' id='word_1_94' title='bbox 1724 1326 1858 1384; x_wconf 76' lang='grc' dir='ltr'>Εἶτα</span> 
     </span>
    </p>
   </div>
   <div class='ocr_carea' id='block_1_15' title="bbox 248 1415 1854 1501">
    <p class='ocr_par' dir='ltr' id='par_1_15' title="bbox 248 1415 1854 1501">
     <span class='ocr_line' id='line_1_15' title="bbox 248 1415 1854 1501; baseline -0.004 -18"><span class='ocrx_word' id='word_1_95' title='bbox 248 1431 339 1483; x_wconf 80' lang='grc' dir='ltr'><strong>ἵνα</strong></span> <span class='ocrx_word' id='word_1_96' title='bbox 393 1415 469 1501; x_wconf 67' lang='grc' dir='ltr'>μὴ</span> <span class='ocrx_word' id='word_1_97' title='bbox 512 1428 837 1499; x_wconf 83' lang='grc' dir='ltr'>ταραχθῶσι</span> <span class='ocrx_word' id='word_1_98' title='bbox 887 1426 1018 1498; x_wconf 88' lang='grc' dir='ltr'>παρ’</span> <span class='ocrx_word' id='word_1_99' title='bbox 1072 1427 1308 1489; x_wconf 80' lang='grc' dir='ltr'>ἑαυτοῖς,</span> <span class='ocrx_word' id='word_1_100' title='bbox 1355 1426 1453 1478; x_wconf 71' lang='grc' dir='ltr'>καὶ</span> <span class='ocrx_word' id='word_1_101' title='bbox 1500 1424 1854 1493; x_wconf 85' lang='grc' dir='ltr'>λογίσωνται’</span> 
     </span>
    </p>
   </div>
   <div class='ocr_carea' id='block_1_16' title="bbox 247 1514 1856 1593">
    <p class='ocr_par' dir='ltr' id='par_1_16' title="bbox 247 1514 1856 1593">
     <span class='ocr_line' id='line_1_16' title="bbox 247 1514 1856 1593; baseline -0.006 -17"><span class='ocrx_word' id='word_1_102' title='bbox 247 1523 378 1585; x_wconf 85' lang='grc' dir='ltr'><strong>Πῶς</strong></span> <span class='ocrx_word' id='word_1_103' title='bbox 435 1522 869 1593; x_wconf 76' lang='grc' dir='ltr'><strong>μαρτυρήσομεν</strong></span> <span class='ocrx_word' id='word_1_104' title='bbox 922 1518 1204 1589; x_wconf 77' lang='grc' dir='ltr'>ἄνθρωποι</span> <span class='ocrx_word' id='word_1_105' title='bbox 1268 1516 1480 1570; x_wconf 72' lang='grc' dir='ltr'>ίδιῶται</span> <span class='ocrx_word' id='word_1_106' title='bbox 1537 1516 1676 1585; x_wconf 77' lang='grc' dir='ltr'>πρὸς</span> <span class='ocrx_word' id='word_1_107' title='bbox 1726 1514 1856 1587; x_wconf 76' lang='grc' dir='ltr'>ἔθνη</span> 
     </span>
    </p>
   </div>
   <div class='ocr_carea' id='block_1_17' title="bbox 243 1598 1860 1684">
    <p class='ocr_par' dir='ltr' id='par_1_17' title="bbox 243 1598 1860 1684">
     <span class='ocr_line' id='line_1_17' title="bbox 243 1598 1860 1684; baseline -0.005 -14"><span class='ocrx_word' id='word_1_108' title='bbox 243 1614 728 1683; x_wconf 76' lang='grc' dir='ltr'><strong>ἀποστελλόμενοι,</strong></span> <span class='ocrx_word' id='word_1_109' title='bbox 756 1612 893 1684; x_wconf 80' lang='grc' dir='ltr'>πρὸς</span> <span class='ocrx_word' id='word_1_110' title='bbox 906 1612 1030 1674; x_wconf 79' lang='grc' dir='ltr'>τοὺς</span> <span class='ocrx_word' id='word_1_111' title='bbox 1055 1598 1495 1680; x_wconf 70' lang='grc' dir='ltr'>Ἰεροάολυμίτας</span> <span class='ocrx_word' id='word_1_112' title='bbox 1524 1610 1860 1680; x_wconf 79' lang='grc' dir='ltr'>ἀντιπαρεκ-</span> 
     </span>
    </p>
   </div>
   <div class='ocr_carea' id='block_1_18' title="bbox 1976 586 3586 651">
    <p class='ocr_par' dir='ltr' id='par_1_18' title="bbox 1976 586 3586 651">
     <span class='ocr_line' id='line_1_18' title="bbox 1976 586 3586 651; baseline 0.003 -9"><span class='ocrx_word' id='word_1_113' title='bbox 1976 603 2081 643; x_wconf 82' lang='grc' dir='ltr'>ιιοιι</span> <span class='ocrx_word' id='word_1_114' title='bbox 2118 588 2259 645; x_wconf 81' lang='lat' dir='ltr'><strong>ultra</strong></span> <span class='ocrx_word' id='word_1_115' title='bbox 2311 588 2367 643; x_wconf 88' lang='lat' dir='ltr'><strong>itt</strong></span> <span class='ocrx_word' id='word_1_116' title='bbox 2414 589 2551 644; x_wconf 83' lang='lat' dir='ltr'><strong>duas</strong></span> <span class='ocrx_word' id='word_1_117' title='bbox 2602 588 2786 643; x_wconf 78' lang='lat' dir='ltr'><strong>dirimi</strong></span> <span class='ocrx_word' id='word_1_118' title='bbox 2839 590 3140 651; x_wconf 81' lang='lat' dir='ltr'><strong>sectiones,</strong></span> <span class='ocrx_word' id='word_1_119' title='bbox 3178 586 3490 645; x_wconf 66' lang='lat' dir='ltr'><strong>Judaorum</strong></span> <span class='ocrx_word' id='word_1_120' title='bbox 3526 600 3586 647; x_wconf 85' lang='lat' dir='ltr'><strong>et</strong></span> 
     </span>
    </p>
   </div>
   <div class='ocr_carea' id='block_1_19' title="bbox 1972 680 3586 753">
    <p class='ocr_par' dir='ltr' id='par_1_19' title="bbox 1972 680 3586 753">
     <span class='ocr_line' id='line_1_19' title="bbox 1972 680 3586 753; baseline 0.002 -16"><span class='ocrx_word' id='word_1_121' title='bbox 1972 681 2257 753; x_wconf 77' lang='lat' dir='ltr'><strong>gentilium</strong></span> <span class='ocrx_word' id='word_1_122' title='bbox 2291 720 2310 748; x_wconf 88' lang='lat'><strong>,</strong></span> <span class='ocrx_word' id='word_1_123' title='bbox 2342 681 2441 738; x_wconf 82' lang='lat' dir='ltr'><strong>sed</strong></span> <span class='ocrx_word' id='word_1_124' title='bbox 2479 681 2721 753; x_wconf 84' lang='lat' dir='ltr'><strong>incipere</strong></span> <span class='ocrx_word' id='word_1_125' title='bbox 2755 688 3068 737; x_wconf 75' lang='lat' dir='ltr'><strong>sermonem</strong></span> <span class='ocrx_word' id='word_1_126' title='bbox 3103 698 3130 735; x_wconf 93' lang='lat' dir='ltr'><strong>a</strong></span> <span class='ocrx_word' id='word_1_127' title='bbox 3168 680 3499 749; x_wconf 76' lang='lat' dir='ltr'><strong>Jerusalem,</strong></span> <span class='ocrx_word' id='word_1_128' title='bbox 3526 694 3586 740; x_wconf 90' lang='lat' dir='ltr'><strong>et</strong></span> 
     </span>
    </p>
   </div>
   <div class='ocr_carea' id='block_1_20' title="bbox 1971 774 3584 847">
    <p class='ocr_par' dir='ltr' id='par_1_20' title="bbox 1971 774 3584 847">
     <span class='ocr_line' id='line_1_20' title="bbox 1971 774 3584 847; baseline 0.001 -17"><span class='ocrx_word' id='word_1_129' title='bbox 1971 775 2025 830; x_wconf 91' lang='lat' dir='ltr'><strong>iu</strong></span> <span class='ocrx_word' id='word_1_130' title='bbox 2059 776 2315 847; x_wconf 77' lang='lat' dir='ltr'><strong>gentibus</strong></span> <span class='ocrx_word' id='word_1_131' title='bbox 2343 777 2715 846; x_wconf 81' lang='lat' dir='ltr'><strong>requiescere,</strong></span> <span class='ocrx_word' id='word_1_132' title='bbox 2740 775 2932 831; x_wconf 54' lang='lat' dir='ltr'><strong>«mitis</strong></span> <span class='ocrx_word' id='word_1_133' title='bbox 2981 776 3296 845; x_wconf 79' lang='lat' dir='ltr'><strong>generibus.</strong></span> <span class='ocrx_word' id='word_1_134' title='bbox 3335 774 3443 831; x_wconf 82' lang='lat' dir='ltr'><strong>Vos</strong></span> <span class='ocrx_word' id='word_1_135' title='bbox 3484 791 3584 832; x_wconf 77' lang='lat' dir='ltr'><strong>au-</strong></span> 
     </span>
    </p>
   </div>
   <div class='ocr_carea' id='block_1_21' title="bbox 1973 867 3589 936">
    <p class='ocr_par' dir='ltr' id='par_1_21' title="bbox 1973 867 3589 936">
     <span class='ocr_line' id='line_1_21' title="bbox 1973 867 3589 936; baseline 0.002 -15"><span class='ocrx_word' id='word_1_136' title='bbox 1973 877 2078 921; x_wconf 88' lang='lat' dir='ltr'><strong>tem</strong></span> <span class='ocrx_word' id='word_1_137' title='bbox 2115 868 2250 922; x_wconf 91' lang='lat' dir='ltr'><strong>estis</strong></span> <span class='ocrx_word' id='word_1_138' title='bbox 2291 874 2461 923; x_wconf 82' lang='lat' dir='ltr'><strong>testes</strong></span> <span class='ocrx_word' id='word_1_139' title='bbox 2490 868 2714 932; x_wconf 86' lang='lat' dir='ltr'><strong>horum,</strong></span> <span class='ocrx_word' id='word_1_140' title='bbox 2749 868 3030 936; x_wconf 86' lang='lat' dir='ltr'><strong>passionis</strong></span> <span class='ocrx_word' id='word_1_141' title='bbox 3048 867 3261 923; x_wconf 90' lang='lat' dir='ltr'><strong>scilicet</strong></span> <span class='ocrx_word' id='word_1_142' title='bbox 3288 883 3351 922; x_wconf 87' lang='lat' dir='ltr'><strong>ac</strong></span> <span class='ocrx_word' id='word_1_143' title='bbox 3389 884 3589 925; x_wconf 76' lang='lat' dir='ltr'><strong>resur-</strong></span> 
     </span>
    </p>
   </div>
   <div class='ocr_carea' id='block_1_22' title="bbox 1967 959 3582 1033">
    <p class='ocr_par' dir='ltr' id='par_1_22' title="bbox 1967 959 3582 1033">
     <span class='ocr_line' id='line_1_22' title="bbox 1967 959 3582 1033; baseline -0.001 -16"><span class='ocrx_word' id='word_1_144' title='bbox 1967 961 2249 1017; x_wconf 90' lang='lat' dir='ltr'><strong>rcctionis.</strong></span> <span class='ocrx_word' id='word_1_145' title='bbox 2280 959 2479 1016; x_wconf 78' lang='lat' dir='ltr'><strong>Postea</strong></span> <span class='ocrx_word' id='word_1_146' title='bbox 2514 976 2581 1016; x_wconf 87' lang='lat' dir='ltr'><strong>ne</strong></span> <span class='ocrx_word' id='word_1_147' title='bbox 2624 960 2981 1015; x_wconf 80' lang='lat' dir='ltr'><strong>turbarentur</strong></span> <span class='ocrx_word' id='word_1_148' title='bbox 3028 961 3173 1015; x_wconf 87' lang='lat' dir='ltr'><strong>intra</strong></span> <span class='ocrx_word' id='word_1_149' title='bbox 3214 975 3293 1022; x_wconf 87' lang='lat' dir='ltr'><strong>se.</strong></span> <span class='ocrx_word' id='word_1_150' title='bbox 3328 972 3381 1015; x_wconf 92' lang='lat' dir='ltr'><strong>et</strong></span> <span class='ocrx_word' id='word_1_151' title='bbox 3424 964 3582 1033; x_wconf 73' lang='lat' dir='ltr'><strong>cogi-</strong></span> 
     </span>
    </p>
   </div>
   <div class='ocr_carea' id='block_1_23' title="bbox 1967 1044 3583 1124">
    <p class='ocr_par' dir='ltr' id='par_1_23' title="bbox 1967 1044 3583 1124">
     <span class='ocr_line' id='line_1_23' title="bbox 1967 1044 3583 1124; baseline 0.002 -15"><span class='ocrx_word' id='word_1_152' title='bbox 1967 1044 2169 1122; x_wconf 87' lang='lat' dir='ltr'><strong>tarent,</strong></span> <span class='ocrx_word' id='word_1_153' title='bbox 2209 1053 2495 1120; x_wconf 84' lang='lat' dir='ltr'><strong>Quomodo</strong></span> <span class='ocrx_word' id='word_1_154' title='bbox 2517 1054 2957 1120; x_wconf 83' lang='lat' dir='ltr'><strong>testificabimur,</strong></span> <span class='ocrx_word' id='word_1_155' title='bbox 2984 1055 3075 1124; x_wconf 90' lang='lat' dir='ltr'><strong>qui</strong></span> <span class='ocrx_word' id='word_1_156' title='bbox 3110 1055 3303 1124; x_wconf 75' lang='lat' dir='ltr'><strong>privati</strong></span> <span class='ocrx_word' id='word_1_157' title='bbox 3331 1055 3583 1112; x_wconf 76' lang='lat' dir='ltr'><strong>homines</strong></span> 
     </span>
    </p>
   </div>
   <div class='ocr_carea' id='block_1_24' title="bbox 1966 1146 3581 1217">
    <p class='ocr_par' dir='ltr' id='par_1_24' title="bbox 1966 1146 3581 1217">
     <span class='ocr_line' id='line_1_24' title="bbox 1966 1146 3581 1217; baseline 0.002 -17"><span class='ocrx_word' id='word_1_158' title='bbox 1966 1161 2031 1201; x_wconf 84' lang='lat' dir='ltr'><strong>ac</strong></span> <span class='ocrx_word' id='word_1_159' title='bbox 2084 1146 2267 1201; x_wconf 71' lang='lat' dir='ltr'><strong>idiota:</strong></span> <span class='ocrx_word' id='word_1_160' title='bbox 2341 1160 2534 1202; x_wconf 90' lang='lat' dir='ltr'><strong>sumus</strong></span> <span class='ocrx_word' id='word_1_161' title='bbox 2593 1152 2899 1217; x_wconf 82' lang='lat' dir='ltr'><strong>contraque</strong></span> <span class='ocrx_word' id='word_1_162' title='bbox 2940 1157 3133 1216; x_wconf 70' lang='lat' dir='ltr'><strong>gentes</strong></span> <span class='ocrx_word' id='word_1_163' title='bbox 3185 1147 3478 1214; x_wconf 83' lang='lat' dir='ltr'><strong>mittimur,</strong></span> <span class='ocrx_word' id='word_1_164' title='bbox 3523 1160 3581 1203; x_wconf 90' lang='lat' dir='ltr'><strong>et</strong></span> 
     </span>
    </p>
   </div>
   <div class='ocr_carea' id='block_1_25' title="bbox 1977 1239 3584 1312">
    <p class='ocr_par' dir='ltr' id='par_1_25' title="bbox 1977 1239 3584 1312">
     <span class='ocr_line' id='line_1_25' title="bbox 1977 1239 3584 1312; baseline 0.001 -17"><span class='ocrx_word' id='word_1_165' title='bbox 1977 1251 2169 1296; x_wconf 85' lang='lat' dir='ltr'><strong>contra</strong></span> <span class='ocrx_word' id='word_1_166' title='bbox 2199 1239 2703 1312; x_wconf 79' lang='lat' dir='ltr'><strong>Jerosolymitanos</strong></span> <span class='ocrx_word' id='word_1_167' title='bbox 2728 1254 3011 1294; x_wconf 80' lang='lat' dir='ltr'><strong>armantur</strong></span> <span class='ocrx_word' id='word_1_168' title='bbox 3042 1242 3134 1309; x_wconf 91' lang='lat' dir='ltr'><strong>qui</strong></span> <span class='ocrx_word' id='word_1_169' title='bbox 3196 1250 3251 1296; x_wconf 90' lang='lat' dir='ltr'><strong>et</strong></span> <span class='ocrx_word' id='word_1_170' title='bbox 3282 1252 3332 1296; x_wconf 94' lang='lat' dir='ltr'><strong>te</strong></span> <span class='ocrx_word' id='word_1_171' title='bbox 3366 1242 3584 1297; x_wconf 83' lang='lat' dir='ltr'><strong>occide-</strong></span> 
     </span>
    </p>
   </div>
   <div class='ocr_carea' id='block_1_26' title="bbox 1962 1331 3574 1404">
    <p class='ocr_par' dir='ltr' id='par_1_26' title="bbox 1962 1331 3574 1404">
     <span class='ocr_line' id='line_1_26' title="bbox 1962 1331 3574 1404; baseline 0.001 -17"><span class='ocrx_word' id='word_1_172' title='bbox 1962 1334 2133 1388; x_wconf 86' lang='lat' dir='ltr'><strong>runt?</strong></span> <span class='ocrx_word' id='word_1_173' title='bbox 2193 1333 2333 1388; x_wconf 79' lang='lat' dir='ltr'><strong>dixit</strong></span> <span class='ocrx_word' id='word_1_174' title='bbox 2377 1334 2483 1398; x_wconf 88' lang='lat' dir='ltr'><strong>eis,</strong></span> <span class='ocrx_word' id='word_1_175' title='bbox 2535 1350 2554 1384; x_wconf 82' lang='grc' dir='ltr'><strong>ι</strong></span> <span class='ocrx_word' id='word_1_176' title='bbox 2607 1331 2931 1389; x_wconf 82' lang='lat' dir='ltr'><strong>Couﬁdite:</strong></span> <span class='ocrx_word' id='word_1_177' title='bbox 2992 1352 3012 1385; x_wconf 75' lang='grc' dir='ltr'><strong>ι</strong></span> <span class='ocrx_word' id='word_1_178' title='bbox 3053 1332 3215 1403; x_wconf 83' lang='lat' dir='ltr'><strong>hujus</strong></span> <span class='ocrx_word' id='word_1_179' title='bbox 3260 1334 3339 1388; x_wconf 91' lang='lat' dir='ltr'><strong>rei</strong></span> <span class='ocrx_word' id='word_1_180' title='bbox 3396 1335 3574 1404; x_wconf 74' lang='lat' dir='ltr'><strong>gratia</strong></span> 
     </span>
    </p>
   </div>
   <div class='ocr_carea' id='block_1_27' title="bbox 1963 1423 3578 1496">
    <p class='ocr_par' dir='ltr' id='par_1_27' title="bbox 1963 1423 3578 1496">
     <span class='ocr_line' id='line_1_27' title="bbox 1963 1423 3578 1496; baseline 0.001 -16"><span class='ocrx_word' id='word_1_181' title='bbox 1963 1425 2177 1480; x_wconf 85' lang='lat' dir='ltr'><strong>mittam</strong></span> <span class='ocrx_word' id='word_1_182' title='bbox 2204 1425 2523 1496; x_wconf 83' lang='lat' dir='ltr'><strong>propediem</strong></span> <span class='ocrx_word' id='word_1_183' title='bbox 2557 1425 2987 1494; x_wconf 76' lang='lat' dir='ltr'><strong>promissionem</strong></span> <span class='ocrx_word' id='word_1_184' title='bbox 3034 1423 3235 1491; x_wconf 80' lang='lat' dir='ltr'><strong>Patris,</strong></span> <span class='ocrx_word' id='word_1_185' title='bbox 3262 1426 3328 1481; x_wconf 88' lang='lat' dir='ltr'><strong>de</strong></span> <span class='ocrx_word' id='word_1_186' title='bbox 3352 1440 3457 1494; x_wconf 86' lang='lat' dir='ltr'><strong>qua</strong></span> <span class='ocrx_word' id='word_1_187' title='bbox 3490 1427 3578 1481; x_wconf 91' lang='lat' dir='ltr'><strong>di-</strong></span> 
     </span>
    </p>
   </div>
   <div class='ocr_carea' id='block_1_28' title="bbox 1960 1513 3580 1587">
    <p class='ocr_par' dir='ltr' id='par_1_28' title="bbox 1960 1513 3580 1587">
     <span class='ocr_line' id='line_1_28' title="bbox 1960 1513 3580 1587; baseline -0.001 -14"><span class='ocrx_word' id='word_1_188' title='bbox 1960 1527 2109 1573; x_wconf 89' lang='lat' dir='ltr'><strong>ctum</strong></span> <span class='ocrx_word' id='word_1_189' title='bbox 2146 1532 2242 1587; x_wconf 89' lang='lat' dir='ltr'><strong>per</strong></span> <span class='ocrx_word' id='word_1_190' title='bbox 2278 1514 2514 1581; x_wconf 80' lang='lat' dir='ltr'><strong>Joelem,</strong></span> <span class='ocrx_word' id='word_1_191' title='bbox 2546 1533 2563 1567; x_wconf 79' lang='grc' dir='ltr'><strong>ι</strong></span> <span class='ocrx_word' id='word_1_192' title='bbox 2600 1513 2896 1571; x_wconf 75' lang='lat' dir='ltr'><strong>Eﬂ‘nndatn</strong></span> <span class='ocrx_word' id='word_1_193' title='bbox 2926 1517 2993 1571; x_wconf 89' lang='lat' dir='ltr'><strong>de</strong></span> <span class='ocrx_word' id='word_1_194' title='bbox 3023 1514 3231 1586; x_wconf 86' lang='lat' dir='ltr'><strong>Spiritu</strong></span> <span class='ocrx_word' id='word_1_195' title='bbox 3261 1531 3580 1585; x_wconf 67' lang='lat' dir='ltr'><strong>meosnpcr</strong></span> 
     </span>
    </p>
   </div>
   <div class='ocr_carea' id='block_1_29' title="bbox 1958 1609 3578 1682">
    <p class='ocr_par' dir='ltr' id='par_1_29' title="bbox 1958 1609 3578 1682">
     <span class='ocr_line' id='line_1_29' title="bbox 1958 1609 3578 1682; baseline -0.002 -16"><span class='ocrx_word' id='word_1_196' title='bbox 1958 1626 2176 1667; x_wconf 89' lang='lat' dir='ltr'><strong>omnem</strong></span> <span class='ocrx_word' id='word_1_197' title='bbox 2211 1626 2434 1666; x_wconf 88' lang='lat' dir='ltr'><strong>carnem</strong></span> <span class='ocrx_word' id='word_1_198' title='bbox 2480 1609 2529 1642; x_wconf 80' lang='lat'><strong>&#39;°</strong></span> <span class='ocrx_word' id='word_1_199' title='bbox 2566 1628 2585 1661; x_wconf 71' lang='grc' dir='ltr'><strong>ι</strong></span> <span class='ocrx_word' id='word_1_200' title='bbox 2622 1620 2730 1665; x_wconf 91' lang='lat' dir='ltr'><strong>etc.</strong></span> <span class='ocrx_word' id='word_1_201' title='bbox 2764 1610 3170 1682; x_wconf 72' lang='lat' dir='ltr'><strong>Sedeteigitur,</strong></span> <span class='ocrx_word' id='word_1_202' title='bbox 3210 1610 3300 1679; x_wconf 85' lang='lat' dir='ltr'><strong>qui</strong></span> <span class='ocrx_word' id='word_1_203' title='bbox 3334 1625 3481 1666; x_wconf 92' lang='lat' dir='ltr'><strong>nunc</strong></span> <span class='ocrx_word' id='word_1_204' title='bbox 3511 1610 3578 1664; x_wconf 92' lang='lat' dir='ltr'><strong>ti-</strong></span> 
     </span>
    </p>
   </div>
   <div class='ocr_carea' id='block_1_30' title="bbox 1959 1700 3571 1772">
    <p class='ocr_par' dir='ltr' id='par_1_30' title="bbox 1959 1700 3571 1772">
     <span class='ocr_line' id='line_1_30' title="bbox 1959 1700 3571 1772; baseline -0.002 -17"><span class='ocrx_word' id='word_1_205' title='bbox 1959 1702 2089 1756; x_wconf 81' lang='lat' dir='ltr'><strong>midi</strong></span> <span class='ocrx_word' id='word_1_206' title='bbox 2116 1711 2171 1757; x_wconf 87' lang='lat' dir='ltr'><strong>et</strong></span> <span class='ocrx_word' id='word_1_207' title='bbox 2202 1717 2393 1772; x_wconf 87' lang='lat' dir='ltr'><strong>parum</strong></span> <span class='ocrx_word' id='word_1_208' title='bbox 2422 1700 2626 1764; x_wconf 82' lang='lat' dir='ltr'><strong>viriles,</strong></span> <span class='ocrx_word' id='word_1_209' title='bbox 2658 1701 2835 1758; x_wconf 85' lang='lat' dir='ltr'><strong>donec</strong></span> <span class='ocrx_word' id='word_1_210' title='bbox 2868 1701 3167 1755; x_wconf 89' lang='lat' dir='ltr'><strong>induamini</strong></span> <span class='ocrx_word' id='word_1_211' title='bbox 3203 1702 3437 1769; x_wconf 80' lang='lat' dir='ltr'><strong>virtute,</strong></span> <span class='ocrx_word' id='word_1_212' title='bbox 3462 1714 3571 1752; x_wconf 90' lang='lat' dir='ltr'><strong>non</strong></span> 
     </span>
    </p>
   </div>
   <div class='ocr_carea' id='block_1_31' title="bbox 243 1705 1853 1779">
    <p class='ocr_par' dir='ltr' id='par_1_31' title="bbox 243 1705 1853 1779">
     <span class='ocr_line' id='line_1_31' title="bbox 243 1705 1853 1779; baseline -0.003 -18"><span class='ocrx_word' id='word_1_213' title='bbox 243 1709 503 1779; x_wconf 86' lang='grc' dir='ltr'>δυόμενοι</span> <span class='ocrx_word' id='word_1_214' title='bbox 578 1708 706 1771; x_wconf 83' lang='grc' dir='ltr'>τοὺς</span> <span class='ocrx_word' id='word_1_215' title='bbox 780 1708 875 1761; x_wconf 73' lang='grc' dir='ltr'><strong>καὶ</strong></span> <span class='ocrx_word' id='word_1_216' title='bbox 930 1706 992 1761; x_wconf 76' lang='grc' dir='ltr'><strong>σδ</strong></span> <span class='ocrx_word' id='word_1_217' title='bbox 1042 1706 1509 1771; x_wconf 83' lang='grc' dir='ltr'>ἀποκτείναντας,</span> <span class='ocrx_word' id='word_1_218' title='bbox 1564 1705 1853 1776; x_wconf 84' lang='grc' dir='ltr'>Θαρσεῖτε,</span> 
     </span>
    </p>
   </div>
   <div class='ocr_carea' id='block_1_32' title="bbox 242 1789 1847 1871">
    <p class='ocr_par' dir='ltr' id='par_1_32' title="bbox 242 1796 1847 1871">
     <span class='ocr_line' id='line_1_32' title="bbox 242 1796 1847 1871; baseline -0.002 -18"><span class='ocrx_word' id='word_1_219' title='bbox 242 1803 404 1871; x_wconf 76' lang='grc' dir='ltr'>φησὶ,</span> <span class='ocrx_word' id='word_1_220' title='bbox 437 1800 630 1854; x_wconf 81' lang='grc' dir='ltr'>τούτου</span> <span class='ocrx_word' id='word_1_221' title='bbox 676 1802 862 1855; x_wconf 75' lang='grc' dir='ltr'>ἕνεκα.</span> <span class='ocrx_word' id='word_1_222' title='bbox 914 1798 1230 1853; x_wconf 83' lang='grc' dir='ltr'>Ἀποστελῶ</span> <span class='ocrx_word' id='word_1_223' title='bbox 1256 1799 1364 1867; x_wconf 80' lang='grc' dir='ltr'>γὰρ</span> <span class='ocrx_word' id='word_1_224' title='bbox 1393 1798 1517 1851; x_wconf 85' lang='grc' dir='ltr'>ὅσον</span> <span class='ocrx_word' id='word_1_225' title='bbox 1556 1796 1711 1851; x_wconf 82' lang='grc' dir='ltr'>οῦπω</span> <span class='ocrx_word' id='word_1_226' title='bbox 1753 1798 1847 1869; x_wconf 81' lang='grc' dir='ltr'>τὴν</span> 
     </span>
    </p>
   </div>
   <div class='ocr_carea' id='block_1_33' title="bbox 1954 1789 3571 1871">
    <p class='ocr_par' dir='ltr' id='par_1_33' title="bbox 1962 1789 3571 1857">
     <span class='ocr_line' id='line_1_33' title="bbox 1962 1789 3571 1857; baseline -0.002 -11"><span class='ocrx_word' id='word_1_227' title='bbox 1962 1793 2219 1857; x_wconf 85' lang='lat' dir='ltr'><strong>humana,</strong></span> <span class='ocrx_word' id='word_1_228' title='bbox 2255 1793 2349 1847; x_wconf 87' lang='lat' dir='ltr'><strong>sed</strong></span> <span class='ocrx_word' id='word_1_229' title='bbox 2390 1790 2619 1848; x_wconf 74' lang='lat' dir='ltr'><strong>cmlesti.</strong></span> <span class='ocrx_word' id='word_1_230' title='bbox 2662 1789 2783 1846; x_wconf 86' lang='lat' dir='ltr'><strong>Non</strong></span> <span class='ocrx_word' id='word_1_231' title='bbox 2818 1792 2956 1846; x_wconf 77' lang='lat' dir='ltr'><strong>dixit</strong></span> <span class='ocrx_word' id='word_1_232' title='bbox 2995 1801 3200 1855; x_wconf 85' lang='lat' dir='ltr'><strong>autem,</strong></span> <span class='ocrx_word' id='word_1_233' title='bbox 3236 1789 3518 1857; x_wconf 81' lang='lat' dir='ltr'><strong>accipiatis</strong></span> <span class='ocrx_word' id='word_1_234' title='bbox 3551 1829 3571 1856; x_wconf 88' lang='lat'><strong>,</strong></span> 
     </span>
    </p>
   </div>
   <div class='ocr_carea' id='block_1_34' title="bbox 240 1863 1847 1963">
    <p class='ocr_par' dir='ltr' id='par_1_34' title="bbox 240 1863 1847 1963">
     <span class='ocr_line' id='line_1_34' title="bbox 240 1863 1847 1963; baseline 0.001 -18"><span class='ocrx_word' id='word_1_235' title='bbox 240 1863 585 1961; x_wconf 65' lang='grc' dir='ltr'>ἐπαγγελίαν</span> <span class='ocrx_word' id='word_1_236' title='bbox 614 1892 711 1946; x_wconf 84' lang='grc' dir='ltr'><strong>τοῦ</strong></span> <span class='ocrx_word' id='word_1_237' title='bbox 754 1892 972 1963; x_wconf 80' lang='grc' dir='ltr'>Πατρός</span> <span class='ocrx_word' id='word_1_238' title='bbox 1003 1908 1130 1962; x_wconf 89' lang='grc' dir='ltr'>μου,</span> <span class='ocrx_word' id='word_1_239' title='bbox 1166 1891 1234 1963; x_wconf 72' lang='grc' dir='ltr'>ἢν</span> <span class='ocrx_word' id='word_1_240' title='bbox 1265 1863 1419 1943; x_wconf 74' lang='grc' dir='ltr'>εἷπον</span> <span class='ocrx_word' id='word_1_241' title='bbox 1450 1890 1518 1943; x_wconf 86' lang='grc' dir='ltr'>δι’</span> <span class='ocrx_word' id='word_1_242' title='bbox 1564 1890 1740 1960; x_wconf 84' lang='grc' dir='ltr'>’1ωὴλ,</span> <span class='ocrx_word' id='word_1_243' title='bbox 1771 1863 1847 1946; x_wconf 82' lang='grc' dir='ltr'>ὅτι</span> 
     </span>
    </p>
   </div>
   <div class='ocr_carea' id='block_1_35' title="bbox 1954 1863 3576 1963">
    <p class='ocr_par' dir='ltr' id='par_1_35' title="bbox 1961 1882 3576 1952">
     <span class='ocr_line' id='line_1_35' title="bbox 1961 1882 3576 1952; baseline -0.003 -12"><span class='ocrx_word' id='word_1_244' title='bbox 1961 1886 2077 1951; x_wconf 83' lang='lat' dir='ltr'><strong>sed,</strong></span> <span class='ocrx_word' id='word_1_245' title='bbox 2113 1903 2130 1936; x_wconf 73' lang='grc' dir='ltr'><strong>ι</strong></span> <span class='ocrx_word' id='word_1_246' title='bbox 2166 1883 2469 1939; x_wconf 86' lang='lat' dir='ltr'><strong>induamini</strong></span> <span class='ocrx_word' id='word_1_247' title='bbox 2499 1900 2512 1937; x_wconf 90' lang='lat'><strong>:</strong></span> <span class='ocrx_word' id='word_1_248' title='bbox 2552 1903 2571 1937; x_wconf 77' lang='grc' dir='ltr'><strong>ι</strong></span> <span class='ocrx_word' id='word_1_249' title='bbox 2603 1884 2887 1939; x_wconf 87' lang='lat' dir='ltr'><strong>declarans</strong></span> <span class='ocrx_word' id='word_1_250' title='bbox 2918 1883 3143 1937; x_wconf 86' lang='lat' dir='ltr'><strong>omnino</strong></span> <span class='ocrx_word' id='word_1_251' title='bbox 3173 1882 3419 1937; x_wconf 87' lang='lat' dir='ltr'><strong>custodia</strong></span> <span class='ocrx_word' id='word_1_252' title='bbox 3454 1882 3576 1952; x_wconf 80' lang='lat' dir='ltr'><strong>spi-</strong></span> 
     </span>
    </p>
   </div>
   <div class='ocr_carea' id='block_1_36' title="bbox 243 1974 1847 2055">
    <p class='ocr_par' dir='ltr' id='par_1_36' title="bbox 243 1982 1847 2055">
     <span class='ocr_line' id='line_1_36' title="bbox 243 1982 1847 2055; baseline 0.002 -22"><span class='ocrx_word' id='word_1_253' title='bbox 243 2001 263 2033; x_wconf 78' lang='grc' dir='ltr'><strong>ι</strong></span> <span class='ocrx_word' id='word_1_254' title='bbox 314 1983 527 2053; x_wconf 82' lang='grc' dir='ltr'>Ἐκχεῶ</span> <span class='ocrx_word' id='word_1_255' title='bbox 554 1983 663 2037; x_wconf 83' lang='grc' dir='ltr'><strong>ἀπὸ</strong></span> <span class='ocrx_word' id='word_1_256' title='bbox 688 1984 781 2037; x_wconf 90' lang='grc' dir='ltr'><strong>τοῦ</strong></span> <span class='ocrx_word' id='word_1_257' title='bbox 806 1982 1125 2054; x_wconf 85' lang='grc' dir='ltr'>Πνεύματός</span> <span class='ocrx_word' id='word_1_258' title='bbox 1152 2000 1252 2053; x_wconf 88' lang='grc' dir='ltr'><strong>μου</strong></span> <span class='ocrx_word' id='word_1_259' title='bbox 1287 1983 1380 2035; x_wconf 80' lang='grc' dir='ltr'>ἐπὶ</span> <span class='ocrx_word' id='word_1_260' title='bbox 1408 1984 1590 2036; x_wconf 80' lang='grc' dir='ltr'>πᾶσαν</span> <span class='ocrx_word' id='word_1_261' title='bbox 1614 1984 1847 2055; x_wconf 82' lang='grc' dir='ltr'>σάρκα,ι</span> 
     </span>
    </p>
   </div>
   <div class='ocr_carea' id='block_1_37' title="bbox 1954 1974 3580 2055">
    <p class='ocr_par' dir='ltr' id='par_1_37' title="bbox 1959 1974 3580 2032">
     <span class='ocr_line' id='line_1_37' title="bbox 1959 1974 3580 2032; baseline 0 0"><span class='ocrx_word' id='word_1_262' title='bbox 1959 1977 2175 2032; x_wconf 88' lang='lat' dir='ltr'><strong>ritualis</strong></span> <span class='ocrx_word' id='word_1_263' title='bbox 2202 1984 2498 2032; x_wconf 66' lang='lat' dir='ltr'><strong>armaturae</strong></span> <span class='ocrx_word' id='word_1_264' title='bbox 2525 1977 2872 2031; x_wconf 86' lang='lat' dir='ltr'><strong>muniendos.</strong></span> <span class='ocrx_word' id='word_1_265' title='bbox 2917 1995 2935 2027; x_wconf 79' lang='grc' dir='ltr'><strong>ι</strong></span> <span class='ocrx_word' id='word_1_266' title='bbox 2976 1974 3181 2031; x_wconf 66' lang='lat' dir='ltr'><strong>Eduxit</strong></span> <span class='ocrx_word' id='word_1_267' title='bbox 3234 1986 3417 2030; x_wconf 86' lang='lat' dir='ltr'><strong>autem</strong></span> <span class='ocrx_word' id='word_1_268' title='bbox 3476 1990 3580 2032; x_wconf 77' lang='lat' dir='ltr'><strong>eos</strong></span> 
     </span>
    </p>
   </div>
   <div class='ocr_carea' id='block_1_38' title="bbox 249 2070 1855 2146">
    <p class='ocr_par' dir='ltr' id='par_1_38' title="bbox 249 2070 1855 2146">
     <span class='ocr_line' id='line_1_38' title="bbox 249 2070 1855 2146; baseline 0.002 -20"><span class='ocrx_word' id='word_1_269' title='bbox 249 2074 341 2127; x_wconf 63' lang='grc' dir='ltr'><strong>καὶ</strong></span> <span class='ocrx_word' id='word_1_270' title='bbox 373 2077 445 2127; x_wconf 85' lang='grc' dir='ltr'><strong>τά</strong></span> <span class='ocrx_word' id='word_1_271' title='bbox 481 2074 628 2146; x_wconf 72' lang='grc' dir='ltr'>ἑξῆς.</span> <span class='ocrx_word' id='word_1_272' title='bbox 663 2073 945 2129; x_wconf 77' lang='grc' dir='ltr'>Καθίσατε</span> <span class='ocrx_word' id='word_1_273' title='bbox 978 2070 1095 2140; x_wconf 81' lang='grc' dir='ltr'>οῦν,</span> <span class='ocrx_word' id='word_1_274' title='bbox 1123 2076 1172 2128; x_wconf 86' lang='grc' dir='ltr'><strong>οί</strong></span> <span class='ocrx_word' id='word_1_275' title='bbox 1204 2073 1299 2127; x_wconf 88' lang='grc' dir='ltr'><strong>νῦν</strong></span> <span class='ocrx_word' id='word_1_276' title='bbox 1332 2073 1500 2126; x_wconf 76' lang='grc' dir='ltr'>δειλοὶ</span> <span class='ocrx_word' id='word_1_277' title='bbox 1546 2076 1642 2126; x_wconf 77' lang='grc' dir='ltr'><strong>καὶ</strong></span> <span class='ocrx_word' id='word_1_278' title='bbox 1686 2074 1855 2130; x_wconf 82' lang='grc' dir='ltr'>ἀναν-</span> 
     </span>
    </p>
   </div>
   <div class='ocr_carea' id='block_1_39' title="bbox 240 2167 1852 2241">
    <p class='ocr_par' dir='ltr' id='par_1_39' title="bbox 240 2167 1852 2241">
     <span class='ocr_line' id='line_1_39' title="bbox 240 2167 1852 2241; baseline 0.001 -20"><span class='ocrx_word' id='word_1_279' title='bbox 240 2167 386 2238; x_wconf 82' lang='grc' dir='ltr'>ὅροι,</span> <span class='ocrx_word' id='word_1_280' title='bbox 436 2170 541 2233; x_wconf 77' lang='grc' dir='ltr'>ἕως</span> <span class='ocrx_word' id='word_1_281' title='bbox 588 2168 649 2223; x_wconf 74' lang='grc' dir='ltr'>οὗ</span> <span class='ocrx_word' id='word_1_282' title='bbox 700 2169 998 2240; x_wconf 83' lang='grc' dir='ltr'>ἐνδύσησθε</span> <span class='ocrx_word' id='word_1_283' title='bbox 1040 2168 1275 2239; x_wconf 82' lang='grc' dir='ltr'>δύναμιν</span> <span class='ocrx_word' id='word_1_284' title='bbox 1320 2169 1421 2222; x_wconf 82' lang='grc' dir='ltr'><strong>οῦκ</strong></span> <span class='ocrx_word' id='word_1_285' title='bbox 1476 2168 1852 2241; x_wconf 73' lang='grc' dir='ltr'>ἀνθρωπίνην,</span> 
     </span>
    </p>
   </div>
   <div class='ocr_carea' id='block_1_40' title="bbox 239 2258 1853 2331">
    <p class='ocr_par' dir='ltr' id='par_1_40' title="bbox 239 2258 1853 2331">
     <span class='ocr_line' id='line_1_40' title="bbox 239 2258 1853 2331; baseline 0.003 -18"><span class='ocrx_word' id='word_1_286' title='bbox 239 2260 359 2313; x_wconf 81' lang='grc' dir='ltr'>ἀλλ’</span> <span class='ocrx_word' id='word_1_287' title='bbox 389 2260 663 2331; x_wconf 72' lang='grc' dir='ltr'>οὐράνιον.</span> <span class='ocrx_word' id='word_1_288' title='bbox 696 2262 812 2315; x_wconf 83' lang='grc' dir='ltr'><strong>υῦκ</strong></span> <span class='ocrx_word' id='word_1_289' title='bbox 845 2258 968 2315; x_wconf 81' lang='grc' dir='ltr'>εἷπε</span> <span class='ocrx_word' id='word_1_290' title='bbox 992 2263 1073 2327; x_wconf 81' lang='grc' dir='ltr'><strong>δὲ,</strong></span> <span class='ocrx_word' id='word_1_291' title='bbox 1100 2261 1363 2331; x_wconf 77' lang='grc' dir='ltr'>Δέξησθε,</span> <span class='ocrx_word' id='word_1_292' title='bbox 1391 2262 1533 2329; x_wconf 85' lang='grc' dir='ltr'>ἀλλ’,</span> <span class='ocrx_word' id='word_1_293' title='bbox 1584 2280 1602 2313; x_wconf 82' lang='grc' dir='ltr'><strong>ι</strong></span> <span class='ocrx_word' id='word_1_294' title='bbox 1667 2262 1853 2317; x_wconf 84' lang='grc' dir='ltr'>Ἐνδύ-</span> 
     </span>
    </p>
   </div>
   <div class='ocr_carea' id='block_1_41' title="bbox 240 2350 1851 2424">
    <p class='ocr_par' dir='ltr' id='par_1_41' title="bbox 240 2350 1851 2424">
     <span class='ocr_line' id='line_1_41' title="bbox 240 2350 1851 2424; baseline 0.003 -21"><span class='ocrx_word' id='word_1_295' title='bbox 240 2351 435 2421; x_wconf 88' lang='grc' dir='ltr'>σησθε,</span> <span class='ocrx_word' id='word_1_296' title='bbox 470 2371 489 2403; x_wconf 77' lang='grc' dir='ltr'><strong>ι</strong></span> <span class='ocrx_word' id='word_1_297' title='bbox 530 2356 593 2405; x_wconf 88' lang='grc' dir='ltr'>τὸ</span> <span class='ocrx_word' id='word_1_298' title='bbox 627 2350 895 2407; x_wconf 83' lang='grc' dir='ltr'>πάντοθεν</span> <span class='ocrx_word' id='word_1_299' title='bbox 928 2352 1303 2424; x_wconf 76' lang='grc' dir='ltr'>φρουρητικὸν</span> <span class='ocrx_word' id='word_1_300' title='bbox 1329 2353 1428 2421; x_wconf 78' lang='grc' dir='ltr'>τῆς</span> <span class='ocrx_word' id='word_1_301' title='bbox 1463 2354 1851 2424; x_wconf 81' lang='grc' dir='ltr'>πνευματικῆς</span> 
     </span>
    </p>
   </div>
   <div class='ocr_carea' id='block_1_42' title="bbox 235 2444 1852 2516">
    <p class='ocr_par' dir='ltr' id='par_1_42' title="bbox 235 2444 1852 2516">
     <span class='ocr_line' id='line_1_42' title="bbox 235 2444 1852 2516; baseline 0.002 -21"><span class='ocrx_word' id='word_1_302' title='bbox 235 2444 509 2507; x_wconf 83' lang='grc' dir='ltr'>ὁπλίσεως</span> <span class='ocrx_word' id='word_1_303' title='bbox 537 2444 883 2515; x_wconf 81' lang='grc' dir='ltr'>ὑποφαίνων.</span> <span class='ocrx_word' id='word_1_304' title='bbox 924 2464 943 2498; x_wconf 79' lang='grc' dir='ltr'><strong>ε</strong></span> <span class='ocrx_word' id='word_1_305' title='bbox 994 2444 1269 2516; x_wconf 59' lang='grc' dir='ltr'>Ἐξὴγαγεη</span> <span class='ocrx_word' id='word_1_306' title='bbox 1302 2444 1359 2497; x_wconf 78' lang='grc' dir='ltr'>δὲ</span> <span class='ocrx_word' id='word_1_307' title='bbox 1395 2445 1596 2509; x_wconf 83' lang='grc' dir='ltr'>αὐτοὺς</span> <span class='ocrx_word' id='word_1_308' title='bbox 1627 2446 1735 2509; x_wconf 78' lang='grc' dir='ltr'>ἓως</span> <span class='ocrx_word' id='word_1_309' title='bbox 1772 2447 1852 2509; x_wconf 85' lang='grc' dir='ltr'><strong>είς</strong></span> 
     </span>
    </p>
   </div>
   <div class='ocr_carea' id='block_1_43' title="bbox 238 2532 1851 2605">
    <p class='ocr_par' dir='ltr' id='par_1_43' title="bbox 238 2532 1851 2605">
     <span class='ocr_line' id='line_1_43' title="bbox 238 2532 1851 2605; baseline -0.001 -18"><span class='ocrx_word' id='word_1_310' title='bbox 238 2534 537 2603; x_wconf 83' lang='grc' dir='ltr'>Βηθανίαν.</span> <span class='ocrx_word' id='word_1_311' title='bbox 577 2554 596 2587; x_wconf 76' lang='grc' dir='ltr'><strong>ι</strong></span> <span class='ocrx_word' id='word_1_312' title='bbox 640 2534 813 2589; x_wconf 87' lang='grc' dir='ltr'>Τοῦτο</span> <span class='ocrx_word' id='word_1_313' title='bbox 856 2536 1127 2605; x_wconf 76' lang='grc' dir='ltr'>νοήσομεν</span> <span class='ocrx_word' id='word_1_314' title='bbox 1169 2535 1227 2587; x_wconf 86' lang='grc' dir='ltr'><strong>ἐν</strong></span> <span class='ocrx_word' id='word_1_315' title='bbox 1275 2532 1415 2604; x_wconf 79' lang='grc' dir='ltr'>αὐτῇ</span> <span class='ocrx_word' id='word_1_316' title='bbox 1457 2536 1524 2604; x_wconf 74' lang='grc' dir='ltr'>τῇ</span> <span class='ocrx_word' id='word_1_317' title='bbox 1570 2550 1851 2604; x_wconf 85' lang='grc' dir='ltr'>τεσσαρα-</span> 
     </span>
    </p>
   </div>
   <div class='ocr_carea' id='block_1_44' title="bbox 236 2618 1847 2697">
    <p class='ocr_par' dir='ltr' id='par_1_44' title="bbox 236 2618 1847 2697">
     <span class='ocr_line' id='line_1_44' title="bbox 236 2618 1847 2697; baseline -0.002 -18"><span class='ocrx_word' id='word_1_318' title='bbox 236 2628 409 2697; x_wconf 68' lang='grc' dir='ltr'>κοστῇ</span> <span class='ocrx_word' id='word_1_319' title='bbox 456 2627 645 2697; x_wconf 72' lang='grc' dir='ltr'><strong>ἡμέρᾳ⁸</strong></span> <span class='ocrx_word' id='word_1_320' title='bbox 691 2625 1001 2695; x_wconf 84' lang='grc' dir='ltr'>γεγονέναι.</span> <span class='ocrx_word' id='word_1_321' title='bbox 1050 2626 1118 2677; x_wconf 80' lang='grc' dir='ltr'><strong>Ἀ</strong></span> <span class='ocrx_word' id='word_1_322' title='bbox 1164 2624 1273 2697; x_wconf 86' lang='grc' dir='ltr'>γὰρ</span> <span class='ocrx_word' id='word_1_323' title='bbox 1316 2618 1465 2677; x_wconf 73' lang='grc' dir='ltr'>οὗτοι</span> <span class='ocrx_word' id='word_1_324' title='bbox 1505 2625 1563 2675; x_wconf 81' lang='grc' dir='ltr'><strong>ἐν</strong></span> <span class='ocrx_word' id='word_1_325' title='bbox 1610 2625 1847 2695; x_wconf 78' lang='grc' dir='ltr'>ἐπιτομῇ</span> 
     </span>
    </p>
   </div>
   <div class='ocr_carea' id='block_1_45' title="bbox 236 2713 1849 2786">
    <p class='ocr_par' dir='ltr' id='par_1_45' title="bbox 236 2713 1849 2786">
     <span class='ocr_line' id='line_1_45' title="bbox 236 2713 1849 2786; baseline -0.001 -19"><span class='ocrx_word' id='word_1_326' title='bbox 236 2714 483 2783; x_wconf 82' lang='grc' dir='ltr'>λέγουσι,</span> <span class='ocrx_word' id='word_1_327' title='bbox 518 2717 694 2768; x_wconf 84' lang='grc' dir='ltr'>ταῦτα</span> <span class='ocrx_word' id='word_1_328' title='bbox 726 2716 838 2769; x_wconf 83' lang='grc' dir='ltr'>νόει</span> <span class='ocrx_word' id='word_1_329' title='bbox 876 2732 966 2786; x_wconf 92' lang='grc' dir='ltr'><strong>μοι</strong></span> <span class='ocrx_word' id='word_1_330' title='bbox 1026 2716 1091 2768; x_wconf 73' lang='grc' dir='ltr'><strong>σὺ</strong></span> <span class='ocrx_word' id='word_1_331' title='bbox 1127 2717 1184 2766; x_wconf 81' lang='grc' dir='ltr'><strong>ἐν</strong></span> <span class='ocrx_word' id='word_1_332' title='bbox 1230 2714 1457 2777; x_wconf 81' lang='grc' dir='ltr'>πολλαῖς</span> <span class='ocrx_word' id='word_1_333' title='bbox 1494 2713 1733 2784; x_wconf 77' lang='grc' dir='ltr'>ἡμέραις</span> <span class='ocrx_word' id='word_1_334' title='bbox 1763 2714 1849 2782; x_wconf 85' lang='grc' dir='ltr'>γί-</span> 
     </span>
    </p>
   </div>
   <div class='ocr_carea' id='block_1_46' title="bbox 235 2803 1850 2879">
    <p class='ocr_par' dir='ltr' id='par_1_46' title="bbox 235 2803 1850 2879">
     <span class='ocr_line' id='line_1_46' title="bbox 235 2803 1850 2879; baseline 0 -19"><span class='ocrx_word' id='word_1_335' title='bbox 235 2807 447 2861; x_wconf 86' lang='grc' dir='ltr'>νεσθαι·</span> <span class='ocrx_word' id='word_1_336' title='bbox 486 2808 561 2871; x_wconf 74' lang='grc' dir='ltr'>ὡς</span> <span class='ocrx_word' id='word_1_337' title='bbox 586 2809 751 2872; x_wconf 76' lang='grc' dir='ltr'>αὐτὸς</span> <span class='ocrx_word' id='word_1_338' title='bbox 784 2803 937 2872; x_wconf 73' lang='grc' dir='ltr'>οὗτος</span> <span class='ocrx_word' id='word_1_339' title='bbox 962 2809 990 2861; x_wconf 88' lang='grc' dir='ltr'>ὁ</span> <span class='ocrx_word' id='word_1_340' title='bbox 1017 2808 1234 2869; x_wconf 76' lang='grc' dir='ltr'>Λουκᾶς</span> <span class='ocrx_word' id='word_1_341' title='bbox 1267 2824 1433 2877; x_wconf 80' lang='grc' dir='ltr'>φησιν</span> <span class='ocrx_word' id='word_1_342' title='bbox 1462 2808 1521 2860; x_wconf 82' lang='grc' dir='ltr'><strong>ἐν</strong></span> <span class='ocrx_word' id='word_1_343' title='bbox 1548 2808 1669 2870; x_wconf 77' lang='grc' dir='ltr'>ταῖς</span> <span class='ocrx_word' id='word_1_344' title='bbox 1701 2808 1850 2879; x_wconf 84' lang='grc' dir='ltr'>Πρά-</span> 
     </span>
    </p>
   </div>
   <div class='ocr_carea' id='block_1_47' title="bbox 238 2900 1848 2974">
    <p class='ocr_par' dir='ltr' id='par_1_47' title="bbox 238 2900 1848 2974">
     <span class='ocr_line' id='line_1_47' title="bbox 238 2900 1848 2974; baseline 0.001 -21"><span class='ocrx_word' id='word_1_345' title='bbox 238 2902 411 2966; x_wconf 83' lang='grc' dir='ltr'>ξεσιν,</span> <span class='ocrx_word' id='word_1_346' title='bbox 442 2903 524 2955; x_wconf 83' lang='grc' dir='ltr'>ὅτι</span> <span class='ocrx_word' id='word_1_347' title='bbox 579 2923 595 2955; x_wconf 81' lang='grc' dir='ltr'><strong>ι</strong></span> <span class='ocrx_word' id='word_1_348' title='bbox 630 2902 709 2956; x_wconf 82' lang='grc' dir='ltr'><strong>Δι’</strong></span> <span class='ocrx_word' id='word_1_349' title='bbox 749 2901 978 2974; x_wconf 79' lang='grc' dir='ltr'>ἡμερῶν</span> <span class='ocrx_word' id='word_1_350' title='bbox 1018 2900 1437 2970; x_wconf 87' lang='grc' dir='ltr'>τεσσαράκοντα</span> <span class='ocrx_word' id='word_1_351' title='bbox 1467 2901 1848 2971; x_wconf 80' lang='grc' dir='ltr'>ὀπτανόμενος</span> 
     </span>
    </p>
   </div>
   <div class='ocr_carea' id='block_1_48' title="bbox 235 2994 1841 3067">
    <p class='ocr_par' dir='ltr' id='par_1_48' title="bbox 235 2994 1841 3067">
     <span class='ocr_line' id='line_1_48' title="bbox 235 2994 1841 3067; baseline -0.001 -18"><span class='ocrx_word' id='word_1_352' title='bbox 235 2997 447 3059; x_wconf 78' lang='grc' dir='ltr'>αὐτοῖς.</span> <span class='ocrx_word' id='word_1_353' title='bbox 502 3014 520 3048; x_wconf 77' lang='grc' dir='ltr'><strong>ι</strong></span> <span class='ocrx_word' id='word_1_354' title='bbox 575 2996 844 3067; x_wconf 84' lang='grc' dir='ltr'>Συχνάκις</span> <span class='ocrx_word' id='word_1_355' title='bbox 896 2994 1007 3065; x_wconf 86' lang='grc' dir='ltr'><strong>γάρ</strong></span> <span class='ocrx_word' id='word_1_356' title='bbox 1055 2995 1337 3065; x_wconf 77' lang='grc' dir='ltr'>ἐφίστατο,</span> <span class='ocrx_word' id='word_1_357' title='bbox 1399 2996 1495 3048; x_wconf 71' lang='grc' dir='ltr'><strong>καὶ</strong></span> <span class='ocrx_word' id='word_1_358' title='bbox 1550 2994 1841 3064; x_wconf 78' lang='grc' dir='ltr'>ἀφίστατο.</span> 
     </span>
    </p>
   </div>
   <div class='ocr_carea' id='block_1_49' title="bbox 238 3086 1846 3158">
    <p class='ocr_par' dir='ltr' id='par_1_49' title="bbox 238 3086 1846 3158">
     <span class='ocr_line' id='line_1_49' title="bbox 238 3086 1846 3158; baseline -0.001 -16"><span class='ocrx_word' id='word_1_359' title='bbox 238 3088 517 3158; x_wconf 72' lang='grc' dir='ltr'>Εὑλόγησε</span> <span class='ocrx_word' id='word_1_360' title='bbox 568 3088 626 3141; x_wconf 76' lang='grc' dir='ltr'>δὲ</span> <span class='ocrx_word' id='word_1_361' title='bbox 670 3088 798 3152; x_wconf 87' lang='grc' dir='ltr'>τοὺς</span> <span class='ocrx_word' id='word_1_362' title='bbox 829 3087 1099 3157; x_wconf 80' lang='grc' dir='ltr'>μαθητὰς,</span> <span class='ocrx_word' id='word_1_363' title='bbox 1148 3087 1293 3156; x_wconf 84' lang='grc' dir='ltr'>τάχα</span> <span class='ocrx_word' id='word_1_364' title='bbox 1345 3086 1444 3157; x_wconf 81' lang='grc' dir='ltr'><strong>μὲν</strong></span> <span class='ocrx_word' id='word_1_365' title='bbox 1476 3086 1571 3139; x_wconf 75' lang='grc' dir='ltr'>καὶ</span> <span class='ocrx_word' id='word_1_366' title='bbox 1609 3086 1846 3157; x_wconf 87' lang='grc' dir='ltr'>δύναμιν</span> 
     </span>
    </p>
   </div>
   <div class='ocr_carea' id='block_1_50' title="bbox 235 3178 1844 3251">
    <p class='ocr_par' dir='ltr' id='par_1_50' title="bbox 235 3178 1844 3251">
     <span class='ocr_line' id='line_1_50' title="bbox 235 3178 1844 3251; baseline 0 -18"><span class='ocrx_word' id='word_1_367' title='bbox 235 3180 475 3251; x_wconf 82' lang='grc' dir='ltr'>φρουρὸν</span> <span class='ocrx_word' id='word_1_368' title='bbox 529 3180 717 3244; x_wconf 78' lang='grc' dir='ltr'>αὐτοῖς</span> <span class='ocrx_word' id='word_1_369' title='bbox 764 3180 1004 3243; x_wconf 72' lang='grc' dir='ltr'>ἐντιθεὶς</span> <span class='ocrx_word' id='word_1_370' title='bbox 1056 3179 1187 3250; x_wconf 76' lang='grc' dir='ltr'>ἄχρι</span> <span class='ocrx_word' id='word_1_371' title='bbox 1237 3181 1339 3249; x_wconf 81' lang='grc' dir='ltr'><strong>τῆς</strong></span> <span class='ocrx_word' id='word_1_372' title='bbox 1382 3178 1476 3232; x_wconf 89' lang='grc' dir='ltr'><strong>τοῦ</strong></span> <span class='ocrx_word' id='word_1_373' title='bbox 1524 3179 1844 3249; x_wconf 86' lang='grc' dir='ltr'>Πνεῦματος</span> 
     </span>
    </p>
   </div>
   <div class='ocr_carea' id='block_1_51' title="bbox 235 3272 1842 3345">
    <p class='ocr_par' dir='ltr' id='par_1_51' title="bbox 235 3272 1842 3345">
     <span class='ocr_line' id='line_1_51' title="bbox 235 3272 1842 3345; baseline -0.001 -18"><span class='ocrx_word' id='word_1_374' title='bbox 235 3275 563 3343; x_wconf 73' lang='grc' dir='ltr'>παρουσἀς.</span> <span class='ocrx_word' id='word_1_375' title='bbox 618 3274 760 3345; x_wconf 84' lang='grc' dir='ltr'>τάχα</span> <span class='ocrx_word' id='word_1_376' title='bbox 814 3272 872 3326; x_wconf 84' lang='grc' dir='ltr'>δὲ</span> <span class='ocrx_word' id='word_1_377' title='bbox 922 3274 1017 3326; x_wconf 76' lang='grc' dir='ltr'><strong>καὶ</strong></span> <span class='ocrx_word' id='word_1_378' title='bbox 1076 3274 1223 3344; x_wconf 76' lang='grc' dir='ltr'>ἡμᾶς</span> <span class='ocrx_word' id='word_1_379' title='bbox 1271 3272 1563 3338; x_wconf 82' lang='grc' dir='ltr'>διδάσκων,</span> <span class='ocrx_word' id='word_1_380' title='bbox 1620 3272 1842 3326; x_wconf 70' lang='grc' dir='ltr'>ἐπειδάν</span> 
     </span>
    </p>
   </div>
   <div class='ocr_carea' id='block_1_52' title="bbox 232 3348 1842 3437">
    <p class='ocr_par' dir='ltr' id='par_1_52' title="bbox 232 3348 1842 3437">
     <span class='ocr_line' id='line_1_52' title="bbox 232 3348 1842 3437; baseline 0.001 -19"><span class='ocrx_word' id='word_1_381' title='bbox 232 3365 635 3436; x_wconf 84' lang='grc' dir='ltr'>άποδημῶμεν,</span> <span class='ocrx_word' id='word_1_382' title='bbox 679 3368 799 3429; x_wconf 84' lang='grc' dir='ltr'>ταῖς</span> <span class='ocrx_word' id='word_1_383' title='bbox 848 3348 1127 3433; x_wconf 73' lang='grc' dir='ltr'>εὐλογίαις</span> <span class='ocrx_word' id='word_1_384' title='bbox 1176 3366 1301 3428; x_wconf 72' lang='grc' dir='ltr'>τοὺς</span> <span class='ocrx_word' id='word_1_385' title='bbox 1338 3364 1429 3434; x_wconf 79' lang='grc' dir='ltr'><strong>ὑφ’</strong></span> <span class='ocrx_word' id='word_1_386' title='bbox 1480 3366 1631 3435; x_wconf 71' lang='grc' dir='ltr'>ἡμᾶς</span> <span class='ocrx_word' id='word_1_387' title='bbox 1665 3382 1842 3437; x_wconf 80' lang='grc' dir='ltr'>παρα·</span> 
     </span>
    </p>
   </div>
   <div class='ocr_carea' id='block_1_53' title="bbox 233 3456 1835 3528">
    <p class='ocr_par' dir='ltr' id='par_1_53' title="bbox 233 3456 1835 3528">
     <span class='ocr_line' id='line_1_53' title="bbox 233 3456 1835 3528; baseline -0.002 -15"><span class='ocrx_word' id='word_1_388' title='bbox 233 3457 650 3513; x_wconf 78' lang='grc' dir='ltr'>κατατίθεσθαι.</span> <span class='ocrx_word' id='word_1_389' title='bbox 691 3476 710 3509; x_wconf 79' lang='grc' dir='ltr'><strong>ι</strong></span> <span class='ocrx_word' id='word_1_390' title='bbox 744 3458 1071 3528; x_wconf 80' lang='grc' dir='ltr'>’Λνεφέρετο</span> <span class='ocrx_word' id='word_1_391' title='bbox 1132 3458 1186 3510; x_wconf 70' lang='grc' dir='ltr'>δὲ</span> <span class='ocrx_word' id='word_1_392' title='bbox 1246 3459 1323 3521; x_wconf 87' lang='grc' dir='ltr'><strong>είς</strong></span> <span class='ocrx_word' id='word_1_393' title='bbox 1360 3457 1451 3510; x_wconf 81' lang='grc' dir='ltr'>τὸν</span> <span class='ocrx_word' id='word_1_394' title='bbox 1512 3456 1766 3527; x_wconf 83' lang='grc' dir='ltr'>οὐρανόν.</span> <span class='ocrx_word' id='word_1_395' title='bbox 1816 3476 1835 3509; x_wconf 80' lang='grc' dir='ltr'><strong>ι</strong></span> 
     </span>
    </p>
   </div>
   <div class='ocr_carea' id='block_1_54' title="bbox 242 3550 1825 3622">
    <p class='ocr_par' dir='ltr' id='par_1_54' title="bbox 242 3550 1825 3622">
     <span class='ocr_line' id='line_1_54' title="bbox 242 3550 1825 3622; baseline 0 -19"><span class='ocrx_word' id='word_1_396' title='bbox 242 3550 432 3615; x_wconf 79' lang='grc' dir='ltr'>Ἠλίας</span> <span class='ocrx_word' id='word_1_397' title='bbox 464 3552 563 3621; x_wconf 78' lang='grc' dir='ltr'><strong>μὲν</strong></span> <span class='ocrx_word' id='word_1_398' title='bbox 591 3553 721 3622; x_wconf 79' lang='grc' dir='ltr'><strong>γάρ,</strong></span> <span class='ocrx_word' id='word_1_399' title='bbox 780 3550 869 3613; x_wconf 86' lang='grc' dir='ltr'>Ὠς</span> <span class='ocrx_word' id='word_1_400' title='bbox 902 3552 982 3613; x_wconf 83' lang='grc' dir='ltr'><strong>εἰς</strong></span> <span class='ocrx_word' id='word_1_401' title='bbox 1018 3550 1252 3620; x_wconf 77' lang='grc' dir='ltr'>οὐρανόν</span> <span class='ocrx_word' id='word_1_402' title='bbox 1278 3567 1293 3580; x_wconf 68' lang='grc'><strong><em>⁵</em></strong></span> <span class='ocrx_word' id='word_1_403' title='bbox 1346 3550 1551 3603; x_wconf 74' lang='grc' dir='ltr'>ὡσανεὶ</span> <span class='ocrx_word' id='word_1_404' title='bbox 1580 3550 1690 3621; x_wconf 73' lang='grc' dir='ltr'>γὰρ</span> <span class='ocrx_word' id='word_1_405' title='bbox 1724 3550 1825 3603; x_wconf 83' lang='grc' dir='ltr'>ἐδό-</span> 
     </span>
    </p>
   </div>
   <div class='ocr_carea' id='block_1_55' title="bbox 230 3639 1839 3713">
    <p class='ocr_par' dir='ltr' id='par_1_55' title="bbox 230 3639 1839 3713">
     <span class='ocr_line' id='line_1_55' title="bbox 230 3639 1839 3713; baseline -0.002 -17"><span class='ocrx_word' id='word_1_406' title='bbox 230 3657 324 3696; x_wconf 76' lang='grc' dir='ltr'>κει</span> <span class='ocrx_word' id='word_1_407' title='bbox 357 3643 438 3705; x_wconf 87' lang='grc' dir='ltr'><strong>είς</strong></span> <span class='ocrx_word' id='word_1_408' title='bbox 479 3642 713 3713; x_wconf 81' lang='grc' dir='ltr'>οὐρανὸν</span> <span class='ocrx_word' id='word_1_409' title='bbox 763 3639 1171 3712; x_wconf 63' lang='grc' dir='ltr'>ἀναφέρεσθαι·</span> <span class='ocrx_word' id='word_1_410' title='bbox 1215 3642 1242 3693; x_wconf 86' lang='grc' dir='ltr'>ὁ</span> <span class='ocrx_word' id='word_1_411' title='bbox 1284 3640 1341 3693; x_wconf 87' lang='grc' dir='ltr'><strong>δέ</strong></span> <span class='ocrx_word' id='word_1_412' title='bbox 1386 3640 1580 3709; x_wconf 85' lang='grc' dir='ltr'>Σωτὴρ</span> <span class='ocrx_word' id='word_1_413' title='bbox 1624 3643 1703 3705; x_wconf 86' lang='grc' dir='ltr'><strong>είς</strong></span> <span class='ocrx_word' id='word_1_414' title='bbox 1747 3640 1839 3693; x_wconf 87' lang='grc' dir='ltr'><strong>τὸν</strong></span> 
     </span>
    </p>
   </div>
   <div class='ocr_carea' id='block_1_56' title="bbox 226 3733 1839 3805">
    <p class='ocr_par' dir='ltr' id='par_1_56' title="bbox 226 3733 1839 3805">
     <span class='ocr_line' id='line_1_56' title="bbox 226 3733 1839 3805; baseline -0.001 -16"><span class='ocrx_word' id='word_1_415' title='bbox 226 3736 464 3805; x_wconf 73' lang='grc' dir='ltr'>οὐρανὸν</span> <span class='ocrx_word' id='word_1_416' title='bbox 506 3735 673 3787; x_wconf 77' lang='grc' dir='ltr'>αὑτὸν</span> <span class='ocrx_word' id='word_1_417' title='bbox 714 3734 1023 3805; x_wconf 86' lang='grc' dir='ltr'>πρόδρομος</span> <span class='ocrx_word' id='word_1_418' title='bbox 1068 3734 1291 3787; x_wconf 87' lang='grc' dir='ltr'>πάντων</span> <span class='ocrx_word' id='word_1_419' title='bbox 1333 3733 1653 3804; x_wconf 78' lang='grc' dir='ltr'>ἀνελήλυθε,</span> <span class='ocrx_word' id='word_1_420' title='bbox 1697 3733 1839 3804; x_wconf 84' lang='grc' dir='ltr'><strong>μετά</strong></span> 
     </span>
    </p>
   </div>
   <div class='ocr_carea' id='block_1_57' title="bbox 226 3822 1837 3897">
    <p class='ocr_par' dir='ltr' id='par_1_57' title="bbox 226 3822 1837 3897">
     <span class='ocr_line' id='line_1_57' title="bbox 226 3822 1837 3897; baseline 0 -19"><span class='ocrx_word' id='word_1_421' title='bbox 226 3825 329 3897; x_wconf 65' lang='grc' dir='ltr'><strong>τῆς</strong></span> <span class='ocrx_word' id='word_1_422' title='bbox 360 3824 522 3893; x_wconf 86' lang='grc' dir='ltr'>ἀγίας</span> <span class='ocrx_word' id='word_1_423' title='bbox 546 3824 750 3895; x_wconf 81' lang='grc' dir='ltr'>σαρκὸς</span> <span class='ocrx_word' id='word_1_424' title='bbox 798 3822 964 3877; x_wconf 86' lang='grc' dir='ltr'>αὐτοῦ</span> <span class='ocrx_word' id='word_1_425' title='bbox 994 3824 1400 3895; x_wconf 80' lang='grc' dir='ltr'>ἐμφανισθῆναι</span> <span class='ocrx_word' id='word_1_426' title='bbox 1440 3824 1518 3896; x_wconf 85' lang='grc' dir='ltr'>τῷ</span> <span class='ocrx_word' id='word_1_427' title='bbox 1555 3824 1837 3897; x_wconf 83' lang='grc' dir='ltr'>προσώπῳ</span> 
     </span>
    </p>
   </div>
   <div class='ocr_carea' id='block_1_58' title="bbox 224 3915 1831 3990">
    <p class='ocr_par' dir='ltr' id='par_1_58' title="bbox 224 3915 1831 3990">
     <span class='ocr_line' id='line_1_58' title="bbox 224 3915 1831 3990; baseline 0.001 -20"><span class='ocrx_word' id='word_1_428' title='bbox 224 3916 326 3971; x_wconf 88' lang='grc' dir='ltr'><strong>τοῦ</strong></span> <span class='ocrx_word' id='word_1_429' title='bbox 358 3916 518 3981; x_wconf 83' lang='grc' dir='ltr'>Θεοῦ,</span> <span class='ocrx_word' id='word_1_430' title='bbox 556 3923 652 3975; x_wconf 70' lang='grc' dir='ltr'><strong>καὶ</strong></span> <span class='ocrx_word' id='word_1_431' title='bbox 695 3915 955 3988; x_wconf 82' lang='grc' dir='ltr'>σύνεδρον</span> <span class='ocrx_word' id='word_1_432' title='bbox 982 3918 1155 3988; x_wconf 80' lang='grc' dir='ltr'>αὐτὴν</span> <span class='ocrx_word' id='word_1_433' title='bbox 1200 3916 1479 3983; x_wconf 81' lang='grc' dir='ltr'>ἀποδεῖξαι</span> <span class='ocrx_word' id='word_1_434' title='bbox 1523 3918 1604 3989; x_wconf 81' lang='grc' dir='ltr'>τῷ</span> <span class='ocrx_word' id='word_1_435' title='bbox 1634 3919 1831 3990; x_wconf 83' lang='grc' dir='ltr'>Ιιατρί.</span> 
     </span>
    </p>
   </div>
   <div class='ocr_carea' id='block_1_59' title="bbox 227 4007 1834 4082">
    <p class='ocr_par' dir='ltr' id='par_1_59' title="bbox 227 4007 1834 4082">
     <span class='ocr_line' id='line_1_59' title="bbox 227 4007 1834 4082; baseline 0.001 -21"><span class='ocrx_word' id='word_1_436' title='bbox 227 4008 345 4062; x_wconf 72' lang='grc' dir='ltr'><strong>Καὶ</strong></span> <span class='ocrx_word' id='word_1_437' title='bbox 378 4008 473 4061; x_wconf 87' lang='grc' dir='ltr'><strong>νῦν</strong></span> <span class='ocrx_word' id='word_1_438' title='bbox 502 4009 894 4077; x_wconf 76' lang='grc' dir='ltr'>προσκυνεῖται</span> <span class='ocrx_word' id='word_1_439' title='bbox 929 4008 962 4078; x_wconf 83' lang='grc' dir='ltr'><strong>ή</strong></span> <span class='ocrx_word' id='word_1_440' title='bbox 999 4007 1160 4077; x_wconf 83' lang='grc' dir='ltr'>φύσις</span> <span class='ocrx_word' id='word_1_441' title='bbox 1193 4008 1352 4078; x_wconf 76' lang='grc' dir='ltr'>ἡμῶν</span> <span class='ocrx_word' id='word_1_442' title='bbox 1384 4010 1441 4062; x_wconf 87' lang='grc' dir='ltr'><strong>ἐν</strong></span> <span class='ocrx_word' id='word_1_443' title='bbox 1469 4009 1694 4082; x_wconf 83' lang='grc' dir='ltr'>Χριστῷ</span> <span class='ocrx_word' id='word_1_444' title='bbox 1729 4010 1834 4063; x_wconf 82' lang='grc' dir='ltr'><strong>ὑπὸ</strong></span> 
     </span>
    </p>
   </div>
   <div class='ocr_carea' id='block_1_60' title="bbox 228 4101 1834 4175">
    <p class='ocr_par' dir='ltr' id='par_1_60' title="bbox 228 4101 1834 4175">
     <span class='ocr_line' id='line_1_60' title="bbox 228 4101 1834 4175; baseline 0.001 -18"><span class='ocrx_word' id='word_1_445' title='bbox 228 4103 413 4172; x_wconf 76' lang='grc' dir='ltr'>πάσης</span> <span class='ocrx_word' id='word_1_446' title='bbox 445 4101 750 4172; x_wconf 80' lang='grc' dir='ltr'>ἀγγελικῆς</span> <span class='ocrx_word' id='word_1_447' title='bbox 786 4101 1092 4173; x_wconf 81' lang='grc' dir='ltr'>δυνάμεως.</span> <span class='ocrx_word' id='word_1_448' title='bbox 1133 4119 1151 4152; x_wconf 81' lang='grc' dir='ltr'><strong>ι</strong></span> <span class='ocrx_word' id='word_1_449' title='bbox 1192 4102 1359 4156; x_wconf 76' lang='grc' dir='ltr'>Αὐτοὶ</span> <span class='ocrx_word' id='word_1_450' title='bbox 1393 4102 1449 4156; x_wconf 79' lang='grc' dir='ltr'><strong>δέ</strong></span> <span class='ocrx_word' id='word_1_451' title='bbox 1479 4103 1834 4175; x_wconf 78' lang='grc' dir='ltr'>ὑπέστρεψαν</span> 
     </span>
    </p>
   </div>
   <div class='ocr_carea' id='block_1_61' title="bbox 228 4189 1835 4269">
    <p class='ocr_par' dir='ltr' id='par_1_61' title="bbox 228 4189 1835 4269">
     <span class='ocr_line' id='line_1_61' title="bbox 228 4189 1835 4269; baseline 0.002 -22"><span class='ocrx_word' id='word_1_452' title='bbox 228 4194 374 4265; x_wconf 84' lang='grc' dir='ltr'><strong>μετά</strong></span> <span class='ocrx_word' id='word_1_453' title='bbox 418 4194 595 4265; x_wconf 75' lang='grc' dir='ltr'>χαρᾶς</span> <span class='ocrx_word' id='word_1_454' title='bbox 644 4194 911 4265; x_wconf 85' lang='grc' dir='ltr'>μεγάλης,</span> <span class='ocrx_word' id='word_1_455' title='bbox 961 4194 1058 4247; x_wconf 69' lang='grc' dir='ltr'><strong>καὶ</strong></span> <span class='ocrx_word' id='word_1_456' title='bbox 1106 4189 1250 4264; x_wconf 76' lang='grc' dir='ltr'>ἦσαν</span> <span class='ocrx_word' id='word_1_457' title='bbox 1286 4194 1373 4249; x_wconf 83' lang='grc' dir='ltr'>διὰ</span> <span class='ocrx_word' id='word_1_458' title='bbox 1420 4194 1622 4259; x_wconf 77' lang='grc' dir='ltr'>παντὸς</span> <span class='ocrx_word' id='word_1_459' title='bbox 1658 4198 1716 4249; x_wconf 82' lang='grc' dir='ltr'>ὲν</span> <span class='ocrx_word' id='word_1_460' title='bbox 1759 4196 1835 4269; x_wconf 82' lang='grc' dir='ltr'>τῷ</span> 
     </span>
    </p>
   </div>
   <div class='ocr_carea' id='block_1_62' title="bbox 226 4286 1836 4359">
    <p class='ocr_par' dir='ltr' id='par_1_62' title="bbox 226 4286 1836 4359">
     <span class='ocr_line' id='line_1_62' title="bbox 226 4286 1836 4359; baseline 0.004 -21"><span class='ocrx_word' id='word_1_461' title='bbox 226 4286 382 4357; x_wconf 71' lang='grc' dir='ltr'>ἱερῷ.</span> <span class='ocrx_word' id='word_1_462' title='bbox 419 4305 437 4338; x_wconf 76' lang='grc' dir='ltr'><strong>ι</strong></span> <span class='ocrx_word' id='word_1_463' title='bbox 482 4288 649 4358; x_wconf 76' lang='grc' dir='ltr'>Ὀρᾷς</span> <span class='ocrx_word' id='word_1_464' title='bbox 676 4286 915 4359; x_wconf 81' lang='grc' dir='ltr'>ἀρετήν;</span> <span class='ocrx_word' id='word_1_465' title='bbox 952 4286 1123 4340; x_wconf 71' lang='grc' dir='ltr'>Οὔπω</span> <span class='ocrx_word' id='word_1_466' title='bbox 1151 4286 1213 4340; x_wconf 80' lang='grc' dir='ltr'><strong>τὸ</strong></span> <span class='ocrx_word' id='word_1_467' title='bbox 1244 4287 1496 4359; x_wconf 82' lang='grc' dir='ltr'>Πνεῦμα,</span> <span class='ocrx_word' id='word_1_468' title='bbox 1543 4290 1639 4343; x_wconf 75' lang='grc' dir='ltr'>καὶ</span> <span class='ocrx_word' id='word_1_469' title='bbox 1670 4307 1836 4344; x_wconf 88' lang='grc' dir='ltr'>πνευ-</span> 
     </span>
    </p>
   </div>
   <div class='ocr_carea' id='block_1_63' title="bbox 228 4378 1830 4456">
    <p class='ocr_par' dir='ltr' id='par_1_63' title="bbox 228 4378 1830 4456">
     <span class='ocr_line' id='line_1_63' title="bbox 228 4378 1830 4456; baseline 0.004 -25"><span class='ocrx_word' id='word_1_470' title='bbox 228 4379 480 4449; x_wconf 75' lang='grc' dir='ltr'>ματικῶς</span> <span class='ocrx_word' id='word_1_471' title='bbox 529 4379 801 4448; x_wconf 89' lang='grc' dir='ltr'>διάγουσι.</span> <span class='ocrx_word' id='word_1_472' title='bbox 850 4380 914 4432; x_wconf 88' lang='grc' dir='ltr'>Οἱ</span> <span class='ocrx_word' id='word_1_473' title='bbox 961 4379 1070 4451; x_wconf 73' lang='grc' dir='ltr'>γὰρ</span> <span class='ocrx_word' id='word_1_474' title='bbox 1109 4378 1499 4450; x_wconf 79' lang='grc' dir='ltr'>κεκλεισμένοι</span> <span class='ocrx_word' id='word_1_475' title='bbox 1536 4384 1830 4456; x_wconf 86' lang='grc' dir='ltr'>πρότερον,</span> 
     </span>
    </p>
   </div>
   <div class='ocr_carea' id='block_1_64' title="bbox 224 4471 1832 4543">
    <p class='ocr_par' dir='ltr' id='par_1_64' title="bbox 224 4471 1832 4543">
     <span class='ocr_line' id='line_1_64' title="bbox 224 4471 1832 4543; baseline 0.004 -18"><span class='ocrx_word' id='word_1_476' title='bbox 224 4471 324 4525; x_wconf 89' lang='grc' dir='ltr'><strong>νῦν</strong></span> <span class='ocrx_word' id='word_1_477' title='bbox 354 4474 411 4528; x_wconf 89' lang='grc' dir='ltr'><strong>ἐν</strong></span> <span class='ocrx_word' id='word_1_478' title='bbox 445 4474 631 4543; x_wconf 72' lang='grc' dir='ltr'>μέσοις</span> <span class='ocrx_word' id='word_1_479' title='bbox 656 4473 769 4535; x_wconf 81' lang='grc' dir='ltr'>τοῖς</span> <span class='ocrx_word' id='word_1_480' title='bbox 793 4472 1111 4542; x_wconf 80' lang='grc' dir='ltr'>ἀρχιερεῦσι</span> <span class='ocrx_word' id='word_1_481' title='bbox 1139 4473 1413 4542; x_wconf 84' lang='grc' dir='ltr'>διάγουσι,</span> <span class='ocrx_word' id='word_1_482' title='bbox 1446 4474 1544 4527; x_wconf 73' lang='grc' dir='ltr'><strong>καὶ</strong></span> <span class='ocrx_word' id='word_1_483' title='bbox 1578 4476 1735 4531; x_wconf 81' lang='grc' dir='ltr'>οὐδὲν</span> <span class='ocrx_word' id='word_1_484' title='bbox 1771 4481 1832 4532; x_wconf 84' lang='grc' dir='ltr'><strong>ἐν</strong></span> 
     </span>
    </p>
   </div>
   <div class='ocr_carea' id='block_1_65' title="bbox 1956 2067 3579 2140">
    <p class='ocr_par' dir='ltr' id='par_1_65' title="bbox 1956 2067 3579 2140">
     <span class='ocr_line' id='line_1_65' title="bbox 1956 2067 3579 2140; baseline -0.001 -15"><span class='ocrx_word' id='word_1_485' title='bbox 1956 2074 2205 2140; x_wconf 84' lang='lat' dir='ltr'><strong>usqueln</strong></span> <span class='ocrx_word' id='word_1_486' title='bbox 2238 2070 2581 2125; x_wconf 86' lang='lat' dir='ltr'><strong>Bcthaniam.</strong></span> <span class='ocrx_word' id='word_1_487' title='bbox 2624 2088 2642 2122; x_wconf 75' lang='grc' dir='ltr'><strong>ι</strong></span> <span class='ocrx_word' id='word_1_488' title='bbox 2679 2067 2795 2125; x_wconf 79' lang='lat' dir='ltr'><strong>Hoc</strong></span> <span class='ocrx_word' id='word_1_489' title='bbox 2825 2068 3189 2138; x_wconf 77' lang='lat' dir='ltr'><strong>intelligamus</strong></span> <span class='ocrx_word' id='word_1_490' title='bbox 3219 2068 3275 2123; x_wconf 90' lang='lat' dir='ltr'><strong>in</strong></span> <span class='ocrx_word' id='word_1_491' title='bbox 3310 2069 3396 2124; x_wconf 90' lang='lat' dir='ltr'><strong>die</strong></span> <span class='ocrx_word' id='word_1_492' title='bbox 3435 2083 3579 2139; x_wconf 77' lang='lat' dir='ltr'><strong>qua-</strong></span> 
     </span>
    </p>
   </div>
   <div class='ocr_carea' id='block_1_66' title="bbox 1955 2160 3571 2232">
    <p class='ocr_par' dir='ltr' id='par_1_66' title="bbox 1955 2160 3571 2232">
     <span class='ocr_line' id='line_1_66' title="bbox 1955 2160 3571 2232; baseline -0.002 -14"><span class='ocrx_word' id='word_1_493' title='bbox 1955 2162 2266 2232; x_wconf 78' lang='lat' dir='ltr'><strong>dragesimo</strong></span> <span class='ocrx_word' id='word_1_494' title='bbox 2299 2160 2503 2217; x_wconf 87' lang='lat' dir='ltr'><strong>factum</strong></span> <span class='ocrx_word' id='word_1_495' title='bbox 2541 2176 2685 2217; x_wconf 88' lang='lat' dir='ltr'><strong>esse.</strong></span> <span class='ocrx_word' id='word_1_496' title='bbox 2724 2161 2855 2226; x_wconf 76' lang='lat' dir='ltr'><strong>Qua:</strong></span> <span class='ocrx_word' id='word_1_497' title='bbox 2887 2163 3038 2215; x_wconf 89' lang='lat' dir='ltr'><strong>enim</strong></span> <span class='ocrx_word' id='word_1_498' title='bbox 3077 2160 3151 2215; x_wconf 90' lang='lat' dir='ltr'><strong>illi</strong></span> <span class='ocrx_word' id='word_1_499' title='bbox 3204 2160 3455 2216; x_wconf 87' lang='lat' dir='ltr'><strong>breviter</strong></span> <span class='ocrx_word' id='word_1_500' title='bbox 3485 2162 3571 2217; x_wconf 82' lang='lat' dir='ltr'><strong>di-</strong></span> 
     </span>
    </p>
   </div>
   <div class='ocr_carea' id='block_1_67' title="bbox 1954 2253 3575 2325">
    <p class='ocr_par' dir='ltr' id='par_1_67' title="bbox 1954 2253 3575 2325">
     <span class='ocr_line' id='line_1_67' title="bbox 1954 2253 3575 2325; baseline -0.001 -14"><span class='ocrx_word' id='word_1_501' title='bbox 1954 2267 2105 2320; x_wconf 88' lang='lat' dir='ltr'><strong>cunt,</strong></span> <span class='ocrx_word' id='word_1_502' title='bbox 2141 2267 2195 2311; x_wconf 90' lang='lat' dir='ltr'><strong>tu</strong></span> <span class='ocrx_word' id='word_1_503' title='bbox 2227 2256 2283 2310; x_wconf 91' lang='lat' dir='ltr'><strong>in</strong></span> <span class='ocrx_word' id='word_1_504' title='bbox 2333 2256 2520 2310; x_wconf 89' lang='lat' dir='ltr'><strong>multis</strong></span> <span class='ocrx_word' id='word_1_505' title='bbox 2548 2257 2742 2309; x_wconf 85' lang='lat' dir='ltr'><strong>diebus</strong></span> <span class='ocrx_word' id='word_1_506' title='bbox 2773 2254 2914 2307; x_wconf 84' lang='lat' dir='ltr'><strong>facta</strong></span> <span class='ocrx_word' id='word_1_507' title='bbox 2950 2268 3071 2308; x_wconf 89' lang='lat' dir='ltr'><strong>esse</strong></span> <span class='ocrx_word' id='word_1_508' title='bbox 3104 2253 3351 2325; x_wconf 77' lang='lat' dir='ltr'><strong>iutcllige</strong></span> <span class='ocrx_word' id='word_1_509' title='bbox 3383 2273 3397 2309; x_wconf 85' lang='lat'><strong>:</strong></span> <span class='ocrx_word' id='word_1_510' title='bbox 3426 2255 3575 2311; x_wconf 84' lang='lat' dir='ltr'><strong>sicut</strong></span> 
     </span>
    </p>
   </div>
   <div class='ocr_carea' id='block_1_68' title="bbox 1954 2346 3571 2420">
    <p class='ocr_par' dir='ltr' id='par_1_68' title="bbox 1954 2346 3571 2420">
     <span class='ocr_line' id='line_1_68' title="bbox 1954 2346 3571 2420; baseline -0.002 -14"><span class='ocrx_word' id='word_1_511' title='bbox 1954 2361 2010 2406; x_wconf 89' lang='lat' dir='ltr'><strong>et</strong></span> <span class='ocrx_word' id='word_1_512' title='bbox 2054 2350 2170 2419; x_wconf 91' lang='lat' dir='ltr'><strong>ipse</strong></span> <span class='ocrx_word' id='word_1_513' title='bbox 2204 2348 2382 2405; x_wconf 88' lang='lat' dir='ltr'><strong>Lucas</strong></span> <span class='ocrx_word' id='word_1_514' title='bbox 2427 2350 2479 2403; x_wconf 93' lang='lat' dir='ltr'><strong>in</strong></span> <span class='ocrx_word' id='word_1_515' title='bbox 2512 2348 2663 2402; x_wconf 78' lang='lat' dir='ltr'><strong>Actis</strong></span> <span class='ocrx_word' id='word_1_516' title='bbox 2704 2346 2839 2403; x_wconf 90' lang='lat' dir='ltr'><strong>dicit</strong></span> <span class='ocrx_word' id='word_1_517' title='bbox 2884 2349 3031 2418; x_wconf 90' lang='lat' dir='ltr'><strong>quod</strong></span> <span class='ocrx_word' id='word_1_518' title='bbox 3074 2363 3172 2418; x_wconf 86' lang='lat' dir='ltr'><strong>per</strong></span> <span class='ocrx_word' id='word_1_519' title='bbox 3205 2348 3571 2420; x_wconf 76' lang='lat' dir='ltr'><strong>quadraginta</strong></span> 
     </span>
    </p>
   </div>
   <div class='ocr_carea' id='block_1_69' title="bbox 1957 2438 3572 2508">
    <p class='ocr_par' dir='ltr' id='par_1_69' title="bbox 1957 2438 3572 2508">
     <span class='ocr_line' id='line_1_69' title="bbox 1957 2438 3572 2508; baseline -0.002 -10"><span class='ocrx_word' id='word_1_520' title='bbox 1957 2444 2076 2498; x_wconf 89' lang='lat' dir='ltr'><strong>dies</strong></span> <span class='ocrx_word' id='word_1_521' title='bbox 2106 2442 2253 2497; x_wconf 86' lang='lat' dir='ltr'><strong>visus</strong></span> <span class='ocrx_word' id='word_1_522' title='bbox 2293 2442 2365 2497; x_wconf 88' lang='lat' dir='ltr'><strong>sit</strong></span> <span class='ocrx_word' id='word_1_523' title='bbox 2394 2441 2474 2497; x_wconf 86' lang='lat' dir='ltr'><strong>eis</strong></span> <span class='ocrx_word' id='word_1_524' title='bbox 2497 2441 2565 2495; x_wconf 83' lang='lat'><strong>“.</strong></span> <span class='ocrx_word' id='word_1_525' title='bbox 2627 2438 2784 2508; x_wconf 63' lang='lat' dir='ltr'><strong>Saepe</strong></span> <span class='ocrx_word' id='word_1_526' title='bbox 2819 2440 2962 2495; x_wconf 88' lang='lat' dir='ltr'><strong>enim</strong></span> <span class='ocrx_word' id='word_1_527' title='bbox 2995 2438 3064 2495; x_wconf 75' lang='lat' dir='ltr'><strong>ad</strong></span> <span class='ocrx_word' id='word_1_528' title='bbox 3090 2454 3185 2495; x_wconf 88' lang='lat' dir='ltr'><strong>eos</strong></span> <span class='ocrx_word' id='word_1_529' title='bbox 3216 2442 3472 2508; x_wconf 86' lang='lat' dir='ltr'><strong>acces-it,</strong></span> <span class='ocrx_word' id='word_1_530' title='bbox 3514 2448 3572 2496; x_wconf 88' lang='lat' dir='ltr'><strong>et</strong></span> 
     </span>
    </p>
   </div>
   <div class='ocr_carea' id='block_1_70' title="bbox 1953 2531 3569 2603">
    <p class='ocr_par' dir='ltr' id='par_1_70' title="bbox 1953 2531 3569 2603">
     <span class='ocr_line' id='line_1_70' title="bbox 1953 2531 3569 2603; baseline -0.001 -13"><span class='ocrx_word' id='word_1_531' title='bbox 1953 2536 2022 2590; x_wconf 69' lang='lat' dir='ltr'><strong>ali</strong></span> <span class='ocrx_word' id='word_1_532' title='bbox 2055 2536 2133 2589; x_wconf 90' lang='lat' dir='ltr'><strong>eis</strong></span> <span class='ocrx_word' id='word_1_533' title='bbox 2159 2534 2355 2589; x_wconf 89' lang='lat' dir='ltr'><strong>iterum</strong></span> <span class='ocrx_word' id='word_1_534' title='bbox 2382 2532 2671 2589; x_wconf 85' lang='lat' dir='ltr'><strong>abscessit.</strong></span> <span class='ocrx_word' id='word_1_535' title='bbox 2711 2531 2997 2588; x_wconf 86' lang='lat' dir='ltr'><strong>Benedicit</strong></span> <span class='ocrx_word' id='word_1_536' title='bbox 3027 2541 3213 2587; x_wconf 86' lang='lat' dir='ltr'><strong>autem</strong></span> <span class='ocrx_word' id='word_1_537' title='bbox 3244 2532 3569 2603; x_wconf 85' lang='lat' dir='ltr'><strong>discipulos.</strong></span> 
     </span>
    </p>
   </div>
   <div class='ocr_carea' id='block_1_71' title="bbox 1955 2624 3568 2695">
    <p class='ocr_par' dir='ltr' id='par_1_71' title="bbox 1955 2624 3568 2695">
     <span class='ocr_line' id='line_1_71' title="bbox 1955 2624 3568 2695; baseline 0.001 -15"><span class='ocrx_word' id='word_1_538' title='bbox 1955 2626 2205 2681; x_wconf 80' lang='lat' dir='ltr'><strong>fortassis</strong></span> <span class='ocrx_word' id='word_1_539' title='bbox 2245 2624 2539 2680; x_wconf 79' lang='lat' dir='ltr'><strong>infundens</strong></span> <span class='ocrx_word' id='word_1_540' title='bbox 2586 2625 2666 2679; x_wconf 86' lang='lat' dir='ltr'><strong>eis</strong></span> <span class='ocrx_word' id='word_1_541' title='bbox 2710 2625 2821 2679; x_wconf 85' lang='lat' dir='ltr'><strong>vim</strong></span> <span class='ocrx_word' id='word_1_542' title='bbox 2863 2639 2987 2694; x_wconf 69' lang='lat' dir='ltr'><strong>quae</strong></span> <span class='ocrx_word' id='word_1_543' title='bbox 3040 2625 3346 2681; x_wconf 87' lang='lat' dir='ltr'><strong>custodiret</strong></span> <span class='ocrx_word' id='word_1_544' title='bbox 3394 2639 3568 2695; x_wconf 64' lang='lat' dir='ltr'><strong>usque</strong></span> 
     </span>
    </p>
   </div>
   <div class='ocr_carea' id='block_1_72' title="bbox 1954 2715 3572 2786">
    <p class='ocr_par' dir='ltr' id='par_1_72' title="bbox 1954 2715 3572 2786">
     <span class='ocr_line' id='line_1_72' title="bbox 1954 2715 3572 2786; baseline 0.001 -15"><span class='ocrx_word' id='word_1_545' title='bbox 1954 2720 2007 2771; x_wconf 91' lang='lat' dir='ltr'><strong>in</strong></span> <span class='ocrx_word' id='word_1_546' title='bbox 2035 2722 2331 2773; x_wconf 78' lang='lat' dir='ltr'><strong>adventum</strong></span> <span class='ocrx_word' id='word_1_547' title='bbox 2372 2715 2611 2786; x_wconf 87' lang='lat' dir='ltr'><strong>Spiritus</strong></span> <span class='ocrx_word' id='word_1_548' title='bbox 2656 2736 2669 2772; x_wconf 89' lang='lat'><strong>:</strong></span> <span class='ocrx_word' id='word_1_549' title='bbox 2718 2717 2971 2773; x_wconf 76' lang='lat' dir='ltr'><strong>fortassis</strong></span> <span class='ocrx_word' id='word_1_550' title='bbox 3015 2719 3179 2774; x_wconf 88' lang='lat' dir='ltr'><strong>etiam</strong></span> <span class='ocrx_word' id='word_1_551' title='bbox 3218 2733 3316 2773; x_wconf 92' lang='lat' dir='ltr'><strong>nos</strong></span> <span class='ocrx_word' id='word_1_552' title='bbox 3360 2717 3572 2774; x_wconf 88' lang='lat' dir='ltr'><strong>docens</strong></span> 
     </span>
    </p>
   </div>
   <div class='ocr_carea' id='block_1_73' title="bbox 1950 2809 3567 2880">
    <p class='ocr_par' dir='ltr' id='par_1_73' title="bbox 1950 2809 3567 2880">
     <span class='ocr_line' id='line_1_73' title="bbox 1950 2809 3567 2880; baseline 0.001 -16"><span class='ocrx_word' id='word_1_553' title='bbox 1950 2825 2076 2864; x_wconf 90' lang='lat' dir='ltr'><strong>cum</strong></span> <span class='ocrx_word' id='word_1_554' title='bbox 2123 2824 2352 2880; x_wconf 75' lang='lat' dir='ltr'><strong>peregre</strong></span> <span class='ocrx_word' id='word_1_555' title='bbox 2382 2810 2803 2880; x_wconf 76' lang='lat' dir='ltr'><strong>proﬁciscimur.</strong></span> <span class='ocrx_word' id='word_1_556' title='bbox 2840 2819 2899 2864; x_wconf 91' lang='lat' dir='ltr'><strong>ut</strong></span> <span class='ocrx_word' id='word_1_557' title='bbox 2926 2809 3376 2865; x_wconf 81' lang='lat' dir='ltr'><strong>commendemus</strong></span> <span class='ocrx_word' id='word_1_558' title='bbox 3410 2811 3567 2865; x_wconf 82' lang='lat' dir='ltr'><strong>nobis</strong></span> 
     </span>
    </p>
   </div>
   <div class='ocr_carea' id='block_1_74' title="bbox 1952 2902 3564 2958">
    <p class='ocr_par' dir='ltr' id='par_1_74' title="bbox 1952 2902 3564 2958">
     <span class='ocr_line' id='line_1_74' title="bbox 1952 2902 3564 2958; baseline 0.001 -1"><span class='ocrx_word' id='word_1_559' title='bbox 1952 2904 2202 2958; x_wconf 85' lang='lat' dir='ltr'><strong>subditos</strong></span> <span class='ocrx_word' id='word_1_560' title='bbox 2235 2902 2733 2958; x_wconf 70' lang='lat' dir='ltr'><strong>lienediCIionibus.</strong></span> <span class='ocrx_word' id='word_1_561' title='bbox 2773 2903 3078 2958; x_wconf 84' lang='lat' dir='ltr'><strong>Ferebatur</strong></span> <span class='ocrx_word' id='word_1_562' title='bbox 3121 2914 3305 2957; x_wconf 89' lang='lat' dir='ltr'><strong>autem</strong></span> <span class='ocrx_word' id='word_1_563' title='bbox 3345 2918 3564 2958; x_wconf 88' lang='lat' dir='ltr'><strong>sursum</strong></span> 
     </span>
    </p>
   </div>
   <div class='ocr_carea' id='block_1_75' title="bbox 1951 2994 3568 3067">
    <p class='ocr_par' dir='ltr' id='par_1_75' title="bbox 1951 2994 3568 3067">
     <span class='ocr_line' id='line_1_75' title="bbox 1951 2994 3568 3067; baseline 0.002 -17"><span class='ocrx_word' id='word_1_564' title='bbox 1951 2997 2007 3051; x_wconf 88' lang='lat' dir='ltr'><strong>in</strong></span> <span class='ocrx_word' id='word_1_565' title='bbox 2050 2996 2249 3049; x_wconf 70' lang='lat' dir='ltr'><strong>cwlum</strong></span> <span class='ocrx_word' id='word_1_566' title='bbox 2290 2994 2473 3050; x_wconf 82' lang='lat' dir='ltr'><strong>:Elias</strong></span> <span class='ocrx_word' id='word_1_567' title='bbox 2503 2998 2649 3051; x_wconf 87' lang='lat' dir='ltr'><strong>enim</strong></span> <span class='ocrx_word' id='word_1_568' title='bbox 2684 2998 2839 3067; x_wconf 84' lang='lat' dir='ltr'><strong>quasi</strong></span> <span class='ocrx_word' id='word_1_569' title='bbox 2883 2996 2935 3050; x_wconf 89' lang='lat' dir='ltr'><strong>in</strong></span> <span class='ocrx_word' id='word_1_570' title='bbox 2999 2996 3198 3051; x_wconf 66' lang='lat' dir='ltr'><strong>malum</strong></span> <span class='ocrx_word' id='word_1_571' title='bbox 3237 2995 3568 3067; x_wconf 67' lang='lat' dir='ltr'><strong>(videbatur</strong></span> 
     </span>
    </p>
   </div>
   <div class='ocr_carea' id='block_1_76' title="bbox 1948 3085 3563 3159">
    <p class='ocr_par' dir='ltr' id='par_1_76' title="bbox 1948 3085 3563 3159">
     <span class='ocr_line' id='line_1_76' title="bbox 1948 3085 3563 3159; baseline 0.001 -16"><span class='ocrx_word' id='word_1_572' title='bbox 1948 3090 2094 3143; x_wconf 90' lang='lat' dir='ltr'><strong>enim</strong></span> <span class='ocrx_word' id='word_1_573' title='bbox 2128 3087 2284 3157; x_wconf 86' lang='lat' dir='ltr'><strong>quasi</strong></span> <span class='ocrx_word' id='word_1_574' title='bbox 2318 3088 2372 3141; x_wconf 90' lang='lat' dir='ltr'><strong>in</strong></span> <span class='ocrx_word' id='word_1_575' title='bbox 2400 3088 2601 3143; x_wconf 65' lang='lat' dir='ltr'><strong>malum</strong></span> <span class='ocrx_word' id='word_1_576' title='bbox 2640 3086 2837 3159; x_wconf 82' lang='lat' dir='ltr'><strong>ferri),</strong></span> <span class='ocrx_word' id='word_1_577' title='bbox 2874 3085 2928 3141; x_wconf 71' lang='lat' dir='ltr'><strong>iit</strong></span> <span class='ocrx_word' id='word_1_578' title='bbox 2962 3088 3217 3143; x_wconf 76' lang='lat' dir='ltr'><strong>Salvator</strong></span> <span class='ocrx_word' id='word_1_579' title='bbox 3253 3092 3307 3143; x_wconf 88' lang='lat' dir='ltr'><strong>lu</strong></span> <span class='ocrx_word' id='word_1_580' title='bbox 3358 3089 3563 3157; x_wconf 66' lang='lat' dir='ltr'><strong>caelum</strong></span> 
     </span>
    </p>
   </div>
   <div class='ocr_carea' id='block_1_77' title="bbox 1952 3180 3560 3251">
    <p class='ocr_par' dir='ltr' id='par_1_77' title="bbox 1952 3180 3560 3251">
     <span class='ocr_line' id='line_1_77' title="bbox 1952 3180 3560 3251; baseline 0.001 -16"><span class='ocrx_word' id='word_1_581' title='bbox 1952 3184 2150 3251; x_wconf 89' lang='lat' dir='ltr'><strong>ipsum,</strong></span> <span class='ocrx_word' id='word_1_582' title='bbox 2179 3180 2493 3236; x_wconf 73' lang='lat' dir='ltr'><strong>l’mcursor</strong></span> <span class='ocrx_word' id='word_1_583' title='bbox 2524 3181 2790 3245; x_wconf 89' lang='lat' dir='ltr'><strong>omnium,</strong></span> <span class='ocrx_word' id='word_1_584' title='bbox 2822 3182 3096 3249; x_wconf 79' lang='lat' dir='ltr'><strong>ascendit,</strong></span> <span class='ocrx_word' id='word_1_585' title='bbox 3129 3190 3188 3236; x_wconf 87' lang='lat' dir='ltr'><strong>ut</strong></span> <span class='ocrx_word' id='word_1_586' title='bbox 3213 3195 3339 3237; x_wconf 87' lang='lat' dir='ltr'><strong>cum</strong></span> <span class='ocrx_word' id='word_1_587' title='bbox 3365 3193 3560 3237; x_wconf 82' lang='lat' dir='ltr'><strong>sancta</strong></span> 
     </span>
    </p>
   </div>
   <div class='ocr_carea' id='block_1_78' title="bbox 1948 3273 3559 3344">
    <p class='ocr_par' dir='ltr' id='par_1_78' title="bbox 1948 3273 3559 3344">
     <span class='ocr_line' id='line_1_78' title="bbox 1948 3273 3559 3344; baseline 0.001 -16"><span class='ocrx_word' id='word_1_588' title='bbox 1948 3290 2114 3329; x_wconf 82' lang='lat' dir='ltr'><strong>carne</strong></span> <span class='ocrx_word' id='word_1_589' title='bbox 2147 3290 2244 3328; x_wconf 54' lang='lat' dir='ltr'><strong>sua</strong></span> <span class='ocrx_word' id='word_1_590' title='bbox 2271 3284 2618 3343; x_wconf 83' lang='lat' dir='ltr'><strong>compareret</strong></span> <span class='ocrx_word' id='word_1_591' title='bbox 2642 3286 2769 3329; x_wconf 85' lang='lat' dir='ltr'><strong>ante</strong></span> <span class='ocrx_word' id='word_1_592' title='bbox 2800 3284 3162 3344; x_wconf 86' lang='lat' dir='ltr'><strong>conspectum</strong></span> <span class='ocrx_word' id='word_1_593' title='bbox 3200 3273 3320 3340; x_wconf 84' lang='lat' dir='ltr'><strong>Dei,</strong></span> <span class='ocrx_word' id='word_1_594' title='bbox 3356 3284 3411 3329; x_wconf 90' lang='lat' dir='ltr'><strong>et</strong></span> <span class='ocrx_word' id='word_1_595' title='bbox 3436 3289 3559 3330; x_wconf 89' lang='lat' dir='ltr'><strong>eam</strong></span> 
     </span>
    </p>
   </div>
   <div class='ocr_carea' id='block_1_79' title="bbox 1945 3366 3565 3423">
    <p class='ocr_par' dir='ltr' id='par_1_79' title="bbox 1945 3366 3565 3423">
     <span class='ocr_line' id='line_1_79' title="bbox 1945 3366 3565 3423; baseline -0.001 0"><span class='ocrx_word' id='word_1_596' title='bbox 1945 3377 2215 3423; x_wconf 84' lang='lat' dir='ltr'><strong>statueret</strong></span> <span class='ocrx_word' id='word_1_597' title='bbox 2247 3383 2373 3420; x_wconf 88' lang='lat' dir='ltr'><strong>cum</strong></span> <span class='ocrx_word' id='word_1_598' title='bbox 2401 3366 2567 3420; x_wconf 74' lang='lat' dir='ltr'><strong>Patre</strong></span> <span class='ocrx_word' id='word_1_599' title='bbox 2597 3368 2997 3422; x_wconf 82' lang='lat' dir='ltr'><strong>considentem.</strong></span> <span class='ocrx_word' id='word_1_600' title='bbox 3034 3367 3093 3420; x_wconf 87' lang='lat' dir='ltr'><strong>Et</strong></span> <span class='ocrx_word' id='word_1_601' title='bbox 3132 3382 3277 3422; x_wconf 88' lang='lat' dir='ltr'><strong>nunc</strong></span> <span class='ocrx_word' id='word_1_602' title='bbox 3302 3369 3565 3422; x_wconf 79' lang='lat' dir='ltr'><strong>aduratur</strong></span> 
     </span>
    </p>
   </div>
   <div class='ocr_carea' id='block_1_80' title="bbox 1947 3458 3551 3529">
    <p class='ocr_par' dir='ltr' id='par_1_80' title="bbox 1947 3458 3551 3529">
     <span class='ocr_line' id='line_1_80' title="bbox 1947 3458 3551 3529; baseline 0.002 -17"><span class='ocrx_word' id='word_1_603' title='bbox 1947 3469 2142 3513; x_wconf 64' lang='lat' dir='ltr'><strong>natura</strong></span> <span class='ocrx_word' id='word_1_604' title='bbox 2174 3469 2360 3513; x_wconf 88' lang='lat' dir='ltr'><strong>nostra</strong></span> <span class='ocrx_word' id='word_1_605' title='bbox 2404 3460 2455 3512; x_wconf 90' lang='lat' dir='ltr'><strong>in</strong></span> <span class='ocrx_word' id='word_1_606' title='bbox 2486 3458 2710 3514; x_wconf 86' lang='lat' dir='ltr'><strong>Christo</strong></span> <span class='ocrx_word' id='word_1_607' title='bbox 2740 3461 2808 3513; x_wconf 84' lang='lat' dir='ltr'><strong>ab</strong></span> <span class='ocrx_word' id='word_1_608' title='bbox 2837 3460 2985 3513; x_wconf 90' lang='lat' dir='ltr'><strong>omni</strong></span> <span class='ocrx_word' id='word_1_609' title='bbox 3039 3474 3158 3529; x_wconf 54' lang='lat' dir='ltr'><strong>angi</strong></span> <span class='ocrx_word' id='word_1_610' title='bbox 3184 3460 3285 3514; x_wconf 88' lang='lat' dir='ltr'><strong>lica</strong></span> <span class='ocrx_word' id='word_1_611' title='bbox 3324 3461 3551 3515; x_wconf 87' lang='lat' dir='ltr'><strong>virtute.</strong></span> 
     </span>
    </p>
   </div>
   <div class='ocr_carea' id='block_1_81' title="bbox 1946 3550 3562 3621">
    <p class='ocr_par' dir='ltr' id='par_1_81' title="bbox 1946 3550 3562 3621">
     <span class='ocr_line' id='line_1_81' title="bbox 1946 3550 3562 3621; baseline 0.001 -16"><span class='ocrx_word' id='word_1_612' title='bbox 1946 3550 2024 3605; x_wconf 89' lang='lat' dir='ltr'><strong>Illi</strong></span> <span class='ocrx_word' id='word_1_613' title='bbox 2066 3562 2245 3604; x_wconf 82' lang='lat' dir='ltr'><strong>autent</strong></span> <span class='ocrx_word' id='word_1_614' title='bbox 2274 3551 2475 3605; x_wconf 80' lang='lat' dir='ltr'><strong>reversi</strong></span> <span class='ocrx_word' id='word_1_615' title='bbox 2510 3561 2636 3605; x_wconf 88' lang='lat' dir='ltr'><strong>sunt</strong></span> <span class='ocrx_word' id='word_1_616' title='bbox 2667 3567 2789 3606; x_wconf 86' lang='lat' dir='ltr'><strong>cum</strong></span> <span class='ocrx_word' id='word_1_617' title='bbox 2827 3551 3026 3620; x_wconf 81' lang='lat' dir='ltr'><strong>gaudio</strong></span> <span class='ocrx_word' id='word_1_618' title='bbox 3056 3567 3273 3621; x_wconf 76' lang='lat' dir='ltr'><strong>magno,</strong></span> <span class='ocrx_word' id='word_1_619' title='bbox 3304 3564 3359 3606; x_wconf 90' lang='lat' dir='ltr'><strong>et</strong></span> <span class='ocrx_word' id='word_1_620' title='bbox 3401 3563 3562 3608; x_wconf 83' lang='lat' dir='ltr'><strong>erant</strong></span> 
     </span>
    </p>
   </div>
   <div class='ocr_carea' id='block_1_82' title="bbox 1943 3644 3563 3714">
    <p class='ocr_par' dir='ltr' id='par_1_82' title="bbox 1943 3644 3563 3714">
     <span class='ocr_line' id='line_1_82' title="bbox 1943 3644 3563 3714; baseline 0.002 -17"><span class='ocrx_word' id='word_1_621' title='bbox 1943 3657 2161 3712; x_wconf 85' lang='lat' dir='ltr'><strong>semper</strong></span> <span class='ocrx_word' id='word_1_622' title='bbox 2192 3644 2244 3696; x_wconf 91' lang='lat' dir='ltr'><strong>iu</strong></span> <span class='ocrx_word' id='word_1_623' title='bbox 2277 3644 2500 3714; x_wconf 88' lang='lat' dir='ltr'><strong>templo.</strong></span> <span class='ocrx_word' id='word_1_624' title='bbox 2540 3644 2700 3699; x_wconf 81' lang='lat' dir='ltr'><strong>Vides</strong></span> <span class='ocrx_word' id='word_1_625' title='bbox 2752 3644 3056 3701; x_wconf 80' lang='lat' dir='ltr'><strong>virtutem?</strong></span> <span class='ocrx_word' id='word_1_626' title='bbox 3097 3644 3349 3699; x_wconf 84' lang='lat' dir='ltr'><strong>Nondum</strong></span> <span class='ocrx_word' id='word_1_627' title='bbox 3382 3645 3563 3713; x_wconf 85' lang='lat' dir='ltr'><strong>Spiri-</strong></span> 
     </span>
    </p>
   </div>
   <div class='ocr_carea' id='block_1_83' title="bbox 1946 3736 3558 3809">
    <p class='ocr_par' dir='ltr' id='par_1_83' title="bbox 1946 3736 3558 3809">
     <span class='ocr_line' id='line_1_83' title="bbox 1946 3736 3558 3809; baseline 0.004 -20"><span class='ocrx_word' id='word_1_628' title='bbox 1946 3745 2031 3791; x_wconf 89' lang='lat' dir='ltr'><strong>tus</strong></span> <span class='ocrx_word' id='word_1_629' title='bbox 2054 3778 2067 3801; x_wconf 95' lang='lat'><strong>,</strong></span> <span class='ocrx_word' id='word_1_630' title='bbox 2104 3746 2159 3790; x_wconf 91' lang='lat' dir='ltr'><strong>et</strong></span> <span class='ocrx_word' id='word_1_631' title='bbox 2192 3736 2555 3804; x_wconf 88' lang='lat' dir='ltr'><strong>spiritualiter</strong></span> <span class='ocrx_word' id='word_1_632' title='bbox 2604 3738 2816 3793; x_wconf 88' lang='lat' dir='ltr'><strong>vivunt.</strong></span> <span class='ocrx_word' id='word_1_633' title='bbox 2854 3739 2957 3805; x_wconf 87' lang='lat' dir='ltr'><strong>Qui</strong></span> <span class='ocrx_word' id='word_1_634' title='bbox 2989 3740 3136 3793; x_wconf 89' lang='lat' dir='ltr'><strong>enim</strong></span> <span class='ocrx_word' id='word_1_635' title='bbox 3170 3744 3323 3809; x_wconf 87' lang='lat' dir='ltr'><strong>prius</strong></span> <span class='ocrx_word' id='word_1_636' title='bbox 3360 3741 3558 3796; x_wconf 85' lang='lat' dir='ltr'><strong>inclusi</strong></span> 
     </span>
    </p>
   </div>
   <div class='ocr_carea' id='block_1_84' title="bbox 1940 3830 3553 3901">
    <p class='ocr_par' dir='ltr' id='par_1_84' title="bbox 1940 3830 3553 3901">
     <span class='ocr_line' id='line_1_84' title="bbox 1940 3830 3553 3901; baseline 0.002 -18"><span class='ocrx_word' id='word_1_637' title='bbox 1940 3839 2120 3894; x_wconf 88' lang='lat' dir='ltr'><strong>erant,</strong></span> <span class='ocrx_word' id='word_1_638' title='bbox 2159 3845 2302 3883; x_wconf 90' lang='lat' dir='ltr'><strong>nunc</strong></span> <span class='ocrx_word' id='word_1_639' title='bbox 2333 3830 2478 3885; x_wconf 90' lang='lat' dir='ltr'><strong>inter</strong></span> <span class='ocrx_word' id='word_1_640' title='bbox 2507 3832 2719 3886; x_wconf 90' lang='lat' dir='ltr'><strong>medios</strong></span> <span class='ocrx_word' id='word_1_641' title='bbox 2759 3830 3049 3901; x_wconf 82' lang='lat' dir='ltr'><strong>pontifices</strong></span> <span class='ocrx_word' id='word_1_642' title='bbox 3076 3834 3287 3895; x_wconf 88' lang='lat' dir='ltr'><strong>vivunt,</strong></span> <span class='ocrx_word' id='word_1_643' title='bbox 3330 3841 3383 3886; x_wconf 91' lang='lat' dir='ltr'><strong>et</strong></span> <span class='ocrx_word' id='word_1_644' title='bbox 3413 3833 3553 3887; x_wconf 84' lang='lat' dir='ltr'><strong>nihil</strong></span> 
     </span>
    </p>
   </div>
   <div class='ocr_carea' id='block_1_85' title="bbox 1944 3920 3557 3996">
    <p class='ocr_par' dir='ltr' id='par_1_85' title="bbox 1944 3920 3557 3996">
     <span class='ocr_line' id='line_1_85' title="bbox 1944 3920 3557 3996; baseline 0.004 -23"><span class='ocrx_word' id='word_1_645' title='bbox 1944 3920 1999 3974; x_wconf 89' lang='lat' dir='ltr'><strong>in</strong></span> <span class='ocrx_word' id='word_1_646' title='bbox 2034 3923 2115 3977; x_wconf 90' lang='lat' dir='ltr'><strong>eis</strong></span> <span class='ocrx_word' id='word_1_647' title='bbox 2149 3923 2471 3994; x_wconf 88' lang='lat' dir='ltr'><strong>temporale,</strong></span> <span class='ocrx_word' id='word_1_648' title='bbox 2498 3926 2592 3979; x_wconf 90' lang='lat' dir='ltr'><strong>sed</strong></span> <span class='ocrx_word' id='word_1_649' title='bbox 2618 3924 2951 3993; x_wconf 88' lang='lat' dir='ltr'><strong>contemptis</strong></span> <span class='ocrx_word' id='word_1_650' title='bbox 2979 3926 3237 3979; x_wconf 81' lang='lat' dir='ltr'><strong>omnibus</strong></span> <span class='ocrx_word' id='word_1_651' title='bbox 3264 3926 3316 3978; x_wconf 91' lang='lat' dir='ltr'><strong>iu</strong></span> <span class='ocrx_word' id='word_1_652' title='bbox 3350 3927 3557 3996; x_wconf 86' lang='lat' dir='ltr'><strong>templo</strong></span> 
     </span>
    </p>
   </div>
   <div class='ocr_carea' id='block_1_86' title="bbox 1943 4015 3559 4085">
    <p class='ocr_par' dir='ltr' id='par_1_86' title="bbox 1943 4015 3559 4085">
     <span class='ocr_line' id='line_1_86' title="bbox 1943 4015 3559 4085; baseline 0.002 -17"><span class='ocrx_word' id='word_1_653' title='bbox 1943 4029 2166 4085; x_wconf 84' lang='lat' dir='ltr'><strong>semper</strong></span> <span class='ocrx_word' id='word_1_654' title='bbox 2202 4017 2372 4070; x_wconf 86' lang='lat' dir='ltr'><strong>Deum</strong></span> <span class='ocrx_word' id='word_1_655' title='bbox 2418 4016 2644 4071; x_wconf 86' lang='lat' dir='ltr'><strong>laudant</strong></span> <span class='ocrx_word' id='word_1_656' title='bbox 2670 4028 2725 4072; x_wconf 90' lang='lat' dir='ltr'><strong>et</strong></span> <span class='ocrx_word' id='word_1_657' title='bbox 2753 4016 3106 4073; x_wconf 89' lang='lat' dir='ltr'><strong>benedicunt.</strong></span> <span class='ocrx_word' id='word_1_658' title='bbox 3150 4015 3394 4083; x_wconf 88' lang='lat' dir='ltr'><strong>Quorum</strong></span> <span class='ocrx_word' id='word_1_659' title='bbox 3435 4020 3559 4072; x_wconf 85' lang='lat' dir='ltr'><strong>imi-</strong></span> 
     </span>
    </p>
   </div>
   <div class='ocr_carea' id='block_1_87' title="bbox 1942 4092 3555 4181">
    <p class='ocr_par' dir='ltr' id='par_1_87' title="bbox 1942 4092 3555 4181">
     <span class='ocr_line' id='line_1_87' title="bbox 1942 4092 3555 4181; baseline 0.004 -20"><span class='ocrx_word' id='word_1_660' title='bbox 1942 4092 2147 4163; x_wconf 76' lang='lat' dir='ltr'><strong>tatores</strong></span> <span class='ocrx_word' id='word_1_661' title='bbox 2172 4110 2336 4163; x_wconf 84' lang='lat' dir='ltr'><strong>etiam</strong></span> <span class='ocrx_word' id='word_1_662' title='bbox 2367 4125 2465 4165; x_wconf 80' lang='lat' dir='ltr'><strong>nos</strong></span> <span class='ocrx_word' id='word_1_663' title='bbox 2493 4108 2647 4176; x_wconf 87' lang='lat' dir='ltr'><strong>facti,</strong></span> <span class='ocrx_word' id='word_1_664' title='bbox 2675 4108 2728 4164; x_wconf 89' lang='lat' dir='ltr'><strong>in</strong></span> <span class='ocrx_word' id='word_1_665' title='bbox 2756 4110 2864 4165; x_wconf 85' lang='lat' dir='ltr'><strong>vita</strong></span> <span class='ocrx_word' id='word_1_666' title='bbox 2896 4120 3087 4165; x_wconf 83' lang='lat' dir='ltr'><strong>sancta</strong></span> <span class='ocrx_word' id='word_1_667' title='bbox 3117 4125 3335 4181; x_wconf 84' lang='lat' dir='ltr'><strong>semper</strong></span> <span class='ocrx_word' id='word_1_668' title='bbox 3358 4113 3555 4179; x_wconf 89' lang='lat' dir='ltr'><strong>simus,</strong></span> 
     </span>
    </p>
   </div>
   <div class='ocr_carea' id='block_1_88' title="bbox 1940 4199 3552 4273">
    <p class='ocr_par' dir='ltr' id='par_1_88' title="bbox 1940 4199 3552 4273">
     <span class='ocr_line' id='line_1_88' title="bbox 1940 4199 3552 4273; baseline 0.003 -20"><span class='ocrx_word' id='word_1_669' title='bbox 1940 4199 2230 4256; x_wconf 85' lang='lat' dir='ltr'><strong>laudantes</strong></span> <span class='ocrx_word' id='word_1_670' title='bbox 2272 4217 2368 4273; x_wconf 84' lang='lat' dir='ltr'><strong>per</strong></span> <span class='ocrx_word' id='word_1_671' title='bbox 2404 4202 2543 4257; x_wconf 80' lang='lat' dir='ltr'><strong>lianc</strong></span> <span class='ocrx_word' id='word_1_672' title='bbox 2587 4204 2755 4257; x_wconf 83' lang='lat' dir='ltr'><strong>vitam</strong></span> <span class='ocrx_word' id='word_1_673' title='bbox 2815 4213 2871 4258; x_wconf 88' lang='lat' dir='ltr'><strong>et</strong></span> <span class='ocrx_word' id='word_1_674' title='bbox 2928 4203 3313 4258; x_wconf 84' lang='lat' dir='ltr'><strong>benedicentes</strong></span> <span class='ocrx_word' id='word_1_675' title='bbox 3361 4202 3552 4258; x_wconf 82' lang='lat' dir='ltr'><strong>Deum.</strong></span> 
     </span>
    </p>
   </div>
   <div class='ocr_carea' id='block_1_89' title="bbox 1939 4294 3555 4360">
    <p class='ocr_par' dir='ltr' id='par_1_89' title="bbox 1939 4294 3555 4360">
     <span class='ocr_line' id='line_1_89' title="bbox 1939 4294 3555 4360; baseline 0.001 -10"><span class='ocrx_word' id='word_1_676' title='bbox 1939 4294 2128 4360; x_wconf 77' lang='lat' dir='ltr'><strong>Gloria</strong></span> <span class='ocrx_word' id='word_1_677' title='bbox 2159 4297 2305 4349; x_wconf 90' lang='lat' dir='ltr'><strong>enim</strong></span> <span class='ocrx_word' id='word_1_678' title='bbox 2336 4296 2427 4349; x_wconf 85' lang='lat' dir='ltr'><strong>Dei</strong></span> <span class='ocrx_word' id='word_1_679' title='bbox 2454 4304 2509 4349; x_wconf 92' lang='lat' dir='ltr'><strong>et</strong></span> <span class='ocrx_word' id='word_1_680' title='bbox 2556 4296 2865 4351; x_wconf 75' lang='lat' dir='ltr'><strong>bent-dictio</strong></span> <span class='ocrx_word' id='word_1_681' title='bbox 2890 4306 2976 4349; x_wconf 91' lang='lat' dir='ltr'><strong>est</strong></span> <span class='ocrx_word' id='word_1_682' title='bbox 3009 4306 3199 4351; x_wconf 85' lang='lat' dir='ltr'><strong>sancta</strong></span> <span class='ocrx_word' id='word_1_683' title='bbox 3228 4307 3283 4350; x_wconf 89' lang='lat' dir='ltr'><strong>et</strong></span> <span class='ocrx_word' id='word_1_684' title='bbox 3312 4296 3555 4351; x_wconf 81' lang='lat' dir='ltr'><strong>virtuosa</strong></span> 
     </span>
    </p>
   </div>
   <div class='ocr_carea' id='block_1_90' title="bbox 1938 4388 3559 4460">
    <p class='ocr_par' dir='ltr' id='par_1_90' title="bbox 1938 4388 3559 4460">
     <span class='ocr_line' id='line_1_90' title="bbox 1938 4388 3559 4460; baseline -0.001 -17"><span class='ocrx_word' id='word_1_685' title='bbox 1938 4389 2049 4443; x_wconf 85' lang='lat' dir='ltr'><strong>vita</strong></span> <span class='ocrx_word' id='word_1_686' title='bbox 2085 4405 2099 4441; x_wconf 91' lang='lat'><strong>:</strong></span> <span class='ocrx_word' id='word_1_687' title='bbox 2153 4388 2410 4458; x_wconf 89' lang='lat' dir='ltr'><strong>quoniam</strong></span> <span class='ocrx_word' id='word_1_688' title='bbox 2445 4404 2570 4444; x_wconf 88' lang='lat' dir='ltr'><strong>eum</strong></span> <span class='ocrx_word' id='word_1_689' title='bbox 2616 4391 2773 4445; x_wconf 88' lang='lat' dir='ltr'><strong>decet</strong></span> <span class='ocrx_word' id='word_1_690' title='bbox 2815 4390 2997 4444; x_wconf 87' lang='lat' dir='ltr'><strong>omnis</strong></span> <span class='ocrx_word' id='word_1_691' title='bbox 3032 4388 3203 4460; x_wconf 74' lang='lat' dir='ltr'><strong>gloria</strong></span> <span class='ocrx_word' id='word_1_692' title='bbox 3254 4391 3309 4443; x_wconf 90' lang='lat' dir='ltr'><strong>in</strong></span> <span class='ocrx_word' id='word_1_693' title='bbox 3354 4390 3559 4444; x_wconf 76' lang='lat' dir='ltr'><strong>saccula</strong></span> 
     </span>
    </p>
   </div>
   <div class='ocr_carea' id='block_1_91' title="bbox 1940 4482 2523 4538">
    <p class='ocr_par' dir='ltr' id='par_1_91' title="bbox 1940 4482 2523 4538">
     <span class='ocr_line' id='line_1_91' title="bbox 1940 4482 2523 4538; baseline 0 -1"><span class='ocrx_word' id='word_1_694' title='bbox 1940 4482 2289 4538; x_wconf 66' lang='lat' dir='ltr'><strong>saaculorum.</strong></span> <span class='ocrx_word' id='word_1_695' title='bbox 2324 4484 2523 4537; x_wconf 80' lang='lat' dir='ltr'><strong>Amen.</strong></span> 
     </span>
    </p>
   </div>
   <div class='ocr_carea' id='block_1_92' title="bbox 224 4566 3553 4649">
    <p class='ocr_par' dir='ltr' id='par_1_92' title="bbox 224 4566 3553 4649">
     <span class='ocr_line' id='line_1_92' title="bbox 224 4566 3553 4649; baseline -0.001 -17"><span class='ocrx_word' id='word_1_696' title='bbox 224 4569 413 4632; x_wconf 79' lang='grc' dir='ltr'>αὐτοῖς</span> <span class='ocrx_word' id='word_1_697' title='bbox 452 4567 726 4639; x_wconf 77' lang='grc' dir='ltr'>βιωτικόν⁶</span> <span class='ocrx_word' id='word_1_698' title='bbox 774 4566 911 4621; x_wconf 73' lang='grc' dir='ltr'>ἀλλὰ</span> <span class='ocrx_word' id='word_1_699' title='bbox 946 4566 1167 4620; x_wconf 71' lang='grc' dir='ltr'>πάντων</span> <span class='ocrx_word' id='word_1_700' title='bbox 1200 4571 1730 4641; x_wconf 79' lang='grc' dir='ltr'>περιφρονήσαντες,</span> <span class='ocrx_word' id='word_1_701' title='bbox 1775 4576 1833 4630; x_wconf 85' lang='grc' dir='ltr'><strong>ἐν</strong></span> <span class='ocrx_word' id='word_1_702' title='bbox 1876 4577 1955 4649; x_wconf 86' lang='grc' dir='ltr'>τῷ</span> <span class='ocrx_word' id='word_1_703' title='bbox 2021 4576 2158 4649; x_wconf 82' lang='grc' dir='ltr'>ίερῷ</span> <span class='ocrx_word' id='word_1_704' title='bbox 2187 4575 2400 4631; x_wconf 74' lang='grc' dir='ltr'>αἰνοῦσι</span> <span class='ocrx_word' id='word_1_705' title='bbox 2448 4575 2745 4642; x_wconf 83' lang='grc' dir='ltr'>διαπαντὸς</span> <span class='ocrx_word' id='word_1_706' title='bbox 2768 4577 2861 4631; x_wconf 75' lang='grc' dir='ltr'>τὸν</span> <span class='ocrx_word' id='word_1_707' title='bbox 2886 4577 3044 4641; x_wconf 73' lang='grc' dir='ltr'>Θεὸν,</span> <span class='ocrx_word' id='word_1_708' title='bbox 3074 4576 3171 4631; x_wconf 75' lang='grc' dir='ltr'>καὶ</span> <span class='ocrx_word' id='word_1_709' title='bbox 3206 4574 3553 4646; x_wconf 71' lang='grc' dir='ltr'>εὐλογοῦσιν,</span> 
     </span>
    </p>
   </div>
   <div class='ocr_carea' id='block_1_93' title="bbox 224 4652 3553 4745">
    <p class='ocr_par' dir='ltr' id='par_1_93' title="bbox 224 4652 3553 4745">
     <span class='ocr_line' id='line_1_93' title="bbox 224 4652 3553 4745; baseline 0.002 -24"><span class='ocrx_word' id='word_1_710' title='bbox 224 4652 330 4715; x_wconf 72' lang='grc' dir='ltr'>Ὧν</span> <span class='ocrx_word' id='word_1_711' title='bbox 362 4662 601 4732; x_wconf 72' lang='grc' dir='ltr'>μιμηταὶ</span> <span class='ocrx_word' id='word_1_712' title='bbox 631 4661 725 4715; x_wconf 63' lang='grc' dir='ltr'><strong>καὶ</strong></span> <span class='ocrx_word' id='word_1_713' title='bbox 764 4662 929 4731; x_wconf 76' lang='grc' dir='ltr'>ἡμεῖς</span> <span class='ocrx_word' id='word_1_714' title='bbox 967 4661 1272 4731; x_wconf 82' lang='grc' dir='ltr'>γενόμενοι,</span> <span class='ocrx_word' id='word_1_715' title='bbox 1328 4665 1388 4718; x_wconf 80' lang='grc' dir='ltr'><strong>ἐν</strong></span> <span class='ocrx_word' id='word_1_716' title='bbox 1428 4665 1559 4737; x_wconf 79' lang='grc' dir='ltr'>ἱερῷ</span> <span class='ocrx_word' id='word_1_717' title='bbox 1598 4670 1701 4740; x_wconf 88' lang='grc' dir='ltr'><strong>βίῳ</strong></span> <span class='ocrx_word' id='word_1_718' title='bbox 1762 4670 2065 4736; x_wconf 85' lang='grc' dir='ltr'>διαπαντὸς</span> <span class='ocrx_word' id='word_1_719' title='bbox 2121 4673 2340 4744; x_wconf 74' lang='grc' dir='ltr'>εῐημεν,</span> <span class='ocrx_word' id='word_1_720' title='bbox 2402 4670 2685 4737; x_wconf 72' lang='grc' dir='ltr'>αἰνοῦντες</span> <span class='ocrx_word' id='word_1_721' title='bbox 2736 4674 2826 4729; x_wconf 80' lang='grc' dir='ltr'>διὰ</span> <span class='ocrx_word' id='word_1_722' title='bbox 2901 4672 3097 4727; x_wconf 78' lang='grc' dir='ltr'>τούτου</span> <span class='ocrx_word' id='word_1_723' title='bbox 3143 4672 3241 4726; x_wconf 85' lang='grc' dir='ltr'><strong>τοῦ</strong></span> <span class='ocrx_word' id='word_1_724' title='bbox 3290 4673 3409 4745; x_wconf 81' lang='grc' dir='ltr'>βίου</span> <span class='ocrx_word' id='word_1_725' title='bbox 3456 4688 3553 4741; x_wconf 45' lang='grc' dir='ltr'>καὶ</span> 
     </span>
    </p>
   </div>
   <div class='ocr_carea' id='block_1_94' title="bbox 223 4752 3555 4853">
    <p class='ocr_par' dir='ltr' id='par_1_94' title="bbox 223 4752 3555 4853">
     <span class='ocr_line' id='line_1_94' title="bbox 223 4752 3555 4853; baseline 0.004 -44"><span class='ocrx_word' id='word_1_726' title='bbox 223 4753 581 4853; x_wconf 62' lang='grc' dir='ltr'>εὐλογοῦντες</span> <span class='ocrx_word' id='word_1_727' title='bbox 610 4752 702 4806; x_wconf 77' lang='grc' dir='ltr'><strong>τὸν</strong></span> <span class='ocrx_word' id='word_1_728' title='bbox 730 4753 901 4853; x_wconf 48' lang='grc' dir='ltr'>-Θεόι</span> <span class='ocrx_word' id='word_1_729' title='bbox 976 4752 1117 4818; x_wconf 81' lang='grc' dir='ltr'>Δόξα.</span> <span class='ocrx_word' id='word_1_730' title='bbox 1146 4759 1255 4828; x_wconf 72' lang='grc' dir='ltr'><strong>γὰρ</strong></span> <span class='ocrx_word' id='word_1_731' title='bbox 1299 4756 1437 4811; x_wconf 86' lang='grc' dir='ltr'>Θεοῦ</span> <span class='ocrx_word' id='word_1_732' title='bbox 1482 4760 1579 4814; x_wconf 83' lang='grc' dir='ltr'><strong>καὶ</strong></span> <span class='ocrx_word' id='word_1_733' title='bbox 1618 4762 1842 4833; x_wconf 84' lang='grc' dir='ltr'>εὐλογία</span> <span class='ocrx_word' id='word_1_734' title='bbox 1910 4766 2149 4853; x_wconf 31' lang='grc' dir='ltr'>όθὶερδς</span> <span class='ocrx_word' id='word_1_735' title='bbox 2192 4768 2287 4822; x_wconf 75' lang='grc' dir='ltr'><strong>καὶ</strong></span> <span class='ocrx_word' id='word_1_736' title='bbox 2338 4767 2598 4838; x_wconf 85' lang='grc' dir='ltr'>ἐνάρετος</span> <span class='ocrx_word' id='word_1_737' title='bbox 2651 4767 2801 4839; x_wconf 84' lang='grc' dir='ltr'>βίος·</span> <span class='ocrx_word' id='word_1_738' title='bbox 2849 4768 2933 4823; x_wconf 74' lang='grc' dir='ltr'>ὅτι</span> <span class='ocrx_word' id='word_1_739' title='bbox 2976 4766 3126 4839; x_wconf 78' lang='grc' dir='ltr'>αὐτῷ</span> <span class='ocrx_word' id='word_1_740' title='bbox 3155 4772 3358 4837; x_wconf 81' lang='grc' dir='ltr'>πρέπει</span> <span class='ocrx_word' id='word_1_741' title='bbox 3400 4769 3555 4821; x_wconf 66' lang='grc' dir='ltr'>πᾶσα</span> 
     </span>
    </p>
   </div>
   <div class='ocr_carea' id='block_1_95' title="bbox 220 4848 1125 4919">
    <p class='ocr_par' dir='ltr' id='par_1_95' title="bbox 220 4848 1125 4919">
     <span class='ocr_line' id='line_1_95' title="bbox 220 4848 1125 4919; baseline -0.001 -17"><span class='ocrx_word' id='word_1_742' title='bbox 220 4848 354 4913; x_wconf 76' lang='grc' dir='ltr'>δόξα</span> <span class='ocrx_word' id='word_1_743' title='bbox 386 4849 466 4907; x_wconf 87' lang='grc' dir='ltr'>εἰς</span> <span class='ocrx_word' id='word_1_744' title='bbox 498 4848 625 4910; x_wconf 83' lang='grc' dir='ltr'>τοὺς</span> <span class='ocrx_word' id='word_1_745' title='bbox 658 4848 887 4911; x_wconf 84' lang='grc' dir='ltr'>αίῶνας.</span> <span class='ocrx_word' id='word_1_746' title='bbox 928 4850 1125 4919; x_wconf 80' lang='grc' dir='ltr'>Ἀμήν.</span> 
     </span>
    </p>
   </div>
   <div class='ocr_carea' id='block_1_96' title="bbox 228 4980 1828 5063">
    <p class='ocr_par' dir='ltr' id='par_1_96' title="bbox 228 4980 1828 5063">
     <span class='ocr_line' id='line_1_96' title="bbox 228 4980 1828 5063; baseline 0.003 -20"><span class='ocrx_word' id='word_1_747' title='bbox 228 4987 411 5049; x_wconf 65' lang='grc' dir='ltr'>Τέλος</span> <span class='ocrx_word' id='word_1_748' title='bbox 443 4980 550 5050; x_wconf 71' lang='grc' dir='ltr'>τῆς</span> <span class='ocrx_word' id='word_1_749' title='bbox 590 4985 673 5047; x_wconf 78' lang='grc' dir='ltr'>εις</span> <span class='ocrx_word' id='word_1_750' title='bbox 710 4985 777 5036; x_wconf 86' lang='grc' dir='ltr'>τὸ</span> <span class='ocrx_word' id='word_1_751' title='bbox 817 4986 972 5063; x_wconf 50' lang='lat' dir='ltr'><strong>scatit</strong></span> <span class='ocrx_word' id='word_1_752' title='bbox 1003 4985 1249 5063; x_wconf 16' lang='grc' dir='ltr'>Λουκλᾷν</span> <span class='ocrx_word' id='word_1_753' title='bbox 1276 4990 1648 5060; x_wconf 65' lang='grc' dir='ltr'>Εὑαγ-γέλιον</span> <span class='ocrx_word' id='word_1_754' title='bbox 1697 4992 1828 5063; x_wconf 83' lang='grc' dir='ltr'><strong>Ἐρ-</strong></span> 
     </span>
    </p>
   </div>
   <div class='ocr_carea' id='block_1_97' title="bbox 649 5056 1393 5125">
    <p class='ocr_par' dir='ltr' id='par_1_97' title="bbox 649 5056 1393 5125">
     <span class='ocr_line' id='line_1_97' title="bbox 649 5056 1393 5125; baseline 0.011 -18"><span class='ocrx_word' id='word_1_755' title='bbox 649 5056 903 5124; x_wconf 79' lang='grc' dir='ltr'>μηνείας</span> <span class='ocrx_word' id='word_1_756' title='bbox 936 5058 1393 5125; x_wconf 57' lang='grc' dir='ltr'>Θεοφυλάδίτοιν.</span> 
     </span>
    </p>
   </div>
   <div class='ocr_carea' id='block_1_98' title="bbox 293 5240 1139 5307">
    <p class='ocr_par' dir='ltr' id='par_1_98' title="bbox 293 5240 1139 5307">
     <span class='ocr_line' id='line_1_98' title="bbox 293 5240 1139 5307; baseline 0.001 -12"><span class='ocrx_word' id='word_1_757' title='bbox 293 5242 339 5275; x_wconf 78' lang='grc'><strong>⁸⁸</strong></span> <span class='ocrx_word' id='word_1_758' title='bbox 366 5240 485 5295; x_wconf 78' lang='lat' dir='ltr'><strong>Jttcl</strong></span> <span class='ocrx_word' id='word_1_759' title='bbox 515 5256 572 5297; x_wconf 77' lang='lat' dir='ltr'><strong>tl.</strong></span> <span class='ocrx_word' id='word_1_760' title='bbox 605 5241 697 5294; x_wconf 77' lang='lat'><strong>‘23.</strong></span> <span class='ocrx_word' id='word_1_761' title='bbox 774 5241 816 5271; x_wconf 78' lang='lat'><strong>&quot;</strong></span> <span class='ocrx_word' id='word_1_762' title='bbox 851 5245 972 5296; x_wconf 74' lang='lat' dir='ltr'><strong>Act.</strong></span> <span class='ocrx_word' id='word_1_763' title='bbox 1012 5260 1051 5307; x_wconf 84' lang='grc' dir='ltr'><strong>ι,</strong></span> <span class='ocrx_word' id='word_1_764' title='bbox 1087 5242 1139 5296; x_wconf 77' lang='grc'><strong>5.</strong></span> 
     </span>
    </p>
   </div>
   <div class='ocr_carea' id='block_1_99' title="bbox 2019 4988 3471 5065">
    <p class='ocr_par' dir='ltr' id='par_1_99' title="bbox 2019 4988 3471 5065">
     <span class='ocr_line' id='line_1_99' title="bbox 2019 4988 3471 5065; baseline -0.004 -18"><span class='ocrx_word' id='word_1_765' title='bbox 2019 4993 2397 5065; x_wconf 68' lang='grc' dir='ltr'>ΤΙιρομΙινΙαειι</span> <span class='ocrx_word' id='word_1_766' title='bbox 2424 4994 2478 5047; x_wconf 83' lang='lat' dir='ltr'><strong>in</strong></span> <span class='ocrx_word' id='word_1_767' title='bbox 2523 4993 2872 5065; x_wconf 77' lang='lat' dir='ltr'><strong>Evangelium</strong></span> <span class='ocrx_word' id='word_1_768' title='bbox 2905 4990 3062 5048; x_wconf 77' lang='lat' dir='ltr'><strong>Lnra:</strong></span> <span class='ocrx_word' id='word_1_769' title='bbox 3091 4988 3471 5045; x_wconf 68' lang='lat' dir='ltr'><strong>Commentarii</strong></span> 
     </span>
    </p>
   </div>
   <div class='ocr_carea' id='block_1_100' title="bbox 2666 5064 2810 5131">
    <p class='ocr_par' dir='ltr' id='par_1_100' title="bbox 2666 5064 2810 5131">
     <span class='ocr_line' id='line_1_100' title="bbox 2666 5064 2810 5131; baseline 0.014 -17"><span class='ocrx_word' id='word_1_770' title='bbox 2666 5064 2810 5131; x_wconf 70' lang='lat' dir='ltr'><strong>linis.</strong></span> 
     </span>
    </p>
   </div>
  </div>
