4100 6334
254 320 397 387 1119

945 322 1397 386 ENARRATIO
1439 320 1519 383 IN
1567 318 1872 383 EVANGE

1991 318 2076 380 Ill
2109 318 2465 380 JOANNlS.
2508 343 2573 353 --
2603 318 2770 381 CAP.
2814 318 2863 380 Ι.

3459 317 3600 390 1150

252 429 665 488 πιστεύσωσιν·
724 432 774 487 εί
826 430 884 487 δὲ
921 432 998 505 μὴ
1028 431 1191 489 τοῦτο
1242 431 1450 504 ἀπέϐη,
1500 432 1602 486 οὒκ
1653 431 1865 494 ικείνος

1991 431 2073 486 ἰιίι
2110 428 2377 497 Joannes,
2437 440 2495 485 ut
2541 444 2738 489 attines
2798 431 3029 486 credant
3061 448 3074 484 :
3107 430 3360 501 quamvis
3409 445 3596 491 autem

250 525 453 589 αἴτιος.

334 638 355 672 ε
394 620 509 674 Οὐκ
540 614 609 692 ἦν
652 619 862 685 ικεῖνος
913 618 974 674 τὺ
1023 620 1161 691 φῶς,
1215 620 1332 675 ἀλλ’
1382 618 1471 674 ῖνα
1528 618 1867 692 μαρτυρήσῃ

250 714 391 785 περὶ
423 712 519 768 τοῦ
555 712 754 784 φωτός.
796 731 817 767 ε
862 712 1087 787 Ἐπειδὴ
1118 713 1195 779 ὡς
1232 714 1331 767 ἐπὶ
1385 714 1522 769 πολὺ
1570 712 1864 783 συμϐαίνει

250 808 349 863 τὸν
372 808 758 884 μαρτυροῦντα
781 811 1068 884 κρείττονα
1094 810 1236 865 εῐναι
1257 812 1353 867 τοῦ
1380 828 1665 885 μαρτυρου
1673 810 1864 883 μένου,

254 902 348 957 ἵνα
380 904 456 976 μὴ
487 903 738 980 νομίσῃς,
778 906 861 961 ὅτι
912 906 1007 960 καὶ
1052 904 1309 977 Ἰωάννης
1345 904 1643 977 μαρτυρῶν
1686 901 1864 977 [περὶ]

251 994 498 1065 Χριστοῦ
546 997 817 1069 κρείττων
864 997 1035 1052 αὑτοῦ
1083 993 1179 1070 ἦν·
1219 997 1319 1069 τὴν
1360 1000 1612 1070 πονηρὰν
1656 998 1866 1070 ταύτην

253 1085 498 1159 ὑποψίαν
530 1089 858 1163 περιαιρῶν,
883 1091 1050 1163 φησίν
1071 1107 1086 1124 ·
1124 1093 1239 1147 Οὐκ
1271 1088 1342 1165 ἦν
1377 1094 1586 1157 ἐκεῖνος
1626 1091 1688 1147 τὸ
1722 1091 1863 1162 φῶς.

264 1182 409 1237 Ἀλλ’
444 1185 589 1239 εἴποι
636 1184 706 1239 ἂν
736 1200 848 1249 τις’
893 1179 1043 1257 ’Δρα
1087 1185 1211 1241 οὐδὲ
1260 1188 1354 1242 τὸν
1421 1188 1703 1258 Ἰωάννην,
1740 1185 1867 1241 οὗτε

249 1276 380 1330 τινὰ
407 1276 569 1331 ἄλλον
593 1277 704 1331 τῶν
739 1276 911 1347 ἁγίων
940 1279 1195 1350 εἴποιμεν
1224 1279 1379 1350 φῶςς
1410 1278 1532 1344 Φῶς
1567 1281 1669 1352 μὲν
1694 1282 1869 1334 εῐποι-

254 1383 360 1437 μεν
385 1368 620 1424 Ξκαστον
650 1369 760 1425 τῶν
788 1371 996 1439 ἁγίων
1024 1371 1086 1426 τδ
1132 1373 1249 1443 φῶς
1293 1373 1350 1429 δὲ
1385 1374 1487 1429 οὐκ
1516 1373 1582 1429 ἂν
1615 1373 1869 1446 εἴποιμεν

253 1460 401 1531 μετὰ
454 1459 547 1514 τοῦ
594 1462 823 1533 ἄρθρου.
858 1455 1006 1527 Οἷον,
1041 1464 1138 1518 ἐάν
1175 1482 1235 1519 σε
1288 1464 1469 1538 ἔροιτό
1501 1484 1624 1531 τις·
1653 1462 1801 1538 ’Δρα
1841 1466 1870 1521 0

264 1554 526 1628 Ἰωάννης
569 1557 685 1629 φῶς
719 1558 870 1628 tam;
906 1560 1276 1615 κατάνευσονο
1328 1562 1377 1615 εί
1426 1561 1483 1615 δὲ
1522 1558 1699 1625 οὕτως
1728 1562 1871 1632 ἐρω-

251 1650 437 1719 τήσει·
470 1648 619 1723 Ἀρα
661 1653 691 1707 0
738 1654 995 1725 Ἰωάννης
1023 1654 1085 1708 τὸ
1126 1655 1243 1726 φῶς
1272 1656 1455 1722 tettv;
1480 1654 1624 1719 είπὶ,
1659 1653 1758 1711 Οὔ.
1792 1654 1870 1709 Ού

250 1739 366 1812 γάρ
404 1741 553 1796 ἔστιν
600 1744 765 1808 αὐτὸς
810 1744 871 1799 τὸ
921 1744 1037 1816 φῶς
1086 1746 1317 1817 κυρίως,
1362 1745 1501 1801 ἀλλὰ
1548 1745 1667 1816 φῶς
1722 1744 1867 1800 κατὰ

254 1838 518 1908 μετοχὴν,
554 1837 677 1909 ἔχον
712 1838 814 1911 τὴν
862 1838 1073 1910 λάμψιν
1124 1840 1189 1894 εκ
1235 1840 1339 1896 τοῦ,
1367 1842 1627 1915 ἀληθινοῦ
1665 1840 1868 1913 φωτός.

334 1948 354 1985 ε
390 1924 499 1986 Ἦν
521 1932 581 1986 τὸ
609 1933 725 2003 φῶς
746 1933 807 1989 τὺ
830 1933 1111 2009 ἀληθινὸν,
1140 1935 1169 1990 ὃ
1195 1936 1424 2005 φωτίζει
1453 1938 1634 1992 πάντα
1660 1935 1876 2007 ἄνθρω-

252 2041 364 2081 πον
394 2026 694 2098 ερχόμενον
724 2027 806 2092 είς
848 2027 942 2084 τὸν
978 2029 1210 2101 κόσμον.
1246 2048 1264 2082 ι
1295 2030 1500 2089 Μέλλει
1538 2032 1715 2085 εἰπεῖν
1745 2031 1875 2101 περὶ

252 2118 362 2189 τῆς
396 2120 667 2188 ινσάρκου
710 2121 1026 2194 οἰκονομίας
1059 2122 1155 2177 τοῦ
1188 2120 1558 2193 Μονογενοῦς,
1590 2112 1674 2179 ὅτι
1712 2120 1877 2197 ἦλθεν

257 2212 345 2278 εις
376 2214 445 2268 τὰ
475 2214 606 2283 ῐδια,
637 2215 719 2269 ὅτι
750 2216 892 2288 σὰρξ
914 2217 1161 2285 ἐγένετο.
1194 2218 1315 2272 ’Ἰνα
1341 2218 1523 2272 τοίνυν
1558 2218 1634 2290 μὴ
1676 2218 1876 2291 νομίσῃ

252 2323 368 2376 τις,
392 2307 477 2362 ὅτι
522 2307 631 2379 πρὸ
673 2309 771 2363 τοῦ
818 2310 1177 2381 σαρκωθῆναι
1209 2312 1313 2365 οὐκ
1360 2307 1450 2383 ἦν,
1483 2310 1676 2366 τούτου
1707 2310 1874 2365 ἕνεκα

254 2399 458 2469 ἀνάγει
494 2402 598 2472 τὴν
628 2401 872 2456 διάνοιαν
903 2403 997 2457 ἐπὶ
1042 2403 1145 2477 τὴν
1195 2404 1459 2459 ἐπέκεινα
1492 2405 1676 2474 πάσης
1702 2403 1880 2474 ἀρχῆς

256 2492 522 2565 ὓπαρξιν,
558 2494 653 2548 καί
685 2512 853 2565 φησιν
882 2512 895 2526 ·
928 2490 1040 2551 Ἦν
1085 2497 1181 2552 καὶ
1235 2496 1345 2568 πρὸ
1384 2494 1482 2551 τοῦ
1521 2496 1878 2570 σαρκωθῆναι

257 2585 324 2642 τὺ
359 2586 477 2657 φῶς
541 2588 602 2641 τὸ
652 2588 936 2659 ἀληθινόν.
983 2591 1083 2644 Διὰ
1119 2588 1315 2644 τούτου
1357 2591 1411 2645 δὲ
1459 2591 1560 2661 τὴν
1607 2588 1879 2644 Φωτεινοῦ

258 2680 355 2735 καὶ
387 2678 603 2734 Παύλου
633 2677 728 2733 τοῦ
760 2679 1129 2751 Σαμοσατέως
1154 2682 1371 2753 αἰρεσιν
1408 2681 1737 2752 ἀνατρέπει,
1767 2680 1877 2735 τῶν

255 2772 716 2843 ζογματισάντων
747 2774 870 2828 τότε
907 2773 1153 2846 ὑπάρξαι
1180 2774 1273 2828 τὸν
1300 2776 1610 2846 Μονογενῆ,
1638 2774 1729 2828 ὅτε
1760 2772 1873 2828 ἀπὸ

258 2866 486 2937 Μαρίας
536 2864 806 2937 εγεννήθη
829 2884 841 2899 ·
879 2865 988 2939 πρὸ
1018 2867 1215 2921 τούτου
1249 2867 1306 2921 δὲ
1333 2868 1413 2940 μὴ
1466 2862 1636 2923 εἶναι.
1674 2868 1881 2921 ’Δκουε

258 2960 363 3015 καὶ
396 2959 485 3024 σὺ,
541 2959 570 3012 0
605 2959 912 3029 ’Δρειανδς,
938 2962 966 3015 0
1000 2960 1076 3034 μὴ
1114 2961 1293 3031 λέγων
1342 2962 1599 3033 ἀληθινὸν
1628 2961 1763 3016 Θεὸν
1788 2961 1885 3016 τὸν

262 3048 397 3104 Υἱδν
452 3046 550 3103 τοῦ
582 3048 743 3115 Θεοῦ,
768 3049 829 3105 ,τί
877 3066 1045 3121 φησιν
1076 3054 1103 3104 ὁ
1133 3050 1532 3122 εύαγγελιστής
1556 3066 1571 3081 ο
1610 3069 1631 3103 ι
1668 3050 1731 3105 τὺ
1763 3050 1883 3121 φῶς

1974 525 2228 581 evenerit
2264 524 2631 587 contrarium.
2668 514 2759 581 ille
2810 524 2863 580 in
2893 539 3065 581 causa
3095 540 3205 581 non
3234 534 3343 582 est.

2046 615 2213 674 Vens.
2254 618 2309 676 8.
2344 637 2363 670 ι
2394 620 2513 674 Non
2540 628 2662 674 erat
2694 610 2783 675 ille
2805 620 2903 674 lux
2938 617 3052 687 illa,
3078 614 3175 675 sed
3204 630 3267 676 ut
3296 630 3601 679 testaretur

1970 713 2037 769 de
2068 714 2209 769 luce.
2246 734 2263 766 ι
2302 712 2784 785 Quandoquidem,
2836 722 2894 769 ιιι
2945 728 3089 785 saepe
3137 712 3255 769 ﬁeri
3305 714 3466 784 solet,
3503 714 3597 786 qui

1970 817 2205 864 testatur
2262 807 2440 877 major
2463 817 2548 865 est
2574 825 2638 865 co
2670 809 2755 863 cui
2783 809 3159 865 testimonium
3193 810 3465 879 perhibet,
3527 824 3599 865 ne

1970 903 2258 958 existimes
2300 901 2447 973 quod
2500 901 2743 959 Joannes
2798 902 3104 959 testitlcans
3144 902 3368 958 Christo
3410 903 3600 975 major

1972 982 2064 1051 ιἰιυ
2084 996 2268 1064 fuerit;
2289 996 2486 1051 malam
2501 996 2870 1065 suspicionem
2895 997 3041 1052 illam
3063 996 3228 1070 512
3248 999 3596 1067 interimens,

1974 1086 2169 1155 inquit,
2197 1086 2316 1142 Non
2351 1098 2472 1142 erat
2496 1088 2585 1143 ille
2616 1088 2710 1143 lux
2742 1087 2853 1142 illa.
2888 1087 2995 1144 Sed
3019 1090 3222 1145 dixerit
3263 1091 3539 1162 quispiam
3578 1109 3592 1146 :

1972 1182 2144 1251 Igitur
2173 1198 2281 1238 non
2311 1184 2414 1238 erit
2449 1182 2531 1238 vel
2559 1182 2828 1248 Joannes,
2846 1184 2927 1239 vel
2966 1185 3241 1255 quispiam
3268 1198 3592 1239 sanctorum

1972 1276 2256 1331 vocandus
2290 1276 2421 1331 lux?
2444 1275 2645 1332 Lucem
2678 1276 2866 1346 utique
2894 1288 3041 1332 recte
3063 1279 3367 1333 dixerimus
3394 1294 3598 1332 unum-

1972 1384 2247 1441 quemque
2292 1381 2632 1435 sanctorum,
2681 1371 2776 1426 sed
2808 1370 2983 1425 lucem
3019 1368 3163 1424 illam
3198 1386 3324 1425 cum
3363 1370 3601 1426 articulo

1975 1463 2296 1533 neutiquam
2355 1464 2626 1517 dicemus.
2686 1461 2851 1519 Unde
2920 1464 2965 1518 si
3024 1464 3150 1534 quis
3218 1462 3313 1518 tibi
3372 1462 3600 1527 dixerit,

1973 1554 2215 1611 Joannes
2249 1556 2337 1615 lux
2369 1550 2717 1612 est?annue.
2748 1550 2805 1621 Si
2840 1566 3021 1611 autem
3046 1557 3417 1625 interrogarit.
3451 1551 3603 1611 Nm.-

1976 1649 2108 1719 quid
2138 1648 2380 1705 Joannes
2411 1649 2503 1705 lux
2538 1650 2625 1704 illa
2661 1649 2787 1704 est?
2812 1650 2931 1714 dic,
2967 1644 3108 1704 Non.
3147 1648 3268 1704 Non
3302 1649 3448 1705 cnim
3485 1651 3605 1719 ipse

1978 1744 2198 1814 proprie
2221 1743 2311 1797 lux
2333 1753 2440 1810 est,
2472 1747 2569 1799 sed
2602 1744 2692 1798 lux
2726 1757 2826 1814 per
2858 1743 3364 1815 patticipationem,
3394 1742 3604 1800 habent

1980 1839 2245 1905 fulgorem
2270 1854 2300 1893 a
2334 1853 2463 1893 vera
2492 1838 2633 1893 luce.

2055 1932 2227 1990 Vens.
2264 1933 2317 1991 9.
2355 1952 2373 1986 ι
2424 1930 2559 1989 Erat
2592 1932 2679 1986 lux
2719 1934 2811 1987 illa
2851 1936 2939 1986 lux
2972 1938 3130 1996 vera,
3172 1944 3298 2000 qua:
3328 1928 3606 1985 illuminat

1980 2043 2199 2083 omnem
2230 2026 2508 2083 hominem
2544 2026 2855 2081 venientem
2884 2024 2937 2079 iu
2968 2026 3260 2078 mundum.
3297 2042 3316 2075 ι
3343 2014 3605 2077 Dicturus

1982 2132 2068 2179 est
2098 2120 2169 2178 de
2214 2121 2597 2176 incarnatione
2628 2116 2934 2189 Unigeuiti,
2965 2122 3111 2186 quod
3140 2122 3355 2171 venerit
3391 2113 3447 2170 iu
3481 2130 3608 2185 pro-

1984 2218 2123 2284 pria,
2150 2214 2295 2284 quod
2324 2228 2454 2269 caro
2482 2210 2662 2269 factus
2698 2213 2794 2268 sit.
2827 2210 2905 2267 Ne
2935 2210 3102 2282 igitur
3130 2210 3255 2281 quis
3292 2208 3609 2280 suspicetur

1982 2310 2128 2381 quod
2161 2323 2268 2364 non
2302 2306 2474 2364 fuerit
2505 2314 2803 2376 antequam
2842 2305 3251 2367 incarnaretur,
3282 2303 3401 2375 ejus
3426 2301 3608 2375 gratia

1986 2398 2245 2454 subvehit
2285 2407 2527 2452 mentem
2561 2406 2807 2451 nostram
2851 2393 2905 2449 in
2935 2392 3328 2458 substantiam,
3369 2406 3493 2464 quae
3523 2388 3611 2446 ul-

1984 2504 2067 2547 tra
2115 2505 2281 2548 onme
2332 2488 2665 2563 principium
2718 2495 2827 2555 est,
2868 2496 2925 2542 et
2974 2485 3209 2557 inquit:
3246 2478 3383 2540 Erat
3438 2482 3607 2540 etiam

1983 2596 2277 2659 antequam
2336 2586 2724 2641 incarnaretur
2776 2583 2866 2640 lux
2911 2582 3001 2638 illa
3044 2599 3197 2639 Vera.
3228 2578 3297 2636 Et
3354 2596 3452 2653 per
3500 2579 3608 2637 hoc

1983 2682 2205 2738 Photini
2236 2692 2294 2737 et
2324 2679 2480 2736 Pauli
2513 2678 2865 2735 Samosateni
2901 2679 3177 2735 subvertit
3207 2677 3487 2742 haeresim,
3513 2675 3609 2745 qui

1984 2774 2183 2831 docent
2208 2774 2260 2828 in
2293 2772 2407 2828 suis
2431 2759 2785 2844 dogmatibus
2807 2764 3164 2842 Unigenitutn
3190 2785 3321 2827 tunc
3344 2770 3605 2841 coepisse,

1984 2871 2207 2944 quando
2234 2870 2303 2925 de
2332 2868 2503 2923 Maria
2534 2876 2699 2923 natus
2731 2876 2839 2930 est,
2874 2876 2928 2922 et
2960 2879 3087 2923 ante
3126 2867 3228 2923 hoc
3259 2885 3367 2924 non
3402 2868 3601 2925 fuisse.

1986 2966 2126 3021 Audi
2174 2976 2229 3020 et
2258 2975 2337 3027 tu,
2370 2962 2596 3029 Ariane,
2643 2961 2737 3033 qui
2772 2976 2943 3034 negas
2973 2976 3163 3017 verum
3195 2960 3367 3018 Deunt
3407 2961 3610 3019 Filium

1988 3059 2108 3125 Dci,
2140 3058 2269 3129 quid
2290 3059 2435 3113 dieat
2454 3056 2827 3129 evangelista:
2860 3074 2878 3108 ε
2915 3055 3044 3110 Erat
3077 3054 3165 3109 lux
3198 3056 3286 3111 illa
3313 3071 3463 3111 vera.
3501 3076 3521 3111 ο
3545 3056 3614 3113 Ει

259 3143 327 3196 τὸ
358 3140 646 3212 ἀληθινόν*
697 3162 715 3195 ι
762 3143 860 3197 καὶ
894 3144 960 3199 σὺ
995 3143 1075 3212 δὲ,
1100 3137 1145 3198 ὧ
1171 3145 1469 3215 Μανιχαϊε,
1505 3146 1534 3199 ό
1576 3144 1777 3215 λέγων,
1799 3145 1881 3199 ὅτι

1991 3166 2046 3210 ιιι
2075 3170 2315 3225 quoque,
2346 3150 2667 3218 Manicbate,
2694 3153 2786 3222 qui
2816 3152 2951 3206 dicis
2972 3151 3119 3221 quod
3143 3151 3316 3208 simus
3342 3162 3615 3209 creatura:

260 3236 362 3293 τοῦ
392 3235 633 3309 πονηροῦ
664 3234 1008 3310 δημιουργοῦ
1040 3240 1211 3308 ἐσμεν
1244 3240 1546 3311 κτίσματα,
1579 3239 1772 3306 ἄκουε,
1800 3242 1884 3294 ὅτι

262 3332 331 3386 τδ
359 3330 477 3401 φῶς
498 3331 560 3385 τὸ
590 3331 851 3404 ἀληθινὸν
882 3331 1113 3401 φωτίζει
1140 3332 1321 3387 πάντα
1352 3332 1662 3405 ἄνθρωπον.
1696 3334 1757 3387 Ei
1787 3329 1884 3388 οὖν

262 3428 295 3481 0
322 3425 564 3498 πονηρὸς
604 3420 942 3497 δημιουργὸς
987 3426 1183 3488 σκότος
1241 3427 1413 3495 ἐστὶν,
1448 3428 1550 3480 ούκ
1580 3426 1647 3481 ἂν
1669 3426 1883 3499 φωτίσῃ

262 3521 427 3577 τινά’
481 3520 627 3575 ὥστε
679 3520 777 3575 τοῦ
838 3521 1020 3591 φωτὸς
1079 3520 1175 3575 τοῦ
1224 3522 1484 3593 ἀληθινοῦ
1533 3525 1703 3595 ἐσμεν
1753 3524 1886 3577 κτί-

264 3633 474 3688 σματα.
520 3616 633 3671 Καὶ
668 3615 811 3682 πῶς,
856 3616 1015 3687 φησι,
1063 3615 1289 3687 φωτίζει
1341 3618 1521 3670 πάντα
1570 3619 1882 3689 ἄνθρωπον,

263 3715 403 3769 ὅπου
436 3730 502 3782 γε
557 3712 834 3784 βλίπομέν
881 3728 1040 3776 τινας
1087 3713 1550 3783 εσκοτισμένους;
1604 3713 1772 3767 Ὅσον
1826 3715 1887 3769 τὸ

264 3806 355 3876 ἐφ’
385 3804 588 3874 ἑαυτῷ,
633 3805 844 3871 πάντας
879 3805 1132 3875 φωτίζει.
1174 3804 1309 3858 Εἰπὲ
1343 3806 1453 3877 γάρ
1486 3822 1600 3874 μοι,
1647 3805 1709 3859 ού
1744 3805 1886 3858 πάν-

264 3918 363 3965 τες
396 3898 607 3968 λογικοί
632 3916 647 3966 ;
703 3899 764 3954 ού
810 3900 1013 3964 πάντες
1044 3899 1208 3969 φύσει
1237 3898 1606 3970 γινώσκοντες
1634 3899 1696 3953 τὸ
1719 3899 1888 3954 καλὸν

264 3996 367 4052 καὶ
392 3994 747 4063 τούναντίον;
796 3991 901 4049 ούκ
949 3995 1167 4065 ἔχοντες
1196 3994 1429 4067 δύναμιν
1465 3994 1723 4067 εννοῆσαι
1776 3993 1888 4049 ἀπὺ

265 4088 381 4146 τῶν
415 4090 735 4157 κτισμάτων
758 4090 849 4153 τὸν
875 4088 1164 4160 Κτίστην;
1197 4088 1363 4143 Ὥστε
1398 4090 1426 4142 0
1456 4088 1619 4159 λόγος
1646 4089 1674 4141 0
1708 4087 1888 4151 δοθεὶς

269 4187 429 4255 ἡμῖν,
459 4183 555 4239 καὶ
585 4182 957 4252 παιδαγωγῶν
988 4184 1137 4255 ἡμᾶς
1186 4183 1373 4253 φύσει,
1399 4182 1459 4249 ὃς
1509 4182 1606 4237 καὶ
1654 4183 1887 4253 φυσικὸς

266 4277 438 4349 νόμος
495 4274 768 4339 καλεῖται,
817 4268 973 4338 οὗτος
1027 4275 1051 4328 ἵ
1137 4273 1368 4346 κληθείη
1430 4272 1574 4345 φῶς,
1624 4272 1688 4327 τὸ
1734 4272 1888 4328 δοθὲν

268 4371 407 4443 ἡμῖν
436 4369 585 4442 παρὰ
614 4369 751 4424 Θεοῦ
778 4385 791 4399 ⁸
820 4369 869 4422 εί
915 4368 973 4421 δέ
1003 4386 1053 4421 τι
1103 4387 1151 4431 ῖς
1199 4368 1389 4433 κακῶς
1418 4369 1495 4439 τῷ
1530 4368 1675 4439 λόγῳ
1718 4368 1888 4440 ἐχρή-

266 4480 460 4529 σαντο,
494 4463 723 4526 ἑαυτοὺς
753 4462 1035 4517 ὲσκότισακ.
1113 4463 1272 4528 Τινὲς
1298 4463 1357 4518 δι
1389 4462 1533 4517 οὕτω
1560 4461 1752 4515 λύουσι
1783 4461 1889 4533 τὴν

1989 3248 2206 3315 epiticis
2244 3244 2468 3311 diaboli,
2516 3242 2667 3309 audi,
2699 3245 2828 3314 quia
2876 3243 2967 3299 lux
3008 3243 3102 3300 illa
3161 3259 3289 3300 vera
3333 3245 3612 3302 illuminat

1988 3351 2210 3393 0man
2243 3334 2543 3391 hominem.
2574 3332 2629 3388 Si
2667 3334 2832 3404 igitur
2868 3332 3144 3404 malignus
3180 3332 3272 3389 ille
3301 3333 3485 3403 opifex
3521 3345 3608 3389 te-

1994 3433 2181 3485 nebrae
2205 3439 2311 3495 est,
2334 3428 2544 3484 nullum
2577 3427 2770 3497 utique
2801 3425 3078 3484 illuminat
3111 3444 3125 3483 :
3158 3435 3323 3499 atque
3358 3426 3433 3483 ita
3470 3442 3615 3485 vera:

1992 3523 2130 3580 lucis
2164 3530 2436 3578 creaturas
2467 3534 2679 3575 sumus.
2722 3515 2789 3573 Et
2837 3520 3137 3591 quomodo,
3174 3518 3375 3589 inquit,
3413 3519 3616 3574 illumi-

1992 3627 2084 3671 nat
2118 3630 2336 3669 omnem
2388 3613 2687 3675 bomtnetn,
2721 3627 2846 3667 cum
2904 3607 3193 3667 videamus
3246 3621 3358 3667 tam
3412 3613 3615 3670 multos

1990 3704 2420 3765 obteneb‘ratos?
2444 3711 2718 3776 Quantum
2745 3705 2811 3761 ad
2839 3704 3015 3776 ipsum
3049 3706 3270 3771 attinet,
3340 3706 3617 3762 illuminat

1990 3818 2203 3857 ουιιιεες.
2246 3796 2341 3855 Dic
2373 3801 2820 3869 ettim,obsecro,
2857 3816 3041 3855 nonne
3078 3816 3272 3856 omnes
3314 3797 3616 3856 rationales

1991 3895 2155 3951 Sunt?
2204 3904 2384 3950 ttonne
2417 3908 2610 3950 omnes
2644 3902 2841 3948 natura
2897 3895 3139 3949 scientes
3171 3894 3371 3948 bonum
3406 3905 3455 3947 et
3497 3909 3614 3947 ma-

1994 3988 2150 4043 lum?
2183 4004 2363 4043 nonne
2408 4004 2603 4043 omnes
2655 3986 2860 4043 habent
2914 3988 3174 4043 virtutem
3222 4004 3292 4045 ex
3344 3986 3621 4047 creaturis

1992 4083 2361 4154 cognoscendi
2396 4082 2765 4137 Creatorem?
2801 4080 2867 4135 Et
2899 4082 2975 4137 ita
3014 4081 3157 4137 ratio
3186 4084 3312 4139 data
3346 4082 3528 4151 nobis,
3564 4094 3621 4139 et

1994 4190 2187 4235 natura
2226 4194 2326 4235 nos
2358 4178 2664 4245 instruens,
2700 4192 2823 4246 qua:
2855 4186 2910 4234 et
2943 4178 3214 4234 naturalis
3244 4181 3326 4234 lex
3363 4193 3621 4251 voratur,

1994 4275 2110 4329 lxzec
2142 4279 2338 4327 vocata
2371 4282 2456 4327 est
2498 4270 2588 4326 lux
2638 4271 2800 4325 nobis
2829 4288 2857 4325 a
2897 4269 3010 4327 Deo
3039 4272 3189 4328 data.
3225 4272 3380 4341 Quod
3409 4274 3451 4329 si
3490 4276 3621 4344 qni-

1993 4369 2120 4421 dam
2148 4367 2361 4420 ratione
2393 4363 2476 4419 usi
2509 4380 2616 4418 non
2658 4377 2810 4430 sunt,
2847 4364 2900 4419 bi
2927 4366 3141 4436 seipsos
3160 4366 3627 4430 obtenebrarunt.

1994 4456 2251 4513 Nonnulli
2288 4460 2430 4513 hanc
2462 4458 2869 4514 dubitationem
2906 4461 2977 4513 ita
3016 4460 3236 4516 solvunt
3266 4477 3284 4516 :
3319 4459 3625 4526 lllntninat,

267 4554 528 4608 ἔνστασιν
581 4552 811 4624 ταύτην·
845 4552 1098 4617 Φωτίζει,
1153 4553 1343 4624 φησιν,
1376 4555 1405 4607 0
1456 4552 1665 4626 Κύριος
1705 4553 1881 4608 πάντα

1999 4534 2274 4619 inquiunt,
2310 4549 2574 4605 Dominus
2624 4565 2844 4605 omnem
2896 4552 3173 4607 hominem
3208 4551 3521 4608 venientem
3567 4554 3625 4609 in

271 4646 571 4718 ἄνθρωπον
609 4647 704 4701 τὸν
758 4648 1058 4719 ιρχόμενον
1114 4648 1193 4714 είς
1228 4647 1323 4702 τὸν
1370 4646 1604 4719 κόσμον,
1653 4646 1775 4720 ἦτοι
1812 4648 1894 4712 είς

268 4740 433 4810 τάξιν
499 4740 773 4813 βελτίονα,
839 4743 937 4795 καὶ
1006 4741 1388 4808 σπουδάζοντα
1455 4741 1739 4814 κοσμῆσαι
1794 4744 1895 4815 τὴν

270 4834 490 4890 οἰκείαν
513 4835 717 4907 ψυχὴν,
745 4837 841 4890 καὶ
870 4836 945 4908 μὴ
969 4836 1131 4891 ἐᾶσαι
1157 4836 1405 4908 άκοσμόν
1433 4854 1492 4890 τε
1522 4836 1619 4891 καὶ
1644 4838 1887 4908 ἀκαλλῆ.

354 4947 376 4984 ε
426 4928 516 4983 Ἐν
541 4929 620 5000 τῷ
651 4931 844 5002 κόσμῳ
882 4925 973 5003 ἦν,
1008 4932 1106 4985 καὶ
1140 4932 1169 4986 0
1200 4932 1409 5003 κόσμος
1453 4932 1523 4986 δι’
1559 4931 1729 4987 αὐτοῦ
1764 4934 1893 5003 ἐγέ-

271 5036 424 5098 νετο,
456 5022 555 5077 καὶ
586 5022 616 5073 0
648 5022 858 5094 κόσμος
882 5024 1047 5079 αὑτὸν
1068 5025 1170 5079 οὐκ
1192 5026 1357 5096 ἔγνω.
1390 5044 1411 5078 ι
1460 5026 1551 5081 Ἑν
1583 5026 1664 5097 τῷ
1698 5027 1894 5101 κόσμῳ

269 5108 367 5185 ἦν,
403 5110 479 5176 ὼς
519 5109 655 5179 Θεὸς
703 5115 982 5188 πανταχοῦ
1025 5117 1220 5189 παρών
1246 5133 1259 5148 °
1314 5118 1453 5172 ἀλλὰ
1495 5117 1562 5191 δὴ
1608 5121 1701 5173 καὶ
1750 5121 1892 5175 κατὰ

269 5208 639 5280 προνοητικὸν
658 5210 755 5263 καὶ
771 5206 1154 5281 συνε[κ]τικδν
1176 5208 1400 5282 λεχθείη
1426 5210 1494 5263 ἂν
1518 5214 1577 5264 ὲν
1594 5210 1675 5282 τῷ
1698 5212 1896 5283 κόσμῳ

269 5296 437 5356 εἶναι.
474 5303 668 5357 Καίτοι
696 5304 749 5357 τί
780 5302 964 5369 τοῦτο,
993 5305 1151 5375 φησι,
1180 5304 1346 5372 λέγω,
1384 5305 1467 5359 ὃτι
1500 5308 1561 5358 ἐν
1591 5305 1670 5375 τῷ
1701 5306 1897 5377 κόσμῳ

268 5391 369 5467 ἦν,
398 5396 536 5449 ὃπου
581 5412 645 5465 γε
677 5395 799 5450 οὐδὲ
832 5396 862 5450 0
890 5396 1097 5466 κόσμος
1126 5396 1194 5452 ἂν
1224 5392 1315 5468 ἦν,
1344 5400 1392 5451 εί
1428 5398 1503 5468 μὴ
1536 5397 1702 5461 αὐτὸς
1731 5398 1897 5453 αὐτὸν

271 5485 505 5555 ἐποίησε
527 5504 542 5552 ;
572 5486 919 5558 Πανταχόθεν
951 5488 1009 5544 δὲ
1036 5490 1386 5562 Δημιουργὸν
1405 5490 1573 5543 αὐτὸν
1594 5490 1892 5545 δείκνυσιν

273 5579 400 5651 ἅμα
448 5582 549 5652 μὲν
578 5582 675 5636 καὶ
700 5582 801 5653 τὴν
842 5582 941 5637 τοῦ
974 5584 1256 5649 Μάνεντος
1284 5584 1493 5639 λύσσαν
1525 5584 1892 5651 ἀναστέλλων,

270 5672 375 5727 τοῦ
433 5674 717 5743 λέγοντος,
767 5676 1009 5749 πονηρὸν
1060 5678 1399 5750 δημιουργὸν
1438 5679 1790 5751 παραγαγεῖν
1820 5679 1891 5732 τὰ

274 5771 610 5841 σᾶμπαντα·
645 5770 783 5827 ἀλλὰ
807 5770 873 5843 δὴ
900 5772 992 5827 καὶ
1021 5772 1123 5845 τὴν
1150 5771 1247 5826 τοῦ
1292 5772 1533 5843 Ἀρείου,
1566 5770 1660 5826 τοῦ
1685 5773 1901 5843 φήσειν-ν

255 5881 367 5930 -τυς
396 5865 606 5937 κτίσμα
661 5860 802 5921 εἶναι
844 5866 936 5925 τὸν
977 5866 1108 5923 Υἱὺν
1162 5866 1254 5922 τοῦ
1304 5866 1476 5921 Θεοῦο
1526 5867 1643 5938 ἅμα
1700 5866 1757 5923 δὲ
1797 5869 1890 5923 καὶ

2001 4645 2263 4698 tttttndnnt
2304 4661 2319 4699 :
2352 4644 2454 4698 hoc
2477 4653 2582 4709 est,
2617 4661 2711 4700 eos
2744 4646 2836 4715 qui
2876 4657 3001 4700 sunt
3034 4647 3085 4700 in
3120 4656 3266 4702 statu
3302 4647 3540 4711 meliori.
3569 4658 3627 4703 et

1998 4739 2194 4793 dantes
2241 4752 2467 4806 Operam
2510 4749 2566 4792 ut
2602 4748 2833 4794 ornetur
2866 4740 3046 4794 anima
3094 4756 3216 4807 sua,
3252 4757 3431 4813 neque
3476 4742 3627 4797 illaut

1999 4832 2313 4886 inornatam
2342 4843 2397 4887 et
2432 4842 2648 4903 turpem
2686 4848 2809 4888 esse
2843 4834 3111 4889 sitientes.

2073 4923 2243 4982 Vsus.
2288 4926 2375 4980 l0.
2408 4946 2425 4978 ι
2472 4925 2528 4981 lu
2562 4929 2764 4980 mundo
2793 4938 2931 4993 erat,
2966 4938 3021 4982 et
3052 4934 3291 4983 mmtdns
3324 4943 3419 4997 per
3447 4928 3627 4999 ip~um

2001 5018 2181 5075 factus
2206 5030 2313 5084 est,
2334 5031 2391 5076 et
2419 5023 2651 5075 mundus
2682 5038 2806 5077 cum
2831 5038 2937 5077 non
2968 5025 3246 5095 cognovit.
3288 5044 3305 5076 ι
3337 5023 3390 5080 In
3421 5028 3632 5082 mundo

1998 5123 2141 5177 erat,
2180 5112 2325 5168 sicut
2366 5110 2509 5167 Deus
2543 5113 2749 5184 ubique
2788 5131 3052 5184 prteseus.
3104 5116 3247 5183 Quin
3286 5127 3343 5171 et
3397 5129 3627 5187 propter

2001 5202 2424 5271 providentiam,
2456 5215 2507 5259 et
2545 5209 2985 5262 censen/stivam
3013 5209 3120 5262 vim
3147 5225 3253 5280 qua
3277 5213 3465 5266 omnia
3494 5228 3626 5267 cuu-

2000 5306 2207 5363 servat,
2239 5296 2508 5353 dicendus
2534 5310 2619 5355 est
2650 5300 2703 5355 in
2737 5302 2942 5355 mundo
2964 5316 3088 5357 esse
3119 5320 3133 5358 :
3174 5306 3325 5374 atqui
3359 5321 3461 5358 cur
3494 5308 3625 5373 hoc,

2002 5390 2199 5459 inquit,
2235 5390 2363 5447 dico
2393 5392 2541 5462 quod
2578 5394 2630 5448 in
2666 5396 2873 5452 mundo
2921 5394 3111 5461 fuerit,
3148 5400 3411 5468 quoniam
3446 5416 3626 5471 neque

2003 5486 2240 5542 mundus
2292 5488 2409 5557 ipse
2448 5488 2665 5551 fuisset.
2722 5490 2828 5547 nisi
2891 5490 2982 5547 ille
3031 5492 3209 5562 ipsum
3250 5494 3629 5549 condidisset?

2004 5576 2220 5650 Ubique
2261 5583 2440 5652 ipsum
2486 5586 2727 5641 ostendit
2773 5586 3052 5657 opiliccm,
3091 5588 3293 5657 partim
3345 5601 3403 5645 ut
3450 5589 3627 5645 Mani-

2002 5676 2139 5731 tluei
2176 5677 2449 5734 insaniam
2486 5681 2839 5753 reprimeret,
2878 5683 2972 5754 qui
3005 5683 3141 5741 dicit
3181 5685 3481 5757 malignum
3509 5687 3628 5757 opi-

2005 5772 2161 5828 tlccm
2189 5775 2515 5841 produxisse
2558 5776 2747 5832 omnia
2828 5790 2885 5834 et
2915 5779 3104 5834 Arium
3153 5780 3488 5849 confutaret,
3527 5782 3622 5853 qui

2001 5869 2134 5924 dixit
2178 5868 2374 5927 Filium
2412 5871 2505 5928 Dei
2536 5889 2660 5933 esse
2686 5884 3001 5931 creaturam
3032 5893 3045 5929 :
3092 5875 3291 5945 partim
3320 5890 3382 5935 ut
3407 5893 3630 5937 omnem
