  <div class='ocr_page' id='page_1' title='image "/cluster/home/n/w/nwhite01/storage/ocr_20150623/123/pst.000005714384/599.png"; bbox 0 0 4100 6334; ppageno 0'>
   <div class='ocr_carea' id='block_1_1' title="bbox 584 435 721 505">
    <p class='ocr_par' dir='ltr' id='par_1_1' title="bbox 584 435 721 505">
     <span class='ocr_line' id='line_1_1' title="bbox 584 435 721 505; baseline 0.029 -4"><span class='ocrx_word' id='word_1_1' title='bbox 584 435 721 505; x_wconf 73' lang='grc'>1155</span> 
     </span>
    </p>
   </div>
   <div class='ocr_carea' id='block_1_2' title="bbox 1435 420 2869 497">
    <p class='ocr_par' dir='ltr' id='par_1_2' title="bbox 1435 420 2869 497">
     <span class='ocr_line' id='line_1_2' title="bbox 1435 420 2869 497; baseline -0.01 -2"><span class='ocrx_word' id='word_1_2' title='bbox 1435 429 2010 497; x_wconf 72' lang='lat' dir='ltr'><strong>THEOPIIYLACTI</strong></span> <span class='ocrx_word' id='word_1_3' title='bbox 2062 424 2467 489; x_wconf 66' lang='lat' dir='ltr'><strong>BULGARIIE</strong></span> <span class='ocrx_word' id='word_1_4' title='bbox 2507 420 2869 484; x_wconf 79' lang='lat' dir='ltr'><strong>ARCIIIEP.</strong></span> 
     </span>
    </p>
   </div>
   <div class='ocr_carea' id='block_1_3' title="bbox 3705 411 3842 477">
    <p class='ocr_par' dir='ltr' id='par_1_3' title="bbox 3705 411 3842 477">
     <span class='ocr_line' id='line_1_3' title="bbox 3705 411 3842 477; baseline 0.007 -4"><span class='ocrx_word' id='word_1_5' title='bbox 3705 411 3842 477; x_wconf 66' lang='lat' dir='ltr'><strong>lii-3</strong></span> 
     </span>
    </p>
   </div>
   <div class='ocr_carea' id='block_1_4' title="bbox 584 521 2172 623">
    <p class='ocr_par' dir='ltr' id='par_1_4' title="bbox 584 538 2165 623">
     <span class='ocr_line' id='line_1_4' title="bbox 584 538 2165 623; baseline -0.012 -15"><span class='ocrx_word' id='word_1_6' title='bbox 584 567 832 623; x_wconf 78' lang='lat' dir='ltr'><strong>gressum</strong></span> <span class='ocrx_word' id='word_1_7' title='bbox 872 566 932 605; x_wconf 81' lang='lat' dir='ltr'><strong>ac</strong></span> <span class='ocrx_word' id='word_1_8' title='bbox 960 546 1212 619; x_wconf 80' lang='lat' dir='ltr'><strong>capulum</strong></span> <span class='ocrx_word' id='word_1_9' title='bbox 1241 540 1701 614; x_wconf 74' lang='lat' dir='ltr'><strong>concupiscentia,</strong></span> <span class='ocrx_word' id='word_1_10' title='bbox 1734 539 1826 609; x_wconf 90' lang='lat' dir='ltr'><strong>qui</strong></span> <span class='ocrx_word' id='word_1_11' title='bbox 1859 538 2045 607; x_wconf 84' lang='lat' dir='ltr'><strong>operis</strong></span> <span class='ocrx_word' id='word_1_12' title='bbox 2081 544 2165 590; x_wconf 88' lang='lat' dir='ltr'><strong>est</strong></span> 
     </span>
    </p>
   </div>
   <div class='ocr_carea' id='block_1_5' title="bbox 2276 521 3859 623">
    <p class='ocr_par' dir='ltr' id='par_1_5' title="bbox 2276 521 3859 604">
     <span class='ocr_line' id='line_1_5' title="bbox 2276 521 3859 604; baseline -0.006 -17"><span class='ocrx_word' id='word_1_13' title='bbox 2276 551 2368 587; x_wconf 78' lang='grc' dir='ltr'><strong>σαν</strong></span> <span class='ocrx_word' id='word_1_14' title='bbox 2404 532 2539 604; x_wconf 80' lang='grc' dir='ltr'>πρὸς</span> <span class='ocrx_word' id='word_1_15' title='bbox 2589 530 2738 602; x_wconf 77' lang='grc' dir='ltr'>μίξιν</span> <span class='ocrx_word' id='word_1_16' title='bbox 2775 528 2872 600; x_wconf 76' lang='grc' dir='ltr'>τήν</span> <span class='ocrx_word' id='word_1_17' title='bbox 2906 528 3116 597; x_wconf 83' lang='grc' dir='ltr'>σάρκα·</span> <span class='ocrx_word' id='word_1_18' title='bbox 3154 525 3367 597; x_wconf 74' lang='grc' dir='ltr'>θέλημα</span> <span class='ocrx_word' id='word_1_19' title='bbox 3406 524 3461 579; x_wconf 84' lang='grc' dir='ltr'><strong>δέ</strong></span> <span class='ocrx_word' id='word_1_20' title='bbox 3507 521 3726 591; x_wconf 66' lang='grc' dir='ltr'>ἀνδρὸς,</span> <span class='ocrx_word' id='word_1_21' title='bbox 3763 527 3859 594; x_wconf 69' lang='grc' dir='ltr'>τὴν</span> 
     </span>
    </p>
   </div>
   <div class='ocr_carea' id='block_1_6' title="bbox 582 628 2169 712">
    <p class='ocr_par' dir='ltr' id='par_1_6' title="bbox 582 628 2169 712">
     <span class='ocr_line' id='line_1_6' title="bbox 582 628 2169 712; baseline -0.014 -13"><span class='ocrx_word' id='word_1_22' title='bbox 582 641 925 712; x_wconf 85' lang='lat' dir='ltr'><strong>principium.</strong></span> <span class='ocrx_word' id='word_1_23' title='bbox 963 638 1152 693; x_wconf 87' lang='lat' dir='ltr'><strong>Posuit</strong></span> <span class='ocrx_word' id='word_1_24' title='bbox 1189 646 1374 691; x_wconf 88' lang='lat' dir='ltr'><strong>autem</strong></span> <span class='ocrx_word' id='word_1_25' title='bbox 1404 633 1583 699; x_wconf 83' lang='lat' dir='ltr'><strong>ambo,</strong></span> <span class='ocrx_word' id='word_1_26' title='bbox 1613 629 1736 701; x_wconf 87' lang='lat' dir='ltr'><strong>quia</strong></span> <span class='ocrx_word' id='word_1_27' title='bbox 1777 628 1932 683; x_wconf 92' lang='lat' dir='ltr'><strong>multi</strong></span> <span class='ocrx_word' id='word_1_28' title='bbox 1965 641 2169 683; x_wconf 90' lang='lat' dir='ltr'><strong>concu-</strong></span> 
     </span>
    </p>
   </div>
   <div class='ocr_carea' id='block_1_7' title="bbox 583 717 2166 808">
    <p class='ocr_par' dir='ltr' id='par_1_7' title="bbox 583 717 2166 808">
     <span class='ocr_line' id='line_1_7' title="bbox 583 717 2166 808; baseline -0.013 -18"><span class='ocrx_word' id='word_1_29' title='bbox 583 737 794 808; x_wconf 86' lang='lat' dir='ltr'><strong>piscunt</strong></span> <span class='ocrx_word' id='word_1_30' title='bbox 848 731 1086 801; x_wconf 85' lang='lat' dir='ltr'><strong>quidem,</strong></span> <span class='ocrx_word' id='word_1_31' title='bbox 1136 739 1191 784; x_wconf 87' lang='lat' dir='ltr'><strong>at</strong></span> <span class='ocrx_word' id='word_1_32' title='bbox 1249 742 1353 781; x_wconf 90' lang='lat' dir='ltr'><strong>non</strong></span> <span class='ocrx_word' id='word_1_33' title='bbox 1406 724 1588 780; x_wconf 84' lang='lat' dir='ltr'><strong>statim</strong></span> <span class='ocrx_word' id='word_1_34' title='bbox 1646 738 1675 777; x_wconf 84' lang='lat' dir='ltr'><strong>a</strong></span> <span class='ocrx_word' id='word_1_35' title='bbox 1727 717 2166 789; x_wconf 88' lang='lat' dir='ltr'><strong>concupiscentia</strong></span> 
     </span>
    </p>
   </div>
   <div class='ocr_carea' id='block_1_8' title="bbox 583 809 2167 890">
    <p class='ocr_par' dir='ltr' id='par_1_8' title="bbox 583 809 2167 890">
     <span class='ocr_line' id='line_1_8' title="bbox 583 809 2167 890; baseline -0.011 -8"><span class='ocrx_word' id='word_1_36' title='bbox 583 824 994 886; x_wconf 81' lang='lat' dir='ltr'><strong>abstrahuntur,</strong></span> <span class='ocrx_word' id='word_1_37' title='bbox 1040 820 1134 876; x_wconf 86' lang='lat' dir='ltr'><strong>sed</strong></span> <span class='ocrx_word' id='word_1_38' title='bbox 1178 820 1446 890; x_wconf 86' lang='lat' dir='ltr'><strong>imperant</strong></span> <span class='ocrx_word' id='word_1_39' title='bbox 1474 814 1578 881; x_wconf 86' lang='lat' dir='ltr'><strong>illi,</strong></span> <span class='ocrx_word' id='word_1_40' title='bbox 1623 822 1678 869; x_wconf 89' lang='lat' dir='ltr'><strong>et</strong></span> <span class='ocrx_word' id='word_1_41' title='bbox 1710 813 1762 868; x_wconf 91' lang='lat' dir='ltr'><strong>iu</strong></span> <span class='ocrx_word' id='word_1_42' title='bbox 1788 826 1925 881; x_wconf 90' lang='lat' dir='ltr'><strong>opus</strong></span> <span class='ocrx_word' id='word_1_43' title='bbox 1952 824 2059 866; x_wconf 89' lang='lat' dir='ltr'><strong>non</strong></span> <span class='ocrx_word' id='word_1_44' title='bbox 2087 809 2167 864; x_wconf 62' lang='lat' dir='ltr'><strong>lac</strong></span> 
     </span>
    </p>
   </div>
   <div class='ocr_carea' id='block_1_9' title="bbox 582 906 2170 985">
    <p class='ocr_par' dir='ltr' id='par_1_9' title="bbox 582 906 2170 985">
     <span class='ocr_line' id='line_1_9' title="bbox 582 906 2170 985; baseline -0.01 -12"><span class='ocrx_word' id='word_1_45' title='bbox 582 919 802 985; x_wconf 79' lang='lat' dir='ltr'><strong>huntpr.</strong></span> <span class='ocrx_word' id='word_1_46' title='bbox 828 915 1093 972; x_wconf 71' lang='lat' dir='ltr'><strong>Caeterum</strong></span> <span class='ocrx_word' id='word_1_47' title='bbox 1121 913 1210 983; x_wconf 89' lang='lat' dir='ltr'><strong>qui</strong></span> <span class='ocrx_word' id='word_1_48' title='bbox 1236 913 1545 975; x_wconf 88' lang='lat' dir='ltr'><strong>vincuntur,</strong></span> <span class='ocrx_word' id='word_1_49' title='bbox 1569 906 1647 962; x_wconf 89' lang='lat' dir='ltr'><strong>illi</strong></span> <span class='ocrx_word' id='word_1_50' title='bbox 1674 906 1908 976; x_wconf 88' lang='lat' dir='ltr'><strong>primum</strong></span> <span class='ocrx_word' id='word_1_51' title='bbox 1945 919 1975 957; x_wconf 88' lang='lat' dir='ltr'><strong>a</strong></span> <span class='ocrx_word' id='word_1_52' title='bbox 2004 913 2170 958; x_wconf 86' lang='lat' dir='ltr'><strong>carne</strong></span> 
     </span>
    </p>
   </div>
   <div class='ocr_carea' id='block_1_10' title="bbox 580 998 2169 1074">
    <p class='ocr_par' dir='ltr' id='par_1_10' title="bbox 580 998 2169 1074">
     <span class='ocr_line' id='line_1_10' title="bbox 580 998 2169 1074; baseline -0.009 -10"><span class='ocrx_word' id='word_1_53' title='bbox 580 1021 633 1065; x_wconf 86' lang='lat' dir='ltr'><strong>et</strong></span> <span class='ocrx_word' id='word_1_54' title='bbox 677 1008 929 1063; x_wconf 85' lang='lat' dir='ltr'><strong>titillante</strong></span> <span class='ocrx_word' id='word_1_55' title='bbox 971 1002 1410 1074; x_wconf 78' lang='lat' dir='ltr'><strong>concupiscentia</strong></span> <span class='ocrx_word' id='word_1_56' title='bbox 1442 999 1693 1057; x_wconf 87' lang='lat' dir='ltr'><strong>succensi</strong></span> <span class='ocrx_word' id='word_1_57' title='bbox 1728 998 2076 1055; x_wconf 87' lang='lat' dir='ltr'><strong>concitantur</strong></span> <span class='ocrx_word' id='word_1_58' title='bbox 2110 1003 2169 1050; x_wconf 91' lang='lat' dir='ltr'><strong>ut</strong></span> 
     </span>
    </p>
   </div>
   <div class='ocr_carea' id='block_1_11' title="bbox 580 1081 2169 1165">
    <p class='ocr_par' dir='ltr' id='par_1_11' title="bbox 580 1081 2169 1165">
     <span class='ocr_line' id='line_1_11' title="bbox 580 1081 2169 1165; baseline -0.009 -11"><span class='ocrx_word' id='word_1_59' title='bbox 580 1100 783 1154; x_wconf 80' lang='lat' dir='ltr'><strong>coitum</strong></span> <span class='ocrx_word' id='word_1_60' title='bbox 809 1096 1000 1152; x_wconf 80' lang='lat' dir='ltr'><strong>velint.</strong></span> <span class='ocrx_word' id='word_1_61' title='bbox 1045 1096 1211 1165; x_wconf 80' lang='lat' dir='ltr'><strong>Igitur</strong></span> <span class='ocrx_word' id='word_1_62' title='bbox 1252 1100 1398 1149; x_wconf 89' lang='lat' dir='ltr'><strong>recte</strong></span> <span class='ocrx_word' id='word_1_63' title='bbox 1435 1088 1682 1160; x_wconf 79' lang='lat' dir='ltr'><strong>adiunxit</strong></span> <span class='ocrx_word' id='word_1_64' title='bbox 1715 1081 2045 1160; x_wconf 82' lang='lat' dir='ltr'><strong>evangelista</strong></span> <span class='ocrx_word' id='word_1_65' title='bbox 2075 1100 2169 1141; x_wconf 85' lang='lat' dir='ltr'><strong>vo-</strong></span> 
     </span>
    </p>
   </div>
   <div class='ocr_carea' id='block_1_12' title="bbox 581 1181 2167 1254">
    <p class='ocr_par' dir='ltr' id='par_1_12' title="bbox 581 1181 2167 1254">
     <span class='ocr_line' id='line_1_12' title="bbox 581 1181 2167 1254; baseline -0.008 -9"><span class='ocrx_word' id='word_1_66' title='bbox 581 1189 843 1246; x_wconf 86' lang='lat' dir='ltr'><strong>luntatem</strong></span> <span class='ocrx_word' id='word_1_67' title='bbox 887 1189 1076 1245; x_wconf 88' lang='lat' dir='ltr'><strong>carnis</strong></span> <span class='ocrx_word' id='word_1_68' title='bbox 1114 1185 1379 1242; x_wconf 86' lang='lat' dir='ltr'><strong>voluntati</strong></span> <span class='ocrx_word' id='word_1_69' title='bbox 1425 1184 1551 1251; x_wconf 85' lang='lat' dir='ltr'><strong>viri,</strong></span> <span class='ocrx_word' id='word_1_70' title='bbox 1584 1183 1708 1254; x_wconf 84' lang='lat' dir='ltr'><strong>quia</strong></span> <span class='ocrx_word' id='word_1_71' title='bbox 1738 1181 1937 1239; x_wconf 89' lang='lat' dir='ltr'><strong>coitum</strong></span> <span class='ocrx_word' id='word_1_72' title='bbox 1976 1188 2167 1235; x_wconf 89' lang='lat' dir='ltr'><strong>natura</strong></span> 
     </span>
    </p>
   </div>
   <div class='ocr_carea' id='block_1_13' title="bbox 586 1271 2169 1349">
    <p class='ocr_par' dir='ltr' id='par_1_13' title="bbox 586 1271 2169 1349">
     <span class='ocr_line' id='line_1_13' title="bbox 586 1271 2169 1349; baseline -0.006 -14"><span class='ocrx_word' id='word_1_73' title='bbox 586 1281 839 1349; x_wconf 64' lang='lat' dir='ltr'><strong>praecedit</strong></span> <span class='ocrx_word' id='word_1_74' title='bbox 896 1279 1358 1349; x_wconf 79' lang='lat' dir='ltr'><strong>concupiscentia,</strong></span> <span class='ocrx_word' id='word_1_75' title='bbox 1409 1286 1463 1332; x_wconf 90' lang='lat' dir='ltr'><strong>et</strong></span> <span class='ocrx_word' id='word_1_76' title='bbox 1519 1277 1570 1331; x_wconf 92' lang='lat' dir='ltr'><strong>in</strong></span> <span class='ocrx_word' id='word_1_77' title='bbox 1622 1274 1810 1343; x_wconf 85' lang='lat' dir='ltr'><strong>copula</strong></span> <span class='ocrx_word' id='word_1_78' title='bbox 1859 1271 2169 1328; x_wconf 86' lang='lat' dir='ltr'><strong>necessario</strong></span> 
     </span>
    </p>
   </div>
   <div class='ocr_carea' id='block_1_14' title="bbox 586 1367 2170 1446">
    <p class='ocr_par' dir='ltr' id='par_1_14' title="bbox 586 1367 2170 1446">
     <span class='ocr_line' id='line_1_14' title="bbox 586 1367 2170 1446; baseline -0.006 -18"><span class='ocrx_word' id='word_1_79' title='bbox 586 1375 897 1446; x_wconf 66' lang='lat' dir='ltr'><strong>praecedunt</strong></span> <span class='ocrx_word' id='word_1_80' title='bbox 939 1382 1189 1442; x_wconf 88' lang='lat' dir='ltr'><strong>utraque.</strong></span> <span class='ocrx_word' id='word_1_81' title='bbox 1228 1372 1368 1434; x_wconf 28' lang='lat' dir='ltr'><strong>Haec,</strong></span> <span class='ocrx_word' id='word_1_82' title='bbox 1392 1370 1573 1425; x_wconf 88' lang='lat' dir='ltr'><strong>omnia</strong></span> <span class='ocrx_word' id='word_1_83' title='bbox 1599 1367 1741 1425; x_wconf 90' lang='lat' dir='ltr'><strong>dicta</strong></span> <span class='ocrx_word' id='word_1_84' title='bbox 1775 1376 1902 1423; x_wconf 88' lang='lat' dir='ltr'><strong>sunt</strong></span> <span class='ocrx_word' id='word_1_85' title='bbox 1948 1375 2170 1436; x_wconf 86' lang='lat' dir='ltr'><strong>propter</strong></span> 
     </span>
    </p>
   </div>
   <div class='ocr_carea' id='block_1_15' title="bbox 584 1455 2168 1532">
    <p class='ocr_par' dir='ltr' id='par_1_15' title="bbox 584 1455 2168 1532">
     <span class='ocr_line' id='line_1_15' title="bbox 584 1455 2168 1532; baseline -0.007 -13"><span class='ocrx_word' id='word_1_86' title='bbox 584 1479 680 1519; x_wconf 87' lang='lat' dir='ltr'><strong>eos</strong></span> <span class='ocrx_word' id='word_1_87' title='bbox 713 1463 804 1532; x_wconf 89' lang='lat' dir='ltr'><strong>qui</strong></span> <span class='ocrx_word' id='word_1_88' title='bbox 856 1461 1022 1517; x_wconf 91' lang='lat' dir='ltr'><strong>multa</strong></span> <span class='ocrx_word' id='word_1_89' title='bbox 1078 1474 1223 1529; x_wconf 67' lang='lat' dir='ltr'><strong>sazpe</strong></span> <span class='ocrx_word' id='word_1_90' title='bbox 1278 1461 1615 1530; x_wconf 78' lang='lat' dir='ltr'><strong>interrogant</strong></span> <span class='ocrx_word' id='word_1_91' title='bbox 1665 1456 1853 1521; x_wconf 87' lang='lat' dir='ltr'><strong>stulte,</strong></span> <span class='ocrx_word' id='word_1_92' title='bbox 1907 1455 2168 1525; x_wconf 84' lang='lat' dir='ltr'><strong>quoniam</strong></span> 
     </span>
    </p>
   </div>
   <div class='ocr_carea' id='block_1_16' title="bbox 582 1546 2169 1623">
    <p class='ocr_par' dir='ltr' id='par_1_16' title="bbox 582 1546 2169 1623">
     <span class='ocr_line' id='line_1_16' title="bbox 582 1546 2169 1623; baseline -0.004 -16"><span class='ocrx_word' id='word_1_93' title='bbox 582 1552 801 1623; x_wconf 80' lang='lat' dir='ltr'><strong>proprie</strong></span> <span class='ocrx_word' id='word_1_94' title='bbox 834 1551 1061 1606; x_wconf 89' lang='lat' dir='ltr'><strong>dicendo</strong></span> <span class='ocrx_word' id='word_1_95' title='bbox 1095 1565 1199 1605; x_wconf 87' lang='lat' dir='ltr'><strong>una</strong></span> <span class='ocrx_word' id='word_1_96' title='bbox 1232 1564 1296 1605; x_wconf 81' lang='lat' dir='ltr'><strong>ex</strong></span> <span class='ocrx_word' id='word_1_97' title='bbox 1328 1548 1581 1605; x_wconf 91' lang='lat' dir='ltr'><strong>omnibus</strong></span> <span class='ocrx_word' id='word_1_98' title='bbox 1612 1546 1774 1619; x_wconf 77' lang='lat'><strong>515</strong></span> <span class='ocrx_word' id='word_1_99' title='bbox 1812 1546 1918 1602; x_wconf 84' lang='lat' dir='ltr'><strong>illis</strong></span> <span class='ocrx_word' id='word_1_100' title='bbox 1949 1556 2169 1601; x_wconf 79' lang='lat' dir='ltr'><strong>sentcn-</strong></span> 
     </span>
    </p>
   </div>
   <div class='ocr_carea' id='block_1_17' title="bbox 588 1638 2170 1710">
    <p class='ocr_par' dir='ltr' id='par_1_17' title="bbox 588 1638 2170 1710">
     <span class='ocr_line' id='line_1_17' title="bbox 588 1638 2170 1710; baseline -0.003 -12"><span class='ocrx_word' id='word_1_101' title='bbox 588 1647 660 1698; x_wconf 85' lang='lat' dir='ltr'><strong>tia</strong></span> <span class='ocrx_word' id='word_1_102' title='bbox 690 1642 1017 1706; x_wconf 80' lang='lat' dir='ltr'><strong>declaratur,</strong></span> <span class='ocrx_word' id='word_1_103' title='bbox 1063 1642 1231 1710; x_wconf 85' lang='lat' dir='ltr'><strong>ipsius</strong></span> <span class='ocrx_word' id='word_1_104' title='bbox 1268 1641 1411 1706; x_wconf 89' lang='lat' dir='ltr'><strong>dico,</strong></span> <span class='ocrx_word' id='word_1_105' title='bbox 1446 1655 1564 1710; x_wconf 80' lang='lat' dir='ltr'><strong>qua:</strong></span> <span class='ocrx_word' id='word_1_106' title='bbox 1597 1642 1650 1695; x_wconf 92' lang='lat' dir='ltr'><strong>in</strong></span> <span class='ocrx_word' id='word_1_107' title='bbox 1702 1638 1908 1694; x_wconf 82' lang='lat' dir='ltr'><strong>carnali</strong></span> <span class='ocrx_word' id='word_1_108' title='bbox 1954 1648 2037 1694; x_wconf 88' lang='lat' dir='ltr'><strong>est</strong></span> <span class='ocrx_word' id='word_1_109' title='bbox 2076 1653 2170 1709; x_wconf 90' lang='lat' dir='ltr'><strong>ge-</strong></span> 
     </span>
    </p>
   </div>
   <div class='ocr_carea' id='block_1_18' title="bbox 588 1731 2167 1800">
    <p class='ocr_par' dir='ltr' id='par_1_18' title="bbox 588 1731 2167 1800">
     <span class='ocr_line' id='line_1_18' title="bbox 588 1731 2167 1800; baseline -0.004 -9"><span class='ocrx_word' id='word_1_110' title='bbox 588 1734 893 1799; x_wconf 86' lang='lat' dir='ltr'><strong>neratione,</strong></span> <span class='ocrx_word' id='word_1_111' title='bbox 927 1734 1156 1788; x_wconf 86' lang='lat' dir='ltr'><strong>vilitatis</strong></span> <span class='ocrx_word' id='word_1_112' title='bbox 1182 1734 1380 1788; x_wconf 86' lang='lat' dir='ltr'><strong>clarior</strong></span> <span class='ocrx_word' id='word_1_113' title='bbox 1414 1731 1805 1787; x_wconf 81' lang='lat' dir='ltr'><strong>manifestatio.</strong></span> <span class='ocrx_word' id='word_1_114' title='bbox 1832 1731 1973 1797; x_wconf 85' lang='lat' dir='ltr'><strong>Quid</strong></span> <span class='ocrx_word' id='word_1_115' title='bbox 2000 1731 2167 1800; x_wconf 83' lang='lat' dir='ltr'><strong>igitur</strong></span> 
     </span>
    </p>
   </div>
   <div class='ocr_carea' id='block_1_19' title="bbox 586 1821 2164 1895">
    <p class='ocr_par' dir='ltr' id='par_1_19' title="bbox 586 1821 2164 1895">
     <span class='ocr_line' id='line_1_19' title="bbox 586 1821 2164 1895; baseline -0.003 -18"><span class='ocrx_word' id='word_1_116' title='bbox 586 1826 707 1895; x_wconf 82' lang='lat' dir='ltr'><strong>plus</strong></span> <span class='ocrx_word' id='word_1_117' title='bbox 732 1825 994 1880; x_wconf 84' lang='lat' dir='ltr'><strong>habemus</strong></span> <span class='ocrx_word' id='word_1_118' title='bbox 1018 1838 1135 1889; x_wconf 90' lang='lat' dir='ltr'><strong>nos,</strong></span> <span class='ocrx_word' id='word_1_119' title='bbox 1166 1825 1255 1890; x_wconf 83' lang='lat' dir='ltr'><strong>qui</strong></span> <span class='ocrx_word' id='word_1_120' title='bbox 1280 1824 1332 1876; x_wconf 89' lang='lat' dir='ltr'><strong>in</strong></span> <span class='ocrx_word' id='word_1_121' title='bbox 1363 1821 1639 1877; x_wconf 86' lang='lat' dir='ltr'><strong>Christum</strong></span> <span class='ocrx_word' id='word_1_122' title='bbox 1671 1821 1967 1885; x_wconf 75' lang='lat' dir='ltr'><strong>credimus,</strong></span> <span class='ocrx_word' id='word_1_123' title='bbox 2003 1833 2164 1889; x_wconf 84' lang='lat' dir='ltr'><strong>quam</strong></span> 
     </span>
    </p>
   </div>
   <div class='ocr_carea' id='block_1_20' title="bbox 588 1909 2164 1983">
    <p class='ocr_par' dir='ltr' id='par_1_20' title="bbox 588 1909 2164 1983">
     <span class='ocr_line' id='line_1_20' title="bbox 588 1909 2164 1983; baseline -0.004 -12"><span class='ocrx_word' id='word_1_124' title='bbox 588 1915 844 1972; x_wconf 73' lang='lat' dir='ltr'><strong>lsraelitae</strong></span> <span class='ocrx_word' id='word_1_125' title='bbox 877 1916 928 1969; x_wconf 93' lang='lat' dir='ltr'><strong>in</strong></span> <span class='ocrx_word' id='word_1_126' title='bbox 960 1915 1107 1983; x_wconf 83' lang='lat' dir='ltr'><strong>lege?</strong></span> <span class='ocrx_word' id='word_1_127' title='bbox 1134 1913 1345 1968; x_wconf 86' lang='lat' dir='ltr'><strong>Etenim</strong></span> <span class='ocrx_word' id='word_1_128' title='bbox 1374 1921 1427 1967; x_wconf 90' lang='lat' dir='ltr'><strong>et</strong></span> <span class='ocrx_word' id='word_1_129' title='bbox 1459 1912 1529 1968; x_wconf 90' lang='lat' dir='ltr'><strong>illi</strong></span> <span class='ocrx_word' id='word_1_130' title='bbox 1558 1912 1875 1967; x_wconf 88' lang='lat' dir='ltr'><strong>dicebantur</strong></span> <span class='ocrx_word' id='word_1_131' title='bbox 1918 1910 2012 1965; x_wconf 81' lang='lat' dir='ltr'><strong>ﬁlii</strong></span> <span class='ocrx_word' id='word_1_132' title='bbox 2048 1909 2164 1964; x_wconf 77' lang='lat' dir='ltr'><strong>Dei.</strong></span> 
     </span>
    </p>
   </div>
   <div class='ocr_carea' id='block_1_21' title="bbox 587 2003 2168 2077">
    <p class='ocr_par' dir='ltr' id='par_1_21' title="bbox 587 2003 2168 2077">
     <span class='ocr_line' id='line_1_21' title="bbox 587 2003 2168 2077; baseline -0.004 -15"><span class='ocrx_word' id='word_1_133' title='bbox 587 2006 838 2077; x_wconf 76' lang='lat' dir='ltr'><strong>Magnum</strong></span> <span class='ocrx_word' id='word_1_134' title='bbox 866 2021 999 2062; x_wconf 86' lang='lat' dir='ltr'><strong>sane</strong></span> <span class='ocrx_word' id='word_1_135' title='bbox 1033 2006 1175 2060; x_wconf 87' lang='lat' dir='ltr'><strong>inter</strong></span> <span class='ocrx_word' id='word_1_136' title='bbox 1203 2020 1298 2060; x_wconf 88' lang='lat' dir='ltr'><strong>nos</strong></span> <span class='ocrx_word' id='word_1_137' title='bbox 1320 2014 1374 2059; x_wconf 83' lang='lat' dir='ltr'><strong>et</strong></span> <span class='ocrx_word' id='word_1_138' title='bbox 1399 2006 1521 2059; x_wconf 87' lang='lat' dir='ltr'><strong>illos</strong></span> <span class='ocrx_word' id='word_1_139' title='bbox 1556 2004 1847 2059; x_wconf 81' lang='lat' dir='ltr'><strong>discrimen</strong></span> <span class='ocrx_word' id='word_1_140' title='bbox 1874 2017 1888 2056; x_wconf 87' lang='lat'><strong>:</strong></span> <span class='ocrx_word' id='word_1_141' title='bbox 1913 2003 2168 2073; x_wconf 86' lang='lat' dir='ltr'><strong>quoniam</strong></span> 
     </span>
    </p>
   </div>
   <div class='ocr_carea' id='block_1_22' title="bbox 588 2092 2171 2162">
    <p class='ocr_par' dir='ltr' id='par_1_22' title="bbox 588 2092 2171 2162">
     <span class='ocr_line' id='line_1_22' title="bbox 588 2092 2171 2162; baseline -0.004 -10"><span class='ocrx_word' id='word_1_142' title='bbox 588 2098 675 2155; x_wconf 77' lang='lat' dir='ltr'><strong>lex</strong></span> <span class='ocrx_word' id='word_1_143' title='bbox 719 2098 771 2153; x_wconf 92' lang='lat' dir='ltr'><strong>in</strong></span> <span class='ocrx_word' id='word_1_144' title='bbox 802 2097 1056 2154; x_wconf 87' lang='lat' dir='ltr'><strong>omnibus</strong></span> <span class='ocrx_word' id='word_1_145' title='bbox 1088 2095 1323 2150; x_wconf 84' lang='lat' dir='ltr'><strong>habebat</strong></span> <span class='ocrx_word' id='word_1_146' title='bbox 1348 2096 1593 2149; x_wconf 89' lang='lat' dir='ltr'><strong>umbram</strong></span> <span class='ocrx_word' id='word_1_147' title='bbox 1630 2092 1961 2159; x_wconf 80' lang='lat' dir='ltr'><strong>futurorum,</strong></span> <span class='ocrx_word' id='word_1_148' title='bbox 1996 2106 2171 2162; x_wconf 87' lang='lat' dir='ltr'><strong>neque</strong></span> 
     </span>
    </p>
   </div>
   <div class='ocr_carea' id='block_1_23' title="bbox 587 2184 2169 2260">
    <p class='ocr_par' dir='ltr' id='par_1_23' title="bbox 587 2184 2169 2260">
     <span class='ocr_line' id='line_1_23' title="bbox 587 2184 2169 2260; baseline -0.004 -15"><span class='ocrx_word' id='word_1_149' title='bbox 587 2189 925 2260; x_wconf 82' lang='lat' dir='ltr'><strong>adoptionem</strong></span> <span class='ocrx_word' id='word_1_150' title='bbox 961 2188 1195 2243; x_wconf 80' lang='lat' dir='ltr'><strong>ﬁliorum</strong></span> <span class='ocrx_word' id='word_1_151' title='bbox 1224 2186 1317 2242; x_wconf 85' lang='lat' dir='ltr'><strong>Dei</strong></span> <span class='ocrx_word' id='word_1_152' title='bbox 1360 2187 1521 2242; x_wconf 81' lang='lat' dir='ltr'><strong>dabat</strong></span> <span class='ocrx_word' id='word_1_153' title='bbox 1563 2184 1847 2253; x_wconf 87' lang='lat' dir='ltr'><strong>lsraelltis,</strong></span> <span class='ocrx_word' id='word_1_154' title='bbox 1883 2185 1976 2241; x_wconf 87' lang='lat' dir='ltr'><strong>sed</strong></span> <span class='ocrx_word' id='word_1_155' title='bbox 2014 2184 2169 2255; x_wconf 84' lang='lat' dir='ltr'><strong>quasi</strong></span> 
     </span>
    </p>
   </div>
   <div class='ocr_carea' id='block_1_24' title="bbox 586 2274 2170 2351">
    <p class='ocr_par' dir='ltr' id='par_1_24' title="bbox 586 2274 2170 2351">
     <span class='ocr_line' id='line_1_24' title="bbox 586 2274 2170 2351; baseline -0.008 -15"><span class='ocrx_word' id='word_1_156' title='bbox 586 2274 642 2337; x_wconf 84' lang='lat' dir='ltr'><strong>in</strong></span> <span class='ocrx_word' id='word_1_157' title='bbox 674 2279 843 2351; x_wconf 77' lang='lat' dir='ltr'><strong>ﬁgura</strong></span> <span class='ocrx_word' id='word_1_158' title='bbox 884 2288 938 2334; x_wconf 90' lang='lat' dir='ltr'><strong>et</strong></span> <span class='ocrx_word' id='word_1_159' title='bbox 990 2288 1137 2349; x_wconf 83' lang='lat' dir='ltr'><strong>typo,</strong></span> <span class='ocrx_word' id='word_1_160' title='bbox 1178 2292 1278 2333; x_wconf 89' lang='lat' dir='ltr'><strong>nos</strong></span> <span class='ocrx_word' id='word_1_161' title='bbox 1306 2286 1485 2333; x_wconf 88' lang='lat' dir='ltr'><strong>autem</strong></span> <span class='ocrx_word' id='word_1_162' title='bbox 1525 2277 1822 2332; x_wconf 87' lang='lat' dir='ltr'><strong>secundum</strong></span> <span class='ocrx_word' id='word_1_163' title='bbox 1868 2276 2170 2341; x_wconf 79' lang='lat' dir='ltr'><strong>veritatem,</strong></span> 
     </span>
    </p>
   </div>
   <div class='ocr_carea' id='block_1_25' title="bbox 585 2363 2169 2441">
    <p class='ocr_par' dir='ltr' id='par_1_25' title="bbox 585 2363 2169 2441">
     <span class='ocr_line' id='line_1_25' title="bbox 585 2363 2169 2441; baseline -0.004 -17"><span class='ocrx_word' id='word_1_164' title='bbox 585 2378 809 2441; x_wconf 86' lang='lat' dir='ltr'><strong>accepto</strong></span> <span class='ocrx_word' id='word_1_165' title='bbox 833 2368 1039 2438; x_wconf 90' lang='lat' dir='ltr'><strong>Spiritu</strong></span> <span class='ocrx_word' id='word_1_166' title='bbox 1061 2368 1152 2422; x_wconf 90' lang='lat' dir='ltr'><strong>Dei</strong></span> <span class='ocrx_word' id='word_1_167' title='bbox 1174 2383 1271 2438; x_wconf 90' lang='lat' dir='ltr'><strong>per</strong></span> <span class='ocrx_word' id='word_1_168' title='bbox 1292 2368 1580 2437; x_wconf 87' lang='lat' dir='ltr'><strong>baptisma,</strong></span> <span class='ocrx_word' id='word_1_169' title='bbox 1603 2366 1900 2421; x_wconf 88' lang='lat' dir='ltr'><strong>clamamus</strong></span> <span class='ocrx_word' id='word_1_170' title='bbox 1924 2382 1939 2419; x_wconf 92' lang='lat'><strong>:</strong></span> <span class='ocrx_word' id='word_1_171' title='bbox 1969 2382 1988 2416; x_wconf 79' lang='grc' dir='ltr'><strong>ι</strong></span> <span class='ocrx_word' id='word_1_172' title='bbox 2017 2363 2169 2419; x_wconf 84' lang='lat' dir='ltr'><strong>Abba</strong></span> 
     </span>
    </p>
   </div>
   <div class='ocr_carea' id='block_1_26' title="bbox 584 2455 2174 2527">
    <p class='ocr_par' dir='ltr' id='par_1_26' title="bbox 584 2455 2174 2527">
     <span class='ocr_line' id='line_1_26' title="bbox 584 2455 2174 2527; baseline -0.006 -9"><span class='ocrx_word' id='word_1_173' title='bbox 584 2460 747 2519; x_wconf 82' lang='lat' dir='ltr'><strong>Pater</strong></span> <span class='ocrx_word' id='word_1_174' title='bbox 767 2460 836 2516; x_wconf 74' lang='grc'><strong>⁸⁸.</strong></span> <span class='ocrx_word' id='word_1_175' title='bbox 864 2478 883 2513; x_wconf 75' lang='grc' dir='ltr'><strong>ι</strong></span> <span class='ocrx_word' id='word_1_176' title='bbox 910 2459 1063 2515; x_wconf 89' lang='lat' dir='ltr'><strong>Sicut</strong></span> <span class='ocrx_word' id='word_1_177' title='bbox 1083 2466 1259 2514; x_wconf 89' lang='lat' dir='ltr'><strong>autem</strong></span> <span class='ocrx_word' id='word_1_178' title='bbox 1278 2458 1490 2513; x_wconf 90' lang='lat' dir='ltr'><strong>illorum</strong></span> <span class='ocrx_word' id='word_1_179' title='bbox 1516 2457 1787 2527; x_wconf 88' lang='lat' dir='ltr'><strong>baptisma</strong></span> <span class='ocrx_word' id='word_1_180' title='bbox 1820 2456 1877 2511; x_wconf 88' lang='lat' dir='ltr'><strong>iu</strong></span> <span class='ocrx_word' id='word_1_181' title='bbox 1899 2455 2087 2510; x_wconf 87' lang='lat' dir='ltr'><strong>umbra</strong></span> <span class='ocrx_word' id='word_1_182' title='bbox 2117 2464 2174 2509; x_wconf 89' lang='lat' dir='ltr'><strong>et</strong></span> 
     </span>
    </p>
   </div>
   <div class='ocr_carea' id='block_1_27' title="bbox 586 2549 2171 2620">
    <p class='ocr_par' dir='ltr' id='par_1_27' title="bbox 586 2549 2171 2620">
     <span class='ocr_line' id='line_1_27' title="bbox 586 2549 2171 2620; baseline -0.003 -15"><span class='ocrx_word' id='word_1_183' title='bbox 586 2552 641 2605; x_wconf 84' lang='lat' dir='ltr'><strong>in</strong></span> <span class='ocrx_word' id='word_1_184' title='bbox 678 2551 845 2620; x_wconf 82' lang='lat' dir='ltr'><strong>llgura</strong></span> <span class='ocrx_word' id='word_1_185' title='bbox 882 2558 1020 2615; x_wconf 87' lang='lat' dir='ltr'><strong>erat,</strong></span> <span class='ocrx_word' id='word_1_186' title='bbox 1070 2550 1142 2603; x_wconf 87' lang='lat' dir='ltr'><strong>ita</strong></span> <span class='ocrx_word' id='word_1_187' title='bbox 1174 2558 1229 2604; x_wconf 91' lang='lat' dir='ltr'><strong>et</strong></span> <span class='ocrx_word' id='word_1_188' title='bbox 1264 2549 1485 2617; x_wconf 84' lang='lat' dir='ltr'><strong>adoptio</strong></span> <span class='ocrx_word' id='word_1_189' title='bbox 1512 2558 1754 2603; x_wconf 90' lang='lat' dir='ltr'><strong>nostram</strong></span> <span class='ocrx_word' id='word_1_190' title='bbox 1790 2561 2003 2618; x_wconf 90' lang='lat' dir='ltr'><strong>quoque</strong></span> <span class='ocrx_word' id='word_1_191' title='bbox 2035 2560 2171 2617; x_wconf 65' lang='lat' dir='ltr'><strong>prm-</strong></span> 
     </span>
    </p>
   </div>
   <div class='ocr_carea' id='block_1_28' title="bbox 588 2638 2169 2712">
    <p class='ocr_par' dir='ltr' id='par_1_28' title="bbox 588 2638 2169 2712">
     <span class='ocr_line' id='line_1_28' title="bbox 588 2638 2169 2712; baseline -0.004 -14"><span class='ocrx_word' id='word_1_192' title='bbox 588 2642 877 2711; x_wconf 81' lang='lat' dir='ltr'><strong>ligurabat.</strong></span> <span class='ocrx_word' id='word_1_193' title='bbox 897 2641 1189 2711; x_wconf 85' lang='lat' dir='ltr'><strong>Propterea</strong></span> <span class='ocrx_word' id='word_1_194' title='bbox 1217 2642 1465 2712; x_wconf 83' lang='lat' dir='ltr'><strong>quamvis</strong></span> <span class='ocrx_word' id='word_1_195' title='bbox 1486 2642 1665 2696; x_wconf 87' lang='lat' dir='ltr'><strong>vocati</strong></span> <span class='ocrx_word' id='word_1_196' title='bbox 1695 2638 1898 2695; x_wconf 79' lang='lat' dir='ltr'><strong>fuerint</strong></span> <span class='ocrx_word' id='word_1_197' title='bbox 1921 2638 2039 2702; x_wconf 78' lang='lat' dir='ltr'><strong>lilii,</strong></span> <span class='ocrx_word' id='word_1_198' title='bbox 2067 2639 2169 2692; x_wconf 92' lang='lat' dir='ltr'><strong>hoc</strong></span> 
     </span>
    </p>
   </div>
   <div class='ocr_carea' id='block_1_29' title="bbox 594 2731 2172 2803">
    <p class='ocr_par' dir='ltr' id='par_1_29' title="bbox 594 2731 2172 2803">
     <span class='ocr_line' id='line_1_29' title="bbox 594 2731 2172 2803; baseline -0.004 -14"><span class='ocrx_word' id='word_1_199' title='bbox 594 2745 774 2789; x_wconf 89' lang='lat' dir='ltr'><strong>tamen</strong></span> <span class='ocrx_word' id='word_1_200' title='bbox 800 2733 1028 2802; x_wconf 79' lang='lat' dir='ltr'><strong>contigit</strong></span> <span class='ocrx_word' id='word_1_201' title='bbox 1051 2733 1129 2788; x_wconf 89' lang='lat' dir='ltr'><strong>eis</strong></span> <span class='ocrx_word' id='word_1_202' title='bbox 1158 2733 1209 2787; x_wconf 88' lang='lat' dir='ltr'><strong>lu</strong></span> <span class='ocrx_word' id='word_1_203' title='bbox 1240 2733 1454 2800; x_wconf 90' lang='lat' dir='ltr'><strong>umbra,</strong></span> <span class='ocrx_word' id='word_1_204' title='bbox 1479 2747 1653 2803; x_wconf 91' lang='lat' dir='ltr'><strong>neque</strong></span> <span class='ocrx_word' id='word_1_205' title='bbox 1680 2732 1731 2786; x_wconf 89' lang='lat' dir='ltr'><strong>in</strong></span> <span class='ocrx_word' id='word_1_206' title='bbox 1765 2731 1993 2788; x_wconf 80' lang='lat' dir='ltr'><strong>veritate</strong></span> <span class='ocrx_word' id='word_1_207' title='bbox 2022 2744 2172 2783; x_wconf 86' lang='lat' dir='ltr'><strong>eam—</strong></span> 
     </span>
    </p>
   </div>
   <div class='ocr_carea' id='block_1_30' title="bbox 589 2822 2171 2893">
    <p class='ocr_par' dir='ltr' id='par_1_30' title="bbox 589 2822 2171 2893">
     <span class='ocr_line' id='line_1_30' title="bbox 589 2822 2171 2893; baseline -0.003 -15"><span class='ocrx_word' id='word_1_208' title='bbox 589 2825 710 2878; x_wconf 89' lang='lat' dir='ltr'><strong>dem</strong></span> <span class='ocrx_word' id='word_1_209' title='bbox 737 2824 967 2878; x_wconf 86' lang='lat' dir='ltr'><strong>tlliorum</strong></span> <span class='ocrx_word' id='word_1_210' title='bbox 990 2822 1335 2893; x_wconf 84' lang='lat' dir='ltr'><strong>adoptionem</strong></span> <span class='ocrx_word' id='word_1_211' title='bbox 1363 2822 1693 2891; x_wconf 83' lang='lat' dir='ltr'><strong>habuerunt,</strong></span> <span class='ocrx_word' id='word_1_212' title='bbox 1710 2837 1873 2893; x_wconf 88' lang='lat' dir='ltr'><strong>quam</strong></span> <span class='ocrx_word' id='word_1_213' title='bbox 1900 2835 2002 2878; x_wconf 88' lang='lat' dir='ltr'><strong>nos</strong></span> <span class='ocrx_word' id='word_1_214' title='bbox 2028 2834 2171 2875; x_wconf 90' lang='lat' dir='ltr'><strong>nunc</strong></span> 
     </span>
    </p>
   </div>
   <div class='ocr_carea' id='block_1_31' title="bbox 590 2912 1009 2984">
    <p class='ocr_par' dir='ltr' id='par_1_31' title="bbox 590 2912 1009 2984">
     <span class='ocr_line' id='line_1_31' title="bbox 590 2912 1009 2984; baseline 0.002 -16"><span class='ocrx_word' id='word_1_215' title='bbox 590 2927 686 2984; x_wconf 89' lang='lat' dir='ltr'><strong>per</strong></span> <span class='ocrx_word' id='word_1_216' title='bbox 717 2912 1009 2983; x_wconf 88' lang='lat' dir='ltr'><strong>baptisma.</strong></span> 
     </span>
    </p>
   </div>
   <div class='ocr_carea' id='block_1_32' title="bbox 661 3188 2170 3247">
    <p class='ocr_par' dir='ltr' id='par_1_32' title="bbox 661 3188 2170 3247">
     <span class='ocr_line' id='line_1_32' title="bbox 661 3188 2170 3247; baseline 0 -1"><span class='ocrx_word' id='word_1_217' title='bbox 661 3192 826 3246; x_wconf 77' lang='lat' dir='ltr'><strong>Vens.</strong></span> <span class='ocrx_word' id='word_1_218' title='bbox 860 3190 946 3245; x_wconf 70' lang='grc' dir='ltr'>Η.</span> <span class='ocrx_word' id='word_1_219' title='bbox 984 3206 1004 3243; x_wconf 80' lang='grc' dir='ltr'><strong>ι</strong></span> <span class='ocrx_word' id='word_1_220' title='bbox 1041 3188 1111 3245; x_wconf 85' lang='lat' dir='ltr'><strong>Et</strong></span> <span class='ocrx_word' id='word_1_221' title='bbox 1135 3188 1370 3245; x_wconf 68' lang='lat' dir='ltr'><strong>Verbum</strong></span> <span class='ocrx_word' id='word_1_222' title='bbox 1417 3203 1546 3245; x_wconf 91' lang='lat' dir='ltr'><strong>caro</strong></span> <span class='ocrx_word' id='word_1_223' title='bbox 1572 3190 1769 3247; x_wconf 77' lang='lat' dir='ltr'><strong>factum</strong></span> <span class='ocrx_word' id='word_1_224' title='bbox 1819 3196 1925 3246; x_wconf 88' lang='lat' dir='ltr'><strong>est.</strong></span> <span class='ocrx_word' id='word_1_225' title='bbox 1958 3207 1979 3243; x_wconf 68' lang='grc' dir='ltr'><strong>ι</strong></span> <span class='ocrx_word' id='word_1_226' title='bbox 2019 3189 2170 3246; x_wconf 87' lang='lat' dir='ltr'><strong>Post-</strong></span> 
     </span>
    </p>
   </div>
   <div class='ocr_carea' id='block_1_33' title="bbox 591 3280 2174 3355">
    <p class='ocr_par' dir='ltr' id='par_1_33' title="bbox 591 3280 2174 3355">
     <span class='ocr_line' id='line_1_33' title="bbox 591 3280 2174 3355; baseline 0.001 -19"><span class='ocrx_word' id='word_1_227' title='bbox 591 3297 756 3355; x_wconf 87' lang='lat' dir='ltr'><strong>quam</strong></span> <span class='ocrx_word' id='word_1_228' title='bbox 788 3281 925 3336; x_wconf 77' lang='lat' dir='ltr'><strong>dixit</strong></span> <span class='ocrx_word' id='word_1_229' title='bbox 973 3281 1115 3349; x_wconf 88' lang='lat' dir='ltr'><strong>quod</strong></span> <span class='ocrx_word' id='word_1_230' title='bbox 1159 3295 1256 3336; x_wconf 92' lang='lat' dir='ltr'><strong>nos</strong></span> <span class='ocrx_word' id='word_1_231' title='bbox 1290 3280 1573 3337; x_wconf 86' lang='lat' dir='ltr'><strong>credentes</strong></span> <span class='ocrx_word' id='word_1_232' title='bbox 1612 3281 1669 3337; x_wconf 90' lang='lat' dir='ltr'><strong>in</strong></span> <span class='ocrx_word' id='word_1_233' title='bbox 1693 3281 1966 3339; x_wconf 81' lang='lat' dir='ltr'><strong>Christum</strong></span> <span class='ocrx_word' id='word_1_234' title='bbox 1994 3283 2039 3338; x_wconf 89' lang='lat' dir='ltr'><strong>si</strong></span> <span class='ocrx_word' id='word_1_235' title='bbox 2076 3299 2174 3338; x_wconf 80' lang='lat' dir='ltr'><strong>vo-</strong></span> 
     </span>
    </p>
   </div>
   <div class='ocr_carea' id='block_1_34' title="bbox 596 3368 2180 3437">
    <p class='ocr_par' dir='ltr' id='par_1_34' title="bbox 596 3368 2180 3437">
     <span class='ocr_line' id='line_1_34' title="bbox 596 3368 2180 3437; baseline -0.001 -8"><span class='ocrx_word' id='word_1_236' title='bbox 596 3373 881 3437; x_wconf 74' lang='lat' dir='ltr'><strong>luerimus,</strong></span> <span class='ocrx_word' id='word_1_237' title='bbox 953 3368 1253 3426; x_wconf 78' lang='lat' dir='ltr'><strong>eﬁiciamur</strong></span> <span class='ocrx_word' id='word_1_238' title='bbox 1305 3370 1398 3425; x_wconf 80' lang='lat' dir='ltr'><strong>lilii</strong></span> <span class='ocrx_word' id='word_1_239' title='bbox 1448 3369 1565 3437; x_wconf 89' lang='lat' dir='ltr'><strong>Dei,</strong></span> <span class='ocrx_word' id='word_1_240' title='bbox 1618 3370 1890 3427; x_wconf 82' lang='lat' dir='ltr'><strong>subint&#39;ert</strong></span> <span class='ocrx_word' id='word_1_241' title='bbox 1932 3387 2077 3428; x_wconf 90' lang='lat' dir='ltr'><strong>nunc</strong></span> <span class='ocrx_word' id='word_1_242' title='bbox 2126 3382 2180 3428; x_wconf 86' lang='lat' dir='ltr'><strong>et</strong></span> 
     </span>
    </p>
   </div>
   <div class='ocr_carea' id='block_1_35' title="bbox 592 3463 2178 3537">
    <p class='ocr_par' dir='ltr' id='par_1_35' title="bbox 592 3463 2178 3537">
     <span class='ocr_line' id='line_1_35' title="bbox 592 3463 2178 3537; baseline -0.001 -14"><span class='ocrx_word' id='word_1_243' title='bbox 592 3482 813 3524; x_wconf 81' lang='lat' dir='ltr'><strong>causam</strong></span> <span class='ocrx_word' id='word_1_244' title='bbox 863 3466 996 3520; x_wconf 89' lang='lat' dir='ltr'><strong>tanti</strong></span> <span class='ocrx_word' id='word_1_245' title='bbox 1043 3464 1185 3521; x_wconf 89' lang='lat' dir='ltr'><strong>boui.</strong></span> <span class='ocrx_word' id='word_1_246' title='bbox 1238 3463 1376 3519; x_wconf 83' lang='lat' dir='ltr'><strong>Dicit</strong></span> <span class='ocrx_word' id='word_1_247' title='bbox 1410 3466 1554 3520; x_wconf 89' lang='lat' dir='ltr'><strong>enim</strong></span> <span class='ocrx_word' id='word_1_248' title='bbox 1593 3480 1610 3524; x_wconf 72' lang='grc' dir='ltr'>ς</span> <span class='ocrx_word' id='word_1_249' title='bbox 1651 3464 1745 3521; x_wconf 88' lang='lat' dir='ltr'><strong>Vis</strong></span> <span class='ocrx_word' id='word_1_250' title='bbox 1783 3464 1991 3521; x_wconf 82' lang='lat' dir='ltr'><strong>discere</strong></span> <span class='ocrx_word' id='word_1_251' title='bbox 2049 3468 2178 3537; x_wconf 89' lang='lat' dir='ltr'><strong>quid</strong></span> 
     </span>
    </p>
   </div>
   <div class='ocr_carea' id='block_1_36' title="bbox 600 3542 2178 3627">
    <p class='ocr_par' dir='ltr' id='par_1_36' title="bbox 600 3542 2178 3627">
     <span class='ocr_line' id='line_1_36' title="bbox 600 3542 2178 3627; baseline 0 -13"><span class='ocrx_word' id='word_1_252' title='bbox 600 3558 905 3614; x_wconf 84' lang='lat' dir='ltr'><strong>conciliarit</strong></span> <span class='ocrx_word' id='word_1_253' title='bbox 961 3558 1120 3612; x_wconf 87' lang='lat' dir='ltr'><strong>nobis</strong></span> <span class='ocrx_word' id='word_1_254' title='bbox 1166 3542 1305 3612; x_wconf 88' lang='lat' dir='ltr'><strong>hanc</strong></span> <span class='ocrx_word' id='word_1_255' title='bbox 1355 3557 1695 3627; x_wconf 85' lang='lat' dir='ltr'><strong>adoptionem</strong></span> <span class='ocrx_word' id='word_1_256' title='bbox 1734 3557 1790 3612; x_wconf 88' lang='lat' dir='ltr'><strong>in</strong></span> <span class='ocrx_word' id='word_1_257' title='bbox 1816 3557 1997 3614; x_wconf 82' lang='lat' dir='ltr'><strong>lllios?</strong></span> <span class='ocrx_word' id='word_1_258' title='bbox 2041 3558 2178 3626; x_wconf 83' lang='lat' dir='ltr'><strong>Quia</strong></span> 
     </span>
    </p>
   </div>
   <div class='ocr_carea' id='block_1_37' title="bbox 611 3645 2176 3715">
    <p class='ocr_par' dir='ltr' id='par_1_37' title="bbox 611 3645 2176 3715">
     <span class='ocr_line' id='line_1_37' title="bbox 611 3645 2176 3715; baseline 0.003 -15"><span class='ocrx_word' id='word_1_259' title='bbox 611 3666 632 3700; x_wconf 78' lang='grc' dir='ltr'><strong>ι</strong></span> <span class='ocrx_word' id='word_1_260' title='bbox 668 3645 900 3701; x_wconf 79' lang='lat' dir='ltr'><strong>Verbum</strong></span> <span class='ocrx_word' id='word_1_261' title='bbox 937 3661 1063 3703; x_wconf 85' lang='lat' dir='ltr'><strong>caro</strong></span> <span class='ocrx_word' id='word_1_262' title='bbox 1108 3645 1307 3702; x_wconf 81' lang='lat' dir='ltr'><strong>factum</strong></span> <span class='ocrx_word' id='word_1_263' title='bbox 1344 3656 1447 3703; x_wconf 83' lang='lat' dir='ltr'><strong>est.</strong></span> <span class='ocrx_word' id='word_1_264' title='bbox 1483 3665 1500 3698; x_wconf 75' lang='grc' dir='ltr'><strong>ι</strong></span> <span class='ocrx_word' id='word_1_265' title='bbox 1535 3646 1757 3715; x_wconf 86' lang='lat' dir='ltr'><strong>Quando</strong></span> <span class='ocrx_word' id='word_1_266' title='bbox 1775 3658 1954 3704; x_wconf 86' lang='lat' dir='ltr'><strong>autem</strong></span> <span class='ocrx_word' id='word_1_267' title='bbox 1989 3650 2176 3704; x_wconf 79' lang='lat' dir='ltr'><strong>audie-</strong></span> 
     </span>
    </p>
   </div>
   <div class='ocr_carea' id='block_1_38' title="bbox 593 3735 2179 3812">
    <p class='ocr_par' dir='ltr' id='par_1_38' title="bbox 593 3735 2179 3812">
     <span class='ocr_line' id='line_1_38' title="bbox 593 3735 2179 3812; baseline 0.003 -18"><span class='ocrx_word' id='word_1_268' title='bbox 593 3738 672 3794; x_wconf 85' lang='lat' dir='ltr'><strong>ris</strong></span> <span class='ocrx_word' id='word_1_269' title='bbox 721 3739 860 3808; x_wconf 90' lang='lat' dir='ltr'><strong>quod</strong></span> <span class='ocrx_word' id='word_1_270' title='bbox 928 3735 1157 3793; x_wconf 80' lang='lat' dir='ltr'><strong>Verbum</strong></span> <span class='ocrx_word' id='word_1_271' title='bbox 1214 3753 1343 3794; x_wconf 86' lang='lat' dir='ltr'><strong>caro</strong></span> <span class='ocrx_word' id='word_1_272' title='bbox 1393 3738 1593 3795; x_wconf 80' lang='lat' dir='ltr'><strong>factum</strong></span> <span class='ocrx_word' id='word_1_273' title='bbox 1642 3750 1762 3805; x_wconf 70' lang='lat' dir='ltr'><strong>est,</strong></span> <span class='ocrx_word' id='word_1_274' title='bbox 1831 3758 1897 3797; x_wconf 89' lang='lat' dir='ltr'><strong>ne</strong></span> <span class='ocrx_word' id='word_1_275' title='bbox 1938 3743 2179 3812; x_wconf 84' lang='lat' dir='ltr'><strong>opineris</strong></span> 
     </span>
    </p>
   </div>
   <div class='ocr_carea' id='block_1_39' title="bbox 595 3830 2178 3901">
    <p class='ocr_par' dir='ltr' id='par_1_39' title="bbox 595 3830 2178 3901">
     <span class='ocr_line' id='line_1_39' title="bbox 595 3830 2178 3901; baseline 0.005 -19"><span class='ocrx_word' id='word_1_276' title='bbox 595 3830 739 3901; x_wconf 87' lang='lat' dir='ltr'><strong>quod</strong></span> <span class='ocrx_word' id='word_1_277' title='bbox 773 3845 803 3884; x_wconf 87' lang='lat' dir='ltr'><strong>a</strong></span> <span class='ocrx_word' id='word_1_278' title='bbox 839 3844 935 3885; x_wconf 86' lang='lat' dir='ltr'><strong>sua</strong></span> <span class='ocrx_word' id='word_1_279' title='bbox 989 3840 1181 3885; x_wconf 82' lang='lat' dir='ltr'><strong>natura</strong></span> <span class='ocrx_word' id='word_1_280' title='bbox 1220 3831 1510 3898; x_wconf 89' lang='lat' dir='ltr'><strong>destiterit,</strong></span> <span class='ocrx_word' id='word_1_281' title='bbox 1546 3833 1674 3888; x_wconf 91' lang='lat' dir='ltr'><strong>etin</strong></span> <span class='ocrx_word' id='word_1_282' title='bbox 1712 3849 1928 3889; x_wconf 86' lang='lat' dir='ltr'><strong>carnem</strong></span> <span class='ocrx_word' id='word_1_283' title='bbox 1961 3851 2178 3892; x_wconf 86' lang='lat' dir='ltr'><strong>versum</strong></span> 
     </span>
    </p>
   </div>
   <div class='ocr_carea' id='block_1_40' title="bbox 596 3921 2177 3991">
    <p class='ocr_par' dir='ltr' id='par_1_40' title="bbox 596 3921 2177 3991">
     <span class='ocr_line' id='line_1_40' title="bbox 596 3921 2177 3991; baseline 0.003 -14"><span class='ocrx_word' id='word_1_284' title='bbox 596 3922 688 3978; x_wconf 85' lang='lat' dir='ltr'><strong>sit.</strong></span> <span class='ocrx_word' id='word_1_285' title='bbox 744 3921 928 3991; x_wconf 85' lang='lat' dir='ltr'><strong>Neque</strong></span> <span class='ocrx_word' id='word_1_286' title='bbox 959 3924 1104 3977; x_wconf 89' lang='lat' dir='ltr'><strong>enim</strong></span> <span class='ocrx_word' id='word_1_287' title='bbox 1156 3922 1302 3978; x_wconf 88' lang='lat' dir='ltr'><strong>Deus</strong></span> <span class='ocrx_word' id='word_1_288' title='bbox 1344 3921 1555 3989; x_wconf 75' lang='lat' dir='ltr'><strong>fuisset,</strong></span> <span class='ocrx_word' id='word_1_289' title='bbox 1586 3923 1631 3978; x_wconf 88' lang='lat' dir='ltr'><strong>si</strong></span> <span class='ocrx_word' id='word_1_290' title='bbox 1664 3940 1876 3980; x_wconf 85' lang='lat' dir='ltr'><strong>versum</strong></span> <span class='ocrx_word' id='word_1_291' title='bbox 1905 3935 1957 3981; x_wconf 90' lang='lat' dir='ltr'><strong>et</strong></span> <span class='ocrx_word' id='word_1_292' title='bbox 1978 3927 2177 3982; x_wconf 35' lang='lat' dir='ltr'><strong>alteras</strong></span> 
     </span>
    </p>
   </div>
   <div class='ocr_carea' id='block_1_41' title="bbox 598 4012 2177 4088">
    <p class='ocr_par' dir='ltr' id='par_1_41' title="bbox 598 4012 2177 4088">
     <span class='ocr_line' id='line_1_41' title="bbox 598 4012 2177 4088; baseline 0.003 -20"><span class='ocrx_word' id='word_1_293' title='bbox 598 4025 710 4069; x_wconf 86' lang='lat' dir='ltr'><strong>tutu</strong></span> <span class='ocrx_word' id='word_1_294' title='bbox 739 4012 968 4075; x_wconf 79' lang='lat' dir='ltr'><strong>fuisset:</strong></span> <span class='ocrx_word' id='word_1_295' title='bbox 997 4016 1089 4069; x_wconf 89' lang='lat' dir='ltr'><strong>sed</strong></span> <span class='ocrx_word' id='word_1_296' title='bbox 1124 4030 1345 4071; x_wconf 88' lang='lat' dir='ltr'><strong>manens</strong></span> <span class='ocrx_word' id='word_1_297' title='bbox 1372 4018 1511 4085; x_wconf 88' lang='lat' dir='ltr'><strong>quod</strong></span> <span class='ocrx_word' id='word_1_298' title='bbox 1532 4026 1671 4082; x_wconf 90' lang='lat' dir='ltr'><strong>erat,</strong></span> <span class='ocrx_word' id='word_1_299' title='bbox 1697 4016 1897 4073; x_wconf 78' lang='lat' dir='ltr'><strong>factum</strong></span> <span class='ocrx_word' id='word_1_300' title='bbox 1929 4028 2013 4075; x_wconf 83' lang='lat' dir='ltr'><strong>est</strong></span> <span class='ocrx_word' id='word_1_301' title='bbox 2037 4020 2177 4088; x_wconf 90' lang='lat' dir='ltr'><strong>quod</strong></span> 
     </span>
    </p>
   </div>
   <div class='ocr_carea' id='block_1_42' title="bbox 598 4107 2178 4177">
    <p class='ocr_par' dir='ltr' id='par_1_42' title="bbox 598 4107 2178 4177">
     <span class='ocr_line' id='line_1_42' title="bbox 598 4107 2178 4177; baseline 0.003 -14"><span class='ocrx_word' id='word_1_302' title='bbox 598 4123 704 4163; x_wconf 86' lang='lat' dir='ltr'><strong>non</strong></span> <span class='ocrx_word' id='word_1_303' title='bbox 734 4118 871 4163; x_wconf 87' lang='lat' dir='ltr'><strong>erat.</strong></span> <span class='ocrx_word' id='word_1_304' title='bbox 904 4107 1272 4177; x_wconf 83' lang='lat' dir='ltr'><strong>Apollinarius</strong></span> <span class='ocrx_word' id='word_1_305' title='bbox 1314 4117 1495 4163; x_wconf 87' lang='lat' dir='ltr'><strong>autem</strong></span> <span class='ocrx_word' id='word_1_306' title='bbox 1536 4109 1879 4166; x_wconf 81' lang='lat' dir='ltr'><strong>Laodicenus</strong></span> <span class='ocrx_word' id='word_1_307' title='bbox 1918 4111 2043 4167; x_wconf 90' lang='lat' dir='ltr'><strong>hinc</strong></span> <span class='ocrx_word' id='word_1_308' title='bbox 2070 4111 2178 4166; x_wconf 70' lang='lat' dir='ltr'><strong>ha:-</strong></span> 
     </span>
    </p>
   </div>
   <div class='ocr_carea' id='block_1_43' title="bbox 598 4197 2175 4269">
    <p class='ocr_par' dir='ltr' id='par_1_43' title="bbox 598 4197 2175 4269">
     <span class='ocr_line' id='line_1_43' title="bbox 598 4197 2175 4269; baseline 0.006 -19"><span class='ocrx_word' id='word_1_309' title='bbox 598 4198 761 4251; x_wconf 83' lang='lat' dir='ltr'><strong>resim</strong></span> <span class='ocrx_word' id='word_1_310' title='bbox 814 4198 1092 4252; x_wconf 80' lang='lat' dir='ltr'><strong>excitavit.</strong></span> <span class='ocrx_word' id='word_1_311' title='bbox 1163 4197 1363 4268; x_wconf 80' lang='lat' dir='ltr'><strong>Dognta</strong></span> <span class='ocrx_word' id='word_1_312' title='bbox 1410 4200 1552 4255; x_wconf 88' lang='lat' dir='ltr'><strong>enim</strong></span> <span class='ocrx_word' id='word_1_313' title='bbox 1575 4200 1693 4269; x_wconf 88' lang='lat' dir='ltr'><strong>ejus</strong></span> <span class='ocrx_word' id='word_1_314' title='bbox 1722 4208 1861 4265; x_wconf 89' lang='lat' dir='ltr'><strong>erat,</strong></span> <span class='ocrx_word' id='word_1_315' title='bbox 1892 4202 2175 4258; x_wconf 90' lang='lat' dir='ltr'><strong>Dominum</strong></span> 
     </span>
    </p>
   </div>
   <div class='ocr_carea' id='block_1_44' title="bbox 599 4286 2179 4358">
    <p class='ocr_par' dir='ltr' id='par_1_44' title="bbox 599 4286 2179 4358">
     <span class='ocr_line' id='line_1_44' title="bbox 599 4286 2179 4358; baseline 0.004 -18"><span class='ocrx_word' id='word_1_316' title='bbox 599 4296 655 4341; x_wconf 87' lang='lat' dir='ltr'><strong>et</strong></span> <span class='ocrx_word' id='word_1_317' title='bbox 680 4286 845 4341; x_wconf 84' lang='lat' dir='ltr'><strong>Deum</strong></span> <span class='ocrx_word' id='word_1_318' title='bbox 875 4296 1119 4344; x_wconf 75' lang='lat' dir='ltr'><strong>nostrum</strong></span> <span class='ocrx_word' id='word_1_319' title='bbox 1150 4301 1253 4342; x_wconf 90' lang='lat' dir='ltr'><strong>non</strong></span> <span class='ocrx_word' id='word_1_320' title='bbox 1296 4289 1597 4358; x_wconf 87' lang='lat' dir='ltr'><strong>suscepisse</strong></span> <span class='ocrx_word' id='word_1_321' title='bbox 1629 4290 1919 4358; x_wconf 80' lang='lat' dir='ltr'><strong>perfectam</strong></span> <span class='ocrx_word' id='word_1_322' title='bbox 1943 4291 2179 4348; x_wconf 85' lang='lat' dir='ltr'><strong>hominis</strong></span> 
     </span>
    </p>
   </div>
   <div class='ocr_carea' id='block_1_45' title="bbox 599 4381 2176 4455">
    <p class='ocr_par' dir='ltr' id='par_1_45' title="bbox 599 4381 2176 4455">
     <span class='ocr_line' id='line_1_45' title="bbox 599 4381 2176 4455; baseline 0.003 -18"><span class='ocrx_word' id='word_1_323' title='bbox 599 4392 867 4448; x_wconf 89' lang='lat' dir='ltr'><strong>naturam,</strong></span> <span class='ocrx_word' id='word_1_324' title='bbox 910 4381 1161 4438; x_wconf 75' lang='lat' dir='ltr'><strong>videlicet</strong></span> <span class='ocrx_word' id='word_1_325' title='bbox 1232 4396 1430 4452; x_wconf 88' lang='lat' dir='ltr'><strong>corpus</strong></span> <span class='ocrx_word' id='word_1_326' title='bbox 1495 4399 1617 4438; x_wconf 86' lang='lat' dir='ltr'><strong>cum</strong></span> <span class='ocrx_word' id='word_1_327' title='bbox 1668 4385 1847 4441; x_wconf 86' lang='lat' dir='ltr'><strong>anima</strong></span> <span class='ocrx_word' id='word_1_328' title='bbox 1904 4386 2176 4455; x_wconf 80' lang='lat' dir='ltr'><strong>rationali,</strong></span> 
     </span>
    </p>
   </div>
   <div class='ocr_carea' id='block_1_46' title="bbox 2196 1877 2243 1937">
    <p class='ocr_par' dir='ltr' id='par_1_46' title="bbox 2196 1877 2243 1937">
     <span class='ocr_line' id='line_1_46' title="bbox 2196 1877 2243 1937; baseline 0 0"><span class='ocrx_word' id='word_1_329' title='bbox 2196 1877 2243 1937; x_wconf 87' lang='lat' dir='ltr'><strong>B</strong></span> 
     </span>
    </p>
   </div>
   <div class='ocr_carea' id='block_1_47' title="bbox 2274 616 3861 695">
    <p class='ocr_par' dir='ltr' id='par_1_47' title="bbox 2274 616 3861 695">
     <span class='ocr_line' id='line_1_47' title="bbox 2274 616 3861 695; baseline -0.006 -16"><span class='ocrx_word' id='word_1_330' title='bbox 2274 625 2409 695; x_wconf 76' lang='grc' dir='ltr'>πρὸς</span> <span class='ocrx_word' id='word_1_331' title='bbox 2444 625 2532 679; x_wconf 83' lang='grc' dir='ltr'>τὸν</span> <span class='ocrx_word' id='word_1_332' title='bbox 2569 620 2909 692; x_wconf 63' lang='grc' dir='ltr'>συνδυασμδν</span> <span class='ocrx_word' id='word_1_333' title='bbox 2939 619 3034 673; x_wconf 86' lang='grc' dir='ltr'><strong>τοῦ</strong></span> <span class='ocrx_word' id='word_1_334' title='bbox 3087 618 3489 690; x_wconf 77' lang='grc' dir='ltr'>ἐπιθυμοῦντος</span> <span class='ocrx_word' id='word_1_335' title='bbox 3520 616 3861 684; x_wconf 80' lang='grc' dir='ltr'>συγκατάθε-</span> 
     </span>
    </p>
   </div>
   <div class='ocr_carea' id='block_1_48' title="bbox 2275 709 3853 786">
    <p class='ocr_par' dir='ltr' id='par_1_48' title="bbox 2275 709 3853 786">
     <span class='ocr_line' id='line_1_48' title="bbox 2275 709 3853 786; baseline -0.006 -16"><span class='ocrx_word' id='word_1_336' title='bbox 2275 734 2382 782; x_wconf 85' lang='grc' dir='ltr'>σιν,</span> <span class='ocrx_word' id='word_1_337' title='bbox 2400 716 2520 786; x_wconf 76' lang='grc' dir='ltr'>ἥτις</span> <span class='ocrx_word' id='word_1_338' title='bbox 2543 713 2684 786; x_wconf 79' lang='grc' dir='ltr'>ἀρχὴ</span> <span class='ocrx_word' id='word_1_339' title='bbox 2702 714 2798 784; x_wconf 82' lang='grc' dir='ltr'><strong>τῆς</strong></span> <span class='ocrx_word' id='word_1_340' title='bbox 2818 711 3090 783; x_wconf 81' lang='grc' dir='ltr'>πράξεως.</span> <span class='ocrx_word' id='word_1_341' title='bbox 3120 709 3329 782; x_wconf 79' lang='grc' dir='ltr'>Ἔθηκε</span> <span class='ocrx_word' id='word_1_342' title='bbox 3350 710 3407 764; x_wconf 81' lang='grc' dir='ltr'>δὲ</span> <span class='ocrx_word' id='word_1_343' title='bbox 3429 711 3522 765; x_wconf 71' lang='grc' dir='ltr'>καὶ</span> <span class='ocrx_word' id='word_1_344' title='bbox 3543 710 3853 781; x_wconf 66' lang='grc' dir='ltr'>ἀμιεότερα,</span> 
     </span>
    </p>
   </div>
   <div class='ocr_carea' id='block_1_49' title="bbox 2272 803 3853 878">
    <p class='ocr_par' dir='ltr' id='par_1_49' title="bbox 2272 803 3853 878">
     <span class='ocr_line' id='line_1_49' title="bbox 2272 803 3853 878; baseline -0.006 -15"><span class='ocrx_word' id='word_1_345' title='bbox 2272 810 2355 863; x_wconf 83' lang='grc' dir='ltr'>ὅτι</span> <span class='ocrx_word' id='word_1_346' title='bbox 2387 808 2568 863; x_wconf 85' lang='grc' dir='ltr'>πολλοὶ</span> <span class='ocrx_word' id='word_1_347' title='bbox 2596 806 2926 878; x_wconf 85' lang='grc' dir='ltr'>ἐπιθυμοῦσι</span> <span class='ocrx_word' id='word_1_348' title='bbox 2978 806 3099 876; x_wconf 79' lang='grc' dir='ltr'>μὲν,</span> <span class='ocrx_word' id='word_1_349' title='bbox 3143 805 3202 858; x_wconf 77' lang='grc' dir='ltr'>οὐ</span> <span class='ocrx_word' id='word_1_350' title='bbox 3231 806 3340 875; x_wconf 84' lang='grc' dir='ltr'>μὴν</span> <span class='ocrx_word' id='word_1_351' title='bbox 3388 803 3550 867; x_wconf 79' lang='grc' dir='ltr'>εὐθὺς</span> <span class='ocrx_word' id='word_1_352' title='bbox 3590 804 3687 857; x_wconf 68' lang='grc' dir='ltr'><strong>καί</strong></span> <span class='ocrx_word' id='word_1_353' title='bbox 3730 820 3853 855; x_wconf 60' lang='grc' dir='ltr'>συν.</span> 
     </span>
    </p>
   </div>
   <div class='ocr_carea' id='block_1_50' title="bbox 2272 895 3855 971">
    <p class='ocr_par' dir='ltr' id='par_1_50' title="bbox 2272 895 3855 971">
     <span class='ocr_line' id='line_1_50' title="bbox 2272 895 3855 971; baseline -0.003 -19"><span class='ocrx_word' id='word_1_354' title='bbox 2272 900 2577 969; x_wconf 75' lang='grc' dir='ltr'>απάγονται</span> <span class='ocrx_word' id='word_1_355' title='bbox 2603 901 2669 971; x_wconf 78' lang='grc' dir='ltr'>τῇ</span> <span class='ocrx_word' id='word_1_356' title='bbox 2697 897 2990 969; x_wconf 67' lang='grc' dir='ltr'>ἐπιθυμίᾳ·</span> <span class='ocrx_word' id='word_1_357' title='bbox 3026 897 3164 952; x_wconf 88' lang='grc' dir='ltr'><strong>ἀλλά</strong></span> <span class='ocrx_word' id='word_1_358' title='bbox 3190 895 3602 969; x_wconf 79' lang='grc' dir='ltr'>κατακρατοῦσι</span> <span class='ocrx_word' id='word_1_359' title='bbox 3629 895 3855 963; x_wconf 80' lang='grc' dir='ltr'>ταύτης,</span> 
     </span>
    </p>
   </div>
   <div class='ocr_carea' id='block_1_51' title="bbox 2273 989 3858 1064">
    <p class='ocr_par' dir='ltr' id='par_1_51' title="bbox 2273 989 3858 1064">
     <span class='ocr_line' id='line_1_51' title="bbox 2273 989 3858 1064; baseline -0.002 -19"><span class='ocrx_word' id='word_1_360' title='bbox 2273 994 2367 1047; x_wconf 69' lang='grc' dir='ltr'>καὶ</span> <span class='ocrx_word' id='word_1_361' title='bbox 2392 991 2527 1064; x_wconf 72' lang='grc' dir='ltr'>πρὸς</span> <span class='ocrx_word' id='word_1_362' title='bbox 2548 992 2647 1061; x_wconf 80' lang='grc' dir='ltr'>τὴν</span> <span class='ocrx_word' id='word_1_363' title='bbox 2677 991 2875 1062; x_wconf 73' lang='grc' dir='ltr'>πρᾶξιν</span> <span class='ocrx_word' id='word_1_364' title='bbox 2906 991 3007 1045; x_wconf 75' lang='grc' dir='ltr'>οὐκ</span> <span class='ocrx_word' id='word_1_365' title='bbox 3036 990 3456 1045; x_wconf 82' lang='grc' dir='ltr'>ὀλισθαίνουσιν.</span> <span class='ocrx_word' id='word_1_366' title='bbox 3487 989 3641 1042; x_wconf 84' lang='grc' dir='ltr'>Ὅσοι</span> <span class='ocrx_word' id='word_1_367' title='bbox 3674 989 3734 1042; x_wconf 80' lang='grc' dir='ltr'>δὲ</span> <span class='ocrx_word' id='word_1_368' title='bbox 3768 990 3858 1058; x_wconf 75' lang='grc' dir='ltr'><strong>ἠτ-</strong></span> 
     </span>
    </p>
   </div>
   <div class='ocr_carea' id='block_1_52' title="bbox 2269 1082 3858 1156">
    <p class='ocr_par' dir='ltr' id='par_1_52' title="bbox 2269 1082 3858 1156">
     <span class='ocr_line' id='line_1_52' title="bbox 2269 1082 3858 1156; baseline -0.004 -16"><span class='ocrx_word' id='word_1_369' title='bbox 2269 1085 2493 1152; x_wconf 84' lang='grc' dir='ltr'>τῶνται,</span> <span class='ocrx_word' id='word_1_370' title='bbox 2526 1086 2724 1139; x_wconf 80' lang='grc' dir='ltr'>ἐκεῖνοι</span> <span class='ocrx_word' id='word_1_371' title='bbox 2756 1084 2971 1154; x_wconf 82' lang='grc' dir='ltr'>πρῶτον</span> <span class='ocrx_word' id='word_1_372' title='bbox 3003 1082 3109 1137; x_wconf 72' lang='grc' dir='ltr'>ὑπὸ</span> <span class='ocrx_word' id='word_1_373' title='bbox 3140 1083 3238 1154; x_wconf 84' lang='grc' dir='ltr'>τῆς</span> <span class='ocrx_word' id='word_1_374' title='bbox 3282 1082 3485 1156; x_wconf 78' lang='grc' dir='ltr'>σαρκὸς</span> <span class='ocrx_word' id='word_1_375' title='bbox 3533 1084 3629 1136; x_wconf 78' lang='grc' dir='ltr'>καὶ</span> <span class='ocrx_word' id='word_1_376' title='bbox 3662 1084 3763 1154; x_wconf 81' lang='grc' dir='ltr'>τῆς</span> <span class='ocrx_word' id='word_1_377' title='bbox 3802 1086 3858 1138; x_wconf 84' lang='grc' dir='ltr'><strong>ἐν</strong></span> 
     </span>
    </p>
   </div>
   <div class='ocr_carea' id='block_1_53' title="bbox 2269 1176 3859 1250">
    <p class='ocr_par' dir='ltr' id='par_1_53' title="bbox 2269 1176 3859 1250">
     <span class='ocr_line' id='line_1_53' title="bbox 2269 1176 3859 1250; baseline 0 -19"><span class='ocrx_word' id='word_1_378' title='bbox 2269 1176 2444 1250; x_wconf 74' lang='grc' dir='ltr'>ταύτῃ</span> <span class='ocrx_word' id='word_1_379' title='bbox 2478 1176 2904 1249; x_wconf 76' lang='grc' dir='ltr'>ύποσμυχούσης</span> <span class='ocrx_word' id='word_1_380' title='bbox 2957 1176 3257 1247; x_wconf 76' lang='grc' dir='ltr'><strong>ἐπιθυμίας</strong></span> <span class='ocrx_word' id='word_1_381' title='bbox 3286 1176 3688 1245; x_wconf 85' lang='grc' dir='ltr'>διακαιόμενοι,</span> <span class='ocrx_word' id='word_1_382' title='bbox 3727 1177 3859 1248; x_wconf 60' lang='grc' dir='ltr'>πρὸς</span> 
     </span>
    </p>
   </div>
   <div class='ocr_carea' id='block_1_54' title="bbox 2269 1268 3860 1339">
    <p class='ocr_par' dir='ltr' id='par_1_54' title="bbox 2269 1268 3860 1339">
     <span class='ocr_line' id='line_1_54' title="bbox 2269 1268 3860 1339; baseline 0 -18"><span class='ocrx_word' id='word_1_383' title='bbox 2269 1270 2330 1322; x_wconf 79' lang='grc' dir='ltr'>τὸ</span> <span class='ocrx_word' id='word_1_384' title='bbox 2380 1268 2557 1323; x_wconf 77' lang='grc' dir='ltr'>θέλειν</span> <span class='ocrx_word' id='word_1_385' title='bbox 2630 1268 2861 1339; x_wconf 81' lang='grc' dir='ltr'>μιγῆναι</span> <span class='ocrx_word' id='word_1_386' title='bbox 2911 1269 3294 1339; x_wconf 82' lang='grc' dir='ltr'>ἐκτρέπονται.</span> <span class='ocrx_word' id='word_1_387' title='bbox 3356 1268 3654 1333; x_wconf 82' lang='grc' dir='ltr'>Εὐτάκτως</span> <span class='ocrx_word' id='word_1_388' title='bbox 3709 1268 3860 1323; x_wconf 77' lang='grc' dir='ltr'><strong>οὖνὸ</strong></span> 
     </span>
    </p>
   </div>
   <div class='ocr_carea' id='block_1_55' title="bbox 2270 1357 3857 1431">
    <p class='ocr_par' dir='ltr' id='par_1_55' title="bbox 2270 1357 3857 1431">
     <span class='ocr_line' id='line_1_55' title="bbox 2270 1357 3857 1431; baseline -0.001 -18"><span class='ocrx_word' id='word_1_389' title='bbox 2270 1359 2664 1431; x_wconf 79' lang='grc' dir='ltr'>εύαγγελιστὴς</span> <span class='ocrx_word' id='word_1_390' title='bbox 2713 1361 2773 1415; x_wconf 75' lang='grc' dir='ltr'><strong>τὸ</strong></span> <span class='ocrx_word' id='word_1_391' title='bbox 2815 1359 3028 1431; x_wconf 80' lang='grc' dir='ltr'>θέλημα</span> <span class='ocrx_word' id='word_1_392' title='bbox 3065 1360 3165 1431; x_wconf 82' lang='grc' dir='ltr'>τῆς</span> <span class='ocrx_word' id='word_1_393' title='bbox 3209 1358 3414 1431; x_wconf 73' lang='grc' dir='ltr'>σαρκὸς</span> <span class='ocrx_word' id='word_1_394' title='bbox 3456 1359 3726 1431; x_wconf 82' lang='grc' dir='ltr'>προέταξε</span> <span class='ocrx_word' id='word_1_395' title='bbox 3763 1357 3857 1413; x_wconf 84' lang='grc' dir='ltr'><strong>τοῦ</strong></span> 
     </span>
    </p>
   </div>
   <div class='ocr_carea' id='block_1_56' title="bbox 2271 1448 3858 1521">
    <p class='ocr_par' dir='ltr' id='par_1_56' title="bbox 2271 1448 3858 1521">
     <span class='ocr_line' id='line_1_56' title="bbox 2271 1448 3858 1521; baseline 0.001 -20"><span class='ocrx_word' id='word_1_396' title='bbox 2271 1448 2577 1521; x_wconf 78' lang='grc' dir='ltr'><strong>θελήματος</strong></span> <span class='ocrx_word' id='word_1_397' title='bbox 2608 1449 2701 1504; x_wconf 89' lang='grc' dir='ltr'><strong>τοῦ</strong></span> <span class='ocrx_word' id='word_1_398' title='bbox 2746 1449 2977 1521; x_wconf 77' lang='grc' dir='ltr'>ἀνδρὸς,</span> <span class='ocrx_word' id='word_1_399' title='bbox 3006 1449 3082 1513; x_wconf 87' lang='grc' dir='ltr'>ὡς</span> <span class='ocrx_word' id='word_1_400' title='bbox 3118 1448 3218 1519; x_wconf 80' lang='grc' dir='ltr'>τῆς</span> <span class='ocrx_word' id='word_1_401' title='bbox 3262 1450 3563 1520; x_wconf 86' lang='grc' dir='ltr'>ἐπιθυμίας</span> <span class='ocrx_word' id='word_1_402' title='bbox 3607 1450 3858 1520; x_wconf 78' lang='grc' dir='ltr'>φυσικῶς</span> 
     </span>
    </p>
   </div>
   <div class='ocr_carea' id='block_1_57' title="bbox 2272 1541 3859 1614">
    <p class='ocr_par' dir='ltr' id='par_1_57' title="bbox 2272 1541 3859 1614">
     <span class='ocr_line' id='line_1_57' title="bbox 2272 1541 3859 1614; baseline 0.001 -19"><span class='ocrx_word' id='word_1_403' title='bbox 2272 1541 2697 1613; x_wconf 78' lang='grc' dir='ltr'><strong>προηγουμένης</strong></span> <span class='ocrx_word' id='word_1_404' title='bbox 2746 1545 2848 1613; x_wconf 80' lang='grc' dir='ltr'>τῆς</span> <span class='ocrx_word' id='word_1_405' title='bbox 2878 1542 3097 1614; x_wconf 78' lang='grc' dir='ltr'><strong>μίξεως,</strong></span> <span class='ocrx_word' id='word_1_406' title='bbox 3144 1543 3238 1598; x_wconf 72' lang='grc' dir='ltr'>καὶ</span> <span class='ocrx_word' id='word_1_407' title='bbox 3269 1542 3598 1613; x_wconf 72' lang='grc' dir='ltr'><strong>ἀμφοτέρων</strong></span> <span class='ocrx_word' id='word_1_408' title='bbox 3632 1543 3731 1595; x_wconf 71' lang='grc' dir='ltr'><strong>ἐπὶ</strong></span> <span class='ocrx_word' id='word_1_409' title='bbox 3767 1542 3859 1596; x_wconf 83' lang='grc' dir='ltr'><strong>τοῦ</strong></span> 
     </span>
    </p>
   </div>
   <div class='ocr_carea' id='block_1_58' title="bbox 2274 1634 3861 1708">
    <p class='ocr_par' dir='ltr' id='par_1_58' title="bbox 2274 1634 3861 1708">
     <span class='ocr_line' id='line_1_58' title="bbox 2274 1634 3861 1708; baseline 0.001 -21"><span class='ocrx_word' id='word_1_410' title='bbox 2274 1634 2613 1707; x_wconf 83' lang='grc' dir='ltr'>συνδυασμοῦ</span> <span class='ocrx_word' id='word_1_411' title='bbox 2667 1636 3073 1708; x_wconf 79' lang='grc' dir='ltr'><strong>συντρεχόντων</strong></span> <span class='ocrx_word' id='word_1_412' title='bbox 3117 1635 3176 1705; x_wconf 66' lang='grc' dir='ltr'><strong>ἐξ</strong></span> <span class='ocrx_word' id='word_1_413' title='bbox 3232 1635 3502 1707; x_wconf 78' lang='grc' dir='ltr'><strong>ἀνάγκης.</strong></span> <span class='ocrx_word' id='word_1_414' title='bbox 3564 1634 3754 1691; x_wconf 83' lang='grc' dir='ltr'>Ταῦτα</span> <span class='ocrx_word' id='word_1_415' title='bbox 3804 1635 3861 1690; x_wconf 81' lang='grc' dir='ltr'><strong>δέ</strong></span> 
     </span>
    </p>
   </div>
   <div class='ocr_carea' id='block_1_59' title="bbox 2272 1728 3862 1801">
    <p class='ocr_par' dir='ltr' id='par_1_59' title="bbox 2272 1728 3862 1801">
     <span class='ocr_line' id='line_1_59' title="bbox 2272 1728 3862 1801; baseline 0.001 -19"><span class='ocrx_word' id='word_1_416' title='bbox 2272 1728 2450 1782; x_wconf 83' lang='grc' dir='ltr'>πάντα</span> <span class='ocrx_word' id='word_1_417' title='bbox 2479 1728 2697 1801; x_wconf 75' lang='grc' dir='ltr'>εἴρηται</span> <span class='ocrx_word' id='word_1_418' title='bbox 2729 1729 2817 1783; x_wconf 81' lang='grc' dir='ltr'><strong>διὰ</strong></span> <span class='ocrx_word' id='word_1_419' title='bbox 2843 1731 2968 1793; x_wconf 84' lang='grc' dir='ltr'>τοὺς</span> <span class='ocrx_word' id='word_1_420' title='bbox 2995 1731 3063 1783; x_wconf 74' lang='grc' dir='ltr'><strong>τά</strong></span> <span class='ocrx_word' id='word_1_421' title='bbox 3094 1730 3296 1800; x_wconf 83' lang='grc' dir='ltr'>ἀνόητα</span> <span class='ocrx_word' id='word_1_422' title='bbox 3328 1730 3591 1794; x_wconf 79' lang='grc' dir='ltr'><strong>πολλάκις</strong></span> <span class='ocrx_word' id='word_1_423' title='bbox 3615 1730 3862 1800; x_wconf 72' lang='grc' dir='ltr'>ἐρωτῶν-</span> 
     </span>
    </p>
   </div>
   <div class='ocr_carea' id='block_1_60' title="bbox 2271 1822 3860 1895">
    <p class='ocr_par' dir='ltr' id='par_1_60' title="bbox 2271 1822 3860 1895">
     <span class='ocr_line' id='line_1_60' title="bbox 2271 1822 3860 1895; baseline 0 -19"><span class='ocrx_word' id='word_1_424' title='bbox 2271 1840 2367 1887; x_wconf 86' lang='grc' dir='ltr'>τας</span> <span class='ocrx_word' id='word_1_425' title='bbox 2387 1836 2401 1850; x_wconf 81' lang='grc'>⁶</span> <span class='ocrx_word' id='word_1_426' title='bbox 2426 1823 2570 1886; x_wconf 73' lang='grc' dir='ltr'>ἐπεὶ,</span> <span class='ocrx_word' id='word_1_427' title='bbox 2603 1823 2665 1877; x_wconf 87' lang='grc' dir='ltr'><strong>τό</strong></span> <span class='ocrx_word' id='word_1_428' title='bbox 2698 1840 2762 1892; x_wconf 87' lang='grc' dir='ltr'><strong>γε</strong></span> <span class='ocrx_word' id='word_1_429' title='bbox 2791 1823 3125 1895; x_wconf 80' lang='grc' dir='ltr'>κυριώτερον</span> <span class='ocrx_word' id='word_1_430' title='bbox 3160 1824 3360 1889; x_wconf 80' lang='grc' dir='ltr'>είπεϊν,</span> <span class='ocrx_word' id='word_1_431' title='bbox 3398 1822 3497 1894; x_wconf 89' lang='grc' dir='ltr'><strong>μία</strong></span> <span class='ocrx_word' id='word_1_432' title='bbox 3520 1822 3612 1878; x_wconf 83' lang='grc' dir='ltr'><strong>διά</strong></span> <span class='ocrx_word' id='word_1_433' title='bbox 3637 1824 3860 1878; x_wconf 86' lang='grc' dir='ltr'>πάντων</span> 
     </span>
    </p>
   </div>
   <div class='ocr_carea' id='block_1_61' title="bbox 2272 1912 3861 1985">
    <p class='ocr_par' dir='ltr' id='par_1_61' title="bbox 2272 1912 3861 1985">
     <span class='ocr_line' id='line_1_61' title="bbox 2272 1912 3861 1985; baseline 0 -19"><span class='ocrx_word' id='word_1_434' title='bbox 2272 1913 2475 1966; x_wconf 86' lang='grc' dir='ltr'>τούτων</span> <span class='ocrx_word' id='word_1_435' title='bbox 2505 1912 2684 1967; x_wconf 67' lang='grc' dir='ltr'>ἔννοια</span> <span class='ocrx_word' id='word_1_436' title='bbox 2730 1912 3010 1984; x_wconf 85' lang='grc' dir='ltr'>δηλοῦται,</span> <span class='ocrx_word' id='word_1_437' title='bbox 3056 1914 3202 1984; x_wconf 80' lang='grc' dir='ltr'>φημὶ</span> <span class='ocrx_word' id='word_1_438' title='bbox 3248 1912 3334 1983; x_wconf 78' lang='grc' dir='ltr'>δὴ,</span> <span class='ocrx_word' id='word_1_439' title='bbox 3372 1914 3405 1985; x_wconf 78' lang='grc' dir='ltr'><strong>ἡ</strong></span> <span class='ocrx_word' id='word_1_440' title='bbox 3457 1914 3556 1983; x_wconf 78' lang='grc' dir='ltr'>τῆς</span> <span class='ocrx_word' id='word_1_441' title='bbox 3591 1913 3685 1967; x_wconf 87' lang='grc' dir='ltr'><strong>τοῦ</strong></span> <span class='ocrx_word' id='word_1_442' title='bbox 3724 1930 3861 1983; x_wconf 80' lang='grc' dir='ltr'>σαρ-</span> 
     </span>
    </p>
   </div>
   <div class='ocr_carea' id='block_1_62' title="bbox 2275 2000 3861 2077">
    <p class='ocr_par' dir='ltr' id='par_1_62' title="bbox 2275 2000 3861 2077">
     <span class='ocr_line' id='line_1_62' title="bbox 2275 2000 3861 2077; baseline 0.001 -19"><span class='ocrx_word' id='word_1_443' title='bbox 2275 2004 2431 2059; x_wconf 85' lang='grc' dir='ltr'>κικοῦ</span> <span class='ocrx_word' id='word_1_444' title='bbox 2460 2006 2625 2059; x_wconf 89' lang='grc' dir='ltr'>τόπου</span> <span class='ocrx_word' id='word_1_445' title='bbox 2658 2006 2938 2070; x_wconf 78' lang='grc' dir='ltr'><strong>εὐτελείας</strong></span> <span class='ocrx_word' id='word_1_446' title='bbox 2964 2004 3227 2077; x_wconf 74' lang='grc' dir='ltr'>ἔμφασις.</span> <span class='ocrx_word' id='word_1_447' title='bbox 3253 2005 3318 2060; x_wconf 87' lang='grc' dir='ltr'>Τί</span> <span class='ocrx_word' id='word_1_448' title='bbox 3346 2000 3438 2060; x_wconf 81' lang='grc' dir='ltr'>οὖν</span> <span class='ocrx_word' id='word_1_449' title='bbox 3466 2005 3630 2059; x_wconf 83' lang='grc' dir='ltr'>πλέον</span> <span class='ocrx_word' id='word_1_450' title='bbox 3660 2006 3861 2077; x_wconf 64' lang='grc' dir='ltr'>ἔχομεν</span> 
     </span>
    </p>
   </div>
   <div class='ocr_carea' id='block_1_63' title="bbox 2273 2095 3860 2168">
    <p class='ocr_par' dir='ltr' id='par_1_63' title="bbox 2273 2095 3860 2168">
     <span class='ocr_line' id='line_1_63' title="bbox 2273 2095 3860 2168; baseline -0.001 -18"><span class='ocrx_word' id='word_1_451' title='bbox 2273 2098 2319 2150; x_wconf 85' lang='grc' dir='ltr'><strong>οἱ</strong></span> <span class='ocrx_word' id='word_1_452' title='bbox 2350 2098 2429 2160; x_wconf 84' lang='grc' dir='ltr'><strong>είς</strong></span> <span class='ocrx_word' id='word_1_453' title='bbox 2460 2097 2700 2167; x_wconf 78' lang='grc' dir='ltr'>Χριστὸν</span> <span class='ocrx_word' id='word_1_454' title='bbox 2722 2095 3074 2162; x_wconf 79' lang='grc' dir='ltr'>πιστεύοντες</span> <span class='ocrx_word' id='word_1_455' title='bbox 3094 2098 3203 2150; x_wconf 82' lang='grc' dir='ltr'><strong>τῶν</strong></span> <span class='ocrx_word' id='word_1_456' title='bbox 3226 2099 3283 2151; x_wconf 82' lang='grc' dir='ltr'><strong>ἐν</strong></span> <span class='ocrx_word' id='word_1_457' title='bbox 3306 2096 3383 2168; x_wconf 84' lang='grc' dir='ltr'>τῷ</span> <span class='ocrx_word' id='word_1_458' title='bbox 3410 2097 3561 2168; x_wconf 84' lang='grc' dir='ltr'>νόμῳ</span> <span class='ocrx_word' id='word_1_459' title='bbox 3591 2097 3860 2167; x_wconf 73' lang='grc' dir='ltr'>ἰσραηλιο</span> 
     </span>
    </p>
   </div>
   <div class='ocr_carea' id='block_1_64' title="bbox 2272 2186 3863 2259">
    <p class='ocr_par' dir='ltr' id='par_1_64' title="bbox 2272 2186 3863 2259">
     <span class='ocr_line' id='line_1_64' title="bbox 2272 2186 3863 2259; baseline 0.001 -18"><span class='ocrx_word' id='word_1_460' title='bbox 2272 2187 2418 2253; x_wconf 87' lang='grc' dir='ltr'><strong>τῶν;</strong></span> <span class='ocrx_word' id='word_1_461' title='bbox 2456 2188 2567 2241; x_wconf 82' lang='grc' dir='ltr'><strong>Καὶ</strong></span> <span class='ocrx_word' id='word_1_462' title='bbox 2596 2186 2973 2259; x_wconf 69' lang='grc' dir='ltr'>γάρζκάκείνοι</span> <span class='ocrx_word' id='word_1_463' title='bbox 3005 2189 3111 2242; x_wconf 83' lang='grc' dir='ltr'>υἱοὶ</span> <span class='ocrx_word' id='word_1_464' title='bbox 3143 2186 3280 2241; x_wconf 91' lang='grc' dir='ltr'>Θεοῦ</span> <span class='ocrx_word' id='word_1_465' title='bbox 3308 2186 3579 2257; x_wconf 73' lang='grc' dir='ltr'>ἐλέγοντο.</span> <span class='ocrx_word' id='word_1_466' title='bbox 3621 2188 3766 2241; x_wconf 83' lang='grc' dir='ltr'>Πολὺ</span> <span class='ocrx_word' id='word_1_467' title='bbox 3801 2188 3863 2242; x_wconf 76' lang='grc' dir='ltr'><strong>τὸ</strong></span> 
     </span>
    </p>
   </div>
   <div class='ocr_carea' id='block_1_65' title="bbox 2272 2282 3861 2355">
    <p class='ocr_par' dir='ltr' id='par_1_65' title="bbox 2272 2282 3861 2355">
     <span class='ocr_line' id='line_1_65' title="bbox 2272 2282 3861 2355; baseline -0.001 -18"><span class='ocrx_word' id='word_1_468' title='bbox 2272 2282 2533 2354; x_wconf 78' lang='grc' dir='ltr'>διάφορον</span> <span class='ocrx_word' id='word_1_469' title='bbox 2559 2283 2717 2355; x_wconf 77' lang='grc' dir='ltr'>ἡμῶν</span> <span class='ocrx_word' id='word_1_470' title='bbox 2743 2283 3039 2338; x_wconf 88' lang='grc' dir='ltr'>κάκείνων.</span> <span class='ocrx_word' id='word_1_471' title='bbox 3074 2284 3229 2338; x_wconf 74' lang='grc' dir='ltr'>Ἐπεὶ</span> <span class='ocrx_word' id='word_1_472' title='bbox 3258 2282 3369 2355; x_wconf 86' lang='grc' dir='ltr'><strong>γάρ</strong></span> <span class='ocrx_word' id='word_1_473' title='bbox 3401 2284 3429 2336; x_wconf 85' lang='grc' dir='ltr'><strong>δ</strong></span> <span class='ocrx_word' id='word_1_474' title='bbox 3454 2282 3618 2353; x_wconf 76' lang='grc' dir='ltr'>νόμος</span> <span class='ocrx_word' id='word_1_475' title='bbox 3645 2285 3704 2337; x_wconf 81' lang='grc' dir='ltr'>ὲν</span> <span class='ocrx_word' id='word_1_476' title='bbox 3730 2284 3861 2338; x_wconf 76' lang='grc' dir='ltr'>πᾶσι</span> 
     </span>
    </p>
   </div>
   <div class='ocr_carea' id='block_1_66' title="bbox 2275 2370 3859 2447">
    <p class='ocr_par' dir='ltr' id='par_1_66' title="bbox 2275 2370 3859 2447">
     <span class='ocr_line' id='line_1_66' title="bbox 2275 2370 3859 2447; baseline 0 -19"><span class='ocrx_word' id='word_1_477' title='bbox 2275 2376 2436 2429; x_wconf 81' lang='grc' dir='ltr'>σκιὰν</span> <span class='ocrx_word' id='word_1_478' title='bbox 2469 2370 2585 2446; x_wconf 77' lang='grc' dir='ltr'>εἶχε</span> <span class='ocrx_word' id='word_1_479' title='bbox 2618 2377 2728 2429; x_wconf 85' lang='grc' dir='ltr'><strong>τῶν</strong></span> <span class='ocrx_word' id='word_1_480' title='bbox 2761 2373 3093 2446; x_wconf 84' lang='grc' dir='ltr'>μελλόντων,</span> <span class='ocrx_word' id='word_1_481' title='bbox 3122 2376 3244 2430; x_wconf 72' lang='grc' dir='ltr'>οὐδὲ</span> <span class='ocrx_word' id='word_1_482' title='bbox 3275 2374 3375 2447; x_wconf 75' lang='grc' dir='ltr'>τὴν</span> <span class='ocrx_word' id='word_1_483' title='bbox 3408 2375 3684 2429; x_wconf 89' lang='grc' dir='ltr'>υἱοθεσίαν</span> <span class='ocrx_word' id='word_1_484' title='bbox 3714 2374 3859 2446; x_wconf 71' lang='grc' dir='ltr'>ἒχειν</span> 
     </span>
    </p>
   </div>
   <div class='ocr_carea' id='block_1_67' title="bbox 2273 2467 3861 2539">
    <p class='ocr_par' dir='ltr' id='par_1_67' title="bbox 2273 2467 3861 2539">
     <span class='ocr_line' id='line_1_67' title="bbox 2273 2467 3861 2539; baseline 0.001 -19"><span class='ocrx_word' id='word_1_485' title='bbox 2273 2467 2444 2521; x_wconf 79' lang='grc' dir='ltr'>ὲδίδου</span> <span class='ocrx_word' id='word_1_486' title='bbox 2469 2469 2585 2532; x_wconf 86' lang='grc' dir='ltr'>τοῖς</span> <span class='ocrx_word' id='word_1_487' title='bbox 2622 2468 3013 2539; x_wconf 83' lang='grc' dir='ltr'>Ἰσραηλίταις,</span> <span class='ocrx_word' id='word_1_488' title='bbox 3049 2467 3167 2524; x_wconf 84' lang='grc' dir='ltr'>ἀλλ’</span> <span class='ocrx_word' id='word_1_489' title='bbox 3189 2468 3265 2534; x_wconf 86' lang='grc' dir='ltr'>ὠς</span> <span class='ocrx_word' id='word_1_490' title='bbox 3299 2468 3359 2522; x_wconf 69' lang='grc' dir='ltr'>ἑν</span> <span class='ocrx_word' id='word_1_491' title='bbox 3391 2467 3546 2538; x_wconf 82' lang='grc' dir='ltr'>τύπῳ</span> <span class='ocrx_word' id='word_1_492' title='bbox 3586 2469 3685 2522; x_wconf 72' lang='grc' dir='ltr'>καὶ</span> <span class='ocrx_word' id='word_1_493' title='bbox 3730 2471 3861 2539; x_wconf 74' lang='grc' dir='ltr'><strong>σχή-</strong></span> 
     </span>
    </p>
   </div>
   <div class='ocr_carea' id='block_1_68' title="bbox 2277 2562 3859 2635">
    <p class='ocr_par' dir='ltr' id='par_1_68' title="bbox 2277 2562 3859 2635">
     <span class='ocr_line' id='line_1_68' title="bbox 2277 2562 3859 2635; baseline 0.002 -23"><span class='ocrx_word' id='word_1_494' title='bbox 2277 2576 2437 2627; x_wconf 87' lang='grc' dir='ltr'>ματι·</span> <span class='ocrx_word' id='word_1_495' title='bbox 2485 2563 2647 2633; x_wconf 77' lang='grc' dir='ltr'>ἡμεῖς</span> <span class='ocrx_word' id='word_1_496' title='bbox 2685 2562 2742 2616; x_wconf 85' lang='grc' dir='ltr'>δὲ</span> <span class='ocrx_word' id='word_1_497' title='bbox 2775 2562 2920 2616; x_wconf 77' lang='grc' dir='ltr'>κατὰ</span> <span class='ocrx_word' id='word_1_498' title='bbox 2947 2562 3209 2635; x_wconf 83' lang='grc' dir='ltr'>ἀλήθειαν</span> <span class='ocrx_word' id='word_1_499' title='bbox 3238 2563 3493 2626; x_wconf 74' lang='grc' dir='ltr'>λαϐόντες</span> <span class='ocrx_word' id='word_1_500' title='bbox 3536 2563 3597 2616; x_wconf 77' lang='grc' dir='ltr'>τὸ</span> <span class='ocrx_word' id='word_1_501' title='bbox 3632 2562 3859 2632; x_wconf 81' lang='grc' dir='ltr'>Πνεῦμα</span> 
     </span>
    </p>
   </div>
   <div class='ocr_carea' id='block_1_69' title="bbox 2271 2645 3861 2724">
    <p class='ocr_par' dir='ltr' id='par_1_69' title="bbox 2271 2645 3861 2724">
     <span class='ocr_line' id='line_1_69' title="bbox 2271 2645 3861 2724; baseline 0.006 -27"><span class='ocrx_word' id='word_1_502' title='bbox 2271 2645 2366 2699; x_wconf 89' lang='grc' dir='ltr'><strong>τοῦ</strong></span> <span class='ocrx_word' id='word_1_503' title='bbox 2398 2645 2533 2701; x_wconf 85' lang='grc' dir='ltr'>Θεοῦ</span> <span class='ocrx_word' id='word_1_504' title='bbox 2558 2648 2648 2703; x_wconf 76' lang='grc' dir='ltr'><strong>διὰ</strong></span> <span class='ocrx_word' id='word_1_505' title='bbox 2682 2650 2775 2703; x_wconf 88' lang='grc' dir='ltr'><strong>τοῦ</strong></span> <span class='ocrx_word' id='word_1_506' title='bbox 2810 2650 3205 2722; x_wconf 77' lang='grc' dir='ltr'>βαπτίσματος,</span> <span class='ocrx_word' id='word_1_507' title='bbox 3242 2652 3546 2724; x_wconf 80' lang='grc' dir='ltr'>κράζομεν·</span> <span class='ocrx_word' id='word_1_508' title='bbox 3575 2671 3594 2705; x_wconf 82' lang='grc' dir='ltr'><strong>ι</strong></span> <span class='ocrx_word' id='word_1_509' title='bbox 3636 2653 3807 2707; x_wconf 74' lang='grc' dir='ltr'><strong>Ἀὅὸᾶ</strong></span> <span class='ocrx_word' id='word_1_510' title='bbox 3833 2653 3861 2706; x_wconf 84' lang='grc' dir='ltr'><strong>ό</strong></span> 
     </span>
    </p>
   </div>
   <div class='ocr_carea' id='block_1_70' title="bbox 2276 2738 3858 2816">
    <p class='ocr_par' dir='ltr' id='par_1_70' title="bbox 2276 2738 3858 2816">
     <span class='ocr_line' id='line_1_70' title="bbox 2276 2738 3858 2816; baseline 0.004 -26"><span class='ocrx_word' id='word_1_511' title='bbox 2276 2738 2484 2811; x_wconf 79' lang='grc' dir='ltr'>Πατήρ.</span> <span class='ocrx_word' id='word_1_512' title='bbox 2532 2759 2551 2793; x_wconf 78' lang='grc'><strong><em>›</em></strong></span> <span class='ocrx_word' id='word_1_513' title='bbox 2606 2740 2869 2806; x_wconf 85' lang='grc' dir='ltr'>Ἐκείνοις</span> <span class='ocrx_word' id='word_1_514' title='bbox 2903 2743 2962 2797; x_wconf 78' lang='grc' dir='ltr'>δὲ</span> <span class='ocrx_word' id='word_1_515' title='bbox 2995 2743 3186 2816; x_wconf 84' lang='grc' dir='ltr'>ὥσπερ</span> <span class='ocrx_word' id='word_1_516' title='bbox 3221 2744 3283 2797; x_wconf 73' lang='grc' dir='ltr'>τὸ</span> <span class='ocrx_word' id='word_1_517' title='bbox 3322 2745 3607 2815; x_wconf 72' lang='grc' dir='ltr'>βάπτισμα</span> <span class='ocrx_word' id='word_1_518' title='bbox 3632 2746 3858 2799; x_wconf 64' lang='lat' dir='ltr'><strong>tum.be</strong></span> 
     </span>
    </p>
   </div>
   <div class='ocr_carea' id='block_1_71' title="bbox 2272 2825 3857 2911">
    <p class='ocr_par' dir='ltr' id='par_1_71' title="bbox 2272 2825 3857 2911">
     <span class='ocr_line' id='line_1_71' title="bbox 2272 2825 3857 2911; baseline 0.006 -28"><span class='ocrx_word' id='word_1_519' title='bbox 2272 2825 2341 2902; x_wconf 81' lang='grc' dir='ltr'><strong>ἢν</strong></span> <span class='ocrx_word' id='word_1_520' title='bbox 2377 2833 2473 2886; x_wconf 73' lang='grc' dir='ltr'>καὶ</span> <span class='ocrx_word' id='word_1_521' title='bbox 2502 2834 2753 2902; x_wconf 78' lang='grc' dir='ltr'>σκιῶδες,</span> <span class='ocrx_word' id='word_1_522' title='bbox 2786 2835 2931 2891; x_wconf 82' lang='grc' dir='ltr'>οὔτω</span> <span class='ocrx_word' id='word_1_523' title='bbox 2959 2838 3055 2891; x_wconf 76' lang='grc' dir='ltr'>καὶ</span> <span class='ocrx_word' id='word_1_524' title='bbox 3087 2840 3121 2907; x_wconf 87' lang='grc' dir='ltr'><strong>ή</strong></span> <span class='ocrx_word' id='word_1_525' title='bbox 3165 2838 3415 2892; x_wconf 86' lang='grc' dir='ltr'>υἱοθεσία</span> <span class='ocrx_word' id='word_1_526' title='bbox 3451 2841 3549 2909; x_wconf 78' lang='grc' dir='ltr'>τὴν</span> <span class='ocrx_word' id='word_1_527' title='bbox 3576 2840 3857 2911; x_wconf 74' lang='grc' dir='ltr'>ἡμετέραν</span> 
     </span>
    </p>
   </div>
   <div class='ocr_carea' id='block_1_72' title="bbox 2275 2926 3855 2997">
    <p class='ocr_par' dir='ltr' id='par_1_72' title="bbox 2275 2926 3855 2997">
     <span class='ocr_line' id='line_1_72' title="bbox 2275 2926 3855 2997; baseline 0.008 -21"><span class='ocrx_word' id='word_1_528' title='bbox 2275 2926 2654 2994; x_wconf 81' lang='grc' dir='ltr'>προτυποῦσα.</span> <span class='ocrx_word' id='word_1_529' title='bbox 2684 2926 2803 2983; x_wconf 81' lang='grc' dir='ltr'><strong>Κάν</strong></span> <span class='ocrx_word' id='word_1_530' title='bbox 2827 2927 2919 2983; x_wconf 81' lang='grc' dir='ltr'><strong>οῦν</strong></span> <span class='ocrx_word' id='word_1_531' title='bbox 2940 2931 3047 2984; x_wconf 72' lang='grc' dir='ltr'>υἱοὶ</span> <span class='ocrx_word' id='word_1_532' title='bbox 3078 2931 3392 2997; x_wconf 77' lang='grc' dir='ltr'>ἐκαλοῦντο,</span> <span class='ocrx_word' id='word_1_533' title='bbox 3426 2932 3560 2987; x_wconf 68' lang='lat' dir='ltr'><strong>am</strong></span> <span class='ocrx_word' id='word_1_534' title='bbox 3591 2932 3855 2996; x_wconf 84' lang='grc' dir='ltr'>σκιωδώς,</span> 
     </span>
    </p>
   </div>
   <div class='ocr_carea' id='block_1_73' title="bbox 2273 3018 3854 3095">
    <p class='ocr_par' dir='ltr' id='par_1_73' title="bbox 2273 3018 3854 3095">
     <span class='ocr_line' id='line_1_73' title="bbox 2273 3018 3854 3095; baseline 0.006 -27"><span class='ocrx_word' id='word_1_535' title='bbox 2273 3018 2369 3069; x_wconf 86' lang='grc' dir='ltr'>καὶ</span> <span class='ocrx_word' id='word_1_536' title='bbox 2419 3019 2520 3071; x_wconf 81' lang='grc' dir='ltr'>οὐκ</span> <span class='ocrx_word' id='word_1_537' title='bbox 2557 3019 2873 3094; x_wconf 61' lang='grc' dir='ltr'>αὐτὴνητὴν</span> <span class='ocrx_word' id='word_1_538' title='bbox 2920 3021 3183 3093; x_wconf 79' lang='grc' dir='ltr'>ἀλήθειαν</span> <span class='ocrx_word' id='word_1_539' title='bbox 3224 3026 3323 3095; x_wconf 82' lang='grc' dir='ltr'>τῆς</span> <span class='ocrx_word' id='word_1_540' title='bbox 3367 3024 3645 3089; x_wconf 82' lang='grc' dir='ltr'>υἱοθεσίας</span> <span class='ocrx_word' id='word_1_541' title='bbox 3688 3020 3854 3095; x_wconf 74' lang='grc' dir='ltr'>εἶχον,</span> 
     </span>
    </p>
   </div>
   <div class='ocr_carea' id='block_1_74' title="bbox 2273 3109 3348 3187">
    <p class='ocr_par' dir='ltr' id='par_1_74' title="bbox 2273 3109 3348 3187">
     <span class='ocr_line' id='line_1_74' title="bbox 2273 3109 3348 3187; baseline 0.007 -24"><span class='ocrx_word' id='word_1_542' title='bbox 2273 3109 2348 3174; x_wconf 85' lang='grc' dir='ltr'><strong>ὡς</strong></span> <span class='ocrx_word' id='word_1_543' title='bbox 2378 3112 2540 3180; x_wconf 79' lang='grc' dir='ltr'>ἡμεῖς</span> <span class='ocrx_word' id='word_1_544' title='bbox 2575 3110 2671 3165; x_wconf 89' lang='grc' dir='ltr'><strong>νῦν</strong></span> <span class='ocrx_word' id='word_1_545' title='bbox 2699 3112 2789 3166; x_wconf 84' lang='grc' dir='ltr'><strong>διὰ</strong></span> <span class='ocrx_word' id='word_1_546' title='bbox 2822 3112 2917 3167; x_wconf 90' lang='grc' dir='ltr'><strong>τοῦ</strong></span> <span class='ocrx_word' id='word_1_547' title='bbox 2955 3114 3348 3187; x_wconf 82' lang='grc' dir='ltr'>βαπτίσματος.</span> 
     </span>
    </p>
   </div>
   <div class='ocr_carea' id='block_1_75' title="bbox 2355 3201 3853 3275">
    <p class='ocr_par' dir='ltr' id='par_1_75' title="bbox 2355 3201 3853 3275">
     <span class='ocr_line' id='line_1_75' title="bbox 2355 3201 3853 3275; baseline 0.009 -23"><span class='ocrx_word' id='word_1_548' title='bbox 2355 3216 2375 3252; x_wconf 81' lang='grc' dir='ltr'><strong>ι</strong></span> <span class='ocrx_word' id='word_1_549' title='bbox 2423 3201 2532 3255; x_wconf 76' lang='grc' dir='ltr'><strong>Καὶ</strong></span> <span class='ocrx_word' id='word_1_550' title='bbox 2564 3202 2591 3253; x_wconf 92' lang='grc' dir='ltr'>ὀ</span> <span class='ocrx_word' id='word_1_551' title='bbox 2623 3201 2797 3270; x_wconf 87' lang='grc' dir='ltr'>Λόγος</span> <span class='ocrx_word' id='word_1_552' title='bbox 2822 3202 2961 3275; x_wconf 80' lang='grc' dir='ltr'>σὰρξ</span> <span class='ocrx_word' id='word_1_553' title='bbox 3004 3205 3239 3274; x_wconf 78' lang='grc' dir='ltr'>ἐγένετο.</span> <span class='ocrx_word' id='word_1_554' title='bbox 3280 3225 3299 3258; x_wconf 75' lang='grc' dir='ltr'><strong>ι</strong></span> <span class='ocrx_word' id='word_1_555' title='bbox 3333 3207 3517 3260; x_wconf 85' lang='grc' dir='ltr'>Εἰπὼν</span> <span class='ocrx_word' id='word_1_556' title='bbox 3558 3209 3641 3264; x_wconf 76' lang='grc' dir='ltr'>ὅτι</span> <span class='ocrx_word' id='word_1_557' title='bbox 3691 3211 3853 3265; x_wconf 81' lang='grc' dir='ltr'>τέκνα</span> 
     </span>
    </p>
   </div>
   <div class='ocr_carea' id='block_1_76' title="bbox 2278 3291 3854 3374">
    <p class='ocr_par' dir='ltr' id='par_1_76' title="bbox 2278 3291 3854 3374">
     <span class='ocr_line' id='line_1_76' title="bbox 2278 3291 3854 3374; baseline 0.008 -29"><span class='ocrx_word' id='word_1_558' title='bbox 2278 3291 2542 3363; x_wconf 87' lang='grc' dir='ltr'>γινόμεθα</span> <span class='ocrx_word' id='word_1_559' title='bbox 2570 3294 2730 3361; x_wconf 81' lang='grc' dir='ltr'>Θεοῦ,</span> <span class='ocrx_word' id='word_1_560' title='bbox 2763 3297 2811 3348; x_wconf 88' lang='grc' dir='ltr'><strong>εί</strong></span> <span class='ocrx_word' id='word_1_561' title='bbox 2838 3296 3087 3367; x_wconf 78' lang='grc' dir='ltr'>θέλομεν,</span> <span class='ocrx_word' id='word_1_562' title='bbox 3116 3298 3163 3352; x_wconf 83' lang='grc' dir='ltr'><strong>οί</strong></span> <span class='ocrx_word' id='word_1_563' title='bbox 3192 3298 3588 3365; x_wconf 83' lang='grc' dir='ltr'>πιστεύσαντες</span> <span class='ocrx_word' id='word_1_564' title='bbox 3616 3303 3699 3366; x_wconf 87' lang='grc' dir='ltr'><strong>είς</strong></span> <span class='ocrx_word' id='word_1_565' title='bbox 3718 3303 3854 3374; x_wconf 80' lang='grc' dir='ltr'>Χρι-</span> 
     </span>
    </p>
   </div>
   <div class='ocr_carea' id='block_1_77' title="bbox 2282 3386 3853 3464">
    <p class='ocr_par' dir='ltr' id='par_1_77' title="bbox 2282 3386 3853 3464">
     <span class='ocr_line' id='line_1_77' title="bbox 2282 3386 3853 3464; baseline 0.008 -27"><span class='ocrx_word' id='word_1_566' title='bbox 2282 3386 2431 3450; x_wconf 83' lang='grc' dir='ltr'>στὸν,</span> <span class='ocrx_word' id='word_1_567' title='bbox 2466 3386 2720 3459; x_wconf 79' lang='grc' dir='ltr'>ἐπιφέρει</span> <span class='ocrx_word' id='word_1_568' title='bbox 2754 3388 2849 3442; x_wconf 73' lang='grc' dir='ltr'>καὶ</span> <span class='ocrx_word' id='word_1_569' title='bbox 2874 3388 2973 3461; x_wconf 79' lang='grc' dir='ltr'>τὴν</span> <span class='ocrx_word' id='word_1_570' title='bbox 3011 3391 3193 3444; x_wconf 78' lang='grc' dir='ltr'>αἰτίαν</span> <span class='ocrx_word' id='word_1_571' title='bbox 3222 3392 3316 3445; x_wconf 87' lang='grc' dir='ltr'><strong>τοῦ</strong></span> <span class='ocrx_word' id='word_1_572' title='bbox 3362 3392 3687 3462; x_wconf 83' lang='grc' dir='ltr'>τηλικούτου</span> <span class='ocrx_word' id='word_1_573' title='bbox 3717 3398 3853 3464; x_wconf 79' lang='grc' dir='ltr'>ἁγα-</span> 
     </span>
    </p>
   </div>
   <div class='ocr_carea' id='block_1_78' title="bbox 2281 3475 3854 3557">
    <p class='ocr_par' dir='ltr' id='par_1_78' title="bbox 2281 3475 3854 3557">
     <span class='ocr_line' id='line_1_78' title="bbox 2281 3475 3854 3557; baseline 0.007 -27"><span class='ocrx_word' id='word_1_574' title='bbox 2281 3475 2398 3532; x_wconf 82' lang='grc' dir='ltr'>θοῦ.</span> <span class='ocrx_word' id='word_1_575' title='bbox 2430 3478 2494 3532; x_wconf 88' lang='grc' dir='ltr'>Τί</span> <span class='ocrx_word' id='word_1_576' title='bbox 2525 3480 2654 3551; x_wconf 85' lang='grc' dir='ltr'>γάρ,</span> <span class='ocrx_word' id='word_1_577' title='bbox 2681 3481 2837 3550; x_wconf 81' lang='grc' dir='ltr'>φησὶ,</span> <span class='ocrx_word' id='word_1_578' title='bbox 2865 3482 3231 3553; x_wconf 78' lang='grc' dir='ltr'>προεξένησεν</span> <span class='ocrx_word' id='word_1_579' title='bbox 3263 3485 3393 3556; x_wconf 76' lang='grc' dir='ltr'>ἡμῖν</span> <span class='ocrx_word' id='word_1_580' title='bbox 3422 3485 3523 3557; x_wconf 76' lang='grc' dir='ltr'>τὴν</span> <span class='ocrx_word' id='word_1_581' title='bbox 3576 3487 3854 3541; x_wconf 78' lang='grc' dir='ltr'>υἱοθεσίαν</span> 
     </span>
    </p>
   </div>
   <div class='ocr_carea' id='block_1_79' title="bbox 2279 3572 3853 3653">
    <p class='ocr_par' dir='ltr' id='par_1_79' title="bbox 2279 3572 3853 3653">
     <span class='ocr_line' id='line_1_79' title="bbox 2279 3572 3853 3653; baseline 0.006 -27"><span class='ocrx_word' id='word_1_582' title='bbox 2279 3572 2504 3644; x_wconf 86' lang='grc' dir='ltr'>ταύτην,</span> <span class='ocrx_word' id='word_1_583' title='bbox 2535 3573 2716 3642; x_wconf 83' lang='grc' dir='ltr'>βούλει</span> <span class='ocrx_word' id='word_1_584' title='bbox 2735 3575 2925 3646; x_wconf 80' lang='grc' dir='ltr'>μαθεῖν</span> <span class='ocrx_word' id='word_1_585' title='bbox 2943 3594 2959 3645; x_wconf 88' lang='lat'><strong>;</strong></span> <span class='ocrx_word' id='word_1_586' title='bbox 2982 3576 3055 3630; x_wconf 87' lang='grc' dir='ltr'><strong>Τὸ</strong></span> <span class='ocrx_word' id='word_1_587' title='bbox 3076 3577 3165 3631; x_wconf 80' lang='grc' dir='ltr'>τὸν</span> <span class='ocrx_word' id='word_1_588' title='bbox 3185 3578 3357 3647; x_wconf 86' lang='grc' dir='ltr'>Λόγον</span> <span class='ocrx_word' id='word_1_589' title='bbox 3380 3580 3559 3653; x_wconf 84' lang='grc' dir='ltr'>σάρκα</span> <span class='ocrx_word' id='word_1_590' title='bbox 3579 3581 3853 3649; x_wconf 83' lang='grc' dir='ltr'>γενέσθαι.</span> 
     </span>
    </p>
   </div>
   <div class='ocr_carea' id='block_1_80' title="bbox 2281 3661 3855 3748">
    <p class='ocr_par' dir='ltr' id='par_1_80' title="bbox 2281 3661 3855 3748">
     <span class='ocr_line' id='line_1_80' title="bbox 2281 3661 3855 3748; baseline 0.008 -33"><span class='ocrx_word' id='word_1_591' title='bbox 2281 3661 2450 3716; x_wconf 83' lang='grc' dir='ltr'>Ὅταν</span> <span class='ocrx_word' id='word_1_592' title='bbox 2471 3664 2527 3718; x_wconf 88' lang='grc' dir='ltr'>δὲ</span> <span class='ocrx_word' id='word_1_593' title='bbox 2556 3663 2816 3737; x_wconf 82' lang='grc' dir='ltr'>ἀκούσῃς,</span> <span class='ocrx_word' id='word_1_594' title='bbox 2849 3667 2930 3720; x_wconf 85' lang='grc' dir='ltr'>ὅτι</span> <span class='ocrx_word' id='word_1_595' title='bbox 2969 3684 2988 3720; x_wconf 83' lang='grc' dir='ltr'><strong>ι</strong></span> <span class='ocrx_word' id='word_1_596' title='bbox 3020 3668 3165 3739; x_wconf 71' lang='grc' dir='ltr'><strong>Σὰρξ</strong></span> <span class='ocrx_word' id='word_1_597' title='bbox 3186 3670 3424 3738; x_wconf 79' lang='grc' dir='ltr'>ἐγένετο,</span> <span class='ocrx_word' id='word_1_598' title='bbox 3472 3689 3491 3725; x_wconf 70' lang='grc' dir='ltr'><strong>ι</strong></span> <span class='ocrx_word' id='word_1_599' title='bbox 3527 3673 3605 3744; x_wconf 77' lang='grc' dir='ltr'>μὴ</span> <span class='ocrx_word' id='word_1_600' title='bbox 3628 3674 3855 3748; x_wconf 77' lang='grc' dir='ltr'>νομίσῃς</span> 
     </span>
    </p>
   </div>
   <div class='ocr_carea' id='block_1_81' title="bbox 2279 3754 3855 3839">
    <p class='ocr_par' dir='ltr' id='par_1_81' title="bbox 2279 3754 3855 3839">
     <span class='ocr_line' id='line_1_81' title="bbox 2279 3754 3855 3839; baseline 0.008 -31"><span class='ocrx_word' id='word_1_601' title='bbox 2279 3754 2360 3808; x_wconf 83' lang='grc' dir='ltr'>ὅτι</span> <span class='ocrx_word' id='word_1_602' title='bbox 2388 3754 2579 3828; x_wconf 80' lang='grc' dir='ltr'>ἐξέστη</span> <span class='ocrx_word' id='word_1_603' title='bbox 2601 3757 2699 3829; x_wconf 81' lang='grc' dir='ltr'>τῆς</span> <span class='ocrx_word' id='word_1_604' title='bbox 2722 3758 2927 3824; x_wconf 87' lang='grc' dir='ltr'>οἱκείας</span> <span class='ocrx_word' id='word_1_605' title='bbox 2950 3758 3191 3829; x_wconf 81' lang='grc' dir='ltr'>φύσεως,</span> <span class='ocrx_word' id='word_1_606' title='bbox 3214 3762 3307 3817; x_wconf 76' lang='grc' dir='ltr'>καὶ</span> <span class='ocrx_word' id='word_1_607' title='bbox 3328 3764 3539 3836; x_wconf 82' lang='grc' dir='ltr'>ἐτράπη</span> <span class='ocrx_word' id='word_1_608' title='bbox 3558 3768 3637 3828; x_wconf 86' lang='grc' dir='ltr'><strong>είς</strong></span> <span class='ocrx_word' id='word_1_609' title='bbox 3659 3767 3855 3839; x_wconf 69' lang='grc' dir='ltr'>σάρκα*</span> 
     </span>
    </p>
   </div>
   <div class='ocr_carea' id='block_1_82' title="bbox 2282 3848 3855 3929">
    <p class='ocr_par' dir='ltr' id='par_1_82' title="bbox 2282 3848 3855 3929">
     <span class='ocr_line' id='line_1_82' title="bbox 2282 3848 3855 3929; baseline 0.008 -29"><span class='ocrx_word' id='word_1_610' title='bbox 2282 3848 2343 3901; x_wconf 81' lang='grc' dir='ltr'><strong>ού</strong></span> <span class='ocrx_word' id='word_1_611' title='bbox 2373 3848 2481 3919; x_wconf 79' lang='grc' dir='ltr'><strong>γάρ</strong></span> <span class='ocrx_word' id='word_1_612' title='bbox 2514 3849 2581 3904; x_wconf 83' lang='grc' dir='ltr'><strong>ἀν</strong></span> <span class='ocrx_word' id='word_1_613' title='bbox 2614 3850 2747 3916; x_wconf 83' lang='grc' dir='ltr'>Θεὸς</span> <span class='ocrx_word' id='word_1_614' title='bbox 2794 3848 2886 3925; x_wconf 81' lang='grc' dir='ltr'>ἦν,</span> <span class='ocrx_word' id='word_1_615' title='bbox 2940 3855 3101 3927; x_wconf 87' lang='grc' dir='ltr'>είπερ</span> <span class='ocrx_word' id='word_1_616' title='bbox 3132 3857 3395 3929; x_wconf 89' lang='grc' dir='ltr'>ἐτρέπετο</span> <span class='ocrx_word' id='word_1_617' title='bbox 3429 3859 3524 3912; x_wconf 77' lang='grc' dir='ltr'>καὶ</span> <span class='ocrx_word' id='word_1_618' title='bbox 3556 3858 3855 3928; x_wconf 70' lang='grc' dir='ltr'>ἠλλοιοῦτο·</span> 
     </span>
    </p>
   </div>
   <div class='ocr_carea' id='block_1_83' title="bbox 2281 3940 3859 4022">
    <p class='ocr_par' dir='ltr' id='par_1_83' title="bbox 2281 3940 3859 4022">
     <span class='ocr_line' id='line_1_83' title="bbox 2281 3940 3859 4022; baseline 0.008 -28"><span class='ocrx_word' id='word_1_619' title='bbox 2281 3940 2395 3994; x_wconf 79' lang='grc' dir='ltr'>ἀλλ’</span> <span class='ocrx_word' id='word_1_620' title='bbox 2427 3942 2507 3995; x_wconf 80' lang='grc' dir='ltr'>ὅτι</span> <span class='ocrx_word' id='word_1_621' title='bbox 2544 3943 2721 4013; x_wconf 87' lang='grc' dir='ltr'>μένων</span> <span class='ocrx_word' id='word_1_622' title='bbox 2753 3945 2781 3998; x_wconf 80' lang='grc' dir='ltr'><strong>ὃ</strong></span> <span class='ocrx_word' id='word_1_623' title='bbox 2809 3942 2896 4016; x_wconf 82' lang='grc' dir='ltr'>ἧν,</span> <span class='ocrx_word' id='word_1_624' title='bbox 2927 3948 3147 4016; x_wconf 74' lang='grc' dir='ltr'>ἐγένετο</span> <span class='ocrx_word' id='word_1_625' title='bbox 3202 3949 3230 4002; x_wconf 79' lang='grc' dir='ltr'><strong>ὃ</strong></span> <span class='ocrx_word' id='word_1_626' title='bbox 3279 3952 3379 4005; x_wconf 79' lang='grc' dir='ltr'>οὐκ</span> <span class='ocrx_word' id='word_1_627' title='bbox 3408 3945 3497 4022; x_wconf 78' lang='grc' dir='ltr'>ἦν.</span> <span class='ocrx_word' id='word_1_628' title='bbox 3546 3951 3859 4007; x_wconf 75' lang='grc' dir='ltr'>’Δπολλινά-</span> 
     </span>
    </p>
   </div>
   <div class='ocr_carea' id='block_1_84' title="bbox 2282 4032 3854 4119">
    <p class='ocr_par' dir='ltr' id='par_1_84' title="bbox 2282 4032 3854 4119">
     <span class='ocr_line' id='line_1_84' title="bbox 2282 4032 3854 4119; baseline 0.01 -35"><span class='ocrx_word' id='word_1_629' title='bbox 2282 4048 2397 4103; x_wconf 88' lang='grc' dir='ltr'>ριος</span> <span class='ocrx_word' id='word_1_630' title='bbox 2423 4032 2528 4087; x_wconf 75' lang='grc' dir='ltr'><strong>δέό</strong></span> <span class='ocrx_word' id='word_1_631' title='bbox 2570 4035 2871 4103; x_wconf 85' lang='grc' dir='ltr'>Λαοδικεὺς</span> <span class='ocrx_word' id='word_1_632' title='bbox 2909 4038 3161 4095; x_wconf 81' lang='grc' dir='ltr'>ἐντεῦθεν</span> <span class='ocrx_word' id='word_1_633' title='bbox 3199 4043 3413 4115; x_wconf 87' lang='grc' dir='ltr'>αῐρεσιν</span> <span class='ocrx_word' id='word_1_634' title='bbox 3461 4048 3854 4119; x_wconf 77' lang='grc' dir='ltr'>συνεστήσατο.</span> 
     </span>
    </p>
   </div>
   <div class='ocr_carea' id='block_1_85' title="bbox 2295 4123 3857 4211">
    <p class='ocr_par' dir='ltr' id='par_1_85' title="bbox 2295 4123 3857 4211">
     <span class='ocr_line' id='line_1_85' title="bbox 2295 4123 3857 4211; baseline 0.01 -35"><span class='ocrx_word' id='word_1_635' title='bbox 2295 4123 2653 4197; x_wconf 83' lang='grc' dir='ltr'>Ἐδογμάτισε</span> <span class='ocrx_word' id='word_1_636' title='bbox 2683 4127 2792 4201; x_wconf 86' lang='grc' dir='ltr'><strong>γάρ</strong></span> <span class='ocrx_word' id='word_1_637' title='bbox 2823 4130 2906 4186; x_wconf 88' lang='grc' dir='ltr'>ὄτι</span> <span class='ocrx_word' id='word_1_638' title='bbox 2944 4133 2972 4185; x_wconf 88' lang='grc' dir='ltr'><strong>ό</strong></span> <span class='ocrx_word' id='word_1_639' title='bbox 3011 4132 3215 4206; x_wconf 82' lang='grc' dir='ltr'>Κύριος</span> <span class='ocrx_word' id='word_1_640' title='bbox 3246 4137 3340 4190; x_wconf 81' lang='grc' dir='ltr'>καὶ</span> <span class='ocrx_word' id='word_1_641' title='bbox 3386 4136 3522 4204; x_wconf 78' lang='grc' dir='ltr'>Θεὸς</span> <span class='ocrx_word' id='word_1_642' title='bbox 3579 4140 3741 4211; x_wconf 75' lang='grc' dir='ltr'>ἡμῶν</span> <span class='ocrx_word' id='word_1_643' title='bbox 3764 4142 3857 4194; x_wconf 78' lang='grc' dir='ltr'>οὐκ</span> 
     </span>
    </p>
   </div>
   <div class='ocr_carea' id='block_1_86' title="bbox 2281 4215 3858 4305">
    <p class='ocr_par' dir='ltr' id='par_1_86' title="bbox 2281 4215 3858 4305">
     <span class='ocr_line' id='line_1_86' title="bbox 2281 4215 3858 4305; baseline 0.01 -36"><span class='ocrx_word' id='word_1_644' title='bbox 2281 4215 2512 4270; x_wconf 70' lang='grc' dir='ltr'>ἀνέλαϐε</span> <span class='ocrx_word' id='word_1_645' title='bbox 2564 4218 2662 4288; x_wconf 78' lang='grc' dir='ltr'>τὴν</span> <span class='ocrx_word' id='word_1_646' title='bbox 2720 4220 2815 4275; x_wconf 87' lang='grc' dir='ltr'><strong>τοῦ</strong></span> <span class='ocrx_word' id='word_1_647' title='bbox 2869 4221 3157 4295; x_wconf 83' lang='grc' dir='ltr'>ἀνθρώπου</span> <span class='ocrx_word' id='word_1_648' title='bbox 3196 4227 3360 4296; x_wconf 83' lang='grc' dir='ltr'>φύσιν</span> <span class='ocrx_word' id='word_1_649' title='bbox 3411 4230 3650 4297; x_wconf 81' lang='grc' dir='ltr'>τελείαν,</span> <span class='ocrx_word' id='word_1_650' title='bbox 3696 4234 3858 4305; x_wconf 63' lang='lat' dir='ltr'><strong>{mnis</strong></span> 
     </span>
    </p>
   </div>
   <div class='ocr_carea' id='block_1_87' title="bbox 2282 4306 3860 4391">
    <p class='ocr_par' dir='ltr' id='par_1_87' title="bbox 2282 4306 3860 4391">
     <span class='ocr_line' id='line_1_87' title="bbox 2282 4306 3860 4391; baseline 0.011 -32"><span class='ocrx_word' id='word_1_651' title='bbox 2282 4306 2441 4378; x_wconf 86' lang='grc' dir='ltr'>σῶμα</span> <span class='ocrx_word' id='word_1_652' title='bbox 2475 4311 2613 4379; x_wconf 82' lang='grc' dir='ltr'>μετά</span> <span class='ocrx_word' id='word_1_653' title='bbox 2646 4307 2823 4383; x_wconf 71' lang='grc' dir='ltr'>ψυχῆς</span> <span class='ocrx_word' id='word_1_654' title='bbox 2856 4312 3102 4386; x_wconf 81' lang='grc' dir='ltr'>λογικῆς,</span> <span class='ocrx_word' id='word_1_655' title='bbox 3131 4316 3268 4371; x_wconf 78' lang='grc' dir='ltr'>ἀλλὰ</span> <span class='ocrx_word' id='word_1_656' title='bbox 3303 4318 3483 4391; x_wconf 85' lang='grc' dir='ltr'>σάρκα</span> <span class='ocrx_word' id='word_1_657' title='bbox 3516 4322 3710 4391; x_wconf 86' lang='grc' dir='ltr'>μόνην,</span> <span class='ocrx_word' id='word_1_658' title='bbox 3758 4324 3860 4391; x_wconf 76' lang='grc' dir='ltr'>ψυο</span> 
     </span>
    </p>
   </div>
   <div class='ocr_carea' id='block_1_88' title="bbox 2280 4398 3857 4487">
    <p class='ocr_par' dir='ltr' id='par_1_88' title="bbox 2280 4398 3857 4487">
     <span class='ocr_line' id='line_1_88' title="bbox 2280 4398 3857 4487; baseline 0.005 -26"><span class='ocrx_word' id='word_1_659' title='bbox 2280 4398 2382 4469; x_wconf 77' lang='grc' dir='ltr'><strong>χῆς</strong></span> <span class='ocrx_word' id='word_1_660' title='bbox 2417 4398 2645 4469; x_wconf 83' lang='grc' dir='ltr'>λογικῆς</span> <span class='ocrx_word' id='word_1_661' title='bbox 2675 4403 2770 4455; x_wconf 75' lang='grc' dir='ltr'>καὶ</span> <span class='ocrx_word' id='word_1_662' title='bbox 2809 4407 3003 4475; x_wconf 80' lang='grc' dir='ltr'>νοερᾶς</span> <span class='ocrx_word' id='word_1_663' title='bbox 3048 4407 3296 4480; x_wconf 82' lang='grc' dir='ltr'>ἄμοιρον.</span> <span class='ocrx_word' id='word_1_664' title='bbox 3328 4411 3394 4464; x_wconf 89' lang='grc' dir='ltr'>Τί</span> <span class='ocrx_word' id='word_1_665' title='bbox 3438 4412 3548 4483; x_wconf 83' lang='grc' dir='ltr'><strong>γὰρ</strong></span> <span class='ocrx_word' id='word_1_666' title='bbox 3576 4414 3795 4487; x_wconf 62' lang='grc' dir='ltr'><strong>ἔχρῃζεκ</strong></span> <span class='ocrx_word' id='word_1_667' title='bbox 3833 4416 3857 4447; x_wconf 75' lang='grc'><strong><em>³</em></strong></span> 
     </span>
    </p>
   </div>
   <div class='ocr_carea' id='block_1_89' title="bbox 597 4475 2172 4578">
    <p class='ocr_par' dir='ltr' id='par_1_89' title="bbox 597 4475 2172 4536">
     <span class='ocr_line' id='line_1_89' title="bbox 597 4475 2172 4536; baseline 0.003 -5"><span class='ocrx_word' id='word_1_668' title='bbox 597 4476 693 4531; x_wconf 84' lang='lat' dir='ltr'><strong>sed</strong></span> <span class='ocrx_word' id='word_1_669' title='bbox 749 4489 968 4531; x_wconf 86' lang='lat' dir='ltr'><strong>carnem</strong></span> <span class='ocrx_word' id='word_1_670' title='bbox 1024 4475 1193 4531; x_wconf 89' lang='lat' dir='ltr'><strong>solam</strong></span> <span class='ocrx_word' id='word_1_671' title='bbox 1257 4475 1510 4532; x_wconf 87' lang='lat' dir='ltr'><strong>mentalis</strong></span> <span class='ocrx_word' id='word_1_672' title='bbox 1559 4484 1615 4533; x_wconf 89' lang='lat' dir='ltr'><strong>et</strong></span> <span class='ocrx_word' id='word_1_673' title='bbox 1666 4477 1948 4535; x_wconf 84' lang='lat' dir='ltr'><strong>rationalis</strong></span> <span class='ocrx_word' id='word_1_674' title='bbox 1978 4480 2172 4536; x_wconf 70' lang='lat' dir='ltr'><strong>animm</strong></span> 
     </span>
    </p>
   </div>
   <div class='ocr_carea' id='block_1_90' title="bbox 2276 4475 3853 4578">
    <p class='ocr_par' dir='ltr' id='par_1_90' title="bbox 2278 4475 3853 4578">
     <span class='ocr_line' id='line_1_90' title="bbox 2278 4475 3853 4578; baseline 0.013 -36"><span class='ocrx_word' id='word_1_675' title='bbox 2278 4488 2411 4554; x_wconf 78' lang='grc' dir='ltr'>Θεὸς</span> <span class='ocrx_word' id='word_1_676' title='bbox 2440 4491 2539 4561; x_wconf 85' lang='grc' dir='ltr'>τῆς</span> <span class='ocrx_word' id='word_1_677' title='bbox 2562 4492 2763 4565; x_wconf 80' lang='grc' dir='ltr'>ψυχῆς,</span> <span class='ocrx_word' id='word_1_678' title='bbox 2813 4496 2952 4567; x_wconf 75' lang='grc' dir='ltr'>ἔχων</span> <span class='ocrx_word' id='word_1_679' title='bbox 2991 4475 3100 4571; x_wconf 59' lang='grc' dir='ltr'><strong>τὴνῄ</strong></span> <span class='ocrx_word' id='word_1_680' title='bbox 3121 4475 3353 4573; x_wconf 80' lang='grc' dir='ltr'>θεότητα</span> <span class='ocrx_word' id='word_1_681' title='bbox 3402 4475 3767 4578; x_wconf 57' lang='grc' dir='ltr'>κοσὲρᾷὲῖἇᾶν</span> <span class='ocrx_word' id='word_1_682' title='bbox 3798 4510 3853 4563; x_wconf 77' lang='grc' dir='ltr'><strong>τὸ</strong></span> 
     </span>
    </p>
   </div>
   <div class='ocr_carea' id='block_1_91' title="bbox 600 4564 2172 4669">
    <p class='ocr_par' dir='ltr' id='par_1_91' title="bbox 600 4564 2172 4641">
     <span class='ocr_line' id='line_1_91' title="bbox 600 4564 2172 4641; baseline 0.004 -20"><span class='ocrx_word' id='word_1_683' title='bbox 600 4576 900 4637; x_wconf 80' lang='lat' dir='ltr'><strong>expertem.</strong></span> <span class='ocrx_word' id='word_1_684' title='bbox 953 4564 1092 4634; x_wconf 88' lang='lat' dir='ltr'><strong>Quid</strong></span> <span class='ocrx_word' id='word_1_685' title='bbox 1145 4566 1288 4623; x_wconf 88' lang='lat' dir='ltr'><strong>enim</strong></span> <span class='ocrx_word' id='word_1_686' title='bbox 1344 4582 1479 4638; x_wconf 90' lang='lat' dir='ltr'><strong>opus</strong></span> <span class='ocrx_word' id='word_1_687' title='bbox 1534 4568 1764 4625; x_wconf 91' lang='lat' dir='ltr'><strong>habebat</strong></span> <span class='ocrx_word' id='word_1_688' title='bbox 1793 4572 1974 4627; x_wconf 86' lang='lat' dir='ltr'><strong>anima</strong></span> <span class='ocrx_word' id='word_1_689' title='bbox 2012 4572 2172 4641; x_wconf 87' lang='lat' dir='ltr'><strong>Deus,</strong></span> 
     </span>
    </p>
   </div>
   <div class='ocr_carea' id='block_1_92' title="bbox 2276 4564 3857 4669">
    <p class='ocr_par' dir='ltr' id='par_1_92' title="bbox 2286 4564 3857 4669">
     <span class='ocr_line' id='line_1_92' title="bbox 2286 4564 3857 4669; baseline 0.013 -34"><span class='ocrx_word' id='word_1_690' title='bbox 2286 4582 2469 4654; x_wconf 86' lang='grc' dir='ltr'>σῶμα,</span> <span class='ocrx_word' id='word_1_691' title='bbox 2501 4584 2560 4639; x_wconf 81' lang='grc' dir='ltr'>ὃν</span> <span class='ocrx_word' id='word_1_692' title='bbox 2592 4564 2788 4657; x_wconf 84' lang='grc' dir='ltr'>τρόπον</span> <span class='ocrx_word' id='word_1_693' title='bbox 2814 4564 3010 4661; x_wconf 49' lang='grc' dir='ltr'>ἕξομεν</span> <span class='ocrx_word' id='word_1_694' title='bbox 3034 4564 3199 4663; x_wconf 79' lang='grc' dir='ltr'>μείς</span> <span class='ocrx_word' id='word_1_695' title='bbox 3244 4564 3344 4666; x_wconf 75' lang='grc' dir='ltr'>τὴν</span> <span class='ocrx_word' id='word_1_696' title='bbox 3371 4564 3857 4669; x_wconf 57' lang='grc' dir='ltr'>ψυχὴ-ι’διεξάγου-</span> 
     </span>
    </p>
   </div>
   <div class='ocr_carea' id='block_1_93' title="bbox 598 4660 2182 4735">
    <p class='ocr_par' dir='ltr' id='par_1_93' title="bbox 598 4660 2182 4735">
     <span class='ocr_line' id='line_1_93' title="bbox 598 4660 2182 4735; baseline 0.006 -22"><span class='ocrx_word' id='word_1_697' title='bbox 598 4660 797 4729; x_wconf 87' lang='lat' dir='ltr'><strong>inquit,</strong></span> <span class='ocrx_word' id='word_1_698' title='bbox 828 4662 917 4731; x_wconf 92' lang='lat' dir='ltr'><strong>qui</strong></span> <span class='ocrx_word' id='word_1_699' title='bbox 952 4660 1188 4717; x_wconf 87' lang='lat' dir='ltr'><strong>habebat</strong></span> <span class='ocrx_word' id='word_1_700' title='bbox 1216 4662 1500 4728; x_wconf 86' lang='lat' dir='ltr'><strong>deitatem,</strong></span> <span class='ocrx_word' id='word_1_701' title='bbox 1529 4678 1649 4733; x_wconf 65' lang='lat' dir='ltr'><strong>qua:</strong></span> <span class='ocrx_word' id='word_1_702' title='bbox 1684 4665 2019 4735; x_wconf 87' lang='lat' dir='ltr'><strong>gubernabat</strong></span> <span class='ocrx_word' id='word_1_703' title='bbox 2066 4682 2182 4723; x_wconf 88' lang='lat' dir='ltr'><strong>cor-</strong></span> 
     </span>
    </p>
   </div>
   <div class='ocr_carea' id='block_1_94' title="bbox 600 4749 2175 4821">
    <p class='ocr_par' dir='ltr' id='par_1_94' title="bbox 600 4749 2175 4821">
     <span class='ocr_line' id='line_1_94' title="bbox 600 4749 2175 4821; baseline 0.004 -20"><span class='ocrx_word' id='word_1_704' title='bbox 600 4763 722 4817; x_wconf 88' lang='lat' dir='ltr'><strong>pus,</strong></span> <span class='ocrx_word' id='word_1_705' title='bbox 781 4750 921 4803; x_wconf 86' lang='lat' dir='ltr'><strong>sicut</strong></span> <span class='ocrx_word' id='word_1_706' title='bbox 973 4762 1073 4803; x_wconf 88' lang='lat' dir='ltr'><strong>nos</strong></span> <span class='ocrx_word' id='word_1_707' title='bbox 1130 4749 1390 4804; x_wconf 85' lang='lat' dir='ltr'><strong>habemus</strong></span> <span class='ocrx_word' id='word_1_708' title='bbox 1442 4750 1678 4805; x_wconf 87' lang='lat' dir='ltr'><strong>animam</strong></span> <span class='ocrx_word' id='word_1_709' title='bbox 1712 4768 1908 4821; x_wconf 90' lang='lat' dir='ltr'><strong>corpus</strong></span> <span class='ocrx_word' id='word_1_710' title='bbox 1933 4764 2175 4810; x_wconf 91' lang='lat' dir='ltr'><strong>nostrum</strong></span> 
     </span>
    </p>
   </div>
   <div class='ocr_carea' id='block_1_95' title="bbox 600 4837 2177 4909">
    <p class='ocr_par' dir='ltr' id='par_1_95' title="bbox 600 4837 2177 4909">
     <span class='ocr_line' id='line_1_95' title="bbox 600 4837 2177 4909; baseline 0.002 -14"><span class='ocrx_word' id='word_1_711' title='bbox 600 4840 919 4909; x_wconf 78' lang='lat' dir='ltr'><strong>dirigentem</strong></span> <span class='ocrx_word' id='word_1_712' title='bbox 952 4839 974 4893; x_wconf 85' lang='lat'><strong>?</strong></span> <span class='ocrx_word' id='word_1_713' title='bbox 1022 4837 1263 4894; x_wconf 78' lang='lat' dir='ltr'><strong>Habebat</strong></span> <span class='ocrx_word' id='word_1_714' title='bbox 1294 4851 1473 4895; x_wconf 83' lang='lat' dir='ltr'><strong>autent</strong></span> <span class='ocrx_word' id='word_1_715' title='bbox 1499 4856 1709 4906; x_wconf 87' lang='lat' dir='ltr'><strong>ausam,</strong></span> <span class='ocrx_word' id='word_1_716' title='bbox 1743 4854 1797 4897; x_wconf 90' lang='lat' dir='ltr'><strong>ut</strong></span> <span class='ocrx_word' id='word_1_717' title='bbox 1825 4847 2177 4901; x_wconf 79' lang='lat' dir='ltr'><strong>existimaba-</strong></span> 
     </span>
    </p>
   </div>
   <div class='ocr_carea' id='block_1_96' title="bbox 596 4934 2174 5003">
    <p class='ocr_par' dir='ltr' id='par_1_96' title="bbox 596 4934 2174 5003">
     <span class='ocr_line' id='line_1_96' title="bbox 596 4934 2174 5003; baseline 0.004 -15"><span class='ocrx_word' id='word_1_718' title='bbox 596 4941 705 4998; x_wconf 84' lang='lat' dir='ltr'><strong>tur,</strong></span> <span class='ocrx_word' id='word_1_719' title='bbox 738 4949 801 4987; x_wconf 78' lang='lat' dir='ltr'><strong>ex</strong></span> <span class='ocrx_word' id='word_1_720' title='bbox 833 4934 1085 5003; x_wconf 72' lang='lat' dir='ltr'><strong>praesenti</strong></span> <span class='ocrx_word' id='word_1_721' title='bbox 1113 4934 1278 4999; x_wconf 84' lang='lat' dir='ltr'><strong>dicto,</strong></span> <span class='ocrx_word' id='word_1_722' title='bbox 1320 4953 1339 4986; x_wconf 79' lang='grc' dir='ltr'><strong>ι</strong></span> <span class='ocrx_word' id='word_1_723' title='bbox 1394 4934 1463 4990; x_wconf 83' lang='lat' dir='ltr'><strong>Et</strong></span> <span class='ocrx_word' id='word_1_724' title='bbox 1518 4934 1753 4990; x_wconf 89' lang='lat' dir='ltr'><strong>Verbum</strong></span> <span class='ocrx_word' id='word_1_725' title='bbox 1803 4952 1929 4992; x_wconf 94' lang='lat' dir='ltr'><strong>caro</strong></span> <span class='ocrx_word' id='word_1_726' title='bbox 1974 4936 2174 4994; x_wconf 78' lang='lat' dir='ltr'><strong>factum</strong></span> 
     </span>
    </p>
   </div>
   <div class='ocr_carea' id='block_1_97' title="bbox 598 5026 2173 5099">
    <p class='ocr_par' dir='ltr' id='par_1_97' title="bbox 598 5026 2173 5099">
     <span class='ocr_line' id='line_1_97' title="bbox 598 5026 2173 5099; baseline 0.003 -18"><span class='ocrx_word' id='word_1_727' title='bbox 598 5034 704 5081; x_wconf 79' lang='lat' dir='ltr'><strong>est.</strong></span> <span class='ocrx_word' id='word_1_728' title='bbox 755 5044 773 5078; x_wconf 77' lang='grc' dir='ltr'><strong>ι</strong></span> <span class='ocrx_word' id='word_1_729' title='bbox 823 5026 937 5081; x_wconf 84' lang='lat' dir='ltr'><strong>Non</strong></span> <span class='ocrx_word' id='word_1_730' title='bbox 977 5027 1141 5093; x_wconf 87' lang='lat' dir='ltr'><strong>enim,</strong></span> <span class='ocrx_word' id='word_1_731' title='bbox 1165 5028 1360 5099; x_wconf 87' lang='lat' dir='ltr'><strong>inquit,</strong></span> <span class='ocrx_word' id='word_1_732' title='bbox 1402 5028 1538 5083; x_wconf 79' lang='lat' dir='ltr'><strong>dixit</strong></span> <span class='ocrx_word' id='word_1_733' title='bbox 1571 5048 1583 5083; x_wconf 88' lang='lat'><strong>:</strong></span> <span class='ocrx_word' id='word_1_734' title='bbox 1630 5047 1647 5081; x_wconf 81' lang='grc' dir='ltr'><strong>ι</strong></span> <span class='ocrx_word' id='word_1_735' title='bbox 1684 5028 1749 5084; x_wconf 87' lang='lat' dir='ltr'><strong>Et</strong></span> <span class='ocrx_word' id='word_1_736' title='bbox 1796 5029 1996 5085; x_wconf 80' lang='lat' dir='ltr'><strong>factum</strong></span> <span class='ocrx_word' id='word_1_737' title='bbox 2031 5044 2113 5087; x_wconf 85' lang='lat' dir='ltr'><strong>est</strong></span> <span class='ocrx_word' id='word_1_738' title='bbox 2154 5051 2173 5085; x_wconf 70' lang='grc' dir='ltr'><strong>ι</strong></span> 
     </span>
    </p>
   </div>
   <div class='ocr_carea' id='block_1_98' title="bbox 602 5118 2172 5193">
    <p class='ocr_par' dir='ltr' id='par_1_98' title="bbox 602 5118 2172 5193">
     <span class='ocr_line' id='line_1_98' title="bbox 602 5118 2172 5193; baseline 0.004 -20"><span class='ocrx_word' id='word_1_739' title='bbox 602 5118 785 5182; x_wconf 88' lang='lat' dir='ltr'><strong>homo,</strong></span> <span class='ocrx_word' id='word_1_740' title='bbox 836 5120 951 5184; x_wconf 84' lang='lat' dir='ltr'><strong>sed,</strong></span> <span class='ocrx_word' id='word_1_741' title='bbox 994 5137 1012 5170; x_wconf 79' lang='grc' dir='ltr'><strong>ι</strong></span> <span class='ocrx_word' id='word_1_742' title='bbox 1052 5134 1176 5176; x_wconf 88' lang='lat' dir='ltr'><strong>caro</strong></span> <span class='ocrx_word' id='word_1_743' title='bbox 1234 5139 1254 5173; x_wconf 77' lang='grc' dir='ltr'><strong>ι</strong></span> <span class='ocrx_word' id='word_1_744' title='bbox 1295 5130 1393 5177; x_wconf 89' lang='lat' dir='ltr'><strong>:et</strong></span> <span class='ocrx_word' id='word_1_745' title='bbox 1423 5121 1493 5176; x_wconf 90' lang='lat' dir='ltr'><strong>ita</strong></span> <span class='ocrx_word' id='word_1_746' title='bbox 1522 5136 1631 5177; x_wconf 88' lang='lat' dir='ltr'><strong>non</strong></span> <span class='ocrx_word' id='word_1_747' title='bbox 1669 5124 1911 5193; x_wconf 89' lang='lat' dir='ltr'><strong>suscepit</strong></span> <span class='ocrx_word' id='word_1_748' title='bbox 1934 5124 2172 5180; x_wconf 89' lang='lat' dir='ltr'><strong>animam</strong></span> 
     </span>
    </p>
   </div>
   <div class='ocr_carea' id='block_1_99' title="bbox 597 5210 2180 5287">
    <p class='ocr_par' dir='ltr' id='par_1_99' title="bbox 597 5210 2180 5287">
     <span class='ocr_line' id='line_1_99' title="bbox 597 5210 2180 5287; baseline 0.007 -25"><span class='ocrx_word' id='word_1_749' title='bbox 597 5225 719 5279; x_wconf 78' lang='lat' dir='ltr'><strong>qua:</strong></span> <span class='ocrx_word' id='word_1_750' title='bbox 738 5210 898 5265; x_wconf 89' lang='lat' dir='ltr'><strong>habet</strong></span> <span class='ocrx_word' id='word_1_751' title='bbox 930 5223 1162 5269; x_wconf 89' lang='lat' dir='ltr'><strong>mentem</strong></span> <span class='ocrx_word' id='word_1_752' title='bbox 1193 5229 1256 5269; x_wconf 82' lang='lat' dir='ltr'><strong>ac</strong></span> <span class='ocrx_word' id='word_1_753' title='bbox 1289 5214 1573 5282; x_wconf 88' lang='lat' dir='ltr'><strong>rationem,</strong></span> <span class='ocrx_word' id='word_1_754' title='bbox 1607 5215 1701 5271; x_wconf 85' lang='lat' dir='ltr'><strong>sed</strong></span> <span class='ocrx_word' id='word_1_755' title='bbox 1731 5231 1945 5271; x_wconf 82' lang='lat' dir='ltr'><strong>carnem</strong></span> <span class='ocrx_word' id='word_1_756' title='bbox 1974 5218 2180 5287; x_wconf 89' lang='lat' dir='ltr'><strong>absque</strong></span> 
     </span>
    </p>
   </div>
   <div class='ocr_carea' id='block_1_100' title="bbox 600 5304 2178 5379">
    <p class='ocr_par' dir='ltr' id='par_1_100' title="bbox 600 5304 2178 5379">
     <span class='ocr_line' id='line_1_100' title="bbox 600 5304 2178 5379; baseline 0.006 -24"><span class='ocrx_word' id='word_1_757' title='bbox 600 5313 781 5357; x_wconf 84' lang='lat' dir='ltr'><strong>mente</strong></span> <span class='ocrx_word' id='word_1_758' title='bbox 797 5312 847 5358; x_wconf 90' lang='lat' dir='ltr'><strong>et</strong></span> <span class='ocrx_word' id='word_1_759' title='bbox 863 5304 1087 5360; x_wconf 88' lang='lat' dir='ltr'><strong>ratione.</strong></span> <span class='ocrx_word' id='word_1_760' title='bbox 1108 5305 1392 5375; x_wconf 85' lang='lat' dir='ltr'><strong>lgnorahat</strong></span> <span class='ocrx_word' id='word_1_761' title='bbox 1404 5320 1469 5360; x_wconf 89' lang='lat' dir='ltr'><strong>au</strong></span> <span class='ocrx_word' id='word_1_762' title='bbox 1480 5317 1582 5361; x_wconf 89' lang='lat' dir='ltr'><strong>tem</strong></span> <span class='ocrx_word' id='word_1_763' title='bbox 1599 5307 1919 5363; x_wconf 89' lang='lat' dir='ltr'><strong>miserabilis</strong></span> <span class='ocrx_word' id='word_1_764' title='bbox 1933 5307 2019 5365; x_wconf 90' lang='lat' dir='ltr'><strong>ille</strong></span> <span class='ocrx_word' id='word_1_765' title='bbox 2036 5313 2178 5379; x_wconf 90' lang='lat' dir='ltr'><strong>quod</strong></span> 
     </span>
    </p>
   </div>
   <div class='ocr_carea' id='block_1_101' title="bbox 603 5392 2179 5472">
    <p class='ocr_par' dir='ltr' id='par_1_101' title="bbox 603 5392 2179 5472">
     <span class='ocr_line' id='line_1_101' title="bbox 603 5392 2179 5472; baseline 0.007 -24"><span class='ocrx_word' id='word_1_766' title='bbox 603 5392 879 5463; x_wconf 87' lang='lat' dir='ltr'><strong>Scriptura</strong></span> <span class='ocrx_word' id='word_1_767' title='bbox 910 5396 1217 5468; x_wconf 89' lang='lat' dir='ltr'><strong>plerumque</strong></span> <span class='ocrx_word' id='word_1_768' title='bbox 1247 5414 1275 5452; x_wconf 86' lang='lat' dir='ltr'><strong>a</strong></span> <span class='ocrx_word' id='word_1_769' title='bbox 1306 5409 1457 5469; x_wconf 89' lang='lat' dir='ltr'><strong>parte</strong></span> <span class='ocrx_word' id='word_1_770' title='bbox 1496 5407 1665 5453; x_wconf 90' lang='lat' dir='ltr'><strong>totum</strong></span> <span class='ocrx_word' id='word_1_771' title='bbox 1697 5400 1962 5467; x_wconf 88' lang='lat' dir='ltr'><strong>nominet,</strong></span> <span class='ocrx_word' id='word_1_772' title='bbox 1995 5414 2179 5472; x_wconf 88' lang='lat' dir='ltr'><strong>utpote</strong></span> 
     </span>
    </p>
   </div>
   <div class='ocr_carea' id='block_1_102' title="bbox 601 5490 2170 5558">
    <p class='ocr_par' dir='ltr' id='par_1_102' title="bbox 601 5490 2170 5558">
     <span class='ocr_line' id='line_1_102' title="bbox 601 5490 2170 5558; baseline 0.005 -18"><span class='ocrx_word' id='word_1_773' title='bbox 601 5498 1085 5543; x_wconf 76' lang='lat' dir='ltr'><strong>commemoratum</strong></span> <span class='ocrx_word' id='word_1_774' title='bbox 1138 5497 1303 5543; x_wconf 88' lang='lat' dir='ltr'><strong>totqu</strong></span> <span class='ocrx_word' id='word_1_775' title='bbox 1367 5490 1657 5553; x_wconf 83' lang='lat' dir='ltr'><strong>hominem,</strong></span> <span class='ocrx_word' id='word_1_776' title='bbox 1709 5505 1740 5543; x_wconf 87' lang='lat' dir='ltr'><strong>a</strong></span> <span class='ocrx_word' id='word_1_777' title='bbox 1789 5502 1962 5558; x_wconf 87' lang='lat' dir='ltr'><strong>parte,</strong></span> <span class='ocrx_word' id='word_1_778' title='bbox 1992 5494 2170 5548; x_wconf 88' lang='lat' dir='ltr'><strong>anima</strong></span> 
     </span>
    </p>
   </div>
   <div class='ocr_carea' id='block_1_103' title="bbox 602 5578 2169 5652">
    <p class='ocr_par' dir='ltr' id='par_1_103' title="bbox 602 5578 2169 5652">
     <span class='ocr_line' id='line_1_103' title="bbox 602 5578 2169 5652; baseline 0.006 -21"><span class='ocrx_word' id='word_1_779' title='bbox 602 5578 826 5643; x_wconf 83' lang='lat' dir='ltr'><strong>scilicet,</strong></span> <span class='ocrx_word' id='word_1_780' title='bbox 857 5580 1027 5647; x_wconf 90' lang='lat' dir='ltr'><strong>ipsum</strong></span> <span class='ocrx_word' id='word_1_781' title='bbox 1060 5581 1298 5637; x_wconf 86' lang='lat' dir='ltr'><strong>nominat</strong></span> <span class='ocrx_word' id='word_1_782' title='bbox 1323 5598 1338 5635; x_wconf 89' lang='lat'><strong>:</strong></span> <span class='ocrx_word' id='word_1_783' title='bbox 1364 5592 1441 5647; x_wconf 93' lang='lat' dir='ltr'><strong>ut,</strong></span> <span class='ocrx_word' id='word_1_784' title='bbox 1468 5600 1485 5633; x_wconf 88' lang='grc' dir='ltr'><strong>ι</strong></span> <span class='ocrx_word' id='word_1_785' title='bbox 1518 5579 1706 5637; x_wconf 88' lang='lat' dir='ltr'><strong>Omnis</strong></span> <span class='ocrx_word' id='word_1_786' title='bbox 1725 5586 1901 5637; x_wconf 88' lang='lat' dir='ltr'><strong>anima</strong></span> <span class='ocrx_word' id='word_1_787' title='bbox 1922 5599 2039 5652; x_wconf 86' lang='lat' dir='ltr'><strong>quae</strong></span> <span class='ocrx_word' id='word_1_788' title='bbox 2062 5600 2169 5640; x_wconf 89' lang='lat' dir='ltr'><strong>non</strong></span> 
     </span>
    </p>
   </div>
   <div class='ocr_carea' id='block_1_104' title="bbox 601 5670 2170 5746">
    <p class='ocr_par' dir='ltr' id='par_1_104' title="bbox 601 5670 2170 5746">
     <span class='ocr_line' id='line_1_104' title="bbox 601 5670 2170 5746; baseline 0.008 -28"><span class='ocrx_word' id='word_1_789' title='bbox 601 5670 1021 5737; x_wconf 75' lang='lat' dir='ltr'><strong>circnmciditur,</strong></span> <span class='ocrx_word' id='word_1_790' title='bbox 1044 5673 1322 5729; x_wconf 84' lang='lat' dir='ltr'><strong>occidatur</strong></span> <span class='ocrx_word' id='word_1_791' title='bbox 1344 5674 1409 5727; x_wconf 68' lang='grc' dir='ltr'><strong>δ’.</strong></span> <span class='ocrx_word' id='word_1_792' title='bbox 1438 5691 1455 5724; x_wconf 74' lang='grc' dir='ltr'><strong>ι</strong></span> <span class='ocrx_word' id='word_1_793' title='bbox 1486 5673 1621 5728; x_wconf 86' lang='lat' dir='ltr'><strong>Ecce</strong></span> <span class='ocrx_word' id='word_1_794' title='bbox 1651 5673 1793 5728; x_wconf 85' lang='lat' dir='ltr'><strong>enim</strong></span> <span class='ocrx_word' id='word_1_795' title='bbox 1830 5689 1926 5744; x_wconf 85' lang='lat' dir='ltr'><strong>pro</strong></span> <span class='ocrx_word' id='word_1_796' title='bbox 1944 5689 2008 5730; x_wconf 89' lang='lat' dir='ltr'><strong>eo</strong></span> <span class='ocrx_word' id='word_1_797' title='bbox 2030 5678 2170 5746; x_wconf 84' lang='lat' dir='ltr'><strong>quod</strong></span> 
     </span>
    </p>
   </div>
   <div class='ocr_carea' id='block_1_105' title="bbox 674 5846 2168 5925">
    <p class='ocr_par' dir='ltr' id='par_1_105' title="bbox 674 5846 2168 5925">
     <span class='ocr_line' id='line_1_105' title="bbox 674 5846 2168 5925; baseline 0.009 -26"><span class='ocrx_word' id='word_1_798' title='bbox 674 5847 717 5878; x_wconf 76' lang='grc'><strong>⁸⁸</strong></span> <span class='ocrx_word' id='word_1_799' title='bbox 751 5846 901 5903; x_wconf 70' lang='lat' dir='ltr'><strong>lieni.</strong></span> <span class='ocrx_word' id='word_1_800' title='bbox 933 5865 1046 5913; x_wconf 82' lang='lat' dir='ltr'><strong>vm,</strong></span> <span class='ocrx_word' id='word_1_801' title='bbox 1078 5851 1140 5905; x_wconf 66' lang='lat' dir='ltr'><strong>lii</strong></span> <span class='ocrx_word' id='word_1_802' title='bbox 1172 5862 1222 5903; x_wconf 77' lang='lat' dir='ltr'><strong>et</strong></span> <span class='ocrx_word' id='word_1_803' title='bbox 1255 5851 1430 5905; x_wconf 70' lang='lat' dir='ltr'><strong>(ialnt.</strong></span> <span class='ocrx_word' id='word_1_804' title='bbox 1466 5866 1534 5917; x_wconf 73' lang='grc' dir='ltr'><strong>ιν,</strong></span> <span class='ocrx_word' id='word_1_805' title='bbox 1559 5853 1611 5907; x_wconf 83' lang='lat'><strong>6.</strong></span> <span class='ocrx_word' id='word_1_806' title='bbox 1692 5855 1892 5911; x_wconf 53' lang='lat' dir='ltr'><strong>“Gen.</strong></span> <span class='ocrx_word' id='word_1_807' title='bbox 1922 5860 2168 5925; x_wconf 59' lang='lat'><strong>“11,14,</strong></span> 
     </span>
    </p>
   </div>
   <div class='ocr_carea' id='block_1_106' title="bbox 2284 4677 3856 4763">
    <p class='ocr_par' dir='ltr' id='par_1_106' title="bbox 2284 4677 3856 4763">
     <span class='ocr_line' id='line_1_106' title="bbox 2284 4677 3856 4763; baseline 0.012 -36"><span class='ocrx_word' id='word_1_808' title='bbox 2284 4692 2381 4729; x_wconf 91' lang='grc' dir='ltr'><strong>σαν</strong></span> <span class='ocrx_word' id='word_1_809' title='bbox 2431 4677 2492 4730; x_wconf 82' lang='grc' dir='ltr'>τὸ</span> <span class='ocrx_word' id='word_1_810' title='bbox 2527 4678 2683 4749; x_wconf 75' lang='grc' dir='ltr'>ἡμῶν</span> <span class='ocrx_word' id='word_1_811' title='bbox 2731 4680 2929 4751; x_wconf 86' lang='grc' dir='ltr'>σῶμα;</span> <span class='ocrx_word' id='word_1_812' title='bbox 2980 4678 3108 4756; x_wconf 76' lang='grc' dir='ltr'><strong>Εἶχε</strong></span> <span class='ocrx_word' id='word_1_813' title='bbox 3156 4684 3215 4740; x_wconf 75' lang='grc' dir='ltr'>δὲ</span> <span class='ocrx_word' id='word_1_814' title='bbox 3270 4687 3355 4752; x_wconf 82' lang='grc' dir='ltr'><strong>είς</strong></span> <span class='ocrx_word' id='word_1_815' title='bbox 3397 4690 3744 4763; x_wconf 88' lang='grc' dir='ltr'>ἐπικουρίαν,</span> <span class='ocrx_word' id='word_1_816' title='bbox 3784 4694 3856 4757; x_wconf 82' lang='grc' dir='ltr'>ὠς</span> 
     </span>
    </p>
   </div>
   <div class='ocr_carea' id='block_1_107' title="bbox 2278 4764 3848 4854">
    <p class='ocr_par' dir='ltr' id='par_1_107' title="bbox 2278 4764 3848 4854">
     <span class='ocr_line' id='line_1_107' title="bbox 2278 4764 3848 4854; baseline 0.012 -37"><span class='ocrx_word' id='word_1_817' title='bbox 2278 4764 2433 4835; x_wconf 78' lang='grc' dir='ltr'>ᾤετο,</span> <span class='ocrx_word' id='word_1_818' title='bbox 2456 4766 2517 4820; x_wconf 83' lang='grc' dir='ltr'>τὸ</span> <span class='ocrx_word' id='word_1_819' title='bbox 2552 4768 2725 4840; x_wconf 82' lang='grc' dir='ltr'>παρὸν</span> <span class='ocrx_word' id='word_1_820' title='bbox 2752 4772 2936 4841; x_wconf 78' lang='grc' dir='ltr'>ῥητόν·</span> <span class='ocrx_word' id='word_1_821' title='bbox 2975 4792 2995 4827; x_wconf 76' lang='grc' dir='ltr'><strong>ι</strong></span> <span class='ocrx_word' id='word_1_822' title='bbox 3032 4775 3142 4830; x_wconf 79' lang='grc' dir='ltr'><strong>Καὶ</strong></span> <span class='ocrx_word' id='word_1_823' title='bbox 3167 4777 3196 4830; x_wconf 83' lang='grc' dir='ltr'><strong>ό</strong></span> <span class='ocrx_word' id='word_1_824' title='bbox 3225 4779 3398 4847; x_wconf 84' lang='grc' dir='ltr'>Λόγος</span> <span class='ocrx_word' id='word_1_825' title='bbox 3423 4780 3557 4854; x_wconf 75' lang='grc' dir='ltr'>σάρξ</span> <span class='ocrx_word' id='word_1_826' title='bbox 3582 4785 3848 4853; x_wconf 73' lang='grc' dir='ltr'>ἐγένετο.»</span> 
     </span>
    </p>
   </div>
   <div class='ocr_carea' id='block_1_108' title="bbox 2281 4856 3851 4943">
    <p class='ocr_par' dir='ltr' id='par_1_108' title="bbox 2281 4856 3851 4943">
     <span class='ocr_line' id='line_1_108' title="bbox 2281 4856 3851 4943; baseline 0.011 -33"><span class='ocrx_word' id='word_1_827' title='bbox 2281 4856 2357 4910; x_wconf 88' lang='grc' dir='ltr'><strong>Ού</strong></span> <span class='ocrx_word' id='word_1_828' title='bbox 2406 4856 2536 4928; x_wconf 82' lang='grc' dir='ltr'>γάρ,</span> <span class='ocrx_word' id='word_1_829' title='bbox 2590 4860 2777 4928; x_wconf 76' lang='grc' dir='ltr'>φησὶν,</span> <span class='ocrx_word' id='word_1_830' title='bbox 2846 4861 3021 4930; x_wconf 80' lang='grc' dir='ltr'>εἶπεν,</span> <span class='ocrx_word' id='word_1_831' title='bbox 3087 4866 3171 4920; x_wconf 84' lang='grc' dir='ltr'><strong>δτι</strong></span> <span class='ocrx_word' id='word_1_832' title='bbox 3230 4860 3555 4942; x_wconf 80' lang='grc' dir='ltr'>Ἀνθρωπος</span> <span class='ocrx_word' id='word_1_833' title='bbox 3613 4876 3851 4943; x_wconf 77' lang='grc' dir='ltr'>ἐγένετο,</span> 
     </span>
    </p>
   </div>
   <div class='ocr_carea' id='block_1_109' title="bbox 2282 4947 3852 5037">
    <p class='ocr_par' dir='ltr' id='par_1_109' title="bbox 2282 4947 3852 5037">
     <span class='ocr_line' id='line_1_109' title="bbox 2282 4947 3852 5037; baseline 0.013 -38"><span class='ocrx_word' id='word_1_834' title='bbox 2282 4947 2438 5012; x_wconf 83' lang='grc' dir='ltr'>ἀλλὰ,</span> <span class='ocrx_word' id='word_1_835' title='bbox 2480 4967 2497 5001; x_wconf 86' lang='grc' dir='ltr'><strong>ι</strong></span> <span class='ocrx_word' id='word_1_836' title='bbox 2530 4950 2685 5021; x_wconf 78' lang='grc' dir='ltr'>σάρξ.</span> <span class='ocrx_word' id='word_1_837' title='bbox 2713 4972 2732 5005; x_wconf 71' lang='grc' dir='ltr'><strong>ι</strong></span> <span class='ocrx_word' id='word_1_838' title='bbox 2769 4953 2931 5008; x_wconf 81' lang='grc' dir='ltr'>Ὥστε</span> <span class='ocrx_word' id='word_1_839' title='bbox 2959 4956 3058 5009; x_wconf 88' lang='grc' dir='ltr'><strong>ούκ</strong></span> <span class='ocrx_word' id='word_1_840' title='bbox 3085 4957 3313 5014; x_wconf 77' lang='grc' dir='ltr'>ἀνέλαϐε</span> <span class='ocrx_word' id='word_1_841' title='bbox 3338 4962 3518 5034; x_wconf 76' lang='grc' dir='ltr'>ψυχὴν</span> <span class='ocrx_word' id='word_1_842' title='bbox 3548 4964 3674 5018; x_wconf 87' lang='grc' dir='ltr'>νοῦν</span> <span class='ocrx_word' id='word_1_843' title='bbox 3703 4967 3852 5037; x_wconf 81' lang='grc' dir='ltr'>ἐχου-</span> 
     </span>
    </p>
   </div>
   <div class='ocr_carea' id='block_1_110' title="bbox 2280 5040 3851 5126">
    <p class='ocr_par' dir='ltr' id='par_1_110' title="bbox 2280 5040 3851 5126">
     <span class='ocr_line' id='line_1_110' title="bbox 2280 5040 3851 5126; baseline 0.012 -35"><span class='ocrx_word' id='word_1_844' title='bbox 2280 5053 2379 5092; x_wconf 89' lang='grc' dir='ltr'><strong>σαν</strong></span> <span class='ocrx_word' id='word_1_845' title='bbox 2410 5040 2503 5093; x_wconf 76' lang='grc' dir='ltr'>καὶ</span> <span class='ocrx_word' id='word_1_846' title='bbox 2525 5040 2702 5111; x_wconf 89' lang='grc' dir='ltr'>λόγον,</span> <span class='ocrx_word' id='word_1_847' title='bbox 2733 5044 2867 5099; x_wconf 86' lang='grc' dir='ltr'><strong>ἀλλά</strong></span> <span class='ocrx_word' id='word_1_848' title='bbox 2892 5048 3071 5119; x_wconf 81' lang='grc' dir='ltr'>σάρκα</span> <span class='ocrx_word' id='word_1_849' title='bbox 3095 5050 3257 5105; x_wconf 78' lang='grc' dir='ltr'>ἄνουν</span> <span class='ocrx_word' id='word_1_850' title='bbox 3278 5053 3372 5107; x_wconf 81' lang='grc' dir='ltr'>καὶ</span> <span class='ocrx_word' id='word_1_851' title='bbox 3396 5054 3610 5125; x_wconf 78' lang='grc' dir='ltr'>ἄλογον.</span> <span class='ocrx_word' id='word_1_852' title='bbox 3648 5057 3851 5126; x_wconf 79' lang='grc' dir='ltr'>’ίὶγνόει</span> 
     </span>
    </p>
   </div>
   <div class='ocr_carea' id='block_1_111' title="bbox 2275 5129 3851 5224">
    <p class='ocr_par' dir='ltr' id='par_1_111' title="bbox 2275 5129 3851 5224">
     <span class='ocr_line' id='line_1_111' title="bbox 2275 5129 3851 5224; baseline 0.014 -41"><span class='ocrx_word' id='word_1_853' title='bbox 2366 5129 2474 5205; x_wconf 84' lang='grc' dir='ltr'><strong>ἀρα</strong></span> <span class='ocrx_word' id='word_1_854' title='bbox 2504 5135 2531 5187; x_wconf 91' lang='grc' dir='ltr'><strong>ό</strong></span> <span class='ocrx_word' id='word_1_855' title='bbox 2565 5135 2817 5203; x_wconf 78' lang='grc' dir='ltr'>ἐλεεινὸς,</span> <span class='ocrx_word' id='word_1_856' title='bbox 2844 5139 2983 5212; x_wconf 82' lang='grc' dir='ltr'><strong>ὅτιή</strong></span> <span class='ocrx_word' id='word_1_857' title='bbox 3014 5141 3204 5224; x_wconf 72' lang='grc' dir='ltr'>Γραφὴ</span> <span class='ocrx_word' id='word_1_858' title='bbox 3234 5145 3343 5199; x_wconf 81' lang='grc' dir='ltr'>ἀπὸ</span> <span class='ocrx_word' id='word_1_859' title='bbox 3371 5146 3464 5200; x_wconf 89' lang='grc' dir='ltr'><strong>τοῦ</strong></span> <span class='ocrx_word' id='word_1_860' title='bbox 3499 5148 3703 5220; x_wconf 81' lang='grc' dir='ltr'>μέρους</span> <span class='ocrx_word' id='word_1_861' title='bbox 3729 5152 3851 5204; x_wconf 81' lang='grc' dir='ltr'>πολ-</span> 
     </span>
    </p>
   </div>
   <div class='ocr_carea' id='block_1_112' title="bbox 2275 5221 3846 5314">
    <p class='ocr_par' dir='ltr' id='par_1_112' title="bbox 2275 5221 3846 5314">
     <span class='ocr_line' id='line_1_112' title="bbox 2275 5221 3846 5314; baseline 0.015 -40"><span class='ocrx_word' id='word_1_862' title='bbox 2275 5221 2432 5287; x_wconf 83' lang='grc' dir='ltr'>λάκις</span> <span class='ocrx_word' id='word_1_863' title='bbox 2457 5226 2713 5296; x_wconf 77' lang='grc' dir='ltr'>ὀνομάζει</span> <span class='ocrx_word' id='word_1_864' title='bbox 2745 5229 2805 5283; x_wconf 85' lang='grc' dir='ltr'>τὸ</span> <span class='ocrx_word' id='word_1_865' title='bbox 2854 5230 2976 5285; x_wconf 85' lang='grc' dir='ltr'>ὅλον</span> <span class='ocrx_word' id='word_1_866' title='bbox 3033 5221 3166 5299; x_wconf 75' lang='grc' dir='ltr'>οἷον,</span> <span class='ocrx_word' id='word_1_867' title='bbox 3205 5237 3477 5307; x_wconf 84' lang='grc' dir='ltr'>μέλλουσα</span> <span class='ocrx_word' id='word_1_868' title='bbox 3506 5242 3846 5314; x_wconf 82' lang='grc' dir='ltr'>ἐπιμνησθῆ-</span> 
     </span>
    </p>
   </div>
   <div class='ocr_carea' id='block_1_113' title="bbox 2277 5313 3849 5403">
    <p class='ocr_par' dir='ltr' id='par_1_113' title="bbox 2277 5313 3849 5403">
     <span class='ocr_line' id='line_1_113' title="bbox 2277 5313 3849 5403; baseline 0.022 -37"><span class='ocrx_word' id='word_1_869' title='bbox 2277 5329 2363 5367; x_wconf 87' lang='grc' dir='ltr'><strong>ναι</strong></span> <span class='ocrx_word' id='word_1_870' title='bbox 2391 5313 2677 5386; x_wconf 83' lang='grc' dir='ltr'>ἀνθρώπου</span> <span class='ocrx_word' id='word_1_871' title='bbox 2730 5320 2873 5384; x_wconf 84' lang='grc' dir='ltr'>ὅλου,</span> <span class='ocrx_word' id='word_1_872' title='bbox 2926 5324 3034 5377; x_wconf 75' lang='grc' dir='ltr'>ἀπὸ</span> <span class='ocrx_word' id='word_1_873' title='bbox 3082 5326 3306 5394; x_wconf 83' lang='grc' dir='ltr'>μέρους.</span> <span class='ocrx_word' id='word_1_874' title='bbox 3366 5329 3463 5399; x_wconf 82' lang='grc' dir='ltr'>τῆς</span> <span class='ocrx_word' id='word_1_875' title='bbox 3494 5330 3675 5402; x_wconf 78' lang='grc' dir='ltr'>ψυχῆς</span> <span class='ocrx_word' id='word_1_876' title='bbox 3709 5313 3849 5403; x_wconf 72' lang='grc' dir='ltr'>λόγῳ</span> 
     </span>
    </p>
   </div>
   <div class='ocr_carea' id='block_1_114' title="bbox 2276 5404 3847 5497">
    <p class='ocr_par' dir='ltr' id='par_1_114' title="bbox 2276 5404 3847 5497">
     <span class='ocr_line' id='line_1_114' title="bbox 2276 5404 3847 5497; baseline 0.013 -40"><span class='ocrx_word' id='word_1_877' title='bbox 2276 5404 2532 5497; x_wconf 76' lang='grc' dir='ltr'>ὀνομάζει</span> <span class='ocrx_word' id='word_1_878' title='bbox 2565 5409 2725 5463; x_wconf 83' lang='grc' dir='ltr'>αὐτόν</span> <span class='ocrx_word' id='word_1_879' title='bbox 2752 5428 2765 5441; x_wconf 82' lang='lat'><strong>&#39;</strong></span> <span class='ocrx_word' id='word_1_880' title='bbox 2818 5408 2951 5479; x_wconf 72' lang='grc' dir='ltr'>οἷον,</span> <span class='ocrx_word' id='word_1_881' title='bbox 2993 5433 3011 5466; x_wconf 80' lang='grc' dir='ltr'><strong>ι</strong></span> <span class='ocrx_word' id='word_1_882' title='bbox 3054 5417 3209 5471; x_wconf 81' lang='grc' dir='ltr'>Πᾶσα</span> <span class='ocrx_word' id='word_1_883' title='bbox 3232 5417 3400 5492; x_wconf 75' lang='grc' dir='ltr'>ψυχὴ,</span> <span class='ocrx_word' id='word_1_884' title='bbox 3446 5422 3570 5494; x_wconf 75' lang='grc' dir='ltr'>ἥτις</span> <span class='ocrx_word' id='word_1_885' title='bbox 3603 5425 3666 5479; x_wconf 80' lang='grc' dir='ltr'>οὐ</span> <span class='ocrx_word' id='word_1_886' title='bbox 3699 5443 3847 5497; x_wconf 79' lang='grc' dir='ltr'>περι-</span> 
     </span>
    </p>
   </div>
   <div class='ocr_carea' id='block_1_115' title="bbox 2278 5496 3846 5583">
    <p class='ocr_par' dir='ltr' id='par_1_115' title="bbox 2278 5496 3846 5583">
     <span class='ocr_line' id='line_1_115' title="bbox 2278 5496 3846 5583; baseline 0.015 -35"><span class='ocrx_word' id='word_1_887' title='bbox 2278 5496 2481 5567; x_wconf 72' lang='grc' dir='ltr'>τμηθῇ,</span> <span class='ocrx_word' id='word_1_888' title='bbox 2511 5500 2877 5559; x_wconf 83' lang='grc' dir='ltr'>θανατούσθω.</span> <span class='ocrx_word' id='word_1_889' title='bbox 2916 5525 2933 5558; x_wconf 74' lang='grc' dir='ltr'><strong>ι</strong></span> <span class='ocrx_word' id='word_1_890' title='bbox 2954 5506 3085 5562; x_wconf 80' lang='grc' dir='ltr'>Ἰδοὺ</span> <span class='ocrx_word' id='word_1_891' title='bbox 3111 5510 3218 5582; x_wconf 81' lang='grc' dir='ltr'>γὰρ</span> <span class='ocrx_word' id='word_1_892' title='bbox 3244 5513 3366 5567; x_wconf 75' lang='grc' dir='ltr'>ἀντὶ</span> <span class='ocrx_word' id='word_1_893' title='bbox 3390 5515 3485 5569; x_wconf 85' lang='grc' dir='ltr'><strong>τοῦ</strong></span> <span class='ocrx_word' id='word_1_894' title='bbox 3512 5519 3713 5583; x_wconf 75' lang='grc' dir='ltr'>εἰπεῖν,</span> <span class='ocrx_word' id='word_1_895' title='bbox 3745 5496 3846 5581; x_wconf 71' lang='grc' dir='ltr'>πᾶς</span> 
     </span>
    </p>
   </div>
   <div class='ocr_carea' id='block_1_116' title="bbox 2278 5586 3847 5676">
    <p class='ocr_par' dir='ltr' id='par_1_116' title="bbox 2278 5586 3847 5676">
     <span class='ocr_line' id='line_1_116' title="bbox 2278 5586 3847 5676; baseline 0.015 -36"><span class='ocrx_word' id='word_1_896' title='bbox 2278 5586 2584 5659; x_wconf 79' lang='grc' dir='ltr'>ἄνθρωπος,</span> <span class='ocrx_word' id='word_1_897' title='bbox 2614 5587 2737 5647; x_wconf 82' lang='grc' dir='ltr'>εἷπε</span> <span class='ocrx_word' id='word_1_898' title='bbox 2764 5594 2827 5647; x_wconf 82' lang='grc' dir='ltr'><strong>τό</strong></span> <span class='ocrx_word' id='word_1_899' title='bbox 2857 5596 3040 5665; x_wconf 85' lang='grc' dir='ltr'>μέρος,</span> <span class='ocrx_word' id='word_1_900' title='bbox 3078 5600 3179 5671; x_wconf 81' lang='grc' dir='ltr'>τὴν</span> <span class='ocrx_word' id='word_1_901' title='bbox 3224 5601 3404 5675; x_wconf 79' lang='grc' dir='ltr'>ψυχὴν</span> <span class='ocrx_word' id='word_1_902' title='bbox 3424 5604 3587 5676; x_wconf 86' lang='grc' dir='ltr'>λέγω.</span> <span class='ocrx_word' id='word_1_903' title='bbox 3606 5609 3718 5663; x_wconf 74' lang='grc' dir='ltr'><strong>Καὶ</strong></span> <span class='ocrx_word' id='word_1_904' title='bbox 3752 5610 3847 5663; x_wconf 77' lang='grc' dir='ltr'>πά·</span> 
     </span>
    </p>
   </div>
   <div class='ocr_carea' id='block_1_117' title="bbox 2280 5681 3843 5769">
    <p class='ocr_par' dir='ltr' id='par_1_117' title="bbox 2280 5681 3843 5769">
     <span class='ocr_line' id='line_1_117' title="bbox 2280 5681 3843 5769; baseline 0.016 -36"><span class='ocrx_word' id='word_1_905' title='bbox 2280 5681 2361 5737; x_wconf 89' lang='grc' dir='ltr'><strong>λιν</strong></span> <span class='ocrx_word' id='word_1_906' title='bbox 2396 5682 2500 5735; x_wconf 68' lang='grc' dir='ltr'><strong>ἀπὸ</strong></span> <span class='ocrx_word' id='word_1_907' title='bbox 2527 5683 2626 5755; x_wconf 82' lang='grc' dir='ltr'>τῆς</span> <span class='ocrx_word' id='word_1_908' title='bbox 2654 5687 2851 5756; x_wconf 67' lang='grc' dir='ltr'>σαρκὸς</span> <span class='ocrx_word' id='word_1_909' title='bbox 2870 5688 3124 5761; x_wconf 80' lang='grc' dir='ltr'>ὀνομάζει</span> <span class='ocrx_word' id='word_1_910' title='bbox 3150 5691 3208 5746; x_wconf 84' lang='grc' dir='ltr'><strong>τδ</strong></span> <span class='ocrx_word' id='word_1_911' title='bbox 3234 5694 3376 5764; x_wconf 84' lang='grc' dir='ltr'>ὅλον,</span> <span class='ocrx_word' id='word_1_912' title='bbox 3421 5697 3496 5762; x_wconf 83' lang='grc' dir='ltr'>ὠς</span> <span class='ocrx_word' id='word_1_913' title='bbox 3528 5700 3658 5756; x_wconf 77' lang='grc' dir='ltr'>ὅταν</span> <span class='ocrx_word' id='word_1_914' title='bbox 3682 5702 3807 5769; x_wconf 72' lang='grc' dir='ltr'>λέγῃ</span> <span class='ocrx_word' id='word_1_915' title='bbox 3832 5716 3843 5731; x_wconf 87' lang='grc'><em>’</em></span> 
     </span>
    </p>
   </div>
  </div>
