4100 6334
206 436 227 503 1
244 434 337 502 15Ί

933 431 1381 496 ENARRATIO
1424 433 1505 495 1N
1550 401 2058 511 avANGELtUM
2098 431 2448 495 JOANNIS.
2475 456 2545 469 —
2570 430 2733 495 CAP.
2778 431 2827 492 Ι.

3403 424 3543 493 1153

210 565 230 598 ι
271 549 380 601 Καὶ
407 546 603 618 ὃψεται
657 544 810 598 πᾶσα
845 540 984 614 σὰρξ
1026 542 1086 595 1:0
1118 540 1396 613 Σωτήρων
1440 542 1537 595 τοῦ
1569 540 1747 597 Θεοῦο
1790 561 1809 593 ι

1928 553 2004 608 est
2054 544 2235 601 omnis
2261 542 2448 611 homo,
2487 542 2620 599 dicit
2676 553 2912 610 partem,
2944 538 3186 597 animam
3214 538 3544 601 acilium-3t

201 641 388 694 πάντα
425 641 537 712 γὰρ
570 638 866 709 ἄνθρωπον
904 635 1120 708 μέλλων
1163 636 1365 701 εἰπεῖν,
1401 633 1482 707 τῷ
1521 634 1624 705 τῆς
1672 652 1811 706 σαρ-

204 732 302 795 κὸς
335 731 565 799 ὀνόματι
599 728 1045 800 προσεχρήσατο.
1079 724 1270 792 Οὕτως
1300 721 1395 780 οῦν
1448 726 1545 780 καὶ
1575 727 1605 780 0
1638 727 1811 796 εὐαγ-

206 825 491 896 γελιστὴς,
521 822 644 876 ἀντὶ
674 820 769 876 τοῦ
798 822 977 874 εἰπεῖν
996 838 1012 853 ο
1049 818 1109 874 '0
1148 819 1323 889 Λόγος
1344 817 1641 892 ἄνθρωπος
1687 818 1815 888 ἐγέ-

204 934 351 981 νετο,
386 911 543 969 εἶπεν
568 954 586 977 ,
626 932 647 966 ι
702 914 761 968 '0
822 912 998 982 Λόγος
1053 912 1191 985 σὰρξ
1228 912 1469 982 ὲγένετο,
1511 930 1529 964 ι
1576 911 1810 967 ἀπὸτοῦ

207 1013 412 1082 μέρους
439 1012 532 1064 τόν
575 1008 869 1082 ἄνθρωπον
915 1006 1226 1079 ὀνομάζων,
1261 1008 1356 1061 τὸν
1396 1009 1463 1062 ἐκ
1493 1007 1677 1079 ψυχῆς
1717 1010 1813 1063 καὶ

205 1106 461 1175 σώματος
494 1103 883 1175 συγκείμενον.
912 1102 1068 1173 Τάχα
1102 1100 1159 1154 δὲ
1210 1102 1337 1155 ἐπεὶ
1375 1103 1408 1173 ή
1458 1100 1602 1175 σάρξ
1642 1095 1815 1156 ’ἀλλόο

203 1200 357 1263 τριόν
389 1199 504 1249 ἐστι
534 1199 632 1268 τῆς
658 1195 809 1259 θείας
859 1192 1101 1263 φύσεως,
1146 1192 1321 1248 θέλων
1359 1196 1387 1249 0
1418 1194 1818 1264 εῦαγγελιστὴς

202 1289 448 1361 δηλῶσαι
494 1291 592 1362 τὴν
643 1289 1022 1360 ὐπεράπειρον
1070 1288 1489 1356 συγκατάϐασιν
1515 1288 1609 1344 τοῦ
1649 1288 1813 1353 Θεοῦ,

203 1383 305 1452 τῆς
347 1382 553 1454 σαρκὸς
604 1381 855 1453 ἐμνήσθη
880 1422 894 1444 ,
934 1382 1002 1434 ἶν’
1044 1380 1416 1457 ὲκπλαγῶμεν
1468 1381 1570 1454 τὴν
1606 1383 1818 1451 άφατον

204 1475 632 1547 φιλανθρωπίαν
666 1475 858 1539 αὑτοῦ,
894 1478 1004 1541 ὅτι,
1041 1475 1133 1529 διὰ
1158 1476 1260 1547 τὴν
1308 1473 1592 1548 σωτηρίαν
1626 1477 1814 1547 ἡμῶν,

202 1570 269 1621 τὸ
290 1568 579 1639 ἀλλότριον
599 1569 698 1640 τῆς
733 1566 951 1636 φύσεως
975 1565 1143 1623 αὐτοῦ
1172 1570 1269 1622 καὶ
1289 1566 1442 1633 ξένον
1466 1568 1814 1632 παντάπασι,

206 1660 359 1731 φημὶ
385 1660 451 1733 δὴ
482 1659 582 1731 τὴν
616 1659 822 1731 σάρκα,
855 1660 1220 1732 προσέλαϐεν.
1283 1660 1346 1714 'll
1382 1661 1483 1733 μὲν
1524 1664 1634 1733 γὰρ
1668 1661 1819 1733 ψυχὴ

204 1755 323 1825 ἔχει
360 1756 483 1809 τινὰ
517 1756 847 1825 συγγένειαν
867 1754 1006 1827 πρὸς
1046 1754 1181 1807 Θεόν
1207 1769 1221 1782 ·
1261 1755 1374 1826 ἡδὲ
1409 1753 1552 1827 σάρξ
1611 1757 1819 1809 παντά-

208 1865 380 1902 πασιν
414 1848 812 1919 ἀκοινώνητος.
843 1849 945 1902 Διά
994 1847 1154 1902 τοῦτο
1188 1846 1283 1903 οῦν
1305 1842 1463 1921 οἶμαι
1515 1840 1608 1903 τὸν
1655 1849 1818 1918 εὐαγ-

206 1942 469 2013 γελιστὴν
496 1912 733 1997 ἐνταῦθα
759 1942 907 2014 μόνῳ
936 1942 1016 2013 τῷ
1046 1942 1145 2014 τῆς
1174 1912 1377 2016 σαρκὸς
1418 1944 1649 2014 ὀνόματι
1680 1912 1812 2016 χρη·
1857 1912 1897 1965 Β

208 2034 412 2089 σασθαι
432 2074 447 2095 ,
489 2035 589 2106 οῦχ
615 2034 691 2098 ώς
744 2026 1138 2105 ἀμοιροῦντος¹
1164 2033 1346 2104 ψυχῆς
1378 2032 1473 2086 τοῦ
1524 2033 1816 2104 προσλήμ·

207 2146 409 2199 ματος,
454 2128 591 2183 ἀλλά
649 2132 789 2200 πρὸς
852 2126 1082 2193 ἔνδειξιν
1124 2128 1297 2186 πλείω
1337 2128 1433 2180 τοῦ
1492 2125 1815 2197 θαυμαστοῦ

206 2226 307 2279 καλ⁸
328 2224 638 2296 φρικώδους
670 2225 996 2297 μυστηρίου.
1037 2223 1191 2277 Ἐπεὶ
1223 2223 1319 2278 ὲάν
1344 2222 1405 2276 οὑ
1441 2222 1819 2293 προσελάὸετο

203 2318 389 2390 ψυχὴν
415 2318 771 2390 ἀνθρωπίνην
799 2319 829 2373 0
874 2317 1049 2387 A670;
1078 2315 1409 2389 σαρκωθεὶς,
1435 2314 1811 2385 ἀθεράπευτοι

205 2412 292 2465 ἔτι
347 2413 487 2466 είσὶν
520 2413 579 2466 αί
628 2410 804 2482 ψυχαὶ
825 2410 1024 2481 ὴμῶν·
1082 2408 1111 2462 ὃ
1151 2414 1261 2481 γὰρ
1312 2410 1374 2462 οὐ
1420 2408 1818 2482 προσελάϐετο,

206 2505 331 2559 οὐδὲ
369 2505 587 2577 ἡγίασε.
655 2506 767 2559 Καὶ
800 2503 883 2568 τίς
907 2507 934 2558 0
976 2503 1172 2572 γέλως,
1209 2503 1308 2574 τῆς
1340 2503 1527 2576 ψυχῆς
1588 2503 1816 2575 πρώτης

207 2599 499 2670 παθούσης
532 2598 746 2671 (εκείνη
784 2599 892 2669 γὰρ
929 2598 962 2668 ἡ
1001 2597 1233 2651 ὲνδοῦσα
1263 2599 1376 2660 τοῖς
1400 2595 1496 2650 τοῦ
1520 2594 1699 2666 ὄφεως
1725 2596 1814 2649 λόο
1842 2658 1845 2659 ν

208 2710 330 2761 γοις
356 2693 453 2746 καὶ
482 2689 833 2762 ἀπατηθείσα
858 2692 917 2744 ὲν
948 2689 1292 2761 παραδείσῳ,
1342 2682 1465 2742 εἶτα
1502 2688 1602 2741 καὶ
1634 2689 1666 2758 ὴ
1693 2688 1819 2759 χεὶρ

207 2786 394 2858 ἥψατο
449 2784 941 2857 ἐπακολουθήσασα
991 2785 1058 2856 τῇ
1106 2781 1276 2855 κυρίᾳ
1327 2781 1424 2835 καὶ
1451 2781 1711 2853 δεσποίνῃ
1751 2784 1816 2853 τῇ

206 2880 411 2952 ψυχῇ),
436 2880 537 2952 τὴν
577 2878 679 2951 μὲν
727 2877 1105 2950 θεράπαιναν,
1132 2876 1235 2947 τὴν
1273 2875 1479 2948 σάρκα,
1526 2874 1625 2930 καὶ
1652 2891 1821 2947 προσ-

206 2975 530 3058 ληφθῆναιλ
550 2976 645 3029 καὶ
687 2971 1046 3045 ἁγιασθῆναι,
1094 2971 1191 3025 καὶ
1246 2957 1687 3043 θεραπευθῆναι,
1718 2971 1820 3041 τὴν

208 3068 265 3122 δὲ
298 3063 499 3140 κυρίαν
526 3065 755 3138 ἰαθῆναι
778 3066 1168 3138 ἀπρόσληπτόν
1194 3081 1255 3117 τε
1282 3064 1380 3117 καὶ
1400 3063 1781 3136 ἀθεράπευτον
1803 3081 1817 3131 ;

222 3158 370 3212 Ἀλλ’
433 3157 811 3229 ’Λπολινάριος
871 3154 971 3226 μὶν
1028 3152 1263 3227 ἐρρέτω.
1324 3153 1525 3223 Ἡμεῖς
1574 3152 1655 3211 δὲ,
1688 3152 1822 3208 ὅταν

1921 637 2125 692 iterum
2180 652 2210 692 a
2270 650 2439 692 carne
2500 635 2747 691 nominat
2804 642 3001 698 totum.
3043 635 3353 710 nt’qnamlo
3385 634 3541 701 dicit,

1922 749 1944 784 ι
1987 731 2055 787 Et
2076 729 2473 788 videbitomnis
2492 744 2625 787 coro
2644 726 3111 785 Salutate-Dei”.
3136 746 3155 781 ο
3182 729 3381 785 Dicere
3393 727 3544 786 enim

1918 827 2107 884 volens
2142 840 2381 882 temnem
2413 824 2720 888 hominem,
2750 823 2938 879 eamis
2996 821 3225 879 nomine
3247 836 3403 879 .usus
3430 831 3542 879 est.

1917 917 2009 974 Sic
2060 925 2115 973 et
2154 916 2493 988 evangelista
2532 927 2722 987 proco
2773 915 2924 986 quod
2962 922 3079 982 est,
3114 913 3352 970 Verbum
3371 913 3545 971 homo

1918 1009 2274 1066 factumest:
2314 1008 2475 1071 dixit,
2541 1026 2562 1060 ι
2622 1004 2860 1063 Verbum
2908 1021 3039 1064 caro
3087 1006 3461 1063 factum‘est‘:
3517 1025 3537 1057 ι

1922 1120 1952 1159 a
1992 1114 2148 1175 parte
2213 1111 2386 1159 totum
2449 1100 2729 1157 hominem
2799 1101 3116 1166 nominans,
3180 1116 3247 1157 ex
3279 1100 3545 1159 anites-et

1918 1210 2148 1267 corpore
2214 1195 2599 1250 constitutum.
2648 1191 2930 1250 Fortassis
2991 1202 3178 1247 autem
3230 1193 3358 1263 quia
3413 1208 3544 1249 caro

1920 1304 1950 1343 a
1972 1289 2159 1344 divina
2192 1298 2387 1343 natura
2434 1285 2667 1342 alienior
2694 1294 2799 1350 est,
2847 1283 3042 1340 volens
3098 1283 3434 1354 evangelista
3467 1282 3545 1338 si-

1919 1383 2183 1455 gniticare
2229 1383 2557 1437 immensam
2589 1378 2686 1436 Dei
2716 1380 3184 1447 misericordiam,
3208 1376 3398 1434 carnis
3425 1391 3544 1434 me-

1923 1474 2103 1541 minit,
2135 1485 2197 1529 ut
2228 1471 2559 1529 inell‘abilem
2608 1470 2727 1542 ejus
2760 1471 3155 1543 benignitatem
3190 1474 3549 1542 obstupesca-

1925 1584 2065 1635 mus,
2091 1570 2232 1640 quod
2266 1578 2491 1641 propter
2515 1577 2759 1623 nostram
2780 1566 3034 1632 salutem,
3060 1565 3300 1621 alienum
3328 1582 3356 1620 a
3380 1562 3551 1638 518

1926 1674 2117 1718 natura
2170 1677 2293 1729 sua,
2324 1672 2381 1717 et
2414 1659 2673 1717 omnibus
2702 1651 2883 1715 modis
2916 1657 3290 1730 peregrinum,
3319 1672 3545 1713 carnem

1927 1757 2069 1821 dico,
2097 1757 2478 1827 assumpserit.
2513 1754 2711 1809 Anima
2738 1754 2885 1808 enim
2916 1747 3300 1823 cognationem
3330 1765 3534 1821 quam-

1927 1850 2054 1906 dam
2113 1850 2276 1905 habet
2325 1866 2449 1905 cum
2502 1848 2635 1917 Deo,
2658 1862 2789 1904 caro
2818 1855 3002 1902 autent
3028 1844 3179 1900 nullo
3210 1844 3374 1901 modo
3395 1858 3550 1902 com-

1930 1944 2173 1999 municat
2207 1962 2219 1997 :
2250 1952 2303 1999 et
2333 1942 2540 1999 idcirco
2563 1942 2761 2012 opinor
2788 1939 3187 2012 evangelistam
3212 1938 3332 1995 solo
3363 1937 3550 1994 carnis

1924 2038 2147 2095 nomine
2196 2054 2379 2101 usum.
2426 2054 2535 2093 non
2583 2038 2733 2108 quod
2777 2036 3193 2104 nnimaexpers
3217 2034 3292 2091 sit
3334 2048 3555 2092 assum-

1925 2133 2147 2205 ptionis,
2172 2135 2266 2189 sed
2302 2132 2370 2188 ad
2399 2131 2665 2203 majorem
2694 2129 3067 2187 ostensionem
3095 2129 3325 2185 mirandi
3356 2138 3406 2186 el
3433 2139 3555 2185 stu-

1923 2229 2086 2298 pendi
2123 2228 2479 2285 sacramenti.
2508 2225 2643 2281 Nam
2674 2230 2721 2282 si
2748 2240 2855 2281 non
2881 2225 3275 2296 assutnpsisset
3302 2223 3552 2279 animam

1925 2324 2218 2377 humanam
2279 2319 2520 2376 Verbum
2573 2320 2941 2383 incarnatum,
3000 2318 3336 2375 incurabiles
3374 2318 3555 2375 adhuc

1925 2424 2116 2472 essent
2160 2413 2358 2469 anima:
2410 2424 2636 2469 nostrae.
2696 2409 2834 2467 Nam
2889 2412 3037 2482 quod
3066 2427 3175 2467 non
3225 2412 3552 2483 assumpsit.

1923 2521 2031 2562 non
2068 2507 2309 2562 sanavit.
2358 2505 2423 2559 Et
2453 2519 2616 2575 quam
2660 2503 3141 2569 ridiculumrcunt
3191 2504 3373 2561 anima
3401 2503 3557 2577 prior

1922 2601 2248 2672 aegrotarit;
2304 2600 2455 2655 illam
2503 2599 2675 2666 enim,
2717 2590 2850 2655 cum.
2899 2600 3157 2656 crederet
3201 2602 3554 2657 sermonibus

1923 2695 2218 2765 serpentis,
2249 2694 2715 2765 deeipereturqne
2764 2695 2819 2748 in
2851 2694 3131 2763 paradiso,
3176 2704 3236 2750 nt
3264 2694 3547 2750 dominam

1920 2778 1975 2845 et
2000 2790 2242 2859 reginam
2290 2798 2480 2844 secuta
2510 2798 2597 2845 est
2650 2803 2869 2853 manus,
2902 2798 2958 2844 et
2983 2786 3233 2845 fructum
3261 2789 3478 2859 attigit;
3506 2790 3554 2845 si

1922 2883 2327 2954 relinqueretur
2380 2883 2624 2948 domina,
2684 2894 2740 2939 et
2779 2899 2902 2939 'non
2989 2892 3388 2951 assumretur,
3450 2899 3555 2941 nec

1922 2986 2237 3041 curaretur,
2310 2966 2693 3030 assumeretur
2741 2985 2926 3031 autem
3004 2985 3059 3033 et
3109 2977 3557 3033 sartct‘tllcarelur

1921 3078 1978 3122 et
2015 3072 2307 3122 curaretur
2366 3066 2537 3121 caro?
2566 3065 2771 3123 Verum
2838 3066 3208 3136 Apollinaritts
3233 3068 3435 3137 valeat,
3457 3084 3557 3127 nos

1925 3169 2110 3215 autem
2159 3161 2381 3229 quando
2436 3159 2692 3214 audimus
2721 3161 2879 3232 quod
2917 3160 3158 3216 Verbum
3183 3176 3314 3217 caro
3345 3161 3550 3220 factum

209 3251 530 3321 ἀκούωμεν,
556 3250 641 3304 ὅτι
685 3267 705 3302 ι
757 3247 820 3302 '0
850 3247 1026 3313 Λόγος
1059 3240 1201 3318 σὰρξ
1226 3245 1471 3315 ἐγένετο,
1502 3263 1521 3297 ι
1560 3249 1819 3300 πιστεῦο-

1928 3254 2022 3321 sit,
2051 3254 2330 3311 credimus
2379 3254 2525 3324 quod
2564 3261 2712 3309 totus
2752 3254 2920 3310 homo
2954 3254 3559 3329 fmusziquandoqui-

216 3362 321 3417 μεν
347 3344 431 3398 ὅτι
467 3342 759 3415 ἄνθρωπος
785 3341 1017 3405 τέλειος,
1045 3340 1149 3409 τῆς
1178 3337 1405 3411 Γραφῆς
1432 3337 1693 3404 εἰωθυίας
1725 3340 1821 3393 καὶ

1930 3349 2053 3406 dem
2102 3348 2403 3421 Scriptura:
2430 3362 2549 3403 mos
2583 3359 2671 3403 est
2694 3358 2751 3404 et
2777 3363 3032 3412 carnem,
3055 3351 3409 3419 etanimam,
3442 3360 3555 3406 uta

214 3440 403 3509 σάρκα
442 3448 537 3490 και
568 3435 749 3507 ψυχὴν
782 3433 1105 3505 μονομερῶς
1126 3433 1220 3486 τὸν
1246 3430 1503 3486 σύνθετον
1533 3430 1825 3503 ἄνθρωπον

213 3530 534 3603 ὀνομάζειν.
576 3529 981 3600 Ἀνατριπεται
1007 3526 1156 3581 δὲ’ὶκ
1176 3524 1371 3579 τοῦτου
1392 3523 1488 3579 τοῦ
1526 3524 1697 3597 ῥητοῦ
1727 3528 1821 3579 καὶ

216 3626 544 3695 Νεστόριος.
591 3623 833 3687 Ἐκεῖνος
856 3620 965 3691 γάρ
1010 3620 1222 3688 ἔλεγεν,
1242 3619 1325 3673 ὅτι
1358 3619 1457 3690 οὐχ
1490 3620 1518 3672 0
1540 3618 1676 3683 Θεὸς
1720 3619 1827 3671 A0-

216 3737 317 3789 70;
355 3719 519 3783 αῦτὺς
549 3719 759 3781 ἐκεῖνος
790 3718 1011 3786 ἐγένετο
1046 3713 1358 3786 ἄνθρωπος,
1393 3711 1725 3783 συλληφθεὶς
1764 3713 1827 3763 ἐκ

216 3810 333 3865 τῶν
382 3815 676 3880 πανάγνων
722 3808 976 3880 αἱμάτων
1017 3805 1115 3878 τῆς
1151 3805 1315 3874 ἁγίας
1354 3803 1660 3875 Παρθένου,
1708 3801 1826 3856 ἀλλ’

219 3905 412 3958 ἔτεκεν
446 3906 481 3975 ἡ
531 3896 820 3972 Ἡαρθὲνος
874 3901 1205 3971 ἄνθρωπον·
1255 3890 1415 3962 οὗτος
1452 3897 1509 3950 δὲ
1554 3898 1582 3949 6
1615 3896 1832 3967 ἄνθρωα-

219 4014 347 4063 πος,
404 3996 732 4068 χαριτωθεὶς
771 3994 978 4067 ἀρετῆς
1014 3994 1196 4064 πάσης
1223 3992 1381 4057 εῖδει,
1432 3991 1560 4062 ἔσχε
1616 3990 1707 4044 τὸν
1731 3987 1828 4042 τοῦ

216 4092 361 4147 Θεοῦ
394 4094 569 4161 Λόγον
597 4090 949 4162 συνημμένον
979 4086 1151 4159 αὐτῷ,
1188 4087 1283 4141 καὶ
1315 4086 1571 4151 ἐξουσίαν
1614 4084 1828 4138 διδόντα

222 4186 370 4241 κατὰ
401 4185 731 4256 πνευμάτων
782 4181 1119 4253 ἀκαθάρτων
1144 4195 1157 4209 ⁶
1198 4178 1293 4235 καὶ
1347 4180 1413 4233 ὲκ
1445 4178 1641 4232 τούτου
1675 4176 1830 4246 ἐδογ-

225 4279 427 4351 μάτιζε
462 4277 558 4333 δύο
590 4278 764 4342 υἱοὺς,
823 4276 925 4332 ἕνα
954 4278 1047 4329 τὸν
1088 4274 1187 4347 τῆς
1244 4272 1548 4343 Παρθένου,
1585 4271 1681 4325 τὸν
1723 4271 1833 4339 Ἰη-

223 4372 357 4427 σοῦν
385 4371 818 4445 τδνκάνθρωπον,
882 4369 978 4423 καὶ
1033 4369 1224 4439 ἕτερον
1247 4368 1340 4420 τὸν
1372 4366 1504 4421 Υἱὸν
1532 4368 1630 4419 τοῦ
1668 4362 1828 4429 Θεοῦ,

221 4467 581 4537 συνημμένον
637 4461 739 4535 μὲν
805 4462 886 4535 τῷ
934 4460 1238 4535 ἀνθρώπῳ,
1302 4460 1398 4514 καὶ
1457 4460 1831 4514 ἀδιάσπαστον

219 4557 379 4629 αῦτῴ
404 4556 557 4621 ὄντα,
589 4556 728 4611 ἀλλά
751 4554 897 4610 κατά
927 4555 1090 4628 χάριν
1120 4552 1216 4607 καὶ
1234 4551 1423 4624 σχέσιν
1455 4553 1551 4606 καί⁵
1579 4549 1829 4622 ἀγάπην,

1927 3452 2103 3511 parte,
2129 3449 2302 3495 totum
2337 3439 2612 3495 hominem
2644 3439 2950 3495 nominare.
2971 3439 3337 3497 Convincitur
3364 3451 3548 3499 autem

1929 3544 1984 3592 et
2044 3534 2331 3589 Nestorius
2386 3548 2456 3589 ex
2489 3532 2593 3588 hoc
2640 3533 2813 3590 dicto.
2846 3531 3073 3590 Dicebat
3108 3534 3385 3593 enimille
3410 3539 3559 3608 quod

1931 3644 2036 3684 non
2078 3627 2221 3685 Deus
2282 3627 2519 3683 Verbum
2553 3626 2722 3683 fuerit
2762 3627 2856 3685 ille
2921 3628 3089 3685 homo
3130 3640 3439 3702 conceptus
3488 3647 3556 3688 ex

1930 3718 2298 3775 sanctissimis
2318 3718 2688 3788 sanguinibus
2731 3728 2936 3781 sancta:
2962 3720 3243 3791 Virginis,
3267 3721 3366 3783 sed
3391 3737 3562 3794 pepu—

1932 3810 2069 3865 rerit
2090 3810 2311 3880 quidem
2343 3809 2512 3883 Virgo
2550 3812 2855 3879 hominem,
2888 3812 2990 3868 iste
3020 3821 3208 3869 autem
3241 3816 3405 3872 homo
3425 3832 3559 3887 gra-

1935 3906 2065 3957 tiam
2110 3912 2396 3960 assecntus
2445 3908 2498 3958 In
2531 3904 2681 3960 omni
2719 3907 2984 3960 virtutum
3032 3921 3255 3977 genere,
3294 3909 3557 3965 habuerit

1939 3992 2174 4049 Verbum
2226 3992 2323 4050 Dei
2364 3995 2467 4051 sibi
2518 3996 2909 4061 coadunatum,
2957 3999 3107 4069 quod
3135 4009 3476 4071 potestatem
3506 4003 3559 4058 ei

1935 4086 2162 4143 dederat
2184 4096 2377 4143 contra
2409 4089 2725 4145 immundos
2773 4091 3003 4159 spiritus
3037 4110 3050 4147 :
3084 4101 3252 4164 atque
3284 4093 3358 4149 ita
3397 4093 3555 4150 dice-

1937 4184 2029 4235 bat
2071 4180 2210 4237 duos
2264 4183 2431 4247 ﬁlios,
2470 4199 2641 4238 unum
2693 4184 2937 4255 Virginis
2964 4185 3153 4241 Jesum
3182 4187 3564 4255 hominem,et

1936 4271 2100 4326 alium
2160 4271 2359 4329 Filium
2420 4273 2537 4341 Dei,
2582 4276 2672 4345 qui
2698 4276 2971 4332 adnuatus
3016 4279 3242 4349 quidem
3274 4264 3444 4335 fuerit
3465 4280 3565 4336 ho-

1941 4365 2074 4419 mini
2131 4366 2593 4435 inseparabiliter,
2640 4369 2737 4424 sed
2765 4383 2862 4437 per
2891 4369 3136 4425 habitum
3159 4381 3214 4427 et
3237 4373 3473 4443 gratiam
3509 4386 3568 4429 et

1944 4457 2303 4523 charitatem,
2350 4459 2813 4529 quemadmodum
2854 4463 3022 4517 etiam
3057 4464 3353 4521 virtutibus
3420 4480 3565 4535 prae-

1939 4550 2075 4606 dito.
2133 4550 2259 4606 Hanc
2315 4553 2425 4617 ille,
2481 4569 2580 4610 sua
2644 4565 2841 4621 sponte
2900 4557 2969 4613 ad
3018 4558 3306 4614 veritatem
3336 4561 3565 4615 surdus.

218 4649 319 4711 οἷα
349 4653 417 4720 δὴ
446 4651 711 4721 ἐναρέτου
765 4650 922 4714 ὄντος
960 4648 1057 4702 τοῦ
1090 4646 1408 4721 ἀνθρώπου.
1454 4646 1647 4699 Ταῦτα
1692 4644 1824 4698 ἐκεῖ·

1950 4642 2082 4699 Νιηη
2118 4645 2165 4700 si
2198 4644 2483 4712 voluisset,
2518 4648 3031 4718 andivissetutique
3057 4661 3111 4705 ct
3146 4651 3363 4707 beatum
3403 4650 3567 4709 Joan-

223 4764 322 4811 νος
354 4744 715 4816 ὲθεὶζοκωφῶν
748 4742 887 4815 πρὸς
943 4744 1043 4814 τὴν
1079 4741 1367 4813 ἀλήθειαν.
1414 4740 1480 4794 Εἰ
1514 4740 1625 4811 γάρ
1668 4736 1838 4809 +7600-

221 4840 377 4903 λετο,
428 4838 673 4912 ἥκουσιν
716 4834 785 4891 ἂν
821 4835 919 4890 καὶ
964 4832 1130 4897 αὐτὸς
1173 4830 1270 4885 τοῦ
1323 4832 1609 4903 ’μακαρίου
1646 4828 1839 4881 τούτου

228 4929 635 5002 εὐαγγελιστοῦ
689 4928 971 4997 λέγοντος,
1000 4926 1103 4981 ’ὅτι
1163 4944 1182 4979 ‹
1234 4924 1293 4978 '0
1328 4923 1503 4991 Λόγος
1544 4922 1684 4993 σὰρξ
1716 4920 1839 4990 ὲγέ-

228 5044 383 5083 νετο.
420 5046 438 5079 ι
476 5026 552 5079 Οῦ
589 5020 887 5097 προφανῶς
913 5020 1025 5093 γὰρ
1048 5014 1632 5087 ἐνταῦθα’ὲλέγχεταις
1667 5013 1843 5077 Αὐτὸς

1948 4752 2071 4792 nem
2106 4738 2500 4808 evangelistam
2530 4739 2832 4805 dicentem,
2864 4759 2883 4793 ι
2921 4738 3163 4798 Verbum
3195 4758 3325 4799 caro
3359 4743 3566 4801 factum

1946 4840 2052 4886 est.
2088 4848 2108 4883 ι
2129 4828 2321 4888 Nonne
2346 4832 2635 4889 manifeste
2666 4834 2757 4890 hic
2786 4836 3134 4891 convincitur
3155 4836 3391 4906 ilpsum
3416 4839 3568 4896 enim

1949 4921 2187 4979 Verbum
2238 4925 2444 4981 factum
2477 4935 2564 4982 est
2610 4928 2797 4985 homo.
2847 4929 2967 4985 Non
3004 4932 3144 4986 dixit
3172 4932 3316 5002 quod
3344 4934 3570 4993 invento

1950 5016 2171 5073 homine
2229 5019 2524 5075 virtutibus
2568 5022 2820 5092 praedito,
2879 5022 2957 5077 illi
2994 5038 3055 5079 se
3089 5025 3425 5095 adiunxerit,
3472 5029 3571 5085 sed

229 5124 352 5194 γὰρ
380 5124 410 5175 0
438 5120 610 5189 Λόγος
637 5112 1199 5189 ἀνθρωποςέγὲνετο.
1253 5111 1371 5164 υὺκ
1416 5107 1571 5163 εἶπεν
1593 5127 1606 5140 ο
1642 5109 1824 5181 Ἐὑρὼπ

1954 5109 2156 5167 factum
2191 5122 2276 5168 est
2325 5113 2417 5168 ille
2441 5114 2557 5184 ipse
2587 5116 2775 5174 homo.
2826 5115 3196 5173 Confutantur
3239 5120 3467 5193 insuper
3513 5132 3572 5178 et

230 5215 529 5285 ἄνθρωπον
560 5216 589 5267 0
616 5208 813 5281 Λόγος,
833 5207 1081 5280 συνήφθη
1114 5205 1284 5278 αὐτῷ,
1313 5204 1456 5271 ἀλλ’,
1492 5202 1667 5267 Αὐτὸς
1690 5204 1824 5257 ὲκεῖι

1954 5205 2227 5281 Entyches
2271 5217 2326 5263 et
2390 5204 2711 5265 Valentinus
2764 5221 2818 5264 et
2872 5209 3204 5268 Manirhteus
3259 5213 3361 5269 hoc
3424 5214 3569 5273 loco.

233 5329 333 5375 νος
357 5296 662 5380 ⁴ἄνθρωπος
701 5304 941 5375 ἐγένετο.
989 5302 1387 5374 ’Λνατρέπεται
1437 5300 1505 5353 δὲ’
1534 5302 1627 5354 καὶ
1662 5300 1824 5354 Etiam

1956 5296 2034 5352 Illi
2056 5299 2201 5353 enim
2233 5299 2491 5355 dixerunt
2525 5300 2670 5371 quod
2712 5306 3027 5371 apparuerit
3057 5305 3218 5360 homo
3252 5302 3410 5374 juxta
3468 5322 3573 5378 ap-

233 5406 368 5476 χὴς,
397 5401 494 5456 καὶ
542 5400 921 5465 Οὐαλεντίνος,
958 5398 1052 5452 καὶ
1108 5398 1305 5466 Μάνης
1350 5393 1626 5447 ἐντεῦθεν.
1678 5386 1820 5447 Οῦτο

1956 5391 2290 5463 parcntiam.
2340 5391 2580 5449 Audiant
2630 5392 2821 5466 igitur,
2862 5414 2883 5449 ι
2929 5395 3169 5452 Verbum
3207 5413 3340 5455 caro
3367 5398 3574 5457 factum

249 5499 356 5569 [ἀρ
386 5494 528 5548 κατὰ
559 5493 868 5563 φαντασίαν
900 5490 1088 5559 ἔλεγον
1146 5489 1388 5559 φανῆναι
1417 5487 1509 5540 τὸν
1547 5488 1721 5554 Λόγον
1748 5485 1824 5539 τοί

1947 5496 2054 5543 est.
2094 5507 2114 5540 ι
2174 5486 2293 5544 Non
2318 5488 2454 5544 dicit
2521 5492 2665 5561 quod
2702 5498 3032 5562 apparenter
3074 5491 3245 5548 fuerit
3282 5507 3439 5560 caro,
3470 5496 3571 5551 sed

235 5586 407 5645 Θεοῦ.
459 5584 844 5641 ’Δκουέτωσαν
885 5577 1003 5648 οῦν,
1049 5582 1132 5635 ὅτι
1168 5600 1188 5633 ι
1242 5579 1304 5634 '0
1343 5579 1515 5647 Λόγος
1560 5576 1702 5649 σὰρξ
1726 5577 1824 5645 ὲγέι

1950 5582 2094 5651 quod
2131 5580 2295 5639 fuerit
2331 5582 2540 5640 veritas
2578 5593 2634 5640 et
2662 5584 3001 5651 substantia,
3034 5596 3226 5642 et-non
3252 5586 3567 5656 phantasia.

237 5700 393 5739 νετο.
425 5700 444 5734 t
489 5682 606 5736 Οὐκ
646 5677 823 5747 εἶπεν,
880 5678 965 5732 δτι
1000 5675 1149 5748 Σὰρξ
1181 5671 1520 5744 ὲφαντάσθη,
1558 5672 1591 5743 ἦ
1645 5672 1824 5740 ἔδοξεν

1952 5675 2263 5728 Absurdum
2291 5676 2437 5729 enim
2482 5685 2535 5731 et
2566 5676 2796 5731 stultum
2846 5687 2991 5733 esset
3015 5676 3242 5733 credere
3268 5677 3412 5748 quod
3442 5689 3569 5731 cum

237 5776 389 5842 ἀλλ’,
427 5776 510 5829 ὅτι
548 5774 799 5843 Ἑγένιτο
828 5770 1081 5844 ἀληθείᾳ,
1122 5770 1216 5825 καὶ
1259 5769 1441 5838 οὐσίᾳ,
1480 5767 1574 5825 καὶ
1602 5766 1663 5821 οὐ
1715 5785 1822 5837 φαν

1954 5765 2127 5826 Filius
2170 5768 2266 5825 Dei
2290 5769 2492 5826 veritas
2523 5770 2594 5827 sit
2626 5779 2681 5827 et
2726 5772 2963 5839 dicatur,
2994 5769 3293 5827 mentiatur
3316 5769 3574 5825 incarna-

320 5966 367 5998 "
410 5960 557 6022 Psal.
589 5974 769 6027 οων,
798 5958 891 6013 9|.
