4100 6334
617 404 757 474 1159

1499 381 2089 451 THEOPHYLACTI
2130 326 2545 441 BULGARIAS
2587 369 2950 433 ARCHHLP.

3757 355 3883 421 1160

613 524 835 576 tionem.
872 513 928 571 in
954 513 1097 567 hunc
1123 520 1188 564 se
1220 503 1439 560 modum
1476 502 1714 571 mendax,
1737 495 2021 569 phantasia
2053 509 2200 550 sem-

2319 492 2494 562 τασίᾳ.
2543 491 2781 543 Ἄτοπον
2810 487 2920 555 γὰρ
2982 483 3078 536 καὶ
3130 477 3361 549 ἀνόητον
3412 470 3726 537 πιστεύειν,
3760 473 3831 535 ὡς
3870 474 3893 526 ό

614 627 713 683 per
742 613 1004 665 ostentat.
1069 618 1088 653 ‹
1150 597 1218 652 Et
1248 595 1513 651 habitavit
1545 594 1599 646 in
1637 591 1815 645 nobis.
1865 606 1884 641 ›
1933 586 2197 654 Quoniam

614 682 778 773 supra
839 699 1067 759 dixerat,
1107 711 1127 746 ι
1158 689 1394 745 Verbum
1437 700 1564 741 caro
1632 682 1834 738 factum
1884 690 2001 746 est,
2058 699 2075 731 ι
2143 688 2199 731 ut

613 770 700 849 ne-
737 791 858 860 quis
940 786 1251 857 suspicetur
1310 780 1453 849 quod
1508 792 1611 829 una
1672 782 1866 829 natura
1928 770 2069 826 facta
2130 771 2201 823 sit

612 882 881 944 Christus,
918 879 1041 934 ideo
1080 877 1283 937 subdit,
1328 890 1345 925 ι
1379 868 1444 924 Et
1476 869 1737 925 habita-vit
1762 866 1813 919 in
1850 864 2027 928 nobis,
2091 880 2107 912 ι
2143 870 2200 913 ut

610 974 863 1032 ostendat
910 973 1044 1027 duas
1101 976 1347 1029 naturas,
1389 974 1631 1016 nostram
1669 960 1897 1023 scilicet,
1932 972 1993 1010 ac
2018 954 2198 1009 Verbi.

612 1067 748 1123 Nam
781 1065 923 1120 sicut
953 1063 1176 1116 alterius
1224 1069 1429 1111 natura
1455 1062 1543 1108 est
1584 1051 2009 1119 tabernaculum,
2043 1056 2096 1101 et
2125 1047 2203 1099 ai-

614 1159 783 1213 terius
814 1158 860 1209 is
902 1153 992 1223 qui
1041 1149 1306 1203 inhabitat
1353 1146 1404 1198 in
1439 1158 1541 1198 eo:
1573 1142 1645 1195 ita
1672 1150 1726 1193 et
1762 1138 1996 1193 Vetbum
2034 1135 2085 1187 in
2110 1147 2203 1187 no-

616 1252 701 1307 bis
751 1249 996 1303 habitare
1050 1246 1269 1308 dicitur,
1316 1240 1416 1294 hoc
1452 1246 1555 1301 est,
1614 1236 1668 1288 in
1704 1238 2202 1295 uostranatura,et

616 1343 843 1399 alterius
875 1338 1043 1411 517‘
1076 1346 1159 1390 est
1189 1346 1394 1388 natura:
1424 1345 1583 1399 quam
1611 1329 1680 1382 sit
1728 1335 1935 1380 nostra.
1960 1319 2202 1377 Confun-

616 1434 815 1489 dsntur
863 1429 1123 1491 Armenii,
1152 1428 1240 1495 qui
1268 1438 1429 1477 uuam
1478 1421 1663 1475 colunt
1710 1429 1979 1471 naturam.
2017 1414 2205 1468 Disci-

617 1542 737 1580 mus
766 1524 947 1593 igitur
989 1536 1106 1591 per,
1150 1537 1168 1570 ι
1212 1518 1448 1571 Verbum
1482 1528 1609 1569 caro
1634 1512 1835 1567 factum
1864 1522 1968 1576 est,
2004 1528 2023 1561 ι
2060 1508 2202 1577 quod

617 1611 1058 1685 ipsutn‘Verbum
1110 1609 1272 1663 homo
1301 1606 1498 1661 iactum
1541 1616 1623 1660 est
1655 1621 1668 1657 :
1700 1612 1754 1658 et
1788 1618 1910 1657 cum
1947 1601 2016 1655 sit
2039 1598 2206 1654 Filius

617 1709 736 1773 Dei,
792 1706 994 1760 factum
1041 1714 1125 1758 est
1188 1702 1332 1756 ﬁlius
1382 1700 1645 1762 mulieris,
1685 1713 1804 1767 qua:
1836 1696 2053 1767 proprie
2081 1694 2203 1749 Dei-

618 1817 747 1873 para
775 1802 993 1863 dicitur,
1048 1813 1112 1851 eo
1136 1799 1277 1866 quod
1318 1796 1570 1864 genuerit
1596 1792 1762 1845 Deum
1800 1790 1851 1844 in
1886 1804 2067 1844 carne.
2106 1787 2207 1841 Per

618 1895 721 1949 hoc
741 1896 919 1947 autem
943 1891 1084 1959 quod
1106 1892 1254 1951 dicit,
1292 1908 1309 1939 ι
1339 1886 1615 1940 Habitavit
1637 1886 1688 1938 in
1708 1883 1920 1948 nobis,»
1946 1881 2206 1935 discimus

619 1988 758 2041 duas
811 1993 1031 2037 naturas
1079 1983 1379 2035 credendas
1407 1980 1460 2031 in
1493 1978 1730 2045 Christo.
1764 1973 1898 2028 Nam
1931 1974 2031 2028 etsi
2066 1986 2207 2027 unus

622 2079 694 2136 sit
753 2075 1051 2132 secundum
1113 2073 1449 2144 hypostasiu,
1492 2072 1593 2124 hoc
1632 2079 1735 2134 est,
1765 2066 2060 2122 secundum
2088 2080 2207 2134 per—

620 2186 809 2229 sonam
855 2188 867 2223 :
903 2169 1200 2223 secundum
1230 2180 1451 2219 naturas
1481 2173 1658 2218 tamen
1690 2152 1816 2225 duo,
1857 2162 1995 2215 Deus
2021 2158 2210 2213 videli-

620 2270 710 2317 cet
766 2272 818 2315 et
874 2263 1055 2314 hamo.
1094 2258 1282 2311 Divina
1314 2268 1495 2311 autem
1520 2264 1714 2309 natura
1738 2262 1793 2309 et
1829 2255 2063 2307 humana
2101 2266 2208 2304 non

623 2354 822 2426 iuerint
856 2368 984 2416 una,
1031 2353 1244 2407 etiamsi
1304 2352 1444 2421 apud
1490 2365 1654 2404 unum
1705 2348 2012 2411 videantur,
2054 2344 2212 2400 Chri-

622 2454 764 2503 stum
790 2448 933 2500 dico.

695 2715 837 2772 Ibid.
886 2736 903 2768 ι
939 2714 1005 2769 Ει
1027 2714 1389 2783 spectavimus
1416 2711 1641 2784 gloriam
1674 2712 1812 2781 ejus,
1840 2709 2069 2781 gloriam
2103 2707 2213 2761 vel-

624 2792 687 2867 ttt
743 2807 1271 2880 Uuigenitial’atre,
1328 2807 1542 2876 plenum
1584 2809 1754 2875 gratia
1804 2816 1858 2858 et
1909 2805 2153 2856 veritate.
2190 2820 2208 2852 ›

622 2902 917 2971 Postquam
950 2900 1090 2955 dixit
1124 2901 1263 2967 quod
1304 2914 1430 2952 caro
1477 2899 1674 2951 iactum
1708 2903 1799 2958 sit,
1841 2896 2025 2950 subdit
2053 2908 2213 2957 nunc,

632 3013 653 3048 ο
684 2993 749 3049 Ει
799 2992 1163 3064 spectavimus
1237 2989 1461 3058 gloriam
1506 2990 1645 3059 ejus,
1706 3006 1725 3041 s
1779 3002 1901 3042 cum
1970 2987 2219 3041 videlicet

623 3101 772 3148 esset
832 3092 882 3143 in
911 3101 1095 3142 carne.
1126 3084 1338 3140 Etenim
1385 3099 1509 3138 cum
1567 3084 1756 3137 iaciem
1813 3080 1946 3137 Mosi
1997 3097 2063 3136 ex
2106 3081 2219 3135 coi-

2305 586 2431 648 Υἱὸς
2461 572 2556 638 τοῦ
2598 581 2757 643 Θεοῦ,
2792 578 3024 650 ἀλήθεια
3056 573 3131 627 ὣν
3157 574 3251 626 καὶ
3266 569 3594 639 λεγόμενος,
3628 564 3893 635 ἐψεύσατο

2301 682 2401 753 τὴν
2428 676 2842 748 ὲνανθρώπησιν
2869 690 2881 702 ·
2918 669 3159 724 τοιοῦτον
3193 666 3303 736 γὰρ
3339 666 3371 736 ἡ
3431 662 3729 732 φαντασία,
3771 659 3895 728 ψευ-

2305 776 2401 846 δὴς
2445 774 2663 834 πάντως
2691 767 2939 833 ἔνδειξις.
2981 785 2997 817 ι
3052 762 3163 818 Καὶ
3225 761 3538 829 ἐσκήνωσεν
3597 756 3655 805 ὲν
3688 756 3839 821 ἡμῖν.
3875 770 3889 801 ι

2316 866 2539 931 Ἐπειδὴ
2572 866 2685 919 ἄνω
2710 858 2889 923 εἶπεν,
2922 859 3003 912 ὅτι
3044 877 3062 909 ι
3113 856 3173 909 '0
3208 853 3381 919 Λόγος
3405 849 3545 919 σὰρξ
3576 848 3821 913 ἐγένετο,
3875 865 3891 896 ι

2306 964 2394 1016 ἵνα
2428 962 2501 1031 μή
2528 977 2611 1023 τις
2637 955 2911 1026 ὑπολάϐῃ,
2943 954 3027 1006 ὅτι
3063 951 3160 1021 μία
3192 948 3355 1017 φύσις
3389 945 3580 996 λοιπὸν
3612 943 3837 1008 ἐγένετο
3875 941 3901 991 ὁ

2305 1052 2562 1125 Χριστὸς,
2619 1050 2708 1103 διὰ
2755 1048 2913 1102 τοῦτο
2961 1044 3161 1111 ἐπάγει
3205 1042 3286 1103 τὸ,
3345 1057 3363 1089 t
3425 1035 3780 1105 Ἐσκήνωσεν
3846 1032 3898 1083 ὲν

2306 1149 2461 1219 ἡμῖν,
2501 1165 2519 1197 ι
2560 1144 2648 1196 ἵνα
2674 1141 2825 1213 δείξῃ
2863 1139 2962 1202 τὰς
2998 1136 3091 1190 δύο
3127 1133 3342 1203 φύσεις,
3373 1132 3471 1201 τήν
3499 1146 3559 1181 τε
3594 1128 3900 1195 ἡμετέραν,

2307 1242 2403 1295 καὶ
2428 1240 2527 1310 τὴν
2554 1237 2647 1290 τοῦ
2684 1235 2879 1302 Λόγου.
2926 1232 3139 1298 Ὥσπερ
3165 1228 3273 1297 γὰρ
3308 1225 3476 1294 ἄλλης
3509 1219 3735 1288 φύσεώς
3760 1221 3904 1310 ἐστιν

2307 1334 2341 1402 ὴ
2372 1309 2564 1402 σκηνὴ,
2608 1329 2700 1381 καὶ
2750 1325 2916 1395 ἄλλης
2964 1325 2991 1376 ό
3045 1317 3409 1387 κατασκηνῶν
3445 1317 3501 1367 ὲν
3540 1313 3682 1381 αὐτῇ
3711 1326 3724 1340 ⁶
3764 1309 3906 1361 οὕτω

2308 1425 2403 1479 xa't
2436 1426 2464 1477 ό
2488 1423 2661 1491 Λόγος
2695 1418 2972 1489 σκηνῶσαι
3001 1416 3059 1468 ὲν
3091 1415 3223 1484 ἡμῖν
3254 1410 3572 1480 λεγόμενος,
3596 1402 3902 1463 τουτέστιν,

2312 1522 2371 1573 ὲν
2411 1519 2477 1588 τῇ
2539 1514 2788 1587 ἡμετέρᾳ
2832 1511 3015 1580 φύσει,
3071 1508 3236 1577 ἄλλης
3267 1506 3333 1559 ἂν
3373 1504 3458 1574 εἴη
3506 1500 3727 1572 φύσεως
3755 1497 3907 1567 παρὰ

2310 1612 2408 1683 τὴν
2435 1609 2732 1681 ἡμετέραν.
2766 1600 3227 1675 Δίσχυνὲσθωσαν
3250 1600 3299 1651 οἱ
3354 1597 3658 1666 Ἀρμένιοι,
3692 1593 3743 1644 οί
3775 1592 3904 1661 μίαν

2312 1704 2474 1774 φύσιν
2522 1699 2940 1773 πρεσῦεύοντες.
2969 1694 3333 1761 Μανθὰνομεν
3378 1689 3492 1751 οὖν,
3539 1686 3628 1740 διὰ
3664 1686 3765 1756 μὲν
3791 1682 3902 1747 τοῦ,

2322 1816 2337 1849 ι
2384 1797 2441 1848 '0
2475 1796 2647 1861 Λόγος
2688 1790 2826 1862 σὰρξ
2856 1790 3098 1856 ἐγένετο,
3154 1804 3172 1836 ι
3214 1786 3295 1838 ὅτι
3346 1784 3507 1845 αὐτὸς
3534 1784 3559 1834 ό
3591 1781 3768 1848 Λόγος
3815 1779 3906 1833 ἇν-

2312 1890 2530 1961 θρωπος
2562 1886 2801 1952 ἐγένετο,
2835 1881 2929 1935 καὶ
2968 1880 3081 1942 υἱὸς
3113 1878 3190 1930 ῶν
3235 1876 3327 1929 τοῦ
3370 1874 3529 1939 Θεοῦ,
3582 1872 3781 1941 γέγονε
3810 1872 3901 1922 καὶ

2310 1981 2568 2052 γυναικὸς
2600 1980 2725 2040 Υἱός
2752 1994 2765 2006 ·
2800 1977 2923 2047 ἥτις
2959 1974 3051 2027 καὶ
3080 1972 3287 2040 κυρίως
3329 1968 3597 2029 Θεοτόκος
3628 1964 3901 2032 καλεῖται,

2310 2076 2384 2139 ὡς
2406 2076 2499 2128 τὸν
2516 2073 2647 2126 Θεὸν
2672 2071 2991 2144 γεννήσασα
3021 2068 3079 2119 ἐν
3110 2066 3294 2136 σαρκί.
3313 2062 3412 2116 Διὰ
3433 2062 3488 2115 δὲ
3510 2060 3629 2123 τοῦ,
3662 2078 3681 2111 ι
3710 2059 3906 2126 Ἑσκή-

2313 2186 2485 2223 νωσεν
2516 2168 2573 2220 ἐν
2620 2168 2778 2236 ἡμῖν,
2812 2182 2830 2216 ι
2860 2162 3020 2215 τοῦτο
3060 2156 3452 2225 διδασκόμεθα,
3481 2154 3541 2206 τὸ
3589 2152 3686 2206 δύο
3715 2151 3907 2221 φύσεις

2312 2260 2590 2316 πιστεύειν
2617 2260 2697 2321 είς
2726 2255 2818 2308 τὸν
2844 2254 2939 2307 ἕνα
2964 2250 3225 2324 Χριστόν.
3268 2250 3330 2303 Εἰ
3370 2249 3477 2317 γὰρ
3510 2248 3609 2300 καὶ
3651 2240 3735 2306 εἷς
3773 2244 3909 2297 κατὰ

2314 2357 2613 2410 ὑπόστασιν
2663 2353 2835 2423 ἡγουν
2874 2349 2934 2402 τὸ
2969 2348 3284 2419 πρόσωπον,
3311 2344 3449 2397 ἀλλὰ
3493 2342 3587 2395 δύο
3646 2341 3792 2393 κατὰ
3814 2339 3910 2399 τὰς

2314 2448 2539 2517 φύσεις⁹
2571 2444 2705 2506 Θεὸς
2745 2443 2857 2514 γὰρ
2892 2443 2986 2495 καὶ
3007 2439 3296 2510 ἄνθρωπος
3317 2455 3329 2468 θ
3370 2436 3489 2489 Θεία
3521 2434 3577 2487 δὲ
3612 2432 3784 2503 φύσις
3819 2433 3907 2485 καὶ

2315 2542 2636 2613 ἀνθρωπίνη
2661 2540 2762 2591 οὐκ
2784 2537 2849 2592 ἂν
2873 2532 2982 2590 εἷεν
3011 2533 3089 2602 ἓν,
3124 2535 3173 2586 εί
3200 2533 3295 2586 xai.
3321 2532 3453 2601 περὶ
3474 2530 3572 2583 ἕνα
3594 2529 3908 2600 θεωροῖντο,

2314 2638 2405 2691 τὸν
2444 2634 2684 2706 Χριστόν
2726 2648 2896 2703 φημι.

2394 2748 2411 2782 ι
2467 2729 2579 2783 Καὶ
2641 2722 2995 2795 ἐθεασάμεθα
3047 2721 3146 2793 τὴν
3184 2719 3345 2786 δόξαν
3388 2717 3580 2785 αὐτοῦ,
3627 2716 3791 2783 δόξαν
3839 2716 3910 2780 ὡς

2318 2819 2662 2889 Μονογενοῦς
2692 2818 2844 2890 παρὰ
2872 2816 3113 2888 Πατρὸς,
3147 2814 3363 2885 πλήρης
3409 2814 3638 2885 χάριτος
3661 2814 3759 2865 καὶ
3784 2811 3911 2881 ἁλη-

2321 2915 2495 2977 θείας.
2532 2932 2551 2967 s
2603 2910 2831 2983 Ἐπειδὴ
2868 2906 3046 2977 εἶπεν,
3077 2909 3158 2962 ὅτι
3217 2926 3235 2959 ι
3274 2906 3421 2975 Σὲρξ
3445 2906 3687 2974 ὲγὲκνετο,
3728 2924 3748 2956 s
3803 2906 3912 2957 ἑπι-

2322 3008 2477 3079 φέρει
2508 3006 2717 3072 λοιπὸν,
2748 3007 2833 3059 ὅτι
2870 3021 2888 3056 ι
2934 3001 3317 3073 Ἐθεασάμεθα
3346 3001 3445 3072 τὴν
3478 2999 3637 3067 δόξαν
3666 2998 3857 3063 αὑτοῦ,
3886 3016 3904 3049 ι

2321 3102 2378 3155 εν
2411 3099 2575 3171 σαρκὶ
2597 3098 2843 3169 δηλονότι
2883 3097 3061 3159 δντος.
3096 3094 3161 3148 Ei
3200 3094 3311 3166 γὰρ
3340 3094 3405 3146 τὸ
3447 3093 3750 3166 πρόσωπον
3782 3092 3909 3146 Μω-

626 3186 810 3245 loouio
840 3182 934 3238 liei
959 3182 1159 3235 iactam
1192 3180 1481 3235 clariorem
1514 3178 1767 3232 israeiiue
1803 3177 1984 3231 videre
2018 3177 2211 3246 nequi-

2320 3190 2828 3264 σέως’λαμπρυνθὲν
2846 3191 2912 3244 ὲκ
2932 3190 3032 3260 τῆς
3052 3188 3190 3261 πρὸς
3211 3188 3349 3241 Θεὸν
3370 3187 3586 3259 ὁμιλίας
3608 3186 3659 3239 οί
3697 3186 3909 3257 Ἰσραη-

625 3277 828 3341 verint,
860 3274 1030 3329 multo
1054 3274 1227 3343 magis
1248 3272 1474 3339 apostoli
1510 3271 1667 3325 nuda:
1698 3270 1914 3323 deitatis
1942 3268 2211 3338 Uuigeniti

2319 3287 2467 3340 λῖται
2505 3284 2631 3340 ίδεῖν
2654 3284 2755 3336 οὐκ
2785 3280 3071 3352 ἠδύναντο,
3099 3280 3282 3351 πολλῷ
3317 3280 3521 3351 μᾶλλον
3546 3280 3649 3351 τὴν
3676 3278 3906 3348 θεότητα

632 3382 865 3438 capaces
891 3383 997 3421 nou
1040 3366 1292 3431 inissent,
1333 3365 1572 3434 nisiper
1598 3378 1818 3419 carnem
1855 3364 2212 3431 apparuisset.

630 3458 1013 3527 Spectavimus
1070 3464 1249 3509 autem
1302 3455 1552 3525 gloriam,
1626 3470 1734 3508 non
1792 3454 1949 3507 talem
1997 3452 2215 3522 qualem

630 3552 864 3607 habebat
912 3548 1112 3613 Moses,
1163 3547 1245 3602 vel
1282 3562 1406 3601 cum
1456 3561 1563 3615 qua
1617 3547 1784 3616 gloria
1843 3544 2133 3600 Cherubi‘m
2163 3552 2218 3598 et

630 3640 918 3711 Serapbim
983 3642 1260 3710 propheta:
1308 3648 1716 3709 apparuerunt:
1748 3639 1843 3692 sed
1900 3636 2058 3692 talem
2104 3637 2217 3707 glo-

631 3736 790 3799 riam,
826 3734 1041 3802 qualem
1081 3733 1262 3786 decuit
1317 3746 1438 3786 esse
1484 3729 1759 3801 Unigeniti
1793 3745 1820 3782 a
1874 3730 2054 3795 Patre,
2098 3745 2217 3800 qua:

632 3824 706 3880 illi
731 3824 1054 3877 naturaliter
1085 3825 1247 3877 inest.
1278 3822 1411 3877 Nam
1445 3840 1465 3873 ι
1493 3823 1637 3876 velut
1661 3840 1680 3873 ι
1720 3822 1809 3875 hic
1829 3837 1936 3875 non
1964 3821 2217 3876 similitu-

632 3916 795 3982 dinis,
809 3916 907 3971 sed
920 3916 1347 3971 conﬁrmationis
1361 3926 1414 3970 et
1428 3916 1895 3974 detertninationis
1906 3914 2220 3969 ittdubitatze

630 4010 854 4063 verbum
896 4020 977 4062 est
1018 4030 1030 4062 .
1064 4010 1206 4063 sicut
1247 4023 1370 4063 cum
1402 4010 1645 4063 videmus
1674 4023 1854 4077 regem
1892 4024 2011 4063 cum
2046 4008 2217 4077 gloria

630 4106 827 4169 magna
858 4101 1185 4166 venientem,
1230 4101 1458 4154 dicimus
1490 4100 1632 4169 quod
1670 4098 1812 4153 velut
1846 4115 1940 4154 rex
1971 4098 2217 4167 prodeat,

632 4193 738 4246 hoc
766 4203 874 4258 est,
908 4193 1052 4262 quod
1091 4207 1216 4246 vere
1250 4194 1319 4245 sit
1347 4208 1436 4245 rex
1464 4210 1479 4246 :
1526 4194 1597 4245 ita
1627 4194 1787 4247 etiam
1842 4193 1945 4247 hoc
1972 4193 2089 4246 loco
2138 4196 2222 4246 in-

635 4284 888 4353 teiiigere-
908 4286 1092 4349 debes,
1117 4302 1137 4337 ι
1159 4285 1301 4338 velut
1325 4283 1621 4357 Uuigeuiti,
1648 4303 1667 4336 ι
1704 4289 1845 4355 quod
1865 4286 2034 4355 gloria
2056 4302 2219 4356 quam

635 4378 1025 4448 spectavimus.
1071 4392 1256 4431 revera
1294 4376 1461 4432 fuerit
1492 4378 1662 4450 gloria
1703 4377 1822 4431 Filii
1857 4380 2012 4449 plena
2048 4380 2218 4450 gratia

635 4481 691 4523 et
726 4470 971 4524 veritate.
1022 4468 1210 4524 Gratia
1265 4471 1483 4539 quidem
1531 4472 1708 4538 plena,
1753 4472 2047 4525 secundum
2076 4473 2219 4542 quod

2320 3379 2417 3434 τοῦ
2441 3375 2787 3447 Μονοτενοῦς
2835 3374 3051 3446 γυμνὴν
3101 3375 3203 3427 οὐκ
3239 3374 3305 3428 ἂν
3334 3371 3629 3445 ἐχώρησαν
3689 3374 3741 3426 οἱ
3771 3370 3906 3425 ἁπό-

2322 3472 2523 3539 στολοι,
2558 3472 2606 3523 εἰ
2640 3469 2716 3541 μὴ
2744 3467 2832 3522 διὰ
2858 3470 2961 3539 τῆς
2986 3465 3189 3537 σαρκὸς
3217 3465 3487 3537 ἐπεφάνη.
3532 3462 3909 3534 Ἐθεασάμεθα

2318 3565 2377 3619 δὲ
2417 3566 2517 3637 τὴν
2544 3564 2703 3630 δόξαν
2732 3565 2796 3618 οὐ
2844 3563 3129 3635 τοιαύτην,
3162 3564 3287 3617 οἵαν
3333 3562 3495 3635 ἔσχεν
3547 3562 3576 3615 ό
3608 3561 3839 3633 Μωσῆς,
3875 3561 3906 3629 ῆ

2324 3658 2444 3730 μεθ’
2483 3658 2602 3722 οῖας
2630 3656 2791 3728 δόξης
2830 3655 3095 3727 ὤφθησαν
3121 3657 3191 3711 τὰ
3236 3656 3530 3729 Χερουϐὶμ
3570 3655 3670 3710 καὶ
3710 3655 3781 3709 τὰ
3812 3654 3909 3707 Σε-

2324 3751 2501 3824 ραφὶμ
2529 3750 2608 3821 τῷ
2639 3749 2922 3824 προφήτῃ,
2947 3750 3083 3805 ἀλλὰ
3109 3749 3370 3822 τοιαύτην
3389 3750 3571 3816 δόξαν,
3603 3749 3726 3804 οἵαν
3755 3748 3911 3820 ἐπρεο

2321 3862 2423 3899 πεν
2447 3840 2587 3898 εἶναι
2639 3846 2920 3914 μονογενεῖ
2974 3843 3112 3914 Υίῷ,
3162 3846 3228 3898 ὲκ
3266 3841 3365 3897 τοῦ
3403 3842 3619 3916 Πατρὸς
3667 3842 3910 3911 φυσικῶς

2322 3933 2470 4005 αύτῷ
2501 3932 2839 4005 προσοῦσαν.
2894 3934 2968 3987 Τὸ
2995 3935 3105 4004 γὰρ
3137 3953 3156 3986 t
3192 3935 3267 3999 ὼς
3304 3952 3323 3987 ι
3362 3933 3598 3989 ενταῦθα
3633 3934 3734 4006 οὐχ
3759 3936 3911 4005 ὁμοι-

2322 4026 2509 4092 ώσεώς
2544 4030 2717 4095 ἔστιν,
2775 4026 2911 4083 ἀλλὰ
2961 4026 3309 4099 βεϐαιώσεως
3363 4029 3459 4083 καὶ
3491 4028 3913 4101 ἀναμφισϐητή-

2321 4137 2417 4175 του
2438 4119 2746 4192 διορισμοῦ.
2784 4121 2999 4192 Ὠσπερ
3032 4120 3259 4192 βασιλέα
3308 4121 3608 4194 βλέποντες
3642 4122 3785 4194 μετὰ
3831 4123 3913 4176 δό-

2324 4213 2421 4284 ξης
2450 4214 2655 4284 πολλῆς
2686 4214 3118 4287 προερχόμενον,
3161 4214 3393 4285 λέγομεν
3422 4216 3506 4270 ὅτι
3529 4215 3605 4279 ὡς
3663 4214 3915 4286 βασιλεὺς

2322 4306 2617 4378 προῆλθεν,
2666 4308 2788 4362 ἀντὶ
2831 4306 2949 4374 τοῦ,
2981 4307 3057 4372 ὡς
3109 4307 3280 4372 δντως
3310 4309 3406 4363 καὶ⁵
3465 4309 3609 4363 κατὰ
3656 4308 3913 4381 ἀλήθειαν

2326 4399 2618 4472 βασιλεύςο
2672 4400 2847 4466 οὕτως
2882 4401 2977 4467 οὖν
3036 4399 3317 4457 κάνταῦθα
3347 4402 3438 4469 τὸ,
3483 4420 3502 4454 ι
3566 4402 3643 4465 ὡς
3672 4403 3913 4472 Μονογε-

2325 4492 2469 4559 νοῦς,
2512 4511 2532 4545 ι
2587 4493 2881 4565 ὀφείλομεν
2938 4495 3154 4566 νοῆσαι,
3210 4495 3334 4549 ἀντὶ
3380 4495 3498 4561 τοῦ,
3554 4496 3619 4549 Ἦ
3650 4496 3806 4563 δόξα,
3854 4497 3914 4568 ἦν

635 4576 819 4618 sermo
843 4563 959 4631 ejus
974 4565 1244 4631 gratiosus
1275 4574 1414 4625 erat,
1443 4562 1600 4617 utsic
1631 4564 1829 4629 dicam,
1849 4564 2002 4634 juxta
2029 4565 2214 4630 David,

2326 4552 2693 4657 ἐθεασάμεθα,
2728 4552 2803 4652 ὡς
2833 4586 2917 4659 τῷ
2958 4552 3072 4642 ὄντι
3119 4552 3261 4643 κατὰ
3296 4552 3562 4661 ἀλήθειαν
3613 4552 3751 4645 Υίοῦ
3790 4552 3915 4657 .665;

644 4672 667 4710 ι
712 4655 912 4711 DiiInsa
958 4668 1039 4709 est
1087 4660 1258 4726 gratia
1308 4657 1361 4710 in
1394 4657 1549 4711 labiis
1586 4658 1778 4712 tuis“.
1818 4675 1838 4709 ι
1871 4658 1939 4713 Et
1974 4658 2219 4729 Evange-

644 4750 795 4813 iista,
858 4767 878 4801 ι
942 4749 1365 4805 Λιιυιὶτεώοιιιυι·
1415 4765 1607 4805 omnes
1651 4767 1812 4820 super
1879 4755 2221 4811 sermonibus

637 4843 826 4916 gratiae
850 4844 941 4911 qui
979 4842 1342 4910 procedebant
1372 4859 1437 4897 ex
1469 4857 1565 4899 ore
1579 4847 1700 4914 ejus
1720 4847 1787 4899 ".
1824 4865 1843 4898 ι
1881 4846 1945 4900 Et
1971 4849 2223 4905 omnibus

640 4937 912 4991 sanitates
946 4934 1282 5002 conferebat,
1312 4947 1471 5005 prout
1498 4940 1831 5010 congruebat
1859 4942 1961 4997 eis.
1990 4941 2225 5001 Veritate

641 5037 821 5080 autem
866 5026 1018 5093 plena
1050 5030 1482 5082 eratsecundum
1514 5033 1657 5097 quod
1684 5046 1748 5085 ea
1783 5047 1904 5101 qua:
1951 5032 2224 5106 prophetae

642 5126 699 5175 et
740 5119 915 5172 Moses
948 5119 1061 5187 ipse
1119 5122 1200 5173 vel
1250 5121 1505 5177 dicebant
1560 5126 1641 5179 vel
1699 5126 1991 5195 iaciebant,
2044 5130 2226 5199 figurae

642 5220 800 5266 erant
847 5225 944 5280 per
972 5214 1191 5279 omnia;
1242 5224 1317 5280 at,
1350 5230 1469 5285 qua:
1523 5217 1783 5275 Christus
1815 5220 2047 5277 faciebat
2074 5222 2227 5279 dice-

646 5307 867 5373 batque,
922 5305 1075 5375 plena
1125 5316 1282 5361 erant
1329 5313 1572 5375 veritate,
1631 5329 1752 5367 cum
1807 5326 1953 5371 esset
1993 5318 2225 5387 ipsumet

650 5398 914 5465 gratia,et
942 5398 1167 5464 ipsamet
1186 5402 1405 5466 veritas,
1432 5402 1658 5472 aliisque
1689 5408 2059 5476 suppeditaret
2088 5425 2232 5465 eam.

651 5486 755 5545 Ubi
788 5498 967 5543 autem
1010 5501 1318 5560 spectarunt
1366 5494 1592 5564 gloriam
1657 5498 1846 5553 illam?
1879 5498 2108 5566 Quidam
2142 5518 2235 5557 su-

652 5582 932 5659 spicantur
974 5586 1115 5653 quod
1164 5586 1409 5642 fortassis
1462 5589 1513 5642 in
1564 5601 1750 5647 monte
1816 5591 2054 5650 Thabor.
2099 5593 2238 5651 Fore

654 5675 813 5732 tussis
839 5676 1018 5732 autem
1050 5688 1107 5734 et
1141 5679 1240 5735 hoc
1280 5695 1463 5737 verum
1508 5695 1611 5748 est,
1637 5688 1777 5757 quod
1825 5705 1930 5745 non
1953 5672 2139 5749 solum
2181 5692 2237 5747 in

726 5857 769 5890 "
806 5858 949 5916 Psal.
983 5877 1125 5933 λων,
1159 5863 1212 5920 5.
1292 5866 1338 5898 "
1369 5864 1501 5923 Luc.
1531 5883 1604 5937 tv,
1634 5872 1725 5926 “2'2.

2326 4674 2417 4751 ἦν.
2453 4697 2470 4731 ε
2503 4678 2729 4751 Πλήρης
2760 4682 2982 4752 χάριτος
3008 4684 3103 4736 atat
3133 4682 3417 4753 ἀληθείας.
3456 4700 3475 4735 ι
3537 4683 3783 4755 Χάριτος
3817 4685 3911 4756 μὲν

2331 4772 2567 4843 πλήρης.
2595 4773 2732 4827 καθὸ
2754 4774 2848 4827 καὶ
2881 4776 2910 4827 ὁ
2940 4774 3117 4843 Λόγος
3147 4774 3313 4829 αύτοῦ
3339 4777 3793 4849 κεκαρπωμένος
3823 4773 3910 4853 ἦν,

2332 4864 2420 4919 ἵνα
2453 4864 2626 4941 οὕτως
2661 4865 2823 4934 εῐπω,
2869 4867 3014 4921 καθὰ
3043 4868 3139 4922 καὶ
3170 4867 3335 4933 Δαυῖδ
3367 4868 3548 4938 λέγει·
3588 4895 3605 4921 ε
3658 4870 3915 4943 Ἐξεχύθη

2332 4958 2368 5028 ἡ
2395 4957 2557 5030 χάρις
2587 4960 2644 5011 ὲν
2666 4958 2873 5030 χείλεσι
2923 4976 3040 5016 σου.
3096 4979 3116 5013 ι
3155 4962 3269 5015 Καὶ
3305 4962 3336 5016 ό
3382 4961 3811 5035 εὐαγγελιστὴς,
3839 4966 3915 5019 ὅτι

2340 5068 2359 5102 ι
2412 5048 2755 5122 Ἐθαύμαζυν
2787 5052 2991 5118 πάντες
3014 5054 3110 5107 ἐπὶ
3146 5057 3271 5119 σοῖς
3320 5054 3503 5125 λόγοις
3539 5060 3640 5127 τῆς
3702 5060 3917 5130 χάριτος

2332 5144 2442 5205 τοῖς
2466 5144 2925 5216 ἐκπορευομένοις
2958 5148 3025 5201 ἐκ
3066 5145 3173 5200 -τοῦ
3221 5147 3491 5219 στόματος
3521 5148 3714 5204 αὑτοῦ.
3761 5169 3781 5207 ι
3815 5148 3916 5203 Καὶ

2334 5234 2465 5287 πᾶσι
2493 5234 2550 5289 δὲ
2579 5237 2679 5299 τὰς
2712 5235 2882 5300 ἰάσεις
2912 5237 3201 5310 ἐχαρίζετο
3250 5242 3361 5303 τοῖς
3391 5239 3686 5312 χρῄζουσιν
3718 5241 3911 5295 αὐτῶν.

2345 5326 2628 5397 Ἀληθείας
2663 5328 2721 5382 δὲ
2754 5329 2969 5401 πλήρης
3008 5326 3099 5402 ἦν,
3129 5332 3265 5386 καθὸ
3289 5333 3383 5385 καὶ
3410 5336 3459 5387 oi
3492 5334 3793 5406 προφῆται,
3828 5337 3914 5389 καὶ

2332 5418 2540 5488 Μωσῆς
2566 5420 2751 5487 αὐτὸς,
2790 5423 2893 5476 ὅσα
2922 5423 3109 5494 ἔλεγον
3138 5424 3171 5495 ἢ
3205 5424 3498 5497 ἔπραττον,
3531 5428 3712 5481 πάντα
3759 5428 3914 5481 τύποι

2333 5508 2477 5583 ἦσαν
2501 5530 2514 5543 ·
2541 5513 2569 5565 ὁ
2604 5513 2661 5566 δὲ
2702 5514 2940 5585 Χριστὸς
2966 5515 3003 5571 ἃ.
3039 5516 3194 5587 ἔλεγε
3228 5519 3325 5573 καὶ
3356 5519 3648 5592 ἔπραττεν,
3704 5520 3912 5576 ἅπαντα

2336 5605 2594 5677 ἀληθείας
2645 5606 2852 5679 πλήρη,
2919 5612 3217 5684 αὐτόχαρις
3274 5612 3353 5666 ὢν
3398 5615 3493 5668 καὶ
3531 5613 3909 5687 αὑτοαληθεια,

2338 5702 2430 5752 καὶ
2468 5699 2649 5765 ἀλλοις
2694 5702 2873 5759 ταῦτα
2912 5704 3188 5777 χορηγῶν.
3236 5707 3347 5763 Ποῦ
3377 5707 3434 5763 δὲ
3492 5709 3795 5765 ἐθεάσαντο
3822 5707 3912 5776 τὴν
