4100 6334
624 405 766 475 1163

1443 402 2016 467 THEOPHYLACTI
2053 401 2462 462 BUI.GARl/E
2502 400 2853 461 ARCHIEP.

3762 392 3787 457 Ῑ
3798 391 3886 456 Ilii

616 530 777 581 nihus
811 522 1081 592 diguis,ct
1104 520 1327 573 cllluens
1378 518 1569 587 plenus
1604 523 1805 581 manet,
1834 527 1897 567 ac
1922 526 2193 580 nunquam

2304 510 2665 581 προφητείας,
2703 507 3035 579 ὑπερσλύζει
3070 506 3239 579 αὐτὴν
3264 508 3399 561 πᾶσι
3424 508 3538 571 τοῖς
3570 505 3769 573 ἀξίοις,
3796 508 3890 559 καὶ

613 614 1227 674 exhztuﬁtur.°Cratiatn
1262 621 1442 665 autem
1467 612 1797 679 accepimus,
1834 606 1967 661 Novi
1994 606 2203 661 scilicet

615 710 972 774 Testamenti,
1003 723 1101 778 pro
1154 707 1325 777 gratia
1395 705 1592 759 vcteris
1634 702 1783 771 legis.
1820 701 1889 755 Et
1946 699 2201 769 quoniam

617 805 1019 860 Testamentum
1054 800 1181 855 illud
1237 800 1574 869 antiquatum
1630 804 1735 857 est,
1768 807 1865 862 pro
1897 808 1965 847 eo
1994 791 2201 846 Novqu

614 894 941 965 accepimus.
989 893 1055 948 Et
1093 892 1381 964 quomodo,
1415 888 1607 957 inquit,
1648 886 1948 941 nominavit
1974 884 2201 955 gratiam

612 983 779 1042 Vetus
803 984 1252 1043 Testamentum?
1281 984 1357 1038 Eo
1391 981 1532 1051 quod
1556 977 1727 1033 Judaei
1789 979 1962 1048 gratia
1997 977 2048 1031 in
2071 976 2207 1030 ﬁlios

611 1078 849 1148 adoptati
875 1088 930 1134 et
958 1078 1155 1147 recepti
1206 1076 1442 1131 fuerunt.
1487 1073 1628 1128 Dicit
1648 1072 1793 1126 enim
1826 1084 1840 1129 :
1878 1088 1896 1121 ι
1926 1070 2040 1128 Non
2071 1069 2196 1139 quia

610 1185 707 1226 vos
728 1170 1039 1236 multiestis,
1067 1170 1159 1223 sed
1190 1178 1409 1237 propter
1436 1174 1618 1235 patres
1641 1171 1849 1218 vestros
1877 1177 1973 1217 vos
1995 1161 2153 1231 elegi.
2171 1178 2189 1210 ι

609 1257 798 1315 Patres
854 1274 1070 1331 quoque
1122 1260 1295 1331 gratia
1348 1255 1583 1326 suscepti
1634 1253 1875 1318 fuerunt,
1906 1262 1959 1308 et
1992 1267 2091 1307 nos
2126 1266 2192 1306 ex

612 1351 859 1407 confesso
889 1353 1059 1420 gratia
1090 1364 1277 1406 sumus
1309 1346 1526 1407 salvati.
1552 1352 1555 1357 ’

2309 609 2365 657 ἐν
2398 604 2475 675 τῷ
2500 604 2867 675 ὑπερὸλύζειν
2917 602 3133 674 πλήρης
3175 602 3469 671 διαμένων,
3507 602 3604 654 καὶ
3635 599 3887 652 οὐδέποτε

2308 696 2656 766 κενούμενος.
2679 696 2789 749 Kal
2821 694 2981 766 χάριν
3021 695 3076 748 δέ
3113 694 3404 762 ἐλάϐομεν,
3461 690 3561 762 τὴν
3618 692 3721 759 τῆς
3757 691 3890 743 Και-

2306 790 2402 859 νῆς
2433 788 2633 860 δηλαδὴ
2658 788 2953 857 Διαθήκης,
2972 786 3093 841 ἀντὶ
3120 786 3221 855 τῆς
3253 786 3498 856 χάριτος,
3523 784 3622 855 τῆς
3650 783 3890 843 παλαιᾶς

2308 880 2652 949 νομοθεσίας.
2699 880 2852 933 Ἐπεὶ
2882 879 2989 949 γὰρ
3044 879 3293 948 ἐκείνηή
3354 876 3604 946 Διαθήκη
3654 878 3890 944 ἐγήρασε

2306 966 2407 1019 καὶ
2454 964 2765 1037 ἐσαθρώθη,
2829 966 2947 1018 ἀντ’
2998 967 3215 1035 ἐκείνης
3262 965 3364 1036 τὴν
3407 963 3552 1018 Νέαν
3598 965 3888 1033 ἐλάϐομεν.

2307 1060 2419 1111 Καὶ
2445 1058 2585 1123 πῶς,
2620 1060 2805 1128 φησιν,
2853 1058 3103 1127 ὠνόμασε
3143 1060 3305 1129 χάριν
3337 1057 3435 1128 τὴν
3488 1058 3737 1111 Παλαιὰν
3769 1062 3891 1110 Δια-

2304 1151 2515 1224 θήκηνς
2548 1152 2693 1205 Διότι
2724 1153 2819 1205 καὶ
2850 1152 2900 1205 οἱ
2944 1152 3187 1205 Ἰουδαῖοι
3255 1152 3443 1223 χάριτι
3494 1150 3892 1220 υἰοθετήθησαν

2305 1245 2402 1299 καὶ
2437 1244 2907 1316 προσεδέχθησαν.
2964 1246 3107 1315 Φησὶ
3135 1246 3267 1317 γὰρ,
3299 1246 3381 1298 ὅτι
3415 1264 3436 1296 ε
3478 1246 3552 1297 Οὐ
3578 1244 3667 1297 διὰ
3699 1244 3764 1297 τὸ
3799 1261 3893 1295 πο-

2303 1337 2600 1409 λυπληθεῖν
2624 1340 2791 1411 ὑμᾶς.
2838 1339 2975 1393 ἀλλὰ
3000 1340 3091 1394 διὰ
3152 1342 3281 1403 τοὺς
3331 1339 3578 1410 πατέρας
3615 1339 3779 1411 ὑμῶν
3809 1340 3893 1404 ἐξ·

610 1444 887 1515 ελεξάμην
935 1443 1101 1514 ὑμᾶς.
1136 1460 1155 1493 ι
1190 1441 1302 1495 Καὶ
1351 1440 1400 1492 οἱ
1441 1436 1677 1493 παλαιοὶ.
1729 1436 1907 1490 τοίνυν
1971 1433 2157 1505 χάριτι
2196 1431 2668 1502 προσεδέχθησαν,
2728 1431 2823 1486 καὶ
2878 1434 3041 1503 ἡμεῖς
3092 1432 3150 1487 δὲ
3202 1432 3658 1503 ὁμολογουμένως
3712 1434 3892 1504 χάριτὶ

609 1541 776 1607 ἐσμεν
804 1536 1156 1607 σεσωσμένοι.

689 1625 855 1704 5⁷19
885 1632 1049 1686 Vens.
1085 1633 1173 1686 Π.
1210 1647 1232 1685 ι
1270 1630 1406 1697 Quia
1455 1630 1542 1687 lex
1571 1646 1667 1701 per
1688 1630 1871 1685 Mosen
1912 1631 2033 1682 data
2081 1636 2187 1688 est,

2374 1640 2392 1672 ι
2431 1620 2555 1674 Ὀτι
2589 1622 2618 1673 6
2651 1620 2816 1690 νόμος
2848 1619 2937 1673 διὰ
2968 1619 3218 1683 Μωσέως
3237 1618 3413 1691 ἐδόθη,
3443 1621 3478 1691 ἠ
3524 1620 3690 1690 χάρις
3722 1620 3819 1673 καὶ
3865 1621 3895 1690 ἡ

612 1703 784 1794 gratia
813 1734 865 1779 et
894 1724 1093 1777 veritas
1132 1737 1229 1793 per
1268 1721 1454 1778 Jesum
1501 1721 1780 1778 Christum
1823 1720 1965 1775 facta
2012 1727 2113 1775 est.
2166 1736 2183 1767 ι

2299 1712 2517 1785 ἂλήθεια
2545 1712 2634 1765 διὰ
2676 1712 2852 1781 Ἰησοῦ
2877 1711 3118 1783 Χριστοῦ
3146 1712 3384 1781 ἐγένετο.
3425 1730 3444 1765 ι
3491 1711 3895 1783 Ἔφερμηνεύει

613 1823 1001 1885 interpretatur
1042 1815 1198 1869 nobis
1235 1813 1513 1885 quomodo
1548 1813 1921 1886 acceperimus
1961 1810 2190 1882 gratiam

615 1923 861 1977 magnam
888 1915 982 1975 pro
1016 1921 1177 1976 parva
1211 1907 1420 1977 gratia;
1450 1916 1503 1962 et
1527 1907 1656 1962 dicit
1686 1908 1827 1979 quod
1861 1906 1940 1958 lex
1974 1903 2189 1973 quidem

611 2015 706 2067 per
738 1998 920 2053 Mosen
963 1996 1086 2051 data
1138 1998 1229 2061 sit,
1266 2014 1385 2053 cum
1438 2008 1680 2054 uteretur
1721 1997 1862 2052 Deus
1896 1995 2191 2051 mediatore

614 2092 831 2144 homine
862 2088 1029 2154 \lose,
1061 2087 1266 2143 Novum
1310 2099 1488 2143 autem
1528 2088 1935 2145 Testamentum
1976 2103 2071 2157 per
2103 2085 2191 2139 Je-

612 2198 729 2235 sum
756 2181 1051 2246 Christum,
1086 2181 1228 2251 quod
1278 2181 1495 2249 quidem
1538 2189 1594 2234 et
1643 2182 1818 2248 gratia
1854 2180 2186 2241 nominatur,

608 2291 675 2326 eo
712 2273 856 2345 quod
897 2273 1121 2344 largitus
1152 2273 1222 2328 sit
1274 2273 1429 2329 nobis
1465 2271 1608 2328 Deus
1650 2288 1756 2327 nou
1789 2274 1963 2326 solum
1995 2285 2190 2337 pecca-

612 2377 786 2419 torum
837 2363 1249 2427 remissionem,
1300 2364 1393 2417 sed
1434 2372 1488 2416 et
1537 2363 1769 2416 ﬁliorum
1824 2362 2187 2429 adoptionem.

613 2456 828 2514 Veritas
865 2467 1046 2512 autem
1080 2466 1326 2519 vocatur,
1369 2469 1434 2509 eo
1465 2457 1606 2523 quod
1642 2466 1982 2523 quacunque
2010 2461 2192 2521 patres

609 2549 737 2605 olim
773 2552 823 2602 in
846 2548 1028 2617 ‘tlgura
1064 2546 1143 2601 vel
1181 2546 1429 2600 viderunt
1458 2545 1543 2599 vel
1585 2545 1748 2599 locuti
1781 2556 1929 2608 sunt,
1956 2557 2019 2597 ea
2046 2541 2193 2597 clare

609 2641 711 2695 hoc
730 2639 1055 2710 praedicarit.
1080 2633 1289 2691 Novum
1313 2633 2187 2707 lgitur,inquam,'l‘estamentum,

609 2735 750 2802 quod
781 2741 834 2787 et
877 2732 1047 2801 gratia
1102 2729 1411 2784 nominatur
1446 2738 1500 2781 et
1552 2728 1775 2793 veritas,
1832 2728 2187 2781 mediatorem

612 2840 718 2879 non
776 2824 938 2879 habet
996 2822 1296 2892 simplicem
1359 2828 1413 2876 et
1453 2836 1647 2890 purum
1717 2820 2013 2882 hominem,
2095 2816 2191 2872 sed

610 2916 805 2971 Filium
835 2915 951 2969 Dei.
977 2913 1042 2969 Et
1077 2912 1198 2969 vide
1242 2914 1516 2982 quomodo
1539 2912 1606 2967 de
1636 2921 1819 2966 vetere
1846 2910 2011 2965 dicit:
2043 2927 2062 2961 ι
2096 2908 2196 2962 Da-

611 3023 723 3064 tum
763 3016 844 3063 est
870 3022 965 3077 per
994 3006 1203 3061 Mosen.
1223 3024 1240 3056 ›
1287 3004 1533 3061 Minister
1569 3004 1713 3058 enim
1744 3012 1799 3057 et
1825 3002 2071 3058 subditus
2102 3001 2190 3056 ille
2220 3042 2264 3101 ο

608 3112 744 3158 erat.
794 3102 867 3155 De
896 3098 1043 3153 Novo
1071 3107 1250 3153 autem
1281 3096 1632 3152 Testamento
1665 3110 1768 3149 non
1799 3094 1955 3161 dixit,
1989 3092 2186 3147 Datum

608 3205 712 3259 est,
762 3192 879 3260 sed,
921 3210 940 3243 ι
980 3189 1201 3246 Factum
1225 3191 1340 3261 [est
1379 3206 1393 3246 :
1443 3208 1462 3241 ι
1503 3200 1561 3244 ιιι
1604 3190 1853 3245 ostendat
1906 3203 1935 3241 a
1969 3186 2196 3261 Domino

612 3296 797 3341 nostro
829 3285 955 3340 Jesu
1011 3284 1245 3347 Christo,
1285 3282 1431 3337 velut
1470 3283 1713 3347 domino,
1744 3297 1852 3338 non
1902 3294 2085 3345 servo,
2116 3280 2195 3333 fa-

611 3389 754 3435 ctam
798 3386 853 3433 et
877 3380 942 3431 ad
988 3378 1149 3430 linem
1181 3376 1496 3445 perductam
1522 3376 1750 3445 gratiam
1797 3389 1861 3430 ac
1888 3374 2192 3429 veritatem.

608 3470 741 3524 Nam
793 3470 876 3523 lex
919 3466 1135 3537 quidem
1169 3468 1290 3520 data
1335 3477 1417 3522 est
1449 3483 1479 3521 a
1512 3465 1661 3533 Deo,
1694 3467 1994 3522 mediatore
2023 3463 2193 3530 Mose,

608 3562 778 3631 gratia
820 3568 1001 3615 autem
1036 3558 1176 3612 facta
1204 3567 1309 3623 est,
1344 3573 1447 3613 non
1489 3558 1637 3621 data,
1674 3573 1771 3624 per
1804 3555 1989 3612 Jesutn
2020 3554 2195 3611 Chri-

568 3690 573 3695 ι
608 3664 771 3707 stum.
810 3651 1031 3707 Factum
1067 3666 1219 3718 esse,
1250 3651 1623 3705 auctoritatem
1656 3649 1949 3719 quamdam
1976 3654 2138 3703 sonat
2175 3662 2189 3701 :

610 3748 791 3799 datum
830 3758 976 3808 vero,
1014 3743 1375 3797 ministerium
1413 3741 1635 3796 indicat.

678 3828 849 3891 γης.
886 3837 973 3898 18.
1014 3854 1030 3885 ι
1072 3834 1247 3901 Deum.
1266 3848 1428 3888 nemo
1458 3834 1591 3887 vidit
1638 3849 1899 3904 unquam,
1944 3831 2192 3901 unigeni-

616 3939 702 3981 tus
732 3926 924 3991 Filius,
973 3926 1066 3995 qui
1100 3935 1183 3979 est
1216 3908 1270 3979 in
1307 3926 1426 3979 sinu
1469 3923 1669 3987 Patris,
1714 3924 1804 3978 ille
1833 3925 2133 3978 enarravit.
2171 3940 2189 3973 ι

610 4019 875 4087 Quoniam
925 4020 1136 4073 dixerat
1176 4018 1318 4087 quod
1356 4034 1376 4068 ι
1445 4017 1618 4088 gratia
1653 4024 1706 4070 et
1740 4017 1938 4069 veritas
1979 4030 2073 4085 per
2104 4012 2195 4069 Je-

609 4128 731 4166 snm
781 4110 1057 4165 Christum
1094 4109 1232 4163 facta
1265 4109 1357 4172 sit,
1394 4126 1413 4161 ›
1470 4109 1611 4163 istud
1646 4108 1820 4177 ipsum
1868 4107 2054 4162 volens
2099 4110 2195 4161 ad-

611 4215 848 4269 struere,
884 4202 1061 4256 dicit:
1111 4202 1251 4255 Nihil
1301 4200 1614 4255 incredibile
1656 4200 1791 4255 dixi.
1842 4198 1975 4253 Nam
2016 4197 2191 4254 Moses

611 4294 829 4361 quidem
860 4308 1032 4361 neque
1064 4293 1234 4347 Deum
1268 4292 1420 4357 vidit,
1469 4293 1609 4346 sicut
1656 4306 1831 4360 neque
1862 4291 2003 4345 alius
2036 4292 2191 4360 quis-

2293 1806 2448 1875 ἡμῖν,
2493 1804 2612 1867 πῶς
2660 1804 2929 1875 ἐλάϐομεν
2988 1805 3152 1875 χάριν
3192 1804 3457 1875 μεγίστην
3512 1805 3637 1858 ἀντὶ
3692 1806 3896 1876 μικρᾶς

2294 1899 2549 1970 χάριτοςο
2586 1898 2678 1951 καί
2729 1915 2918 1969 φησιν,
2969 1898 3053 1950 ὅτι
3094 1899 3122 1950 ό
3179 1896 3279 1965 μὲν
3308 1896 3473 1967 νόμος
3501 1896 3592 1949 διὰ
3648 1897 3895 1961 Μωσέως

2294 1990 2475 2060 ἐδόθη,
2514 1990 2708 2062 μεσίτῃ
2742 1991 3095 2072 χρησαμένου
3127 1990 3221 2044 τοῦ
3276 1989 3412 2044 Θεοῦ
3465 1990 3766 2063 ἀνθρώπῳ,
3821 1993 3893 2061 τῷ

2295 2083 2486 2136 Μωσεῖ
2512 2100 2693 2155 φημι·
2751 2085 2783 2154 ὴ
2814 2083 2872 2136 δὲ
2926 2083 3101 2155 Καινή
3137 2083 3381 2155 Διαθήκη
3411 2084 3501 2138 διὰ
3534 2085 3713 2155 ’1ησοῦ
3760 2086 3893 2154 Χρι-

2298 2175 2447 2239 στοῦ,
2503 2176 2626 2246 ἥτις
2674 2175 2771 2228 ml
2820 2174 2979 2245 χάρις
3021 2176 3383 2245 ὀνομάζεται,
3413 2176 3549 2230 διότι
3599 2176 3897 2249 ἐχαρίσατο

2296 2269 2430 2338 ἡμῖν
2459 2268 2488 2320 6
2521 2268 2654 2332 Θεὸς
2708 2268 2770 2320 οὐ
2806 2268 2969 2338 μόνον
3020 2267 3119 2338 τὴν
3152 2269 3348 2338 ἄφεσιν
3396 2270 3509 2323 τῶν
3562 2269 3893 2340 ἁμαρτιῶν,

2295 2359 2431 2415 ἀλλά
2460 2360 2555 2413 καὶ
2582 2360 2681 2430 τὴν
2712 2360 3005 2415 υἱοθεσίαν.
3044 2361 3300 2433 ’Δλήθεια
3330 2362 3388 2415 δὲ
3439 2363 3719 2429 καλεῖται,
3771 2364 3896 2417 καθ’

2292 2455 2416 2508 ὅσον
2436 2454 2535 2507 ὅσα
2558 2456 2605 2507 oi
2638 2453 2806 2506 πάλαι
2841 2453 3090 2516 τυπικῶς
3122 2455 3155 2525 ἢ
3201 2450 3363 2519 εἶδον,
3419 2455 3452 2526 ἢ
3490 2450 3669 2520 εἷπον,
3722 2454 3892 2508 ταῦτα

2294 2545 2566 2617 λαμπρῶς
2595 2545 2731 2618 αὕτη
2766 2546 3119 2617 ἀνεκήρυξεν.
3162 2546 3230 2600 Ἦ
3278 2546 3457 2600 τοίνυν
3486 2546 3667 2617 Καινὴ
3696 2545 3893 2612 Διαθῆ-

2293 2657 2387 2710 κη,
2418 2640 2451 2708 ἡ
2479 2640 2574 2693 καὶ
2633 2639 2795 2709 χάρις
2829 2638 3206 2710 ὀνομαζομένη
3242 2640 3338 2691 καὶ
3373 2640 3624 2708 ἀλήθεια,
3657 2642 3763 2692 οὐκ
3800 2642 3890 2693 ἀν-

2294 2727 2500 2801 θρώπῳ
2547 2727 2696 2799 ψιλῷ
2747 2729 2944 2802 μεσίτῃ
2984 2729 3292 2799 ἐχρήσατο,
3348 2728 3485 2781 ἀλλὰ
3518 2728 3597 2799 τῷ
3630 2728 3747 2798 mp
3803 2727 3891 2780 τοῦ

2294 2819 2454 2875 Θεοῦ.
2506 2820 2617 2875 Καὶ
2658 2821 2759 2892 ὅρα
2808 2820 2925 2882 πῶς
2973 2821 3067 2872 ἐπὶ
3100 2820 3199 2890 μὲν
3235 2819 3334 2888 τῆς
3382 2821 3630 2883 Παλαιᾶς
3652 2817 3779 2874 εἷπε
3812 2820 3888 2881 τὸ,

2302 2930 2322 2963 ι
2355 2911 2545 2981 Ἐδόθη
2566 2913 2655 2965 διὰ
2687 2911 2964 2974 Μωσέως·
2997 2931 3015 2963 ι
3047 2913 3323 2982 ὑπουργὸς
3348 2913 3458 2984 γὰρ
3490 2916 3585 2966 καὶ
3613 2915 3893 2984 ὑπηρέτης

2296 2998 2450 3067 οὗτος
2480 3000 2567 3074 ἦν.
2593 3003 2716 3057 Ἐπὶ
2731 3004 2787 3057 δέ
2814 3003 2916 3072 τῆς
2937 3004 3168 3073 Καινῆς,
3193 3006 3292 3057 οὐκ
3321 3001 3445 3058 εἷπε
3471 3006 3553 3069 τὸ,
3595 3024 3616 3055 ι
3660 3024 3679 3055 ι
3717 3006 3892 3071 ἐδόθη,

2296 3094 2433 3149 άλλά
2466 3096 2546 3159 τὸ,
2574 3114 2593 3147 ο
2641 3095 2882 3164 ἐγένετο,
2904 3113 2923 3148 ι
2962 3095 3048 3149 ἵνα
3076 3096 3226 3168 δείξῃ
3385 3098 3479 3151 τοῦ
3498 3099 3709 3169 Κυρίου
3736 3098 3887 3169 ἡμῶν

2311 3186 2486 3258 Ἰησοῦ
2518 3186 2779 3258 Χριστοῦ,
2813 3187 2890 3251 ὡς
2941 3188 3226 3251 δεσπότου,
3258 3190 3379 3261 οὐχὶ
3408 3189 3621 3256 δούλου,
3669 3192 3894 3262 γενομέ-

2296 3297 2414 3351 νην,
2450 3279 2543 3333 καὶ
2568 3281 2649 3341 είς
2675 3278 2830 3343 τέλος
2858 3279 3141 3350 προσᾶσαν
3187 3280 3286 3353 τὴν
3308 3281 3467 3353 χάριν
3498 3282 3595 3336 καὶ
3630 3284 3733 3351 τὴν
3760 3283 3889 3353 diti;-

2296 3372 2466 3426 θειαν.
2522 3372 2705 3443 Νόμος
2741 3372 2841 3443 μὲν
2897 3374 3006 3442 γάρ
3044 3372 3202 3443 ἐδόθη
3232 3375 3385 3444 παρὰ
3416 3372 3550 3427 Θεοῦ
3582 3373 3673 3426 διά
3726 3376 3892 3443 μέσον)

2296 3465 2392 3519 τοῦ
2424 3465 2697 3529 Μωσέως·
2731 3467 2763 3535 ὴ
2794 3463 2954 3536 χάρις
2982 3466 3218 3536 ἐγένετο,
3247 3468 3369 3537 οὐχὶ
3392 3466 3570 3538 ἐδόθη.
3597 3469 3687 3521 διὰ
3719 3468 3890 3539 Ἰησοό

2299 3557 2556 3629 Χριστοῦ.
2586 3557 2913 3611 Αὐθεντικὸν
2961 3559 3063 3629 μὲν
3093 3561 3175 3627 τὸ,
3235 3580 3253 3612 ι
3292 3560 3563 3629 Ἰεῖγένετο,
3596 3584 3615 3614 ι
3646 3564 3890 3616 δουλικὸν

2297 3652 2352 3703 δὲ
2387 3653 2465 3716 τὸ,
2512 3671 2529 3703 ι
2572 3651 2771 3722 ¹⁹ἐδόθη.
2816 3670 2834 3702 ι

2374 3854 2390 3882 ι
2428 3831 2560 3883 Θ-ὸν
2588 3831 2758 3894 οὐδεὶς
2786 3830 2998 3900 ἑώρακε
3032 3830 3253 3885 πώποτε
3278 3849 3291 3862 ·
3345 3835 3373 3885 ό
3405 3834 3709 3903 μονογενὴς
3740 3833 3885 3897 Υΐὸς.

2296 3926 2324 3976 ὁ
2345 3922 2420 3975 ὢν
2454 3925 2509 3975 ἐν
2526 3926 2637 3985 τοῖς
2667 3922 2887 3985 κόλποις
2914 3922 3007 3976 τοῦ
3032 3924 3264 3991 Πατρὸς,
3290 3925 3495 3987 ἐκεῖνος
3519 3927 3886 3997 ἐξηγήσατο.»

2311 4015 2531 4085 Ἐπειδὴ
2566 4011 2739 4080 εἶπεν,
2776 4016 2857 4067 ὃτι
2909 4034 2925 4064 ι
2977 4014 3043 4067 Ἡ
3098 4018 3256 4085 χάρις
3305 4018 3397 4070 καὶ
3446 4019 3479 4086 ἡ
3530 4018 3764 4089 ἀλήθεια
3805 4019 3887 4071 διὶ

2312 4106 2485 4177 Ἰησοῦ
2540 4107 2777 4177 Χριστοῦ
2808 4107 3045 4174 ἐγένετο,
3076 4128 3094 4160 i
3136 4108 3294 4161 τοῦτο
3325 4109 3496 4163 θέλων
3540 4112 3887 4164 κατασκευά-

2298 4217 2406 4264 σαι,
2440 4199 2625 4268 φησιν,
2660 4199 2744 4251 δτι
2792 4198 2957 4252 Οὐδὲν
2988 4200 3217 4253 ἄπιστον
3249 4202 3469 4272 εἴρηκα.
3532 4203 3591 4256 Ὀ
3628 4206 3732 4272 μὲν
3772 4207 3884 4275 ’γάρ

2295 4290 2501 4360 Μωσῆς
2552 4288 2675 4342 οὔτε
2705 4290 2837 4343 Θεὸν
2872 4290 3139 4361 ἑώρακεν,
3198 4292 3388 4364 ὥσπερ
3428 4296 3540 4348 οὐδ’
3570 4298 3730 4361 ἄλλος
3782 4317 3879 4361 τις,

612 4386 752 4453 piam
784 4401 799 4437 :
838 4399 936 4438 nec
964 4385 1137 4453 potuit
1169 4384 1322 4437 uobis
1358 4383 1701 4437 manifestam
1734 4392 1787 4435 et
1821 4384 2084 4453 liquidam
2123 4385 2190 4437 de

2299 4381 2421 4435 οὕτε
2449 4379 2590 4451 εἶχεν
2617 4383 2747 4450 ἡμῖν
2770 4380 3031 4451 ἐξήγησιν
3053 4384 3428 4454 τρανεστάτην
3461 4386 3553 4437 καὶ
3585 4391 3731 4457 σαφῆ
3764 4390 3889 4459 περὶ

613 4480 706 4533 illo
760 4479 1127 4533 narrationem
1175 4478 1361 4532 dicere
1416 4495 1427 4530 :
1478 4477 1572 4530 sed
1605 4492 1728 4531 cum
1776 4488 1925 4531 esset
1979 4492 2189 4541 servus,

616 4571 867 4625 minister
904 4570 1002 4624 fuit
1042 4570 1212 4626 solum
1258 4569 1445 4640 legalis
1469 4568 1679 4623 litterae.
1723 4569 1972 4625 Christus
2012 4580 2191 4624 autem

613 4664 705 4731 qui
743 4670 824 4716 est
872 4661 1077 4728 Filius,
1114 4672 1165 4716 et
1212 4660 1555 4733 Unigenitus,
1606 4662 1752 4729 etin
1801 4662 1923 4716 sinu
1966 4657 2194 4732 paterno

617 4765 719 4817 est,
752 4768 855 4807 u0n
890 4754 1063 4809 solum
1101 4753 1249 4806 illum
1283 4754 1446 4817 videt,
1489 4755 1581 4807 sed
1612 4754 1778 4809 etiam
1815 4755 2069 4809 omnibus
2107 4757 2196 4809 lto-

615 4846 851 4900 minibus
876 4847 939 4899 de
969 4846 1057 4900 illo
1090 4846 1405 4900 annuntiat:
1432 4857 1591 4913 atque
1618 4847 1711 4910 ita,
1742 4848 1866 4915 quia
1893 4846 2060 4901 Filius
2088 4858 2193 4914 est,

615 4949 669 4990 et
698 4935 913 4991 Patrem
944 4936 1111 5002 videt,
1142 4946 1195 4990 et
1224 4938 1275 4989 in
1305 4938 1424 4991 sinu
1449 4938 1569 5004 ejus
1600 4948 1705 5003 est,
1738 4941 1934 4993 merito
1961 4941 2190 5008 gratiam

615 5040 671 5085 et
704 5029 983 5084 veritatem
1020 5030 1178 5084 nobis
1226 5030 1393 5083 dedit.
1430 5031 1698 5084 tlzeterum
1730 5030 1932 5085 dixerit
1965 5032 2053 5087 hic
2083 5032 2194 5086 for-

613 5133 760 5174 tasse
790 5121 1055 5190 quispiam
1093 5138 1107 5173 :
1147 5122 1429 5187 Quomodo
1467 5124 1565 5176 hoc
1606 5122 1723 5177 loco
1756 5123 2016 5178 discimus
2044 5124 2191 5192 quod

616 5211 793 5264 nullus
840 5211 1035 5265 viderit
1070 5212 1255 5275 Deum,
1294 5229 1419 5268 cum
1472 5214 1729 5283 propheta
1767 5214 1916 5268 dicat
1952 5230 1965 5266 :
2008 5232 2025 5265 ι
2067 5214 2187 5268 Vidi

615 5302 904 5356 Dominum
925 5302 1011 5354 "?
1050 5322 1066 5353 ι
1100 5303 1242 5356 Vidit
1264 5306 1476 5372 quidem
1504 5306 1762 5374 propheta
1788 5306 1980 5370 Deum,
2003 5317 2056 5359 at
2083 5322 2190 5359 non

616 5395 786 5461 ipsum
830 5393 1210 5457 Sttbslattliztm,
1247 5396 1341 5448 sed
1386 5397 1795 5450 similitudinem
1840 5407 1895 5453 ct
1928 5411 2191 5464 apparen-

618 5489 744 5538 tiam
781 5485 1096 5553 quamdam,
1138 5487 1275 5539 sicut
1309 5504 1498 5555 capch
1546 5498 1773 5558 poterat.
1815 5490 1881 5541 Et
1919 5489 2057 5542 alius
2093 5490 2192 5543 ite-

619 5592 733 5627 rum
786 5578 835 5627 in
890 5576 992 5627 alia
1051 5576 1215 5645 ﬁgura
1264 5579 1417 5641 vidit,
1462 5591 1513 5634 ct
1564 5581 1705 5633 alius
1761 5586 1811 5632 in
1871 5580 1995 5632 alia.
2041 5578 2193 5633 Unde

619 5668 822 5719 διίἒιςρι
854 5684 957 5721 non
1008 5668 1178 5734 ηψπ]
1215 5672 1490 5722 veritatem
1538 5673 1789 5724 viderunt
1833 5690 1844 5721 :
1901 5689 2005 5725 non
2043 5673 2188 5725 enim

688 5843 730 5871 ⁸³
761 5843 858 5893 lsa.
884 5857 958 5907 Vt,
994 5844 1041 5895 1.

2297 4474 2465 4532 αὐτοῦ
2501 4476 2710 4527 εἰπεῖν·
2762 4473 2900 4527 ἀλλὰ
2963 4473 3148 4537 δοῦλος
3209 4474 3306 4539 ὣν,
3362 4476 3678 4549 ὑπηρέτησε
3730 4484 3885 4550 μόνον

2299 4568 2435 4637 πρὸς
2489 4565 2587 4635 τὴν
2622 4566 2717 4617 τοῦ
2768 4566 2995 4635 νομικοῦ
3029 4568 3361 4637 γράμματος
3392 4568 3697 4627 διακονίαν.
3744 4576 3804 4627 '0
3831 4576 3886 4628 δὲ

2299 4659 2553 4730 Χριστὸς,
2584 4658 2709 4722 Υἱὸς
2733 4656 2807 4710 ὢν
2839 4660 2933 4711 καὶ
2961 4660 3295 4731 Μονογενὴς,
3327 4664 3422 4715 καὶ
3447 4666 3503 4716 ἐν
3527 4667 3642 4729 τοῖς
3670 4667 3883 4732 manu;

2297 4754 2370 4807 ὢν
2400 4758 2507 4817 τοῖς
2532 4753 2917 4823 πατρικοῖς,οὑ
2953 4754 3114 4823 μόνον
3142 4755 3305 4808 αὐτὸν
3335 4757 3461 4827 δρᾷ,
3493 4758 3633 4813 ἀλλὰ
3661 4764 3756 4813 καὶ
3787 4765 3885 4815 πί-

2300 4866 2383 4901 σιν
2436 4845 2746 4915 ἀνθρώποις
2792 4845 3067 4917 ἐξηγεῖται
3100 4848 3230 4917 περὶ
3278 4849 3468 4903 αὑτοῦ.
3499 4851 3525 4901 1"
3528 4852 3667 4905 Ωστε
3704 4855 3884 4923 ἐπειδὴ

2300 4940 2423 5001 Υἱός
2456 4940 2595 5003 ἐστι,
2652 4937 2746 4989 καὶ
2772 4937 2863 4989 τὸν
2898 4938 3119 5007 Πατέρα
3148 4938 3278 5009 ὁρᾷ,
3310 4933 3399 4993 οἷα
3422 4941 3486 5012 δὴ
3537 4945 3595 4996 ἐν
3622 4948 3734 5005 τοῖς
3766 4948 3879 4998 κόλ-

2299 5047 2417 5091 ποις
2452 5027 2614 5080 αὑτοῦ
2646 5027 2740 5090 ὢν,
2777 5027 3003 5091 εἰκότως
3037 5029 3135 5099 τὴν
3175 5030 3337 5100 χάριν
3361 5034 3455 5085 καὶ
3494 5035 3594 5104 τὴν
3625 5034 3884 5107 ἀλήθειαν

2300 5124 2428 5193 ἡμῖν
2466 5121 2689 5173 ἔδωκεν.
2717 5118 2859 5171 Ἀλλ’
2884 5121 3001 5190 ἐρεῖ
3028 5137 3108 5183 τις
3142 5122 3269 5185 ἴσως
3292 5138 3305 5153 ·
3343 5125 3468 5187 Πῶς
3509 5127 3745 5181 ἐνταῦθα
3786 5130 3882 5197 μὲν

2299 5211 2667 5283 μανθάνομεν,
2701 5210 2783 5261 ὃτι
2818 5209 2989 5273 οὐδεὶς
3035 5210 3249 5282 ἑώρακε
3276 5214 3368 5266 τὸν
3401 5214 3557 5281 Θεὸν,
3600 5220 3628 5270 6
3657 5221 3713 5273 δὲ
3751 5238 3879 5288 προ.

2297 5308 2471 5375 φήτης
2502 5303 2647 5371 λέγει
2676 5320 2688 5332 ο
2725 5322 2742 5353 ι
2775 5298 2925 5355 Εἶδον
2954 5303 3045 5355 τὸν
3076 5305 3279 5374 Κύριον
3305 5323 3319 5371 ;
3362 5326 3379 5358 ι
3423 5306 3545 5361 Εἷδε
3580 5310 3682 5380 μὲν
3709 5316 3735 5365 ὁ
3755 5330 3881 5384 προ.

2298 5399 2496 5465 φήτηζ,
2526 5394 2640 5448 ἀλλ’
2672 5396 2769 5448 οὐκ
2800 5395 2970 5466 αὐτὴν
2998 5398 3097 5464 τὴν
3126 5398 3317 5452 οὐσίαν
3342 5441 3354 5463 ,
3403 5401 3519 5454 ἀλλ’
3550 5406 3805 5475 ὀμοῖωμά
3832 5426 3879 5459 τι

2298 5491 2389 5542 καὶ
2418 5490 2713 5557 φαντασίαν
2740 5490 2879 5553 τινὰ,
2905 5490 2979 5552 ὠς
3004 5491 3200 5561 ἐχώρει
3225 5492 3374 5547 ἰδεῖν.
3397 5496 3504 5548 Kal
3531 5498 3693 5563 ἄλλος
3728 5504 3876 5554 πάλιν

2298 5584 2353 5633 ἐν
2381 5582 2522 5652 ἄλλῳ
2553 5580 2707 5650 τύπῳ
2732 5576 2863 5645 εἶδε,
2914 5583 3007 5635 καὶ
3034 5582 3191 5646 ἄλλος
3221 5585 3279 5635 ἐν
3307 5586 3476 5656 ἄλλῳ.
3512 5590 3678 5643 Ὅθεν
3708 5594 3877 5662 δῆλον,

2297 5675 2375 5724 ὅτι
2410 5675 2507 5723 ob:
2542 5674 2711 5741 αὐτὴν
2747 5672 2843 5739 την
2889 5673 3143 5742 ἀλήθειαν
3185 5675 3445 5729 ἔϐλεπον
3493 5681 3557 5733 οὐ
3589 5683 3698 5752 γάρ
3735 5686 3797 5737 ἂν
3827 5689 3876 5737 ἐν
