4100 6334
222 447 364 516 “65

967 448 1419 525 ENARRATIO
1461 447 1540 508 1N
1575 439 2081 507 EVANGELIUM
2120 437 2474 508 JOANNIS.
2513 464 2581 476 -·
2620 438 2780 502 CAP.
2826 435 2873 498 Ι.

3398 429 3533 499 11m

209 565 496 638 διαφόροις
552 567 830 638 σχήμασιν
879 566 1051 638 αὐτὴν
1082 565 1358 639 ἐθεώρουν
1415 565 1598 635 ἁπλῆν
1645 562 1817 617 οὖσαν

1953 561 2161 618 liversis
2191 560 2384 631 ﬁguris
2417 557 2561 612 illam
2596 556 2885 617 vidissent,
2916 569 3037 625 qua:
3076 550 3307 621 simplex
3356 563 3444 608 est
3481 564 3534 608 et

213 659 312 712 xci.
369 657 800 731 ἀσχημάτιστον.
848 658 992 712 Ἀλλ’
1037 657 1158 712 οὐδὲ
1203 659 1255 710 oi
1287 657 1511 726 ἄγγελοι
1558 654 1821 726 βλέπουσι

211 748 354 803 Θεοῦ
387 751 596 816 οὐσίαν,
622 753 671 805 εί
703 752 798 806 καὶ
824 752 1077 821 λέγονται
1109 754 1170 807 τὸ
1197 751 1496 824 πρόσωπον
1535 749 1634 803 τοῦ
1682 747 1822 804 Θεοῦ

211 843 353 914 ὀρᾷν
377 857 392 872 ’
426 841 583 896 τοῦτο
613 843 723 915 γὰρ
757 844 1090 900 ἐνδεικτικόν
1119 846 1237 898 ἐστι
1271 845 1438 915 μόνου
1490 842 1585 897 τοῦ
1616 843 1824 913 φαντά-

214 934 411 998 ζεσθαι
439 934 524 987 ἀεὶ
548 934 702 990 Θεόν.
740 936 799 990 '0
824 937 954 1000 Υἱὸς
998 935 1094 990 οῦν
1127 932 1289 1006 μόνος
1313 936 1418 1006 ὁρᾷ
1447 935 1540 989 τὸν
1578 932 1820 1004 Πατέρα,

215 1029 314 1082 καὶ
342 1027 624 1096 ἐξηγεῖται
669 1029 836 1082 αὐτὸν
869 1029 1040 1083 πᾶσιν
1093 1026 1432 1100 ἀνθρώποις.
1468 1028 1720 1092 Κόλπους
1767 1024 1825 1081 δὲ

215 1119 441 1174 ἀκούων
495 1122 822 1192 πατρικοὺς,
884 1119 1055 1192 μηδὲν
1105 1119 1460 1193 ὑποπτεύσῃς
1508 1119 1825 1190 σωματικὸν

213 1211 314 1266 ἰπὶ
345 1211 504 1267 Θεοῦ.
539 1214 652 1284 Τὴν
686 1213 796 1284 γὰρ
844 1205 1181 1284 γνησιότητα
1208 1252 1225 1279 ,
1259 1213 1356 1267 καὶ
1397 1213 1459 1267 τὸ
1490 1213 1823 1285 ἀχώριστον,

214 1305 314 1358 καὶ
347 1304 619 1358 συναῐδιον
660 1304 832 1370 δεῖξαι
867 1304 1198 1376 βουλόμενος
1253 1305 1349 1359 τοῦ
1397 1305 1531 1359 Υίοῦ
1563 1307 1701 1378 πρὸς
1732 1306 1828 1361 τὸν

217 1395 444 1467 Πατέρα
475 1399 505 1450 6
534 1395 952 1468 εὐαγγελιστὴς,
1001 1395 1196 1466 τούτου
1229 1395 1324 1450 τοῦ
1357 1395 1626 1469 ὀνόματος
1661 1391 1829 1470 ἐμνή-

219 1486 350 1560 σθη.

297 1600 318 1633 ι
356 1581 466 1634 Καὶ
497 1579 638 1651 αὕτη
683 1579 834 1634 ἐστὶν
869 1581 902 1651 ὴ
959 1581 1240 1653 μαρτυρία
1263 1581 1358 1634 τοῦ
1422 1581 1698 1645 Ἰωάννου,
1738 1581 1828 1636 ὅτε

220 1672 557 1729 ἀπέστειλαν
588 1673 637 1726 οι
678 1674 920 1728 Ἰουδαῖοι
952 1673 1012 1740 ἐξ
1059 1673 1457 1746 Ἰεροσολύμων
1510 1675 1680 1746 ἱερεῖς
1731 1675 1830 1729 καὶ

221 1767 492 1830 Acuti-ac,
537 1766 627 1822 ἵνα
678 1769 1034 1841 ἐρωτήσωσιν
1094 1768 1262 1823 αὐτόν
1288 1786 1302 1800 ·
1367 1769 1441 1823 Σὺ
1482 1768 1568 1834 τίς
1595 1765 1682 1836 ei;
1717 1768 1830 1824 Καὶ

218 1856 569 1928 ὡμολόγησε,
601 1860 696 1912 καὶ
723 1859 825 1913 οὐκ
855 1862 1137 1932 ἠρνήσατο
1158 1877 1172 1891 ’
1203 1862 1300 1914 καὶ
1330 1861 1715 1932 ὡμολόγησεν,
1744 1863 1828 1916 ὅτι

1928 655 2312 728 inligurabilis.
2344 653 2487 722 Quin
2513 665 2692 722 neque
2721 649 2900 719 angeli
2936 647 3120 704 vident
3147 647 3241 704 Dei
3277 647 3535 702 substan-

1929 749 2084 815 tiam,
2137 749 2390 818 quamvis
2451 747 2708 802 dicantur
2754 744 2947 821 videre
2987 741 3182 798 faciem
3233 741 3375 812 ejus.
3425 741 3538 796 lloe

1928 842 2074 896 enim
2127 840 2305 896 solum
2355 839 2583 903 indicat,
2634 852 2853 905 semper
2902 835 3070 890 Deum
3117 837 3200 889 eis
3247 849 3537 905 apparere.

1927 933 2103 994 Filius
2136 935 2307 1006 igitur
2346 934 2498 990 solus
2542 934 2689 989 videt
2717 923 2964 998 Patrem,
3012 939 3070 986 et
3109 940 3339 986 enarrat
3384 932 3539 986 illum

1928 1028 2187 1084 omnibus
2227 1028 2568 1083 hominibus.
2615 1020 2807 1081 Sinam
2841 1033 3025 1080 autem
3078 1024 3310 1078 audiens
3353 1033 3542 1093 patere

1925 1137 2084 1189 num,
2114 1139 2219 1177 non
2251 1120 2551 1192 suspiceris
2576 1119 2780 1189 aliquid
2810 1117 3098 1187 corporale
3117 1117 3183 1173 de
3202 1115 3332 1172 Deo.
3364 1119 3542 1173 Evan-

1932 1215 2119 1289 gelista
2149 1216 2296 1270 enim
2329 1214 2512 1270 solens
2549 1213 2706 1269 nobis
2743 1213 2987 1267 iudicare
3009 1204 3208 1266 Filium
3244 1210 3391 1282 Patri
3426 1227 3548 1269 esse

1932 1320 2290 1374 cozeternum,
2338 1324 2402 1363 ac
2436 1322 2624 1362 verum
2657 1315 2714 1362 ct
2744 1303 3196 1378 inseparabilem,
3245 1305 3411 1378 hujus
3443 1325 3548 1363 no-

1933 1405 2098 1458 minis
2129 1403 2465 1458 mentionem
2501 1401 2649 1458 fet-it.

2011 1582 2174 1640 Vens.
2221 1583 2310 1651 l9,
2359 1581 2452 1639 9.0.
2499 1603 2517 1635 ι
2567 1568 2637 1639 Et
2685 1575 2791 1639 huc
2840 1592 2932 1638 cst'
2965 1582 3339 1639 testimonium
3386 1582 3555 1656 520

1933 1677 2179 1742 Joannis,
2225 1678 2446 1747 quando
2495 1676 2770 1731 miserunt
2804 1674 2977 1731 Judaei
3030 1690 3097 1733 ex
3149 1677 3553 1749 Hierosolymis

1935 1773 2252 1830 sacerdotes
2283 1782 2340 1827 et
2371 1771 2567 1827 levitas
2594 1781 2654 1826 ut
2678 1771 3089 1840 interrogarent
3122 1786 3276 1839 eum,
3309 1769 3391 1826 Tu
3424 1775 3554 1845 quis

1936 1866 2045 1923 es?
2073 1867 2141 1922 Et
2170 1863 2457 1921 confessus
2504 1872 2612 1930 est,
2651 1875 2706 1917 et
2735 1863 3112 1933 nounegavit.
3149 1861 3217 1917 Et
3257 1864 3551 1920 confessus

221 1951 341 2004 Οὐκ
369 1951 616 2033 είμὶΙὲγὼ
642 1955 669 2006 6
698 1953 992 2023 Χριστός.»
1017 1951 1186 2007 Εἶπεν
1216 1954 1498 2026 ἀνωτέρω,
1526 1956 1610 2010 ὅτι
1647 1955 1834 2009 Ἰωάν-

1953 1971 2048 2023 est,
2077 1960 2200 2014 Non
2234 1974 2356 2013 sum
2413 1973 2515 2030 ego
2554 1957 2829 2014 Christus.
2867 1975 2884 2008 ι
2924 1957 3072 2012 Dixit
3109 1959 3366 2028 superius
3403 1962 3552 2030 quod

223 2055 326 2119 νης
358 2049 634 2118 μαρτυρεῖ
683 2049 817 2119 περὶ
847 2048 1017 2102 αὐτοῦ
1048 2065 1062 2080 ·
1100 2043 1222 2103 εἶτα
1247 2048 1423 2103 εἰπὼν
1465 2048 1557 2103 διὰ
1590 2050 1759 2120 μέσου
1785 2049 1837 2102 τί

221 2137 613 2210 ἐμαρτύρησεν
639 2137 683 2194 ό
712 2141 968 2212 Ἰωάννης
1003 2145 1135 2212 περὶ
1161 2141 1258 2196 τοῦ
1295 2141 1559 2214 Χριστοῦ,
1591 2143 1672 2196 ὅτι
1701 2137 1838 2197 «Οὗ-

221 2247 320 2295 τος
349 2231 664 2305 ἔμπροσθέν
698 2251 801 2304 μου
849 2235 1065 2304 γέγονε,
1101 2255 1119 2287 ι
1156 2236 1253 2289 καὶ
1281 2237 1364 2290 ὅτι
1402 2256 1421 2287 ι
1468 2238 1666 2308 Ἡμεῖς
1695 2238 1836 2292 πάνθ

221 2343 316 2389 τις
346 2327 396 2381 οί
434 2327 716 2399 προφῆται
766 2331 831 2382 ὲκ
869 2329 967 2384 τοῦ
1022 2329 1399 2402 πληρώματος
1437 2332 1606 2386 αὐτοῦ
1640 2331 1836 2387 ἑλάϐο·

224 2435 352 2489 μεν,
391 2437 411 2470 ι
450 2421 734 2492 ἐπιφέρει·
785 2441 804 2473 ι
839 2422 953 2476 Καὶ
974 2421 1118 2493 αῦτη
1149 2425 1300 2479 ἐστὶν
1350 2427 1383 2496 ή
1430 2427 1714 2499 μαρτυρία
1736 2423 1834 2482 τοῦ

236 2512 511 2568 Ἰωάννου.
553 2535 571 2567 ι
610 2514 779 2584 Ποίας
839 2517 943 2571 ⁴Ην
974 2517 1241 2589 ἀνωτέρω
1271 2512 1451 2585 εἶπεν,
1477 2521 1559 2574 ὅτι
1591 2521 1840 2593 Ἐμπροο

225 2604 356 2660 σθέν
381 2624 484 2678 μου
519 2607 734 2677 γέγονε,
770 2626 789 2661 ι
827 2609 924 2663 καὶ
943 2610 1010 2663 τά
1034 2609 1234 2664 λοιπά·
1263 2611 1400 2666 ἀλλά
1435 2613 1530 2667 καὶ
1562 2612 1598 2668 ἀ
1635 2612 1845 2685 ἐφεξῆς

222 2699 397 2768 λέγει,
427 2699 511 2753 ὅτι
546 2720 566 2753 ι
596 2700 712 2755 Οὐκ
762 2702 882 2773 εἰμὶ
914 2703 943 2755 6
974 2702 1237 2772 Χριστὸς,
1282 2723 1302 2756 ι
1337 2704 1431 2758 καὶ
1460 2703 1636 2758 ταῦτα
1695 2700 1838 2775 μαρ-

221 2791 391 2862 τυρία
463 2791 709 2848 Ἰωάννου
761 2795 924 2849 είσίν.
999 2813 1018 2846 ι
1049 2796 1407 2851 ’Δπέστειλαν
1468 2793 1564 2853 οὖν
1605 2799 1653 2852 οἱ
1706 2797 1840 2853 Ἰου-

223 2886 370 2940 δαῖοι
394 2887 801 2961 πρὸςἸωόιννην
829 2887 924 2954 οὓς
964 2885 1114 2961 εἶχον
1146 2892 1469 2963 κρείττονας
1492 2910 1506 2925 ο
1539 2893 1710 2965 ἱερεῖς
1730 2896 1839 2965 γὰρ

225 2982 326 3035 καὶ
349 2981 608 3047 Λευίτας,
641 2983 739 3036 καὶ
767 2982 993 3048 τούτους
1040 2984 1487 3057 Ἱεροσολυμίτας
1509 3005 1523 3018 ο
1558 2988 1635 3053 ὼς
1663 2982 1843 3051 aimb-

225 3092 335 3138 τοι,
381 3069 469 3128 οἷα
510 3074 575 3148 δὴ
629 3077 1010 3150 συνετώτεροι,
1045 3079 1281 3134 πείσωσι
1330 3081 1423 3136 τὸν
1461 3082 1722 3153 Ἰωάννην
1751 3078 1842 3138 διὰ

228 3167 550 3236 κολακείας,
574 3169 919 3240 ὁμολογῆσαι
971 3173 1169 3227 ἑαυτὸν
1191 3174 1452 3245 Χριστόν.
1488 3174 1631 3245 Ὅρα
1663 3175 1719 3229 δὲ
1743 3175 1845 3248 τὴν

231 3259 575 3332 σκαιότηταο
623 3264 726 3316 οὐκ
776 3263 1059 3334 ἐρωτῶσιν
1113 3265 1276 3320 αὐτὸν
1333 3266 1571 3330 εὐθέωςο
1610 3269 1684 3322 Σὺ
1734 3264 1786 3322 εί
1820 3271 1848 3323 6

228 3353 500 3422 Χριστόςς
544 3355 701 3419 ἀλλὰ,
745 3376 764 3407 ι
793 3356 866 3410 Σὺ
900 3358 985 3422 τίς
1019 3355 1103 3425 εἷ;
1153 3379 1172 3411 ι
1223 3360 1466 3424 Ἐκεῖνος
1498 3361 1577 3423 δὲ,
1613 3361 1714 3432 τὴν
1743 3379 1844 3415 κα-

231 3448 501 3517 κουργίαν
531 3449 687 3512 εἰδὼς
723 3451 927 3514 αὐτῶν,
962 3452 1025 3519 οὐ
1060 3454 1211 3523 λέγει
1250 3455 1334 3518 τίς
1365 3451 1455 3527 ἦν,
1505 3456 1622 3509 ἀλλ’
1649 3455 1846 3526 ὁμολο-

231 3542 344 3607 γεῖ,
375 3542 457 3594 ὅτι
510 3560 528 3592 ι
561 3543 820 3614 Οὐκ-εἰμὶ
847 3545 876 3596 6
923 3545 1184 3617 Χριστὸς,
1224 3567 1244 3600 ι
1309 3550 1447 3622 πρὸς
1485 3551 1586 3603 τὸν
1640 3550 1845 3604 σκοπὸν

231 3632 421 3686 αὐτῶν
450 3636 800 3702 ἀποδλέπων,
821 3638 917 3692 καὶ
941 3642 1285 3711 πανταχόθεν
1306 3643 1507 3706 αὐτοὺς
1529 3643 1845 3714 ἐπισπώμε-

233 3745 326 3790 νος
349 3728 486 3800 πρὸς
517 3731 578 3783 τὸ
608 3730 915 3797 πιστεῦσαι,
955 3734 1039 3802 {in
1087 3734 1245 3798 ἄλλος
1296 3737 1444 3790 ἐστὶν
1489 3739 1518 3789 6
1552 3738 1789 3808 Χριστὸς
1820 3740 1848 3792 ὁ

237 3823 373 3895 παρ’
405 3822 587 3877 αὐτῶν
615 3825 973 3896 νομιζόμενος
1004 3826 1251 3899 εὐτελὴς,
1309 3830 1406 3883 καὶ
1457 3830 1714 3895 εὐτελοῦς
1744 3850 1848 3885 πα-

232 3912 662 3989 τρδς,τέκτονος
691 3920 830 3990 γάρ·
867 3922 963 3973 xui.
995 3922 1252 3986 εὐτελοῦς
1303 3922 1566 3994 πατρίδος
1589 3965 1604 3987 ,
1659 3923 1850 3987 Ναζα-

239 4011 336 4079 ρὲτ
371 4009 480 4081 γάρ
507 4027 518 4040 ·
553 4010 615 4075 ἐξ
646 4006 713 4084 ἦς
742 4013 896 4066 οὐδὲν
925 4012 1136 4082 ἀγαθὸν
1181 4009 1326 4069 εἶναι
1362 4015 1676 4070 ἐπίστευον.
1713 4017 1849 4088 Περὶ

238 4100 428 4171 μέντοι
461 4101 626 4156 αὐτοῦ
656 4097 751 4156 τοῦ
795 4105 1114 4176 Προδρόμου
1158 4105 1405 4176 μεγάλην
1465 4107 1625 4171 δόξαν
1660 4102 1808 4179 εἶχον
1835 4125 1848 4140 °

237 4198 453 4276 πατρός
482 4215 540 4251 τε
564 4200 673 4271 γὰρ
695 4189 999 4271 ἀρχιερέως
1022 4197 1112 4272 ἦν,
1147 4203 1241 4254 καὶ
1273 4201 1391 4271 βίου
1424 4203 1723 4270 ἀγγελικοῦ
1755 4206 1851 4256 καὶ

236 4279 412 4342 ἀΰλου
445 4289 653 4359 σχεδόν.
705 4291 869 4343 Ὅθεν
919 4291 1201 4362 Θαυμάσαι
1252 4293 1485 4357 δίκαιον,
1523 4292 1639 4355 πῶς
1684 4292 1744 4359 ἐξ
1775 4286 1850 4346 ὧν

238 4380 417 4453 ᾤοντο
448 4384 648 4437 ἐκεῖνοι
679 4383 883 4454 βλάψαι
912 4386 1011 4456 τὴν
1036 4386 1132 4439 τοῦ
1159 4385 1400 4457 Χριστοῦ
1426 4387 1610 4452 δόξαν,
1640 4388 1705 4440 ὲκ
1728 4387 1853 4440 τού-

235 4493 355 4530 των
392 4478 836 4547 συμποδίζονται.
889 4480 1170 4552 Ἐρωτῶσι
1220 4481 1319 4550 μὲν
1364 4485 1476 4552 γὰρ
1506 4482 1580 4545 ὡς
1638 4481 1854 4546 ἀξιόπι-

1940 2055 2182 2111 Joannes
2229 2064 2464 2109 testetur
2509 2054 2576 2108 de
2610 2053 2702 2106 illo
2745 2071 2757 2106 :
2793 2065 2848 2108 et
2900 2065 3014 2108 tum
3051 2054 3374 2109 iuterscrnit
3416 2056 3554 2126 quid

1945 2158 2179 2206 testatus
2212 2149 2285 2204 sit
2316 2146 2558 2204 Joannes
2583 2147 2651 2202 ile
2692 2145 2935 2207 Christo.
2974 2164 3168 2220 nempe
3214 2151 3360 2218 quod
3397 2168 3415 2202 ι
3454 2151 3559 2205 llic

1945 2256 2072 2301 ante
2108 2259 2196 2298 tne
2229 2241 2407 2298 lactus
2452 2252 2539 2299 est
2587 2262 2604 2295 ι
2659 2252 2714 2296 et
2758 2243 2904 2314 quod
2953 2263 2972 2295 ι
3011 2238 3124 2298 Nos
3169 2259 3366 2299 omnes
3414 2260 3556 2315 pro-

1944 2341 2122 2410 phetze
2174 2339 2245 2393 de
2300 2338 2641 2406 plenitudine
2693 2338 2815 2406 ejus
2859 2335 3210 2407 accepimus,
3255 2356 3273 2389 ι
3330 2337 3558 2405 subdit,

1949 2454 1968 2486 ι
2015 2430 2080 2487 Ει
2116 2433 2221 2488 hoc
2250 2440 2336 2484 est
2364 2427 2595 2485 Joannis
2636 2429 3038 2484 testimonium.
3088 2447 3107 2480 ι
3145 2427 3367 2497 Quale?
3401 2429 3559 2496 Quod

1942 2527 2200 2595 superius
2232 2527 2395 2592 dixit,
2428 2544 2447 2577 ι
2485 2525 2630 2578 Ante
2678 2538 2765 2578 me
2797 2521 2976 2578 factus
3009 2531 3114 2587 est,
3159 2541 3177 2574 ι
3225 2532 3333 2578 etc.
3371 2523 3478 2577 Sed
3505 2535 3564 2577 et

1941 2635 2065 2690 quae
2099 2619 2360 2690 deinceps
2390 2618 2566 2672 dicit:
2606 2635 2625 2669 ι
2668 2613 2788 2670 Non
2822 2632 2944 2671 sum
2973 2616 3251 2683 Christus,
3301 2634 3320 2668 ι
3359 2627 3413 2670 ct
3445 2618 3562 2673 haec

1946 2711 2259 2768 testimonia
2297 2719 2428 2766 sunt
2461 2702 2715 2764 Joannis.
2762 2701 2933 2764 Porro
2975 2707 3149 2765 Judaei
3187 2710 3253 2763 ad
3287 2708 3557 2766 Joannem

1945 2806 2214 2861 miserant
2259 2805 2676 2877 prmstantiores
2717 2819 2858 2874 quos
2896 2805 3190 2871 habebant,
3241 2806 3561 2862 sacerdotes

1945 2897 2200 2956 videlicet
2245 2909 2300 2955 et
2332 2890 2553 2964 levitas,
2603 2913 2807 2968 eosque
2848 2897 3419 2968 llicrosolyntitanos,
3467 2901 3563 2971 qui

1946 3005 2137 3065 utpote
2181 2993 2570 3064 sapientiores,
2615 2991 3017 3061 persuaderent
3059 2990 3254 3045 Joanni
3288 3008 3387 3061 per
3422 2997 3560 3046 adu-

1946 3093 2206 3148 lationem
2265 3099 2326 3142 ιιι
2383 3087 2740 3144 confiteretur
2786 3101 2845 3141 se
2890 3101 3017 3141 esse
3067 3087 3370 3141 Clu-istum.
3431 3087 3564 3140 νιιιμ

1950 3193 2131 3238 autem
2163 3197 2328 3253 quam
2379 3181 2606 3236 sinistra
2641 3180 2717 3234 sit
2749 3179 2966 3234 illorum
3015 3193 3192 3233 tuens.
3225 3174 3344 3232 Non
3387 3179 3566 3233 inter.

1956 3287 2149 3346 rogant
2182 3289 2305 3328 eum
2337 3275 2549 3335 statim,
2621 3273 2779 3327 Tune
2825 3290 2885 3326 es
2929 3271 3361 3332 Chrisuts?sed.
3423 3291 3441 3323 ι
3480 3272 3561 3327 Tu

1951 3369 2076 3440 quis
2102 3367 2198 3423 es?
2219 3388 2237 3419 ι
2270 3365 2472 3421 Verum
2492 3366 2580 3420 ille
2598 3365 2816 3435 cOgnita
2836 3381 3028 3420 eorum
3064 3364 3424 3435 malignitate,
3454 3381 3562 3420 non

1954 3463 2085 3516 dicit
2118 3459 2241 3529 quis
2271 3463 2364 3524 sit,
2390 3460 2484 3513 sed
2511 3459 2830 3522 conﬁtetur,
2863 3476 2881 3509 ι
2910 3457 3028 3510 Non
3061 3474 3180 3511 sum
3202 3456 3456 3511 Christus
3490 3471 3504 3506 :
3539 3478 3559 3507 ι

1963 3558 2028 3610 ad
2060 3571 2285 3622 scopum
2339 3556 2529 3621 utique
2565 3553 2781 3606 illorum
2829 3554 3153 3622 respiciens,
3198 3563 3252 3606 et
3283 3553 3566 3620 undequa-

1953 3664 2061 3716 qnc
2093 3647 2213 3700 illos
2264 3645 2332 3699 ad
2395 3645 2731 3700 credendqu
2791 3645 3062 3706 allii-iens.
3109 3647 3254 3716 quod
3309 3646 3450 3701 alius
3494 3649 3568 3701 sit

1955 3741 2238 3803 Christus,
2267 3753 2430 3806 quem
2461 3737 2562 3805 ipsi
2601 3745 2797 3807 putant
2846 3737 3026 3803 vilem,
3070 3747 3126 3792 et
3165 3754 3228 3792 ex
3267 3738 3357 3791 vili
3385 3749 3567 3808 patre,

1959 3834 2114 3885 l'abrn
2147 3829 2426 3895 videlicet,
2465 3840 2520 3883 et
2550 3838 2866 3899 centempta
2914 3830 3112 3898 patria,
3151 3841 3348 3899 nempe
3393 3829 3569 3884 Naza-
3636 3853 3644 3859 ·

1962 3926 2106 3992 roth,
2142 3941 2209 3979 ex
2256 3940 2364 3994 qua
2418 3923 2554 3978 nihil
2597 3926 2723 3978 boni
2755 3939 2878 3978 esse
2917 3924 3238 3979 credebant.
3287 3925 3452 3995 Atqui
3501 3929 3570 3982 de

1960 4019 2312 4074 Priccursore
2356 4019 2476 4087 ipso
2510 4031 2763 4087 magnam
2808 4016 3084 4071 habebant
3127 4018 3470 4087 opinionem,
3501 4036 3569 4073 eo

1958 4113 2106 4184 quod
2157 4120 2318 4166 u’atus
2349 4121 2470 4165 erat
2520 4126 2588 4166 ex
2637 4118 2792 4180 patre
2833 4111 3180 4166 sacerdotum
3217 4113 3486 4182 principe,
3519 4128 3573 4167 et

1964 4209 2128 4259 vitam
2163 4204 2465 4275 angelicam
2496 4213 2552 4258 et
2581 4203 2739 4272 quasi
2773 4205 3021 4256 materia:
3049 4214 3331 4272 eXpertetu
3361 4217 3569 4275 ageret.

1965 4299 2124 4356 Unde
2152 4298 2298 4366 juste
2329 4298 2693 4360 admiramur,
2725 4301 3001 4367 quomodo
3042 4313 3139 4366 per
3186 4298 3273 4350 illa
3326 4299 3442 4367 ipsa
3476 4313 3574 4369 per

1964 4407 2088 4462 qua:
2131 4391 2206 4443 illi
2249 4389 2438 4461 gloriae
2485 4388 2693 4442 Christi
2730 4388 3011 4442 nocituros
3056 4405 3114 4441 se
3145 4392 3431 4458 putabant,
3465 4391 3570 4446 ini-

1968 4483 2286 4553 pediunlur.
2322 4481 2457 4535 Nam
2494 4481 2912 4550 interrogabant
2938 4483 3156 4550 quidem
3185 4479 3479 4546 Joannem,
3517 4499 3572 4534 ιιι

156 4576 160 4580 ’
239 4585 374 4623 στον
407 4572 502 4624 τὸν
539 4572 818 4645 Ἰωάννην,
848 4574 936 4627 ἵνα
965 4575 1063 4644 τῆς
1096 4579 1174 4638 εἰς
1210 4576 1449 4647 Χριστὸν
1475 4575 1734 4637 ἀπιστίας
1753 4576 1842 4644 τὴι

1969 4577 2074 4632 lide
2108 4576 2356 4645 dignum,
2394 4590 2506 4646 quo
2540 4574 2918 4630 testimonium
2954 4576 3104 4628 illius
3169 4591 3279 4629 sua:
3335 4577 3385 4628 in
3418 4577 3548 4631 Chri

238 4667 458 4743 ικείνου
486 4670 795 4740 μαρτυρίαν
820 4666 1076 4723 ὑπόθεσιν
1103 4670 1323 4742 ἔχωσιν,
1352 4671 1513 4740 εἴπερ
1547 4671 1623 4742 μὴ
1656 4673 1842 4741 όμολο·

1962 4682 2107 4726 stunt
2137 4670 2508 4725 incredulitati
2536 4677 2865 4738 prietexant,
2896 4671 2940 4724 si
2972 4669 3194 4737 quidem
3220 4686 3328 4724 non
3360 4673 3579 4727 confes-

238 4763 392 4834 γήσῃ
442 4764 606 4817 αὐτὸν
657 4763 932 4836 Χριστόνο
983 4765 1045 4818 τὺ
1075 4767 1132 4819 δὲ
1168 4769 1250 4830 εἰς
1314 4767 1628 4820 τούναντίον
1657 4783 1852 4837 περιε-

237 4857 432 4928 τράπη
480 4858 687 4921 αὐτοῖς.
723 4859 925 4913 Τοῦτον
954 4864 1083 4930 γὰρ,
1118 4861 1177 4914 ὃν
1204 4857 1352 4933 εἶχον
1381 4861 1726 4928 ἀξιόπιστον,
1769 4862 1860 4914 εύ-

245 4951 502 5021 ρίσκουσι
530 4952 917 5025 μαρτυροῦντα
948 4957 1078 5026 περὶ
1104 4954 1368 5026 Χριστοῦ,
1402 4956 1497 5008 καὶ
1521 4955 1596 5027 μὴ
1621 4957 1700 5018 είς
1729 4955 1860 5008 ἑαυ-

244 5046 340 5098 τὸν
378 5046 611 5101 ἕλκοντα
631 5047 730 5118 τὴν
751 5050 944 5120 τιμήν.

322 5251 343 5284 ι
386 5231 494 5285 Καὶ
507 5233 806 5304 ἠρώτησαν
830 5232 996 5286 αὐτόν
1016 5249 1029 5262 ·
1059 5231 1126 5285 Τί
1159 5224 1254 5284 οῦν
1277 5249 1292 5298 ;
1327 5230 1520 5295 Ἠλίας
1545 5226 1598 5284 εἴ
1624 5231 1722 5298 σύ;
1748 5231 1861 5284 Καὶ

241 5325 398 5396 λέγει
421 5343 436 5356 ·
471 5326 586 5379 Οὐκ
616 5325 755 5396 είμί.
818 5324 877 5379 Ὀ
909 5326 1204 5396 προφήτης
1237 5319 1290 5376 εἴ
1321 5326 1385 5376 σύ
1411 5343 1426 5388 ;
1486 5325 1596 5378 Καὶ
1623 5325 1860 5392 ἁπεκρί-

247 5423 319 5491 οη
343 5439 356 5452 ·
391 5419 491 5476 Οὐ.
527 5417 692 5473 Εἶπον
725 5418 823 5472 οῦν
855 5419 1036 5489 αὐτῷ·
1071 5419 1168 5482 Τίς
1192 5415 1262 5482 εἷ,
1318 5420 1406 5471 ἵνα
1437 5419 1734 5488 ἀπόκρισιν
1752 5417 1863 5469 δῶ-

251 5533 356 5585 μεν
386 5517 503 5578 τοῖς
539 5513 823 5585 πέμψασιν
859 5516 1048 5586 quae;
1082 5515 1148 5567 Τί
1180 5515 1359 5582 λέγεις
1411 5515 1542 5583 περὶ
1578 5513 1811 5566 σεαυτοῦ
1841 5531 1856 5579 ;

1962 4781 2057 4818 sus
2103 4761 2295 4817 fuisset
2333 4761 2485 4814 illum
2533 4760 2843 4817 Christum.
2909 4761 3104 4816 Verum
3157 4779 3319 4817 secus
3367 4766 3576 4829 evenit,

1961 4865 2012 4908 et
2043 4863 2234 4908 contra
2268 4868 2361 4906 eos
2389 4853 2766 4906 testiinonium
2798 4868 3017 4907 versum
3048 4863 3153 4907 cst.
3183 4854 3398 4907 Etenim
3425 4869 3574 4918 eum,

1961 4963 2123 5015 quem
2153 4962 2249 5014 pro
2278 4943 2422 4998 ﬁdeli
2477 4943 2776 5008 habebant,
2844 4944 3131 4998 inveniunt
3182 4945 3448 5014 praet-lam
3497 4959 3578 5000 te-

1963 5041 2097 5094 stari
2139 5040 2203 5092 de
2260 5036 2501 5101 Christo,
2568 5048 2623 5092 et
2661 5054 2768 5093 non
2819 5038 2921 5092 sibi
2956 5039 3060 5107 ipsi
3123 5042 3388 5093 honorem
3421 5055 3578 5106 arro-

1964 5148 2117 5204 gare.

2041 5226 2206 5281 Vens.
2257 5228 2455 5281 21-25.
2510 5246 2529 5277 ι
2593 5227 2658 5280 ΕΙ.
2697 5229 3176 5296 interregaverunt
3230 5245 3354 5283 eum
3394 5230 3578 5297 :Qnid

1964 5323 2142 5394 ergo?
2175 5323 2318 5376 Elias
2351 5339 2411 5377 cs
2457 5322 2550 5374 tu?
2580 5321 2644 5375 Et
2677 5322 2811 5375 dicit
2843 5340 2856 5375 :
2898 5323 3015 5374 Non
3059 5339 3202 5376 sum.
3249 5323 3320 5376 Es
3362 5336 3415 5376 tu
3451 5340 3581 5394 pro-

1966 5419 2129 5484 pheta
2159 5414 2297 5470 ille?
2339 5415 2404 5468 Et
2440 5416 2721 5484 respondit
2756 5435 2770 5469 :
2811 5414 2952 5469 Non.
3001 5415 3270 5469 Dixerunt
3314 5432 3445 5486 ergo
3484 5419 3531 5472 ei
3562 5436 3577 5472 :

1966 5511 2102 5576 Quis
2141 5525 2222 5570 es,
2267 5520 2327 5564 ut
2363 5525 2688 5578 responsum
2744 5510 2936 5564 donius
2986 5512 3092 5570 his,
3139 5512 3230 5580 qui
3277 5528 3378 5566 nes
3413 5514 3580 5568 inise-

248 5609 401 5678 Ἔφη
422 5622 436 5636 ⁶
487 5607 628 5676 Ἐγὼ
655 5607 810 5678 φωνὴ
838 5606 1070 5677 βοῶντος
1104 5611 1161 5659 ὲν
1191 5609 1259 5679 τῇ
1311 5608 1508 5677 ἐρήμῳ
1531 5623 1542 5636 ·
1579 5606 1842 5660 Εὐθύνατε

1970 5603 2136 5656 runt?
2160 5603 2296 5670 Quid
2326 5604 2465 5658 (llClS
2487 5606 2550 5656 de
2574 5611 2625 5656 te
2664 5603 2780 5672 ipso
2804 5602 2826 5654 ἲ
2853 5605 2941 5657 Ait
2968 5624 2980 5657 :
3019 5604 3128 5675 ligo
3160 5623 3258 5659 vox
3285 5608 3577 5663 clamantis

245 5702 350 5774 τὴν
371 5702 492 5756 ὁδὸν
525 5703 756 5775 Κυρίου,
789 5701 974 5766 καθὼς
998 5697 1154 5756 εἶπεν
1187 5701 1414 5765 Ἠσαίας
1440 5703 1468 5753 6
1501 5702 1848 5771 προφήτης.»

249 5795 358 5847 Τὸν
409 5792 598 5847 Ἠλίαν
641 5795 992 5865 προσεδόκων
1043 5794 1220 5865 ἥξειν,
1283 5795 1491 5865 ἀρχαίᾳ
1548 5795 1854 5865 παραδόσει

250 5887 569 5960 πειθόμενοι
590 5905 604 5919 ’
636 5888 717 5941 διὸ
737 5888 1017 5958 ἐρωτῶσιν
1044 5889 1210 5942 αὐτὸν
1239 5891 1288 5942 εί
1316 5888 1465 5942 ἐστιν
1498 5888 1688 5950 Ἠλίας
1713 5903 1727 5916 ·
1763 5889 1858 5941 καὶ

252 5981 364 6054 γάρ
385 5999 467 6038 τοι
502 5981 598 6038 καί
627 5983 656 6036 6
688 5983 804 6056 βίος
842 5982 1006 6038 αὑτοῦ
1040 5981 1204 6054 ἐῴκει
1235 5979 1316 6054 τῷ
1344 5981 1438 6037 τοῦ
1480 5981 1690 6037 Ἰιλιού.
1735 5983 1859 6053 ’Λρ-

1970 5698 2025 5751 in
2058 5699 2276 5751 deserto
2313 5714 2327 5749 :
2357 5696 2583 5765 Dirigite
2622 5697 2763 5750 viam
2799 5699 3036 5765 Domini,
3069 5701 3211 5754 sicut
3244 5700 3382 5753 dixit
3410 5700 3582 5757 Isaias

1970 5791 2263 5856 propheta.
2309 5809 2326 5842 ι
2385 5791 2556 5844 Eliam
2606 5792 3002 5848 existimabant
3060 5805 3350 5849 venturum
3407 5797 3576 5851 νοιυτὶ

1974 5886 2266 5939 traditione
2301 5885 2550 5957 persuasi
2583 5902 2598 5940 :
2635 5889 2776 5942 unde
2811 5900 3070 5956 quierunt
3118 5907 3243 5943 num
3285 5891 3358 5944 sit
3408 5891 3576 5952 Elias.

1972 5996 2037 6038 eo
2067 5980 2211 6051 quod
2243 5991 2298 6036 ct
2341 5980 2447 6035 vita
2477 5979 2599 6050 ejus
2650 5981 2848 6036 similis
2877 5991 2995 6037 erat
3032 5983 3156 6039 vine
3203 5981 3354 6040 Elite.
3401 5983 3578 6053 Νεκυι
