4100 6334
584 476 593 491 κ
658 413 786 477 illi?

1533 412 2111 474 THEOPHYIACTI
2160 408 2567 471 BULGARIIE
2608 408 2963 469 ARCHIEP.

3771 410 3895 475 ιιθι

655 530 813 594 igitur
848 534 901 580 et
948 527 1065 581 hoc.
1105 546 1121 577 ι
1165 525 1425 595 Propheta
1485 525 1579 577 ille
1622 540 1680 579 es
1707 524 1804 578 tn‘i
1846 543 1863 573 ι
1904 521 2073 593 Negat
2118 522 2219 577 hoc

2324 525 2491 575 νεῖται
2518 517 2724 576 οὖνκαὶ
2754 522 2929 576 τοῦτο.
2971 540 2989 573 ι
3035 519 3095 575 Ὀ
3146 522 3432 594 προφήτης
3474 517 3526 576 εἷ
3560 521 3665 588 σῦς
3701 544 3718 575 ι
3788 526 3905 597 ’Δρο

650 624 837 679 etiam.
881 620 1089 674 tametsi
1136 620 1394 689 propheta
1444 627 1609 673 esset.
1660 618 1724 672 Et
1752 616 2019 687 quomodo
2055 615 2219 683 igitur

655 715 856 784 negat?
887 713 1202 779 Quomodo?
1236 711 1370 779 Quia
1422 728 1525 767 non
1560 714 2031 781 interrogaverunt
2072 723 2220 772 eum,

654 808 919 875 Propheta
969 803 1063 859 es?
1098 806 1190 859 sed
1222 824 1237 860 :
1278 823 1296 857 ι
1325 800 1595 874 Propheta
1640 802 1725 856 ille
1754 801 1851 854 es?
1892 819 1913 853 ι
1963 802 2104 855 facta
2139 800 2223 854 in-

656 896 1021 962 terrogatione
1068 913 1190 950 cum
1230 897 1493 961 articulo,
1541 894 1644 949 hoc
1685 903 1788 958 est,
1824 893 2085 965 propheta
2132 892 2221 946 ille

661 989 751 1055 qui
781 990 1218 1056 exspectabatur,
1250 989 1314 1042 de
1344 1003 1452 1057 quo
1479 988 1614 1042 dixit
1640 985 1837 1051 Moses,
1870 984 2219 1054 «Prophetam

653 1080 937 1134 suscitabit
976 1079 1126 1133 vobis
1178 1079 1433 1133 Dominus
1472 1079 1611 1133 Deus
1661 1078 1752 1132 ’δν
1788 1097 1806 1130 ι
1841 1077 1958 1133 Non
2006 1077 2222 1147 negavit

656 1175 836 1239 itaque
870 1166 1107 1225 Joannes
1138 1185 1198 1224 se
1228 1170 1547 1241 prophetam
1580 1185 1701 1225 esse
1725 1211 1739 1235 ,
1773 1171 1865 1225 sed
1899 1170 2218 1241 prophetam

655 1262 810 1333 521
870 1261 1019 1315 ilium
1045 1302 1064 1331 ,
1100 1263 1189 1331 qui
1227 1262 1667 1331 exspectabatur.
1704 1261 1839 1329 Quia
1890 1262 2035 1317 enim
2064 1261 2220 1316 audi-

654 1367 807 1411 crant
832 1354 1013 1411 Mosen
1043 1356 1305 1410 dicentem
1329 1356 1644 1424 prophetam
1669 1357 2059 1421 suscitandum,
2094 1371 2219 1426 spe-

657 1450 848 1503 rabant
890 1457 1108 1517 propter
1137 1447 1453 1501 occasiones
1490 1448 1746 1515 quasdam
1784 1448 1926 1502 hunc
1978 1448 2217 1502 futurum

657 1540 801 1592 illum
833 1538 1166 1606 prophetam.
1225 1534 1427 1589 Deinde
1456 1536 1649 1588 iterum
1681 1536 1903 1600 instant,
1942 1554 1960 1588 ι
2001 1534 2096 1590 Dic
2126 1549 2220 1589 no-

654 1634 735 1685 bis
761 1630 883 1698 qitis
917 1645 973 1683 es
996 1630 1021 1681 τ
1056 1646 1074 1678 ι
1106 1627 1260 1683 Tunc
1297 1629 1574 1698 respondit
1602 1628 1685 1683 eis
1724 1645 1735 1681 :
1775 1647 1793 1679 ι
1832 1629 1943 1697 Ego
1977 1644 2073 1682 vox
2111 1628 2218 1680 cla-

654 1724 852 1776 mantis
887 1722 937 1773 in
970 1720 1205 1774 deserto.
1239 1738 1258 1770 ι
1292 1718 1425 1791 Ego,
1450 1720 1646 1790 inquit,
1673 1735 1815 1785 sunt,
1853 1722 1917 1774 de
1949 1735 2057 1789 quo
2080 1721 2218 1775 scri-

655 1824 801 1882 ptum
835 1824 955 1866 est:
998 1831 1014 1864 ι
1060 1812 1170 1867 Vox
1200 1812 1483 1867 clamantis
1506 1813 1560 1867 in
1592 1813 1827 1867 deserto.
1863 1831 1883 1865 ι
1920 1811 2033 1867 Nisi
2075 1812 2217 1865 enim

2325 617 2494 669 νεῖται
2528 618 2622 669 καὶ
2651 614 2828 681 τοῦτο,
2880 619 3057 668 καίτοι
3091 632 3152 684 γε
3206 615 3491 686 προφήτης
3518 611 3607 687 ἦν.
3644 615 3772 678 Πῶς
3816 617 3905 671 οῦν

2324 694 2598 779 ἀρνεῖταις
2626 708 2752 771 Πῶς
2772 724 2790 771 ;
2814 708 2936 761 ’Ότι
2960 708 3058 760 οὐκ
3087 707 3376 777 ἠρώτησαν
3395 708 3580 766 αὐτὸν,
3609 710 3905 779 Προφήτης

2326 796 2373 852 εἷ
2408 800 2508 865 σῦς
2548 800 2684 865 ἀλλ’,
2727 820 2744 851 ι
2787 800 2847 853 '0
2878 800 3160 869 προφήτης
3210 796 3296 862 ei;
3333 820 3352 852 ι
3390 803 3528 871 μετά
3559 802 3681 861 τοῦ.
3718 821 3735 852 ι
3772 804 3801 854 6
3825 843 3840 863 ,
3879 822 3899 854 ι

2324 892 2529 964 ἄρθρου
2558 893 2917 963 ποιησάμενοι
2948 891 3047 963 τὴν
3073 891 3364 963 ἐρώτησιν,
3394 893 3515 946 ἀντὶ
3552 893 3666 955 τοῦ,
3701 892 3903 956 ἐκεῖνος

2324 986 2352 1038 6
2381 986 2663 1055 προφήτης
2693 986 2720 1036 6
2762 983 3234 1053 προσδοκώμενος,
3286 985 3344 1037 ὃν
3384 982 3503 1037 εἶπε
3546 988 3780 1056 Μωσῆς,
3828 990 3904 1041 ὅτι

2331 1096 2353 1129 ι
2381 1077 2679 1146 Προφήτην
2705 1075 2834 1145 ὑμῖν
2883 1077 3178 1144 ἀναστήσει
3215 1077 3414 1145 Κύριος
3442 1078 3470 1129 6
3504 1077 3662 1140 Θεός.
3706 1097 3725 1129 ι
3798 1080 3903 1131 Οὒκ

2322 1169 2594 1240 ἠρνήσατο
2644 1162 2791 1221 οῦνὸ
2855 1167 3109 1239 Ἰωάννης
3139 1168 3199 1221 τὸ
3245 1171 3531 1240 προφήτης
3578 1167 3740 1229 εἶναι,
3777 1172 3905 1223 ἀ)λά

2323 1262 2405 1326 τὸ,
2467 1280 2489 1314 ι
2538 1264 2566 1315 6
2619 1262 2941 1334 προφήτης,
2981 1278 2998 1310 ι
3081 1262 3289 1323 ἐκεῖνος
3340 1263 3367 1315 6
3427 1262 3901 1333 προσδοκώμενος.

2310 1354 2488 1408 Ἐπεὶ
2517 1354 2626 1427 γὰρ
2652 1356 2889 1426 ἥκουσαν
2915 1354 3164 1416 Μωσέως
3194 1355 3463 1418 εἰπόντος,
3499 1358 3581 1410 ὅτι
3617 1360 3905 1427 προφήτης

2321 1447 2705 1517 ἀναστήσεται,
2724 1445 2951 1517 ἤλπιζον
2978 1446 3120 1500 κατά
3142 1464 3293 1510 τινας
3322 1448 3549 1518 καιροὺς
3578 1451 3907 1518 γενήσεσθαι

2321 1539 2509 1591 τοῦτον
2538 1538 2632 1591 τὸν
2662 1538 2971 1608 προφήτην.
2999 1533 3131 1590 Εἶτα
3162 1538 3322 1591 πάλιν
3375 1539 3683 1591 ἐπίκεινται
3709 1557 3724 1571 σ
3771 1540 3902 1594 Eine

2320 1626 2413 1684 οὖν
2445 1632 2596 1701 ήμίν,
2631 1630 2711 1691 τίς
2747 1625 2830 1693 εἷς
2867 1628 2999 1681 Τότε
3030 1628 3388 1699 ἀποκρίνεται
3430 1630 3647 1692 αὐτοῖς·
3699 1650 3717 1681 ι
3768 1624 3909 1697 Ἐγὼ

2324 1724 2475 1793 φωνὴ
2529 1714 2759 1797 βοῶντος
2791 1723 2850 1773 ἐν
2877 1723 2943 1791 τῇ
2973 1721 3186 1792 ἐρήμῳ.
3225 1740 3244 1772 ι
3306 1720 3448 1787 Ἐγὼ
3474 1762 3488 1785 ,
3538 1724 3733 1792 φησιν,
3770 1725 3905 1789 είμὶ,

2325 1816 2451 1884 περὶ
2478 1810 2537 1869 οὗ
2571 1815 2918 1884 γέγραπται·
2954 1832 2971 1863 ι
3011 1813 3166 1883 Φωνὴ
3197 1812 3427 1882 βοῶντος
3454 1814 3513 1865 ὲν
3544 1816 3608 1883 τῇ
3640 1816 3856 1885 ἐρήμῳ.
3882 1836 3898 1866 ι

655 1908 917 1978 adieceris
944 1947 956 1970 ,
982 1925 999 1957 ι
1025 1908 1090 1959 de
1122 1907 1229 1973 quo
1260 1906 1516 1973 scriptum
1545 1913 1649 1967 est,
1672 1922 1689 1955 ι
1717 1903 1947 1959 absurda
1976 1904 2221 1972 quaedam

2324 1882 2495 1977 Eip'h
2544 1882 2657 1976 γάρ
2680 1882 3025 1975 προσθήσεις
3054 1905 3136 1962 τὸ.
3158 1882 3203 1956 νιν
3237 1906 3362 1973 περὶ
3412 1898 3473 1960 οὗ
3503 1882 3841 1975 γέγραπται,
3879 1925 3902 1959 ι

654 2003 926 2054 videretur
972 1998 1235 2053 sermonis
1288 1996 1649 2051 constructio.
1696 1994 1834 2061 Quid
1884 2006 2063 2049 autem
2111 1996 2223 2049 ela-

654 2090 895 2146 mantis?
937 2107 953 2139 ι
1002 2087 1223 2156 Dirigile
1253 2086 1390 2141 viam
1426 2086 1660 2140 Domini.
1700 2104 1723 2137 ι
1761 2085 1982 2149 Servus,
2025 2085 2221 2155 inquit,

654 2199 795 2247 sum,
815 2193 869 2235 et
898 2168 1009 2235 vias
1036 2194 1277 2249 praepara
1302 2178 1557 2242 Domino;
1579 2177 1737 2231 corda
1766 2188 1963 2231 vestra.
1993 2176 2223 2232 Proinde

654 2276 740 2328 illa
800 2275 959 2329 facile
1009 2284 1178 2336 recta,
1214 2271 1382 2327 dolosi
1429 2286 1527 2326 vos
1574 2280 1627 2324 et
1673 2268 1896 2340 obliqui,
1947 2278 2001 2323 et
2060 2269 2219 2323 facite

654 2380 826 2436 :eqna,
860 2365 932 2418 ita
968 2373 1025 2417 ιιι
1057 2364 1323 2416 Dominus
1352 2360 1599 2415 Christus
1633 2372 1728 2428 per
1765 2372 1857 2413 vos
1891 2357 1996 2413 iter
2040 2356 2219 2411 faciat.

656 2460 787 2514 Post
829 2460 944 2513 haec
987 2456 1191 2511 inducit
1225 2455 1418 2509 isaiam
1453 2463 1663 2509 testem.
1698 2451 1829 2506 Nam
1854 2466 1977 2505 cum
2018 2450 2225 2519 magni-

656 2555 751 2607 fica
797 2552 1023 2605 dixisset
1057 2552 1120 2602 de
1167 2546 1385 2602 Christo
1429 2546 1570 2616 quod
1619 2545 1876 2599 Dominus
1916 2553 2080 2610 esset,
2110 2545 2224 2613 ipse

654 2660 781 2697 vero
810 2641 950 2695 serti
996 2653 1049 2695 et
1092 2639 1359 2710 prteconis
1406 2639 1743 2709 suscepisset
1775 2653 1931 2707 opus,
1983 2637 2223 2708 confugit

656 2738 719 2788 ad
753 2734 1084 2804 prophetam.
1119 2732 1387 2786 Fortassis
1419 2742 1597 2785 autem
1627 2731 1745 2799 quis
1794 2732 1874 2785 sic
1890 2731 2227 2800 exposuerit,

663 2849 679 2881 ι
714 2829 825 2898 Ego
854 2842 955 2880 vox
990 2825 1296 2889 clamantis,
1330 2842 1348 2873 ι
1388 2825 1489 2877 hoc
1518 2821 1766 2891 est:~Ego
1800 2838 1917 2875 sunt
1951 2838 2051 2875 vox
2071 2821 2227 2875 Citri-

656 2922 723 2976 sti
772 2918 1079 2982 clamantis,
1126 2916 1176 2969 id
1228 2925 1331 2978 est,
1361 2916 1642 2969 veritatem
1694 2912 1975 2967 manifeste
2021 2928 2227 2966 annuli—-

658 3013 859 3067 tiantis.
896 3010 1094 3065 Omnes
1126 3009 1267 3062 enim
1300 3008 1391 3076 qui
1436 3008 1487 3059 in
1518 3008 1631 3076 iege
1664 3017 1840 3072 erant,
1876 3006 2140 3061 submisse
2173 3015 2226 3059 et

655 3104 929 3159 humiliter
960 3100 1245 3165 sonabant,
1274 3108 1458 3168 utpote
1484 3100 1571 3167 qui
1606 3099 1841 3153 nondum
1866 3105 2225 3166 pervenerant

654 3199 718 3250 ad
756 3206 963 3264 tempus
1000 3193 1333 3265 Evangeiicte
1372 3191 1634 3245 veritatis.
1683 3191 1749 3245 Et
1798 3194 1917 3246 huic
1946 3205 2077 3246 sane
2106 3201 2223 3246 erat

2322 2001 2517 2062 ἄτοπός
2550 2016 2630 2061 τις
2666 1999 2917 2065 φαίνεται
2971 1998 3002 2067 ή
3059 1998 3154 2050 τοῦ
3206 1998 3364 2064 λόγου
3420 1998 3699 2061 σύνταξις.
3737 1999 3802 2049 Τί
3849 1998 3906 2051 δὲ

2324 2090 2582 2160 βοῶντος;
2632 2109 2649 2141 ι
2684 2088 2953 2147 Εὐθύνατε
2977 2091 3074 2159 τὴν
3097 2088 3213 2141 ὁδὸν
3238 2088 3459 2159 Κυρίου.
3500 2108 3519 2141 ι
3552 2089 3773 2154 Δοῦλος,
3808 2108 3903 2158 φη-

2324 2183 2428 2245 σὶν,
2485 2183 2621 2251 εἰμὶ,
2679 2182 2773 2234 καὶ
2810 2180 3154 2250 προοδοποιῶ
3188 2179 3266 2249 τῷ
3304 2181 3493 2251 Κυρίῳ
3540 2181 3641 2245 τὰς
3673 2182 3899 2253 καρδίας

2323 2273 2495 2344 ὑμῶν.
2536 2274 2809 2327 Εὐθύνατε
2839 2268 2931 2326 οὗν
2978 2274 3204 2337 ταύτας,
3238 2274 3291 2325 οί·
3319 2273 3525 2325 σκολιοὶ
3574 2276 3671 2327 καὶ
3720 2276 3900 2337 δόλιοι,

2321 2362 2417 2415 καὶ
2442 2361 2761 2429 όμαλίσατε,
2792 2360 2931 2414 ὥστε
2953 2360 3069 2413 ὁδὸν
3101 2362 3353 2430 γενέσθαι
3382 2363 3458 2431 τῷ
3478 2364 3669 2435 Κυρίῳ
3691 2366 3902 2435 Χριστῴ

2321 2451 2389 2506 δι’
2415 2452 2589 2521 ὑμῶν.
2623 2448 2756 2507 Εἶτα
2776 2454 3054 2522 ἐπεισάγει
3077 2455 3168 2507 τὸν
3219 2452 3454 2508 Ἡσαΐαν
3489 2457 3768 2527 μάρτυρα.
3800 2459 3899 2510 Με-

2323 2545 2465 2613 γάλα
2495 2544 2603 2614 γὰρ
2633 2545 2805 2598 είπὼν
2837 2547 2967 2618 περὶ
2992 2546 3085 2600 τοῦ
3118 2546 3381 2617 Χριστοῦ,
3415 2549 3496 2601 δτι
3528 2549 3738 2621 Κύριός
3763 2552 3898 2610 ἐστι.

2325 2637 2417 2689 καὶ
2446 2636 2522 2687 ὅτι
2557 2636 2718 2699 αὐτὸς
2751 2636 2937 2690 δούλου
2966 2628 3062 2691 καὶ
3106 2640 3347 2709 κήρυκος
3377 2638 3539 2710 ἔργον
3582 2644 3897 2714 μεταχειρίο

2325 2727 2497 2794 (stat,
2531 2728 2868 2797 καταφεύγει
2901 2730 2993 2781 ἐπὶ
3019 2731 3110 2782 τὸν
3146 2731 3451 2801 τροφήτην.
3476 2732 3630 2802 Τάχα
3655 2734 3699 2785 δ’
3730 2736 3796 2787 ἄν
3827 2753 3903 2796 τις

2323 2820 2407 2886 τὸ,
2442 2839 2459 2871 ι
2505 2819 2648 2889 Ἐγὼ
2706 2820 2859 2890 φωνή
2897 2821 3155 2890 βοῶντος,
3192 2841 3210 2874 ι
3272 2822 3444 2886 οὕτως
3495 2826 3909 2894 ἑρμηνεύσειεν,

2325 2911 2408 2963 ὅτι
2432 2908 2576 2978 Ἐγώ
2629 2912 2746 2979 εἰμι
2781 2910 2930 2979 φωνὴ
2958 2911 3051 2963 τοῦ
3104 2912 3339 2982 Χριστοῦ
3377 2913 3467 2967 τοῦ
3500 2914 3757 2984 βοῶντος,
3789 2936 3906 2971 του·

2324 3001 2495 3063 τέο-τι,
2542 3001 2635 3055 τοῦ
2665 3002 2762 3073 τὴν
2810 3001 3070 3073 ἀλήθειαν
3120 3006 3332 3075 τρανῶς
3364 3006 3793 3075 διαγγέλλοντος.
3843 3012 3902 3063 Oi

2328 3090 2567 3163 μὲνγὰρ
2590 3090 2682 3144 τοῦ
2713 3093 2877 3161 νόμου
2928 3092 3130 3156 πάντες
3166 3094 3506 3164 ἰσχνόφωνοι,
3538 3090 3628 3149 οἷα
3675 3099 3753 3167 μὴ
3808 3099 3902 3169 τῆς

2326 3176 2579 3247 ἀληθείας
2613 3177 2703 3230 τοῦ
2739 3174 3068 3248 Εὑαγγελίου
3105 3182 3293 3253 καιρὸν
3325 3183 3589 3253 ὲχούσης’
3628 3188 3913 3241 καὶτοῦτο

654 3243 718 3250 _..
757 3243 963 3264 _-___,._-_
1000 3243 1037 3247 _
1078 3243 1326 3265 "om"-
1386 3243 1425 3245 η
1600 3243 1630 3245 νὴ
1684 3243 1744 3245 ᾖ
2115 3243 2152 3246 ρ

654 3289 801 3342 vocis
850 3288 1053 3342 ruditas
1102 3287 1156 3340 in
1205 3285 1371 3348 Mose,
1426 3288 1552 3354 quia
1601 3284 1683 3339 lex
1729 3288 1959 3339 obscura
1996 3293 2133 3349 erat,
2168 3292 2221 3337 et

2324 3264 2390 3337 ἧν
2416 3243 2533 3338 ⁷ἄρα
2562 3267 2620 3321 τὸ
2654 3243 2981 3339 ἰσχνόφωνον
3035 3271 3130 3323 τοῦ
3189 3243 3551 3337 Μωσέιυς,τδ
3600 3278 3697 3330 τοῦ
3734 3279 3920 3347 νόμοιῖ

657 3395 762 3435 non
796 3380 1102 3433 manifesta.
1123 3378 1375 3434 Christus
1397 3387 1575 3432 autem
1610 3392 1728 3430 cum
1762 3377 1832 3431 sit
1864 3378 2061 3431 veritas
2084 3377 2219 3445 ipsa,

655 3481 709 3526 ct
742 3471 1030 3525 annuntiel
1066 3472 1221 3524 nobis
1254 3469 1433 3523 omnia
1470 3483 1588 3537 quas
1623 3467 1818 3531 Patris,
1849 3468 2090 3523 clamans
2118 3477 2220 3522 est.

654 3566 783 3618 Ideo
810 3560 1046 3617 Joannes
1076 3562 1203 3615 dicit
1232 3576 1244 3606 :
1298 3561 1409 3628 Ego
1432 3576 1547 3614 sum
1578 3574 1679 3612 vox
1718 3558 1880 3613 Verbi
1916 3558 2222 3625 clamantis,

657 3666 881 3706 versans
911 3651 962 3704 in
1004 3651 1236 3705 deserto.
1302 3650 1503 3705 Deinde
1560 3652 1803 3718 sequitur
1833 3647 1973 3702 aliud
2025 3648 2225 3717 princi-

658 3744 833 3813 pium,
876 3760 893 3792 ι
936 3741 1158 3811 Dirigite
1196 3741 1336 3795 viam
1369 3740 1603 3794 Domini.
1646 3758 1664 3791 ι
1702 3739 1892 3793 Merito
1924 3748 2101 3792 autem
2142 3738 2223 3792 di-

654 3836 794 3888 citur
820 3831 1054 3887 Joannes
1084 3848 1207 3897 vox,
1238 3847 1301 3887 co
1322 3834 1476 3911 quod
1505 3832 1814 3887 Prmcursor
1844 3842 1961 3886 erat
1993 3829 2219 3894 Christi,

656 3926 793 3980 sicut
832 3934 885 3978 et
918 3938 1020 3977 vox
1064 3923 1287 3977 verbum
1322 3918 1623 3993 prazcurrit.
1661 3922 1727 3976 Et
1780 3931 1841 3976 ut
1887 3922 2224 3976 manifestius

655 4019 829 4072 dicant
856 4035 870 4072 :
898 4016 1011 4071 Vox
1058 4017 1271 4087 quidem
1309 4024 1393 4071 est
1422 4016 1645 4085 spiritus
1686 4014 2083 4079 inarticuiatus,
2132 4014 2221 4082 qui

655 4124 683 4161 a
714 4116 928 4177 pectore
955 4109 1231 4178 egreditur
1265 4124 1279 4162 :
1313 4108 1531 4177 quando
1572 4118 1747 4161 autem
1795 4106 1973 4176 lingua
2023 4105 2227 4159 articu-

654 4203 817 4265 latur,
873 4211 997 4254 tunc
1067 4200 1124 4253 [it
1179 4202 1423 4255 verbum.
1482 4200 1720 4254 Primum
1783 4199 1946 4268 igitur
1993 4213 2119 4263 vox,
2169 4206 2224 4253 et

654 4294 848 4347 deinde
882 4293 1125 4347 verbum.
1162 4292 1317 4346 Prior
1353 4291 1611 4358 Joannes,
1648 4301 1701 4346 et
1744 4291 1940 4346 deinde
1973 4291 2221 4346 Christus

655 4383 949 4437 secundum
984 4384 1271 4436 adventum
1308 4385 1359 4437 in
1395 4398 1576 4437 carne.
1611 4382 1677 4436 Et
1705 4383 1973 4450 baptisma
2002 4382 2219 4452 quidem

654 4471 877 4527 Joannis
924 4487 1029 4525 non
1078 4483 1193 4527 erat
1241 4474 1582 4528 articulatum
1617 4486 1631 4531 :
1667 4489 1771 4526 non
1795 4473 1934 4528 enim
1973 4473 2132 4527 fiebat
2166 4474 2217 4526 in

2325 3360 2639 3431 ἁτρὰνωτον
2668 3364 2762 3414 καὶ
2812 3361 3043 3431 ἀσαφές.
3094 3364 3155 3415 '0
3190 3364 3246 3416 δὲ
3274 3368 3509 3435 Χριστὸς
3536 3363 3625 3421 οἵα
3655 3372 3720 3439 δὴ
3756 3373 3909 3424 αὑτο-

2325 3450 2551 3521 αλήθεια
2577 3449 2673 3512 ὢν,
2715 3452 2806 3504 καὶ
2840 3452 3017 3504 πάντα
3051 3454 3182 3522 ἡμῖν
3212 3456 3557 3523 ἀπαγγείλας
3590 3459 3659 3509 τὰ
3675 3460 3769 3512 τοῦ
3803 3463 3909 3513 Utt-

2324 3544 2473 3613 τρὺξ,
2508 3544 2646 3612 βοῶν
2675 3544 2843 3597 ἐστιν.
2888 3545 2945 3597 Ὀ
2982 3545 3163 3597 τοίνυν
3226 3548 3479 3619 Ἰωάννης
3524 3551 3727 3619 φησίν·
3773 3554 3904 3619 Ἐγὼ

2325 3637 2435 3707 είμι
2467 3639 2499 3707 ή
2546 3636 2699 3707 φωνή
2753 3635 2844 3689 τοῦ
2876 3637 3051 3705 Λόγου
3098 3637 3192 3690 τοῦ
3230 3638 3485 3705 βοῶντος,
3532 3642 3588 3692 ἐν
3619 3646 3685 3712 τῇ
3719 3645 3901 3713 ἐρήμῳ

2324 3729 2543 3797 διάγων.
2580 3727 2713 3783 Εἶτα
2744 3728 2841 3782 ἀπ’
2866 3729 3033 3801 ἄλλης
3063 3730 3238 3801 ἀρχῆς
3259 3745 3275 3761 ⁸
3314 3749 3337 3783 ε
3370 3733 3647 3785 Εὐθύνατε
3675 3737 3773 3805 τὴν
3798 3737 3907 3788 εδὸν

2323 3818 2415 3871 τοῦ
2449 3818 2673 3889 Κυρίου.
2721 3838 2737 3870 ι
2775 3818 3013 3883 Εἰκότως
3041 3820 3257 3886 λέγεται
3290 3822 3441 3892 φωνὴ
3468 3825 3495 3875 6
3538 3824 3815 3895 Ἰωάννης,
3834 3828 3903 3889 ὡς

2330 3912 2643 3981 Πρξδρομος
2668 3910 2742 3963 ὢν
2768 3912 2858 3963 τοῦ
2881 3911 3142 3982 Χριστοῦ,
3178 3911 3368 3985 ὥσπερ
3396 3916 3489 3967 καὶ
3525 3916 3557 3986 ή
3593 3917 3750 3988 φωνὴ
3778 3934 3900 3987 προ-

2323 4002 2508 4071 τρὲιει
2538 4000 2631 4052 τοῦ
2654 4001 2810 4067 λόγου
2830 4017 2841 4028 ·
2875 3997 3008 4063 οἷον,
3038 4002 3128 4056 ἵνα
3162 4004 3497 4072 σαφέστερον
3534 4008 3703 4069 εἴπω,
3758 4007 3902 4075 φωνὴ

2327 4092 2428 4159 μέν
2448 4093 2595 4143 ἐστιν
2636 4091 2853 4161 πνεῦμα
2897 4092 3286 4163 ἀδιάρθρωτον,
3348 4095 3376 4146 ὃ
3415 4098 3479 4147 ὲκ
3518 4097 3612 4149 τοῦ
3664 4098 3902 4166 θώρηκος

2324 4184 2523 4247 ἔξεισιν
2544 4200 2558 4214 ’
2592 4184 2720 4235 ὅταν
2768 4184 2823 4236 δὲ
2856 4184 2961 4236 ὑπὸ
2990 4184 3089 4254 τῆς
3120 4185 3368 4254 γλώττης
3416 4188 3758 4259 διαρθρωθῇ,
3788 4192 3905 4243 τότε

2323 4276 2530 4345 γίνεται
2576 4275 2753 4343 λόγος.
2795 4276 3021 4345 Πρῶτον
3063 4276 3157 4330 οὖν
3208 4280 3443 4350 ήφωνὴ,
3502 4279 3624 4335 εἶτα
3663 4285 3691 4335 6
3722 4284 3898 4351 λόγος·

2326 4368 2589 4438 πρότερος
2614 4368 2891 4438 Ἰωάννης,
2928 4365 3047 4420 εἶτα
3081 4370 3314 4439 Χριστὸς
3352 4371 3493 4425 κατὰ
3524 4372 3623 4443 τὴν
3650 4376 3709 4426 ὲν
3744 4377 3899 4445 σαρκὶ

2324 4458 2651 4528 παρουσίαν.
2716 4461 2825 4512 Καὶ
2872 4460 2932 4512 τὸ
2983 4460 3083 4526 μὲν
3130 4460 3225 4513 τοῦ
3292 4463 3541 4516 Ἰωάννου
3597 4465 3897 4535 βάπτισμα,

658 4565 862 4632 Spiritu
901 4581 913 4617 :
943 4562 1140 4617 Christi
1172 4580 1297 4618 vero
1347 4564 1686 4620 articolatum
1717 4575 1851 4617 erat.
1903 4563 2045 4617 Nihil
2074 4564 2216 4617 enim

2328 4548 2697 4619 ἀδιάρθρωτον
2720 4567 2734 4580 ’
2770 4552 2831 4603 οὐ
2887 4551 2993 4621 γὰρ
3048 4547 3161 4624 εἶχε
3202 4554 3297 4619 τὸ,
3330 4572 3348 4607 ι
3394 4558 3453 4608 ὲν
3520 4557 3801 4625 Πνεῦματι
3829 4574 3842 4587 ν
3878 4578 3895 4609 ι

656 4657 970 4707 umbrarum
1007 4654 1091 4708 vel
1141 4655 1431 4724 figurarum
1464 4655 1794 4719 continebat,
1844 4654 1935 4708 sed
1981 4654 2143 4708 fiebat
2170 4655 2222 4707 in

656 4746 877 4814 Spiritu.

731 4837 893 4890 Vens.
921 4839 1012 4903 24,
1044 4840 1134 4893 9.5.
1182 4860 1199 4891 ι
1252 4839 1312 4893 Et
1356 4842 1443 4909 qui
1478 4842 1625 4893 missi
1676 4842 1921 4907 fuerant,
1953 4851 2109 4895 erant
2155 4857 2217 4895 cx

661 4929 967 4991 l’ltat‘isu’is,
1001 4944 1051 4982 et
1082 4931 1545 4994 interrogaverunt
1590 4946 1709 4983 eum
1754 4946 1814 4983 ac
1851 4932 2100 4984 dixerunt
2134 4931 2217 4983 ei:

660 5024 765 5073 Cur
806 5040 929 5091 ergo
997 5022 1259 5089 baptizas,
1308 5023 1352 5076 si
1400 5033 1452 5075 ttt
1499 5039 1689 5077 nones
1722 5021 1993 5086 Christus,
2044 5038 2217 5091 neque

663 5114 824 5177 Elius,
860 5129 1026 5182 neque
1056 5120 1308 5181 pr0pheta
1354 5113 1487 5166 ille?
1522 5133 1537 5163 ι
1574 5114 1860 5178 Postquam
1911 5130 2005 5183 per
2037 5114 2219 5167 adula-

660 5208 855 5259 tionem
886 5222 989 5257 non
1026 5217 1314 5270 potuerunt
1346 5221 1465 5259 eum
1504 5204 1573 5258 ad
1612 5222 1736 5257 suas
1770 5215 1951 5275 partes
1982 5206 2217 5271 trahere,

660 5298 1021 5351 atrocioribus
1050 5307 1100 5350 et
1135 5298 1435 5351 minacibus
1466 5300 1641 5352 verbis
1672 5308 1896 5363 terrent,
1926 5309 1980 5351 ut
2018 5299 2223 5353 diceret

660 5393 798 5458 quod
847 5392 1113 5453 volebant,
1164 5399 1217 5442 et
1262 5390 1612 5442 conliteretur
1660 5406 1717 5443 se
1764 5404 1883 5445 esse
1921 5389 2218 5455 Christum,

657 5481 792 5544 Quid
820 5480 977 5548 igitur
1010 5482 1245 5548 baptizas
1276 5480 1557 5533 fidicentes
1579 5498 1592 5543 ',
1618 5480 1746 5545 Quis
1789 5482 1877 5535 tibi
1915 5482 2051 5533 hanc
2076 5481 2223 5536 dedit

661 5573 999 5626 autoritatcm
1028 5572 1049 5623 ?
1083 5572 1398 5627 Ostenditur
1443 5584 1619 5626 autem
1684 5590 1747 5627 ex
1804 5576 1907 5628 hoc
1952 5587 2220 5635 sermone,

664 5660 783 5711 illos
814 5662 973 5712 alium
1012 5673 1223 5726 pntas:~c
1271 5676 1362 5717 ese
1392 5662 1692 5729 Christum,
1736 5674 1789 5718 et
1842 5663 2005 5717 alium
2044 5662 2215 5723 illum,

733 5843 781 5874 ιε
806 5841 955 5897 Deut.
992 5860 1146 5912 xvttt,
1182 5845 1267 5899 18.

2325 4641 2385 4693 τὸ
2415 4642 2471 4693 δὲ
2505 4643 2598 4694 τοῦ
2660 4643 2894 4712 Χριστοῦ
2916 4685 2929 4708 ,
2988 4645 3395 4716 διηρθρωμένον
3419 4687 3435 4711 ,
3500 4650 3594 4702 καὶ
3634 4651 3788 4704 οῦδὲν
3814 4652 3895 4705 το)

2324 4735 2580 4799 σκιώδους
2620 4736 2713 4788 καὶ
2747 4738 2979 4791 τυπικοῦ
3034 4740 3191 4809 ἔχον
3230 4760 3248 4792 ι
3288 4743 3347 4793 ἐν
3393 4743 3676 4813 Πνεύματι
3719 4765 3738 4796 ι
3779 4745 3895 4815 γάρ.

2400 4854 2416 4883 ι
2457 4835 2565 4888 Καὶ
2600 4836 3070 4907 οίάπεσταλμένοι
3119 4834 3258 4907 ἦσαν
3292 4842 3355 4892 ἐκ
3386 4841 3497 4893 τῶν
3558 4844 3893 4912 Φαρισαίων

2322 4925 2411 4977 καὶ
2450 4925 2739 4995 ἠρώτησαν
2760 4928 2939 4991 αὑτὸν,
2965 4931 3059 4980 καὶ
3093 4926 3245 4983 εἷπον
3277 4930 3459 5001 αὐτῷ’
3497 4932 3561 4984 Τί
3594 4930 3689 4984 οὖν
3724 4934 3897 5005 βαπτί-

2324 5017 2455 5081 ζεις,
2512 5022 2558 5070 εί
2614 5024 2675 5067 τ’»
2727 5020 2821 5070 οὐκ
2859 5017 2905 5072 εἷ
2948 5022 2975 5071 6
3008 5022 3266 5090 Χριστὸς,
3299 5021 3421 5075 οὔτε
3475 5024 3690 5089 Ἠλίας,
3726 5026 3843 5078 οὔτε
3872 5028 3897 5078 6

2326 5113 2645 5180 προφήτηςι
2694 5131 2710 5161 ι
2763 5112 2977 5185 Ἐπειδὴ
3027 5114 3116 5167 διὰ
3162 5114 3455 5178 κολακείας
3500 5118 3602 5170 οὐκ
3645 5118 3896 5189 ἠδύναντο

2328 5201 2491 5254 αὑτὸν
2529 5202 2667 5252 ἑλεῖν
2692 5244 2706 5265 ,
2748 5202 2833 5254 διὰ
2870 5203 3250 5274 σκληροτέρων
3287 5209 3379 5260 καὶ
3426 5210 3893 5281 ἑπιπληκτικωτέο

2334 5313 2441 5364 ρων
2471 5294 2641 5359 λόγων
2676 5295 2997 5363 ἐκφοϐοῦσιν
3019 5314 3030 5326 ·
3065 5298 3152 5351 ἴνα
3190 5299 3317 5370 εἴπῃ
3349 5299 3376 5352 ὂ
3408 5300 3623 5371 ήθελον,
3657 5306 3747 5355 κατ.
3773 5303 3889 5371 ὀμοο

2321 5388 2525 5459 λςγήςῃ
2556 5388 2741 5440 ἑαυτὸν
2766 5390 3014 5457 Χριστὸν,
3058 5410 3075 5440 ι
3102 5392 3166 5442 Τί
3194 5386 3285 5445 οὗν
3321 5391 3608 5461 βαπτίζεις
3639 5413 3684 5459 ;ι
3729 5397 3895 5462 λέγον-

2321 5498 2441 5542 τες·
2473 5482 2550 5544 τίς
2586 5500 2663 5534 σοι
2698 5482 2964 5553 τοσαύτην
2994 5483 3244 5550 ἐξουσίαν
3277 5484 3511 5549 ἑδωκενς
3552 5487 3719 5540 ’Ὁπον
3750 5489 3800 5541 δὲ
3836 5488 3891 5537 ἐκ

2324 5572 2415 5624 τοῦ
2446 5574 2601 5641 λόγου
2638 5575 2845 5636 τούτου.
2880 5576 3274 5645 δείκνυται,ὅτι
3298 5580 3459 5633 ἄλλον
3488 5579 3633 5633 εἶναι
3663 5583 3893 5652 ἐνόμιζον

2324 5666 2412 5717 τὸν
2452 5667 2702 5735 Χριστὸν,
2740 5668 2829 5720 xxi.
2870 5668 3027 5724 ἄλλον
3069 5671 3161 5724 τὸν
3208 5672 3668 5743 προσδοκώμενον
3702 5678 3890 5745 προφή-
