4100 6334
238 388 382 452 ἱῙθῚ

224 528 354 581 την.
389 510 627 579 Λέγουσι
658 509 798 577 γάρ’
840 524 856 556 ι
887 505 947 558 Ei
991 505 1064 557 σὺ·
1091 505 1192 558 οὑκ
1221 498 1271 556 εἳ
1303 503 1331 555 6
1360 498 1617 569 Χριστὸς,
1654 491 1777 547 οὒτε
1809 492 1837 543 6

1972 485 2034 554 tui
2080 476 2524 547 exspectabatur,

232 607 562 676 προοξήτης·
597 622 615 655 ι
650 602 836 671 ἕτερον
860 598 1110 663 νοοῦντες
1146 600 1237 650 τὸν
1278 588 1516 665 Χριστὸν
1553 585 1711 650 εἶναι,
1744 587 1841 641 καὶ

234 696 399 750 ἄλλον
417 697 506 759 τὸν
527 694 831 763 προφήτην,
850 692 1037 755 κακῶς
1064 691 1284 750 ειδότες.
1319 688 1377 739 Ὀ
1396 688 1505 756 γὰρ
1550 684 1842 755 προφήτης

236 790 401 851 αὑτός
428 790 571 841 ἐστιν
590 787 616 838 6
640 786 875 856 Χριστὸς
898 786 992 839 καὶ
1009 784 1143 857 Θεὸς
1161 782 1338 853 ἡμῶν.
1375 779 1557 832 Ταῦτα
1573 778 1629 830 δὲ
1661 778 1841 830 πάντα

236 885 451 950 ἔλεγον,
478 881 553 945 ὡς
578 879 734 948 ἔφην,
768 880 842 944 ὡς
867 880 931 931 ἂν
946 862 1462 944 θκαταναγκάσωσιν
1500 870 1841 942 ὁμολογῆσαι

240 976 439 1028 ἑαυτὸν
470 974 734 1043 Χριστόν·
764 971 963 1041 μᾶλλον
984 969 1061 1032 δέ,
1083 970 1130 1021 εἰ
1150 968 1256 1039 χρὴ
1284 966 1344 1020 τὸ
1377 965 1741 1035 ἀληθέστερον
1766 960 1843 1014 εἰ·

243 1064 475 1128 Ξτεῖνμῖις
514 1062 898 1135 βασκαίνοντες
929 1060 1094 1114 αὑτοῦ
1121 1063 1219 1131 τῆς
1248 1055 1723 1128 δόξης,ἐρωτῶσιν
1740 1055 1842 1107 αὑ-

241 1159 360 1214 τόν.
398 1158 489 1209 Διὸ
522 1157 641 1210 οὐδὲ
660 1156 1043 1219 πυνθάνονται,
1075 1151 1303 1215 εἱαὺτός
1334 1154 1481 1204 ἐστιν
1516 1151 1544 1202 6
1580 1146 1841 1217 Χριστὸς,

242 1250 406 1314 ἀλλὰ,
454 1269 471 1301 ι
504 1251 574 1303 Σὺ
609 1250 693 1312 τίς
744 1243 830 1314 ei;
860 1267 879 1300 ι
918 1247 1124 1302 ὡσανεὶ
1168 1245 1421 1313 λέγοντες
1447 1260 1459 1273 ·
1500 1242 1597 1305 Τίς
1639 1235 1693 1293 εί
1720 1240 1783 1294 σὺ
1817 1241 1845 1294 6

242 1344 556 1414 τηλικούτῳ
584 1343 731 1411 ἔργῳ
763 1341 1080 1410 ἐπιχειρῶν,
1104 1338 1185 1410 τῷ
1216 1336 1501 1408 βαπτίζειν
1525 1335 1621 1389 καὶ
1654 1332 1846 1388 καθαί-

247 1455 368 1510 ρειν
393 1438 517 1499 τοὺς
547 1434 1117 1505 ἐξομολογουμένους;
1155 1434 1264 1486 Καὶ
1289 1432 1399 1502 γὰρ
1438 1448 1525 1500 μοι
1560 1429 1845 1496 φαίνονται

244 1532 297 1584 οἱ
349 1530 592 1584 Ἰουδαῖοι
625 1528 872 1591 θέλοντες
917 1526 1053 1597 μηδὲ
1079 1526 1172 1578 τὸν
1203 1525 1459 1591 Ἰωάννην
1497 1520 1649 1585 δόξαι
1692 1518 1849 1589 παρὰ

247 1626 368 1687 τοῖς
400 1623 614 1685 πολλοῖς
648 1622 906 1693 Χριστὸν,
945 1619 1062 1673 ἀλλ’
1098 1619 1207 1671 ἀπὸ
1261 1618 1455 1688 φθόνου
1505 1617 1599 1669 καὶ
1637 1614 1849 1685 βασκα-

249 1717 377 1781 νίας
408 1717 623 1788 ἐρωτᾷν
678 1716 870 1768 αὐτόν’
917 1732 934 1765 ι
970 1714 1043 1767 Σὺ
1088 1712 1171 1775 τίς
1206 1707 1290 1776 εἷ;
1318 1731 1335 1762 ι
1382 1708 1849 1779 Καταρατὼτατοι

248 1810 459 1872 τοίνυν,
487 1810 535 1863 οἱ
564 1809 896 1878 βαπτίζοντα
927 1808 1354 1877 ὑποδεχόμενοι,
1390 1804 1556 1874 μεο’ὃ
1577 1803 1633 1855 δέ
1662 1803 1852 1871 βαπτι-

251 1900 482 1961 σθῶσιν,
512 1899 976 1970 ἀγνωμονοῦντες,
1014 1899 1183 1961 ὅντως
1213 1894 1527 1967 γεννήματα
1559 1894 1781 1964 ἐχιδνῶν
1800 1894 1849 1947 οἱ

263 1990 537 2044 Ἰουδαῖοι.

336 2102 356 2134 ι
393 2082 693 2153 Ἀπεκρίθη
728 2084 912 2145 αὑτοῖς
936 2085 963 2136 6
1012 2083 1267 2150 Ἰωάννης
1317 2080 1493 2147 λέγων
1515 2077 1727 2147 ’κἘγὼ
1752 2076 1849 2147 βα-

252 2176 438 2241 πτίζω
470 2178 527 2228 ἐν
570 2175 753 2229 ῦδατιο
793 2174 959 2244 μέσος
1001 2173 1058 2226 δὲ
1096 2172 1250 2239 ὑμῶν
1284 2174 1553 2242 ἔστηκεν,
1604 2169 1663 2222 ὃν
1694 2171 1853 2239 ὑμεῖς

252 2269 361 2324 οὑκ
386 2270 593 2323 albata“
625 2269 789 2332 αὑτός
838 2268 988 2321 ἐστιν
1019 2270 1047 2321 ὁ
1077 2266 1254 2321 ὀπίσω
1288 2283 1391 2335 μου
1437 2264 1754 2336 ἐρχόμενος,
1795 2261 1857 2327 ὃς

254 2362 570 2433 ἔμπροσθέν
627 2378 730 2431 μου
759 2362 1007 2429 γέγονεν,
1033 2353 1094 2415 οῦ
1134 2360 1233 2413 οὑκ
1259 2361 1375 2431 εἰμὶ
1402 2358 1570 2423 ἄξιος,
1600 2344 1685 2411 ἵνα
1708 2355 1857 2409 λύσω

254 2456 428 2510 αὑτοῦ
453 2455 544 2509 τὸν
570 2444 773 2525 ἱμάντα
795 2452 889 2508 τοῦ
921 2453 1089 2521 ὑποδή
1098 2470 1288 2523 ματος.
1304 2472 1321 2505 ι
1351 2451 1459 2505 Ἴδε
1483 2451 1578 2504 καὶ
1605 2449 1701 2520 τὴν
1724 2465 1858 2519 πρα-

254 2548 428 2617 ότητα
463 2547 555 2599 τοῦ
589 2547 766 2616 ἁγίου,
794 2549 890 2601 καὶ
907 2548 1006 2617 τὴν
1032 2546 1325 2618 ἀλήθειαν·
1356 2545 1454 2615 τὴν
1498 2544 1615 2613 μέν,
1645 2543 1728 2595 ὅτι
1759 2541 1855 2593 οὑ-

255 2639 349 2694 δὶν
375 2639 513 2711 πρὸς
536 2641 734 2702 αὑτοὺς
753 2641 929 2710 τραχὺ
952 2638 1277 2708 φθέγγεται,
1304 2638 1483 2690 καίτοι
1506 2634 1858 2704 ἐπηρεαστὰς

254 2733 452 2795 ὄνταςη
488 2732 588 2802 τὴν
634 2732 692 2785 δὲ
719 2730 1001 2802 ἀλήθειαν,
1047 2732 1132 2784 ὅτι
1191 2730 1405 2801 μάρτυς
1455 2730 1573 2782 ἐστὶ
1630 2728 1733 2797 τῆς
1763 2726 1857 2779 τοῦ

257 2822 503 2893 Χριστοῦ
531 2822 687 2893 δόξης
716 2824 1230 2895 εὑπαρρησίαστος·
1258 2825 1355 2877 καὶ
1371 2822 1471 2876 οὑκ
1505 2822 1859 2890 ἀποκρύπτε-

256 2932 351 2969 ται
384 2914 484 2985 τὴν
535 2913 693 2979 δόξαν
741 2914 836 2967 τοῦ
889 2914 1134 2986 Κυρίου,
1182 2913 1358 2983 ἐαυτῷ
1399 2910 1861 2983 περιποιούμενος

260 3006 539 3072 εὔκλειαν,
569 3007 689 3061 ἀλλ’
725 3008 1003 3079 ὁμολογεῖ,
1040 3008 1122 3060 ὅτι
1151 3005 1296 3075 Ἐγὼ
1339 3006 1438 3076 μὲν
1483 3004 1738 3075 βαπτίζω
1768 3003 1859 3056 εὑ-

260 3101 419 3164 τελὲς
451 3101 775 3171 βάπτισμαο
823 3103 881 3154 ἐν
937 3101 1090 3153 ὕδατι
1141 3101 1250 3171 γὰρ
1308 3101 1473 3170 μόνῳ,
1518 3098 1620 3151 οὐκ
1666 3099 1862 3167 ἄφεσιν

944 380 1400 446 ENARRATIO
1442 377 1522 439 IN
1565 366 2069 438 EVANGELIUM
2109 360 2458 425 JOANNIS.
2506 380 2570 392 -
2621 356 2782 415 CM’.
2822 352 2870 408 i.

3404 328 3556 393 1170'

2578 474 2917 543 protthetam.
2957 458 3326 520 Dicunt-enim
3364 472 3378 511 ι
3422 474 3441 506 ι
3484 454 3542 508 Si

1949 552 2003 637 tiu
2039 597 2144 634 non
2188 594 2247 631 es
2278 575 2556 637 Christus,
2592 583 2771 639 neque
2817 564 3083 634 propheta
3123 557 3214 612 ille
3258 575 3273 611 ι
3321 572 3340 606 ι
3379 552 3545 639 alium

1947 672 2317 743 intelligentcs
2349 667 2649 729 Christum,
2685 672 2740 716 et
2771 660 2937 712 alium
2987 652 3333 725 prophetam.
3370 632 3547 743 illum,

1948 765 2088 820 male
2129 734 2456 818 sentientes.
2482 756 2616 812 Nam
2660 751 2924 821 propheta
2971 746 3079 811 ille,
3115 744 3233 814 ipse
3272 749 3357 795 cst
3385 734 3548 792 Chri-

1947 868 2063 912 stus
2089 866 2143 909 et
2188 854 2329 908 Deus
2360 858 2565 904 noster.
2602 844 2766 917 522
2809 840 2934 895 llaec
2969 846 3151 892 autem
3184 830 3367 910 omnia
3396 828 3549 882 dieeo

1949 954 2099 1015 bant,
2136 950 2279 1004 sicut
2330 946 2463 1010 dixi,
2512 944 2575 997 ’nt
2604 947 2865 1010 urgerent
2909 948 3035 988 eum
3075 927 3218 1000 quod
3255 921 3550 981 conﬁtere—

1950 1060 2039 1102 tur
2072 1061 2131 1099 se
2164 1058 2289 1099 esse
2328 1040 2630 1095 Christum.
2682 1035 2796 1088 Imo
2842 1031 2886 1085 si
2921 1026 3139 1082 veriora
3185 1022 3369 1078 dicere
3401 1017 3549 1079 licet,

1949 1140 2107 1212 quasi
2134 1138 2441 1194 invidentes
2470 1134 2588 1203 ejus
2624 1130 2831 1202 glorim,
2865 1140 2988 1179 eum
3023 1122 3390 1188 interrogant.
3428 1112 3553 1165 Ideo

1953 1251 2058 1289 non
2090 1241 2342 1303 quaerunt
2371 1244 2495 1282 num
2526 1226 2640 1295 ipse
2670 1224 2743 1277 sit
2768 1219 3050 1279 Christus,
3081 1214 3174 1269 sed
3209 1229 3221 1265 :
3257 1230 3274 1262 ι
3315 1207 3396 1262 Τιι
3430 1208 3556 1275 quis

1950 1329 2052 1385 es?
2081 1348 2099 1380 ι
2123 1325 2276 1397 quasi
2314 1322 2575 1382 dicentes,
2606 1316 2740 1384 Quis
2759 1330 2817 1370 es
2841 1323 2919 1377 ιιι,
2946 1310 3036 1381 qui
3073 1307 3179 1363 tale
3211 1318 3348 1375 epos
3377 1308 3556 1356 atten-

1953 1432 2059 1484 las,
2116 1395 2402 1485 baptizans
2449 1420 2505 1467 et
2563 1408 2859 1471 puriﬁcans
2912 1398 3287 1459 confitentes?
3338 1395 3554 1450 Etenim

1954 1528 2128 1583 neque
2157 1510 2419 1565 Joannem
2454 1506 2598 1575 apud
2630 1501 2827 1557 multos
2864 1514 2959 1569 pro
2976 1496 3197 1552 Christo
3232 1489 3427 1546 haberi
3455 1487 3555 1543 Ju-

1954 1580 2058 1660 dzci
2108 1602 2239 1657 mihi
2289 1599 2424 1654 velle
2478 1596 2754 1657 videntur,
2798 1592 2894 1646 sed
2928 1604 2994 1645 ex
3043 1588 3213 1641 livore
3248 1593 3303 1639 et
3353 1580 3557 1637 invidia

1956 1700 2300 1765 interrogare
2351 1706 2500 1754 eum,
2551 1708 2568 1739 ι
2626 1685 2707 1742 Tu
2735 1685 2859 1756 quis
2909 1683 3012 1738 es?
3060 1701 3077 1733 ι
3113 1677 3350 1733 Maxime
3394 1674 3561 1746 igitur

1959 1788 2230 1844 maledicti
2263 1784 2458 1850 Judael,
2504 1791 2560 1836 et
2608 1795 2734 1834 vere
2762 1776 3052 1848 progenies
3089 1774 3421 1853 viperarum,
3454 1766 3548 1838 qui

1888 1856 1927 1909 Β
1959 1884 2219 1940 Joannem
2240 1882 2459 1953 quidem
2485 1877 2851 1948 baptizantem
2879 1878 3247 1939 acceperunt:
3273 1872 3562 1938 postquam

1963 1989 2142 2033 autem
2168 1975 2422 2044 baptizati
2449 1982 2598 2033 sunt.
2636 1968 2837 2041 ingrati
2866 1967 3109 2021 fuerunt.

2039 2068 2198 2123 Vens.
2248 2066 2342 2131 ‘26,
2368 2065 2459 2119 27.
2500 2084 2517 2113 ε
2564 2058 2869 2131 Respondit
2908 2057 2988 2112 eis
3018 2054 3281 2120 Joannes,
3314 2052 3507 2108 dicens
3546 2065 3561 2104 :

1965 2160 2078 2230 Ego
2123 2158 2338 2227 b-qittzo
2388 2157 2443 2209 in
2495 2167 2684 2223 aqua:
2728 2152 2823 2206 sed
2874 2149 3084 2203 medius
3144 2157 3386 2201 vestrum
3431 2150 3561 2203 stat,

1966 2267 2129 2321 quem
2172 2263 2268 2304 vos
2301 2247 2519 2302 nescitis
2567 2265 2579 2300 :
2620 2246 2737 2314 ipse
2766 2253 2850 2299 est
2896 2242 2985 2313 qui
3020 2250 3143 2311 post
3181 2252 3269 2293 me
3298 2244 3567 2291 venturus

1965 2359 2072 2410 (ἐι,
2117 2344 2375 2414 quiante
2427 2356 2511 2395 me
2558 2340 2736 2393 factus
2789 2346 2894 2400 cst,
2928 2334 3087 2405 cujus
3135 2347 3236 2401 ego
3284 2347 3392 2385 non
3444 2344 3565 2384 smn

1968 2440 2162 2508 dignus
2225 2444 2283 2489 ut
2334 2434 2538 2489 solvam
2590 2432 2710 2502 ejus
2756 2430 3049 2499 corrigiam
3103 2424 3481 2482 calceatncnti.
3544 2442 3562 2473 ι

1969 2526 2108 2583 Vide
2151 2537 2205 2581 et
2242 2523 2713 2579 mansuetudinem
2765 2532 2820 2575 et
2857 2518 3145 2585 veritatem
3184 2516 3383 2571 sancti.
3414 2513 3567 2568 Man-

1970 2620 2313 2675 suetudinem
2347 2616 2589 2687 quidem,
2619 2630 2684 2669 eo
2711 2615 2855 2684 quod
2894 2612 3030 2667 nihil
3062 2625 3316 2678 asperum
3368 2609 3432 2661 ad
3476 2622 3571 2661 eos

1971 2714 2227 2781 loquitur,
2246 2709 2494 2779 quamvis
2514 2707 2803 2763 insolentes
2829 2712 3030 2760 essent.
3047 2698 3337 2758 Veritatem
3365 2712 3570 2769 autrm,

1970 2808 2097 2876 quia
2149 2805 2463 2859 liberrimas
2517 2800 2672 2856 testis
2721 2809 2841 2854 erat
2888 2798 3077 2870 gloria:
3115 2796 3345 2856 Christi.
3393 2811 3573 2865 neque

1976 2896 2187 2951 Domini
2229 2896 2457 2966 gloriam
2494 2892 2833 2955 occultabat,
2868 2900 2923 2946 ut
2960 2890 3061 2946 sibi
3100 2889 3440 2944 nobilitatem
3474 2903 3569 2958 pa-

1973 3002 2139 3051 reret,
2207 2991 2301 3045 sed
2336 2988 2701 3044 conﬁtebatur
2738 2986 2893 3057 :Ego
2939 2983 3157 3053 quidem
3199 2982 3415 3052 baptizo
3472 2982 3573 3034 im-

1974 3081 2217 3151 perfecto
2248 3082 2519 3150 baptismo
2556 3098 2567 3131 :
2610 3092 2733 3132 nam
2772 3079 2823 3132 in
2862 3078 2977 3132 sola
3006 3092 3165 3147 aqua,
3200 3092 3306 3130 non
3344 3076 3576 3130 habente

262 3195 554 3265 ἁμαρτιῶν
607 3196 806 3265 ἔχοντι,
860 3193 995 3247 ἀλλὰ
1052 3194 1641 3265 προπαρασκευάζοντι
1682 3196 1760 3254 εἰς
1804 3192 1864 3243 τὴ

1976 3188 2321 3247 peccatorum
2360 3174 2759 3236 remissionem,
2794 3175 2889 3227 sed
2920 3182 3267 3242 praeparante
3307 3171 3374 3223 ad
3404 3168 3577 3224 susciu

232 3286 520 3353 ’δέξασθαι
553 3288 611 3342 τὸ
648 3289 1020 3358 πνευματικὴν
1074 3288 1385 3358 βάπτισμα,
1434 3287 1495 3340 τὸ
1537 3286 1637 3356 τὴν
1673 3288 1868 3355 ἄφεσιν

263 3380 377 3433 τῶν
408 3380 696 3450 ἁμαρτιῶν
736 3380 1110 3451 δωρούμενον.
1151 3401 1169 3433 ι
1202 3382 1387 3444 Mica;
1424 3380 1480 3432 δέ
1516 3380 1670 3450 ὑμῶν
1703 3379 1869 3450 ἐστη-

267 3490 388 3533 κεν.
415 3472 474 3526 ὃν
521 3474 680 3542 ὑμεῖς
706 3474 806 3525 οὑκ
833 3473 1042 3526 οἴδατε·
1083 3493 1100 3526 ι
1160 3473 1624 3543 ἀναμεμιγμένος
1652 3470 1760 3541 γὰρ
1793 3470 1871 3541 τῷ

271 3567 469 3637 πλήθει
496 3567 523 3618 6
552 3565 780 3634 Κύριος,
806 3566 1057 3634 ἠγνοεῖτο
1075 3564 1158 3630 τίς
1178 3565 1268 3636 εἴη
1318 3565 1412 3618 καὶ
1434 3566 1621 3618 πόθεν.
1647 3565 1799 3634 Τάχα
1825 3566 1870 3619 δ’

264 3658 335 3713 ἂν
363 3676 449 3720 τις
477 3658 641 3718 εἴποι,
669 3659 751 3711 ὅτι
782 3658 876 3711 καὶ
901 3656 1023 3710 κατ’
1053 3657 1213 3712 ἄλλον
1243 3656 1447 3728 τρόπον
1481 3657 1642 3725 μέσος
1678 3657 1872 3709 ἵστατο

264 3751 381 3806 τῶν
402 3751 717 3823 Φαρισαίων
762 3754 789 3804 6
824 3750 1048 3821 Κύριος,
1078 3751 1194 3804 ἀλλ’
1228 3746 1467 3820 ἠγνόουν
1494 3749 1681 3802 αὐτόν.
1718 3747 1874 3803 Ἐπεὶ

266 3845 382 3916 γὰρ
403 3846 558 3900 αὑτοὶ
586 3845 684 3909 τὰς
718 3845 940 3916 Γραφὰς
973 3844 1193 3897 ἐδόκουν
1214 3844 1539 3913 ἐκμελετᾷν,
1573 3843 1631 3894 ἐν
1651 3842 1707 3894 δὲ
1740 3841 1874 3895 ταύ-

265 3956 394 4002 ταις
425 3938 835 4009 κατηγγέλλετο
863 3941 889 3991 ὁ
935 3938 1164 4009 Κύριος,
1212 3937 1378 4008 μέσος
1409 3936 1591 3991 αὐτῶν
1632 3931 1724 4005 ἦν,
1751 3952 1875 3989 του-

266 4032 480 4094 τέστιν,
505 4032 564 4085 ἐν
589 4033 711 4094 ταῖς
746 4031 1001 4103 καρδίαις
1047 4032 1251 4098 αὑτῶν,
1275 4030 1390 4085 ἀλλ’
1426 4030 1659 4100 ἠγνόουν
1689 4028 1873 4090 αὑτὸν,

267 4119 363 4176 οἶα
387 4122 462 4194 μὴ
486 4122 739 4186 νοοῦντες
771 4123 869 4186 τὰς
897 4124 1150 4194 Γραφὰς,
1174 4124 1223 4175 εί
1258 4124 1354 4176 καὶ
1380 4125 1438 4176 ἐν
1471 4123 1591 4184 ταῖς
1623 4120 1877 4191 καρδίαις

267 4217 481 4278 ταύτας
512 4212 681 4285 εἶχον.
729 4217 819 4287 Μή
863 4233 997 4269 ποτε
1051 4216 1107 4269 δέ
1146 4216 1242 4269 καὶ
1276 4214 1411 4269 καθὸ
1466 4215 1700 4285 μεσίτης
1739 4210 1876 4265 Θεοῦ

269 4311 373 4365 καὶ
403 4308 713 4381 ἀνθρώπων
740 4304 829 4380 ’ἦν
860 4311 887 4361 6
916 4309 1143 4380 Κύριος,
1191 4307 1358 4377 μέσος
1397 4306 1592 4359 ἵστατο
1626 4305 1738 4358 τῶν
1766 4304 1879 4357 Φακ-

273 4402 527 4474 ρισαίων,
560 4401 1012 4467 ἀποκαταλλάξαι
1046 4401 1217 4455 θέλων
1249 4401 1445 4463 αὑτοὺς
1476 4399 1554 4470 τῷ
1582 4398 1725 4467 Θεῷ,
1762 4396 1880 4451 ἀλλ’

269 4492 508 4564 ⁴Ιγγνόουν
557 4492 743 4546 αὑτόν.
796 4491 1048 4561 Συνεχῶς
1100 4491 1159 4544 δὲ
1191 4491 1375 4561 τίθησι
1402 4491 1496 4543 τό·
1541 4509 1559 4541 ι
1616 4489 1672 4542 '0
1701 4487 1880 4541 ὀπίσω

1974 3272 2232 3341 piendum
2281 3268 2569 3338 spirituale
2620 3266 2889 3335 baptisma
2917 3304 2931 3330 ,
2974 3264 3121 3334 quod
3163 3264 3326 3319 donat
3369 3265 3534 3319 remis

1974 3366 2185 3419 sionem
2232 3372 2602 3433 peccatormn.
2647 3379 2664 3411 ι
2700 3358 2910 3415 Medius
2940 3368 3121 3413 autem
3164 3367 3411 3412 vestium
3444 3367 3575 3422 stat,

1976 3476 2136 3529 quem
2174 3472 2270 3513 vos
2316 3455 2560 3511 nescitis.
2604 3472 2622 3507 ι
2665 3453 2802 3509 Nam
2839 3452 3107 3508 Dominus
3154 3449 3486 3505 multitudini
3520 3465 3580 3503 se

1979 3554 2298 3615 miscuerat,
2324 3559 2380 3605 et
2420 3547 2773 3620 ignorabatur
2802 3547 2925 3617 quis
2957 3556 3102 3602 esset
3161 3554 3216 3600 et
3247 3546 3413 3601 unde.
3445 3543 3578 3598 For-

1980 3646 2146 3701 tassis
2194 3655 2376 3699 autent
2412 3643 2683 3713 quis-piam
2730 3640 2929 3696 dixerit
2974 3638 3121 3709 quod
3169 3646 3224 3693 et
3265 3637 3371 3691 alio
3418 3637 3580 3692 modo

1982 3740 2195 3794 medius
2225 3737 2440 3792 steterit
2472 3738 2613 3790 inter
2646 3734 2952 3789 Pharisaebs
2981 3732 3268 3799 Dominus,
3304 3732 3399 3788 sed
3436 3732 3582 3802 igno-

1983 3836 2155 3887 rarint
2195 3848 2345 3887 eum.
2386 3830 2522 3897 Quia
2557 3829 2702 3884 enim
2737 3828 3063 3884 videbantur
3113 3826 3431 3897 Scriplttras
3464 3825 3579 3881 edi-

1979 3925 2199 3990 diciSse,
2235 3924 2434 3995 quibus
2483 3920 2845 3976 annuntiatns
2893 3918 2998 3974 fuit
3048 3917 3333 3985 Dominus,
3371 3918 3582 3973 medius

1983 4018 2082 4071 l‘nit
2134 4018 2276 4072 inter
2318 4030 2436 4082 eos,
2494 4016 2595 4069 hoc
2646 4022 2764 4079 est,
2799 4012 2849 4067 in
2895 4012 3158 4067 cordibus
3192 4026 3382 4067 eorum
3435 4028 3449 4066 :
3486 4014 3582 4066 scd

1983 4113 2303 4181 ignorabant
2332 4125 2480 4175 eum,
2510 4119 2767 4177 tanquam
2801 4120 2911 4161 non
2936 4105 3301 4175 intelligentes
3331 4105 3583 4174 Scriptu-

1985 4220 2115 4265 ras,
2171 4203 2422 4272 quamvis
2477 4201 2734 4256 cordibus
2791 4200 2911 4253 illas
2973 4206 3246 4254 tenerent.
3306 4197 3585 4254 Fortassis

1983 4306 2163 4351 autem
2194 4305 2249 4350 et
2279 4295 2580 4350 secundum
2612 4293 2753 4364 quod
2788 4293 3057 4348 mediator
3091 4292 3185 4347 Dei
3217 4302 3271 4347 et
3301 4293 3583 4346 hominum

1986 4389 2087 4443 fuit
2137 4389 2418 4448 Dominus,
2458 4388 2670 4443 medius
2702 4388 2853 4443 stetit
2900 4387 3043 4442 inter
3076 4386 3419 4453 Pharisazos,
3456 4402 3589 4442 con-

1986 4482 2177 4560 ciliare
2219 4481 2340 4536 illos
2368 4481 2558 4536 volens
2602 4481 2732 4547 Deo,
2767 4479 2860 4535 sed
2897 4480 3223 4551 ignorabant
3249 4495 3395 4534 cum.
3438 4480 3588 4537 Con-

276 4602 384 4655 μου
406 4584 704 4655 ἐρχόμενος
723 4602 770 4637 ⁸)
791 4585 1176 4650 δεικνύων,ὃτι
1206 4585 1264 4637 οὑ
1292 4584 1642 4638 τελειωτικόν
1670 4587 1787 4638 ἐστι
1817 4582 1865 4635 τὶ

1989 4575 2139 4630 tinue
2192 4582 2373 4629 autem
2431 4576 2582 4644 ponit
2634 4573 2769 4631 hOc;
2824 4591 2843 4625 ι
2884 4572 2987 4638 Qui
3030 4582 3153 4643 post
3200 4590 3286 4627 tne
3324 4583 3589 4629 venturus

274 4678 445 4734 αὑτοῦ
483 4679 790 4750 βάπτισμα,
811 4677 950 4733 ἀλλὰ
982 4678 1475 4748 προοδοποιητικὸν
1505 4677 1600 4730 τοῦ
1630 4692 1882 4745 πνευμα-

274 4772 433 4826 τικοῦ
459 4772 861 4843 βαπτίσματος.
896 4772 969 4826 Τὸ
1006 4772 1083 4836 δὲ,
1127 4791 1146 4824 ι
1186 4770 1543 4841 Ἐμπροσθέν
1584 4786 1687 4841 μου
1716 4770 1881 4837 γέγο-

276 4881 394 4929 νεν,
427 4883 446 4917 ι
478 4865 601 4919 ἀντὶ
623 4864 739 4927 τοῦ,
767 4866 1141 4936 ἐντιμότερος,
1167 4862 1535 4934 ἐνδοξότερος,
1566 4865 1661 4918 καὶ
1687 4860 1881 4915 τοσοῦ·

220 4988 225 4992 ~
276 4976 397 5021 τον,
433 4956 575 5011 ὥστε
610 4958 732 5012 οὑδέ
767 4959 826 5010 ἐν
876 4960 990 5022 τοῖς
1024 4959 1277 5028 ἐσχάτοις
1329 4957 1437 5011 τῶν
1472 4959 1641 5013 αὑτοῦ
1678 4960 1883 5014 δούλων

280 5050 746 5125 καταριθμεῖσθαι
784 5070 852 5122 με
878 5069 891 5083 ·
943 5051 1005 5105 τὸ
1036 5051 1147 5120 γὰρ
1191 5051 1437 5105 λύειντὺ
1474 5053 1735 5125 ὑπόδημα
1783 5054 1885 5124 τῆς

279 5151 521 5222 ἐσχάτης
546 5149 821 5214 διακονίας
846 5149 1013 5203 ἐστίν.
1039 5143 1171 5202 Οἶδα
1191 5148 1247 5201 δὲ
1272 5148 1423 5219 παρὰ
1443 5166 1550 5202 τινι
1575 5149 1684 5202 τῶν
1711 5150 1885 5216 ἁγίων

278 5247 543 5314 τοιαύτην
577 5246 849 5315 ἀναγνοὺς
879 5245 1177 5316 ἐξήγησιν·
1212 5244 1286 5297 Τδ
1322 5244 1581 5314 ὑπόδημα
1668 5245 1750 5305 εἰς
1783 5243 1883 5314 τὴν

279 5343 397 5397 τῶν
429 5340 773 5413 ἁμαρτωλῶν
803 5341 1003 5411 σάρκα,
1042 5341 1142 5393 καὶ
1173 5342 1239 5411 τῇ
1274 5340 1452 5411 φθορᾷ
1483 5340 1882 5409 ὑποκειμένην,

281 5436 627 5506 λαμῦἀνεται
658 5433 971 5506 πανταχοῦ·
1028 5436 1055 5487 6
1099 5434 1153 5487 δὲ
1182 5435 1336 5502 ἱμὰς,
1374 5434 1538 5504 ﬁmer
1567 5431 1765 5502 λῶρος,
1802 5434 1883 5496 εἰς

280 5531 381 5582 τόν
428 5529 629 5596 δεσμὸν
673 5526 780 5582 τῶν
821 5527 1134 5599 ἁμαρτιῶν.
1185 5526 1243 5580 Ὀ
1275 5530 1455 5580 τοίνυν
1521 5526 1778 5596 Ἰωάννης
1824 5528 1883 5579 ἐν

289 5623 393 5690 μὲν
424 5622 537 5683 τοῖς
564 5618 768 5684 ἄλλοις,
792 5622 905 5683 τοῖς
937 5621 1403 5689 ἐκπορευομένοις
1434 5620 1570 5688 πρὸς
1603 5619 1766 5671 αὑτὸν
1792 5619 1886 5672 καὶ

286 5711 835 5781 ἐξομολογουμένοις,
870 5712 1023 5783 ἴσχυε
1051 5711 1202 5765 λύειν
1224 5712 1313 5765 τὸν
1344 5713 1547 5783 ἱμάντα
1570 5710 1679 5763 τῶν
1707 5712 1887 5779 ἀμαρ-

285 5806 450 5857 τιῶν·
498 5806 708 5874 σειραῖς
735 5806 843 5876 γὰρ
866 5806 974 5858 τῶν
1001 5805 1221 5859 οἰκείων
1256 5804 1543 5873 ἁμαρτιῶν
1582 5804 1888 5873 σςιγγόμε-

294 5916 377 5953 -ιοι
404 5897 702 5965 ὲξήςχοντο
734 5899 870 5965 πρὶς
900 5898 1076 5951 αὐτόν’
1119 5898 1209 5951 καὶ
1229 5897 1315 5952 διὲι
1357 5896 1449 5949 τοῦ
1478 5897 1551 5958 εἰς
1596 5896 1888 5964 μετάνοιαν

1988 4679 2118 4725 est:
2168 4688 2185 4721 ι
2226 4674 2523 4724 ostendens
2570 4669 2712 4739 quod
2746 4682 2921 4736 neque
2962 4667 3265 4739 perfectum
3319 4685 3479 4724 suum
3518 4670 3591 4724 sit

1992 4766 2278 4834 baptisma,
2324 4764 2678 4849 sed.tantum
2730 4764 2990 4833 praevium
3042 4764 3109 4818 ad
3162 4764 3449 4835 spirituale
3500 4766 3593 4819 ba-

1991 4861 2210 4930 ptisma.
2253 4877 2271 4910 ι
2310 4860 2450 4914 Ante
2480 4875 2563 4912 me
2598 4858 2774 4912 iaetus
2818 4867 2924 4921 est,
2964 4876 2981 4908 δ
3021 4857 3124 4912 hoc
3156 4869 3260 4925 est,
3294 4858 3509 4930 dignior
3538 4869 3593 4913 et

1992 4954 2301 5023 gloriosior,
2354 4952 2409 5005 in
2453 4962 2661 5018 tatuum
2702 4961 2758 5004 ut
2787 4966 2888 5022 ego
2920 4965 3004 5004 me
3047 4966 3155 5005 non
3190 4951 3363 5006 ausim
3404 4968 3593 5006 nume-

1992 5062 2115 5101 rare
2152 5047 2232 5100 vel
2285 5046 2336 5099 in
2374 5044 2579 5100 ultimis
2621 5044 2740 5114 ejus
2773 5046 2969 5100 servis.
3021 5043 3249 5101 Solvere
3277 5046 3423 5101 enim
3464 5047 3594 5100 cal—

1989 5160 2148 5198 ccum
2209 5141 2441 5197 extremi
2473 5140 2763 5195 ministerii
2806 5148 2912 5195 est.
2948 5138 3074 5193 Seio
3107 5149 3288 5194 autem
3326 5155 3414 5194 me
3450 5140 3593 5211 apud

1992 5246 2312 5294 sanctorum
2361 5238 2651 5306 quemdam
2710 5237 2875 5291 etiam
2930 5236 3071 5291 hanc
3128 5237 3325 5305 legisse
3373 5236 3595 5304 exposi-

1995 5332 2197 5385 tionem
2251 5348 2262 5383 :
2301 5328 2533 5384 Calceus
2582 5344 2798 5397 semper
2844 5330 3084 5386 sumitur
3132 5329 3198 5384 ad
3236 5330 3593 5398 peccatricem

1995 5438 2243 5487 carnem,
2288 5432 2342 5476 ct
2390 5423 2732 5491 corruptioni
2780 5423 3054 5476 subditam
3095 5441 3108 5477 :
3143 5424 3375 5494 corrigia
3414 5433 3592 5475 autem

1995 5528 2053 5572 nt
2102 5518 2380 5573 vinculum
2438 5526 2813 5586 perratorum.
2872 5517 3042 5586 igitur
3090 5515 3329 5571 Joannes
3374 5516 3425 5570 in
3473 5516 3596 5569 aliis

1994 5612 2218 5680 quidem
2252 5612 2342 5679 qui
2388 5613 2453 5663 ad
2502 5626 2559 5666 se
2592 5610 3015 5679 egrediebantur
3075 5621 3129 5665 et
3165 5613 3591 5672 conlitcbantnr,

1998 5715 2212 5775 poterat
2284 5704 2497 5761 solvere
2557 5704 2851 5774 cntrigiam
2918 5714 3293 5774 peccatorum.
3354 5702 3597 5757 Vinculis

1998 5801 2143 5853 enim
2177 5815 2398 5853 suorum
2434 5809 2779 5867 pCt't‘nltH'tlm
2809 5800 3092 5853 conxtricti
3129 5800 3195 5853 ad
3229 5799 3406 5867 ipsum
3442 5812 3598 5868 egre-

1998 5898 2308 5952 diebantur.
2362 5891 2423 5948 ιίι
2457 5910 2550 5963 pt‘t'
2597 5895 2697 5949 hoc
2729 5909 2833 5963 quo
2852 5896 2869 5949 il
2922 5893 3147 5951 \‘Ot‘ttbttt
3409 5911 3502 5948 eos
3536 5894 3599 5945 ,ιιι
