4100 6334
590 263 721 330 1171

1433 252 2008 316 THEOPHYLACTI
2049 251 2453 312 BULGARL‘E
2494 251 2843 313 ARCHIEP.

3713 248 3842 312 1172

587 378 979 452 paenitentiam,
1018 371 1160 428 viam
1185 369 1517 441 'prarparavit
1558 367 1639 422 eis
1680 367 1745 420 ad
1782 364 1883 420 hoc
1930 374 1992 420 ut
2039 380 2159 434 per-

2263 366 2461 425 αὐτοῦς
2494 363 2854 433 παρακαλεῖν,
2913 360 3273 433 προωδοποίει
3311 361 3499 425 αὐτοῖς
3530 362 3614 423 ιίς
3656 360 3719 413 τὸ
3752 363 3841 414 καὶ

590 476 729 529 l'ecte
751 466 1039 537 corrigiam
1090 461 1237 517 illam
1271 472 1326 516 et
1354 459 1780 515 calceamentum
1824 456 2029 525 peccati
2059 455 2158 509 ab-

585 563 775 632 jiciant
808 576 821 611 :
851 558 902 611 in
935 553 1155 611 Christo
1186 561 1365 607 autem
1396 563 1500 603 non
1531 549 1813 603 inveniens
1844 547 2155 614 corrigiam,

592 656 690 707 hoc
735 660 819 705 est
850 645 1121 702 vinculum
1163 642 1390 713 peccati,
1423 640 1615 694 merito
1648 652 1821 706 neque
1852 636 2034 703 solvil,
2062 649 2157 693 ne-

586 758 689 813 que
718 742 929 797 solvere
960 738 1154 810 potuit.
1186 733 1466 801 Quomodo
1491 731 1633 787 enim
1666 730 1938 794 solvisset,
1967 731 2019 783 in
2052 742 2157 797 quo

589 850 692 889 non
722 833 1028 889 inveniebat
1056 831 1081 884 ‘i
1116 848 1134 881 ι
1173 827 1463 883 Peccatum
1490 825 1637 879 enim
1670 839 1775 878 non
1808 821 1955 887 fecit,
1986 834 2157 890 neque

586 930 837 982 inventus
870 935 951 980 est
987 923 1139 979 dolus
1170 922 1223 976 in
1267 934 1361 975 ore
1403 918 1522 986 ejus
1553 917 1620 968 ".
1663 934 1680 967 ι
1721 915 2155 970 Calceamcntum

585 1028 762 1073 autem
814 1026 901 1072 est
922 1016 1185 1071 adventus
1211 1010 1422 1067 Domini
1450 1009 1516 1063 ad
1543 1021 1638 1061 nos
1667 1023 1682 1060 :
1716 1006 1944 1074 corrigia
1978 1013 2153 1058 autem

584 1112 724 1180 ejus,
751 1110 941 1163 modus
968 1103 1383 1166 incarnationis,
1417 1116 1524 1170 quo
1557 1100 1794 1155 Verbum
1821 1098 1914 1152 Dei
1943 1096 2152 1149 unitum

586 1212 642 1257 et
690 1196 1421 1269 quodammodo-colligatum
1451 1192 1686 1261 corpori.
1760 1187 1957 1258 Utique
2011 1188 2156 1254 hunc

589 1284 784 1348 nodum
830 1290 1041 1346 solvere
1090 1286 1421 1357 impossibile
1465 1295 1566 1339 εει.
1604 1283 1735 1360 Quis
1784 1282 1929 1336 enim
1970 1286 2155 1357 posset

585 1382 814 1449 solvere,
841 1380 1109 1452 quomodo
1146 1378 1286 1435 Deus
1314 1380 1529 1447 corpori
1558 1378 1839 1445 colligatus
1868 1375 1938 1429 sit
1964 1373 1988 1427 ’ί

660 1476 825 1530 Vens.
853 1474 942 1531 28.
986 1493 1005 1525 ς
1056 1472 1182 1528 llrec
1233 1474 1287 1527 in
1330 1472 1595 1529 Bethania
1650 1471 1790 1525 facta
1843 1476 1967 1524 sunt
2007 1478 2156 1522 trans

584 1562 900 1628 Jordanem',
953 1568 1039 1621 ubi
1083 1575 1199 1621 erat
1278 1564 1517 1623 .loannes
1560 1564 1857 1634 baptizans.
1916 1579 1934 1613 ι
1977 1561 2155 1628 Quare

587 1660 724 1715 dixit
761 1659 905 1729 quod
939 1662 1048 1714 haec
1080 1659 1137 1714 in
1164 1657 1420 1713 Bethania
1452 1656 1593 1711 facta
1625 1654 1783 1709 sint?
1812 1653 1878 1710 Ut
1906 1655 2154 1708 ostendat

590 1752 765 1822 magni
822 1752 1083 1822 pmconis
1134 1751 1463 1814 libertatem,
1507 1750 1650 1817 quod
1698 1761 1801 1801 non
1865 1747 1917 1799 in
1972 1744 2154 1809 domo,
2190 1738 2230 1793 Β

589 1862 761 1917 neque
789 1849 842 1901 in
863 1846 1075 1916 angulo,
1101 1848 1194 1899 sed
1220 1845 1363 1900 circa
1394 1842 1706 1904 Iordanem,
1738 1842 1791 1894 in
1824 1839 1997 1893 media
2020 1838 2158 1893 mul-

592 1936 821 1991 titudine
872 1938 987 1991 haec
1037 1936 1101 1990 de
1143 1934 1364 2001 Christo
1417 1933 1809 2005 praadicaverit.
1864 1931 2155 1986 Sciendum

586 2042 767 2084 autem
794 2030 936 2099 quod
979 2028 1309 2098 exemplaria
1354 2027 1725 2082 etnendatiora
1781 2025 2003 2088 habent,
2048 2042 2066 2076 ι
2105 2024 2157 2077 in

591 2122 911 2179 Bethabara.
955 2142 974 2174 ι
1029 2121 1286 2187 Bethania
1340 2122 1485 2175 enim
1534 2136 1641 2176 non
1689 2130 1837 2173 trans
1870 2116 2157 2173 Iordanem

586 2225 692 2279 est,
728 2216 821 2270 sed
854 2230 1019 2286 prope
1051 2214 1421 2286 Hierosolyma
1457 2214 1480 2267 ?

656 2304 827 2361 Vens.
855 2306 946 2361 29.
990 2325 1009 2358 ι
1042 2304 1267 2360 Postero
1302 2306 1387 2359 die
1414 2305 1557 2360 videt
1586 2303 1823 2359 Joannes
1852 2304 2035 2359 Iesum
2070 2319 2159 2358 ve-

586 2401 826 2455 nientetu
853 2399 917 2452 ad
964 2414 1045 2468 se,
1081 2405 1133 2461 et
1177 2398 1254 2451 ait
1296 2415 1310 2451 :
1359 2398 1499 2455 Ecce
1537 2412 1705 2467 agnus
1757 2398 1845 2453 ille
1882 2398 2012 2461 Dei,
2065 2398 2158 2468 qui

590 2494 726 2550 tollit
777 2502 1053 2561 peccatum
1100 2492 1307 2547 mundi.
1350 2510 1369 2543 ι
1404 2493 1560 2560 Saepe
1596 2492 1855 2549 Dominus
1899 2492 2048 2547 venit
2093 2495 2159 2546 ad

590 2556 1016 2655 Pt'zectt'rso‘rem,
1062 2583 1271 2651 quare?
1313 2580 1412 2637 Vel
1454 2556 1674 2637 omnino
1727 2582 2159 2651 quandoquidem

587 2676 735 2735 sicut
776 2692 914 2731 unus
962 2692 1029 2742 ex
1065 2676 1248 2738 multis
1289 2684 1344 2730 et
1393 2676 1507 2744 ipse
1536 2689 1563 2726 a
1605 2672 1815 2733 Joanne
1858 2672 2163 2743 baptizatus

585 2774 752 2834 esset,
786 2783 853 2823 ne
882 2777 1072 2838 putent
1113 2766 1332 2836 quidam
1363 2768 1504 2836 quod
1528 2766 1689 2834 quasi
1722 2766 1959 2834 peccatis
1988 2766 2163 2820 obno-

587 2859 728 2923 xius,
782 2858 1062 2928 aequaliter
1110 2872 1233 2911 cum
1283 2855 1403 2910 aliis
1450 2856 1758 2925 baptizatus
1811 2856 1902 2910 sit.
1952 2856 2159 2911 ldcirco

587 2953 781 3005 iterum
819 2951 984 3016 venit,
1037 2950 1173 3005 dans
1220 2947 1416 3005 Joanni
1467 2948 1806 3003 occasionem
1857 2950 2158 3018 corrigendi

590 3046 727 3098 hanc
793 3043 1124 3111 opinionem.
1172 3038 1301 3096 Ideo
1348 3050 1401 3095 et
1450 3040 1687 3109 Baptista
1744 3041 1895 3104 dicit,
1951 3062 1969 3092 ι
2024 3043 2160 3096 Ecce

587 3152 758 3205 agnus
789 3136 903 3207 Dei,
926 3136 1015 3206 qui
1055 3133 1195 3191 tollit
1225 3143 1444 3204 peccata
1478 3132 1679 3186 mundi.
1708 3152 1726 3185 ι
1758 3132 1888 3187 Nam
1930 3137 2019 3203 qui
2054 3148 2157 3187 tam

587 3245 753 3300 purus
774 3241 876 3294 est,
911 3241 967 3285 ut
1000 3231 1227 3291 aliorum
1264 3238 1481 3296 peccata
1521 3228 1708 3287 tollere
1745 3238 1797 3283 et
1828 3228 2044 3283 abolere
2070 3246 2161 3283 va—

588 3323 715 3390 leat,
746 3323 1089 3387 manifestum
1122 3325 1260 3391 quod
1290 3339 1397 3383 non
1428 3322 1698 3391 acceperit
1732 3322 2014 3390 aequaliter
2038 3339 2159 3376 cum

584 3417 707 3472 aliis
746 3416 1108 3473 confessionis
1142 3415 1433 3483 baptisma.
1474 3413 1709 3483 Exquire
1737 3424 1916 3468 autem
1943 3414 2164 3485 diligen-

587 3508 789 3562 terltoc
815 3508 1034 3565 dictum.
1069 3526 1087 3558 ι
1123 3506 1261 3562 Ecce
1293 3521 1461 3576 agnus
1484 3506 1573 3560 ille
1604 3506 1696 3561 Dei
1734 3523 1747 3558 :
1783 3527 1803 3567 η
1834 3507 1956 3575 quia
1985 3522 2162 3563 sermo

586 3610 670 3655 est
699 3601 763 3652 ad
798 3600 1080 3669 cupientes
1123 3610 1177 3653 et
1218 3607 1525 3670 quaarentes
1563 3599 1747 3653 videre
1782 3599 1931 3653 illum
1965 3616 2161 3669 agnum

587 3694 679 3762 qui
713 3693 781 3748 ab
807 3692 939 3746 Isaia
975 3693 1261 3764 praedictus
1286 3702 1386 3746 est.
1445 3694 1605 3757 Ecce,
1643 3694 1838 3761 inquit,
1875 3710 2043 3762 agnus
2075 3692 2163 3750 ille

587 3787 676 3855 qui
723 3789 1003 3855 quaeritur,
1035 3802 1163 3841 ecce
1211 3790 1385 3852 adest.
1455 3786 1750 3842 Probabile
1778 3787 1925 3841 enim
1966 3786 2161 3858 multos

598 3880 915 3949 prophetico
987 3880 1127 3938 libro
1185 3879 1339 3943 Isaiae
1402 3882 1625 3935 edoctos
1654 3880 1970 3947 quaesivisse
2007 3879 2160 3949 quis-

588 3987 709 4025 nam
736 3973 825 4027 ille
846 3987 1017 4042 agnus
1037 3970 1638 4041 esset._lgiturloannes
1660 3973 1993 4027 demonStrat
2013 3986 2159 4030 eum.

590 4062 701 4118 Non
738 4064 877 4118 dixit
909 4074 1113 4128 antem,
1145 4079 1338 4134 agnus,
1400 4064 1494 4118 sed
1533 4063 1688 4129 dixit,
1727 4082 1744 4113 ι
1788 4063 1879 4117 ille
1905 4078 2093 4132 agnus.
2136 4080 2155 4111 ι

587 4154 721 4210 Nam
750 4156 901 4217 multi
932 4158 1147 4227 quidem
1180 4156 1324 4225 agni,
1351 4158 1490 4209 sicut
1518 4165 1573 4210 et
1605 4155 1759 4209 multi
1789 4154 1988 4210 Christi
2015 4173 2033 4211 :
2067 4157 2161 4210 sed

590 4250 679 4304 ille
732 4257 817 4303 est
860 4264 1019 4311 verus
1059 4264 1233 4315 agnus
1285 4248 1439 4318 quia
1487 4247 1633 4309 Mose
1683 4250 1963 4319 ﬁguratur,
1995 4260 2050 4303 et
2095 4250 2163 4303 ab

587 4342 722 4399 Isaia
762 4342 1093 4411 praedicitur.
1131 4341 1298 4399 Porro
1333 4357 1501 4409 agnus
1566 4341 1665 4399 Dei
1710 4342 1910 4395 dicitur
1972 4341 2158 4396 Chris-

2260 456 2481 524 τελείως
2503 453 2875 509 ἀποδαλέσθαι
2896 453 2985 506 τὸν
3016 454 3212 521 ἱμάντα
3230 452 3437 517 τοῦτον,
3455 452 3554 505 καὶ
3583 451 3647 505 τὸ
3673 451 3842 521 ἀμαρι

2258 545 2428 600 τωλὸν
2469 547 2724 617 ὑπόδημα
2750 561 2763 575 ο
2802 544 2898 596 ἐπὶ
2922 539 2979 595 δὲ
3012 542 3279 613 Χριστοῦ,
3334 544 3537 613 ἱμάντα
3576 544 3655 612 μὴ
3690 542 3838 612 εὕρε-

2262 657 2427 703 σκων,
2456 641 2572 711 ἦτοι
2603 640 2901 708 σύνδεσμον
2946 636 3243 707 ἁμαρτίας,
3285 637 3510 700 εἰκότως
3538 635 3668 689 οὐδὲ
3693 634 3841 688 λύειν

2259 732 2422 801 αὐτὸν
2442 733 2685 787 ἐδύνατο.
2716 734 2839 795 Πῶς
2865 732 2994 803 γάρ,
3021 732 3079 785 ὃν
3111 731 3208 801 οὐχ
3231 730 3523 800 εὖρισκενς
3562 751 3581 783 ι
3631 729 3842 803 Ἀμαρο

2259 824 2379 878 τίαν
2414 826 2520 893 γὰρ
2546 825 2645 887 οὐκ
2684 824 2940 894 ἐποίησεν
2963 866 2979 891 ,
3006 824 3130 879 οὐδὲ
3158 824 3359 896 εὑρέθη
3399 824 3459 877 ἐν
3488 823 3566 893 τῷ
3606 824 3839 891 στόματι

2259 917 2424 972 αὐτοῦ
2451 917 2621 981 δόλος.
2651 936 2670 969 ι
2728 917 2928 985 Ὑπόδη
2940 934 3014 987 μα
3047 917 3104 970 δὲ
3131 920 3165 988 ἡ
3198 914 3468 987 παρουσία
3495 914 3591 967 τοῦ
3630 914 3837 984 Κυρίου

2257 1015 2290 1084 η
2323 1014 2403 1075 είς
2425 1014 2572 1083 ἡμᾶς
2590 1028 2605 1043 ⁶
2637 1012 2765 1083 ίμὰς
2795 1012 2849 1067 δὲ
2872 1012 3064 1082 αὐτῆς,
3086 1012 3115 1064 6
3135 1012 3334 1081 τρόπος
3364 1010 3464 1080 τῆς
3485 1009 3842 1078 σαρκώσεως,

2260 1106 2354 1160 καὶ
2386 1105 2480 1164 τοῦ
2515 1106 2630 1169 πῶς
2665 1104 2920 1175 συνεδέθη
2958 1104 3038 1175 τῷ
3067 1102 3279 1173 σώματι
3302 1106 3329 1157 6
3353 1103 3528 1169 Λόγος
3553 1100 3652 1155 τοῦ
3683 1098 3839 1153 Θεοῦ.

2258 1198 2460 1253 Τοῦτον
2486 1196 2579 1257 οῦν
2611 1200 2704 1252 τὸν
2740 1198 2939 1266 τρόπον
2963 1197 3112 1250 λύων
3152 1197 3413 1250 ἀδύνατον
3450 1212 3464 1226 ⁸
3506 1196 3591 1257 τίς
3617 1193 3725 1266 γὰρ
3751 1193 3840 1246 δύ-

2258 1309 2416 1353 ναται
2446 1291 2603 1348 λῦσαι
2632 1291 2749 1355 πῶς
2781 1289 3038 1359 συνεδὲθη
3073 1289 3152 1357 τῷ
3186 1288 3399 1358 σώματι
3422 1287 3591 1353 Θεόςς

2336 1496 2356 1537 ι
2386 1477 2571 1531 Ταῦτα
2593 1477 2651 1530 ὲν
2677 1475 2921 1546 Βηθανίᾳ
2951 1475 3176 1543 ἐγένετο
3208 1489 3381 1543 περαν
3410 1472 3502 1525 τοῦ
3547 1470 3835 1539 Ἰορδάνου,

2256 1572 2389 1624 ὅπου
2434 1565 2502 1639 ἦν
2558 1569 2813 1637 Ἰωάννης
2878 1567 3179 1636 βαπτίζων.
3235 1566 3389 1627 Τίνος
3443 1564 3629 1617 ἕνεκεν
3663 1558 3835 1624 εἶπεν,

2258 1663 2339 1715 ὅτι
2392 1680 2410 1712 ι
2451 1660 2636 1715 Ταῦτα
2690 1663 2749 1713 ὲν
2779 1658 3019 1731 Βηθανίᾳ,
3044 1659 3289 1727 ἑγένετος
3331 1677 3348 1708 ι
3410 1658 3528 1710 Ἰνα
3560 1655 3709 1724 δείξῃ
3744 1654 3838 1724 τὴν

2262 1754 2576 1825 παρρησίαν
2628 1752 2721 1805 τοῦ
2783 1752 3019 1820 μεγάλου
3055 1752 3315 1821 κήρυκος,
3346 1750 3427 1802 ὅτι
3455 1748 3555 1800 οὐκ
3582 1748 3641 1799 ἐν
3670 1746 3834 1815 οἰκίᾳ,

2261 1845 2381 1899 οὐδὲ
2412 1846 2468 1897 ὲν
2505 1844 2697 1914 γωνίᾳ,
2752 1843 2888 1895 ἀλλά
2917 1843 3008 1895 τὸν
3058 1842 3331 1913 Ἰορδάνην
3390 1837 3733 1901 καταλαδὼν,
3784 1839 3837 1890 ἐν

2264 1937 2414 2008 μέσῳ
2442 1936 2680 2006 πλήθους
2704 1937 2878 1989 ταῦτα
2898 1934 3027 2005 περὶ
3062 1934 3298 2006 Χριστοῦ
3331 1934 3693 2003 ἀνεκήρυττε.
3722 1932 3835 2001 Χρὴ

2260 2032 2314 2091 δὲ
2351 2030 2662 2098 γινώσκειν,
2697 2030 2778 2082 ὅτι
2807 2031 2872 2082 τὰ
2900 2028 3103 2100 ἀκριϐῆ
3142 2028 3249 2081 τῶν
3300 2027 3676 2096 ἀντιγράφων,
3728 2042 3746 2074 ι
3783 2026 3838 2075 ὲν

2263 2124 2579 2195 Βηθαϐαρᾷ,
2609 2144 2627 2176 ι
2666 2124 2811 2194 ἔχει’
2853 2123 3023 2193 ἡγὰρ
3051 2122 3289 2191 Βηθανία
3348 2122 3469 2190 οὺχ).
3530 2119 3708 2190 πέραν
3748 2118 3838 2171 τοῦ

2274 2214 2557 2285 Ἰορδάνου.
2587 2215 2703 2268 ἀλλ’
2728 2214 2892 2281 ἐγγύς
2922 2231 3025 2267 που
3060 2215 3168 2266 τῶν
3208 2211 3599 2283 Ἱεροσολύμων
3634 2210 3804 2264 ἐστίν.

2337 2324 2355 2356 ι
2385 2306 2463 2374 Τῇ
2517 2304 2780 2374 ἐπαύριον
2815 2304 3001 2374 βλέπει
3038 2305 3116 2373 (a)
3147 2304 3237 2357 τὸν
3284 2302 3495 2373 Ἰησοῦν
3548 2302 3840 2372 ἐρχόμενον

2261 2399 2398 2468 πρὸς
2428 2398 2612 2462 αὑτὸν,
2646 2399 2739 2451 καὶ
2761 2397 2945 2465 λέγει’
2980 2398 3084 2451 Ἴδε
3116 2398 3144 2449 6
3174 2397 3345 2466 ἀμνὸς
3386 2395 3481 2449 τοῦ
3511 2396 3675 2459 Θεοῦ,
3707 2396 3735 2447 6
3757 2396 3840 2448 αἶ-

2266 2510 2373 2562 ρων
2405 2492 2503 2564 τὴν
2538 2490 2815 2561 ἁμαρτίαν
2843 2489 2936 2542 τοῦ
2976 2491 3205 2558 κόσμου.
3242 2508 3259 2540 ι
3298 2488 3546 2557 Συνεχῶς
3575 2488 3603 2539 6
3641 2486 3842 2556 Κύριος

2263 2584 2483 2654 ἔρχεται
2512 2582 2646 2654 πρὸς
2670 2582 2761 2635 τὸν
2779 2581 3094 2651 Πρόδρομον
3111 2597 3123 2607 ·
3139 2581 3281 2643 τίνος
3305 2580 3603 2644 ἓνεκεηΊί
3627 2579 3841 2639 πάντως

2261 2674 2449 2747 ὶπειδὴ
2477 2676 2551 2737 ὡς
2580 2668 2662 2737 εἷς
2700 2674 2810 2727 τῶν
2851 2673 3061 2727 πολλῶν
3092 2672 3393 2741 ἐϐαπτίσθη
3418 2672 3512 2725 καὶ
3546 2671 3713 2733 αὐτὸς
3742 2672 3844 2724 ὑπὸ

2275 2769 2545 2834 Ἰωάννου,
2583 2768 2671 2820 ἵνα
2704 2767 2778 2837 μὴ
2814 2765 3080 2836 νομίσωσί
3113 2781 3276 2827 τινες,
3312 2764 3392 2815 ὅτι
3439 2764 3515 2825 ὡς
3545 2760 3844 2830 ἁμαρτίαις

2262 2861 2443 2931 ἔνοχος
2462 2860 2538 2915 ὣν
2564 2859 2910 2930 ὲπίσηςῌιί),
2937 2858 3050 2921 τοῖς
3076 2856 3255 2917 ἄλλοις
3271 2855 3625 2917 ἐϐαπτίσατο,
3642 2854 3845 2921 ταύτην

2261 2953 2359 3026 τὴν
2393 2954 2647 3007 ὑπόνοιαν
2672 2950 3067 3021 διορθώσασθαι
3104 2949 3422 3020 βουλόμενος
3450 2948 3479 2999 6
3509 2945 3848 3017 Βαπτιστὴς,

2266 3047 2458 3117 φησίν·
2489 3065 2511 3097 ι
2540 3044 2687 3099 Ἱδεό
2717 3043 2890 3108 άμνδς
2920 3041 3014 3094 τοῦ
3047 3040 3206 3105 Θεοῦ,
3247 3043 3275 3095 6
3301 3041 3477 3109 αἴρων
3509 3038 3606 3089 τοῦ
3640 3039 3844 3105 κόσμου

2264 3141 2361 3207 τὴν
2394 3138 2690 3207 ἁμαρτίαν.
2730 3155 2746 3187 ι
2792 3137 2849 3189 '0
2879 3137 2986 3205 γάρ
3008 3135 3151 3189 οὓτω
3191 3122 3614 3204 κάθαρδςξῶστε
3644 3135 3742 3185 καὶ
3783 3133 3851 3186 τὰ

2264 3230 2372 3281 τῶν
2402 3228 2577 3293 ἄλλων
2609 3229 2984 3298 ἁμαρτήματα.
3012 3228 3190 3296 αἴρειν
3238 3228 3331 3280 καὶ
3368 3225 3681 3295 ἀφανίζειν,
3717 3226 3845 3295 πρό-

2263 3321 2444 3391 δηλον,
2479 3322 2559 3374 ἔτι
2587 3320 2687 3374 οὐκ
2722 3320 2789 3373 ἂν
2826 3320 2886 3373 τὺ
2913 3319 3015 3388 τῆς
3070 3319 3512 3390 ὲξομολογήσεως
3559 3319 3845 3387 βάπτισμα

2264 3414 2459 3483 ἐπίσης
2485 3416 2597 3477 τοῖς
2636 3413 2819 3477 ἄλλοις
2850 3412 3090 3479 ἐδέξατο.
3128 3413 3411 3479 Ἐξέτασον
3439 3412 3494 3465 δέ
3525 3429 3617 3481 μοι
3665 3412 3759 3466 καὶ
3787 3412 3845 3464 τι

2265 3506 2460 3577 ῥητόν·
2484 3525 2503 3557 α
2530 3507 2634 3565 Ἴδε
2659 3508 2686 3559 6
2713 3506 2883 3576 ἀμνὸς
2910 3505 3014 3559 τοῦ
3038 3505 3194 3567 Θεοῦ,
3211 3525 3229 3556 ι
3246 3505 3320 3567 ὠς
3344 3505 3480 3575 πρὸς
3510 3504 3673 3558 ἐπιθυ
3683 3504 3844 3575 μοῦν-

2262 3617 2361 3663 τας
2394 3599 2523 3653 ἰδεῖν
2551 3600 2643 3653 τὸν
2670 3599 2773 3652 ὑπὸ
2806 3600 2899 3652 τοῦ
2945 3599 3169 3654 Ἢσαῖου
3213 3598 3623 3669 κηρυττόμενον
3652 3599 3843 3669 ἀμνὸν,

2264 3695 2292 3744 6
2336 3692 2491 3759 λόγος
2542 3693 2709 3745 ἐστίν.
2748 3692 2853 3744 Ἴδε
2887 3695 2913 3745 ὁ
2944 3692 3135 3761 ἀμνὸς,
3186 3693 3373 3760 φησὶν.
3414 3693 3442 3744 ὁ
3487 3690 3843 3760 ζητούμενπ,

2264 3785 2469 3847 ἐκεῖνος
2520 3784 2743 3853 ὀίάμνὺς
2776 3785 2884 3837 ἰδοὺ
2916 3785 3201 3853 πάρεστιν.
3235 3784 3397 3846 Εἰκὸς
3450 3783 3580 3853 γάρ,
3620 3782 3845 3844 πολλοὺς

2263 3878 2328 3946 τῇ
2360 3879 2667 3947 προφητικῇ
2711 3876 2806 3928 τοῦ
2848 3876 3067 3930 Ἡσαΐου
3124 3874 3289 3945 βίϐλῳ
3337 3875 3843 3944 ἐμμελατήσαντας,

2264 3969 2449 4039 ζητεῖν
2476 3968 2556 4031 τίς
2590 3968 2656 4021 ἂν
2688 3967 2773 4037 εἴη
2806 3969 2833 4020 6
2877 3968 3067 4037 ἀμνός.
3107 3968 3165 4019 ὐ
3190 3967 3368 4021 τοίνυν
3427 3966 3683 4037 Ἰωάννης
3714 3968 3844 4023 ὑπο·

2262 4062 2535 4123 δείκνυσιν
2591 4062 2788 4115 αὐτόν·
2847 4062 2947 4117 οὐκ
3012 4056 3133 4115 εἷπε
3208 4062 3285 4125 δὲ,
3348 4061 3537 4131 ἀμνὸς,
3588 4061 3729 4126 ἀλλ’,
3768 4080 3786 4112 ι
3819 4063 3846 4115 6

2265 4156 2455 4225 ἀμνός.
2491 4174 2509 4210 ι
2545 4154 2737 4207 Πολλοὶ
2772 4155 2871 4225 μὲν
2918 4154 3029 4224 γὰρ
3063 4154 3250 4224 ἀμνοὶ,
3286 4152 3476 4225 ὥσπερ
3530 4154 3627 4206 καὶ
3663 4155 3845 4207 πολλοὶ

2266 4247 2491 4317 Χριστοί
2516 4262 2529 4275 ·
2581 4246 2695 4299 ἀλλ’
2732 4248 2764 4307 ὁ⁴
2793 4244 3045 4315 ἀληθινὸς
3095 4245 3265 4314 ἀμνᾲς
3308 4248 3335 4299 6
3367 4244 3518 4314 παρὰ
3547 4245 3723 4314 Μωπῇ
3755 4263 3846 4297 τοο

2267 4344 2559 4411 πούμενος,
2610 4340 2704 4392 καὶ
2746 4341 2896 4409 παρὰ
2955 4338 3179 4397 Ἡσαΐου
3219 4340 3647 4409 κηρυττόμενος,
3694 4334 3846 4402 οὗτός

586 4449 691 4497 tus,
748 4436 863 4489 sive
925 4437 1064 4504 quod
1096 4434 1235 4492 Deus
1268 4435 1538 4507 acceperit
1560 4445 1787 4489 mortem
1814 4436 2015 4491 Christi
2065 4451 2159 4504 pro

2266 4438 2404 4489 ἐστι.
2438 4433 2542 4487 Τοῦ
2572 4432 2705 4486 Θεοῦ
2732 4434 2787 4486 δὲ
2832 4434 3045 4501 λέγεται
3078 4434 3248 4502 ἀμνὸς
3278 4436 3305 4486 ὁ
3329 4432 3583 4502 Χριστὸς,
3617 4434 3733 4507 εἴτε,
3757 4431 3844 4486 τοῦ

588 4538 768 4581 nostra
835 4528 1048 4592 salute,
1112 4527 1227 4581 sive
1284 4528 1426 4595 quod
1503 4528 1641 4580 Deus
1672 4527 1959 4584 tradiderit
2001 4528 2152 4585 illum

586 4634 683 4685 pro
716 4618 870 4673 nobis
900 4619 967 4671 ad
1002 4627 1229 4672 mortem
1256 4636 1271 4675 :
1304 4618 1765 4691 quemadmodum
1808 4620 1992 4675 dicere
2019 4621 2161 4676 sole-

589 4728 705 4767 mus
738 4731 751 4765 :
783 4712 1123 4781 Sacriﬁcium
1161 4702 1260 4765 hoc
1288 4713 1431 4770 illius
1458 4721 1565 4776 est,
1622 4715 1721 4774 hoc
1743 4726 1847 4781 est,
1880 4714 1969 4768 ille
1997 4716 2161 4769 sacri-

586 4808 763 4861 Iieium
802 4810 902 4861 hoc
951 4805 1161 4869 obtulit.
1212 4804 1302 4857 Sic
1356 4806 1520 4873 igitur
1562 4813 1616 4859 et
1658 4806 1919 4862 Dominus
1964 4807 2159 4861 dicitur

585 4914 756 4969 agnus
784 4897 899 4961 Dei,
923 4896 1149 4965 eoqnod
1188 4894 1330 4955 Deus
1372 4895 1551 4963 Pater,
1585 4908 1804 4969 prepter
1836 4898 2157 4953 charitatem

585 5005 737 5045 suam
771 5004 897 5058 erga
928 5003 1047 5055 nos,
1076 4987 1225 5040 illum
1257 4988 1463 5043 dederit
1494 4992 1559 5045 ad
1591 5000 1843 5046 mortem.
1876 4988 1995 5045 Non
2028 4992 2161 5045 dixit

524 5126 527 5128 .
599 5090 813 5146 autem,
849 5081 951 5147 Qui
1001 5082 1226 5145 abstulit
1268 5091 1565 5154 peccatum,
1620 5082 1733 5148 sed,
1772 5104 1789 5136 ‹
1825 5082 1927 5151 Qui
1972 5082 2105 5145 tollit
2135 5102 2154 5135 ι

661 5265 705 5299 ⁸³
747 5266 848 5320 lsa.
901 5279 1019 5329 Litt,
1056 5264 1089 5320 9
1115 5262 1382 5332 cthetr.
1418 5280 1478 5330 ιι,
1503 5263 1595 5332 2‘2.

2264 4526 2399 4579 Θεοῦ
2428 4526 2501 4591 ὡς
2536 4527 2975 4597 προσδεξαμένου
3008 4526 3100 4578 τὸν
3150 4528 3243 4579 ἐπὶ
3288 4526 3535 4601 σωτηρίᾳ
3565 4516 3726 4597 ἡμῶν
3759 4524 3847 4578 θά-

2263 4637 2421 4673 νατον
2450 4619 2544 4673 τοῦ
2574 4619 2835 4690 Χριστοῦ,
2886 4620 2998 4672 εἴτε
3043 4619 3119 4683 ὡς
3159 4619 3257 4672 τοῦ
3291 4618 3427 4673 Θεοῦ
3455 4619 3640 4683 δόντος
3691 4620 3845 4675 αὑτὸν

2266 4712 2409 4781 ὑπὲρ
2440 4711 2601 4781 ἡμῶν
2646 4713 2725 4774 εἰς
2758 4712 3011 4766 θάνατον.
3051 4714 3264 4785 Ὠσπερ
3298 4706 3572 4783 εἰώθαμεν
3628 4714 3808 4783 λέγειν
3831 4730 3846 4745 ·

2268 4803 2399 4857 Τόδε
2436 4805 2495 4855 τὸ
2540 4803 2686 4874 θῦμα
2713 4803 2805 4855 τοῦ
2855 4805 3023 4868 δεῖνος
3054 4808 3222 4868 ἔστιν,
3269 4806 3392 4858 ἀντὶ
3417 4805 3548 4860 τοῦ·
3592 4808 3655 4860 Ὀ
3707 4807 3848 4861 δεῖνα

2268 4896 2427 4947 τοῦτο
2458 4896 2812 4966 προσήγαγεν
2836 4913 2848 4925 ·
2882 4895 3054 4960 οὕτως
3089 4895 3181 4950 οῦν
3208 4897 3301 4949 καὶ
3339 4899 3367 4951 6
3398 4898 3605 4968 Κύριος
3634 4898 3848 4969 λέγεται

2269 4989 2437 5058 ἀμνὸς
2488 4988 2579 5040 τοῦ
2615 4987 2773 5053 Θεοῦ,
2825 4988 2901 5053 ὠς
2948 4989 3042 5041 τοῦ
3073 4988 3208 5042 Θεοῦ
3265 4989 3362 5043 καὶ
3393 4991 3610 5061 [ἰατρὸς
3638 4992 3729 5047 διὰ
3754 4993 3849 5062 τὴν

2270 5079 2407 5149 πρὸς
2434 5080 2581 5149 ἡμᾶς
2628 5079 2849 5151 ἀγάπην
2906 5079 3085 5144 δόντος
3138 5079 3305 5149 αὑτὸν
3351 5081 3433 5144 είς
3469 5080 3688 5155 σφαγὴν
3718 5080 3847 5151 ὑπὲρ

1565 5409 1656 5470 Ex
1693 5408 2038 5469 collatione
2076 5407 2264 5475 codd.
2298 5409 2522 5469 Venet.
2554 5410 2615 5471 S.
2652 5408 2872 5489 Marci.

661 5536 773 5600 (Μ’)
798 5533 968 5587 Codd.
994 5534 1063 5587 96
1082 5544 1132 5585 et
1153 5535 1221 5590 50
1251 5534 1329 5587 sic
1356 5552 1366 5583 :
1396 5532 1624 5599 Ἐπίσης
1654 5536 1764 5592 τοῖς
1806 5532 1981 5594 ἄλλοις
2040 5532 2169 5583 ἐϐα-

590 5606 839 5667 nisaee.
872 5604 970 5657 Διά
993 5604 1151 5657 τοῦτο
1196 5604 1359 5657 πάλιν
1383 5603 1603 5673 ἔρχεται
1636 5604 1809 5665 διδοὺς
1838 5602 1915 5672 τῷ
1944 5603 2167 5673 Ἰωάννῃ

2277 5534 2481 5655 Eat-31m
2506 5534 2602 5618 τὴν
2627 5534 2883 5656 ὑπόνοιλαν
2915 5532 3336 5603 διορθώσασθαι.
3370 5534 3464 5587 Διὸ
3506 5536 3601 5590 καί
3628 5556 3784 5609 φησιν
3814 5539 3841 5593 6

2324 5622 2611 5656 απτιστττς.
2642 5624 2693 5656 κ.
2718 5622 2767 5656 τ.
2843 5646 2856 5656 .

2324 5622 2611 5674 απτιστης,
2642 5624 2693 5657 κ.
2718 5622 2767 5658 τ.
2807 5622 2856 5660 Α.

667 5725 738 5791 (a)
775 5722 827 5792 lu
864 5733 1009 5783 textu
1042 5725 1194 5782 deest
1225 5726 1249 5779 ὁ
1292 5722 1561 5790 Ἰωάννης,
1611 5725 1687 5778 ttti
1727 5726 1777 5779 in
1823 5724 1942 5778 alii:
1983 5723 2261 5789 codicibus
2294 5727 2429 5797 apud
2463 5723 2620 5778 Joan.
2661 5722 2883 5791 Militum
2912 5723 2978 5779 ad
3017 5722 3155 5779 hunc
3185 5721 3385 5796 locum.
