4100 6334
232 370 376 437 1173
964 362 1065 424 EN
1070 357 1413 423 ARRATIO
1452 357 1534 418 IN
1578 352 1851 418 EVANG]

1961 350 2087 414 LUM
2125 349 2472 414 JOANNIS.
2509 372 2582 388 ·-
2619 348 2783 409 CAP.
2823 347 2875 407 Ι.
3424 339 3561 405 1174

228 484 420 556 ἡμῶν.
453 482 569 536 Οὐκ
591 476 713 535 εἶπε
738 479 814 543 δὲ,
842 478 868 529 6
899 476 1038 547 ἄρας
1064 473 1161 544 τὴν
1212 447 1513 543 ἁμαρτίαν,
1569 465 1711 531 ἀλλ’,
1753 483 1772 515 ι
1802 464 1831 516 6

1961 477 1992 515 ιι
2043 462 2297 531 praesenti
2349 467 2576 531 peccata
2634 468 2846 514 nostra.
2891 451 3364 535 Quotidiol525
3409 457 3554 510 enim

228 547 436 649 αῖρωνο
472 596 489 629 ι
551 572 674 627 καθ’
740 569 981 641 ἑκάστην
1026 568 1137 639 γὰρ
1197 566 1345 639 αἴρει
1400 562 1503 625 τὰς
1559 557 1844 632 ἁμαρτίας

1961 557 2087 611 lollit
2138 566 2363 626 peccata
2411 564 2623 619 nostra,
2669 547 2725 607 et
2760 551 3000 606 aliorum
3050 547 3275 619 quidem
3337 563 3434 620 per
3473 550 3563 603 ba-

225 670 421 741 ⁸1η.ι.ι.”ἶ›ι.ι,
480 668 582 732 τὰς
643 666 744 737 μὲν
802 662 890 717 διὰ
946 662 1041 715 τοῦ
1076 660 1481 732 βαπτίσματος,
1513 654 1614 717 τὰς
1654 652 1711 706 δὲ
1756 649 1847 704 διὰ

229 759 553 832 μετανοίας.
592 756 704 811 Καὶ
729 754 901 825 οἱμὲν
938 752 1196 822 θυόμενοι
1230 752 1285 803 ὲν
1318 753 1386 822 τῇ
1419 747 1643 817 Παλαιᾷ
1656 744 1843 816 ἀμνοὶ,

222 854 452 915 οὐδενὸς
508 849 788 921 ἁμαρτίας
840 844 1127 909 παντελῶς
1186 842 1552 914 ἐξηφάνιζον·
1601 832 1759 901 οὗτος
1790 837 1846 891 δὲ

227 946 329 1000 τοῦ
366 944 577 1012 κόσμου
608 940 813 1004 παντὸς
860 940 959 1009 τὴν
1007 938 1287 1009 ἁμαρτίαν
1335 935 1505 1007 αἴρει,
1564 933 1847 987 τουτέστιν

228 1031 515 1101 ἀφανίζει,
549 1033 613 1084 ἐκ
647 1030 813 1100 μέσου
835 1031 1001 1083 ποιεῖ.
1035 1027 1194 1091 Τίνος
1225 1028 1283 1082 δὲ
1313 1027 1503 1080 ἕνεκεν
1530 1025 1633 1078 οὐκ
1665 1020 1843 1088 εἶπεν,

225 1124 517 1195 ἁμαρτὲςς
546 1140 558 1152 ·
595 1121 735 1189 ἀλλ’,
803 1141 821 1175 ι
862 1121 1183 1192 ἀμαρτίανς
1223 1140 1240 1171 ι
1289 1122 1443 1191 Τάχα
1479 1120 1578 1191 μὲν
1613 1120 1704 1171 καὶ
1758 1116 1847 1171 διὰ

226 1216 332 1270 τοῦ
364 1236 381 1269 ι
421 1216 723 1287 ἁμαρτίαν,
765 1234 784 1265 ι
824 1215 1031 1278 εἰπεῖν,
1078 1214 1388 1277 καθολικῶς
1429 1209 1608 1281 εἴπεν,
1656 1212 1847 1285 ὥσπερ

228 1310 515 1377 εἰώθαμεν
547 1308 755 1377 λέγειν,
804 1309 887 1362 ὅτι
920 1308 1134 1378 ἀπέστη
1156 1309 1184 1361 6
1217 1307 1526 1387 ἄνθρωπος,
1561 1302 1684 1361 ἀντὶ
1728 1306 1847 1373 τοῦ,

228 1406 395 1460 πᾶσα
429 1406 462 1475 ἡ
485 1402 848 1473 ἁνθρωπότης
872 1402 982 1457 ἀπὸ
1012 1402 1149 1457 Θεοῦ
1172 1418 1186 1431 ⁸
1215 1401 1409 1469 οὕτως,
1433 1399 1529 1456 οὖν
1562 1403 1851 1459 κάνταῦθα

228 1501 338 1572 τὴν
374 1498 651 1571 ἁμαρτίαν
681 1497 871 1559 είπὼν,
904 1498 1087 1562 πάσας
1104 1496 1202 1561 τὰς
1244 1498 1525 1568 ἁμαρτίας
1554 1498 1845 1569 ἐδήλωσεν

228 1591 378 1661 τάχα
397 1589 478 1653 δὲ,
513 1588 637 1642 ἐπεὶ
669 1587 1034 1658 παρακούσας
1066 1590 1093 1641 6
1124 1587 1417 1659 ἄνθρωπος
1446 1587 1542 1641 τοῦ
1576 1588 1736 1654 Θεοῦ,
1767 1590 1849 1651 είς

232 1685 305 1737 τὰ
337 1683 487 1754 πάθη
520 1680 975 1751 ὲξετραχηλίσθη,
1039 1683 1071 1751 ὴ
1119 1682 1366 1754 ἁμαρτία
1416 1682 1510 1736 τοῦ
1568 1683 1849 1754 κόσμουή

233 1774 500 1847 παρακοὴ
530 1770 619 1846 ἧν,
651 1777 719 1845 ἣν
751 1776 815 1827 ὲκ
846 1775 1015 1845 μέσου
1052 1768 1189 1845 ἦρεν
1221 1774 1249 1827 6
1284 1774 1511 1847 Κύριος,
1552 1775 1848 1845 γενόμενος

236 1858 487 1939 ὑπήκοος
517 1868 681 1939 μέχρι,
711 1866 973 1932 θανάτου,
1016 1868 1107 1922 καὶ
1138 1868 1199 1921 τὸ
1233 1868 1478 1921 ἐναντίον
1508 1868 1588 1939 τῷ
1614 1867 1847 1937 ἐναντίῳ

239 1960 567 2031 ἰασάμενος.

316 2072 341 2104 ι
369 2046 543 2115 Οὗτός
571 2053 693 2109 tam
727 2054 857 2124 περὶ
887 2046 950 2107 οὗ
981 2051 1095 2122 ιγὼ
1129 2048 1284 2106 εἷπον
1312 2074 1325 2085 υ
1376 2054 1582 2107 Ὀπίσω
1619 2072 1720 2125 μου
1752 2054 1846 2124 ἕρ-

234 2160 395 2215 χιται
424 2144 585 2216 ἀνὴρ,
617 2145 680 2209 ὃς
709 2145 1027 2217 ἔμπροσθέν
1071 2164 1176 2216 μου
1225 2147 1472 2215 γέγονεν,
1510 2149 1593 2201 ὃτι
1624 2148 1847 2219 πρῶτός

236 2254 347 2307 μου
378 2232 469 2308 ἦν.
508 2256 527 2291 ι
569 2238 717 2291 ’Δνω
748 2238 848 2308 μὲν
881 2240 994 2303 τοῖς
1030 2239 1142 2293 ἀπὸ
1165 2240 1277 2293 τῶν
1305 2241 1625 2312 Φαρισαίων
1654 2240 1846 2296 ὲλθοῦ-
1889 2255 1893 2259 ‘

235 2346 327 2382 σιν
358 2328 387 2381 6
424 2327 681 2398 Ἰωάννης
715 2318 924 2401 ἔλεγεν,
950 2332 1035 2385 ὅτι
1067 2350 1086 2385 ι
1115 2332 1295 2395 Μέσος
1323 2333 1477 2403 ὑμῶν
1501 2333 1758 2405 ἕστηκεν,
1789 2333 1849 2388 ὃν

234 2420 401 2491 ὑμεῖς
433 2423 532 2476 οὐκ
560 2422 740 2475 οἴδατε
763 2462 779 2488 ,
834 2422 894 2487 ὃς
944 2422 1259 2495 εμπροσθέν
1293 2443 1394 2496 μου
1418 2426 1612 2497 γέγονε
1633 2446 1647 2460 ·
1691 2449 1708 2480 ο
1752 2430 1848 2482 νῦν

231 2511 292 2567 δὲ
348 2512 443 2566 καὶ
493 2514 933 2569 δακτυλοδεικτεῖ
992 2516 1177 2579 αὐτὸν,
1240 2518 1337 2570 καὶ
1394 2520 1689 2589 ἐμφανίζει
1733 2524 1850 2586 τοῖς

233 2606 549 2674 ἀγνοοῦσιν.
604 2602 775 2671 Οὗτος
806 2609 1018 2673 ἐκεῖνός
1050 2610 1165 2663 ἐστι
1200 2612 1329 2682 περὶ
1360 2606 1422 2665 οὗ
1470 2614 1846 2684 ἐμαρτύρουν,

235 2697 376 2769 φησι
426 2698 563 2767 πρὸς
596 2700 724 2763 τοὺς
751 2700 1107 2770 Φαρισαίους,
1164 2703 1246 2756 ὅτι
1277 2704 1591 2776 ἔμπροσθέν
1624 2726 1726 2778 μου
1758 2710 1853 2777 γέ-

112 2852 119 2855 μ
234 2790 561 2857 γονεν,ἀντὶ
587 2790 707 2856 τοῦ,
744 2794 1161 2865 ἑπισημὸτερός
1195 2813 1299 2866 μου
1336 2798 1435 2851 καὶ
1477 2799 1847 2871 ἐντιμότερος.

1950 652 2231 719 ptismum,
2264 648 2498 702 aliorum
2527 655 2712 701 autem
2768 660 2864 714 per
2897 643 3308 712 paenitentiam.
3341 642 3406 697 Et
3438 643 3562 713 agni

1950 744 2173 814 quidem
2224 744 2318 812 qui
2372 741 2426 797 in
2468 739 2641 796 veteri
2691 739 2812 808 lege
2866 737 3317 802 immolabantur,
3355 736 3563 791 nullius

1952 849 2237 909 peccatum
2297 835 2523 891 omnino
2582 831 2877 890 abolebant
2934 849 2948 887 :
3009 831 3103 886 hic
3148 840 3331 885 autem
3391 829 3563 885 totius

1958 931 2147 987 mundi
2198 940 2485 1000 peccatum
2536 928 2677 992 tollit
2714 945 2744 983 e
2782 926 2961 983 medio
3018 934 3075 980 et
3126 922 3333 979 abolet.
3381 922 3564 989 Quare

1953 1036 2137 1080 autem
2166 1040 2272 1080 non
2302 1022 2461 1088 dixit,
2498 1010 2767 1087 Peccata,‘
2787 1020 2902 1086 sed,
2943 1037 2961 1071 ι
2998 1014 3336 1074 Peccatum?
3372 1033 3390 1066 ι
3426 1012 3562 1070 For-

1955 1132 2098 1173 tasse
2123 1118 2341 1186 quidem
2368 1132 2463 1187 per
2496 1115 2599 1170 hoc
2627 1116 2769 1183 quod
2794 1112 2924 1169 dicit
2954 1120 3265 1183 peccatum,
3291 1110 3342 1164 in
3368 1123 3567 1177 genere

1954 1211 2092 1266 dixit
2128 1220 2182 1265 et
2224 1210 2290 1263 de
2327 1207 2603 1263 domibus.
2642 1204 2799 1261 Sicut
2844 1205 2993 1261 enim
3041 1204 3227 1259 dicere
3278 1201 3563 1258 solemus:

1956 1302 2171 1359 Defecit
2199 1304 2385 1370 homo,
2436 1300 2539 1356 hoc
2575 1310 2660 1356 est
2698 1300 2880 1355 omnis
2919 1297 3262 1362 humanitas,
3310 1310 3341 1350 a
3385 1294 3499 1350 Deo
3547 1310 3563 1349 :

1954 1398 2028 1452 ita
2060 1405 2113 1453 et
2145 1396 2249 1451 hoc
2276 1396 2397 1453 loco
2430 1396 2617 1450 dicens
2655 1413 2673 1447 ι
2715 1400 3031 1465 peccatum,
3076 1410 3095 1445 ι
3129 1389 3311 1446 omnia
3343 1397 3565 1461 peccata

1954 1490 2307 1563 significavit.
2351 1489 2630 1546 Fortassis
2672 1497 2898 1549 autemr
2926 1487 3056 1557 quia
3107 1482 3427 1539 inobediens
3465 1480 3572 1537 fuit

1958 1583 2126 1637 homo
2161 1582 2273 1637 Deo
2294 1623 2308 1647 ,
2343 1592 2399 1638 et
2430 1583 2483 1636 in
2518 1581 2700 1637 varias
2743 1579 3064 1635 aﬂ'ectiones
3096 1576 3293 1633 incidit
3326 1594 3340 1632 :
3371 1591 3568 1647 pecca-

1960 1687 2072 1731 tum
2107 1675 2298 1731 mundi
2354 1674 2723 1732 inobedientia
2752 1674 2876 1740 fuit,
2920 1689 3083 1743 quam
3109 1688 3142 1728 e
3170 1672 3352 1727 medio
3382 1672 3570 1726 abstu-

1957 1769 2016 1824 lit
2054 1769 2345 1836 Dominus,
2379 1770 2567 1826 -faetus
2604 1770 2869 1826 obediens
2904 1769 3183 1839 usqueuad
3232 1776 3468 1823 mortem
3496 1766 3568 1833 ",

1954 1874 2007 1919 et
2035 1864 2375 1921 contrarium
2413 1864 2695 1921 contrario
2730 1878 2964 1920 sanans.

2028 2048 2193 2114 Vsus.
2230 2048 2321 2104 '50.
2374 2068 2392 2101 ι
2432 2047 2533 2105 Hic
2559 2058 2646 2105 est
2697 2049 2764 2104 de
2806 2062 2915 2119 quo
2948 2062 3051 2119 ego
3097 2046 3389 2103 dicebam:
3440 2045 3572 2102 Post

1953 2158 2043 2199 me
2070 2143 2223 2198 venit
2262 2142 2381 2210 vir,
2410 2142 2505 2213 qui
2535 2150 2665 2197 ante
2716 2155 2804 2197 me
2837 2138 3017 2196 factus
3062 2150 3167 2206 est,
3232 2140 3361 2212 quia
3404 2139 3559 2210 prior

1955 2253 2042 2295 me
2066 2247 2211 2293 erat.
2253 2256 2272 2291 ι
2319 2237 2587 2307 Superius
2617 2236 2840 2309 quidem
2871 2236 2936 2290 iis
2960 2235 3051 2305 qui
3085 2250 3113 2288 a
3145 2233 3441 2290 Pharisaeis
3473 2248 3572 2289 ve-

1954 2338 2171 2396 nerant,
2219 2326 2459 2383 Joannes
2505 2327 2771 2383 dicebat:
2824 2346 2841 2379 ι
2890 2324 3100 2381 Medius
3139 2334 3385 2381 vestrum
3438 2334 3569 2390 stat,

1954 2437 2115 2493 quem
2145 2422 2396 2485 nescitis,
2426 2422 2518 2490 qui
2548 2429 2675 2476 ante
2714 2434 2800 2474 me
2830 2419 3007 2475 factus
3031 2428 3114 2473 est
3147 2436 3161 2473 ;
3201 2437 3220 2469 ι
3262 2432 3404 2472 nunc
3438 2433 3571 2474 vero

1952 2513 2118 2567 etiam
2145 2511 2316 2580 digito
2357 2510 2602 2566 ostendit
2633 2510 2809 2574 illum,
2843 2514 2898 2563 et
2943 2506 3267 2562 manifestat
3303 2508 3568 2577 ignoran-

1957 2607 2123 2661 tibus.
2210 2604 2309 2661 Hic
2365 2614 2449 2661 est
2491 2605 2581 2660 ille
2647 2604 2712 2659 de
2766 2618 2878 2675 quo
2954 2602 3312 2669 testiﬁcabar,
3396 2602 3575 2672 inquit

1954 2697 2270 2766 Pharisatls,
2361 2698 2504 2768 quod
2579 2706 2706 2752 ante
2747 2712 2835 2752 me
2905 2696 3086 2752 factus
3130 2695 3222 2761 sit,
3310 2695 3414 2751 hoc
3455 2704 3564 2760 est,

1958 2792 2177 2864 dignior
2221 2809 2307 2849 me
2340 2802 2395 2849 et
2440 2792 2729 2863 insignior.
2772 2790 2999 2859 Quare?
3030 2810 3049 2842 ι
3088 2789 3228 2857 Quia
3281 2790 3433 2860 prior
3486 2805 3574 2845 me

237 2884 431 2951 Διατίς
473 2904 493 2938 ι
525 2885 649 2939 Ὅτι
680 2888 902 2969 πρῶτός
934 2906 1036 2959 μου
1066 2885 1157 2962 ἦν.
1197 2910 1216 2943 ι
1260 2892 1486 2957 Ἀκουε,
1511 2895 1720 2966 Ἀρειε,
1750 2898 1851 2955 οὐκ

1967 2894 2107 2940 erat.
2152 2905 2172 2938 ι
2206 2884 2368 2950 Audi,
2395 2884 2513 2952 Διὶ,
2542 2899 2648 2941 non
2677 2884 2837 2951 dixit,
2866 2883 3026 2937 Prior
3049 2898 3140 2938 me
3180 2882 3437 2937 conditus
3465 2890 3571 2948 est,

237 2974 419 3045 εἶπεν,
451 2978 534 3032 ὃτι
571 2980 798 3051 Πρῶτός
855 3000 958 3052 μου
1013 2984 1263 3056 ἐκτίσθη,
1322 2984 1439 3039 ἀλλ’
1500 3008 1517 3039 ι
1558 2989 1641 3041 ὅτι
1701 2985 1790 3061 ἦν.
1827 3010 1844 3041 ι

1961 2980 2074 3046 sed,
2114 2998 2132 3032 ι
2172 2990 2311 3035 erat.
2363 2999 2381 3032 ι
2418 2980 2558 3035 Audi
2596 2988 2647 3034 et
2680 2992 2758 3046 tu,
2803 2978 2958 3033 Pauli
3015 2975 3365 3033 Satuosateni
3400 2986 3574 3042 secta,

243 3068 452 3124 'Axoua
488 3070 605 3136 καὶ,
639 3072 670 3142 ἡ
702 3072 798 3126 τοῦ
831 3073 1197 3143 Σαμοσατέως
1248 3077 1479 3145 φατρία,
1508 3081 1589 3133 ὅτι
1616 3082 1716 3134 οὐκ
1744 3082 1851 3149 ἀπὸ

1961 3075 2103 3146 quod
2147 3090 2253 3128 non
2286 3090 2315 3129 a
2354 3073 2522 3129 Maria
2557 3089 2680 3129 esse
2721 3074 2955 3144 coeperit
2988 3071 3277 3136 Dominus,
3308 3072 3402 3127 sed
3435 3069 3578 3126 Prae-

241 3163 466 3234 Μαρίας
492 3162 697 3235 ἧρξατο
737 3164 831 3219 τοῦ
862 3165 1003 3221 εἶναι
1034 3170 1061 3221 6
1088 3167 1318 3239 Κύριος,
1369 3171 1509 3225 ἀλλὰ
1538 3174 1759 3243 πρῶτος
1786 3171 1851 3246 ἦν

1963 3184 2193 3225 cursore
2238 3169 2389 3238 prior
2428 3168 2592 3222 fuerit
2645 3168 2946 3223 secundum
2996 3166 3362 3223 substantiam
3393 3181 3573 3231 suam,

236 3256 337 3311 τοῦ
374 3256 715 3328 Προδρὸμου,
746 3259 888 3313 κατὰ
908 3258 1009 3332 τὴν
1043 3261 1378 3332 προαιώνιον
1406 3264 1665 3335 ὕπαρξιν.
1695 3267 1850 3320 Ἐπεὶ

238 3350 362 3416 ἐὰν,
388 3351 462 3412 ὡς
502 3352 665 3421 ὑμεῖς
700 3352 1017 3424 φλυαρεῖτε,
1074 3355 1185 3409 ἀπὸ
1220 3357 1443 3428 Μαρίας
1474 3360 1651 3431 ἀρχὴν
1688 3361 1851 3415 ἔλαϐε

236 3444 339 3498 τοῦ
374 3440 516 3498 εἶναι
558 3447 585 3498 6
622 3445 849 3515 Κύριος,
880 3446 1000 3512 πῶς
1030 3443 1099 3519 ἦν
1120 3447 1338 3520 πρῶτος
1370 3450 1464 3504 τοῦ
1496 3453 1848 3524 Προδρόμου;

238 3529 416 3601 υῦτος
442 3538 550 3609 γάρ
571 3556 654 3593 τοι
682 3540 965 3611 προδήλως
992 3540 1052 3605 ἒξ
1083 3542 1219 3614 μησὶ
1239 3548 1498 3615 προτερεῖ
1518 3546 1615 3598 τοῦ
1641 3549 1852 3614 Κυρίου

239 3630 390 3685 κατὰ
421 3632 524 3703 τὴν
553 3634 611 3685 ὲν
644 3634 810 3704 σαρκὶ
837 3634 1116 3705 γέννησιν.
1168 3636 1333 3708 Ἀνὴρ
1355 3638 1412 3691 δὲ
1440 3638 1660 3705 λέγεται
1682 3643 1710 3695 6
1740 3642 1854 3695 K6-

240 3742 382 3796 ριος,
408 3727 549 3797 τάχα
581 3726 682 3797 μὲν
710 3729 803 3781 καὶ
835 3728 922 3781 διὰ
945 3729 1005 3782 τὸ
1040 3729 1137 3801 τῆς
1174 3730 1392 3802 ἡλικίας
1410 3733 1621 3787 τέλειον
1647 3752 1660 3764 ·
1695 3753 1853 3807 τρια-

242 3820 542 3888 κονταετὴς
574 3821 691 3891 γὰρ,
734 3820 1071 3876 ὲϐαπτίσατο
1096 3840 1109 3853 ·
1143 3824 1285 3896 τάχα
1328 3825 1383 3878 δὲ
1417 3826 1511 3880 καὶ
1562 3828 1638 3892 ὡς
1670 3830 1854 3901 πάσῃς

239 3909 427 3980 ψυχῆς
449 3912 610 3982 ἀνὴρ,
642 3914 737 3967 καὶ
770 3913 872 3985 τῆς
917 3916 1252 3988 Ἐκκλησίας
1281 3922 1537 3989 νυμφίος.
1578 3942 1595 3973 ι
1638 3923 1853 3994 ’Πρμο-

244 4004 433 4072 σαμην
471 4004 603 4076 γὰρ,
638 4004 805 4075 φησιν
835 4011 861 4059 6
894 4008 1128 4074 Παῦλος,
1168 4012 1313 4082 ὑμᾶς
1355 4014 1437 4065 ἑνὶ
1469 4015 1625 4084 ἀνδρὶ
1672 4033 1854 4086 παραυ

244 4094 469 4165 στῆσαι,
499 4116 517 4149 ι
551 4097 629 4168 τῷ
660 4100 884 4172 Χριστῷ
905 4101 1130 4173 δηλαδή.
1150 4104 1320 4175 Φησὶν
1347 4105 1439 4160 οὖν
1463 4110 1491 4161 6
1510 4110 1850 4182 Πρόδρομος,

239 4188 328 4242 ὅτι
361 4186 505 4257 Ἐγὼ
540 4190 639 4259 μέν
686 4193 803 4261 εἰμι.
850 4194 879 4246 6
909 4198 1287 4267 νυμφαγωγὸς
1326 4201 1417 4254 καὶ
1465 4203 1811 4275 προξενητής
1837 4222 1850 4236 ⁸

238 4283 462 4353 ἔρχεται
494 4284 550 4337 δὲ
592 4284 771 4339 ὀπίσω
805 4304 907 4358 μου
943 4289 971 4341 6
1007 4291 1171 4363 ἁνήρ.
1209 4292 1353 4362 Ἐγὼ
1384 4295 1493 4362 γὰρ
1545 4298 1853 4369 ὲιρέλκομαι

240 4376 343 4440 τὰς
372 4376 553 4449 ψυχὰς
602 4380 743 4450 πρὸς
771 4381 870 4454 τὴν
920 4386 1000 4448 είς
1031 4387 1270 4457 Χριστὸν
1324 4389 1513 4445 πίστιν
1536 4410 1550 4423 ·
1599 4394 1763 4457 αὐτὸς
1796 4395 1854 4449 δέ

240 4472 396 4526 ἐστιν
426 4474 456 4526 6
484 4475 647 4547 ἀνὴρ,
681 4477 707 4530 6
733 4478 962 4544 ταύταις
1004 4482 1217 4551 μέλλων
1244 4484 1615 4558 ἁρμοσθῆναι.

326 4673 345 4705 t
372 4654 545 4725 Κάγὼ
591 4659 693 4713 οὐκ
744 4661 895 4733 ᾔδειν
931 4662 1096 4716 αὐτόν
1126 4681 1139 4695 ο
1180 4666 1297 4720 ἀλλ’
1332 4668 1418 4723 ἵνα
1456 4673 1747 4743 φανερωθῇ
1782 4673 1859 4745 τῷ

254 4745 503 4821 Ἰσραὴλ,
526 4750 615 4805 διὰ
643 4752 806 4807 τοῦτο
834 4750 999 4826 ἦλθον
1028 4756 1139 4827 ἐγὼ
1163 4760 1221 4812 ὲν
1256 4761 1334 4833 τῷ
1361 4762 1518 4817 ὕδατι
1548 4766 1857 4835 βαπτίζων.

244 4841 359 4895 Καὶ
389 4842 776 4924 ἐμαρτύρησεν
828 4848 855 4900 6
902 4848 1161 4921 Ἰωάννης
1192 4852 1394 4922 λέγων,
1450 4858 1534 4911 ὅτι
1571 4858 1859 4929 Τεθέαμαι

239 4934 305 4985 τὸ
334 4934 562 5007 Πνεῦμα
590 4938 921 4993 καταϐαῖνον
962 4940 1097 4995 ὡσεὶ
1124 4949 1464 5019 περιστερὰν
1496 4950 1565 5015 ἐξ
1596 4952 1855 5023 οὐρανοῦ,

240 5030 342 5080 καὶ
366 5027 587 5096 ἔμεινεν
634 5032 725 5084 ἐπ’
754 5033 941 5101 αὑτὸν,
981 5037 1081 5090 καὶ
1131 5038 1231 5092 οὐκ
1262 5041 1414 5112 ᾔδειν
1446 5045 1612 5098 αὐτόν
1639 5064 1652 5077 ο
1685 5047 1802 5100 ἀλλ’
1832 5051 1861 5102 6

221 5118 471 5190 ,πέμψας
506 5140 571 5192 με
623 5123 911 5194 βαπτίζειν
952 5130 1011 5182 ἐν
1047 5129 1223 5194 ὕδατι,
1284 5134 1494 5199 ἐκεῖνός
1529 5154 1619 5207 μοι
1652 5135 1809 5193 εἶπεν
1835 5158 1846 5170 ⁸

256 5214 376 5284 Ἐφ’
407 5215 466 5269 ὂν
498 5217 565 5271 ἃν
590 5218 704 5293 ἴδῃς
731 5221 792 5275 τὸ
821 5222 1045 5295 Πνεῦμα
1072 5228 1406 5283 καταόαῖνον
1439 5233 1533 5285 καὶ
1568 5234 1731 5302 μένον
1762 5236 1851 5288 ἐπ’

240 5310 433 5378 αὐτὸν,
460 5304 617 5377 οὗτός
653 5316 807 5370 ἐστιν
860 5320 888 5371 6
943 5317 1227 5388 βαπτίζων
1262 5325 1320 5377 ὲν
1358 5325 1645 5397 Πνεύματι
1683 5331 1848 5402 ἁγίῳ.

243 5404 421 5471 Κάγὼ
446 5404 695 5476 ἑώρακα,
724 5410 819 5463 καὶ
865 5414 1298 5486 μεμαρτύρηκα,
1341 5419 1355 5461 ἱ
1409 5430 1425 5471 ι
1452 5414 1608 5484 οὗτός
1645 5424 1797 5476 ἐστιν
1826 5427 1853 5477 ὁ

247 5497 379 5561 Υἱὸς
411 5498 507 5552 τοῦ
541 5501 699 5557 Θεοῦ.
746 5523 764 5557 ›
843 5505 1061 5577 Ἐπειδὴ
1098 5509 1371 5583 συγγενὴς
1414 5508 1482 5584 ἦν
1514 5514 1607 5567 τοῦ
1639 5518 1847 5588 Κυρίου

241 5593 272 5645 6
302 5591 618 5663 Πρόδρομος
656 5613 670 5625 ·
712 5597 844 5667 φησί
875 5599 983 5670 γὰρ
1014 5601 1040 5652 6
1071 5602 1307 5670 ἄγγελος
1357 5605 1493 5670 πρὸς
1550 5612 1653 5674 τὴν
1701 5611 1850 5681 Παρ-

242 5683 445 5750 θένον,
507 5687 589 5740 ὅτι
655 5707 673 5739 t
736 5690 867 5746 Ἰδοὺ
932 5695 964 5764 ή
1047 5698 1315 5767 συγγενής
1388 5717 1480 5751 σου
1560 5703 1842 5757 Ἧλισάὅετ

324 5866 374 5901 ⁸⁸
410 5866 548 5923 Phil.
576 5884 633 5936 II,
672 5873 723 5927 8.
806 5874 845 5905 ⁸⁷
886 5873 924 5927 ll
975 5876 1099 5932 Cur.
1140 5893 1210 5942 .\I,
1250 5879 1299 5933 :2.
1386 5880 1450 5913 "-
1493 5884 1537 5914 δ’
1566 5880 1697 5939 Luc.
1733 5898 1769 5943 ι,
1802 5884 1890 5938 56.

1956 3278 2121 3334 quam
2156 3272 2279 3317 ante
2307 3262 2505 3318 saecula
2545 3263 2757 3328 habuit,
2796 3262 3058 3333 quoniam
3095 3262 3165 3331 si,
3208 3262 3575 3333 quemadmo-

1957 3356 2087 3411 dum
2130 3371 2229 3411 vos
2261 3356 2566 3425 nugamini,
2620 3355 2885 3412 Dominus
2938 3372 2967 3410 a
2999 3355 3171 3411 Maria
3205 3355 3419 3411 initium
3464 3370 3579 3411 suae

1956 3450 2276 3505 substantite
2298 3450 2712 3522 assumpsissct,
2735 3451 3011 3521 quomodo
3039 3453 3185 3521 prior
3206 3450 3397 3507 fuisset
3433 3450 3548 3506 Prae
3566 3480 3579 3492 -

1958 3543 2228 3599 cursore?
2272 3543 2487 3600 Etenim
2512 3543 2831 3601 Praecursor
2860 3543 3153 3601 manifeste
3175 3561 3270 3601 sex
3300 3544 3580 3601 mensibus

1958 3634 2256 3691 antecessit
2293 3635 2585 3690 Dominum
2609 3635 2769 3705 juxta
2800 3637 3142 3697 nativitatem
3174 3638 3225 3691 in
3254 3652 3441 3692 carne.
3484 3636 3580 3693 Vir

1964 3740 2148 3782 autem
2196 3728 2401 3781 dicitur
2429 3726 2723 3793 Dominus,
2778 3726 3034 3785 fortassis
3089 3739 3312 3799 propter
3358 3738 3578 3785 (etatem

1958 3818 2283 3889 perfectam,
2335 3820 2594 3889 quoniam
2672 3820 2896 3891 triginta
2960 3835 3233 3876 annorum
3287 3832 3407 3876 erat
3454 3838 3578 3877 cum

1960 3914 2366 3984 baptizaretur.
2395 3914 2674 3971 Fortassis
2698 3925 2879 3970 autem
2915 3916 3057 3984 quod
3091 3924 3145 3970 et
3172 3918 3351 3972 ntunis
3383 3919 3579 3979 anima:

1960 4010 2045 4061 vir
2076 4008 2167 4074 sit,
2203 4017 2258 4063 et
2297 4007 2557 4064 Ecclesiae
2599 4024 2858 4077 sponsus.
2902 4028 2919 4061 ι
2969 4008 3239 4081 Adaplavi
3281 4009 3452 4075 ειιίιιι,
3492 4010 3578 4062 iu-

1958 4107 2079 4177 quit
2108 4104 2334 4172 Paulus,
2380 4121 2478 4162 vos
2511 4105 2601 4159 uni
2634 4106 2754 4161 viro
2783 4114 2840 4162 ut
2864 4106 3139 4178 virginem
3176 4118 3383 4162 castam
3421 4107 3579 4162 exhi-

1958 4203 2146 4255 berem
2166 4202 2211 4234 ⁸⁷
2253 4219 2272 4252 ›
2303 4199 2544 4265 Christo,
2575 4200 2808 4256 scilicet.
2855 4201 3002 4255 Dicit
3029 4200 3199 4272 igitur
3219 4201 3536 4280 Praecursor
3562 4220 3575 4255 :

1961 4295 2074 4364 Ego
2098 4295 2317 4365 quidem
2354 4295 2640 4365 pronubus
2665 4304 2718 4351 et
2741 4294 3144 4361 internuntius,
3184 4296 3358 4350 veniet
3393 4310 3577 4351 autem

1959 4400 2082 4458 post
2130 4402 2214 4442 me
2270 4388 2373 4443 vir.
2427 4386 2566 4443 Nam
2622 4404 2724 4460 ego
2774 4390 3000 4460 quidem
3056 4388 3215 4445 traho
3264 4390 3478 4445 animas
3514 4391 3579 4445 ad

1964 4482 2123 4535 Iidem
2178 4481 2231 4535 in
2286 4481 2567 4536 Christum
2614 4500 2627 4535 :
2672 4483 2788 4551 ipse
2834 4491 3019 4536 autem
3073 4483 3155 4537 vir
3193 4494 3277 4538 est
3324 4482 3415 4552 qui
3460 4483 3580 4539 illus

1895 4562 1938 4617 D
1971 4576 2073 4629 aihi
2108 4575 2393 4646 atljunget.

2034 4670 2201 4727 Vens.
2232 4672 2423 4727 5i-‘5i.
2470 4691 2487 4723 ι
2538 4671 2609 4726 Et
2650 4688 2753 4740 ego
2793 4672 3108 4727 nesciebam
3146 4672 3294 4727 illum
3332 4688 3345 4725 :
3382 4674 3475 4728 sed
3521 4685 3580 4727 ut

1962 4769 2353 4823 manil‘estetur
2410 4767 2620 4833 lsraeli,
2672 4778 2962 4839 propterea
3014 4768 3137 4823 veni
3172 4779 3274 4839 ego
3325 4771 3377 4825 iu
3432 4786 3576 4841 aqua

1960 4863 2270 4931 baptizans.
2320 4860 2388 4918 Et
2427 4872 2661 4919 testatus
2716 4872 2800 4918 est
2855 4860 3123 4927 Joannes,
3174 4864 3411 4918 dicens:
3446 4863 3573 4919 Vidi

1965 4957 2230 5027 Spiritum
2261 4957 2690 5013 descendentem
2717 4958 2901 5027 specie
2932 4959 3202 5013 columbae
3232 4959 3297 5011 de
3328 4959 3488 5023 caelo,
3526 4969 3581 5014 ct

1964 5049 2167 5104 mansit
2216 5064 2383 5120 super
2424 5066 2573 5115 eum,
2613 5060 2669 5105 et
2709 5066 2811 5121 ego
2857 5052 3201 5106 nesciverunt
3257 5068 3382 5105 eum
3436 5056 3577 5107 :sed

1965 5144 2054 5199 hic
2104 5144 2198 5213 qui
2254 5144 2402 5199 misit
2454 5159 2538 5199 me
2581 5153 2638 5198 ut
2688 5129 3026 5215 baptizarem
3089 5160 3253 5215 aqua,
3303 5146 3393 5200 ille
3445 5147 3578 5201 mihi

1963 5235 2104 5291 dixit
2152 5254 2163 5289 :
2206 5234 2384 5305 Super
2439 5252 2598 5307 quem
2643 5236 2848 5292 videris
2898 5235 3165 5308 Spiritum
3221 5238 3574 5303 descendere,

1964 5341 2018 5384 et
2061 5346 2286 5385 manere
2314 5346 2481 5401 super
2520 5346 2668 5397 eum,
2704 5331 2903 5387 hice5t
2952 5332 3043 5402 qui
3081 5332 3326 5402 bapti‘zat
3370 5331 3576 5399 Spiritu

1963 5436 2178 5481 saneto.
2216 5426 2279 5479 Et
2316 5441 2417 5495 ego
2449 5427 2558 5479 vidi
2606 5436 2661 5481 et
2705 5434 2935 5482 testatus
2980 5442 3100 5481 sum
3139 5427 3283 5481 hunc
3323 5442 3447 5483 osse
3494 5426 3578 5481 Fi-

1964 5520 2092 5573 lium
2146 5518 2265 5585 Dei.
2317 5539 2333 5571 ι
2371 5521 2638 5588 Quoniam
2684 5532 2953 5592 cognatus
3004 5520 3214 5576 Domini
3268 5534 3386 5577 erat
3430 5522 3574 5577 Prae-

1962 5630 2175 5682 cursor,
2210 5614 2340 5669 dicit
2387 5615 2531 5669 enim
2570 5614 2797 5689 angelus
2830 5615 3026 5686 virgini
3062 5635 3077 5672 :
3124 5616 3299 5671 «Ecce
3333 5627 3565 5685 cognata

1962 5707 2123 5779 525
2147 5720 2232 5763 tua
2257 5709 2535 5766 Elisabclh
2569 5710 2820 5780 concepit
2842 5709 2910 5742 ⁸⁸⁸
2933 5712 2977 5744 δ’
3005 5730 3021 5762 ι
3064 5720 3120 5765 ιιι
3144 5726 3210 5767 ue
3247 5712 3367 5781 quis
3395 5712 3578 5780 suspi~
