4078 6330
218 324 355 393 1181

896 322 1347 399 ΕΝΛΒΠΑΤΙΟ
1385 320 1464 382 IN
1508 318 1813 380 EVANGE

1924 318 2012 381 1M
2052 318 2403 381 JOANNJS.
2447 343 2512 356 -
2553 316 2716 380 CAP.
2754 316 2805 375 Ι.

3393 304 3534 369 1182

212 444 295 505 ὡς
327 442 625 511 ιπισήμου,
661 439 753 491 καὶ
779 438 855 502 ώς
880 440 972 490 τὸν
1000 437 1132 491 ἴδιον
1161 436 1395 503 ἀδελφὸν
1430 434 1816 503 προσαγαγόν-

1924 446 2065 501 erat,
2096 446 2149 490 et
2180 435 2484 489 adducebat
2510 449 2669 487 suum
2706 431 2950 485 fratrem.
2983 426 3119 481 Vide
3144 435 3348 489 autem,
3374 423 3536 479 obsc-

212 554 330 601 τος.
359 536 503 604 Ὅρα
532 532 588 585 δέ
621 548 711 602 μοι
757 529 1134 598 φιλαδελςίαν,
1176 527 1291 591 πῶς
1328 528 1428 579 οὐκ
1456 526 1821 597 ἀπεκρύψατο

211 630 309 680 τὸν
344 626 569 693 ἀδελφὸν
616 623 678 677 τὸ
731 623 962 691 ἀγαθὸν,
1010 621 1147 675 ἀλλά
1202 621 1483 674 κοινοῦται
1532 619 1682 689 αὐτῷ
1727 620 1819 672 τὸν

214 718 517 789 θησαυρὸν,
550 718 643 770 καὶ
678 717 1039 787 περιχαρείας
1085 714 1272 785 φωνὴν
1304 714 1551 783 ἀφίησιν,
1587 733 1604 764 ι
1638 713 1820 783 Εὑρή-

213 826 418 877 καμεν,
452 828 469 859 ι
510 806 724 873 λέγων·
754 808 827 868 ὡς
870 807 1015 858 ἔοικε
1060 806 1193 873 γὰρ,
1248 806 1313 857 ὲκ
1354 801 1552 857 πολλοῦ
1587 803 1819 855 ἐπόθουν

212 905 314 955 καὶ
358 901 634 968 ἐμελέ;ων
672 900 771 970 τὴν
812 900 1063 966 ζὴτησιν.
1118 898 1229 950 Καὶ
1287 897 1385 966 οὐχ
1418 896 1605 959 ἁπλῶς
1642 895 1815 964 λέγει,

219 993 499 1055 Μεσσίαν,
535 991 694 1049 ἀλλὰ,
735 1008 751 1039 ι
791 990 884 1041 τὸν
916 989 1183 1056 Μεσσίαν,
1239 1006 1257 1038 ι
1293 987 1431 1056 μετά
1463 986 1556 1039 τοῦ
1584 984 1814 1056 ἄρθρου,

212 1085 430 1135 ἐκεῖνον
452 1082 613 1135 αὑτὸν
640 1082 731 1133 τὸν
756 1079 960 1150 κυρίως
985 1080 1115 1133 ὄντα
1136 1081 1395 1148 Χριστόν.
1437 1077 1494 1131 '0
1517 1080 1625 1149 γὰρ
1651 1094 1819 1145 προσ·
1847 1156 1857 1170 ι

212 1177 528 1246 δοκώμενος
570 1178 754 1237 αὐτοῖς
809 1173 887 1239 εἷς,
917 1172 1005 1246 ἦν,
1036 1176 1084 1227 εί
1116 1176 1213 1228 καὶ
1240 1174 1426 1227 πολλοὶ
1472 1173 1701 1243 Χριστοὶ
1726 1173 1821 1225 καὶ

212 1273 326 1323 υἱοὶ
348 1272 440 1323 τοῦ
468 1268 601 1322 Θεοῦ
632 1268 1122 1338 προσηγορεύοντο.
1160 1268 1374 1336 Ἤγαγε
1406 1267 1461 1319 δὲ
1487 1268 1653 1319 αὑτὸν
1682 1266 1818 1337 πρὸς

210 1365 310 1416 τὸν
348 1362 577 1432 Ἰησοῦν,
613 1364 712 1433 οὐχ
743 1362 818 1425 ὡς
846 1361 1073 1415 εῠκολον
1097 1360 1227 1414 ὄντα
1251 1361 1313 1414 τὸ
1351 1356 1507 1430 ἦθος,
1537 1360 1632 1412 καὶ
1657 1358 1821 1411 παντὶ⁴

210 1456 362 1523 λόγῳ
410 1444 988 1523 συμπεριφερόμενον,
1038 1450 1153 1504 ἀλλ’
1197 1450 1273 1514 ὡς
1323 1450 1453 1514 ὀξὺν
1488 1449 1693 1517 μᾶλλον
1724 1448 1822 1501 καὶ

214 1546 447 1616 θερμὸν,
496 1547 589 1599 καὶ
646 1544 867 1613 εὐφυῶς
916 1544 1369 1614 παραδεξάμενον
1432 1544 1559 1605 τοὺς
1604 1541 1820 1608 λόγους,

210 1640 309 1702 οὒς
341 1637 493 1708 αὐτῷ
521 1640 741 1709 εἴρηκεν
772 1640 799 1690 6
828 1635 1056 1703 ἀδελφὸς
1083 1637 1211 1708 περὶ
1233 1634 1496 1705 Χριστοῦ.
1527 1634 1687 1695 Εἰκὸς
1711 1635 1821 1701 γὰρ

207 1735 307 1785 τὸν
354 1733 610 1804 Ἀνδρέαν
637 1731 809 1785 πλείω
830 1730 1184 1799 διαλεχθῆναι
1230 1729 1407 1799 αὐτῷ,
1455 1730 1549 1782 καὶ
1576 1729 1822 1797 ἀκριϐῶς

208 1826 282 1877 τὰ
320 1825 450 1894 περὶ
489 1822 730 1895 Χριστοῦ
774 1822 1123 1891 ὲπαγγεῖλαι,
1156 1822 1251 1875 ἆτε
1300 1821 1450 1891 παρὰ
1486 1820 1564 1891 τῷ
1598 1820 1824 1889 Χριστῷ

224 1917 493 1985 μείναντα
548 1918 643 1970 καὶ
686 1916 1005 1986 διδαχθέντα
1052 1915 1439 1985 μυστικώτερά
1466 1931 1610 1967 τινα.
1664 1915 1724 1966 Ei
1764 1914 1823 1965 δὲ

208 2014 468 2079 ἐπιμένοι
515 2029 597 2073 τις
643 2010 900 2063 εὐκολίαν
961 2012 1401 2077 καταγινώσκων
1446 2009 1543 2063 τοῦ
1587 2010 1820 2079 Πέτρου,

211 2104 537 2175 μανθανέτω
577 2106 671 2163 καὶ
718 2104 895 2165 τοῦτο.
926 2105 1008 2157 ὅτι
1042 2103 1169 2156 οὐδὲ
1199 2103 1537 2172 γέγραπται,
1569 2104 1652 2155 ὅτι
1692 2102 1820 2156 ὲπί-

210 2214 443 2251 στευσεν
472 2197 633 2260 εὐθὺς
656 2196 736 2267 τῷ
770 2198 1021 2267 Ἀνδρέα,
1047 2195 1161 2249 ἀλλ’
1193 2197 1279 2249 ὅτι
1314 2215 1331 2248 ι
1364 2196 1577 2267 ἤγαγεν
1652 2196 1821 2249 αὑτὸν

208 2290 353 2359 πρὸς
396 2291 488 2342 τὸν
539 2288 772 2355 Ἰησοῦν,
815 2310 833 2342 ι
872 2291 1010 2359 ὅπερ
1048 2288 1250 2358 μᾶλλον
1305 2290 1542 2360 στερρᾶς
1582 2291 1824 2351 διανοίας

208 2389 309 2440 καὶ¹
334 2386 393 2437 οὐ
422 2385 984 2455 συμπεριφερομένης
1008 2385 1179 2438 ἐστίν.
1239 2383 1318 2437 Οὐ
1344 2384 1452 2453 γὰρ
1476 2380 1665 2445 ἁπλῶς
1690 2399 1824 2451 παρ-

211 2482 275 2532 ιί
296 2478 444 2542 ’ξατο
464 2478 589 2539 τοὺς
628 2477 875 2548 Ἀνδρέου
904 2477 1119 2545 λόγους,
1143 2476 1259 2529 ἀλλ’
1285 2475 1554 2544 ἠθέλησεν
1574 2474 1701 2526 ἰδεῖν
1729 2474 1824 2526 καὶ

205 2570 307 2621 τὸν
344 2569 581 2638 Χριστόν
602 2583 614 2596 ’
652 2568 739 2620 ἵνα
772 2570 821 2620 εἰ
857 2568 957 2637 μὲν
988 2566 1126 2637 εῦρη
1156 2584 1210 2620 τι
1243 2565 1549 2633 ἀξιόλογον,
1584 2564 1819 2617 ἀκολου-

208 2660 376 2731 θήσῃ.
394 2662 441 2715 ιι
462 2660 518 2713 δὲ
546 2658 664 2725 οὒκ,
689 2659 1008 2731 ἀναποδὶσῃυ
1031 2658 1171 2712 ὥστε
1189 2659 1249 2710 τὸ
1277 2658 1536 2729 ἀχθῆναι,
1564 2659 1700 2727 πρὸς
1730 2657 1822 2709 τὸν

226 2753 441 2824 Ἰησοῦν
498 2754 599 2806 οὐκ
628 2752 904 2823 εὐηθείας,
936 2751 1052 2805 ἀλλ’
1081 2750 1371 2821 ἀκριϐείας
1408 2750 1722 2821 γνώρισμα.
1755 2749 1821 2800 Τί

210 2846 310 2901 οὖν
332 2848 361 2901 ὁ
379 2846 580 2919 Κύριος
602 2864 618 2914 ;
653 2846 787 2915 ’Agtb
806 2845 899 2898 τοῦ
922 2844 1302 2917 προφητεῦσαι
1324 2843 1455 2912 περὶ
1474 2842 1666 2905 αὑτοῦ,
1686 2843 1826 2894 ἀπο-

208 2941 513 2994 καλύπτειν
556 2938 789 3009 ἆρχεται
833 2938 983 3007 αὐτῷ
1016 2939 1231 2991 ἑαυτόν.
1273 2936 1429 2990 Ἐπεὶ
1454 2936 1566 3006 γὰρ
1599 2936 1654 2987 αἱ
1686 2952 1822 3004 προ-

210 3035 438 3113 τρητείαι
458 3031 611 3084 οὐδὲν
630 3030 854 3083 ἔλαττον
878 3030 987 3088 τῶν
1012 3030 1281 3100 σημείων,
1302 3030 1352 3082 εί
1382 3029 1456 3099 μὴ
1476 3031 1568 3081 καὶ
1595 3028 1817 3099 μᾶλλον,

1923 546 2045 595 cro,
2083 540 2346 597 quantum
2398 528 2669 580 amaverit
2722 526 2977 585 fratrem.
3014 532 3069 577 et
3113 518 3392 588 quomodo
3426 532 3534 569 non

1925 625 2286 679 occultat-erit
2345 622 2414 676 ab
2463 638 2530 675 eo
2581 622 2823 683 bonmn,
2874 619 2970 672 sed
3019 610 3449 670 connuunicarit
3484 608 3535 663 ei

1927 719 2266 781 thesaurum,
2290 714 2647 783 emiseritque
2680 710 3046 781 iucunditatis
3075 721 3288 771 vocem,
3322 724 3341 756 ι
3378 704 3537 758 luve-

1928 812 2130 875 ttimus,
2172 829 2190 860 ι
2220 812 2425 864 dicens.
2456 807 2519 861 Et
2556 805 2856 860 verisimile
2888 811 2992 866 est,
3016 798 3161 867 quod
3197 796 3368 851 multo
3398 806 3538 849 tem-

1926 910 2059 971 pore
2091 900 2459 957 desiderarim
2488 911 2537 953 et
2570 896 2814 952 meditati
2848 894 3051 948 fuerint
3081 903 3328 958 qttterere
3356 888 3533 941 illum.

1926 993 2112 1063 Neque
2142 991 2468 1059 simpliciter
2501 989 2635 1043 dicit
2668 1006 2681 1041 :
2713 986 2995 1051 Messiam,
3025 984 3143 1049 sed,
3191 979 3476 1033 tMessiam
3512 994 3531 1027 ι

1925 1104 2050 1145 cum
2107 1086 2360 1149 articulo,
2419 1085 2567 1139 illum
2614 1084 2793 1152 ipsum
2850 1079 2944 1147 qui
3001 1077 3223 1147 preprie
3256 1083 3335 1129 est
3371 1073 3535 1127 Chri-

1926 1192 2066 1235 stus.
2112 1178 2263 1235 Unus
2319 1179 2465 1232 enim
2519 1187 2639 1231 erat
2669 1175 2761 1243 qui
2825 1174 2893 1226 ab
2953 1172 3032 1225 eis
3090 1170 3538 1239 exspectabatur,

1924 1274 2179 1345 quamvis
2233 1271 2383 1325 tnttlti
2430 1269 2635 1323 Christi
2706 1278 2762 1320 et
2803 1264 2901 1319 lilii
2957 1262 3049 1318 Dei
3092 1260 3534 1332 appellarentur.

1926 1366 2170 1421 Adduxit
2199 1376 2380 1420 autem
2410 1363 2561 1417 illum
2592 1363 2658 1414 ad
2690 1358 2901 1420 Jesum,
2938 1371 3046 1410 non
3085 1354 3229 1424 quod
3266 1363 3373 1407 tam
3406 1351 3542 1405 levi-

1928 1460 2031 1515 bus
2060 1469 2208 1514 esset
2261 1456 2531 1520 moribus,
2580 1464 2640 1508 ut
2686 1452 2753 1505 ad
2802 1464 3021 1505 onmem
3066 1458 3377 1500 sermonem
3428 1441 3541 1495 eir-

1928 1552 2315 1615 cuutferretur,
2382 1550 2475 1606 sed
2530 1548 2674 1619 quod
2742 1542 2977 1601 ferventi
3044 1548 3100 1593 et
3158 1537 3301 1591 bono
3357 1533 3542 1587 animo

1928 1652 2248 1711 susceperat
2271 1655 2557 1696 sermones
2583 1654 2722 1709 quos
2752 1638 2799 1691 ei
2833 1636 3049 1690 dixerat
3078 1632 3249 1685 frater
3274 1630 3339 1683 de
3380 1626 3544 1681 Chri-

1928 1746 2036 1788 sto.
2073 1731 2378 1789 Verisimile
2409 1730 2555 1785 enim
2586 1738 2693 1792 est,
2728 1726 2869 1795 quod
2902 1724 3157 1779 Andreas
3188 1720 3343 1789 plura
3389 1717 3544 1771 dixe-

1930 1827 2003 1881 rit
2033 1827 2105 1890 ei,
2140 1838 2195 1881 et
2220 1824 2511 1880 manifeste
2546 1820 2959 1877 annuntiaverit
2983 1820 3050 1870 de
3079 1816 3328 1877 Christo,
3356 1819 3545 1881 utpote

1930 1920 2156 1973 edoctus
2188 1918 2488 1971 secretiora
2516 1915 2790 1983 qtnndam,
2823 1927 2889 1967 eo
2915 1910 3056 1979 quod
3084 1916 3364 1961 manserat
3398 1900 3543 1973 apud

1929 2014 2231 2069 Christum.
2288 2011 2443 2077 Quod
2482 2010 2525 2063 si
2569 2017 2887 2078 perseverat
2920 2004 3044 2075 quis
3095 2000 3374 2073 arguendo
3411 1995 3547 2052 fttci~

1929 2107 2135 2161 Iilalettt
2190 2104 2356 2169 Petri,
2417 2104 2593 2157 discat
2641 2112 2698 2156 et
2753 2102 2855 2156 hoc
2903 2116 3011 2153 non
3060 2111 3184 2152 esse
3248 2092 3541 2163 scriptun).

1929 2200 2073 2268 quod
2106 2197 2407 2253 crediderit
2440 2197 2627 2250 statim
2675 2195 2932 2255 Andreaz.
2977 2192 3071 2247 sed
3108 2187 3255 2259 quod
3288 2186 3545 2242 Andreas

1930 2296 2147 2349 duxerit
2183 2294 2334 2347 illum
2367 2294 2431 2345 ad
2461 2290 2675 2354 Jesum,
2706 2290 2758 2343 id
2788 2288 2931 2358 quod
2964 2286 3136 2354 magis
3173 2283 3364 2338 solidae
3392 2295 3545 2334 men-

1931 2389 2002 2441 tis
2064 2387 2252 2448 fuerit,
2281 2396 2333 2438 et
2393 2400 2500 2439 non
2551 2383 2751 2453 quovis
2801 2390 2964 2436 vento
2997 2380 3366 2433 circumactze.
3419 2370 3541 2427 Νυιι

1928 2482 2071 2534 enim
2123 2480 2449 2549 simpliciter
2513 2478 2719 2546 recepit
2764 2490 3079 2531 sermOnem
3128 2472 3389 2531 Andrean
3446 2466 3541 2519 sed

1930 2573 2101 2625 voluit
2129 2570 2317 2626 videre
2356 2580 2411 2624 et
2464 2569 2770 2634 Christum,
2802 2577 2861 2620 ut
2906 2566 2951 2621 si
2991 2564 3212 2635 quidem
3264 2558 3544 2615 inveniret

1928 2668 2073 2736 quod
2119 2666 2341 2735 dignum
2394 2663 2533 2729 fide,
2583 2670 2931 2727 sequeretur,
3001 2660 3086 2711 sin
3151 2655 3355 2717 minus,
3413 2650 3544 2705 resi-

1927 2759 2051 2813 liret
2086 2772 2100 2810 :
2128 2768 2181 2811 et
2214 2758 2285 2810 ita
2314 2756 2435 2810 duci
2483 2756 2548 2809 ad
2573 2752 2787 2817 Jesutn,
2817 2768 2922 2807 non
2954 2750 3115 2815 levis,
3157 2747 3252 2801 sed
3282 2744 3543 2800 studiosa:

1930 2852 2130 2905 mentis
2178 2849 2438 2903 indicium
2483 2858 2626 2903 erat.
2662 2846 2801 2911 Quid
2846 2843 3012 2914 igitur
3069 2836 3371 2895 Dominus?
3408 2833 3543 2890 Pro-

1929 2946 2203 3015 pltetaudo
2249 2945 2316 2999 de
2366 2944 2483 3003 illo.
2534 2941 2607 2995 illi
2654 2956 2712 2995 se
2746 2936 3103 2991 manifestare
3149 2932 3365 3001 incipit.
3400 2928 3538 2983 Nam

1926 3039 2053 3107 quia
2086 3038 2387 3107 prOphetiae
2418 3052 2522 3090 non
2573 3036 2757 3089 minus
2804 3047 2970 3102 quam
3008 3030 3187 3099 signa,
3216 3026 3329 3081 imo
3364 3022 3543 3094 magis

212 3127 469 3179 πείθουσι
498 3127 623 3189 τοὺς
663 3124 1011 3196 ἀνθρώπους,
1059 3124 1398 3196 προφητεύει
1429 3125 1560 3194 περὶ
1588 3122 1684 3175 τοῦ
1717 3124 1817 3175 Πέ-

1929 3132 2243 3187 hominibus
2296 3130 2667 3201 persuadent,
2718 3124 2968 3196 praedicit
3021 3122 3090 3177 de
3154 3120 3339 3183 Petro,
3403 3137 3421 3169 ι
3454 3115 3537 3171 Tu

205 3237 365 3289 τρου.
394 3239 411 3269 ι
437 3220 654 3289 Σῦγάρ,
680 3214 945 3289 φησιν,εἷ
969 3218 1153 3287 Σίμων
1182 3219 1296 3279 υἱὸς
1333 3219 1538 3270 Ὶωνᾶί
1572 3213 1693 3270 εἶτα
1720 3217 1815 3269 καὶ⁹

205 3315 272 3377 τὸ
307 3314 522 3385 μέλλον·
564 3332 580 3363 ι
625 3314 696 3366 Σὺ
724 3315 973 3386 κληθήσῃ
1000 3314 1219 3385 Κηφᾶς.
1263 3332 1279 3364 ι
1329 3312 1463 3366 Ἀπὸ
1495 3312 1603 3384 πὰρ
1629 3313 1723 3365 τοῦ
1755 3313 1816 3365 τὸ

209 3410 393 3480 παρὸν
418 3412 614 3473 εἰπεῖν,
642 3408 737 3461 καὶΙ
775 3409 835 3460 τὸ
873 3408 1066 3478 μέλλον
1098 3407 1408 3462 πιστοῦται.
1436 3408 1553 3461 Οὐκ
1585 3405 1704 3460 εἷπε
1734 3408 1813 3472 δὲ,

205 3504 293 3553 ἐτι
334 3501 566 3554 Καλέσω
602 3518 663 3554 σε
696 3502 809 3567 ἐγὼ
844 3502 1070 3571 Πέτρον,
1101 3502 1262 3567 ἀλλὰ,
1306 3520 1323 3552 t
1371 3501 1645 3571 κληθήσῃ.
1689 3521 1707 3551 ι
1738 3500 1815 3554 Οὐ

206 3596 322 3663 γὰρ
355 3591 615 3661 ᾐόοᾶλετο
656 3594 713 3658 ἐξ
745 3594 921 3662 ἀρχῆς
955 3594 1022 3645 τὰ
1053 3593 1152 3661 τῆς
1184 3593 1477 3655 αὑθεντίας
1505 3593 1817 3645 ἐπιδείκνυ-ι

207 3686 361 3746 σθαι,
418 3685 540 3736 ἐπεὶ
594 3684 713 3737 οὐδὲ
768 3682 913 3753 εἶχον
946 3684 1129 3737 πίστιν
1167 3684 1393 3754 βεϐαίαν
1444 3688 1568 3756 περὶ
1624 3684 1814 3742 αὑτοῦ.

208 3778 371 3840 Τίνος
405 3778 461 3839 δὲ
487 3779 675 3831 ἕνεκεν
704 3777 896 3832 τοῦτον
934 3778 1031 3848 μὲν
1069 3779 1274 3849 Πέτρον
1304 3780 1660 3848 ἐπονομάζει,
1690 3782 1817 3842 τοὺς

205 3874 265 3935 δὲ
294 3872 389 3925 τοῦ
421 3871 731 3929 Ζεϐεδαίου.
769 3872 919 3936 υἱοὺς
953 3871 1222 3943 βροντῆς;
1257 3871 1372 3926 Ἰνα
1399 3872 1574 3943 δείξῃ,
1608 3875 1689 3932 ὅτι
1722 3873 1817 3925 καὶ

208 3966 315 4037 τὴν
366 3965 613 4018 Παλαιὰν
650 3964 812 4027 αὐτός
838 3966 1010 4027 ,ἐστιν
1035 3965 1062 4016 ὁ
1091 3963 1367 4028 δεδωκὼς,
1412 3964 1441 4016 ὁ
1472 3964 1566 4017 καὶ
1594 3964 1661 4016 τὰ
1701 3964 1819 4016 ὀνό-

212 4076 389 4131 ματα,
443 4058 635 4129 ὥσπερ
693 4058 841 4121 τότε,
902 4058 997 4111 καὶ
1048 4056 1145 4110 νῦν
1202 4058 1537 4128 μετατιθεὶς.
1612 4058 1708 4110 τόν
1754 4071 1815 4110 τε

210 4152 444 4222 Ἀδραμ
498 4149 773 4226 Ἀϐραὰμ,
819 4151 913 4204 καὶ
940 4150 1039 4223 τὴν
1084 4152 1265 4217 Σάραν
1294 4152 1515 4227 Σάρραν
1552 4150 1813 4213 καλέσας.

211 4245 355 4316 Ἱσθι
397 4243 453 4297 δὲ
500 4245 583 4296 ὅτι
610 4243 795 4314 Σίμων
834 4243 1253 4315 ἑρμηνεύεται(
1296 4243 1534 4315 ὑπακοὴ,
1568 4264 1586 4298 ι
1635 4244 1819 4309 Ἰωνᾶς

206 4338 265 4389 δὲ
320 4358 337 4387 ι
376 4338 699 4407 περιστερά.
741 4355 758 4388 ι
806 4337 1010 4391 Τέκνον
1050 4333 1145 4391 οὖν
1176 4337 1277 4405 τῆς
1330 4338 1661 4408 πραότητος,
1695 4338 1817 4408 ἥτις

206 4428 300 4479 ὃ.ὰ
340 4428 439 4495 τῆς
489 4428 825 4497 περιστερᾶς
869 4427 1208 4499 δηλοῦται,ὴ
1255 4430 1506 4498 ὑπακοή·
1547 4430 1575 4481 ὁ
1614 4429 1671 4481 δὲ
1714 4431 1817 4499 τὴν

1924 3230 2094 3293 enim,
2120 3225 2315 3294 inquit,
2347 3238 2407 3279 es
2436 3222 2625 3277 Simon
2655 3220 2797 3274 [ilius
2823 3218 2985 3274 Jona.
3026 3237 3041 3267 ι
3082 3214 3284 3271 Deinde
3308 3222 3362 3268 et
3387 3214 3535 3284 quod

1926 3323 2192 3386 futurum,
2224 3335 2242 3371 t
2284 3318 2363 3371 'l‘u
2408 3314 2695 3371 vocaberis
2727 3313 2965 3383 Cepbas.
3005 3330 3023 3363 ι
3056 3308 3193 3365 Nam
3237 3323 3359 3364 cum
3392 3306 3537 3377 quod

1921 3428 2163 3485 prmsens
2188 3422 2269 3467 est
2296 3411 2517 3475 dicitur,
2544 3409 2711 3464 etiam
2740 3408 2983 3461 futurum
3012 3402 3279 3460 credibile
3308 3402 3387 3455 tit.
3414 3398 3535 3455 Non

1923 3505 2061 3560 dixit
2092 3513 2273 3557 autem
2302 3521 2316 3556 ι
2349 3500 2461 3569 Ego
2513 3509 2565 3554 te
2598 3499 2807 3554 vocabo
2839 3497 3085 3556 Petrum,
3143 3494 3263 3557 sed,
3303 3512 3321 3545 ι
3363 3500 3531 3549 ιόοιιέ

1922 3600 2088 3653 beris.
2130 3616 2148 3648 ι
2184 3592 2417 3649 Nolebat
2453 3595 2598 3646 enim
2636 3591 2703 3645 ab
2742 3591 2899 3644 initio
2943 3586 3332 3643 auctoritatem
3369 3598 3527 3639 suam

1924 3692 2190 3753 indicare,
2242 3704 2307 3743 eo
2355 3690 2500 3756 quod
2550 3687 2800 3741 nondum
2836 3685 3052 3739 firmam
3092 3682 3144 3737 in
3181 3681 3332 3735 illum
3368 3680 3531 3734 fidem

1922 3786 2213 3839 haberent.
2250 3780 2617 3849 Quamobrem
2648 3788 2829 3833 autem
2882 3779 3201 3849 aguominat
3236 3778 3379 3831 hunc
3412 3775 3535 3845 qni-

1923 3879 2043 3932 dem
2078 3877 2324 3939 Petrum,
2374 3874 2497 3928 illos
2537 3883 2743 3935 autem,
2792 3871 2934 3925 ﬁlios
2969 3872 3198 3939 inquam
3256 3868 3535 3935 Zebedaci,

1933 3968 2075 4024 filios
2103 3966 2369 4023 tonitrui?
2399 3965 2471 4022 Ut
2496 3966 2753 4021 ostendat
2775 3965 2919 4034 quod
2948 3964 3060 4035 ipse
3086 3964 3157 4018 sit
3182 3964 3272 4034 qui
3297 3975 3351 4019 et
3372 3961 3541 4019 Vetus

1926 4063 2339 4118 Testamentum
2374 4060 2603 4121 dederit,
2644 4068 2693 4112 et
2722 4059 2862 4113 sicut
2888 4073 3056 4123 nunc,
3096 4057 3167 4111 ita
3211 4057 3377 4110 etiam
3410 4068 3541 4114 tunc

1926 4153 2220 4204 mutaverit
2262 4164 2458 4204 nomen
2490 4147 2694 4203 Abram
2737 4148 2792 4202 in
2835 4148 3113 4203 Abraham
3152 4158 3207 4201 et
3244 4146 3439 4202 Saram
3480 4148 3533 4202 itt

1924 4244 2173 4303 Sarrant.
2238 4242 2398 4298 Scias
2432 4252 2614 4297 autem
2677 4218 2822 4312 quod
2880 4241 3070 4296 Simon
3134 4242 3537 4312 interpretatur

1928 4352 1946 4385 ι
1985 4334 2314 4397 ohedientia,
2358 4354 2374 4385 ι
2405 4337 2575 4389 Jonas
2601 4349 2734 4390 vero
2764 4354 2781 4385 ι
2816 4334 3091 4391 columba.
3126 4353 3144 4386 ι
3180 4335 3347 4407 Igitur
3378 4351 3535 4390 man-

1923 4424 2234 4481 suetudinis
2265 4442 2383 4495 qua:
2410 4442 2505 4495 per
2532 4427 2840 4481 columbam
2871 4427 3237 4499 significatur,
3271 4426 3437 4499 529
3469 4426 3533 4483 ﬁ-

213 4518 464 4590 ύπακοὴν
492 4519 631 4589 ἔχων
691 4520 787 4572 καὶ
826 4520 1034 4590 Πέτρος
1074 4521 1309 4587 γίνεται,
1362 4524 1443 4584 είς
1474 4522 1816 4594 στερρότητα

1924 4520 1992 4572 lia
2020 4531 2103 4573 est
2133 4520 2439 4574 ohedieutia
2474 4538 2485 4573 :
2520 4529 2574 4573 et
2598 4522 2689 4590 qui
2721 4520 2887 4575 habet
2914 4522 3312 4589 obedientiam,
3363 4522 3532 4579 etiam

208 4609 306 4665 τοῦ
334 4611 501 4665 καλοῦ
529 4612 616 4665 διὰ
642 4612 743 4683 τῆς
779 4613 1029 4686 ὑπακοῆς
1062 4613 1548 4685 προϐιὸαζόμενος.

291 4812 308 4844 ι
348 4794 427 4863 Τῇ
458 4793 514 4864 δὲ
537 4793 800 4867 ἐπαύριον
834 4795 1100 4866 ἠθέλησεν
1134 4795 1374 4865 ἐξελθεῖν
1406 4799 1432 4850 ὁ
1486 4798 1694 4869 Ἰησοῦς
1727 4802 1811 4865 εἰς

211 4890 314 4961 τὴν
361 4889 680 4954 Γαλιλαίαν,
725 4891 820 4942 καὶ
878 4890 1127 4961 εὑρίσκει
1162 4890 1455 4958 Φίλιππον,
1519 4895 1614 4946 καὶ
1662 4895 1814 4962 λέγει

208 4981 363 5051 αὐτῷ
382 4998 396 5013 ο
439 4982 751 5035 Ἀκολούθει
787 4998 898 5053 μοι.
930 4977 1038 5034 Ἦν
1067 4983 1124 5036 δὲ
1154 4984 1181 5035 ὁ
1226 4983 1499 5048 Φίλιππος
1529 4985 1637 5036 ἀπὸ
1666 4983 1812 5055 Βηθ-

208 5066 373 5129 σαῖδᾶ
403 5078 467 5127 ὲκ
494 5078 593 5143 τῆς
627 5075 841 5137 πόλεως
878 5076 1133 5147 Ἀνδρέου
1161 5077 1256 5129 καὶ
1282 5078 1521 5147 Πέτρου.
1554 5078 1812 5147 Εὑρίσκει

204 5167 479 5231 Φίλιππος
496 5170 588 5221 τὸν
616 5169 933 5238 Ναθαναὴλ,
966 5170 1062 5223 καὶ
1087 5169 1239 5236 λέγει
1252 5170 1405 5241 αὐτῷ
1430 5188 1442 5201 ’
1471 5171 1573 5224 Ὃν
1604 5171 1812 5241 ἔγραψε

207 5261 419 5329 Μωσῆς
450 5263 507 5314 έν
529 5260 607 5332 τῷ
635 5263 784 5331 νόμῳ
864 5264 960 5315 καὶ
985 5264 1035 5316 οἱ
1088 5263 1367 5333 προφῆται
1395 5304 1411 5327 ,
1468 5264 1806 5335 εὑρήκαμεν,

217 5353 429 5423 Ἰησοῦν
448 5356 543 5407 τὸν
576 5356 688 5408 υἱὸν
723 5356 923 5427 Ἰωσὴφ
955 5358 1045 5409 τὸν
1080 5358 1188 5409 ἀπὸ
1222 5357 1503 5425 Ναζαρέτ.
1550 5377 1566 5409 ι
1618 5358 1676 5411 Ὀ
1712 5360 1811 5429 μὲν

218 5448 479 5515 Ἀνδρέας
512 5449 607 5503 τοῦ
639 5450 963 5520 Προδρόμου
998 5450 1261 5513 ἀκούσας,
1292 5452 1387 5503 καὶ
1421 5454 1448 5504 ὁ
1475 5452 1682 5521 Πέτρος
1714 5451 1808 5504 τοῦ

215 5542 499 5613 Ἀνδρέου,
569 5543 954 5614 ἠκολούθησαν
998 5545 1077 5615 τῷ
1125 5544 1337 5613 Ἰησοῖν
1375 5548 1402 5597 ὁ
1444 5545 1501 5598 δὲ
1538 5546 1808 5611 Φίλιππος

206 5637 463 5703 φαίνεται
496 5636 665 5707 μηδὲν
710 5638 977 5703 ἀκούσας,
1021 5639 1115 5691 καὶ
1150 5640 1301 5709 ὅμως
1330 5639 1708 5709 ἀκολουθήσας
1734 5644 1810 5713 τῷ

210 5725 402 5795 Κυρίῳ
428 5726 613 5789 εὐθὺς,
651 5726 861 5779 εἰπόντι
885 5728 1021 5798 πρὸς
1076 5730 1242 5782 αὑτὸν
1274 5730 1356 5793 τὸ,
1411 5750 1429 5781 ι
1492 5731 1809 5786 Ἀκολούθει

211 5833 325 5900 μοι.
365 5837 383 5869 ι
426 5819 598 5885 Πόθεν
618 5813 710 5872 οὖν
735 5816 909 5883 οὕτως
938 5818 1140 5885 εὐθέως
1162 5818 1390 5892 ἐπείσθη
1410 5838 1423 5890 ;
1445 5824 1603 5876 Δοκεῖ
1628 5824 1806 5877 τοίνυν

1923 4614 2038 4682 ipse
2063 4612 2258 4670 Petrus
2289 4614 2543 4681 edicitur,
2574 4631 2674 4687 per
2720 4615 3092 4672 obedientiam
3138 4616 3437 4689 proﬁciens
3475 4632 3535 4678 ut

1920 4709 2168 4763 firmetur
2204 4710 2256 4763 in
2288 4710 2451 4765 bono.

1995 4801 2163 4859 Vens.
2198 4804 2387 4859 43-45.
2438 4823 2456 4856 ι
2506 4804 2732 4861 Postero
2768 4807 2854 4862 die
2888 4807 3059 4862 voluit
3088 4805 3249 4865 Jesus
3276 4809 3433 4865 exire
3466 4809 3522 4867 in

1918 4892 2220 4959 Galilazam,
2247 4906 2297 4949 et
2336 4898 2533 4966 reperit
2558 4896 2868 4968 Philippum
2897 4916 2910 4964 ;
2937 4908 2991 4953 et
3012 4900 3145 4955 dicit
3169 4901 3217 4955 ei
3247 4918 3259 4954 :
3286 4901 3532 4971 Sequere

1920 5002 2027 5041 me.
2090 4987 2218 5042 Erat
2268 5000 2449 5043 autem
2524 4988 2809 5061 Philippus
2869 5008 2896 5045 a
2954 4990 3251 5047 Bethsaida
3309 4994 3532 5051 civitate

1918 5081 2153 5136 Andreae
2190 5091 2244 5136 et
2283 5081 2451 5138 Petri.
2506 5083 2733 5153 cherit
2768 5084 3051 5156 Philippus
3101 5084 3439 5154 Nathanael,
3474 5097 3531 5143 et

1918 5174 2051 5227 dirit
2077 5175 2125 5228 ei
2157 5193 2169 5227 :
2207 5174 2280 5229 De
2314 5190 2424 5244 quo
2450 5176 2674 5243 scripsit
2705 5177 2883 5231 Moses
2908 5179 2963 5233 in
2999 5179 3116 5250 lege
3139 5189 3196 5233 et
3225 5181 3527 5249 propheta,

1919 5266 2251 5332 invenimus,
2287 5266 2473 5322 Jesum
2536 5270 2702 5322 tilium
2775 5267 3023 5340 Joseph,
3084 5270 3455 5329 Nazarenum.
3502 5292 3521 5325 ι

1917 5360 2168 5417 Andreas
2200 5348 2419 5429 quidem
2456 5359 2802 5416 Pirecursore
2837 5364 3045 5427 audito,
3081 5374 3135 5417 et
3183 5364 3377 5420 Petrus
3416 5366 3529 5419 An-

1919 5453 2072 5516 drea,
2142 5454 2315 5507 secuti
2372 5467 2497 5509 sunt
2558 5454 2789 5510 Jesumt
2853 5466 2907 5510 at
2964 5455 3248 5528 Philippus
3305 5459 3527 5514 videtur

1916 5546 2126 5600 nullum
2162 5548 2466 5610 audivisse,
2495 5559 2550 5603 et
2582 5551 2768 5604 statim
2804 5562 3025 5607 secutus
3055 5568 3177 5607 esse
3209 5553 3525 5620 Dominum,

1917 5638 2186 5693 dicentem
2228 5641 2318 5695 ei:
2363 5658 2380 5691 ι
2438 5639 2679 5709 Sequere
2731 5658 2835 5697 nte.
2889 5662 2906 5692 ι
2968 5641 3123 5698 Unde
3180 5646 3282 5700 hoc
3338 5646 3527 5714 igitur,

1915 5733 2056 5799 quod
2122 5732 2209 5787 ille
2271 5743 2382 5787 tam
2435 5733 2618 5788 statim
2664 5719 3011 5789 crediderit?
3078 5736 3301 5790 Videtur
3360 5735 3527 5806 igitur

1916 5826 2154 5895 primum
2189 5841 2289 5884 tox
2325 5826 2543 5883 Domini
2576 5827 2814 5883 anitnam
2847 5827 2993 5886 illius
3026 5828 3250 5885 stimulo
3284 5836 3527 5901 questam
