4078 6330
554 330 685 401 1137
1441 332 2018 396 THEOPHYLACTI
2064 326 2474 392 BULGARl/E
2518 326 2557 383 Α
2572 319 2874 383 BClllEP.
3682 312 3819 377 118‘!

546 446 805 502 Dominus
858 444 1077 509 viderit,
1136 445 1186 515 id
1237 453 1342 507 est,
1384 445 1592 515 placide
1647 446 1876 499 intuitus
1929 445 2020 506 sit,
2078 453 2133 497 et

2247 439 2534 511 τραχύτητι
2567 434 2623 488 δὲ
2652 433 2759 487 τῶν
2785 428 3028 500 νομικῶν
3060 426 3584 498 παρατηρημάτων,
3619 426 3722 480 καὶ
3748 426 3824 497 τῷ

543 538 878 593 intellectum
912 537 1029 603 ejus
1064 537 1379 602 illustrarit,
1403 538 1655 605 quamvis
1686 538 1863 591 adhuc
1892 537 1992 589 sub
2016 536 2134 601 lege

2247 530 2693 601 Βυσκατεργάστῳ
2714 526 2821 579 τῶν
2849 523 3105 587 ἐντολῶν,
3143 522 3335 589 ὥσπερ
3360 520 3588 588 φύλλοις
3624 522 3826 573 6257:6-

545 638 716 684 esset.
749 630 827 684 Tu
861 640 915 683 et
941 631 1041 684 boc
1074 630 1235 696 scias,
1260 630 1307 684 si
1329 629 1456 699 quid
1479 642 1535 684 et
1563 632 1677 685 haec
1700 627 1963 694 arrident,
1989 628 2132 698 quod

2247 643 2422 697 μενον.
2467 622 2636 675 Φασὶν
2660 618 2773 680 οὖν,
2809 618 2892 671 δτι
2914 617 3006 669 τὸν
3032 613 3326 686 Ναθαναὴλ
3369 608 3508 666 εἶδεν
3537 614 3569 665 ὁ
3598 610 3824 682 Κύριος,

548 722 930 777 Nathanaelem
964 720 1223 776 Dominus
1256 721 1390 776 vidit
1444 722 1549 776 sub
1567 722 1690 775 —flcu
1720 760 1737 783 ,
1776 720 1988 776 scilicet
2029 721 2132 775 sub

543 816 659 886 lege
674 802 1021 871 exsistentem
1040 814 1140 886 (α),
1158 815 1261 870 hoc
1279 826 1381 877 est,
1406 814 1544 868 intra
1568 814 1759 885 legem,
1783 824 1837 868 et
1865 815 2131 882 profunda

544 908 674 976 legis
720 917 1077 963 scrutantem.
1102 906 1237 962 Nam
1296 908 1339 962 si
1381 923 1487 962 non
1521 918 1665 963 esset
1692 917 1970 963 scrutatus
2003 922 2132 977 pro-

546 999 712 1053 funda
786 1000 917 1068 legis
1017 1000 1332 1067 neutiquam
1390 1000 1618 1055 vidisset
1672 1014 1797 1054 eum
1853 1001 2133 1054 Dominus.

548 1089 704 1143 Scias
730 1093 911 1144 autem
957 1098 1013 1145 ct
1076 1090 1198 1154 hoc,
1261 1089 1405 1159 quod
1460 1090 1681 1145 Galilaea
1745 1092 2137 1159 interpretatur

557 1201 577 1233 ι
604 1181 986 1237 ἀρνοιιιὺὶιίε.»
1017 1182 1197 1237 Esivit
1224 1185 1387 1255 igitur
1418 1184 1678 1240 Dominus
1702 1184 1753 1237 in
1777 1184 2133 1240 devolubilem

553 1274 711 1343 hujus
739 1276 925 1330 mundi
976 1277 1271 1345 regionem,
1303 1278 1387 1331 vel
1422 1278 1589 1331 etiam
1633 1276 1925 1331 humanam
1972 1286 2133 1329 natu-

552 1378 703 1418 ram:
733 1376 785 1421 et
818 1382 917 1421 nos
942 1369 1042 1421 sub
1068 1367 1171 1421 'ﬂcu
1207 1384 1417 1434 sumus,
1450 1369 1554 1422 hoc
1602 1377 1685 1424 est
1716 1378 1940 1438 peccato
1966 1368 2132 1432 dulei,

549 1459 832 1513 cuietiam
882 1475 990 1514 non
1040 1475 1229 1527 parum
1280 1462 1661 1517 amaritudinis
1730 1466 1878 1517 adest
1912 1473 2137 1533 propter

551 1552 943 1620 paenitudinem
969 1564 1024 1608 et
1050 1554 1253 1621 judicia
1295 1563 1572 1609 secutura.
1618 1552 1771 1609 Sicut
1827 1554 2136 1608 misericors

549 1644 697 1697 videt
729 1659 793 1698 ac
821 1644 971 1713 eligit
1022 1660 1117 1701 eos
1145 1646 1237 1715 qui
1268 1647 1511 1701 fatentur
1553 1647 1731 1716 ipsum
1778 1644 1973 1700 Filium
2017 1644 2133 1709 Dei,

550 1742 607 1787 et
634 1748 811 1805 regem
841 1737 960 1805 ejus
990 1736 1156 1790 Israel
1196 1737 1287 1805 qui
1318 1736 1463 1791 videt
1504 1735 1691 1790 Deum.
1738 1734 1806 1789 Et
1834 1735 1878 1788 si
1914 1732 2133 1804 quidem

2236 720 2357 772 ἀντὶ
2401 717 2494 769 τοῦ
2525 712 2725 782 Rapio;
2770 708 3061 777 ὲπέϐλεψε,
3099 707 3193 760 καὶ
3226 706 3325 777 τήν
3388 703 3614 758 σύνεσιν
3657 703 3821 756 αὐτοῦ

2236 806 2591 877 κατενόησεν,
2626 804 2720 858 καὶ
2748 802 2828 855 έτι
2857 800 2963 855 ὑπὸ
2991 799 3083 853 τὸν
3117 799 3285 869 νόμον
3307 798 3484 861 ὄντος.
3534 797 3610 849 Σὺ
3644 795 3706 850 δέ
3736 812 3825 865 μοι

2235 901 2331 956 καὶ
2354 897 2535 969 τούτῳ
2559 897 2650 951 τὸν
2670 895 2795 948 νοῦν
2822 893 3141 962 ἐπίστησον,
3175 890 3292 956 εἴγε
3312 888 3479 959 θέλγῃ
3507 890 3625 950 τοῖς
3648 885 3821 939 τοιοὺ-

2234 1011 2375 1059 τοις,
2404 992 2488 1047 ὅτι
2550 990 2643 1044 τὸν
2681 984 2979 1055 Ναθαναὴλ
3026 984 3055 1036 ό
3092 983 3310 1054 ’Κύριος
3376 976 3522 1033 εἶδεν
3575 979 3688 1032 ὑπο
3722 978 3819 1047 τήν

2240 1089 2437 1159 συκῆν,
2471 1086 2593 1157 ήτοι
2649 1082 2755 1136 ὑπὸ
2816 1080 2910 1134 τὸν
2959 1077 3147 1149 νόμον,
3198 1076 3484 1131 τουτέστιν
3524 1074 3681 1138 ὲντδς
3732 1071 3825 1126 τοῦ

2238 1182 2433 1252 νόμου,
2489 1178 2584 1231 καὶ
2612 1176 2679 1228 τὰ
2710 1173 2849 1245 βάθη
2906 1171 3074 1225 αὐτοῦ
3114 1168 3449 1240 ἐρευνῶντα.
3481 1167 3546 1220 Εί
3593 1165 3707 1238 γὰρ
3752 1167 3827 1236 μή

2234 1275 2305 1326 τὰ
2336 1272 2476 1343 βάθη
2506 1269 2603 1323 τοῦ
2662 1269 2833 1335 νόμον
2880 1264 3111 1337 ήρεύνα,
3142 1265 3246 1317 οὐκ
3281 1264 3348 1316 ἂν
3400 1260 3565 1314 αὐτὸν
3599 1255 3747 1314 εἶδεν
3800 1263 3829 1313 ὁ

2236 1367 2466 1437 Κύριος.
2503 1363 2643 1419 Ἰσθι
2670 1362 2731 1417 δὲ
2769 1362 2862 1416 καὶ
2897 1359 3082 1423 τοῦτο,
3115 1358 3198 1412 ὅτι
3222 1355 3484 1411 Γαλιλαία
3517 1354 3829 1425 ἑρμηνεύε-

2234 1477 2346 1521 ται,
2383 1454 2819 1521 κατακυλεστή.
2870 1449 3127 1523 Ἐξῆλθεν
3154 1446 3249 1505 οὖν
3290 1451 3319 1502 ὀ
3374 1448 3581 1519 Κύριος
3614 1449 3697 1511 είς
3726 1447 3828 1516 τὴν

2235 1549 2647 1620 κατακυλιστήν
2671 1551 2863 1602 τούτου
2896 1546 2994 1601 τοῦ
3020 1545 3228 1617 κόσμου
3258 1544 3292 1615 ἦ
3327 1542 3534 1615 χώραν,
3605 1543 3703 1594 καὶ
3728 1541 3828 1611 τήν

2236 1644 2399 1713 φύσιν
2421 1643 2520 1711 τὴν
2565 1639 2943 1711 ἀνθρωπίνην,
3003 1639 3100 1692 καὶ
3152 1636 3317 1700 ὄντας
3364 1636 3516 1706 ήμᾶς
3560 1633 3669 1688 ὑπὸ
3729 1633 3830 1703 τὴν

2237 1735 2431 1802 συκῆν,
2460 1732 2715 1787 τουτέστι
2763 1732 2865 1802 τὴν
2894 1732 3148 1802 ὲνήδονον
3174 1727 3477 1800 ἁμαρτίαν,
3568 1725 3665 1779 καὶ
3710 1726 3826 1796 δρι-

554 1826 796 1881 studium
827 1828 1261 1891 adhibuerimus,
1284 1837 1337 1882 et
1367 1827 1667 1896 majoribus
1692 1841 1791 1880 nos
1825 1825 2138 1895 dignabitur

2247 1829 2421 1898 μύτης
2441 1828 2544 1881 οὐκ
2575 1826 2730 1897 ὀλίγη
2763 1825 2983 1879 σύνεστι
3012 1824 3101 1879 διὰ
3134 1822 3236 1895 τήν
3274 1820 3674 1893 μεταμέλειαν,
3736 1820 3832 1873 καὶ

551 1919 911 1987 spectaculis,
991 1930 1048 1975 et
1115 1921 1419 1975 videbimus
1497 1920 1721 1991 angelos
1782 1922 2137 1974 ascendentes

2247 1921 2307 1974 τὰ
2360 1922 2478 1974 ἐκεῖ
2525 1918 2913 1991 δικαιωτήρια,
2959 1917 3036 1981 ὡς
3091 1916 3478 1987 φιλάνθρωπος
3543 1912 3679 1976 εἶδε,
3741 1914 3832 1965 καὶ

550 2013 768 2081 quidem
821 2014 889 2067 ad
931 2016 1299 2069 summitatem
1350 2014 1676 2084 cognitionis
1717 2012 1853 2067 Dei:
1907 2014 2139 2067 descen-

2247 2011 2528 2079 ἐξελέξατο
2551 2010 2955 2081 ὁμολογοῦντας
2983 2011 3149 2064 αὐτὸν
3184 2007 3314 2061 Υίδν
3350 2005 3512 2069 Θεοῦ,
3552 2006 3651 2059 καί
3676 2004 3833 2074 βασι-

550 2110 742 2160 dentes
772 2120 899 2161 vero
944 2106 1164 2171 iterum,
1203 2107 1688 2176 incoguoscibilem
1733 2107 1852 2177 ejus
1880 2110 2141 2161 substan-

2247 2106 2345 2159 λέα
2371 2102 2470 2157 τοῦ
2512 2103 2730 2176 Ἰσραὴλ
2763 2102 2860 2156 τοῦ
2884 2104 3123 2174 ὁρῶντος
3153 2101 3311 2155 Θεόν.
3351 2101 3416 2155 Et
3449 2100 3507 2153 δέ
3539 2116 3605 2167 γε
3632 2097 3835 2151 ἐπιτεί-

474 2182 477 2191 ῖ
553 2197 685 2251 tiam
709 2197 1119 2267 deprehendere
1150 2216 1253 2255 non
1287 2201 1554 2255 valentes.
1587 2200 1684 2255 Vel
1716 2201 1892 2263 aliter,
1928 2200 2136 2254 Ascen-

2247 2212 2431 2265 νοιμεν
2458 2194 2557 2265 τήν
2591 2194 2848 2265 σπουδήν,
2876 2197 2973 2247 καὶ
3010 2182 3275 2263 μειζόνων
3320 2190 3660 2255 καταξιὼσει
3687 2190 3834 2259 ἡμᾶς

556 2292 636 2346 dit
672 2293 815 2361 quis,
848 2293 1066 2362 quando
1097 2304 1346 2348 versatur
1374 2294 1431 2349 in
1460 2293 1805 2349 sermonibus
1837 2294 1903 2347 de
1934 2293 2137 2347 deitate

2247 2288 2557 2357 θεαμάτων,
2594 2290 2689 2340 καὶ
2710 2286 2959 2358 ὀψόμεθα
2991 2286 3120 2349 τοὺς
3142 2285 3411 2355 ἀγγέλους
3430 2282 3834 2343 ἀναϐαίνοντας

558 2380 842 2451 Unigeniti
867 2401 881 2438 :
902 2384 1181 2438 descendit
1210 2394 1414 2450 autem,
1439 2385 1657 2455 quando
1684 2395 1916 2438 tractare
1945 2386 2141 2453 gaudet

2249 2382 2350 2452 μὲν
2384 2382 2523 2452 πρὸς
2566 2381 2628 2434 τὸ
2662 2381 2796 2452 ὒψος
2829 2381 2928 2452 τῆς
2960 2379 3127 2434 αὑτοῦ
3167 2378 3625 2448 θείαςιγνὼσεως,
3666 2392 3835 2430 κατα-

553 2487 834 2529 εοιαιοηρε
861 2478 926 2530 de
952 2474 1328 2531 incarnatione
1370 2487 1425 2531 et
1456 2479 1718 2532 descensu
1743 2477 1797 2529 in
1841 2475 2136 2529 infernum.

2247 2474 2542 2535 ϐαίνοντας
2605 2472 2664 2527 δὲ
2715 2474 2902 2537 πάλιν,
2935 2472 3026 2527 διὰ
3053 2471 3151 2526 τοῦ
3195 2472 3270 2543 μὴ
3298 2472 3525 2541 φθάνειν
3571 2467 3838 2537 κατανοῆ·

556 2583 647 2621 σαι
672 2566 772 2638 τήν
801 2568 1081 2638 ἄγνωστον
1107 2570 1319 2624 οὐσίαν.
1356 2570 1469 2625 Kal.
1514 2569 1689 2633 ἄλλως
1712 2570 1791 2635 δὲ,
1839 2567 2127 2622 ἀναϐαίνει
2158 2584 2268 2630 τις,
2338 2568 2430 2621 ὅτε
2462 2570 2577 2632 τοϊς
2634 2570 2763 2637 περὶ
2788 2566 2888 2635 τῆς
2917 2566 3174 2637 θεότητος
3222 2564 3316 2619 τοῦ
3361 2562 3711 2633 Μονογενοῦς
3736 2562 3822 2617 λό-

552 2675 672 2728 γοις
704 2660 1066 2733 ένδιατρίϐει·
1103 2660 1427 2716 καταϐαίνει
1461 2661 1542 2727 δὲ,
1574 2662 1663 2715 ὅτε
1689 2665 1803 2725 τοῖς
1826 2661 1957 2731 περ)⁵
1992 2657 2199 2730 σαρκὸς
2224 2658 2320 2713 καὶ
2356 2658 2457 2729 τῆς
2490 2660 2550 2711 ὲν
2581 2657 2660 2729 τῷ
2682 2658 2784 2731 ᾅδῃ
2816 2657 3184 2721 καταϐάσεως
3224 2658 3623 2729 ὲμφιλοχωρεῖ.

1178 2776 1410 2833 CAPUT
1447 2778 1515 2833 ll.

558 2874 638 2929 De
662 2873 861 2943 nuptiis
884 2874 938 2927 in
964 2871 1115 2927 Cana
1156 2869 1416 2943 Gali/(rce.
1465 2872 1538 2925 De
1575 2872 1808 2937 expulsis
1841 2889 1870 2926 ε
1926 2872 2118 2943 templo

874 2943 955 2997 De
981 2944 1101 3007 hoc,
1133 2942 1334 2999 Solvite
1371 2944 1619 3013 templum
1651 2944 1817 2998 istud.

634 3126 800 3183 Vens.
832 3125 950 3182 ιοι.
986 3145 1010 3180 ι
1045 3125 1114 3182 Ει
1140 3125 1226 3182 die
1254 3126 1415 3182 tertia
1466 3124 1623 3181 factae
1678 3134 1805 3181 sunt
1854 3126 2056 3197 nuptize
2090 3124 2143 3179 in

557 3221 704 3277 Cana
737 3220 1009 3285 Galilzezc,
1043 3230 1097 3276 et
1122 3230 1242 3276 erat
1284 3228 1458 3275 mater
1480 3219 1609 3275 Jesu
1651 3220 1747 3275 ibi.
1795 3218 2035 3275 Vocatus
2062 3228 2148 3275 est

560 3326 741 3367 autem
770 3323 823 3367 et
848 3313 1005 3368 Jesus
1034 3327 1098 3366 ac
1125 3312 1375 3381 discipuli
1416 3314 1537 3382 ejus
1561 3313 1626 3366 ad
1656 3314 1895 3380 nuptias.
1926 3312 1992 3366 Et
2022 3328 2144 3366 cum

560 3406 855 3461 defecisset
893 3407 1100 3464 vinum,
1137 3404 1270 3462 dicit
1302 3414 1477 3459 mater
1505 3403 1634 3461 Jesu
1664 3408 1729 3459 ad
1753 3422 1875 3461 eum
1904 3426 1918 3460 :
1955 3405 2145 3459 Vinum

560 3514 669 3553 non
713 3498 936 3553 habent.
975 3497 1115 3552 Dicit
1142 3498 1190 3552 ei
1236 3494 1397 3553 Jesus
1421 3514 1439 3553 :
1467 3495 1607 3563 Quid
1650 3497 1782 3552 mihi
1814 3506 1870 3552 et
1907 3496 2004 3551 tibi
2043 3506 2145 3560 est,

562 3590 803 3645 mulier?
864 3589 1112 3644 Nondum
1171 3590 1315 3644 venit
1364 3589 1497 3644 hora
1549 3603 1691 3644 mea.
1738 3612 1758 3642 ε
1822 3587 2033 3643 Vocant
2077 3588 2145 3643 ad

563 3685 780 3752 nuptias
828 3682 1137 3748 Dominum,
1171 3698 1276 3738 non
1308 3685 1449 3755 quod
1478 3683 1711 3737 viderint
1746 3682 2029 3747 miracula,
2061 3681 2145 3735 vel

563 3772 709 3825 aliud
747 3772 1004 3841 quiddam
1051 3788 1343 3847 magnum:
1378 3774 1472 3827 sed
1515 3773 1837 3842 simpliciter
1866 3780 2064 3828 vocant
2090 3782 2149 3825 ut

565 3876 776 3929 natum,
832 3868 979 3921 unde
1029 3865 1130 3920 hoc
1187 3853 1500 3934 significans
1555 3865 1922 3937 Evangelista.
1978 3866 2146 3920 dicit:

567 3970 591 4013 σ
626 3958 757 4014 Erat
812 3967 990 4013 autem
1028 3968 1205 4014 mater
1255 3958 1385 4014 Jesu
1433 3966 1489 4014 et
1540 3958 1740 4015 fratres
1819 3958 1939 4028 ejus
1988 3958 2083 4012 ibi.
2126 3976 2145 4010 ι

565 4054 735 4119 Igitur
765 4049 909 4105 sicut
942 4048 1087 4103 illam
1119 4058 1175 4104 et
1222 4048 1443 4117 fratres,
1496 4050 1569 4103 ita
1605 4059 1662 4106 et
1701 4048 1888 4105 Jesum
1914 4063 2150 4104 vocave-

568 4150 719 4197 runt.
750 4142 921 4197 Alfuit
942 4151 1122 4197 autem
1153 4142 1288 4212 ipse,
1321 4152 1374 4197 et
1406 4142 1746 4198 vocationem
1784 4157 1889 4196 non
1922 4142 2142 4213 repulit,

2850 2775 3104 2831 ΚΕΦᾹΔ.
3156 2776 3231 2832 Β’.

2252 2868 2393 2937 Περὶ
2423 2866 2532 2923 τοῦ
2566 2868 2636 2921 ὲν
2668 2866 2835 2937 Harii
2863 2868 3078 2939 γάμου.
3102 2872 3241 2939 Περὶ
3266 2869 3388 2925 τῶν
3423 2870 3841 2938 ἐκϐληθέντων

2324 2942 2393 2992 ἐκ
2418 2939 2526 2993 τοῦ
2591 2940 2774 3008 ἱεροῦ.
2846 2940 2992 3009 Περὶ
3046 2941 3177 3006 τοῦ,
3231 2945 3473 2997 Λύσατε
3532 2945 3645 2998 τὸν
3692 2948 3840 2998 ναὸν·

2169 3005 2213 3064 C
2314 3009 2563 3065 τοῦτον.

2323 3141 2343 3174 ι
2386 3123 2497 3177 Καὶ
2520 3125 2588 3195 τῇ
2622 3124 2809 3197 ήμέρᾳ
2844 3128 2912 3198 τῇ
2948 3127 3110 3201 τρίτῃ
3157 3129 3336 3202 γάμος
3368 3129 3589 3200 ἐγένετο
3621 3130 3681 3183 ἐν
3720 3133 3839 3187 Ka-

2246 3216 2314 3286 νᾷ
2336 3217 2433 3287 τῆς
2464 3216 2780 3283 Γαλιλαίας,
2814 3217 3001 3292 καὶῆν
3032 3223 3065 3293 ή
3112 3225 3299 3294 μήτηρ
3331 3224 3426 3277 τοῦ
3491 3224 3671 3296 Ἰησοῦ
3701 3226 3837 3279 ἐκεῖ.

2260 3308 2497 3379 Ἐκλήθη
2544 3309 2603 3363 δὲ
2649 3311 2745 3365 καὶ
2803 3313 2833 3365 ὁ
2882 3312 3113 3383 Ἰησοῦς,
3148 3314 3244 3368 καὶ⁸
3299 3316 3351 3368 οἱ
3394 3316 3644 3387 μαθηταὶ
3671 3316 3839 3373 αὐτοῦ

2248 3401 2330 3465 είς
2382 3401 2479 3454 τὸν
2523 3402 2722 3471 γάμον.
2774 3404 2886 3457 Καὶ
2932 3405 3335 3477 ὑστερήσαντος
3393 3409 3561 3474 οίνου,
3624 3410 3776 3479 λέγει
3806 3413 3838 3478 ή

2252 3492 2438 3563 μήτηρ
2481 3490 2575 3544 τοῦ
2619 3491 2800 3564 Ἰησοῦ
2853 3496 2993 3566 πρὸς
3040 3498 3237 3549 αὐτόν·
3284 3493 3444 3551 Οἶνον
3482 3500 3583 3553 οὐκ
3632 3500 3835 3572 ἔχουσι.

2248 3583 2414 3651 Λέγει
2460 3586 2597 3656 αὐτῇ
2651 3586 2680 3638 ό
2747 3585 2980 3656 Ἰησοῦς·
3040 3585 3105 3640 Τί
3140 3590 3264 3658 ἐμοὶ
3310 3590 3405 3643 καὶ
3474 3593 3578 3654 σοὶ,
3630 3592 3837 3659 γύναις

2247 3677 2417 3733 Οὔπω
2446 3679 2574 3750 ἥκει
2606 3680 2639 3748 ή
2682 3678 2802 3752 ὥρα
2839 3697 2966 3751 μου.
3009 3700 3029 3734 s
3069 3682 3346 3736 Καλοῦσιν
3380 3685 3461 3747 είς
3511 3684 3607 3737 τὸν
3665 3688 3841 3757 γάμον

2249 3770 2341 3822 τὸν
2372 3768 2601 3839 Κύριον,
2637 3769 2737 3839 οὐχ
2771 3768 2848 3833 ὡς
2887 3770 3145 3841 θαύματα
3178 3772 3381 3835 ἰδόντες
3406 3814 3422 3839 ,
3476 3774 3587 3828 οὐδ’
3616 3775 3696 3838 ὡς
3750 3779 3843 3847 μέ-

2250 3877 2355 3927 γαν
2380 3863 2520 3922 τινά,
2562 3862 2675 3915 ἀλλ’
2701 3862 2888 3926 ἀπλως
2912 3865 3009 3916 καὶ
3040 3865 3116 3925 ὡς
3183 3864 3495 3936 γνώριμον,
3532 3864 3659 3921 ὅθεν
3687 3868 3844 3922 τοῦτο

2255 3952 2540 4022 σημαίνων
2572 3954 2600 4005 ὁ
2624 3953 3041 4023 εὐαγγελιστὴς,
3068 3955 3232 4023 φησιν
3259 3972 3274 3985 ·
3314 3974 3333 4006 ι
3369 3952 3477 4010 Ἦν
3502 3958 3559 4010 δὲ
3590 3960 3625 4028 ή
3660 3959 3844 4029 μήτηρ

2254 4044 2349 4096 τοῦ
2399 4043 2576 4115 Ἰησοῦ
2615 4045 2709 4099 καὶ
2733 4047 2781 4099 οί
2807 4045 3029 4115 ἀδελφοὶ
3062 4048 3227 4101 αὑτοῦ
3252 4049 3388 4101 ἐκεῖ.
3435 4067 3453 4100 ι
3489 4048 3711 4119 Ὠσπερ
3752 4049 3841 4104 οὖν

2251 4136 2473 4208 ἐκείνην
2521 4138 2616 4191 καὶ
2664 4140 2793 4202 τοὺς
2829 4139 3120 4209 ἀδελφοὺς,
3153 4140 3298 4196 οὕτω
3327 4143 3424 4197 καὶ
3474 4143 3569 4195 τὸν
3636 4144 3842 4213 Κύριον

567 4236 693 4300 quia
745 4250 853 4289 non
910 4236 1150 4305 respexit
1209 4238 1275 4288 ad
1329 4251 1482 4289 suam
1540 4236 1879 4306 dignitatem,
1931 4238 2023 4291 sed
2081 4237 2142 4289 ad

2254 4230 2542 4286 ἐκάλεσαν.
2592 4230 2648 4285 '0
2680 4232 2736 4285 δὲ
2763 4232 2966 4303 Κύριος
3006 4235 3394 4303 παραγίνεται,
3431 4237 3528 4289 καὶ
3562 4237 3668 4290 οὐκ
3703 4240 3844 4289 άπα-

567 4327 854 4381 militatem
882 4335 938 4381 et
984 4326 1248 4382 beneficia
1290 4335 1497 4381 nostra.
1530 4328 1666 4382 Nam
1706 4329 1797 4398 qui
1848 4343 1952 4381 non
1994 4329 2142 4383 dedi-

2257 4322 2360 4387 ξιοῖ
2411 4324 2511 4395 τὴν
2541 4325 2760 4395 κλῆσιν,
2784 4326 2865 4378 ὅτι
2893 4326 2968 4398 μή
2991 4329 3073 4392 είς
3117 4330 3215 4398 τὴν
3239 4329 3450 4383 οἰκείαν
3476 4329 3641 4395 ἀξίαν
3675 4332 3842 4402 ἐώρα,

566 4432 763 4492 gnatus
803 4419 964 4492 532
1014 4430 1098 4475 est
1154 4419 1268 4474 fieri
1329 4434 1563 4483 servus,
1606 4420 1775 4474 multo
1817 4421 1987 4489 magis
2043 4435 2142 4473 non

2258 4417 2393 4470 ἀλλά
2428 4417 2565 4486 πρὸς
2599 4419 2699 4489 τὴν
2736 4419 3010 4488 ὠφέλειαν
3046 4419 3141 4474 καὶ
3179 4421 3504 4495 εὐεργεσίαν
3538 4423 3723 4493 ἡμῶν.
3790 4424 3845 4475 ’0

567 4515 892 4584 dedignatus
923 4523 1007 4568 est
1040 4511 1228 4568 venire
1279 4512 1344 4566 ad
1382 4512 1624 4582 nuptias.
1666 4510 2003 4566 Exhortatur
2051 4527 2142 4565 att-

2260 4512 2369 4581 γὰρ
2422 4512 2497 4582 μὴ
2558 4511 2881 4575 ἀπαξιώσας
2942 4513 3198 4580 γενέσθαι
3256 4517 3316 4568 ἐν
3371 4514 3603 4579 δούλοις,
3655 4516 3841 4587 πολλῷ

569 4617 677 4662 tetu
716 4608 865 4661 illum
901 4616 1074 4661 mater
1099 4616 1158 4660 ut
1191 4606 1352 4661 faciat
1379 4604 1722 4667 miraculum,
1750 4619 1869 4672 qua:
1895 4619 2142 4673 magnam

2262 4602 2467 4675 μᾶλλον
2488 4605 2589 4657 οὐκ
2627 4605 2692 4658 ἂν
2718 4605 3034 4673 ἀπηξίωσεν
3082 4607 3164 4663 είς
3196 4606 3375 4677 γάμον
3420 4596 3844 4680 ὲλθεῐνέῐίαραι

568 4702 637 4753 de
681 4700 849 4769 ipsius
897 4707 1167 4768 potestate
1213 4704 1535 4771 sumpserat
1555 4696 1897 4765 opinionem,
1937 4706 2043 4749 tam
2081 4698 2142 4750 ob

2257 4696 2415 4750 καλεί
2451 4697 2507 4750 δὲ
2537 4698 2702 4751 αὐτὸν
2737 4701 2768 4770 ή
2810 4700 2996 4770 μήτηρ
3028 4701 3110 4765 είς
3159 4699 3633 4772 θαυματουργίαν,
3672 4704 3844 4773 μεγά-

570 4796 1008 4860 οοιιιιεριιοηρηι,
1038 4804 1199 4858 quam
1241 4790 1311 4844 ob
1344 4799 1579 4859 partum.
1614 4786 1806 4842 Omnia
1837 4790 1981 4843 enim
2020 4804 2154 4843 con-

573 4884 829 4937 servabat
862 4883 912 4935 iu
944 4881 1113 4937 corde
1151 4896 1253 4935 suo
1275 4881 1340 4946 ",
1376 4892 1429 4935 et
1456 4896 1521 4935 ex
1555 4880 1661 4935 illis
1678 4880 1951 4949 cogitabat
1987 4881 2153 4935 lilium

570 4975 773 5042 aliquid
816 4988 975 5040 posse
1020 4987 1184 5043 supra
1238 4973 1539 5025 hominem.
1578 4968 1763 5039 Neque
1800 4972 1945 5023 enim
1987 4981 2159 5025 mater

569 5069 688 5135 ejus
718 5076 775 5120 ut
800 5076 983 5120 oraret
1019 5082 1141 5120 cum
1182 5066 1249 5119 ad
1282 5064 1589 5120 faciendum
1641 5064 1858 5133 aliquod
1911 5063 2143 5117 miracu-

572 5162 706 5224 lum,
741 5177 807 5215 ex
836 5162 940 5213 alio
973 5162 1115 5228 quod
1149 5160 1300 5227 prius
1326 5161 1537 5212 viderat
1573 5159 1773 5223 facere,
1805 5158 2021 5211 inducta
2052 5170 2154 5213 εει.

573 5253 705 5307 Nam
761 5268 885 5307 cum
941 5267 1072 5320 puer
1113 5262 1275 5314 esset,
1344 5251 1549 5304 nullum
1606 5250 1734 5303 fecit
1790 5250 2151 5305 miraculum:

571 5346 697 5414 quia
745 5345 788 5398 si
841 5342 1075 5406 fecisset,
1127 5352 1290 5396 notus
1322 5342 1513 5395 fuisset
1554 5344 1826 5397 omnibus.
1860 5344 2156 5395 Audiverat

572 5441 700 5491 item
750 5448 923 5490 mater
970 5438 1035 5491 de
1076 5435 1401 5491 testimoniis
1446 5432 1696 5496 lennn‘is,
1749 5451 1867 5503 quae
1921 5435 1988 5487 de
2042 5436 2155 5503 ipso

573 5542 690 5586 erat
733 5541 984 5597 testatus,
1024 5532 1348 5599 videbatque
1394 5530 1505 5598 jam
1552 5539 1605 5582 et
1636 5529 1930 5597 discipulos
1979 5529 2151 5597 ipsum

642 5670 685 5698 “
714 5667 841 5721 Luc.
880 5682 1033 5731 Hm,
1079 5666 1163 5721 19.

2253 4790 2354 4859 λην
2406 4792 2537 4861 περὶ
2590 4792 2689 4861 τῆς
2737 4791 2901 4844 αὐτοῦ
2958 4792 3245 4863 δυνάμεως
3290 4794 3533 4847 λαϐοῦσα
3567 4796 3841 4868 ὑπόληψιν

2253 4882 2364 4934 ἀπό
2387 4898 2445 4935 τε
2477 4883 2577 4953 τῆς
2636 4883 2975 4955 συλλήψεως,
3017 4886 3127 4939 ἀπὸ
3170 4903 3229 4938 τε
3295 4888 3390 4941 τοῦ
3419 4888 3610 4943 τόκου.
3661 4890 3842 4944 Πάντα

2255 4974 2367 5045 γὰρ
2399 4976 2689 5046 συνετήρει
2724 4977 2784 5029 έν
2814 4981 2881 5049 τῇ
2931 4979 3133 5051 καρδίᾳ
3161 4981 3358 5051 αὐτῆς,
3403 4982 3498 5035 καὶ
3538 4985 3605 5036 ὲκ
3639 4984 3844 5037 τούτων

2256 5065 2536 5132 ἐλογίζετο
2574 5066 2665 5117 τὸν
2684 5066 2799 5119 υίδν
2831 5068 2972 5138 ὑπὲρ
2997 5068 3285 5140 ἄνθρωπον
3306 5069 3590 5124 δύνασθαι.
3633 5074 3709 5124 Οὐ
3739 5074 3842 5139 γὰρ

2256 5158 2322 5230 δὴ
2350 5159 2457 5211 ἀπὸ
2480 5160 2573 5212 τοῦ
2611 5160 2705 5213 καὶ
2735 5160 2870 5214 ἀλλα
2903 5161 3163 5232 θαύματα
3199 5165 3425 5232 ποιῆσαι
3470 5166 3562 5215 τὸν
3612 5164 3839 5234 Ἰησοῦν,

2264 5255 2646 5323 παρακαλέσαι
2701 5256 2867 5309 αὐτὸν
2916 5257 3166 5328 προήχθη
3212 5258 3246 5328 ὴ
3286 5259 3472 5329 μήτηρ
3529 5261 3611 5320 εἰς
3668 5260 3837 5312 τοῦτο.

2265 5347 2399 5411 Παῖς
2433 5349 2539 5418 γὰρ
2575 5348 2672 5414 ὢν,
2729 5350 2881 5402 οὐδὲν
2934 5349 3494 5423 ὲθαυματοῦργησεν·
3537 5346 3573 5423 ἧ
3634 5351 3745 5420 γὰρ
3777 5352 3838 5402 ἂν

2262 5442 2534 5512 ἐπίσημος
2579 5446 2745 5497 πᾶσιν
2784 5439 2873 5513 ἧν.
2935 5446 3087 5515 ’Ἅμα
3146 5443 3205 5497 δὲ
3263 5446 3297 5515 ή
3354 5445 3542 5517 μήτηρ
3594 5445 3693 5498 καὶ
3740 5443 3840 5495 τῶι

2269 5537 2587 5605 μαρτυριῶν
2631 5536 2877 5591 Ἰωάννου
2902 5537 3207 5609 ἐμέμνητο,
3239 5536 3305 5602 ἃς
3322 5539 3452 5609 περὶ
3472 5536 3641 5593 αὐτοῦ
3672 5540 3839 5606 Epap-

647 5813 886 5882 (a)Edit.
917 5809 1039 5866 Lnt.
1080 5809 1357 5862 Dominum
1393 5808 1520 5861 vidit
1554 5810 1726 5860 adhuc
1760 5809 1851 5860 sub
1881 5809 1987 5877 lege
2016 5810 2371 5863 (uiuentem.
