4078 6330
223 368 391 445 ’1189

868 358 1181 425 ENARRA
1197 360 1318 419 ’ΠΟ
1358 359 1440 419 IN
1484 354 1734 419 EVANG
1750 352 1827 414 EI.

1937 353 1993 411 Μ
2031 349 2382 414 JOANNIS.
2422 365 2490 414 -τ
2524 346 2682 409 CAP.
2725 345 2808 405 II.

3412 322 3553 406 1190

239 482 509 553 τὺρησεν,
542 476 738 533 έδλεπέ
766 488 825 530 τε
857 474 961 546 ήδη
994 474 1092 528 καῖ
1119 471 1370 543 μαθητὰς
1407 468 1561 538 αὐτῷ
1603 468 1827 521 ἀκολου-

1948 476 2279 534 sequentes:
2316 472 2369 517 et
2410 477 2475 517 ex
2511 462 2594 517 his
2624 459 2883 515 omnibus
2913 456 3256 525 conjeclabat
3287 456 3547 513 virtutem

240 572 478 636 θοῦντας
501 589 514 604 ο
557 572 653 626 καὶ
684 571 750 624 ἐκ
808 565 1020 621 τούτων
1072 565 1291 618 πάντων
1329 560 1698 629 ἐτεκμαίρετο
1736 558 1838 628 τὴν

242 665 482 736 δύναμιν
505 663 599 718 τοῦ
632 662 853 725 Παιδὸς.
893 658 954 712 '0
982 659 1039 713 δὲ
1060 658 1291 728 ἐπιτιμᾷ
1322 657 1461 727 αὑτῇ
1478 654 1581 707 οὑκ
1602 653 1834 721 ἀλόγως.

242 760 310 812 Ei
342 759 473 826 γὰρ,
509 756 695 825 φησιν,
722 754 825 806 οὑκ
858 752 1007 806 ἐστιν
1031 746 1199 818 οἶνος,
1230 749 1340 803 ἔδει
1372 747 1571 810 αὐτοὺς
1598 746 1838 808 ἐκείνους

240 849 371 910 τοὺς
406 848 479 916 μὴ
512 846 738 916 ἔχοντας
771 842 1115 915 προσελθεῖν,
1174 840 1271 893 καὶ
1309 838 1566 902 ἀξιῶσαι,
1597 837 1724 906 οὑχ).
1777 836 1836 888 σὲ

238 945 345 1010 τὴν
377 940 627 1009 Μητέρα.
668 936 730 990 Ἦ
767 935 875 1006 γὰρ
903 933 1167 1003 περὶτῶν
1206 929 1425 984 οίκείων
1486 928 1839 999 παράκλησις

244 1032 545 1087 σκάνδαλον
591 1033 804 1097 γίνεται
862 1030 975 1090 τοῖς
1013 1026 1248 1097 ὁρῶσιν
1286 1025 1433 1077 ὅταν
1468 1022 1526 1076 δὲ
1562 1023 1611 1075 οἱ
1646 1020 1839 1092 χρείαν

239 1126 462 1196 εχοντες
500 1124 657 1178 αὑτοὶ
711 1122 975 1183 δέωνται..
994 1120 1311 1173 ἀνύποπτον
1335 1117 1394 1169 τὸ
1422 1117 1659 1187 πρᾶγμα
1684 1114 1837 1183 γίνε-

237 1234 354 1271 ται.
390 1218 462 1270 Τὸ
487 1216 566 1281 δὲ,
614 1234 632 1267 ι
677 1213 843 1269 Οὔπω
877 1214 1004 1283 ἥκει
1036 1214 1069 1282 ἡ
1121 1210 1240 1281 ὥρα
1275 1228 1398 1280 μου,
1440 1228 1457 1260 ι
1504 1209 1694 1278 φησὶν,
1736 1209 1835 1278 οὑχ

238 1309 317 1373 ὡς
351 1309 713 1379 ὑποκείμενος
746 1308 1018 1373 ἀνάγκαις
1049 1303 1279 1374 καιρῶν,
1314 1304 1346 1375 ἢ
1383 1301 1532 1370 ὥρας
1575 1317 1831 1371 παρατηε-

241 1400 512 1471 ροὺμενος
576 1400 693 1461 πῶς
732 1399 842 1468 γὰρ
889 1398 916 1450 ό
958 1395 1195 1466 Ποιητὴς
1226 1395 1335 1446 τῶν
1363 1393 1572 1471 χρόνων
1608 1392 1837 1445 καὶτῶν

236 1492 457 1547 αἰώνων
474 1493 513 1561 ς)
544 1490 660 1544 ἀλλ’
689 1490 775 1543 ὅτι
805 1491 984 1544 πάντα
1016 1485 1157 1558 μετά
1182 1485 1278 1539 τοῦ
1313 1483 1510 1557 καιροῦ
1545 1483 1640 1536 τοῦ
1664 1499 1837 1553 προσ-

236 1588 470 1657 ήκοντος
517 1583 837 1654 ἐργάζεται.
894 1580 1050 1634 Ἐπεὶ
1120 1578 1214 1633 οὖν
1258 1576 1457 1648 ἄδηλος
1484 1572 1553 1648 ἦν
1595 1575 1698 1642 ἔτι,
1743 1574 1839 1628 καὶ

234 1680 521 1748 ἄγνωστος
549 1679 661 1738 τοῖς
700 1674 939 1738 πολλοῖς,
982 1672 1077 1725 καὶ
1099 1669 1223 1725 οὑδὲ
1245 1669 1373 1732 τοὺς
1414 1667 1668 1739 μαθητὰς
1698 1667 1837 1721 πάνσ-

234 1788 341 1834 τας
366 1766 530 1841 εἶχεν,
557 1768 673 1821 ἀλλ’
704 1766 824 1821 οὑδὲ
854 1767 902 1819 oi
935 1766 992 1817 ὲν
1015 1763 1093 1835 τῷ
1115 1762 1283 1833 γάμῳ
1312 1760 1826 1832 αὑτὺνζὲγίνωσκονο

1944 556 2091 612 Filii.
2135 559 2203 609 At
2253 553 2343 611 ille
2399 555 2646 624 increpat
2708 567 2853 615 eam,
2917 564 3024 603 non
3088 550 3346 604 absurde.
3408 550 3549 605 Dicit

1942 646 2112 707 enim,
2144 642 2201 699 Si
2234 659 2344 699 non
2378 645 2532 699 adest
2562 643 2772 707 vinum,
2808 648 3025 709 oportet
3059 638 3181 693 illos
3212 640 3380 709 ipsos.
3425 643 3551 711 φειδ

1945 739 2046 793 bus
2076 739 2251 800 deest,
2283 738 2547 792 accedere
2577 746 2631 792 et
2666 750 2881 806 rogare,
2930 742 2985 789 et
3046 750 3154 787 non
3192 742 3244 787 te
3291 743 3545 789 matrem.

1941 829 2076 885 Nam
2110 832 2330 900 quando
2362 830 2653 884 hortantur
2682 846 2709 881 a
2742 828 3083 896 domesticis,
3116 826 3436 880 scandalum
3487 826 3546 881 ﬁt

1941 924 2274 979 videntibus.
2337 923 2565 990 Quando
2622 929 2805 975 autent
2872 920 2923 975 hi
2992 927 3188 989 rogant
3254 919 3346 989 qui
3404 934 3545 988 Opus

1944 1016 2170 1080 habent,
2234 1016 2548 1085 suspicione
2615 1031 2702 1070 res
2763 1023 2937 1069 caret.
3001 1014 3271 1068 Czeternm
3333 1012 3543 1076 dicens,

1949 1128 1968 1162 ι
1990 1107 2239 1163 Nondum
2262 1110 2415 1162 venit
2441 1108 2575 1162 hora
2601 1122 2740 1173 mea,
2769 1127 2787 1159 ι
2819 1122 2925 1161 non
2952 1107 3067 1161 vult
3093 1106 3240 1177 quod
3270 1105 3546 1161 obnoxius

1944 1204 2016 1257 sit
2053 1202 2478 1256 necessitatibus
2512 1211 2856 1270 temporum.
2916 1200 3001 1255 vel
3058 1202 3221 1253 horas
3264 1198 3544 1266 observet,

1941 1292 2239 1367 (quomodo
2274 1293 2418 1346 enim
2456 1293 2559 1345 hoc
2621 1292 2804 1345 dicere
2852 1304 3136 1360 possemus
3182 1286 3547 1344 de‘Factore

1942 1395 2249 1456 temporum
2277 1394 2333 1437 et
2358 1383 2683 1438 smeulorum
2708 1382 2753 1456 ἲ)
2788 1384 2881 1438 sed
2916 1383 3060 1451 quod
3091 1383 3274 1437 omnia
3297 1393 3545 1448 tempore

1941 1492 2183 1546 congruo
2234 1486 2513 1544 operetur.
2554 1473 2722 1545 Igitur
2764 1475 3025 1546 quoniam
3068 1475 3248 1528 adhuc
3299 1473 3547 1543 incogni-

1940 1575 2027 1620 tus
2087 1574 2229 1628 erat,
2289 1575 2342 1619 et
2381 1564 2631 1619 occultus
2682 1564 2891 1628 multis,
2960 1571 3014 1618 et
3068 1563 3310 1617 nondum
3348 1575 3545 1616 omnes

1938 1658 2179 1714 habebat
2203 1658 2523 1726 discipulos,
2553 1669 2607 1712 et
2626 1672 2801 1722 neque
2826 1656 2905 1722 hi,
2926 1656 3018 1725 qui
3051 1656 3104 1709 in
3130 1655 3335 1724 nuptiis
3362 1663 3543 1714 erant.

1938 1766 2063 1806 eum
2095 1753 2463 1822 agnoscebant
2502 1766 2517 1803 :
2552 1764 2676 1803 nam
2705 1749 2946 1819 alioquin
2997 1748 3098 1818 ipsi
3155 1751 3544 1813 accessissen',

230 1860 270 1936 ἦ
308 1826 702 1933 {regnauerat
731 1858 1037 1929 προσῆλθον
1064 1826 1161 1911 ζωζι
1196 1826 1555 1926 mam;
1579 1853 1710 1922 περί
1735 1852 1827 1906 τοῦ

1940 1853 1993 1901 et
2026 1852 2312 1914 rogassent
2354 1859 2454 1914 pro
2492 1841 2621 1897 vino
2654 1858 2671 1895 :
2699 1842 2825 1912 quia
2867 1842 2979 1895 haec
3006 1841 3190 1895 omnia
3234 1842 3306 1897 ita
3348 1855 3407 1895 se
3442 1840 3543 1895 ha-

232 1958 385 2009 οῐνου
407 1970 421 1985 ⁸
454 1956 579 2009 ἐπεὶ
619 1948 712 2006 οὖν
735 1950 910 2005 ταῦτα
946 1950 1126 2004 πάντα
1157 1946 1247 2020 ἦν,
1301 1948 1393 2001 διὰ
1424 1946 1583 2000 τοῦτό
1624 1962 1793 2015 φησιν
1815 1959 1830 1973 ⁸

238 2072 259 2101 ι
299 2048 469 2102 Οὑπω
510 2048 637 2119 ἥκει
693 2048 725 2116 ἡ
779 2045 898 2113 ὥρα
936 2059 1058 2115 patr
1097 2061 1117 2094 ι
1169 2041 1474 2105 τουτέστιν,
1518 2039 1832 2108 ἐπιτήδειος

230 2142 429 2213 καιρὸς
458 2142 520 2194 οὑ
541 2142 828 2211 πάρεστιν.
862 2136 1004 2189 Ἀλλ’
1028 2136 1106 2188 ἔτι
1126 2132 1408 2186 ἐνίσταται
1440 2134 1473 2202 ἡ
1492 2130 1586 2185 τοῦ
1618 2131 1831 2199 Ἀρείου

228 2232 428 2298 λύττα,
482 2230 653 2295 δεῖξαι
702 2228 1021 2299 πειρωμένη
1068 2226 1159 2279 τὸν
1215 2223 1421 2295 Κύριον
1458 2224 1827 2291 ὑποκείμενον

229 2326 410 2395 ὥραις
449 2324 540 2377 καὶ
607 2324 840 2393 καιροῖς.
878 2321 1137 2375 Μάνθανε
1180 2318 1384 2381 τοίνυν,
1437 2310 1482 2369 ὥ
1521 2316 1829 2386 κατάρατε,

228 2416 309 2479 ὡς
347 2417 395 2468 εἰ
430 2413 687 2466 ὑπέκειτο
723 2411 918 2481 ὥραις,
960 2410 1079 2473 πῶς
1116 2408 1303 2462 λοιπὸν
1345 2408 1573 2478 ἐποίησε
1606 2408 1665 2459 τὸ
1694 2407 1826 2460 θαῦ-

233 2524 359 2578 μα;
400 2505 549 2560 Ἔδει
583 2505 714 2576 γὰρ,
758 2506 903 2557 κατά
943 2504 1034 2556 τὸν
1081 2503 1173 2556 σὺν
1220 2502 1401 2570 λόγον,
1434 2502 1555 2553 ἐπεὶ
1582 2501 1830 2554 δουλεύει

230 2604 409 2671 ὥραις
452 2601 546 2653 καὶ
580 2601 820 2669 καιροῖς,
862 2596 1017 2649 οὔπω
1051 2596 1105 2649 δὲ
1141 2590 1278 2667 ἧκεν
1305 2596 1338 2666 η
1370 2592 1492 2666 ὥρα
1509 2594 1700 2660 αὑτοῦ,
1754 2595 1829 2666 μὴ

228 2692 532 2765 δυνηθῆναι
564 2691 1058 2761 θαυματουργῆσαι
1085 2706 1098 2719 °
1130 2688 1267 2742 ἀλλὰ
1296 2687 1404 2759 μὴν
1446 2688 1831 2759 ὲθαυματοὺρ-

231 2803 406 2858 γησεν
437 2802 451 2817 ο
482 2786 583 2838 οὑκ
637 2784 745 2854 ἄρα
800 2782 1046 2837 δουλεύει
1076 2781 1271 2853 ὥραις.
1313 2781 1459 2853 Ὅρα
1490 2783 1547 2834 δέ
1584 2799 1673 2851 μου.
1712 2780 1830 2844 πῶς

224 2885 336 2936 οὑκ
383 2883 511 2951 άχρι
572 2879 784 2943 τέλους,
843 2878 963 2929 οὐδὲ
996 2876 1088 2930 διὰ
1144 2876 1367 2929 πάντων
1405 2876 1699 2928 ἀντιτείνει
1758 2877 1824 2944 τῇ

228 2973 446 3042 Μητρί·
502 2971 617 3025 ἀλλ’
667 2968 977 3039 ἐπιπλήξας
1022 2970 1241 3039 μικρὸν,
1274 2967 1437 3022 πάλιν
1471 2968 1571 3038 τὴν
1602 2966 1828 3031 ἀξίωσιν

224 3064 404 3134 αὐτῆς
436 3064 657 3136 πληροῖ,
691 3062 872 3133 τιμῶν
898 3062 1091 3131 αὑτὴν.
1123 3063 1215 3114 καὶ
1245 3063 1381 3133 ⁴ἡμῖν
1403 3061 1609 3124 τύπους
1641 3060 1823 3124 διδοὺς

223 3157 330 3227 τῆς
371 3157 510 3227 πρὸς
536 3155 665 3217 τοὺς
691 3152 952 3215 τεκόντας
980 3152 1184 3214 αίδοῦς.
1210 3142 1233 3162 ⁶

306 3352 327 3385 ι
370 3333 536 3401 Λέγει
566 3331 839 3403 ήσΜήτηρ
869 3327 1032 3383 αὑτοῦ
1069 3332 1184 3393 τοῖς
1223 3330 1496 3394 διακόνοις
1518 3349 1531 3363 ·
1564 3331 1634 3385 "0
1656 3349 1707 3384 τι
1759 3330 1825 3384 ἂν

133 3419 136 3421 λ
219 3428 364 3501 λέγῃ
396 3429 545 3497 ὑμῖν,
578 3426 871 3496 ποιήσατε.
906 3419 1088 3476 Ἦσαν
1131 3423 1188 3476 δὲ
1244 3426 1361 3476 ὲκεῖ
1388 3423 1569 3493 ὑδρίαι
1612 3423 1822 3477 λίθιναι

222 3520 289 3586 ἓξ
349 3517 601 3580 κείμεναι
653 3516 797 3568 κατά
832 3514 925 3566 τὸν
965 3513 1314 3583 καθαρισμὸν
1367 3514 1474 3565 τῶν
1518 3513 1821 3579 Ἰουδαίων,

223 3605 511 3681 χωροῦσαι
541 3605 645 3659 ἀνὰ
679 3604 958 3674 μετρητὰς
1001 3603 1153 3673 δύοῆ
1201 3606 1374 3671 τρεῖς.
1431 3604 1596 3672 Λέγει
1633 3606 1823 3667 αὑτοῖς

220 3702 255 3755 δ
306 3697 541 3769 Ἰησοῦς
584 3697 858 3765 Γεμίσατε
911 3696 1012 3758 τὰς
1053 3694 1244 3765 ὑδρίας
1289 3690 1505 3757 ὕδατος.
1556 3696 1669 3748 Καὶ
1703 3697 1827 3763 ὲγέ-

228 3809 401 3863 μισαν
433 3788 608 3851 αὑτάς
650 3788 757 3851 ἕως
800 3789 936 3842 ἄνω.
990 3789 1100 3840 Καὶ
1148 3788 1299 3855 λέγει
1338 3790 1554 3849 αὐτοῖς’
1603 3788 1825 3858 Ἀντλή-

223 3900 359 3937 σατε
382 3882 497 3947 νῦν,
527 3882 624 3935 καὶ
642 3882 839 3951 φέρετε
858 3880 936 3951 τῷ
954 3882 1367 3952 ἀρχιτρικλίνῳ.
1394 3882 1504 3935 Καὶ
1520 3883 1780 3952 ἤνεγκαν·
1801 3900 1821 3935 ι

221 3978 353 4039 Τοῖς
375 3975 648 4038 διακόνοις
675 3973 826 4044 λέγει
850 3976 883 4044 ἡ
915 3976 1140 4046 Μήτηρ*
1178 3994 1195 4026 ι
1229 3976 1296 4028 Ὃ
1327 3993 1379 4028 τι
1410 3976 1475 4029 ἀν
1504 3975 1638 4047 λέγῃ
1669 3976 1822 4046 ὑμῖν,

219 4071 517 4138 ποιήσατε·
559 4086 577 4119 ι
614 4066 757 4120 ὥστε
817 4066 1047 4119 πλείονα
1108 4067 1370 4136 γενέσθαι
1426 4070 1527 4138 τὴν
1575 4072 1821 4139 αἴτησιν,

220 4156 643 4229 προσελθόντων
678 4154 861 4211 αὑτῶν
890 4156 985 4209 καὶ
1024 4157 1437 4226 αἰτησαμένων⁹
1472 4159 1547 4221 ὥς
1577 4160 1645 4213 ἀν
1681 4161 1825 4232 δειχ-

220 4248 316 4320 θῇ,
356 4249 438 4303 ὃτι
471 4248 573 4301 οὑκ
604 4246 891 4310 ἀσθενείας
915 4244 982 4319 ἦν
1012 4250 1045 4319 ἡ
1070 4250 1428 4321 παραίτησις,
1461 4252 1599 4305 ἀλλὰ
1618 4251 1713 4305 τοῦ
1749 4255 1824 4325 μὴ

216 4340 371 4405 δόξαι
420 4340 734 4411 ἐπιτρέχειν
766 4341 885 4403 ταῖς
931 4340 1407 4414 θαυματουργίαις
1454 4344 1543 4396 διὰ
1596 4344 1824 4412 ἐδειξιν

219 4434 320 4486 καὶ
345 4432 500 4486 κενδν
535 4431 724 4502 τύψον.
752 4433 818 4486 Δί
841 4431 897 4485 δὲ
928 4432 1110 4504 ὑδρίαι
1146 4435 1207 4487 αί
1239 4435 1462 4501 λίθιναι,
1492 4438 1573 4500 είς
1599 4437 1692 4489 τὸν
1718 4456 1820 4491 κα-

1937 1935 2184 1990 bebaut:
2227 1952 2246 1985 ι
2295 1932 2547 1989 Nondum
2584 1973 2599 2000 ,
2654 1934 2874 2003 inquit,
2928 1934 3078 1987 venit
3132 1932 3263 1988 hora
3315 1947 3476 1999 mea,
3519 1952 3540 1986 ι

1938 2027 2041 2082 hoc
2076 2039 2184 2092 est,
2220 2036 2591 2095 opportunum
2628 2036 2845 2096 tempus
2875 2028 3117 2080 nondum
3152 2024 3327 2081 adest.
3356 2028 3424 2080 At
3454 2026 3543 2080 hic

1936 2120 2113 2173 adhuc
2141 2129 2296 2187 urget
2320 2118 2437 2172 Arii
2476 2119 2650 2185 furor,
2688 2104 2781 2189 qui
2841 2127 3149 2174 monstrare
3187 2119 3382 2172 nititur
3438 2120 3542 2172 Do-

1912 2210 2143 2264 vmiuum
2179 2210 2332 2265 horis
2359 2221 2414 2265 et
2444 2211 2785 2281 temporibus
2823 2210 3130 2265 subditum.
3165 2211 3323 2265 Disce
3355 2210 3541 2280 igitur,

1936 2315 1970 2355 0
2001 2301 2308 2366 maledicte,
2362 2303 2510 2371 quod
2545 2304 2589 2357 si
2648 2301 2841 2357 fuisset
2891 2302 3042 2357 horis
3094 2311 3150 2356 et
3204 2301 3545 2374 temporibus

1934 2395 2239 2464 subjectus,
2301 2397 2575 2462 quomodo
2640 2405 2828 2465 postea
2890 2394 3117 2452 fecisset
3172 2390 3546 2452 miraculum?

1933 2488 2235 2559 Oportebat
2262 2489 2433 2552 enim,
2470 2493 2774 2544 secundum
2815 2505 3129 2545 sermonem
3166 2500 3343 2555 ttmm,
3372 2504 3546 2561 quan-

1935 2582 2229 2651 doquidem
2272 2583 2506 2639 serviret
2569 2584 2721 2637 horis
2775 2592 2832 2638 et
2889 2584 3250 2652 temporibus,
3298 2584 3542 2637 nondum

1932 2684 2112 2729 autem
2148 2677 2390 2731 venisset
2421 2676 2552 2729 hora
2593 2675 2731 2746 ejus,
2784 2685 2841 2728 ut
2889 2691 2994 2730 non
3042 2684 3233 2744 posset
3269 2675 3536 2729 miracula

1934 2766 2119 2823 facere
2144 2785 2156 2820 :
2186 2769 2279 2821 sed
2308 2768 2633 2822 miraculum
2660 2768 2813 2822 fecit:
2844 2783 2951 2823 non
2986 2768 3152 2840 igitur
3172 2770 3340 2823 servit
3370 2767 3539 2822 horis.

1936 2860 2069 2914 \‘ide
2124 2871 2331 2926 autem,
2369 2875 2491 2927 orn,
2523 2862 2801 2930 quomodo
2850 2878 2958 2915 non
3012 2877 3187 2930 usque
3232 2862 3297 2915 ad
3352 2862 3540 2919 ﬁnem.

1932 2972 2107 3025 neque
2137 2972 2233 3024 per
2262 2956 2442 3008 omnia
2471 2954 2677 3009 resistit
2710 2956 2896 3023 matri,
2924 2957 3017 3011 sed
3043 2971 3165 3009 cttm
3196 2971 3314 3011 eam
3346 2970 3540 3024 parum

1933 3049 2372 3118 perst‘rinxisset,
2400 3049 2594 3101 iterum
2632 3064 2824 3117 preces
2860 3048 2980 3117 ejus
3028 3048 3237 3118 implet,
3264 3050 3544 3105 honoratis

1934 3143 2108 3209 illam,
2173 3157 2227 3196 et
2266 3140 2423 3197 nubis
2465 3142 2558 3196 dat
2614 3144 2844 3197 formam
2901 3142 3225 3198 reverentia:
3276 3158 3407 3215 erga
3447 3158 3540 3213 pa-

1934 3249 2139 3291 rentes.

2013 3327 2180 3383 Vens.
2217 3327 2337 3384 5-8.
2380 3347 2398 3380 ι
2450 3329 2584 3383 Dicit
2628 3325 2801 3384 Mater
2844 3328 2967 3399 ejus
3002 3329 3308 3387 ministris:
3352 3330 3544 3398 Quod-

1929 3437 2147 3490 cunque
2173 3423 2374 3476 dixerit
2398 3420 2577 3485 vobis,
2616 3423 2801 3479 lacite.
2831 3421 3003 3477 Erant
3029 3432 3213 3477 autem
3241 3423 3312 3477 ibi
3337 3424 3545 3495 hydrize

1931 3514 2160 3583 iapide
2196 3531 2287 3569 sex
2327 3515 2520 3585 posita:
2552 3517 2853 3570 secundum
2894 3514 3337 3585 puriﬁcationem
3364 3515 3545 3573 Iuda:-

1928 3622 2108 3669 orunt,
2145 3611 2428 3675 capientes
2456 3608 2685 3676 singula:
2719 3618 2983 3663 metretas
3023 3608 3182 3664 binas
3224 3603 3288 3664 ac
3331 3620 3541 3665 ternas.

1929 3697 2075 3754 Dicit
2106 3699 2184 3754 eis
2229 3696 2429 3755 Jesus:
2467 3699 2699 3769 lmplete
2744 3701 2969 3772 hydrias
3006 3690 3169 3771 aqua.
3216 3702 3281 3755 Et
3340 3703 3539 3769 imple-

1927 3802 2124 3848 verunt
2160 3809 2256 3848 eas
2288 3808 2462 3865 usque
2496 3796 2562 3847 ad
2610 3810 2909 3850 summum.
2956 3795 3022 3849 Et
3057 3796 3193 3850 dicit
3225 3796 3307 3851 eis
3338 3814 3349 3850 :
3389 3796 3541 3851 llau-

1929 3886 2034 3940 rite
2088 3902 2260 3951 nunc,
2314 3895 2367 3941 et
2424 3885 2564 3941 ferte
2626 3887 3048 3943 architriclino:
3104 3898 3159 3943 et
3212 3890 3477 3947 tulerunt.
3518 3910 3538 3943 ›

1929 3975 2195 4031 Miuistris
2240 3975 2377 4031 dicit
2432 3976 2646 4031 Mater:
2707 3996 2727 4029 ι
2764 3978 3039 4048 Quidquid
3094 3980 3296 4035 dixerit
3350 3983 3529 4045 vobis.

1928 4068 2115 4125 facile.
2184 4089 2203 4123 ι
2266 4072 2445 4140 Atque
2522 4071 2595 4125 ita
2646 4086 2771 4125 cum
2847 4071 3024 4141 maior
3092 4073 3250 4130 ﬁeret
3305 4077 3539 4146 petitio,

1928 4178 2163 4233 cumque
2224 4164 2589 4218 accessissent
2648 4174 2702 4219 et
2758 4163 2879 4228 illi,
2955 4179 3021 4220 ac
3078 4165 3350 4235 petissent
3399 4186 3412 4222 :
3482 4180 3539 4224 nt

1930 4264 2265 4310 monstretur
2315 4258 2463 4325 quod
2519 4270 2625 4310 non
2683 4254 3026 4311 inﬁrmitatis
3075 4254 3242 4313 fuerit
3298 4261 3540 4331 repulsa,

1927 4354 2020 4402 sed
2080 4365 2145 4401 ne
2196 4349 2477 4403 videretur
2532 4363 2824 4404 accurrere
2884 4360 2940 4406 et
2996 4350 3264 4409 festinare
3312 4357 3379 4408 ad
3435 4358 3540 4410 tui-

1928 4440 2237 4495 raculorum
2322 4443 2700 4510 Operationem
2788 4454 3012 4513 propter
3101 4449 3537 4504 ostentationem

220 4525 493 4598 θαρισμδν
520 4525 630 4579 τῶν
691 4526 964 4579 Ἰουδαίων
1005 4528 1400 4600 ἐχρημάτιζον.
1430 4530 1494 4582 Oi
1536 4531 1645 4601 γὰρ
1689 4529 1819 4585 Ἰου-

1934 4531 2091 4602 533
2124 4541 2179 4587 et
2207 4548 2399 4586 vanam
2435 4533 2691 4602 gloriam.
2728 4532 2978 4603 Lapidem
3008 4543 3189 4589 autem
3233 4539 3441 4608 hydria:
3469 4542 3538 4595 ad

220 4619 363 4673 δαῖοι
403 4618 528 4672 καθ’
569 4620 808 4688 ἑκάστην
860 4618 1047 4690 σχεδὸν
1078 4620 1474 4689 άπεπλύνοντο,
1517 4624 1614 4676 καὶ
1648 4624 1821 4687 οὕτως

220 4710 411 4780 ἧσθιον
432 4727 445 4741 ·
468 4704 603 4776 οἷον,
636 4711 684 4763 εί
703 4709 906 4781 λεπροῦ
933 4710 1165 4782 ἥψαντο,
1195 4712 1244 4763 εί
1275 4711 1497 4783 νεκροῦ,
1529 4714 1575 4764 εί
1597 4713 1822 4780 γυναικὶ

218 4802 531 4873 ὡμίλησαν,
565 4801 640 4864 ὥς
693 4800 996 4874 ἀκάθαρτοι
1043 4804 1232 4857 λοιπὸν
1261 4804 1416 4868 ὄντες
1466 4805 1817 4861 ἀπελοὺοντο.

231 4897 389 4949 Ἐπεὶ
417 4894 511 4949 οὖν
539 4896 573 4965 ἡ
604 4895 941 4966 Παλαιστίνη
965 4894 1196 4967 ἄνυδρος
1230 4892 1319 4969 ἦν,
1353 4898 1446 4950 καὶ
1469 4898 1569 4951 οὑκ
1595 4894 1665 4969 ἦν
1694 4900 1821 4952 πολ-

215 4988 389 5059 λαχοῦ
435 4988 621 5058 πηγὰς
674 4988 979 5060 εὑρίσκειν,
1021 4989 1298 5058 ἐπλήρουν
1347 4991 1435 5043 ἀεὶ
1481 4991 1581 5054 τάς
1633 4992 1822 5063 ὑδρίας

222 5083 441 5149 ὕδατος,
471 5082 612 5136 ὥστε
651 5083 727 5154 μὴ
758 5084 973 5154 τρέχειν
1009 5085 1089 5147 εἰς
1120 5086 1425 5155 ποταμοὺς,
1468 5086 1655 5139 εἴποτε
1688 5088 1822 5138 ἀκά-

218 5175 415 5246 θαρτοι
453 5176 715 5243 γένοιντο.
763 5178 876 5247 Οὐχ
908 5177 1095 5240 ἁπλῶς
1132 5172 1228 5231 οὖν
1276 5173 1453 5242 εἶπεν,
1486 5179 1568 5231 ὅτι
1610 5199 1627 5230 ι
1668 5180 1812 5233 κατά

214 5270 312 5323 τὸν
346 5269 695 5339 καθαρισμὸν
743 5268 853 5321 τῶν
897 5268 1201 5323 Ἰουδαίων·
1244 5290 1262 5323 ι
1299 5270 1415 5325 ἀλλ’
1450 5272 1534 5324 ἵνα
1578 5273 1651 5341 μή
1676 5289 1823 5335 τινες

214 5361 330 5414 τῶν
360 5361 606 5414 ἀπίστων
657 5362 1100 5429 ὑποπτεύσωσιν,
1134 5364 1217 5416 ὅτι
1250 5364 1452 5433 τρυγία
1487 5361 1665 5434 τις,ἦν
1698 5368 1822 5417 ὲνα-

215 5452 552 5522 πομείνασα,
586 5447 708 5506 εἶτα
741 5452 833 5505 τοῦ
867 5451 1059 5516 ὓδατος
1088 5454 1477 5525 ἐπιϐληθέντος
1528 5455 1622 5507 καὶ
1656 5474 1823 5525 κερα-

218 5545 462 5609 σθέντος,
522 5540 664 5607 οίνος
726 5545 1056 5609 λεπτότατος
1112 5548 1330 5615 γέγονε,
1390 5548 1686 5613 δείκνυσιν,
1738 5551 1819 5602 ὅτι

211 5639 474 5691 οὐδέποτε
507 5639 690 5691 ἐκεῖνα
721 5640 1011 5707 γεγόνασιν
1042 5642 1184 5692 οἴνου
1214 5641 1417 5710 δοχεῖα.
1440 5638 1567 5711 Ἆρ’
1597 5642 1690 5694 οὖν
1721 5644 1820 5694 οὑκ

210 5732 451 5801 ἡδύ-,ατο
482 5732 576 5785 καὶ
622 5734 793 5803 χωρὶς
824 5733 919 5786 τοῦ
955 5735 1288 5805 γεμισθῆναι
1330 5736 1430 5798 τὰς
1463 5738 1649 5807 ὑδρίας
1697 5738 1820 5789 ὓδα-

210 5841 333 5888 τος,
379 5823 784 5896 δημιουργήσαι
834 5822 976 5880 οἶνον
1024 5828 1083 5891 ἐξ

1132 5830 1230 5881 οὐκ
1281 5831 1485 5893 ὅντων;
1554 5833 1813 5884 Ἠδύνατο

1926 4624 2365 4695 puriﬁcationem
2426 4624 2742 4680 Judteorum
2819 4628 3073 4682 aderant.
3152 4627 3325 4685 Judmi
3384 4634 3535 4688 enim

1925 4719 2098 4773 ferme
2150 4718 2380 4787 singulis
2431 4718 2585 4775 horis
2641 4720 3030 4785 abluebantur,
3066 4734 3120 4778 et
3154 4716 3536 4784 sic‘contede-

1922 4812 2059 4865 baut
2091 4830 2106 4866 :
2142 4811 2268 4866 utsi
2305 4813 2616 4883 tetigissent
2646 4814 2951 4884 leprosum,
2989 4816 3069 4871 vel
3116 4830 3414 4888 mortumn,
3448 4823 3537 4877 vel

1926 4918 2041 4957 rem
2102 4904 2429 4960 habuissent
2480 4921 2603 4960 cum
2653 4906 2903 4975 muliere,
2938 4925 2999 4963 se
3042 4909 3321 4976 lavabant,
3375 4918 3535 4984 quasi

1925 4994 2190 5049 inunundi
2218 4996 2415 5051 forent.
2447 4997 2659 5053 Etcum
2686 4998 2977 5055 Palaestina
3011 5004 3272 5073 inaqnosa
3305 5008 3397 5071 sit,
3432 5024 3537 5065 nec

1928 5088 2128 5156 ubique
2154 5090 2505 5144 inveniantur
2528 5090 2722 5159 fontes,
2751 5093 3053 5161 implebant
3074 5111 3291 5167 semper
3312 5100 3535 5169 hydrias

1926 5192 2090 5249 aqua,
2122 5191 2179 5235 ιιι
2210 5198 2316 5235 non
2363 5172 2653 5239 currerent
2688 5185 2757 5239 ad
2808 5185 3057 5252 ﬁumina,
3089 5191 3133 5242 si
3174 5194 3396 5260 quando
3429 5193 3540 5247 im-

1927 5274 2109 5328 mundi
2134 5274 2348 5329 ﬁerent.
2384 5276 2501 5330 Non
2538 5289 2743 5332 temere
2774 5279 2940 5347 igitur
2970 5282 3105 5335 dixit
3134 5301 3147 5337 :
3177 5302 3195 5334 ι
3228 5288 3533 5340 secundum

1928 5368 2366 5439 puriﬁcationem
2399 5369 2738 5427 Judmorum.
2771 5394 2789 5425 ι
2833 5372 2940 5427 Sed
2975 5392 3041 5429 ne
3074 5378 3374 5433 inﬁdelium
3410 5366 3536 5449 qui.

1926 5466 2049 5518 dant
2110 5468 2524 5535 suspicarentur
2574 5469 2718 5536 quod
2779 5473 3114 5525 mansissent
3166 5473 3220 5525 in
3268 5489 3331 5527 ea
3384 5474 3535 5529 ﬁscis

1926 5559 2172 5628 qum-dant
2209 5561 2472 5629 reliquiae,
2507 5575 2557 5616 et
2590 5564 2715 5616 dein
2752 5580 2889 5638 aqua
2941 5564 3119 5619 infusa
3147 5578 3196 5619 el
3235 5569 3413 5631 tnista,
3457 5584 3536 5619 νι-

1927 5670 2053 5705 ιιιιιιι
2081 5656 2275 5707 deindc
2314 5658 2699 5709 tmuissinunn
2739 5659 2803 5709 l'ai
2828 5666 2941 5711 tuin
2987 5660 3080 5724 sit,
3111 5664 3351 5717 ostendit
3386 5668 3532 5730 quod

1927 5760 2203 5812 nunquam
2261 5746 2349 5797 illa
2388 5747 2589 5799 fuerint
2631 5748 2739 5801 \iui
2793 5753 3158 5818 receptacula.
3212 5753 3358 5817 Jam,
3399 5757 3528 5807 ntt'm

1928 5834 2104 5903 putuit
2165 5837 2331 5888 etiam
2390 5840 2598 5910 alisque
2642 5854 2705 5889 eo
2739 5842 2881 5908 qunti
2919 5841 3275 5910 itnplcrcnlttr
3324 5846 3535 5915 hydra!-
