4078 6330
182 378 326 440 Ῑίθῖ

868 385 1323 449 ENARRATIO
1371 386 1448 445 lN
1495 384 1778 447 EVANGI

1895 385 2003 444 ΗΜ
2041 385 2393 446 JOANNIS.
2441 411 2509 422 -
2541 389 2700 450 CAP.
2750 390 2831 452 ΙΙ.

3385 393 3522 458 119i

177 493 394 563 στερῤἁ
441 495 552 549 δεῖν
592 493 733 552 εἶναι
780 496 850 551 τά
892 498 988 553 τοῦ
1039 499 1285 553 τοιούτου
1337 500 1484 553 οἴνου
1531 498 1778 570 μέλλοντι

1909 499 2176 553 ilitionnm
2203 500 2248 532 “
2272 514 2438 569 super
2456 516 2650 556 omnes
2672 513 2986 558 comtaneos
3011 522 3024 572 ;
3053 515 3104 560 et
3130 507 3352 575 quando
3377 523 3522 578 prae-

176 585 410 641 ἔτεσϐαι
458 591 661 660 δοχεῖα,
702 591 796 644 καὶ
847 592 1252 651 δυσκατάλυτα.
1300 594 1490 663 Λιϐίνη
1534 593 1691 663 ὑδρία
1728 588 1794 663 ἦν

174 680 276 732 τοῦ
312 683 530 737 Παύλου
564 685 624 738 τὸ
658 685 988 754 λογιστικὸν,
1020 689 1111 742 καὶ
1143 689 1272 741 ὅταν
1294 689 1510 750 ἐδίωκε,
1541 687 1792 756 ζηλωτὴς

175 775 293 844 γάρ
330 771 396 846 ἦν
423 779 532 831 τῶν
559 781 845 849 πατρικῶν
872 781 1232 851 παραδόσεων
1262 781 1403 851 ὑπὲρ
1427 782 1638 842 πάντας
1661 783 1786 843 τοὺς

1906 593 2147 655 dicabat,
2209 601 2416 646 tantam
2470 593 2616 648 cnim
2674 597 2781 648 vim
2840 597 2992 650 verbi
3046 598 3322 667 habebat,
3385 613 3445 655 ιιι
3493 619 3523 657 a

1865 683 2255 754 ,l.ycaombus
2316 684 2620 741 Mercurius
2673 688 2996 743 crederetur
3049 691 3114 758 "°,
3173 703 3362 764 utpote
3412 695 3525 751 dux

1903 777 2074 830 verbi.

176 869 625 936 σδνηλικιώτας.
679 873 774 927 καὶ
832 875 962 927 ὅταν
1018 876 1315 945 ἐκήρυττε,
1380 874 1652 944 τοσαύτην
1692 875 1801 943 γᾷρ
1835 871 1936 942 τὴν
1965 872 2024 922 ἐν
2054 873 2166 934 τοῖς
2200 872 2381 939 λόγοις
2417 872 2650 942 δύναμιν
2679 869 2844 945 εἶχεν,
2914 877 3057 932 ὥστε
3096 879 3190 934 καὶ
3239 883 3341 945 τοῖς
3407 883 3526 936 Λυ-

174 964 375 1016 κευσιν
439 966 648 1037 Ἐρμῆς
717 970 1085 1040 νομισθῆναι,
1125 973 1200 1035 ὡς
1250 972 1344 1026 τοῦ
1398 973 1559 1042 λόγον
1613 971 1937 1042 ἡγούμενοὲο

256 1079 275 1108 ι
332 1062 421 1125 Ὠς
447 1064 502 1116 δὲ
548 1065 813 1133 ἐγεύσατο
845 1073 871 1119 ὸ
903 1069 1317 1139 ἀρχιτρίκλινος
1359 1071 1419 1122 τὸ
1453 1069 1599 1139 ὕδωρ
1648 1065 1793 1122 οἶνον

169 1164 570 1226 γεγενημένον,
603 1162 695 1213 καὶ
727 1161 825 1214 οὐκ
859 1163 972 1233 ᾔδει
1006 1164 1174 1217 πόθεν
1206 1166 1354 1217 ἐστὶν
1421 1167 1488 1235 (οἱ
1523 1165 1578 1218 δὲ
1609 1165 1792 1219 δάκο-

171 1265 258 1299 νοι
290 1250 517 1319 ᾔδεισαν
548 1255 595 1305 oi
627 1255 959 1326 ἠντληκότες
993 1258 1053 1310 τὸ
1082 1257 1273 1328 ὕδωρ),
1327 1262 1498 1327 φωνεῖ
1527 1260 1616 1312 τὸν
1655 1277 1792 1328 νυμ-

170 1341 302 1407 φίον
325 1343 352 1393 6
379 1344 806 1414 ἀρχιτρίκλινος,
839 1349 931 1402 καὶ
953 1349 1102 1418 λέγει
1135 1351 1284 1420 αὐτῷ
1309 1369 1322 1384 ·
1357 1353 1472 1415 Πᾶς
1501 1351 1790 1422 ἅνθρωπος

171 1436 402 1501 πρῶτον
429 1438 520 1490 τὸν
545 1440 709 1492 καλὸν
745 1437 888 1494 οἶνον
915 1443 1122 1513 τίθησι,
1153 1447 1245 1498 καὶ
1277 1447 1406 1498 ὅταν
1446 1446 1786 1516 μεΟυσΟῶσι,

165 1530 302 1583 τότε
338 1535 430 1586 τὸν
453 1534 699 1590 ἐλάσσω·
736 1541 799 1592 σὺ
831 1541 1144 1612 τετήρηκας
1190 1543 1281 1596 τὸν
1315 1544 1477 1597 καλὸν
1518 1539 1659 1596 οἶνον
1683 1546 1788 1608 ἓως

165 1623 323 1692 ἄρτι.
372 1645 390 1677 ι
441 1627 499 1680 Ὀ
530 1630 942 1702 ἀρχιτρίκλινος
970 1635 1090 1705 οὐχὶ
1118 1637 1245 1698 τοὺς
1267 1638 1551 1700 διακόνους
1579 1641 1786 1708 ἐρωτᾷ,

163 1713 314 1769 ἀλλὰ
353 1716 445 1770 τὸν
493 1722 751 1790 νυμφίον.
810 1724 966 1789 Τίνος
1005 1727 1226 1792 ἓνεκενς
1281 1730 1420 1781 Κατ’
1468 1731 1787 1801 οἰκονομίαν

1982 1065 2146 1121 Vens.
2169 1067 2223 1130 9,
2257 1066 2346 1121 10.
2379 1087 2397 1119 ε
2439 1065 2738 1138 Postquam
2760 1082 2940 1127 autem
2967 1087 3242 1144 gustasset
3273 1083 3526 1141 architri-

1902 1157 2078 1213 clinus
2115 1175 2314 1226 aquam
2357 1163 2407 1214 in
2447 1163 2631 1217 vinum
2672 1180 2928 1231 versam,
2961 1185 3138 1240 neque
3181 1175 3348 1229 sciret
3378 1181 3524 1233 unde

1903 1263 2066 1316 esset,
2100 1253 2196 1308 sed
2227 1244 2463 1309 ministri
2509 1257 2756 1313 sciebant
2802 1261 2895 1330 qui
2952 1263 3253 1321 hauserant
3294 1283 3520 1338 aquam,

1907 1357 2062 1397 verat
2099 1360 2367 1413 Sponsum
2400 1349 2816 1408 arrhitriclinus
2846 1395 2861 1420 ,
2911 1365 2968 1413 ct
3017 1355 3153 1411 dicit
3206 1359 3257 1414 ei
3288 1378 3300 1416 :
3327 1361 3524 1421 Omnis

1903 1433 2066 1489 bono
2097 1440 2275 1506 primo
2305 1438 2425 1493 loco
2460 1442 2666 1495 bomim
2705 1445 2889 1498 vinum
2925 1447 3103 1516 ponit,
3147 1460 3198 1505 et
3241 1468 3364 1507 cum
3405 1456 3523 1511 ine-

1906 1530 2064 1582 liriati
2099 1528 2326 1598 fuerint,
2361 1535 2564 1588 tuncid
2591 1539 2733 1606 quod
2763 1539 3012 1597 deterius
3031 1554 3138 1598 est.
3175 1543 3254 1598 Tu
3285 1550 3522 1604 servasti

1902 1621 2103 1677 bonum
2148 1625 2333 1678 vinum
2385 1643 2560 1698 usque
2588 1631 2656 1684 ad
2690 1633 2794 1687 hoc
2825 1643 3068 1702 tempus.
3115 1656 3133 1690 ι
3168 1640 3521 1698 Arehitricli-

1903 1733 2005 1773 nus
2041 1734 2146 1772 non
2182 1720 2497 1787 ministros,
2537 1725 2630 1779 sed
2654 1741 2916 1796 Sponsum
2941 1730 3268 1804 interrogat.
3297 1735 3522 1802 Quare?

165 1813 398 1875 πάντως
453 1812 625 1869 θείαν.
675 1817 738 1869 Et
779 1818 889 1887 γάρ
936 1820 1062 1882 τοὺς
1136 1820 1421 1886 διακόνους
1496 1824 1778 1894 ἠρώτησε,

1903 1811 2143 1866 Dmuino
2169 1815 2328 1882 juxta
2390 1817 2635 1873 divinam
2690 1822 3124 1887 providentiam.
3161 1826 3296 1882 Nam
3333 1832 3378 1886 si
3415 1833 3522 1888 mi-

165 1906 398 1967 πάντως
435 1905 501 1959 ἂν
534 1908 900 1979 ἀπεκάλυψαν
935 1911 996 1964 τὸ
1028 1911 1242 1982 θαῦμα,
1293 1914 1471 1979 οὐδεὶς
1503 1916 1558 1970 δὲ
1584 1917 1650 1971 ἂν
1686 1919 1788 1971 αὑ-

163 1996 289 2058 τοῖς
330 1997 680 2053 ἐπίστευσεν.
733 2000 909 2073 Ἀρχὴ
946 2002 1056 2072 γὰρ
1093 2000 1162 2074 ἦν
1210 2006 1319 2057 τῶν
1359 2008 1632 2077 σημείων,
1693 2011 1788 2063 καὶ

163 2087 329 2142 οὔπω
357 2091 532 2156 οὐδεὶς
569 2087 718 2164 εἶχεν
754 2095 1028 2168 ὑπόληψιν
1066 2098 1314 2170 μεγάλην
1349 2100 1481 2171 περὶ
1514 2102 1611 2156 τοῦ
1649 2105 1788 2175 Χρι-

166 2182 300 2234 στοῦ
321 2200 335 2212 '
358 2182 500 2238 ὥστε
527 2188 619 2239 καὶ
641 2187 748 2240 τῶν
771 2188 1038 2244 διακόνων
1064 2192 1473 2263 άφηγουμὲνων
1492 2195 1553 2248 τὸ
1572 2195 1784 2268 Θαῦμα,

163 2273 354 2338 οὐδεὶς
401 2276 467 2330 ἂν
509 2280 824 2339 ἐπίστευσε.
879 2283 1038 2337 Μετὰ
1092 2285 1267 2338 ταῦτα
1325 2287 1517 2356 μέντοι
1554 2289 1644 2343 ὅτε
1693 2293 1787 2347 καὶ

165 2368 339 2440 ἕτερα
378 2376 580 2443 σημεῖα
614 2373 954 2442 ἐπεδείξατο,
1005 2377 1204 2447 ἔμελλε
1244 2382 1339 2435 καὶ
1367 2382 1527 2436 τοῦτο
1558 2402 1788 2440 πιστευ-

165 2459 457 2530 Θήσεσοαι,
499 2465 590 2518 καὶ
634 2467 775 2520 κατὰ
810 2469 1011 2539 μικρὸν
1037 2472 1085 2522 οί
1113 2471 1352 2527 διάκονοι
1396 2476 1536 2548 πρὸς
1575 2478 1786 2542 πάντας

165 2556 555 2625 ἀφηγούμενοι
610 2559 802 2624 τοῦτο,
860 2563 1050 2630 ἔδοξαν
1100 2565 1166 2618 ἂν
1222 2568 1425 2623 πιστοί.
1481 2568 1583 2622 Διά
1628 2572 1787 2624 τοῦτο

162 2647 528 2722 ᾠκονόμησεν
551 2655 578 2706 6
607 2655 830 2738 Κύριος,
862 2659 937 2727 μὴ
957 2661 1082 2722 τοὺς
1104 2662 1388 2723 διακόνους
1411 2667 1783 2738 ἐρωτηθῆναι,

165 2741 310 2796 ἀλλὰ
362 2745 454 2797 τὸν
495 2748 750 2815 νυμοίον.
788 2736 910 2820 ΧΟὑχ
969 2753 1162 2817 ἁπλῶς
1209 2756 1265 2808 δὲ
1309 2751 1456 2810 οἶνον
1498 2759 1783 2830 ἐποίησεν,

162 2833 310 2888 ἀλλὰ
342 2839 436 2890 καὶ
490 2841 800 2896 κάλλιστον.
856 2843 1098 2899 Ἰὀ;αῦτα
1147 2849 1257 2917 γάρ
1296 2849 1364 2903 τά
1409 2851 1503 2903 τοῦ
1539 2853 1783 2924 Χριστοῦ

164 2926 430 2997 θαύματα
453 2946 464 2958 ’
499 2931 675 3001 πολλῷ
709 2932 906 3002 βελτίω
928 2934 1037 2988 τῶν
1061 2937 1150 2991 διὰ
1174 2941 1393 3008 φύσεως
1411 2941 1780 3014 τελουμένων.

161 3018 278 3071 Ἰόῦ
331 3021 431 3090 μὲν
479 3018 572 3075 οὖν
603 3024 662 3078 τὸ
695 3025 841 3097 ὕδωρ
879 3023 1026 3082 οἶνον
1074 3031 1355 3100 γενέσθαι,
1414 3035 1700 3109 μάρτυρες
1735 3037 1804 3104 οἱ,

157 3111 429 3181 διάκονοι,
479 3118 527 3169 οἱ
567 3118 901 3191 ἠντληκότες
933 3123 994 3176 τὸ
1037 3124 1182 3198 ὕδωρ
1206 3142 1220 3157 ο
1260 3126 1355 3179 τοῦ
1399 3128 1456 3182 δὲ
1491 3129 1782 3192 κάλλιστον

155 3208 443 3276 γενέσθαι,
474 3212 501 3263 6
533 3213 946 3286 ἀρχιτρίκλινος
975 3232 988 3246 ⁸
1030 3217 1174 3290 ειπερ
1212 3221 1414 3288 πάντα,
1452 3222 1546 3276 τοῦ
1578 3224 1774 3294 χρόνου

157 3303 474 3370 προϊόντος,
517 3305 744 3375 ἔμελλον
779 3311 1131 3380 κηρυχθέντα
1178 3313 1520 3387 πιστωθῆναι
1553 3317 1774 3386 βεϐαιό-

155 3410 326 3464 τερον
371 3399 481 3460 τοῖς
532 3399 814 3455 ἀκούουσι.
852 3402 1096 3458 Δύνασαι
1135 3405 1191 3458 δὲ
1227 3407 1420 3477 νοῆσαι
1476 3403 1622 3462 οἶνον
1672 3411 1774 3478 μὲν

156 3484 255 3534 τὸν
285 3485 649 3554 εὑαγγελικὸν
694 3489 874 3559 λόγον,
929 3493 1071 3567 ὕδωρ
1114 3495 1172 3550 δὲ
1205 3498 1384 3551 πάντα
1415 3498 1485 3552 τά
1517 3501 1625 3572 πρὸ
1677 3501 1772 3555 τοῦ

159 3576 510 3645 Εὐαγγελίου
538 3597 549 3609 ·
602 3581 946 3657 ὑδαρέστερα
977 3589 1087 3660 γάρ
1133 3586 1297 3660 ἦσαν,
1351 3593 1446 3646 καὶ
1504 3594 1642 3663 πρὸς
1672 3595 1774 3666 τὴν

157 3669 263 3723 τοῦ
316 3673 478 3742 λόγου
534 3676 817 3732 τελείωσιν
873 3681 948 3752 μὴ
984 3684 1284 3752 φθάνοντα.
1331 3681 1459 3740 Οἷον
1500 3689 1552 3739 τί
1591 3705 1767 3759 φημι·

157 3765 380 3817 Δέδωκε
443 3768 638 3838 νόμους
689 3771 986 3844 διαφόρους
1039 3776 1116 3847 τῷ
1173 3777 1509 3850 ἀνθρώπῳό
1544 3782 1772 3852 Κύριος,

156 3857 262 3911 ἕνα
289 3858 383 3914 τὸν
413 3862 471 3914 ὲν
497 3862 574 3933 τῷ
624 3865 963 3938 παραδείσῳ,
1010 3868 1268 3941 δεύτερον
1324 3872 1415 3924 τὸν
1469 3875 1565 3926 ἐπὶ
1620 3874 1772 3939 Νῶε,

156 3949 351 4020 τρίτον
400 3954 492 4007 τὸν
545 3956 640 4009 ἐπὶ
689 3958 946 4031 Ἀϐραὰμ.
976 3962 1079 4031 τῆς
1131 3965 1466 4036 περιτομῆς,
1511 3968 1773 4039 τέταρτον

154 4043 253 4095 τὸν
285 4045 372 4098 διά
398 4045 492 4099 τοῦ
536 4049 808 4120 Μωσέως,
855 4054 1112 4124 πέμπτον
1172 4057 1260 4110 διὰ
1303 4059 1412 4110 τῶν
1450 4061 1770 4132 προφητῶν.

156 4135 375 4202 Πάντες
401 4138 494 4194 οὖν
519 4135 689 4209 οὗτοι,
720 4139 796 4209 ὡς
825 4147 960 4218 πρδς
994 4150 1093 4220 τὴν
1125 4150 1221 4204 ’τοῦ
1250 4151 1588 4220 Εὐαγγελίου
1614 4155 1774 4225 ἀκρί-

157 4227 322 4283 ϐειαν
344 4233 439 4285 καὶ
463 4233 694 4307 δύναμιν
729 4241 1175 4310 συγκρινόμενα,
1209 4242 1424 4314 ὑδαρεῖς
1456 4246 1616 4309 εἰσιν,
1636 4247 1773 4309 εῐτις

156 4322 354 4387 ἁπλῶς
388 4326 586 4392 αὐτοὺς
616 4330 708 4383 καὶ
732 4331 876 4384 κατὰ
908 4333 970 4385 τὸ
999 4335 1238 4405 γράμμα
1263 4339 1387 4392 νοεῖ.
1425 4338 1487 4391 Ei
1515 4337 1559 4390 δ’
1594 4339 1769 4408 ἐμϐα-

158 4415 333 4481 ούνας
363 4417 441 4489 τῷ
469 4421 767 4492 πνεύματι,
803 4428 1134 4497 κατανοήσει
1162 4427 1232 4482 τά
1259 4432 1641 4502 κεκρυμμένα,
1681 4433 1772 4486 εὐο

159 4511 326 4582 ρήσει
347 4511 410 4565 τὸ
435 4512 578 4586 ὕδωρ
613 4511 757 4571 οἶνον
801 4523 1191 4592 γεγενημένον·
1228 4524 1298 4577 τά
1327 4528 1437 4594 γὰρ
1471 4525 1659 4589 ἁπλῶς
1689 4525 1772 4578 λε-

1899 1904 2103 1959 nistros
2127 1907 2548 1980 interrogasset,
2574 1913 2765 1983 utique
2797 1917 3123 1974 miraculum
3157 1921 3518 1994 revelassent,

1894 2005 1948 2049 et
1989 1997 2172 2053 nullus
2208 2001 2291 2054 eis
2326 2003 2679 2060 credidisset.
2732 2007 2954 2064 Initium
2989 2012 3135 2065 enim
3171 2026 3291 2069 erat
3333 2017 3521 2088 signo.

1897 2101 2043 2151 tum,
2079 2098 2133 2143 et
2168 2090 2350 2146 nullus
2381 2095 2562 2148 adhuc
2606 2097 2926 2164 opinionem
2975 2102 3140 2157 talem
3172 2104 3414 2162 habebat
3450 2111 3518 2166 de

1893 2179 2119 2238 Christo
2147 2203 2159 2236 :
2193 2195 2357 2254 atque
2387 2188 2462 2241 ita
2495 2190 2767 2265 ministris
2798 2183 3156 2252 narrantibus
3181 2201 3516 2258 miraculum

1893 2274 1998 2328 hoc
2027 2277 2210 2331 nullus
2237 2281 2584 2336 credidisset.
2617 2282 2789 2353 Igitur
2812 2297 3109 2357 postquam
3141 2303 3195 2346 et
3229 2293 3333 2349 alia
3360 2296 3516 2367 signa

1893 2378 2115 2424 esteusa
2150 2381 2300 2439 sunt,
2337 2375 2603 2431 credibile
2628 2388 2682 2432 et
2716 2380 2817 2434 hoc
2855 2381 3103 2438 futurum
3138 2399 3280 2454 erat,
3306 2399 3362 2445 et
3391 2407 3521 2459 pau-

1893 2460 2051 2515 latim
2112 2464 2350 2520 ministri
2410 2469 2671 2526 omnibus
2733 2473 2841 2527 hoc
2906 2489 3278 2546 enarrantes,
3327 2483 3518 2539 lideles

1893 2553 2068 2610 habiti
2122 2555 2368 2613 fuerunt.
2427 2561 2642 2618 Idcirco
2692 2566 2971 2622 ordinavit
3023 2570 3286 2629 Dominus
3324 2591 3391 2630 ne
3417 2579 3520 2631 mi-

1895 2649 2085 2705 nistris
2153 2651 2672 2725 interrogarentur,
2717 2662 2814 2715 sed
2860 2679 3121 2731 sponsus.
3182 2665 3358 2725 Porro
3405 2687 3516 2729 non

1890 2742 2220 2813 simpliciter
2249 2746 2380 2802 fecit
2410 2749 2622 2817 vinum,
2650 2752 2748 2808 sed
2776 2767 2833 2808 et
2863 2758 3156 2826 Optimum.
3189 2760 3314 2819 Haec
3342 2766 3512 2835 enim,

1896 2851 2017 2906 quae
2046 2839 2312 2894 miracula
2347 2841 2551 2897 Christi
2582 2857 2731 2912 sunt,
2770 2850 2943 2904 multo
2979 2854 3218 2910 meliora
3270 2857 3356 2914 his
3390 2871 3518 2916 sunt

1890 2944 2014 2997 qua:
2053 2946 2150 3001 per
2195 2943 2451 2990 naturam
2502 2936 2661 2993 ﬁunt.
2717 2939 2784 2994 Et
2820 2944 2962 3011 quod
3007 2961 3149 3016 aqua
3190 2950 3395 3007 factum
3443 2954 3517 3010 sit

1890 3025 2078 3079 vinum
2104 3065 2119 3091 ,
2160 3037 2332 3084 testes
2379 3040 2509 3085 sunt
2541 3034 2778 3089 ministri
2813 3036 2907 3107 qui
2939 3037 3246 3097 hauserant
3288 3063 3510 3117 aquam.

1889 3117 2050 3186 Quod
2084 3135 2215 3177 vero
2261 3125 2530 3194 optimum
2586 3127 2776 3196 fuerit,
2815 3131 3237 3192 architriclinus
3281 3149 3516 3197 testatus

1808 3208 1851 3270 C
1886 3207 1972 3266 εει
2009 3229 2022 3266 :
2057 3228 2178 3284 quae
2219 3231 2354 3271 sane
2401 3221 2589 3273 omnia
2640 3224 2976 3291 procedente
3021 3238 3269 3300 tempore
3317 3238 3516 3303 praedi-

1834 3316 1836 3318 '
1883 3314 2026 3370 cata,
2071 3307 2540 3380 eredibilioraqne
2571 3309 2717 3367 tacta
2755 3325 2886 3368 sunt
2919 3318 3294 3379 audientibus.
3347 3324 3514 3382 Potes

1884 3407 2067 3453 autem
2095 3399 2408 3473 intelligere
2435 3412 2492 3458 et
2524 3405 2709 3461 viuum
2740 3406 2964 3477 quidem
2993 3427 3306 3470 sermonem
3339 3433 3514 3475 evan-

1882 3492 2137 3562 gelicum,
2177 3510 2375 3564 aquam
2399 3509 2580 3553 autem
2609 3503 2793 3555 omnia
2818 3518 2941 3572 qua:
2977 3516 3106 3560 ante
3134 3506 3513 3580 Evangelium.

1879 3600 2002 3655 qum
2032 3585 2323 3657 liquidiore
2353 3603 2407 3646 et
2437 3593 2762 3664 insipidiora
2796 3609 2979 3665 erant,
3013 3612 3065 3655 et
3095 3605 3162 3655 ad
3199 3605 3344 3662 illius
3381 3625 3510 3678 per-

1881 3681 2175 3738 fectionem
2212 3701 2319 3739 non
2370 3689 2748 3756 pervenientia
2780 3705 2795 3744 :
2829 3703 2884 3746 et
2922 3704 2982 3746 ut
3015 3695 3227 3766 aliquid
3267 3705 3509 3773 exempli

1881 3778 2056 3844 gratia
2097 3776 2303 3845 dicam,
2359 3779 2626 3838 Dominus
2662 3785 2869 3840 homini
2913 3789 3099 3844 varias
3149 3791 3299 3860 leges
3335 3797 3509 3865 dedit,

1866 3873 2040 3923 ‘unani
2075 3871 2130 3926 in
2167 3875 2451 3942 paradiso,
2493 3880 2794 3935 secundam
2837 3891 3084 3954 tempore
3119 3885 3258 3954 Noe,
3289 3894 3509 3946 tertiam

1878 3965 1980 4016 sub
2012 3963 2317 4036 Abraham,
2348 3985 2544 4040 nempe
2581 3972 3086 4045 circumcisionem,
3116 3991 3371 4053 quartam
3413 4002 3512 4055 per

1879 4054 2101 4126 Mosen,
2146 4062 2394 4131 quintam
2418 4079 2515 4132 per
2542 4069 2857 4136 prophetas.
2893 4070 3098 4128 Omnes
3132 4075 3297 4144 igitur
3330 4054 3434 4133 illm
3463 4082 3509 4133 si

1879 4151 2236 4208 conferantur
2254 4172 2378 4211 cum
2403 4159 2686 4230 Evangelii
2706 4163 2978 4219 evidentia
3001 4176 3054 4220 et
3072 4170 3295 4233 virtute,
3319 4186 3509 4240 aqnea:

1879 4257 2025 4312 sunt,
2087 4249 2132 4301 si
2182 4248 2307 4319 quis
2364 4250 2529 4323 535
2583 4269 2679 4308 eas
2728 4255 3132 4327 simpliciter-et
3164 4264 3230 4316 ad
3266 4262 3506 4320 litteram

1879 4343 2168 4415 intelligat.
2211 4345 2367 4415 Quod
2399 4350 2446 4403 si
2483 4351 2610 4419 quis
2658 4351 2854 4421 spiritu
2896 4355 3120 4419 incedit,
3159 4367 3213 4410 et
3250 4358 3507 4429 intelligit

1879 4434 2239 4504 abscondita,
2317 4439 2562 4494 inveniet
2619 4457 2818 4512 aquam
2869 4456 3137 4500 mutatam
3186 4449 3238 4502 in
3293 4450 3500 4506 vinum.

1883 4525 2018 4581 Nam
2052 4544 2174 4598 quae
2207 4530 2538 4601 simpliciter
2568 4532 2850 4600 dicuntur,
2876 4544 2930 4591 et
2951 4535 3018 4590 ad
3054 4536 3297 4594 litteram
3337 4542 3504 4598 intel-

156 4606 372 4676 γόμενα
403 4609 498 4664 καὶ
526 4610 670 4664 κατὰ
695 4612 755 4665 τὸ
789 4614 1028 4684 γράμμα
1070 4614 1342 4686 νοούμενα
1377 4620 1490 4680 τοῖς
1529 4618 1766 4683 πολλοῖς,

1889 4620 2143 4690 liguntur,
2179 4624 2369 4679 multis
2409 4626 2636 4680 omnino
2673 4642 2810 4696 aqua
2845 4637 2996 4683 sunt.
3034 4629 3139 4697 Qui
3174 4642 3356 4688 autem
3391 4638 3504 4705 spi-

158 4699 308 4773 ὕδωρ
333 4701 484 4769 ὅντα,
515 4706 737 4770 πάντως
763 4707 791 4759 6
818 4709 1209 4777 πνευματικῶς
1239 4710 1573 4781 ἀνακρίνων,
1609 4712 1772 4782 εὑρή-

158 4811 245 4848 σει
288 4789 432 4852 οῐνον
464 4797 777 4866 κάλλιστον,
810 4799 1042 4874 ὓστερον
1101 4803 1411 4874 πινόμενον,
1442 4806 1537 4856 καὶ
1566 4803 1771 4875 τηρού-

157 4905 326 4962 μενον
352 4890 505 4963 παρά
535 4892 630 4947 τοῦ
661 4895 900 4965 νυμφίου
932 4896 1172 4967 Χριστοῦ
1193 4913 1207 4928 ο
1240 4900 1365 4952 ἐπεὶ
1387 4900 1481 4954 καὶ
1519 4900 1578 4953 ἐν
1607 4902 1771 4970 ἐσχά-

152 4998 272 5045 τοις
312 4986 526 5054 καιροτς
555 4984 776 5057 ἐδείχθη
808 4988 870 5040 τὸ
897 4987 1246 5059 Εὑαγγέλιον.

235 5093 254 5127 ι
296 5075 518 5149 Ταύτην
569 5080 799 5152 ἐποίησε
832 5082 930 5154 τὴν
970 5085 1152 5156 ἀρχὴν
1182 5083 1292 5137 τῶν
1329 5087 1575 5156 σημείων
1603 5089 1630 5142 ὁ
1655 5088 1765 5160 Ἰηδ

154 5171 289 5238 σοῦς
317 5175 376 5228 ἐν
410 5175 568 5245 Κανᾷ
605 5176 710 5248 τῆς
764 5177 1085 5248 Γαλιλαίας,
1141 5181 1237 5234 καὶ
1288 5182 1604 5252 ἑφανέρωσε
1664 5182 1765 5254 τὴν

153 5267 319 5335 δόξαν
369 5269 564 5333 αὐτοῦ,
601 5271 693 5326 καὶ
742 5273 1082 5326 ἐπίστευσαν
1125 5274 1206 5337 είς
1240 5274 1408 5328 αὑτὸν
1436 5275 1488 5326 oi
1521 5273 1768 5346 μαθηταὶ

153 5359 349 5415 αὑτοῦ.
384 5381 404 5415 ι
441 5362 567 5417 Ὅτι
637 5364 738 5435 μὲν
781 5366 921 5435 μετά
956 5368 1018 5419 τὸ
1070 5365 1360 5438 βάπτισμα
1408 5368 1613 5440 ἤρξατο
1657 5367 1767 5421 τῶν

156 5456 408 5527 σημείων
441 5460 469 5511 6
495 5458 724 5530 Κύριος,
768 5460 864 5513 καὶ
896 5461 1166 5532 πρότερον
1206 5464 1536 5533 εἰρήκαμεν.
1578 5464 1768 5516 Ἔοικε

154 5551 214 5604 δὲ
248 5553 345 5607 καὶ
375 5552 596 5623 πρῶτον
641 5557 870 5625 σημεῖον
904 5557 1064 5609 τοῦτο
1118 5559 1345 5629 ποιῆσαι
1378 5559 1440 5610 τὸ
1472 5556 1565 5610 τοῦ
1596 5558 1762 5612 οίνου.

153 5644 299 5715 Φησὶ
333 5648 473 5717 γάρ’
513 5666 532 5698 ι
567 5648 787 5718 Ταύτην
846 5649 1073 5720 ἐποίησε
1123 5651 1222 5722 τὴν
1272 5650 1448 5721 ἀρχὴν
1501 5651 1611 5705 τῶν
1669 5667 1769 5721 ση-

164 5738 357 5808 μείων.
407 5757 426 5791 ›
485 5739 627 5793 Ἀλλ’
659 5742 776 5811 ἐρεῖ
808 5757 914 5805 τις,
951 5741 1032 5794 ὅτι
1071 5743 1120 5794 εί
1187 5742 1283 5797 καὶ
1317 5745 1461 5815 ἀρχή
1514 5745 1631 5799 ἐστι
1657 5743 1768 5798 τῶν

237 5929 282 5960 ⁸³
312 5923 488 5980 Calai.
517 5941 557 5990 ι,
593 5923 681 5978 Η.
759 5923 806 5956 ⁸⁸
833 5923 959 5978 Act.
994 5941 1106 5993 xrv,
1135 5929 1222 5983 ll.

462 6020 738 6079 I'ATROL.
784 6019 902 6079 Gn.
948 6020 1200 6083 CXXlIl

1879 4715 2153 4771 ritualiter
2180 4717 2468 4787 dijudicat,
2494 4720 2741 4775 inveniet
2763 4722 2946 4776 vinum
2982 4724 3279 4793 optimum,
3310 4741 3501 4798 postea

1878 4808 2176 4864 bibendum
2228 4819 2282 4865 et
2331 4811 2667 4868 servandum
2704 4828 2733 4868 a
2763 4829 2968 4883 sponso
2994 4816 3242 4896 ‘Christo
3277 4838 3290 4874 :
3321 4836 3500 4892 quan-

1879 4902 2172 4971 doquidem
2202 4913 2255 4958 et
2283 4902 2337 4959 in
2361 4906 2623 4962 extremis
2646 4907 2988 4976 temporibus
3013 4919 3383 4970 monstratum
3417 4927 3503 4973 est

1878 4993 2262 5068 Evangelinm.

1955 5087 2126 5145 Vens.
2159 5090 2248 5144 ll.
2291 5107 2309 5142 ι
2347 5089 2464 5146 Hoc
2489 5091 2623 5148 fecit
2674 5093 2892 5149 initium
2929 5095 3216 5167 signorum
3250 5099 3414 5158 Jesus
3445 5103 3500 5158 in

1875 5182 2024 5238 (Jama
2069 5182 2341 5250 Galilaaze,
2394 5193 2452 5239 et
2498 5185 2876 5243 manifestavit
2928 5189 3160 5258 gloriam
3199 5209 3382 5260 suam,
3437 5209 3496 5251 et

1878 5272 2238 5329 crediderunt
2277 5274 2332 5328 in
2360 5287 2485 5329 eum
2523 5276 2780 5346 discipuli
2814 5280 2953 5348 ejus.
2993 5299 3012 5334 ι
3046 5282 3201 5350 Quod
3231 5284 3497 5341 Dominus

1879 5370 2033 5441 signa
2068 5370 2284 5438 operari
2314 5371 2548 5441 .eceperit
2576 5382 2701 5442 post
2729 5373 3086 5445 baptismum,
3115 5388 3171 5434 et
3201 5380 3350 5449 prius
3374 5383 3498 5452 qui-

1879 5460 2001 5515 dem
2039 5461 2277 5515 diximus
2313 5478 2326 5515 :
2357 5462 2572 5516 videtur
2620 5470 2801 5518 autem
2839 5476 2894 5519 et
2927 5465 3032 5521 hoc
3062 5468 3277 5539 signum
3318 5471 3495 5540 primo

1879 5554 2098 5612 fecisse.
2137 5557 2275 5610 Dicit
2304 5557 2484 5617 enim;
2520 5577 2538 5609 ι
2578 5557 2689 5613 lloc
2722 5559 2847 5614 fecit
2880 5559 3096 5615 initiutn
3126 5562 3431 5632 signorum.
3467 5583 3487 5616 ι

1880 5649 1951 5704 At
1982 5651 2127 5706 dicet
2159 5653 2304 5722 quis,
2342 5654 2488 5722 quod
2537 5653 2664 5706 licet
2707 5651 2875 5706 fuerit
2912 5654 3127 5709 initium
3183 5659 3490 5728 signinum.

1883 5758 1990 5800 non
2027 5755 2211 5800 tamen
2243 5746 2514 5813 omnium,
2547 5746 2643 5802 sed
2680 5761 2872 5802 eorum
2913 5763 3033 5817 qua:
3066 5751 3119 5805 in
3155 5750 3308 5807 Cana
3339 5747 3492 5805 Gali-

2985 6029 3065 6089 38
