4078 6330
650 433 787 499 1195

1498 428 2079 492 THEOPHYLACTI
2117 426 2530 490 BULGARIJS
2572 430 2925 491 ARCHIEP.

3758 426 3893 493 II'JO

643 550 791 603 Iane:
824 561 950 600 nam
1004 559 1124 601 cum
1153 544 1305 615 plura
1335 542 1409 599 ibi
1449 542 1643 599 fecerit
1671 543 1845 611 signa,
1891 540 1991 597 hoc
2038 550 2214 594 tamen

2324 543 2570 614 σημείων
2602 543 2764 615 αὕτη,
2793 542 2910 597 ἀλλ’
2944 542 3063 613 οὐχὶ
3091 544 3331 617 πάντων,
3355 542 3492 598 ἀλλὰ
3514 543 3628 597 τῶν
3651 543 3711 595 ιν
3748 542 3898 615 Κανᾷ

645 641 881 711 primum
912 637 1033 693 fuit.
1072 638 1139 691 Et
1168 638 1281 693 hec
1311 636 1526 707 quidem
1562 635 1638 690 illi
1669 633 1903 690 dixerint
1936 650 1950 687 :
1985 646 2085 687 nos
2114 647 2215 687 au-

651 742 757 785 tem
807 728 1053 797 quamvis
1112 726 1281 781 multa
1346 726 1645 782 habeamus
1682 722 1750 778 ad
1802 722 2213 779 monstrandum

644 821 787 892 quod
816 819 1027 874 initium
1066 818 1229 875 fuerit
1252 818 1499 874 omnium
1528 816 1808 888 signorum
1845 815 2066 884 (etenim
2091 830 2216 871 cum

644 914 815 978 dicit,
852 931 871 965 ι
914 912 1276 968 Manifestavlt
1305 910 1528 983 gloriam
1576 922 1752 975 suam,
1782 918 1841 965 et
1872 908 2219 964 crediderunt

642 1005 697 1062 in
724 1020 844 1061 eum
876 1004 1121 1075 discipuli
1154 1004 1295 1075 ejus.
1349 1019 1369 1054 ι
1403 1001 1607 1057 indicat
1633 1001 1778 1069 quod
1816 1010 1941 1056 ante
1979 1002 2081 1057 hoc
2110 1014 2215 1055 non

640 1098 834 1153 fecerit
871 1095 1188 1152 miraculum
1243 1093 1412 1160 aliud,
1446 1095 1514 1150 ab
1557 1094 1648 1150 illo
1673 1096 1820 1149 enim
1852 1090 2219 1148 manifestavit

641 1193 865 1263 gloriam
891 1192 1093 1262 suam),
1112 1200 1347 1247 attamen
1377 1206 1483 1247 non
1513 1189 1954 1261 disceptabimus,
1978 1188 2091 1243 sive
2114 1186 2218 1242 hoc

642 1281 756 1357 sive
791 1282 937 1337 aliud
974 1281 1137 1338 fuerit
1167 1283 1336 1349 prius.
1380 1281 1661 1349 Quomodo
1693 1291 1872 1337 autem
1905 1279 2218 1351 manifesta-

638 1372 720 1427 vit
764 1372 991 1443 gloriam
1020 1371 1216 1427 suam?
1244 1370 1360 1428 Non
1395 1371 1551 1428 multi
1606 1372 1991 1437 interfuerunt,
2042 1385 2218 1440 neque

641 1475 825 1519 coram
857 1460 1049 1531 populo
1068 1459 1173 1515 fuit
1198 1461 1423 1518 factum.
1459 1461 1655 1517 Verum
1682 1461 1899 1532 quidem
1925 1474 2031 1515 non
2068 1470 2215 1526 tunc,

641 1554 737 1609 sed
769 1563 956 1622 postea
1005 1552 1323 1608 miraculum
1362 1554 1465 1609 hoc
1516 1552 1753 1607 audituri
1804 1560 1961 1606 erant
2006 1564 2215 1615 omnes,

644 1643 786 1700 unde
813 1657 985 1713 usque
1015 1643 1069 1697 in
1098 1642 1239 1698 hunc
1276 1643 1420 1698 diem
1471 1642 1797 1709 celebratur,
1834 1651 1889 1696 et
1922 1642 1973 1695 in
2006 1641 2219 1710 occulto

644 1747 752 1793 non
780 1743 885 1791 est.
924 1734 1079 1803 Quod
1132 1743 1311 1797 autem
1356 1742 1410 1791 et
1441 1734 1691 1803 discipuli
1725 1734 1843 1805 ejus
1892 1732 2221 1788 crediderint

645 1832 698 1884 in
730 1843 878 1895 eum,
902 1828 973 1883 ita
1008 1826 1269 1895 intellige,
1306 1827 1446 1895 quod
1480 1826 1636 1883 fidem
1686 1827 1998 1897 ampliorem
2030 1834 2083 1880 et
2114 1824 2219 1878 [ir-

2318 640 2419 709 τῆς
2454 636 2768 699 Γαλιλαίας.
2798 635 3041 705 Διάφορα
3075 634 3205 705 γὰρ,
3232 637 3417 707 φησὶν,
3455 636 3715 705 θαύματα
3745 636 3899 705 ποιή-

2321 746 2514 795 σαντος
2548 732 2606 784 ἐν
2653 730 2832 800 Κανᾷ,
2880 729 3019 800 αὕτη
3069 727 3217 781 ἐστὶν
3257 729 3289 798 η
3332 727 3495 799 ἀρχή.
3557 725 3752 783 Ταῦτα
3801 724 3899 798 μιν

2320 825 2462 878 εῐποι
2491 842 2574 890 τις
2602 824 2669 879 άν
2689 838 2705 855 ⁸
2736 824 2897 895 ἡμεῖς
2916 822 2993 890 δὲ,
3023 821 3199 876 καίτοι
3225 822 3394 877 πολλὰ
3419 822 3638 893 ἔχοντες
3673 820 3812 892 πρὸς
3840 818 3901 875 τ⁴δ

2318 919 2510 985 δεῖξαι,
2558 920 2641 974 δτι
2691 920 2785 973 καὶ
2834 916 3056 972 πάντων
3107 916 3218 971 τῶν
3273 917 3517 988 σημείων
3570 914 3726 969 ἐστὶν
3758 915 3899 987 am

2321 1014 2437 1083 (καὶ
2467 1013 2575 1085 γὰρ
2596 1013 2676 1079 τὸ,
2720 1031 2738 1065 ι
2782 1011 3133 1084 Ἕφανὲρὼσε
3200 1010 3298 1082 την
3374 1010 3534 1077 δόξαν
3577 1008 3775 1075 αὐτοῦ,
3810 1009 3902 1063 καὶ

2319 1104 2381 1158 τὸ
2422 1122 2440 1157 ι
2480 1105 2838 1159 Ἐπίστευσαν
2889 1105 2972 1167 είς
3025 1103 3191 1157 αὐτὸν
3247 1104 3295 1157 οί
3348 1100 3589 1175 μαθηταὶ
3640 1098 3835 1168 αὐτοῦ,
3875 1118 3895 1153 ι

2319 1196 2719 1260 ἐνδείκνυνται,
2789 1198 2872 1250 ὅτι
2918 1196 3107 1267 ιτερον
3165 1194 3272 1263 πρὸ
3316 1194 3510 1248 τούτου
3568 1192 3762 1263 θαῦμα
3800 1191 3905 1247 οὐκ

2319 1287 2573 1358 ἐποίησεν
2599 1303 2613 1317 ·
2660 1285 2756 1341 ἀπ’
2796 1285 3008 1341 ἐκείνου
3062 1286 3174 1357 γὰρ
3225 1286 3540 1357 ἑφανέρωσε
3591 1283 3694 1355 τὴν
3742 1280 3906 1349 δόξαν

2320 1378 2530 1451 αὑτοῦ),
2567 1380 2715 1449 ὅμως
2739 1377 2799 1431 οὐ
2826 1377 3219 1449 διαφερόμεθα,
3262 1379 3372 1431 εῐτε
3409 1375 3571 1430 τοῦτο
3606 1374 3902 1447 πρότερον.

2320 1471 2429 1523 είτε
2452 1471 2539 1523 ἔτι
2549 1485 2638 1539 ρον
2667 1468 2879 1538 γέγονε.
2914 1468 3040 1532 Πῶς
3062 1466 3118 1521 δὲ
3144 1467 3252 1539 ἄρα
3281 1469 3597 1537 ἐφανέρωσε
3619 1466 3725 1537 τὴν
3744 1466 3906 1533 δόξαν

2320 1562 2527 1630 αὐτοῦς
2561 1561 2695 1615 Οὐδὲ
2740 1561 2848 1630 γὰρ
2904 1560 3090 1614 πολλοὶ
3142 1562 3431 1632 προσεῖχον
3470 1560 3549 1631 τῷ
3596 1560 3905 1630 γενομένῳ,

2319 1654 2441 1709 οὐδὲ
2488 1652 2719 1707 ἐνώπιον
2746 1652 2919 1722 δήμου
2966 1656 3210 1723 γέγονεν.
3255 1652 3393 1708 Ἀλλ’
3424 1654 3473 1706 εί
3507 1651 3605 1707 καὶ
3650 1653 3728 1724 μὴ
3758 1655 3904 1715 τότε,

2320 1748 2436 1803 ἀλλ’
2471 1747 2699 1820 ὓστερον
2726 1748 2950 1820 ἔμελλον
2982 1749 3043 1801 τὸ
3071 1746 3257 1816 θαῦμα
3282 1743 3619 1801 ἀκούσεσθαι
3660 1745 3867 1809 πάντες
3890 1760 3903 1775 ⁸

2320 1841 2445 1895 ὅθεν
2491 1842 2585 1895 καὶ
2628 1842 2791 1913 μέχρι
2821 1841 2913 1895 τοῦ
2948 1840 3043 1896 νῦν
3096 1839 3304 1911 ᾅδεται,
3344 1839 3438 1892 καὶ
3467 1840 3529 1892 οὐ
3560 1838 3803 1895 διέλαθε.
3831 1839 3905 1894 'n

645 1919 873 1975 miorem
924 1919 1271 1989 acceperint:
1303 1919 1426 1988 quia
1456 1928 1505 1973 et
1534 1918 1687 1989 prius
1727 1918 1941 1988 quidem
1976 1915 2214 1972 credide.

2322 1932 2399 1998 δὲ,
2432 1951 2450 1984 ι
2484 1933 2546 1985 Ol
2580 1911 2818 2003 μαθηταὶ
2849 1930 3015 1987 αὑτοῦ
3038 1932 3364 1985 ἐπίστευσαν
3392 1930 3472 1993 είς
3492 1929 3679 1994 αὑτὸν,
3710 1948 3731 1981 ι
3763 1927 3907 1983 οὕτω

645 2016 788 2075 rant,
817 2009 910 2065 sed
933 2022 1042 2064 non
1084 2016 1191 2062 tam
1221 2005 1473 2062 firmiter.

715 2276 882 2333 Vsus.
920 2276 1100 2332 12-”.
1158 2296 1177 2330 ι
1214 2276 1339 2333 Post
1382 2278 1497 2332 hazc
1545 2277 1823 2333 descendit
1876 2275 2215 2345 Capernaum

651 2368 766 2440 Ipse
791 2379 845 2425 et
875 2381 1048 2425 mater
1074 2368 1212 2439 eius,
1241 2379 1294 2423 et
1320 2368 1521 2426 fratres
1550 2370 1687 2441 ejus,
1714 2378 1770 2425 et
1803 2369 2047 2439 discipuli
2076 2368 2214 2438 ejus.

642 2470 699 2516 et
730 2460 802 2515 ibi
834 2469 1276 2515 manseruntnon
1310 2460 1494 2515 multis
1518 2461 1726 2516 diebus.
1752 2460 1816 2514 Et
1842 2462 1895 2515 in
1918 2460 2218 2530 propinquo

642 2560 761 2605 erat
796 2549 1002 2607 Pascha
1035 2550 1369 2615 Iudaeorum,
1403 2561 1456 2607 et
1488 2553 1734 2606 ascendit
1764 2550 1922 2605 Jesns
1951 2549 2216 2605 Hieroso-

642 2641 805 2715 lyma,
839 2652 893 2698 et
920 2645 1120 2713 reperit
1151 2644 1200 2697 in
1241 2642 1436 2714 templo
1461 2659 1555 2699 eos
1583 2643 1673 2714 qui
1701 2642 2003 2697 vendebant
2030 2643 2212 2709 boves,

643 2743 697 2790 et
724 2748 873 2799 oves,
907 2743 960 2789 et
990 2736 1288 2800 columbas,
1316 2746 1371 2789 et
1404 2735 1796 2789 nmnmularios
1846 2733 2116 2788 sedentes.
2152 2733 2217 2787 Et

642 2840 767 2879 cum
816 2824 1032 2881 fecisset
1068 2824 1332 2894 flagellum
1364 2838 1395 2878 e
1420 2823 1698 2887 funiculis,
1733 2838 1926 2879 omnes
1959 2822 2122 2891 ejecit
2151 2823 2217 2877 de

644 2916 861 2986 templo,
917 2931 1046 2971 oves
1099 2916 1261 2971 simul
1292 2932 1356 2972 ac
1382 2917 1569 2979 boves,
1624 2925 1678 2970 et
1727 2914 2215 2968 nummulariorum

640 3007 829 3071 effudit
861 3023 953 3073 aes,
1007 3020 1328 3077 mensasque
1360 3007 1643 3072 subvertit,
1677 3014 1731 3062 et
1766 3008 1833 3060 iis
1864 3006 1953 3075 qui
1994 3006 2216 3060 colum-

640 3099 739 3155 bas
766 3100 1093 3165 vendebant,
1126 3100 1260 3155 dixit
1290 3119 1303 3154 :
1336 3098 1562 3154 Auferte
1608 3099 1711 3153 ista
1744 3097 1887 3158 hinc.
1930 3111 2025 3150 nec
2058 3096 2216 3151 facile

643 3188 859 3242 domum
883 3188 1059 3241 Patris
1083 3188 1183 3242 mei
1203 3187 1421 3243 domum
1450 3199 1745 3242 mercatus.
1779 3184 2064 3240 Recordati
2088 3200 2214 3239 vero

642 3288 768 3332 sunt
797 3276 1049 3347 discipuli
1080 3276 1198 3348 ejus
1223 3277 1364 3345 quod
1392 3276 1653 3347 scriptum
1686 3286 1769 3333 est
1796 3295 1809 3331 :
1837 3275 1996 3331 Zelus
2025 3277 2217 3330 domus
2243 3250 2287 3313 δ

641 3378 746 3423 ωε
766 3368 947 3423 exedit
976 3380 1062 3422 me
1079 3367 1143 3421 ".
1159 3385 1177 3417 ι
1208 3367 1494 3423 Descendit
1512 3367 1566 3421 in
1582 3367 1915 3435 Capernaum
1939 3365 2216 3431 Dominus,

641 3475 749 3516 non
798 3458 1022 3516 alterius
1072 3474 1204 3515 usus
1247 3460 1448 3530 gratia,
1481 3474 1642 3529 quam
1680 3466 1739 3513 ut
1782 3468 2013 3513 matrem
2062 3472 2215 3513 suam

640 3552 751 3607 illic
780 3550 1021 3607 residere
1048 3552 1270 3619 faceret,
1298 3560 1356 3605 ut
1384 3565 1452 3606 ne
1478 3551 1625 3605 illam
1651 3550 1853 3621 ubique
1885 3560 2005 3620 post
2026 3558 2085 3605 se
2114 3558 2219 3603 tra-

639 3645 814 3701 heret.
850 3642 1115 3710 Quoniam
1154 3644 1297 3699 enim
1332 3644 1399 3699 ad
1430 3630 1645 3715 nuptias
1670 3653 1933 3700 venerant
1960 3644 2013 3698 in
2045 3643 2213 3709 Cana,

639 3736 843 3805 nuptiis
891 3735 1089 3793 habitis
1118 3736 1335 3792 adducit
1368 3746 1595 3792 matrem
1620 3738 1674 3791 in
1725 3736 1942 3791 domum
1977 3749 2127 3790 suam
2158 3735 2212 3789 in

636 3826 997 3898 Capernaum.
1025 3826 1372 3883 Manifestum
1418 3838 1599 3883 autem
1638 3828 1778 3897 quod
1811 3838 2032 3897 propter
2074 3827 2215 3883 bane

639 3935 861 3977 causam
891 3920 1235 3987 descenderit
1269 3921 1321 3976 Ρη
1352 3918 1716 3992 Capernaum,
1750 3935 1816 3976 ex
1846 3934 1912 3976 eo
1938 3919 2081 3991 quod
2117 3935 2213 3975 ne-

638 4028 747 4084 que
778 4012 964 4069 multis
993 4011 1108 4069 illic
1152 4011 1411 4069 manebat
1438 4010 1654 4079 diebus,
1690 4026 1863 4083 neque
1894 4010 2213 4067 miraculum

634 4104 746 4159 illic
794 4103 1051 4160 faciebat.
1094 4102 1366 4161 Increduli
1413 4105 1556 4161 enim
1607 4114 1766 4161 erant
1807 4105 1929 4176 ejus
1975 4104 2213 4160 civitatis

634 4196 761 4253 viri.
794 4196 958 4269 53B
984 4196 1107 4253 Ideo
1134 4197 1316 4254 etalio
1345 4197 1464 4254 loco
1508 4196 1773 4254 Dominus
1802 4212 1924 4253 eam
1956 4198 2211 4253 miseram

634 4302 756 4345 esse
784 4290 915 4345 dicit
943 4288 1010 4342 ".
1040 4288 1194 4357 Quod
1246 4298 1426 4345 autem
1484 4289 1611 4345 dicit
1665 4289 1991 4359 evangelista
2042 4279 2211 4343 fuisse

634 4392 808 4451 prope
839 4377 1071 4447 Pascha,
1106 4378 1347 4435 ostendit
1382 4380 1525 4449 quod
1556 4392 1661 4433 non
1694 4386 1821 4433 ante
1853 4378 2053 4432 multos
2094 4377 2211 4433 dies

632 4469 855 4525 Pascha
884 4467 1048 4523 fuerit
1082 4468 1404 4539 baptizatus.
1443 4465 1613 4523 Porro
1643 4467 1732 4523 ubi
1762 4467 2005 4523 ascendit
2032 4466 2086 4521 in
2112 4464 2207 4522 leo

633 4558 892 4625 rusalem,
926 4572 1038 4613 rem
1070 4557 1199 4611 fecit
1249 4571 1456 4629 magna:
1490 4556 1849 4613 auctoritatis.
1907 4556 2207 4613 Vendentes

629 4649 773 4703 enim
808 4662 937 4704 oves
966 4658 1020 4703 et
1052 4648 1217 4704 boves
1246 4647 1427 4716 ejecit.
1454 4644 1572 4700 Jam
1609 4648 1751 4718 quod
1787 4647 1985 4701 factum
2017 4648 2121 4704 hoc
2148 4659 2203 4705 et

630 4738 915 4795 lauimus
967 4748 1357 4795 commemorat
1400 4739 1468 4806 “,
1518 4740 1661 4794 scias
1696 4738 1838 4809 quod
1889 4753 1993 4794 non
2033 4740 2203 4797 semel

630 4832 733 4887 hoc
765 4830 1015 4885 Christus
1051 4829 1263 4893 fecerit,
1298 4831 1393 4885 sed
1429 4830 1532 4885 hoc
1563 4832 1705 4900 quod
1737 4829 2019 4887 Matthazus
2046 4838 2202 4887 c’om-

630 4929 915 4986 memorat,
947 4917 1075 4972 feclt
1114 4933 1281 4989 prope
1313 4927 1522 4989 tempus
1546 4920 1829 4989 passionis,
1858 4923 1999 4990 quod
2022 4932 2203 4977 autem

626 5012 769 5083 apud
819 5008 1112 5075 Jomnem,
1155 5013 1207 5064 in
1240 5012 1464 5067 exordio
1516 5012 1815 5082 signorum.
1856 5011 2060 5069 Idcirco
2103 5014 2205 5070 hoc

626 5104 747 5160 loco
777 5105 956 5159 minus
989 5118 1177 5171 aspere
1204 5106 1341 5159 dixit
1370 5122 1382 5157 :
1415 5122 1433 5155 ι
1476 5104 1551 5160 Ne
1584 5104 1819 5161 feceritis
1851 5108 2069 5161 domum
2101 5106 2205 5161 Pa-

628 5195 729 5251 tris
760 5195 885 5260 mei,
919 5198 1135 5251 domum
1182 5206 1477 5253 mercatus.
1520 5216 1539 5249 ›
1579 5198 1791 5253 Initium
1823 5200 1966 5253 enim
2015 5200 2201 5270 signo-

626 5303 747 5342 rum
778 5287 958 5341 adhuc
989 5299 1126 5352 erat,
1158 5299 1211 5341 et
1244 5288 1479 5343 nondum
1533 5300 1677 5344 tanta
1704 5292 1983 5361 signorum
2020 5304 2202 5347 osten-

626 5394 811 5435 sorum
840 5391 956 5433 erat
984 5381 1303 5434 auctoritas.
1341 5379 1455 5435 Illic
1501 5392 1680 5435 autem
1714 5385 1854 5451 apud
1886 5381 2197 5437 Mattbazutn

630 5470 779 5533 dicit,
817 5488 834 5520 ι
869 5468 988 5525 Non
1034 5470 1219 5534 facite,
1257 5470 1449 5538 inquit,
1484 5471 1793 5540 speluncam
1830 5468 2123 5526 latronum.
2174 5491 2193 5523 ι

627 5556 911 5613 Manifesta
961 5560 1107 5614 enim
1142 5558 1262 5615 illos
1308 5559 1547 5615 latrones
1597 5562 1915 5627 nominavit,
1952 5563 2096 5632 quod
2132 5578 2200 5617 ex

628 5647 844 5718 injustis
875 5649 1050 5707 modis
1079 5651 1288 5708 lucrum
1328 5651 1591 5708 facerent.
1622 5652 1848 5719 Quando
1892 5657 2035 5708 enim
2078 5658 2200 5725 quis

696 5828 738 5859 "
766 5828 911 5885 Psal.
943 5846 1097 5899 svnt,
1131 5832 1215 5889 I0.
1288 5836 1335 5895 η⁶⁸
1356 5833 1492 5893 Luc.
1523 5851 1579 5903 ι,
1610 5836 1695 5892 I5.
1775 5836 1819 5871 ”
1848 5834 2035 5917 Matth.
2065 5853 2174 5907 an,
2205 5839 2285 5896 12.

2220 4672 2223 4675 _
2240 4599 2285 4655 D

2324 2023 2537 2089 νόησον,
2564 2023 2685 2077 ἀντὶ
2710 2022 2827 2090 τοῦ,
2864 2023 3050 2078 πίστιν
3075 2022 3469 2095 περισσοτέραν
3504 2022 3599 2075 καὶ
3628 2020 3909 2092 βεϐαιοτὲ-

2326 2131 2423 2187 ραν
2456 2115 2646 2170 ἔλαϐον
2684 2118 2765 2180 είς
2810 2116 3007 2172 αὐτόν’
3051 2119 3175 2170 ἐπεὶ
3221 2117 3317 2171 καὶ
3368 2115 3637 2187 πρότερον
3688 2113 3907 2175 πάντως

2322 2212 2630 2278 ἐπίστευον,
2662 2212 2778 2266 ἀλλ’
2806 2212 2905 2284 οὐχ
2937 2213 3079 2267 οὕτω
3109 2213 3365 2285 βεϐαίως.

2399 2322 2417 2354 ι
2460 2304 2615 2357 Μετὰ
2639 2303 2801 2358 τοῦτο
2823 2304 3032 2375 κατέϐη
3064 2306 3143 2369 είς
3178 2304 3553 2375 Καπερναοὺμ
3582 2301 3774 2368 αὐτὸς,
3812 2301 3907 2355 καὶ

2321 2397 2355 2467 ἡ
2394 2396 2578 2466 μήτηρ
2610 2396 2801 2461 αὑτοῦ,
2834 2398 2930 2451 καὶ
2966 2398 3017 2450 οί
3039 2396 3261 2466 ἀδελφοὶ
3294 2396 3483 2462 αὑτοῦ,
3521 2396 3617 2449 καὶ
3642 2397 3695 2449 oi
3729 2395 3908 2468 μαθη.

2321 2490 2410 2542 ταὶ
2440 2489 2603 2541 αὑτοῦ
2628 2505 2641 2517 ·
2677 2491 2773 2542 καὶ
2797 2492 2914 2543 ἐκεῖ
2945 2488 3169 2561 ἔμειναν
3199 2491 3259 2543 οὐ
3290 2489 3492 2553 πολλὰς
3516 2490 3760 2561 ἡμέρας.
3801 2490 3906 2543 Καὶ

2321 2583 2488 2649 ἐγγὺς
2514 2576 2581 2651 ἦν
2629 2582 2691 2635 τὸ
2722 2582 2915 2653 Πάσχα
2961 2582 3071 2637 τῶν
3120 2582 3410 2648 Ἰουδαίων,
3464 2583 3557 2636 καὶ
3607 2582 3787 2653 ἀνέϐη
3831 2583 3906 2643 είς

2331 2674 2680 2747 Ἰεροσόλυμα
2707 2678 2735 2730 ὀ
2777 2676 3006 2747 Ἰησοῦς.
3041 2677 3149 2730 Καὶ
3196 2670 3355 2747 εὗρεν
3395 2679 3452 2731 ἐν
3485 2676 3561 2747 τῷ
3597 2675 3735 2747 ἱερῷ
3778 2676 3905 2739 τοὺς

2321 2768 2640 2832 πωλοῦντας
2691 2768 2838 2839 βόας,
2885 2772 2981 2839 καὶ
3044 2770 3316 2843 πρόϐατα,
3385 2771 3479 2825 καὶ
3548 2770 3903 2841 περιστεράς,

2322 2862 2415 2914 καὶ
2467 2862 2593 2925 τοὺς
2645 2862 3016 2933 κερματιστὰς
3072 2864 3437 2933 καθημένους.
3498 2864 3604 2917 Καὶ
3666 2864 3903 2934 ποιήσας

2321 2955 2686 3026 φραγγέλλιον
2727 2958 2793 3009 ὲκ
2837 2956 3108 3026 σχοινίων,
3160 2957 3369 3020 πάντας
3423 2956 3680 3021 ἐξέϐαλεν
3710 2960 3778 3011 εκ
3811 2955 3901 3009 τοῦ

2322 3041 2491 3117 ίεροῦ,
2524 3048 2592 3100 τά
2621 3064 2680 3101 τε
2705 3048 2977 3117 πρόϐατα,
3007 3050 3103 3103 καὶ
3127 3049 3254 3113 τοὺς
3282 3049 3409 3119 βόας
3432 3067 3443 3079 ·
3484 3051 3580 3102 καὶ
3624 3049 3741 3103 τῶν
3786 3051 3905 3104 κολ-

2319 3138 2584 3195 λυϐιστῶν
2600 3139 2780 3210 ἐξέχεε
2797 3141 2857 3205 τὸ
2870 3140 3072 3211 κόρμα,
3091 3142 3299 3206 καὶτὰς
3316 3142 3594 3213 τραπέζας
3610 3144 3899 3215 ἀνέτρεψε,

2321 3228 2415 3283 καὶ
2452 3231 2563 3291 τοῖς
2616 3229 2717 3293 τὰς
2762 3231 3094 3303 περιστερὰς
3141 3231 3413 3287 πωλοῦσιν
3452 3230 3643 3289 εἶπεν·
3695 3237 3901 3307 ’Δρατε

2319 3319 2492 3375 ταῦτα
2538 3320 2811 3390 ἐντεῦθεν,
2844 3323 2938 3377 καὶ
2977 3324 3052 3395 μὴ
3090 3328 3293 3379 ποιεῖτε
3340 3327 3438 3380 τὸν
3470 3323 3617 3380 οἶκον
3666 3327 3764 3382 τοῦ
3794 3330 3904 3383 Πα-

2320 3412 2444 3483 τρός
2476 3429 2577 3483 μου
2632 3408 2780 3469 οἷκον
2810 3414 3101 3488 ιμπορίου.
3128 3416 3506 3488 Ἐμνήσθησαν
3540 3418 3595 3472 δὲ
3631 3420 3683 3473 οί
3720 3419 3898 3491 μαθη-

2318 3506 2409 3559 ταὶ
2454 3505 2643 3575 αὐτοῦ,
2694 3508 2778 3560 ὅτι
2825 3508 3214 3579 γεγραμμένον
3263 3508 3449 3563 ἐστίν·
3500 3510 3557 3565 '0
3589 3510 3755 3581 ζῆλος
3806 3512 3897 3565 τοῦ

2319 3598 2466 3651 οίκου
2512 3614 2604 3650 σου
2660 3597 2938 3668 κατέφαγε
2987 3615 3076 3669 με.
3124 3617 3145 3652 ι
3180 3601 3518 3671 Κατὲρχεται
3564 3604 3641 3665 είς
3676 3604 3898 3673 [iamp-

2317 3690 2492 3760 ναοὺμ
2525 3690 2554 3743 δ
2583 3688 2799 3762 Κύριος,
2836 3690 3093 3762 οὐδεμιᾶς
3122 3691 3288 3761 ἄλλης
3314 3692 3505 3763 χρείας
3529 3690 3748 3760 ἕνεκεν,
3778 3697 3892 3748 ἀλλ’

2314 3786 2349 3858 ἢ
2396 3785 2490 3840 τοῦ
2542 3786 2995 3859 ἀποκαταστῆσαι
3060 3787 3160 3858 τὴν
3243 3788 3459 3859 μητέρα
3520 3786 3693 3844 αὐτοῦ
3761 3792 3894 3853 ἐκεῖ,

2317 3876 2403 3931 ἵνα
2432 3876 2508 3949 μὴ
2533 3878 2810 3950 πανταχοῦ
2841 3880 3011 3951 αὐτὴν
3031 3880 3349 3952 ἐφέλκηται.
3394 3880 3544 3935 Ἐπεὶ
3566 3883 3678 3953 γὰρ
3699 3883 3790 3937 διὰ
3811 3885 3895 3935 τὸν

2315 3967 2492 4037 γάμον
2517 3964 2679 4039 ἦλθον
2708 3971 2787 4033 είς
2827 3971 3002 4037 Κανᾶ,
3032 3970 3126 4023 τοῦ
3157 3972 3337 4042 γάμου
3372 3972 3763 4045 παρελθόντος,
3806 3978 3897 4028 ἐκ·

2316 4061 2508 4130 ανάγει
2538 4062 2638 4131 τὴν
2667 4063 2883 4138 μητέρα
2908 4064 2990 4127 είς
3010 4064 3103 4117 τὸν
3131 4066 3190 4119 ὲν
3217 4066 3593 4137 Καπερναοὺμ
3620 4063 3776 4122 οἷκον
3800 4070 3894 4121 αὖ·

2312 4152 2432 4223 τῆς.
2464 4152 2632 4223 Δῆλον
2663 4152 2719 4206 δὲ
2747 4152 2924 4221 τοῦτο,
2953 4155 3033 4209 ὅτι
3062 4154 3150 4208 διὰ
3175 4155 3381 4227 ταύτην
3412 4158 3511 4227 τὴν
3533 4157 3721 4211 αίτίαν
3758 4174 3891 4212 κατ-

2312 4245 2410 4317 έϐη
2462 4248 2541 4311 είς
2586 4248 2981 4319 Καπερναοὺμ,
3029 4248 3095 4302 Ix
3131 4248 3226 4303 τοῦ
3274 4253 3413 4323 μήτε
3457 4250 3664 4317 πολλὰς
3716 4255 3895 4324 μεῖναι

2310 4342 2429 4395 ἐκεῖ
2458 4340 2691 4411 ἡμέρας,
2728 4342 2867 4411 μήτε
2900 4340 3154 4411 θαύματα
3181 4344 3240 4396 ὲν
3269 4344 3406 4415 αὑτῇ
3446 4348 3696 4415 ποιῆσαι.
3741 4346 3893 4399 ’Δπί-

2312 4452 2457 4501 πως
2511 4438 2620 4507 γὰρ
2669 4433 2816 4507 εἶχον
2864 4437 3002 4509 πρὸς
3044 4436 3210 4493 αὑτὸν
3249 4437 3300 4490 οί
3332 4435 3429 4509 τὴν
3474 4437 3632 4490 πόλιν
3687 4438 3892 4511 ταύτην

2310 4528 2589 4592 οἰκοῦντες
2610 4545 2622 4560 ·
2656 4528 2736 4582 διὸ
2766 4531 2861 4584 καὶ⁵
2903 4529 3137 4601 ἅλλαχοῦ
3164 4532 3192 4583 ό
3220 4528 3428 4600 Κύριος
3477 4529 3760 4596 ταλανίζει
3795 4534 3891 4587 αὑ-

2312 4624 2435 4694 τήν.
2493 4624 2593 4676 Διά
2640 4622 2697 4677 δὲ
2729 4622 2823 4677 τοῦ
2868 4623 3041 4676 εἰπεῖν
3069 4625 3098 4677 ὁ
3129 4623 3544 4697 εὐαγγελιστὴς,
3598 4626 3683 4679 ὅτι
3729 4645 3748 4678 ι
3786 4624 3892 4681 Ἦν

2311 4720 2477 4787 ιγγὺς
2500 4718 2563 4772 τὸ
2584 4718 2796 4790 Πάσχα,
2832 4738 2851 4772 ι
2880 4720 3151 4775 δείκνυσιν
3184 4722 3263 4775 δτι
3292 4723 3355 4775 οὐ
3381 4724 3487 4793 πρὸ
3516 4722 3731 4779 πολλῶν
3757 4727 3889 4797 mas-

2316 4814 2423 4884 ρῶν
2454 4813 2549 4868 τοῦ
2590 4816 2784 4887 Πάσχα
2833 4815 3186 4873 ἑϐαπτίσατο.
3232 4820 3497 4875 Ἀνελθὼν
3522 4822 3581 4875 δι
3610 4826 3693 4888 εις
3728 4825 3891 4893 ἰεροσ

2313 4910 2543 4981 σόλυμα,
2574 4913 2715 4965 ποιεί
2738 4914 2969 4982 πρᾶγμα
2992 4914 3195 4985 πολλῆς
3216 4915 3502 4980 αὐθεντίας
3528 4916 3726 4989 γέμον.
3754 4921 3887 4984 Τοὺς

2313 5002 2420 5075 γὰρ
2444 5004 2751 5070 πωλοῦντας
2776 5008 2842 5061 τὰ
2870 5004 3135 5077 πρόϐατα,
3160 5010 3257 5062 ’καὶ
3284 5010 3410 5073 τοὺς
3431 5010 3582 5081 βόας,
3611 5013 3884 5069 ἐκϐάλλει.

2314 5095 2377 5147 El
2413 5094 2470 5148 δὲ
2492 5094 2585 5147 καὶ
2608 5098 2636 5149 ό
2655 5095 2933 5161 Ματθαῖός
2956 5114 3089 5170 φησι
3116 5098 3274 5151 τοῦτο
3300 5102 3664 5172 πεποιηκέναι
3697 5107 3882 5171 αὑτὸν,

2312 5186 2426 5241 ἀλλ’
2457 5187 2561 5241 ἴσθι
2593 5188 2668 5252 ὼς
2711 5190 2810 5259 οὑχ
2844 5190 2993 5254 ἅπαξ
3024 5191 3183 5245 τοῦτο
3220 5193 3501 5264 εποίησεν,
3527 5196 3666 5250 ἀλλὰ
3696 5198 3760 5251 τὸ
3790 5200 3885 5268 μὲν

2311 5283 2458 5353 παρὰ
2491 5283 2569 5354 τῷ
2618 5283 2906 5354 Ματθαίῳ,
2940 5285 3106 5353 ἐγγὺς
3146 5284 3240 5339 τοῦ
3280 5285 3485 5351 πάθους
3526 5292 3673 5343 ποιεῖ
3696 5308 3709 5320 ·
3741 5293 3801 5345 τὸ
3832 5295 3883 5347 δὲ

2308 5374 2402 5429 νῦν
2433 5377 2582 5447 παρά
2612 5375 2690 5445 τῷ
2730 5376 2973 5449 Ἰωάννῃ,
3007 5378 3117 5434 τῶν
3157 5378 3399 5451 σημείων
3432 5382 3745 5454 ἀρχόμενος
3766 5402 3778 5415 ’
3808 5386 3883 5439 διὸ

2307 5469 2539 5523 ἐνταῦθα
2578 5471 2892 5541 άφειμένως
2947 5466 3068 5525 εἶπε
3093 5488 3105 5501 ·
3157 5491 3176 5524 ι
3214 5474 3307 5543 Μὴ
3356 5476 3562 5527 ποιεῖτε
3599 5476 3693 5529 τὸν
3741 5475 3880 5531 οἷκον

2306 5562 2399 5615 τοῦ
2432 5564 2642 5634 Πατρός
2683 5580 2806 5635 μου,
2838 5560 2986 5618 οἷκον
3014 5566 3301 5637 ἐμπορίου.
3336 5587 3357 5620 a
3401 5566 3571 5644 Ἀρχὴ
3611 5569 3723 5638 γὰρ
3754 5572 3881 5633 τέως

2308 5652 2375 5729 ἦν
2420 5656 2525 5713 τῶν
2576 5660 2836 5731 σημείων,
2886 5661 2977 5714 καὶ
3014 5658 3166 5716 οὔπω
3211 5661 3445 5733 τοσαύτη
3500 5664 3788 5737 παρρησία
3821 5660 3877 5735 ἦν
