4078 6330
143 506 276 572 1197

876 503 1336 569 ENARBATIO
1368 502 1449 565 IN
1493 499 2005 564 EVANGELIUM
2033 484 2476 561 JOANNIS.—
2514 496 2674 558 CAP.
2709 493 2797 555 II.

3344 488 3487 558 1198

134 618 286 687 αὐτῷ
336 618 448 675 ἀπὸ
492 618 592 690 τῆς
637 618 746 671 τῶν
785 617 1034 689 σημείων
1083 615 1425 681 ἐπιδείξεως.
1488 612 1638 666 Ἐκεῖ
1667 610 1747 674 δὲ,

1860 625 1927 666 ex
1961 623 2029 666 eo
2059 606 2208 678 quod
2249 606 2407 677 parvi
2442 605 2605 676 pretii
2641 614 2752 671 est,
2782 600 3012 657 multum
3047 600 3210 673 pretii
3234 604 3398 675 petit,
3429 614 3490 660 et

135 713 286 784 παρὰ
317 714 395 783 τῷ
424 712 716 782 Ματθαίῳ,
749 710 928 782 φημί·
970 729 989 763 ι
1024 708 1113 782 Μὴ
1150 710 1379 774 ποιεῖτε,
1412 708 1571 778 φησὶ,
1606 706 1752 776 σπήι-

133 806 287 860 λαιον
340 804 577 881 λῃστῶν.
620 824 640 858 ι
674 802 934 876 Φανερῶς
965 801 1078 875 γὰρ
1129 801 1336 875 λῃστὰς
1381 800 1583 862 αὐτοὺς
1618 797 1753 850 ὠνό-

138 915 310 971 μασε,
344 898 421 962 ὡς
456 898 517 965 ἐξ
552 896 757 952 ἀδίκων
790 897 1180 967 κερδαίνοντας
1209 895 1418 966 πόρων.
1450 893 1624 946 Ὅταν
1647 892 1754 963 γάρ

134 1010 215 1056 τις
242 992 310 1045 τὸ
340 992 526 1060 ὀλίγου
549 992 865 1061 τιμώμενον
892 989 1097 1044 πολλοῦ
1119 990 1437 1061 τιμήματος
1461 986 1625 1054 ἀξιοῖ,
1659 987 1755 1040 καὶ

133 1084 240 1139 ἀπὸ
283 1086 544 1156 πενήτων
578 1086 742 1158 τυχὸν
767 1086 863 1139 καὶ
898 1084 1087 1157 χηρῶν
1115 1084 1177 1137 τὸ
1210 1082 1407 1154 κέρδος
1430 1080 1755 1151 ἐρανίζηται

136 1180 230 1249 (ὡς
266 1178 367 1232 ἐπὶ
394 1178 456 1232 τὺ
482 1178 620 1232 πολὺ
654 1180 763 1249 γὰρ
796 1171 946 1232 οὗτοι
980 1177 1028 1230 oi
1058 1176 1129 1230 τὰ
1157 1174 1391 1247 χρειώδη
1450 1170 1757 1239 ἐξωνούμεο

132 1266 231 1339 νοι,
272 1273 398 1347 ,καὶ
448 1274 930 1346 πιπράσκοντες),
979 1272 1031 1325 τί
1083 1270 1235 1337 ἄλλο,
1270 1269 1304 1341 ἢ
1340 1269 1501 1340 ἔργον
1550 1263 1753 1337 λῃστοῦ

132 1368 305 1431 ποιεῖ,
338 1368 401 1419 ἐκ
430 1367 731 1437 συμφορῶν
755 1365 962 1437 ἐτέρων
988 1364 1157 1435 κέρδη
1184 1360 1715 1444 πραγματευόμενος
1738 1377 1750 1420 ;

133 1459 296 1523 Τίνος
328 1459 383 1513 δὲ
413 1460 603 1513 ἕνεκεν
631 1460 771 1523 ὅλως
798 1457 1054 1512 examen
1084 1457 1213 1521 τοὺς
1248 1454 1535 1517 τοιούτους
1568 1454 1632 1505 ἐκ
1655 1450 1751 1505 τοῦ

136 1552 285 1624 ἱεροῦ
314 1571 330 1620 ;
364 1556 479 1607 Ούκ
540 1555 755 1623 ἀλόγως
778 1570 792 1584 ο
832 1552 949 1607 ἀλλ’
984 1555 1112 1606 ἐπεὶ
1144 1550 1371 1623 ἔμελλεν
1403 1552 1460 1603 ἐν
1486 1547 1752 1618 Σαόὂάτῳ

132 1645 493 1717 θεραπεύειν,
545 1647 641 1699 καὶ
677 1644 989 1715 παραλύειν
1024 1642 1116 1697 τὸν
1155 1643 1345 1714 νόμον,
1392 1639 1481 1694 ἵνα
1514 1638 1591 1710 μὴ
1623 1636 1752 1710 δόξῃ

129 1738 386 1802 ἀντίθεος
431 1733 614 1803 εἶναι,
660 1736 971 1809 διορθοῦται
1024 1735 1281 1789 ἐντεῦθεν
1339 1732 1439 1806 τὴν
1492 1730 1756 1801 τοιαύτην

130 1829 432 1899 ὑπόληψιν.
471 1830 548 1883 Οὐ
579 1829 690 1900 γὰρ
739 1828 806 1884 ἂν
836 1831 865 1883 ὁ
892 1828 1156 1883 τοσοῦτον
1196 1824 1359 1897 ζῆλον
1412 1822 1757 1895 ἐπιδειξάμε-

1866 718 1897 756 a
1934 698 2281 773 pauperibus
2334 697 2592 755 fortassis
2626 707 2682 753 et
2714 695 2895 752 viduis
2945 694 3163 751 lucrum
3215 698 3488 765 corradit,

1863 798 2008 852 sicut
2050 796 2227 851 ferme
2256 793 2437 850 solent
2464 793 2524 848 bi
2554 792 2647 863 qui
2677 791 2995 848 necessaria
3020 792 3325 860 venditant,
3358 792 3490 863 quid

1861 890 2008 946 aliud
2060 904 2227 960 quam
2277 903 2416 960 opus
2464 887 2698 943 latronis
2748 886 2905 951 facit,
2953 900 3020 942 ex
3077 885 3492 943 calamitatibus

1861 984 2096 1039 aliorum
2148 983 2302 1039 lucra
2332 981 2738 1052 comportans?
2770 979 2837 1034 Et
2868 996 3041 1051 quare
3074 979 3197 1036 illos
3226 996 3258 1037 e
3288 979 3492 1051 templo

1864 1078 2057 1150 ejicit?
2079 1077 2196 1133 Non
2233 1076 2531 1133 immerito.
2560 1075 2698 1143 Quia
2728 1076 2877 1132 enim
2904 1075 2958 1129 in
2988 1074 3236 1131 Sabbato
3263 1087 3492 1132 sanatu-

1866 1189 1959 1228 rus
1997 1184 2139 1237 erat,
2178 1182 2233 1227 et
2268 1172 2550 1228 soluturus
2598 1172 2773 1241 legem
2810 1186 2824 1225 :
2860 1178 2918 1224 ut
2948 1184 3021 1225 ne
3054 1170 3307 1226 videatur
3351 1186 3491 1226 con-

1862 1269 2069 1322 trarius
2124 1266 2256 1332 Deo,
2312 1267 2541 1338 corrigit
2596 1266 2702 1322 hoc
2758 1265 2884 1321 loco
2935 1265 3253 1335 opinionem
3313 1264 3487 1323 illam.

1862 1355 2056 1426 Neque
2082 1357 2233 1410 enim
2286 1364 2498 1411 tantum
2548 1356 2729 1411 zelum
2762 1367 2992 1427 propter
3033 1359 3256 1413 domum
3291 1369 3486 1417 osten-

1861 1448 2021 1517 deus,
2054 1451 2359 1521 sprevisset
2391 1449 2587 1519 Deum,
2632 1451 2919 1505 dominum
2948 1451 3166 1507 domus.
3197 1451 3317 1508 Non
3338 1453 3484 1509 enim

1862 1544 2189 1615 simpliciter
2243 1546 2415 1618 ejicit,
2467 1546 2564 1603 sed
2594 1556 2650 1603 ει
2678 1546 2898 1618 ﬂagello
2931 1548 3093 1619 plexo
3125 1547 3394 1619 percutit,
3430 1557 3487 1604 et

1862 1640 2131 1693 subvertit
2161 1654 2405 1709 mensas,
2440 1652 2498 1697 et
2525 1657 2622 1708 aes,
2659 1642 2765 1697 hoc
2792 1652 2877 1699 est
2905 1641 3196 1714 pecuniam
3228 1658 3489 1699 nummu-

1864 1728 2126 1785 lariorum
2182 1729 2435 1790 ell‘undit.
2472 1733 2539 1788 Et
2573 1748 2714 1804 opus
2766 1733 3137 1805 periculosum
3174 1742 3482 1804 attentans,

1864 1836 1973 1877 non
2004 1836 2065 1878 se
2100 1821 2156 1876 in
2189 1823 2498 1894 periculum
2534 1824 2868 1896 conjecisset
2895 1840 2997 1896 pro
3026 1826 3192 1881 domo
3225 1825 3344 1894 Dei,
3374 1826 3487 1883 sol-

128 1935 221 1988 νος
262 1925 410 1996 ὑπὲρ
437 1923 530 1978 τοῦ
560 1926 735 1991 οἴκου,
773 1923 866 1977 τὸν
893 1922 991 1978 τοῦ
1017 1925 1170 1977 οἴκου
1199 1920 1473 1993 δεσπότην
1499 1920 1593 1974 τὸν
1620 1919 1750 1973 Θεὸν

1866 1928 2000 1970 vcns
2074 1914 2250 1987 legem
2306 1914 2405 1973 Dei
2458 1926 2518 1973 ut
2568 1918 2968 1975 adversarius:
3012 1918 3111 1974 sed
3159 1921 3388 1977 omnino
3422 1933 3488 1977 ut

127 1978 425 2089 ηθὶτησεξρ.
469 2020 544 2072 Οὐ
586 2020 695 2091 γάρ
723 1978 921 2083 enim
966 2016 1247 2082 ἐξέϐαλεν,
1300 1978 1440 2071 ἀλλᾶ
1473 2014 1566 2069 και
1608 2030 1750 2084 φρα-

1857 2005 2030 2063 Filius
2057 1978 2173 2074 Dei,
2200 2019 2256 2065 et
2278 2010 2547 2081 aequalem
2584 2012 2795 2068 habens
2821 2021 3149 2084 potestatem
3184 2012 3362 2082 Patri,
3385 2016 3485 2087 qui

128 2111 340 2180 γελλίῳ
391 2111 616 2182 πλεκτῷ
666 2111 916 2177 τύπτων,
970 2110 1067 2165 καὶ
1108 2108 1440 2181 ἀνατρέπων
1474 2094 1581 2171 ’τὰς
1619 2123 1753 2177 τρα-

129 2204 337 2271 πέζας,
372 2204 466 2258 καὶ
494 2205 554 2258 τὸ
579 2205 787 2277 κέρμα,
820 2206 941 2277 ἦτοι
975 2205 1037 2258 τὸ
1070 2205 1317 2275 νόμισμα
1350 2202 1459 2257 τῶν
1493 2200 1751 2256 κολλυϐι-

131 2297 305 2364 στῶν,
358 2298 592 2369 ἐκχέων,
644 2299 741 2353 καὶ
783 2298 933 2369 ἔργῳ
967 2296 1602 2369 παρακεκινδυνευμένῳ
1630 2295 1751 2347 ἐπι-

127 2392 361 2464 χειρῶν.
413 2394 527 2447 Οὐκ
569 2392 635 2447 ἂν
674 2388 768 2447 οὖν
798 2393 935 2455 όείς
988 2391 1238 2447 κίνδυνον
1287 2391 1501 2463 ῥίπτων
1553 2388 1751 2443 ἐαυτὸν

128 2485 279 2553 ὺπέρ
312 2486 407 2539 τοῦ
443 2486 595 2540 οἴκου
648 2484 743 2538 τοῦ
776 2485 939 2550 Θεοῦ,
999 2484 1243 2557 παρέλυε
1291 2484 1383 2537 τὸν
1430 2484 1596 2555 νόμον
1653 2481 1749 2537 τοῦ

125 2576 270 2631 Θεοῦ
306 2576 383 2641 ὡς
415 2578 682 2645 ἀντίθεος,
709 2577 849 2631 ἀλλὰ
877 2577 1099 2640 πάντως
1131 2578 1208 2642 ὡς
1240 2577 1369 2642 Υἱὸς
1392 2576 1491 2643 ὢν,
1522 2578 1619 2631 καὶ
1649 2575 1749 2647 τὴν

126 2673 256 2744 ῐσην
302 2670 556 2737 ἐξουσίαν
600 2672 740 2742 ἔχων
789 2671 870 2744 τῷ
900 2671 1022 2742 Θεῷ
1069 2672 1165 2727 καὶ
1195 2672 1393 2743 Πατρὶ,
1425 2671 1504 2744 τῷ
1534 2670 1631 2725 καὶ
1657 2669 1751 2723 τὸν

129 2765 268 2836 περὶ
298 2764 393 2819 τοῦ
430 2765 719 2820 Σαῦὅάτου
754 2768 921 2839 νόμον
961 2767 1130 2821 δόντι.
1164 2765 1256 2819 Διὸ
1286 2765 1410 2820 ούδέ
1464 2760 1610 2819 εἶπε·
1643 2765 1750 2819 Τὸν

123 2853 279 2913 οἷκον
312 2857 406 2913 τοῦ
442 2859 603 2924 Θεοῦ,
631 2859 789 2927 ἀλλὰ,
818 2879 836 2912 ι
878 2860 983 2916 Τὸν
1011 2857 1162 2915 οἷκον
1187 2860 1282 2913 τοῦ
1304 2860 1521 2932 Πατρός
1547 2878 1654 2932 μου
1676 2877 1687 2889 ·
1724 2865 1744 2913 i'

124 2951 401 3007 δεικνύων
438 2953 523 3007 ὅτι
561 2954 894 3021 ἐξουσιάζει,
926 2954 1003 3019 ὼς
1048 2955 1199 3020 Υἱὸς,
1238 2954 1351 3008 τῶν
1400 2953 1495 3009 τοῦ
1535 2955 1749 3026 Πατρδς

124 3046 377 3100 πάντων.
408 3046 779 3100 Κολλυδισταὶ
810 3047 866 3101 δέ
892 3046 1037 3101 είσὶν
1059 3048 1109 3101 oi
1134 3048 1204 3101 τὰ
1231 3047 1406 3101 λεπτὰ
1430 3047 1748 3120 νομίσματα

126 3137 471 3206 πωλοῦντες,
507 3140 630 3211 ἦτοι
666 3141 791 3205 τοὺς
832 3139 1139 3212 νούμμους.
1195 3140 1474 3207 Κόλλυδος
1506 3142 1617 3215 γὰρ
1656 3141 1748 3196 λέ-

122 3248 289 3300 γεται
324 3231 386 3286 τὸ
416 3231 612 3287 λεπτὸν
646 3234 892 3307 νόμισμα
929 3236 1059 3307 παρ’
1088 3234 1375 3308 Ἕλλησιν,
1410 3236 1439 3290 ὃ
1483 3233 1746 3308 Ῥωμαῖοι

124 3322 380 3396 νοῦμμον
434 3327 787 3398 ὀνομάζουσι.
858 3328 1056 3382 Πολλοὶ
1116 3330 1212 3383 καὶ
1270 3328 1383 3401 τῶν
1438 3331 1819 3410 ἀρχιερέωνο

125 3418 518 3490 ἁμαρτάνουσι
551 3420 803 3485 τοιαῦτα,
828 3417 922 3475 οἷα
943 3422 1066 3476 τότε
1090 3424 1139 3475 οἱ
1171 3421 1435 3495 κάπηλοι,
1468 3425 1595 3488 τοὺς
1616 3424 1747 3495 βόας

124 3511 447 3576 πωλοῦντες
479 3516 537 3566 ἐν
564 3517 631 3586 τῇ
681 3510 1002 3587 Ἐκκλησία,
1031 3515 1179 3586 λέγω
1223 3516 1311 3589 δὴ,
1340 3519 1469 3583 τοὺς
1500 3522 1558 3573 ἐν
1603 3519 1749 3590 λόγῳ

120 3606 507 3679 δ;δασκαλικῷ
541 3608 950 3680 διαπρέποντας
987 3610 1063 3682 μὴ
1099 3612 1583 3683 περιποιούμενοι,
1630 3614 1747 3667 ἀλλ’

122 3698 437 3762 ἐκδιδόντες
470 3701 584 3763 τοῖς
621 3704 964 3770 κακουργεῖν
1024 3701 1415 3774 βου).ομένοις’
1459 3704 1597 3758 ἀλλὰ
1652 3704 1749 3758 καὶ

120 3790 198 3845 τὰ
236 3791 515 3863 πρόϐατα,
547 3792 639 3845 τὸν
675 3793 1046 3866 ἀφελέστερον
1093 3796 1188 3849 καὶ
1237 3796 1421 3850 κοινὸν
1450 3797 1601 3863 λαὸν,
1652 3799 1748 3853 καὶ

119 3884 228 3950 τὰς
273 3885 636 3957 περιστερὰς,
667 3886 738 3939 τὰ
788 3889 1140 3958 πνευματικά
1199 3908 1345 3962 φημι
1400 3892 1746 3964 χαρίσματα,

122 3979 565 4049 πιπράσκοντες,
601 3980 698 4032 καὶ
738 3980 866 4043 τοὺς
898 3980 1127 4037 πλείονα
1176 3982 1441 4049 διδόντας,
1470 3987 1583 4049 τοῖς
1627 3986 1749 4057 μεί-

120 4071 250 4136 ζοσι
282 4070 516 4143 βαθμοῖς
545 4072 1055 4143 ἐγκατατάττοντες
1077 4090 1089 4105 ο
1128 4074 1227 4139 οὒς
1258 4077 1287 4129 ό
1311 4076 1518 4148 Κύριος
1549 4078 1750 4132 ἐκδάλ-

120 4166 213 4218 λει
240 4164 339 4219 τοῦ
379 4165 550 4238 ἱεροῦ,
586 4166 844 4233 ἀναξίους
898 4166 998 4239 τῆς
1047 4168 1471 4241 ἀρχιερωσύνης
1518 4171 1745 4242 κρίνων.

136 4259 311 4314 Ἀλλὰ
348 4260 450 4315 κᾶν
484 4277 569 4326 τις
603 4262 789 4333 κέρμα
822 4263 921 4316 καὶ
972 4262 1245 4336 νόμισμα,
1278 4265 1397 4337 ἦτοι
1440 4266 1616 4336 δόγμα
1652 4268 1749 4319 καὶ

116 4356 306 4424 λόγον,
347 4356 526 4427 πωλῇ,
560 4357 657 4409 καί⁵
681 4356 846 4428 τυχὸν
870 4356 1197 4422 διδάσκαλος
1221 4358 1318 4423 ὢν,
1352 4361 1412 4413 οὐ
1432 4360 1747 4429 καταγγέλ-

116 4448 210 4502 λει
259 4448 353 4503 τὸν
399 4447 583 4516 λόγον,
618 4450 667 4502 εί
700 4451 778 4521 μὴ
812 4449 1006 4521 κέρδος
1067 4450 1205 4523 ἔχει,
1258 4454 1356 4506 καὶ
1409 4452 1605 4506 τούτου
1646 4453 1747 4525 τὴν

116 4539 415 4614 τράπεζαν
456 4543 759 4616 ἀνατρέπει
788 4546 816 4597 ό
845 4545 1077 4616 Κύριος,
1107 4546 1199 4600 τὸν
1235 4546 1430 4619 θρόνον
1469 4547 1614 4617 λέγω
1644 4550 1748 4619 τῆς

117 4640 512 4707 διδασκαλίας,
561 4642 662 4697 καὶ
712 4644 804 4696 τὸν
834 4642 1019 4711 λόγον,
1060 4640 1120 4693 ὃν
1149 4642 1358 4703 ἐκεῖνος
1414 4640 1631 4712 συνέχει
1659 4640 1748 4696 διὰ

1856 2102 2032 2175 legem
2067 2105 2135 2160 de
2173 2103 2419 2161 Sabbato
2470 2115 2761 2161 statuerat.
2801 2106 2927 2162 Ideo
2954 2116 3138 2162 autem
3185 2122 3293 2164 non
3343 2108 3487 2165 dixit

1855 2197 2079 2253 domum
2121 2196 2242 2265 Dei,
2270 2198 2369 2254 sed
2413 2216 2431 2251 ι
2463 2199 2688 2255 domum
2728 2198 2914 2257 Patris
2947 2202 3077 2264 mei,
3123 2221 3143 2254 ι
3180 2204 3484 2260 ostendens

1855 2289 2000 2359 quod
2050 2300 2381 2360 potestatem
2416 2290 2618 2347 habeat
2663 2293 2810 2349 sicut
2839 2291 3012 2349 Filius
3055 2294 3111 2349 in
3143 2297 3328 2351 omnia
3359 2310 3484 2367 quas

1856 2383 2037 2441 Patris
2072 2395 2254 2441 erant.
2289 2386 2656 2443 Nummularii
2690 2398 2898 2457 autem,
2932 2390 3028 2461 qui
3062 2401 3117 2445 et
3147 2390 3481 2462 collybistze,

1854 2489 1981 2534 sunt
2006 2478 2059 2533 lii
2081 2481 2171 2550 qui
2194 2495 2363 2551 parva
2396 2480 2729 2538 numismata
2755 2483 3022 2540 vendunt.
3048 2483 3308 2557 Collybos
3332 2484 3481 2541 enim

1856 2574 1997 2640 apud
2034 2572 2257 2630 Graecos
2290 2573 2559 2629 minutum
2605 2575 2881 2631 numisma
2914 2587 3024 2643 est,
3056 2580 3205 2648 quod
3248 2578 3483 2635 Romani

1856 2681 2143 2721 nummum
2191 2677 2413 2723 vocant.
2460 2666 2616 2723 Multi
2669 2678 2855 2724 autem
2901 2685 2968 2725 ex
3020 2671 3378 2741 pontiﬁcibus
3425 2674 3481 2728 in

1855 2760 2001 2814 hunc
2060 2761 2281 2815 modum
2335 2765 2591 2831 peccant.
2655 2759 2796 2818 Nam
2846 2772 2900 2820 et
2955 2763 3058 2835 ipsi
3110 2767 3483 2835 negotiatores

1854 2856 2103 2909 vendunt
2142 2855 2307 2911 boves
2336 2856 2390 2910 in
2413 2857 2645 2913 ecclesia
2682 2875 2697 2912 :
2736 2858 2840 2914 hoc
2874 2867 2982 2925 est,
3020 2861 3114 2930 qui
3151 2871 3481 2932 praestantes

1854 2956 1980 3003 sunt
2010 2949 2062 3003 in
2098 2950 2264 3005 verbo
2295 2934 2582 3019 doétninae,
2618 2968 2726 3008 non
2773 2963 3087 3022 assumunt,
3124 2955 3222 3013 sed
3253 2959 3482 3014 tradunt

1856 3043 1942 3098 bis
1974 3044 2066 3114 qui
2102 3043 2348 3116 amigere
2394 3047 2609 3103 volunt.
2668 3046 2902 3121 Insuper
2946 3060 3002 3107 et
3036 3066 3190 3117 oves,
3238 3052 3346 3109 hoc
3371 3065 3478 3120 est,

1854 3137 2251 3209 simpliciorem
2281 3149 2336 3195 et
2366 3155 2716 3198 communem
2745 3143 3009 3215 populum
3038 3163 3053 3201 :
3086 3156 3141 3201 et
3167 3145 3478 3218 columbas,

1856 3232 1958 3287 hoc
1985 3241 2089 3288 est.
2115 3233 2429 3303 spiritualia
2461 3234 2606 3291 dona
2646 3239 2911 3307 vendunt,
2944 3239 3269 3309 et/majores
3300 3242 3484 3314 digni-

1856 3335 1997 3382 tates
2028 3328 2325 3383 cont'erunt
2362 3329 2448 3385 liis
2484 3329 2577 3401 qui
2610 3329 2769 3399 plura
2807 3330 2983 3388 dant:
3013 3348 3155 3404 quos
3208 3336 3482 3392 Dominus

1853 3420 2003 3492 ejicit
2027 3436 2057 3477 e
2086 3421 2309 3495 templo,
2341 3423 2871 3497 indiguosjudicans
2902 3428 3236 3485 sacerdotio.
3265 3432 3336 3484 At
3361 3430 3482 3486 hate.

1853 3516 1897 3570 si
1932 3516 2057 3585 quis
2096 3531 2173 3572 aes
2207 3527 2262 3572 et
2314 3534 2623 3585 nummum,
2679 3520 2783 3577 hoc
2829 3532 2936 3589 est,
2974 3531 3029 3579 et
3077 3539 3393 3583 sermonem
3425 3539 3482 3581 et

1854 3608 2051 3679 dagma
2083 3611 2308 3679 vendat,
2337 3622 2391 3668 et
2427 3612 2685 3671 fortassis
2728 3632 2857 3673 cum
2888 3618 2963 3674 sit
2992 3620 3205 3685 doctor,
3244 3637 3350 3676 non
3376 3638 3479 3677 au-

1856 3703 2075 3759 auntiet
2119 3705 2376 3773 verbum,
2426 3706 2533 3761 nisi
2584 3708 2799 3763 lucrum
2858 3713 3093 3780 habeat,
3145 3714 3309 3769 etiam
3359 3716 3479 3789 ejus

1854 3812 2103 3854 mensam
2153 3801 2426 3855 subvertit
2474 3801 2765 3871 Dominus,
2802 3805 2991 3860 sedem
3035 3808 3158 3862 dico
3190 3810 3477 3875 doctrina),

1854 3901 1909 3945 et
1939 3906 2252 3948 sermonem
2286 3909 2449 3965 quem
2494 3894 2585 3951 ille
2633 3896 2854 3953 cohibet
2896 3909 3124 3971 propter
3176 3904 3477 3971 malitiam,

1856 3985 2019 4058 537
2074 4002 2182 4043 non
2221 3990 2359 4044 dans
2392 3989 2546 4045 illum
2588 3991 2847 4049 omnibus
2879 4007 3041 4063 quem
3077 3994 3346 4053 Dominus
3385 3999 3476 4055 Je-

1854 4095 1947 4135 sus
1968 4096 2065 4150 per
2083 4082 2524 4141 misericordiam
2548 4084 2802 4154 effundit,
2827 4090 3157 4162 populisque
3179 4093 3297 4161 dat,
3324 4095 3476 4149 illum

1854 4173 2075 4244 quidem
2106 4192 2134 4230 a
2162 4176 2475 4248 principatu
2513 4179 2802 4250 dejiciens,
2839 4192 2895 4239 et
2925 4185 3094 4241 alium
3132 4188 3184 4242 in
3213 4190 3480 4246 doctrinas

1854 4269 2039 4323 sedem
2067 4270 2365 4328 collocans.
2391 4264 2689 4331 Recordati
2714 4286 2845 4332 sunt
2868 4287 3050 4335 autem
3075 4281 3337 4353 discipuli
3357 4284 3479 4355 ejus

1854 4363 1999 4432 quod
2030 4366 2298 4436 scriptum
2326 4368 2419 4434 sit,
2452 4388 2470 4420 ι
2508 4368 2673 4427 Zelus
2697 4372 2893 4431 domus
2922 4383 3030 4431 tuae
3050 4378 3293 4433 comedit
3320 4395 3428 4435 me.
3453 4401 3473 4434 ι

1854 4455 2124 4514 Paulatim
2142 4462 2285 4516 enim
2313 4463 2652 4520 incrementa
2672 4467 2801 4524 boni
2833 4482 3139 4538 sumentes,
3155 4483 3210 4529 et
3232 4472 3481 4547 Scriptu-

1856 4566 2041 4607 rarum
2073 4558 2461 4624 recordamur,
2490 4560 2639 4616 unde
2665 4563 2981 4619 testimonia
3012 4568 3350 4638 recipiendo,
3377 4570 3480 4625 flr-

1856 4644 2089 4701 miorem
2128 4649 2193 4703 de
2226 4647 2453 4707 Christo
2507 4655 2798 4712 scientiam
2832 4659 2978 4729 apud
3009 4676 3071 4717 se
3107 4664 3478 4724 constituunt.

119 4738 362 4804 κακίαν,
392 4738 471 4812 μὴ
495 4736 670 4803 διδοὺς
702 4738 869 4793 αὐτὸν
904 4740 1098 4803 πᾶσιν,
1134 4737 1193 4791 ὃν
1224 4739 1252 4791 ό
1284 4737 1489 4807 Κύριος
1569 4738 1782 4811 Ἰησοῦς
1831 4742 2017 4813 ἐκχέει
2061 4745 2151 4799 διὰ
2199 4746 2647 4823 φιλανθρωπίαν,
2694 4754 2796 4810 καὶ
2862 4758 2978 4823 τοῖς
3026 4759 3178 4828 λαοῖς
3232 4761 3478 4832 δίδωσιν,

118 4832 346 4889 ἐκεῖνον
402 4832 502 4902 μὲν
552 4830 854 4902 παραλύων
915 4830 1016 4901 τῆς
1069 4830 1274 4901 ἀρχῆς,
1336 4828 1499 4885 ἄλλον
1547 4830 1605 4885 δέ
1653 4831 1745 4886 τὸν
1786 4834 1939 4903 ἄξιον
1990 4837 2083 4889 ἐπὶ
2146 4837 2240 4892 τὸν
2305 4840 2408 4910 τῆς

128 4923 534 5000 Ἐμνήσθησαν
558 4927 616 4982 δέ
641 4928 691 4980 oi
726 4926 992 4998 μαθηταὶ,
1019 4928 1103 4981 ὅτι
1134 4928 1531 4999 γεγραμμένον
1596 4929 1746 4984 ἐστίν
1767 4947 1781 4961 ο

2497 4842 2855 4911 διδασκαλίας
2952 4848 3145 4919 θρόνον
3208 4853 3479 4919 καθίζων.

1871 4952 1891 4985 ι
1944 4932 2003 4987 '0
2055 4932 2219 5006 ζῆλος
2266 4936 2363 4991 τοῦ
2414 4940 2569 4995 οἴκου
2624 4961 2721 4998 σου
2780 4945 3066 5020 κατέφαγέ
3118 4967 3209 5021 με.
3255 4971 3273 5004 ι
3317 4954 3481 5009 Κατὰ

122 5026 312 5099 βραχὺ
345 5024 458 5097 γὰρ
494 5024 595 5096 τὴν
628 5026 723 5079 ἐπὶ
751 5024 813 5078 τὸ
846 5026 1100 5094 κρεῖττον
1152 5025 1399 5079 ἐπίδοσιν
1473 5026 1873 5097 λαμϐάνοντες,
1946 5032 2049 5104 ἤδη
2076 5034 2172 5087 καὶ
2234 5035 2344 5089 τῶν
2416 5037 2652 5109 Γραφων
2698 5041 3243 5117 ἀναμιμνήσκονται,
3289 5050 3480 5105 xim-

119 5120 223 5176 θεν
264 5120 367 5184 τὰς
418 5118 730 5191 μαρτυρίας
782 5118 1182 5189 λαμϐάνοντες,
1242 5119 1596 5193 βεϐαιοτέραν
1643 5123 1742 5194 τὴν
1786 5126 1920 5198 περὶ
1949 5128 2189 5197 Χριστοῦ
2218 5130 2425 5198 γνῶσιν
2454 5134 2793 5191 καθιστῶσιν
2834 5140 3074 5206 ἑαυτοῖς.

204 5240 229 5275 α
270 5219 683 5291 Ἀπεκρίθησαν
716 5216 812 5273 οῦν
848 5219 897 5272 οἱ
939 5218 1207 5286 Ἰουδαῖοι,
1247 5221 1345 5274 καὶ
1378 5215 1534 5274 εἶπον
1558 5220 1708 5293 αύτῷ
1732 5238 1745 5252 ι

1933 5225 2100 5284 Vsus.
2138 5229 2328 5287 18-22.
2364 5251 2383 5284 ε
2420 5231 2846 5310 Responderunt
2883 5254 3015 5310 ergo
3048 5239 3253 5310 Judaei,
3293 5256 3348 5301 et
3381 5247 3481 5304 die

117 5315 196 5371 Τί
230 5314 460 5385 σημεῖον
494 5312 763 5377 δεικνύεις
806 5315 961 5384 ἡμῖν,
999 5312 1105 5382 ὅτις
1138 5312 1315 5367 ταῦτα
1366 5316 1577 5382 ποιείς;
1621 5317 1755 5369 Ἀπ-

118 5406 330 5479 εκρίθη
364 5408 393 5461 ό
431 5405 665 5479 Ἰησοῦς,
700 5408 797 5462 καὶ
818 5402 975 5461 εἶπεν
1007 5408 1216 5471 αὐτοῖς*
1251 5407 1468 5463 Λύσατε
1492 5409 1586 5461 τὸν
1618 5408 1747 5463 ναίον

118 5500 346 5568 τοῦτον,
381 5500 477 5555 καὶ
503 5503 562 5556 ἐν
584 5503 765 5573 τρισὶν
809 5501 1056 5573 ἡμέραις
1090 5500 1272 5573 ἐγερῶ
1323 5501 1511 5555 αὐτόν.
1578 5498 1751 5557 Εἶπον

120 5594 223 5649 οὖν
258 5593 312 5647 οἱ
356 5592 643 5649 Ἰουδαῖοι·
679 5594 1110 5668 Τεσσαράκοντα
1153 5594 1253 5648 καὶ
1285 5591 1345 5659 ἐξ
1380 5592 1561 5648 ἐτεσιν
1603 5594 1748 5665 ᾠκο-

117 5686 349 5758 δομήθη
382 5686 411 5739 ό
434 5686 560 5750 ναὸς
591 5680 769 5754 οὗτος,
812 5688 910 5744 καὶ
942 5688 1007 5741 σὺ
1034 5688 1093 5741 ἐν
1122 5687 1305 5757 τρισὶν
1341 5687 1583 5760 ἡμέραις
1616 5689 1745 5758 ἐγε-

130 5782 255 5851 ρεῖς
296 5780 501 5848 αὐτόνς
545 5781 789 5846 Ἐκεῖνος
837 5781 896 5835 δέ
948 5782 1106 5851 ἔλεγε
1145 5782 1277 5854 περὶ
1305 5782 1402 5836 τοῦ
1458 5782 1589 5837 ναοῦ
1648 5784 1744 5838 τοῦ

126 5874 394 5944 σώματος
433 5875 627 5931 αὑτοῦ.
657 5875 791 5929 Ὀτε
817 5874 911 5929 οὖν
936 5875 1147 5948 ἠγέρθη
1189 5879 1255 5931 ἐκ
1309 5877 1545 5949 νεκρῶν,
1582 5879 1749 5949 ἐμνή-

126 5967 349 6039 σθησαν
375 5969 427 6022 oi
465 5969 712 6042 μαθηταὶ
743 5968 936 6038 αὑτοῦ,
971 5972 1057 6024 ὅτι
1097 5969 1258 6025 τοῦτο
1314 5972 1505 6042 ἔλεγεν
1537 5972 1746 6041 αὐτοῖς,

126 6060 230 6117 καὶ
257 6061 592 6123 ἐπίστευσαν
640 6069 707 6139 τῇ
734 6066 956 6140 Γραφῇ,
985 6068 1081 6123 καὶ
1112 6066 1192 6139 τῷ
1244 6066 1387 6139 λόγῳ
1432 6061 1477 6139 ᾧ
1512 6062 1670 6125 εἴπεν
1720 6070 1749 6124 ό

1859 5332 2063 5377 xerunt
2094 5323 2143 5378 ei
2175 5340 2190 5383 :
2228 5324 2387 5391 Quod
2425 5330 2640 5399 signum
2673 5333 2921 5391 ostendis
2982 5335 3143 5391 nobis
3178 5339 3325 5408 quod
3370 5342 3476 5397 ista

1855 5413 2065 5470 facias?
2120 5416 2432 5490 Respondit
2482 5423 2667 5490 Jesus,
2724 5440 2779 5481 et
2850 5426 2990 5482 dixit
3027 5429 3111 5485 eis
3147 5448 3161 5484 :
3201 5436 3477 5490 Destruite

1858 5510 2117 5579 templum
2165 5513 2293 5579 hoc,
2341 5526 2396 5570 et
2437 5515 2490 5570 in
2547 5518 2725 5574 tribus
2787 5518 2989 5576 diebus
3032 5524 3243 5594 erigam
3314 5526 3471 5583 illud.

1855 5601 2120 5660 Dixerunt
2154 5621 2288 5680 ergo
2319 5608 2531 5665 Judaei:
2557 5609 2935 5685 Quadraginta
2970 5630 3069 5672 sex
3102 5618 3261 5675 annis
3283 5632 3474 5677 extru-

1854 5702 2001 5750 ctum
2044 5707 2127 5753 est
2163 5700 2430 5771 templum
2454 5702 2577 5767 boc,
2607 5713 2661 5758 et
2689 5712 2745 5758 tu
2774 5706 2829 5760 in
2872 5707 3046 5763 tribus
3074 5708 3274 5766 diebus
3294 5712 3474 5783 eriges

1855 5788 2030 5844 illud?
2060 5791 2130 5845 At
2156 5791 2247 5845 ille
2271 5793 2581 5851 dicebatdc
2626 5801 2826 5867 ζςνοιξιῑο
2862 5802 3113 5871 corporis
3166 5805 3275 5859 sui.
3330 5804 3474 5863 Cum

1855 5894 1987 5951 ergo
2022 5882 2423 5941 resurrexisset
2452 5901 2482 5941 ι
2518 5888 2779 5958 mortuis,
2814 5893 3092 5950 reecrdati
3126 5904 3257 5951 sunt
3307 5898 3473 5956 disci.

1858 5973 1969 6043 puli
2010 5973 2130 6046 ejus
2189 5975 2335 6046 quod
2377 5978 2481 6033 hoc
2511 5977 2771 6048 dixisset,
2818 5992 2875 6039 et
2914 5986 3276 6043 crediderunt
3322 5987 3475 6048 Scri-

1860 6078 2057 6143 pturae,
2085 6079 2140 6130 et
2169 6074 2414 6132 sermoni
2451 6088 2616 6135 quem
2653 6076 2867 6136 dixerat
2894 6076 3078 6139 Jesus.
3120 6100 3140 6136 ι
3168 6081 3469 6146 Posutuam
