4078 6330
675 451 811 516 llam

1525 447 1624 507 TH
1637 443 2104 507 EOPHYLACTI
2141 440 2554 505 BULGARL’E
2592 440 2953 502 ARCHIEP.

3815 433 3942 501 1200

665 565 920 618 Viderunt
959 558 1126 615 Judaei
1196 559 1481 613 Dominum
1542 573 1739 630 magna
1805 564 2076 627 potestate
2129 555 2238 610 lucc

2362 543 2588 625 Ἰησοῦς.
2633 571 2651 604 ι
2716 553 2921 623 Επειδὴ
2952 551 3180 606 ἔσλεπον
3211 552 3304 606 τὸν
3330 550 3540 624 Κύριον
3592 550 3647 604 οι
3704 548 3941 604 Ἰουδαῖοι

669 658 867 720 tat-ere,
897 662 946 707 et
989 653 1170 707 dicere
1198 669 1210 705 :
1255 669 1272 702 ι
1314 649 1389 706 Ne
1419 650 1658 705 feceritis
1681 650 1900 703 domum
1933 647 2108 702 Patris
2141 651 2243 704 mei

667 757 986 807 mercatum,
1030 761 1048 794 ι
1085 743 1271 797 dicunt
1298 757 1312 795 :
1341 741 1607 796 Persuade
1647 741 1805 798 nabis
1851 742 2003 810 signo
2037 741 2240 809 aliquo,

666 841 804 911 quod
843 840 1011 894 Filius
1044 838 1137 893 Dei
1179 839 1255 893 sis
1305 846 1383 902 tu,
1422 846 1476 890 et
1514 835 1658 905 quod
1705 835 1854 889 illiue
1897 837 2097 890 missus
2147 837 2240 891 sis.

668 931 820 988 Unde
855 934 1000 986 enim
1052 930 1395 986 manifestum
1450 927 1593 997 quod
1669 925 1830 982 Pater
1881 937 2005 983 tuus
2040 927 2111 982 sit
2150 927 2243 996 qui

665 1024 856 1079 domus
908 1022 1064 1077 istius
1123 1030 1205 1076 est
1247 1019 1544 1075 Dominus?
1599 1019 1670 1073 At
1718 1018 1807 1074 ille
1871 1033 1965 1087 per
2015 1018 2240 1088 :euiguta

663 1119 742 1173 eis
803 1115 1082 1186 re5pondit
1129 1131 1141 1168 :
1190 1133 1206 1165 ι
1251 1112 1456 1168 Solvite
1528 1111 1786 1180 templum
1857 1111 1980 1176 hoc,
2036 1131 2053 1163 ι
2120 1126 2243 1164 cor-

661 1223 760 1280 pus
800 1207 1021 1262 oumino
1055 1221 1210 1261 suum
1243 1205 1453 1271 dicens,
1485 1205 1627 1272 quod
1664 1205 1716 1257 iu
1786 1205 1901 1272 ipso
1953 1204 2237 1258 habitabat

659 1303 838 1357 omnis
870 1301 1129 1356 divinitas
1159 1298 1449 1368 Uuigenitl.
1485 1295 1585 1351 Ubi
1623 1306 1799 1350 autem
1842 1297 2012 1360 dixit,
2054 1314 2072 1347 ι
2122 1294 2240 1349 Sol-

658 1394 788 1458 vite,
825 1412 842 1444 ι
888 1408 993 1446 nou
1030 1393 1351 1446 exhortatus
1411 1394 1494 1441 est
1525 1387 1593 1440 ad
1651 1386 1873 1450 caedem,
1927 1383 2110 1437 absit:
2145 1383 2242 1438 sed

658 1486 910 1554 quoniam
933 1485 1137 1538 sciebat
1163 1482 1426 1544 facturos,
1459 1488 1608 1534 certo
1636 1486 1958 1533 eventurum
1983 1475 2236 1530 alIirtnat.

656 1579 894 1632 Audiant
927 1591 1056 1631 vero
1106 1575 1294 1629 Ariani
1347 1573 1618 1644 quomodo
1683 1572 1826 1626 sicut
1877 1571 2141 1624 Dominus
2186 1578 2240 1624 et

653 1673 846 1727 mortis
896 1670 1204 1725 destructor
1246 1669 1419 1732 dicat,
1474 1685 1490 1717 ι
1531 1667 1812 1721 Excitabo.
1854 1683 1871 1716 ι
1921 1663 2034 1719 Non
2087 1663 2232 1718 enim

654 1765 804 1829 dicit,
836 1762 1110 1819 Excitabit
1150 1761 1333 1826 Pater,
1363 1761 1479 1825 sed,
1530 1777 1547 1810 ι
1598 1759 1709 1827 Ego
1743 1757 2016 1819 excitabo,
2049 1776 2066 1808 ι
2104 1773 2233 1827 pro-

654 1857 770 1926 pria
815 1857 1016 1910 virtute
1044 1870 1195 1918 usus,
1229 1852 1486 1924 nullaque
1527 1861 1753 1907 externa
1790 1850 2062 1919 indigens.
2111 1849 2232 1903 Cte-

2350 646 2486 718 μετὰ
2510 645 2711 716 πολλῆς
2746 645 2997 710 ἔξουσίας
3028 646 3205 700 ταῦτα
3232 646 3517 708 ποιοῦντα,
3561 645 3660 699 xui.
3691 644 3938 711 λέγοντα,

2352 756 2370 790 ι
2405 737 2509 790 Τὸν
2540 733 2688 790 οἷκον
2711 736 2803 790 τοῦ
2830 737 3042 807 Πατρός
3077 754 3178 808 μου
3219 739 3293 808 μὴ
3325 739 3531 790 ποιεῖτε
3589 735 3880 804 ἐμπόριον,
3921 753 3936 783 i

2345 831 2478 901 φασί
2509 848 2522 862 ·
2558 831 2752 884 ΙΙείσον
2778 832 2924 903 ἡμᾶς
2957 829 3047 883 διά
3075 847 3221 892 τινος
3273 831 3529 898 σημείου,
3589 829 3675 881 ὅτι
3728 829 3856 891 Υἱὸς
3897 823 3945 880 εἴ

2343 925 2436 979 τοῦ
2464 925 2622 990 Θεοῦ,
2685 927 2782 979 καὶ
2841 927 2923 980 ὅτι
2976 924 3189 979 ἐκεῖθεν
3241 925 3534 996 ἐπέμφθης
3565 941 3579 953 ·
3615 925 3786 977 πόθεν
3835 927 3942 994 γαρ

2341 1020 2520 1090 δῆλον,
2549 1021 2629 1073 ὅτι
2655 1021 2847 1091 Πατήρ
2883 1019 2975 1072 σού
3002 1021 3149 1072 ἐστιν
3181 1021 3206 1072 6
3236 1018 3330 1072 τοῦ
3380 1019 3534 1072 οἴκου
3587 1018 3785 1071 τούτου
3832 1018 3943 1070 Κύ-

2348 1132 2496 1185 ριος;
2536 1113 2594 1168 '0
2626 1115 2684 1168 δὲ
2708 1113 3125 1185 αἰνιγματωδῶς
3149 1113 3336 1176 αὐτοῖς
3366 1111 3754 1182 ἀποκρίνεται,
3787 1130 3804 1161 ι
3839 1114 3942 1163 Λύ-

2347 1225 2498 1270 σατε,
2531 1208 2728 1271 λέγων,
2771 1208 2863 1261 τὸν
2919 1207 3042 1262 ναὸν
3076 1206 3290 1269 τοῦτον,
3331 1224 3346 1258 ι
3391 1206 3450 1258 τὸ
3499 1204 3661 1270 σῶμα
3722 1203 3942 1264 παντως

2345 1299 2518 1352 λέγων
2554 1300 2742 1365 αὑτοῦ,
2775 1299 2967 1367 ἐπειδὴ
3002 1302 3060 1352 ὲν
3091 1298 3242 1368 αὐτῷ
3281 1295 3524 1366 κατῴκει
3563 1298 3717 1350 πᾶσα
3754 1297 3787 1363 ἡ
3825 1296 3944 1348 θεός

2342 1411 2442 1463 της
2469 1393 2562 1446 τοῦ
2595 1394 2959 1461 Μονογενοῦς.
2994 1393 3179 1446 Εἰπὼν
3214 1392 3292 1455 δὲ,
3327 1410 3346 1442 ί
3381 1389 3621 1452 Λύσατε,
3657 1407 3674 1439 ι
3711 1389 3775 1440 ού
3806 1405 3942 1457 προ.

2342 1489 2532 1558 τρέπει
2559 1488 2756 1548 αὐτοὺς
2781 1489 2860 1549 εἰς
2890 1486 3232 1556 μιαιφονίαν,
3262 1483 3475 1551 ἀπαγεί
3529 1482 3647 1534 ἀλλ’
3705 1479 3942 1550 ἐπείπερ

2339 1578 2612 1648 ἠπίστατο
2668 1578 2967 1648 δράσοντας
3027 1574 3207 1639 τοῦτο,
3251 1573 3643 1643 ἀνυπερθέτως
3695 1571 3835 1624 αὐτὸ
3887 1572 3944 1622 τὸ

2344 1656 2765 1741 συμϐησόμενον
2794 1669 3190 1723 ύπαινίττεται.
3209 1666 3582 1719 Ἀκουέτωσαν
3599 1665 3696 1718 καὶ
3725 1663 3945 1733 Ἀρεια-

2341 1762 2442 1826 vol,
2475 1761 2590 1825 πῶς
2618 1762 2645 1813 6
2667 1763 2893 1833 Κύριος,
2927 1758 3135 1814 καὶτοῦ
3168 1759 3401 1812 θανάτου
3437 1756 3776 1825 καταλυτὴς,
3809 1757 3941 1824 φησι

2339 1851 2422 1918 τὸ,
2461 1871 2478 1904 t
2538 1852 2772 1924 Ἐγερῶ.
2806 1872 2824 1905 r
2854 1852 2929 1906 Οὐ
2959 1853 3068 1923 γὰρ
3088 1849 3264 1915 εἶπεν,
3295 1851 3378 1903 ὅτι
3418 1850 3635 1920 Ἐγερεῖ
3661 1849 3688 1900 6
3725 1849 3938 1918 Πατὴρ,

657 1960 833 2003 terutn
879 1947 1048 2002 Judaei
1105 1947 1172 2001 de
1222 1946 1521 1999 inanimato
1569 1943 1768 2012 templo
1820 1942 1994 2011 ipsum
2046 1940 2230 1994 dicere

2344 1945 2455 1999 ἀλλ’
2488 1939 2664 2010 εἶπεν,
2691 1946 2774 2000 ὅτι
2843 1964 2860 1996 ι
2909 1943 3120 2030 Ἐγερῶ
3152 1943 3287 2012 ἐγὼ,
3331 1962 3351 1995 ι
3387 1945 3454 2013 τῇ
3494 1943 3679 2011 οἰκεία
3710 1941 3943 2013 δυνάμει

661 2050 1008 2095 autumautes
1055 2039 1174 2104 hoc,
1227 2037 1479 2092 derident
1509 2052 1653 2090 eum.
1710 2036 1843 2089 Cum
1876 2034 2231 2104 quadraginta

652 2142 708 2186 et
738 2147 830 2186 sex
859 2131 1016 2185 annis
1060 2131 1130 2185 sit
1163 2129 1511 2192 aediﬁcatum,
1565 2142 1672 2196 quo
1712 2136 1894 2194 pacto,
1933 2126 2145 2188 dicunt,
2180 2134 2232 2178 tu

649 2223 788 2278 dicis
838 2224 892 2276 in
932 2220 1106 2275 tribus
1137 2220 1328 2274 diebus
1396 2229 1446 2272 te
1505 2216 1906 2272 excitaturum?
1943 2215 2233 2269 Sciendum

653 2324 834 2369 autem
863 2313 1033 2384 quod,
1065 2311 1281 2382 quando
1313 2325 1338 2363 a
1387 2307 1680 2363 SillOllIOllc
1722 2307 1980 2377 templum
2013 2316 2235 2361 extruc-

652 2417 766 2464 tum
797 2416 881 2463 est
918 2405 1306 2474 vigintiauuis,
1339 2403 1519 2457 omnia
1562 2402 1802 2472 perfecte
1835 2399 2082 2453 absoluta
2112 2398 2234 2452 fue-

650 2510 799 2566 runt,
837 2508 1021 2569 postea
1054 2508 1236 2551 autem
1285 2505 1401 2564 pust
1438 2495 1838 2564 captivitatem,
1897 2491 2108 2546 llebrtei
2143 2506 2235 2544 ac-

649 2600 807 2663 cepta
830 2599 1097 2660 potestate
1129 2587 1258 2641 illttd
1294 2585 1677 2648 remdilicandi,
1706 2591 1989 2652 curperunt
2015 2582 2231 2647 quidem

649 2687 749 2740 sub
789 2683 930 2754 Cyro
983 2696 1108 2751 rege
1156 2679 1480 2733 aediﬁcare:
1532 2676 1774 2746 impediti
1816 2687 1997 2728 autem
2051 2677 2115 2726 ah
2156 2675 2238 2728 his

652 2775 744 2844 qui
787 2772 1094 2828 invidebant
1132 2771 1232 2836 eis,
1275 2779 1642 2840 prorogarunt
1696 2775 2025 2822 structuram
2069 2781 2240 2834 usque

652 2867 1114 2928 adArtaxerxem
1158 2879 1361 2934 regem,
1394 2862 1494 2916 sub
1540 2876 1646 2930 quo
1684 2859 1827 2914 nacti
1889 2858 2239 2912 securitatem

653 2958 972 3017 maximam,
997 2957 1143 3009 omni
1165 2955 1345 3008 studio
1372 2955 1457 3005 vix
1482 2963 1776 3020 potuerunt
1799 2951 2060 3018 perlicere
2082 2962 2237 3018 opus.

651 3049 806 3108 Unde
835 3058 888 3103 et
932 3048 1134 3102 dicitur
1182 3044 1404 3100 Judazos
1458 3043 1792 3097 aediﬁcantes
1844 3043 2016 3095 altera
2075 3056 2238 3095 mauu

654 3140 914 3213 gladium,
947 3137 1116 3193 altera
1165 3137 1406 3192 tenuisse
1437 3136 1853 3191 aedilicatoriutn
1903 3135 2238 3191 instrumen-

654 3243 766 3290 tum
795 3251 810 3288 :
843 3247 1016 3302 usque
1055 3230 1190 3285 adeo
1222 3231 1490 3284 timebant
1544 3228 1752 3283 vicinos
1800 3227 2086 3291 Idumaeos,
2131 3241 2237 3281 uou

653 3339 832 3382 autem
854 3324 1072 3391 Persas,
1098 3341 1127 3380 a
1155 3323 1377 3394 quibus,
1410 3333 1467 3377 ut
1491 3322 1626 3389 dixi,
1647 3322 1996 3378 securitatem
2021 3337 2235 3375 omnem
2268 3306 2309 3370 C

652 3429 999 3490 acceperant.
1029 3418 1197 3472 Istam
1225 3419 1408 3487 itaque
1442 3426 1799 3478 structuram,
1838 3425 1958 3482 post
2008 3414 2235 3484 captivi-

654 3522 823 3571 tatem
883 3514 1036 3567 aiuut
1092 3512 1450 3583 quadraginta
1518 3525 1613 3566 sex
1671 3511 1829 3564 annis
1882 3509 2106 3573 factam,
2174 3526 2239 3564 eo

665 3603 808 3675 quod
842 3604 1267 3676 prohiberentur
1300 3612 1354 3657 et
1397 3602 1789 3673 impedirentur
1825 3599 1995 3656 Judaei
2032 3620 2059 3656 a
2096 3601 2239 3673 Cyro

661 3710 833 3765 usque
882 3697 949 3751 ad
985 3696 1364 3751 Artaxerxem.
1397 3695 1461 3748 Et
1494 3711 1600 3750 non
1632 3703 1716 3750 est
1753 3696 2059 3751 mirandum
2093 3696 2237 3765 quod

650 3787 821 3846 .ludzei
855 3803 962 3844 non
991 3788 1382 3854 intellexerint,
1408 3786 1573 3858 538
1601 3787 2039 3858 quandoquidem
2064 3804 2237 3857 neque

653 3879 906 3948 discipuli
934 3877 1332 3950 intelligebant.
1365 3875 1666 3933 Obstabant
1688 3879 1831 3932 enim
1860 3879 1968 3934 duo
2003 3895 2192 3949 magna
2220 3897 2234 3935 :

650 3988 843 4039 unum,
881 3975 1025 4044 quod
1055 3971 1388 4028 resurrectio
1431 3984 1530 4040 per
1553 3984 1614 4025 se
1649 3979 1757 4025 tam
1795 3971 2024 4025 dilIicilis
2054 3985 2237 4042 captu,

651 4065 765 4120 into
797 4064 1048 4120 omnibus
1078 4064 1260 4132 ignota
1284 4068 1428 4117 esset
1452 4077 1464 4113 :
1488 4061 1740 4126 alterum,
1764 4061 1906 4130 quod
1941 4061 2083 4115 Deus
2113 4077 2237 4116 cor-

650 4171 756 4226 pus
784 4155 1252 4226 ejusinhabitaret
1285 4171 1300 4211 :
1331 4171 1350 4206 ι
1382 4152 1596 4210 Etenim
1628 4163 1749 4224 post
1778 4154 2236 4208 resurrectionem

651 4257 1027 4320 cognoverunt
1057 4246 1331 4317 discipuli,
1370 4255 1425 4302 et
1445 4247 1796 4303 crediderunt
1831 4245 2134 4317 Scriptura:
2164 4263 2176 4298 :
2211 4267 2229 4299 ι

653 4343 743 4397 cui
771 4340 1110 4410 Scriptum?
1139 4339 1303 4395 Omni
1341 4353 1464 4411 qua:
1491 4339 1555 4395 de
1587 4341 1988 4396 resurrectione
2030 4341 2232 4393 tradit:

653 4432 1101 4489 manifestissime
1146 4441 1325 4488 autem
1383 4433 1430 4488 ei
1463 4446 1587 4503 qua:
1639 4431 1794 4497 dicit,
1833 4449 1853 4482 ι
1908 4429 2026 4485 Non
2084 4432 2239 4486 dere-

650 4527 872 4597 linques
891 4525 1130 4580 animam
1162 4538 1338 4580 meam
1368 4525 1425 4579 in
1459 4523 1669 4580 inferno
1692 4525 1771 4591 7°;
1811 4542 1830 4574 ι
1859 4533 1913 4579 et
1944 4523 2040 4590 illi,
2078 4541 2095 4575 ι
2131 4522 2237 4577 Do-

654 4620 835 4674 minus
871 4616 1040 4671 voluit
1070 4616 1360 4685 puriﬁcare
1400 4631 1524 4672 eum
1562 4632 1589 4670 a
1624 4617 1798 4686 plaga,
1857 4625 1917 4672 et
1950 4617 2238 4671 ostendere

654 4712 703 4769 ei
736 4709 1002 4765 lumen“.
1046 4727 1064 4760 ι
1101 4707 1388 4765 Manileste
1413 4710 1558 4764 enim
1592 4711 1679 4765 illa
1729 4709 1797 4765 de
1834 4710 2236 4765 resurrectione

657 4807 930 4862 dicuntur.
963 4803 1335 4875 Apollinarius
1368 4811 1552 4860 autent
1605 4787 1778 4860 teutat
1823 4806 1926 4860 hoc
1987 4805 2104 4860 loco
2139 4820 2237 4872 pa-

660 4901 952 4954 trocinium
1008 4915 1120 4955 suae
1173 4901 1444 4954 haereseos
1501 4899 1767 4952 invenire.
1834 4897 2030 4953 Valens
2089 4898 2234 4952 enim

658 4993 985 5063 persuadere
1036 4992 1387 5045 inanimatam
1421 5006 1540 5047 esse
1572 5004 1791 5045 carnem
1839 4988 2074 5052 Domini,
2107 4990 2241 5044 dicit

658 5084 801 5155 quod
838 5083 1094 5152 templum
1125 5084 1333 5138 dicatur
1376 5099 1523 5150 caro,
1569 5084 1826 5152 templum
1867 5094 2048 5138 autem
2116 5085 2239 5139 ina-

658 5178 921 5231 trimatum
959 5175 1050 5242 sit,
1112 5176 1411 5231 inanitnata
1447 5192 1575 5246 ergo
1611 5186 1665 5230 et
1700 5192 1830 5231 caro
1864 5185 1967 5232 est.
1995 5177 2241 5232 Attonite

657 5279 712 5325 et
747 5279 1004 5325 versute:
1055 5279 1108 5324 tu
1142 5279 1197 5324 et
1237 5269 1379 5340 ligna
1404 5284 1458 5324 et
1510 5269 1740 5341 lapides,
1775 5270 1988 5324 Domini
2020 5286 2237 5324 carnem

663 5364 852 5429 facies,
879 5363 1096 5434 qttando
1127 5364 1342 5431 quidem
1366 5379 1430 5418 ex
1458 5364 1541 5420 bis
1573 5375 1658 5419 est
1688 5364 1986 5434 templum?
2015 5362 2242 5429 Quando

660 5465 840 5511 autem
868 5457 1106 5511 audieris
1148 5457 1456 5521 Dominum,
1498 5475 1517 5510 ι
1554 5457 1706 5513 Nunc
1744 5458 1960 5524 turbata
1997 5469 2081 5512 est
2114 5457 2235 5512 ani-

660 5563 748 5605 ma
775 5565 895 5604 mea
917 5552 961 5582 τ’
996 5570 1009 5606 :
1056 5570 1073 5604 ι
1109 5560 1184 5618 et,
1233 5569 1249 5602 ι
1284 5548 1611 5606 Potestatetn
1648 5552 1818 5608 habeo
1847 5554 2078 5622 ponendi
2104 5552 2240 5608 iani-

730 5693 776 5724 "
809 5689 951 5747 Psal.
979 5704 1066 5757 xv,
1092 5692 1177 5748 10.
1256 5692 1297 5723 “
1333 5689 1436 5746 lsa.
1471 5705 1584 5759 Llll,
1615 5690 1681 5746 lO
1710 5688 1861 5762 juxta
1893 5689 2059 5745 LXX.

2338 2036 2646 2107 χρώμενος,
2686 2039 2784 2089 καὶ
2829 2036 2927 2089 οὐκ
2960 2035 3129 2104 ἄλλης
3179 2034 3381 2102 ἔξωθεν
3406 2033 3840 2104 προσδεόμενος.
3881 2035 3940 2086 Ui

2338 2131 2392 2184 δὲ
2421 2129 2686 2196 Ἰουδαῖοι,
2723 2128 2975 2200 περὶτοῦ
3013 2128 3226 2200 ἀψύχου
3262 2127 3392 2181 ναοῦ
3448 2128 3742 2191 δοκοῦντες
3776 2128 3939 2182 sese»,

2338 2221 2543 2291 λέγειν,
2587 2223 2971 2292 καταγελῶσιν
3003 2223 3196 2277 αὐτοῦ.
3248 2223 3346 2274 Διὰ
3373 2220 3482 2290 γὰρ
3523 2223 3940 2289 τεσσαράκοντα

2344 2319 2432 2370 καὶ
2469 2318 2526 2381 ἓξ
2553 2317 2691 2371 ἐτῶν
2726 2315 3177 2388 οἰκοδομηθέντα,
3206 2317 3347 2379 πῶς,
3376 2317 3533 2383 φασὶ,
3562 2316 3749 2383 λέγεις
3781 2317 3937 2377 αὐτὸς

2342 2411 2399 2462 ὲν
2438 2409 2622 2478 τρισὶν
2669 2409 2903 2478 ἡμέραις
2935 2409 3180 2476 ὲγερεϊν;
3250 2407 3448 2459 Ἰστέοσ.Ι
3475 2407 3535 2460 δὲ
3561 2408 3670 2472 ὅτι,
3711 2407 3805 2460 ὅτε
3850 2408 3941 2477 μὲν

2343 2502 2492 2570 παρὰ
2524 2499 2616 2552 τοῦ
2644 2500 2988 2569 Σολομῶντος
3015 2499 3343 2571 ᾠκοδομήθη
3377 2500 3404 2551 ὁ
3439 2498 3567 2561 ναὸς
3607 2498 3671 2552 τὸ
3700 2500 3938 2569 πρῶτον,

2340 2593 2426 2645 διὰ
2460 2592 2632 2644 εἰκοσι
2691 2591 2828 2646 ἑτῶν
2892 2592 3074 2646 πάντα
3132 2590 3402 2653 ἀνενδεῶς
3461 2590 3942 2660 ἀπηρτίσθτβανο

2342 2684 2571 2754 ὕστερον
2619 2684 2678 2737 δὲ
2747 2681 2886 2754 μετά
2935 2682 3035 2754 τὴν
3100 2682 3506 2754 αἰχμαλωσίαν,
3581 2682 3848 2745 λαϐόντες
3898 2685 3941 2735 οἰ

2355 2776 2601 2847 Ἐὗραῖοι
2630 2776 2881 2841 ἐξουσίαν
2919 2775 3284 2847 οἰκοδομῆσαι
3318 2776 3504 2838 αὑτὸν,
3546 2774 3796 2844 ἤρξαντο
3851 2774 3941 2842 μὲν

2350 2872 2443 2923 ἐπὶ
2479 2874 2580 2940 τῆς
2619 2870 2897 2940 βασιλείας
2921 2873 3109 2939 Κύρου
3140 2869 3515 2938 ἀνοικοδομεῖν
3543 2887 3558 2901 ο
3587 2865 3712 2922 εἶτα
3771 2871 3942 2939 ἐμπο-

2343 2964 2614 3035 διζόμενοι
2676 2966 2825 3037 παρὰ
2858 2965 2967 3018 τῶν
3027 2966 3458 3036 διαφθονούντων
3524 2968 3755 3028 αυτοῖς,
3810 2983 3944 3033 παρα

2344 3057 2556 3111 ἐτειναν
2588 3058 2686 3127 τὴν
2724 3059 3018 3130 οἰκοδομὴν
3051 3059 3180 3130 ἄχρι
3219 3062 3315 3128 τῆς
3371 3059 3744 3130 Ἀρταξέρξου
3782 3060 3946 3127 βασι-

2343 3154 2493 3217 λείας
2523 3171 2535 3183 ·
2582 3154 2675 3206 ἐπὶ
2703 3154 2896 3206 τούτου
2943 3154 2998 3207 δὲ
3044 3154 3228 3221 πάσης
3267 3153 3451 3217 ἁδείας
3504 3154 3944 3215 ἀπολαύσαντες.

2349 3245 2489 3316 μετά
2529 3246 2729 3315 πολλῆς
2776 3245 3016 3315 σπουδῆς
3089 3247 3440 3317 ἠδυνήθησαν
3492 3247 3605 3318 (l8)
3661 3249 3946 3300 εκτελὲσαι

2343 3338 2402 3391 τὸ
2443 3339 2604 3409 ἔργον
2628 3355 2641 3370 ·
2676 3340 2766 3393 ὅτε
2800 3339 2864 3408 δὴ
2899 3337 2993 3392 καὶ
3022 3339 3241 3408 λέγεται
3295 3343 3425 3402 τοὺς
3477 3339 3782 3402 Ἰουδαίους
3833 3341 3944 3392 κτί-

2343 3430 2560 3497 ζοντας,
2597 3434 2663 3502 τῇ
2701 3434 2800 3502 μὲν
2861 3431 3026 3503 ἑτέρᾳ
3057 3435 3178 3485 ταῖν
3229 3436 3415 3505 χεροῖν
3448 3434 3610 3503 δόρυ,
3640 3433 3855 3505 θατέρᾳ
3895 3433 3946 3485 δί

2343 3523 2686 3593 οἰκοδομικὸν
2707 3523 2990 3593 ὲργαλείον
3021 3521 3275 3596 κατ’ἐχειν
3303 3543 3315 3555 ’
3343 3525 3514 3589 οὕτως
3544 3521 3694 3597 ἦσαν
3714 3527 3774 3578 ἐν
3805 3525 3948 3593 φόϐῳ

2343 3615 2522 3685 πολλῷ
2557 3617 2684 3678 τοὺς
2735 3617 3152 3688 πλησιοχώρους
3205 3618 3504 3681 δεδοικότες
3581 3620 3943 3687 Ἰδουμαίους,

2341 3708 2401 3762 οὔ
2430 3709 2480 3762 τί
2509 3728 2612 3763 που
2630 3711 2758 3774 τοὺς
2791 3711 3009 3782 Πέρσας
3031 3728 3044 3742 ·
3077 3712 3207 3783 παρ’
3240 3712 3468 3764 ἐκείνων
3495 3713 3632 3781 γάρ,
3664 3713 3740 3776 ὠς
3769 3711 3942 3778 εἶπον,

2343 3801 2487 3872 φημὶ
2518 3800 2604 3872 δὴ.
2641 3800 2752 3855 τῶν
2794 3801 3046 3871 Περσῶν,
3089 3802 3276 3855 ἄδειαν
3309 3802 3494 3855 πᾶσαν
3534 3802 3756 3856 ἐλαϐον.
3810 3802 3948 3856 Ταύ-

2343 3910 2447 3962 την
2480 3893 2658 3946 τοίνυν
2685 3893 2783 3965 τὴν
2820 3893 3114 3965 οἰκοδομὴν
3137 3893 3237 3964 τὴν
3260 3895 3396 3964 μετά
3423 3894 3523 3966 τὴν
3556 3895 3949 3965 αίχμαλιυσίαν

2344 3986 2508 4053 φασὶν
2545 3987 2603 4037 ὲν
2638 3986 3054 4056 τεσσαράκοντα
3087 3987 3180 4039 καὶ
3236 3985 3296 4050 ἓξ
3358 3986 3503 4040 ἔτεσι
3547 3989 3837 4056 γενέσθαι,
3876 3989 3946 4050 ὡς

2344 4077 2698 4131 κωλυθέντων
2720 4079 2829 4131 τῶν
2849 4079 3144 4143 Ἰουδαίων,
3189 4080 3285 4132 καὶ
3318 4080 3406 4133 διὰ
3464 4079 3631 4132 τοῦτο
3676 4097 3946 4150 παρατει-

2343 4171 2549 4225 νάντων
2571 4171 2678 4224 ἀπὸ
2699 4170 2798 4241 τῆς
2821 4170 3005 4242 Κύρου
3030 4171 3315 4243 βασιλείας
3337 4171 3465 4241 ἄχρι
3499 4173 3717 4242 καὶτῆς
3756 4174 3919 4243 Ἄρτι

2337 4261 2550 4332 ξέρξου.
2587 4263 2698 4316 Καὶ
2739 4264 2800 4317 ού
2857 4263 3198 4335 θαυμαστὸν,
3253 4264 3414 4333 εἰπερ
3466 4267 3513 4317 ol
3569 4265 3822 4319 Ἰουδαῖοι
3852 4269 3946 4319 οὒκ

2342 4354 2610 4420 ἔγνωσαν,
2653 4356 2791 4410 ὅπου
2844 4374 2908 4425 γε
2971 4358 3094 4412 οὐδὲ
3129 4359 3179 4410 οἰ
3221 4357 3487 4428 μαθηταί.
3547 4359 3664 4412 Καὶ
3709 4361 3826 4430 γὰρ
3855 4361 3945 4412 δύο

2345 4446 2541 4510 αὐτοὺς
2566 4447 2634 4500 τὰ
2668 4449 2902 4517 μέγιστα
2929 4449 3242 4511 ἐνεπόδιζον
3268 4465 3280 4478 ·
3316 4449 3374 4501 ἓν
3409 4451 3507 4518 μὲν
3549 4451 3610 4502 τὸ
3661 4453 3798 4523 περὶ
3849 4456 3945 4519 τῆς

2344 4536 2703 4601 ἀναστάσεως
2735 4540 3200 4611 δυσκατάληπτον
3253 4539 3334 4606 ὂ),
3375 4541 3576 4610 μᾶλλον
3619 4542 3678 4595 δὲ
3741 4549 3944 4598 παντα-

2346 4645 2514 4682 πασιν
2543 4629 2818 4697 ἄγνωστον
2876 4634 3062 4695 αὐτοῖς
3083 4649 3098 4665 ο
3143 4633 3332 4703 ἕτερον
3362 4633 3440 4698 δὲ,
3500 4637 3584 4687 ὅτι
3613 4635 3756 4699 Θεός
3795 4640 3942 4690 ἔστιν

2344 4724 2373 4777 6
2414 4723 2643 4777 ἐνοικῶν
2687 4725 2767 4795 τῷ
2812 4724 3026 4796 σώματι
3113 4729 3251 4796 μετά
3286 4729 3472 4797 μέντοι
3507 4729 3607 4799 τὴν
3642 4731 3946 4784 ἀνάστασιν

2345 4816 2594 4885 ἔγνωσαν
2639 4820 2688 4870 oi
2747 4818 3012 4888 μαθηταὶ,
3065 4820 3160 4872 καὶ
3211 4821 3544 4874 ἐπίστευσαν
3601 4824 3672 4894 τῇ
3724 4823 3937 4894 Γραςῇ·

2347 4909 2477 4978 ποίᾳ
2513 4910 2737 4979 Γραφῇ;
2779 4909 2886 4962 Καὶ
2927 4911 3073 4982 πάσῃ
3113 4911 3215 4981 μὲν
3252 4915 3319 4983 τῇ
3369 4914 3498 4982 περὶ
3555 4915 3656 4984 τῆς
3707 4917 3945 4968 ἀναστείλ-

2349 5016 2486 5063 σεως
2526 4999 2969 5074 διαλαμϐανούσῃ
3007 5019 3019 5032 ·
3085 5004 3465 5075 προδηλότατα
3505 5005 3566 5058 δὲ
3614 5009 3709 5078 τῇ,
3762 5028 3781 5058 ι
3832 5011 3942 5063 οὐκ

2349 5091 2765 5160 ἐγκαταλείψεις
2803 5093 2901 5163 τὴν
2930 5094 3110 5166 ψυχήν
3148 5114 3252 5165 μου
3298 5100 3377 5161 είς
3401 5098 3537 5169 ᾅδην
3561 5117 3575 5130 ·
3626 5119 3645 5150 r
3712 5106 3808 5156 καὶ
3855 5107 3941 5173 τῇ,

2355 5201 2372 5232 ι
2405 5181 2608 5253 Κύριος
2634 5181 2884 5252 βούλεται
2914 5183 3208 5254 καθαρίσαι
3237 5186 3401 5239 αὐτὸν
3431 5187 3540 5239 ἀπὸ
3571 5187 3677 5255 τῆς
3709 5190 3940 5259 πληγῆς.

2349 5275 2443 5327 καὶ
2496 5274 2668 5341 δεῖξαι
2704 5275 2854 5346 αὺτῷ
2890 5275 3026 5345 φῶς.
3069 5295 3085 5326 ι
3141 5277 3568 5346 Ἐμφανέστατα
3607 5283 3720 5351 γὰρ
3780 5277 3941 5334 αὗται

2348 5370 2402 5420 αἰ
2437 5368 2653 5438 Γραῳαὶ
2701 5371 2828 5442 περί
2876 5371 2975 5440 τῆς
3032 5371 3392 5434 ἀναστάσεως
3443 5371 3940 5444 διαλαμῦἀνουσιν.

2364 5462 2736 5533 ’Δπολινὰριος
2759 5462 2814 5515 δὲ
2846 5463 3096 5518 ἐντεῦθεν
3124 5467 3384 5534 πειρᾶται
3416 5471 3758 5538 συνηγορίαν
3789 5471 3944 5539 εὑρέ-

2348 5555 2474 5608 σθαι
2509 5556 2608 5627 τῆς
2659 5556 2869 5620 οἰκείας
2905 5557 3197 5630 αἱρέσεως.
3236 5557 3424 5612 Θέλοοιν
3474 5560 3590 5634 γὰρ
3656 5563 3940 5634 συστῆσαι,

2138 5693 2183 5723 ⁷²
2211 5692 2370 5750 Joan.
2406 5711 2506 5762 xtt,
2551 5695 2642 5751 27.

1615 5809 1705 5870 Ex
1733 5807 2076 5872 collatione
2111 5809 2301 5872 codd.
2336 5812 2565 5878 Venet.
2602 5817 2665 5880 S.
2700 5816 2923 5880 Marci.

733 5930 842 6006 (18)
874 5931 1006 5990 Cod.
1041 5933 1128 5990 31.
1158 5931 1312 6004 μόλις
1351 5929 1717 6005 ἠδυνήθησαν.
