4078 6330
186 295 328 363 1201

831 287 1282 353 ENABRATIO
1309 284 1393 348 IN
1423 280 1932 347 EVANGELIUM
1974 277 2322 342 JOANNIS.
2351 301 2428 315 -
2459 276 2619 338 CAP.
2660 273 2778 336 III.

3365 266 3507 333 1202

174 410 265 463 ὅτι
295 407 503 479 ἄψυχος
532 401 601 479 ἦν
631 404 775 479 ὴτοῦ
799 407 1006 477 Κυρίου
1032 404 1193 477 σὰρξ,
1217 404 1407 475 φησιν,
1437 403 1520 455 ὅτι
1562 398 1782 470 Ἐπειδὴ

1895 397 2128 463 mam",
2174 415 2191 449 ι
2242 393 2517 468 quomodo
2553 408 2615 449 ea
2655 390 2949 460 intelligis?
3006 387 3164 457 Quod
3214 384 3260 443 si
3299 394 3352 441 tu
3396 400 3505 441 non

175 503 313 565 ναὸς
349 501 570 569 λέγεται
607 502 639 573 ἡ
680 499 839 572 σὰρξ,
868 499 1072 570 ἄψυχος
1110 498 1166 553 δὲ
1205 499 1231 550 6
1263 496 1411 562 ναὸς,
1440 495 1648 565 ἄψυχος
1679 493 1788 563 ἄρα

171 596 279 649 καὶ
312 594 474 663 αὕτη.
521 594 894 665 Ἐμδρὸντητε
945 594 1042 647 καὶ
1088 590 1399 662 πολύτροπε
1424 606 1435 618 ⁸
1473 590 1537 642 σὺ
1577 587 1653 640 δέ
1692 586 1789 639 καὶ

179 688 323 754 ξύλα
356 688 452 740 καὶ
478 687 663 750 λίθους
713 688 964 759 ποιήσεις
1017 686 1119 758 τὴν
1167 684 1264 738 τοῦ
1320 680 1784 755 Κυρίουσάρκα,

175 780 377 853 ἐπειδὴ
411 781 473 833 ἐκ
506 780 759 833 τούτωνὸ
788 780 948 845 ναός;
974 779 1147 831 Ὅταν
1180 777 1237 830 δὲ
1260 776 1510 848 ἀκούσῃς
1544 773 1639 827 τοῦ
1673 775 1755 826 Κυ

177 876 327 946 ρίου,
369 895 386 926 ι
428 869 541 930 Νῦν
601 878 634 946 ἡ
690 875 837 946 ψυχή
899 891 1002 947 μου
1062 873 1443 943 τετάρακται·
1499 890 1518 924 ι
1570 869 1669 924 καὶ
1700 868 1787 921 ὄτι

182 988 201 1019 ι
252 968 536 1035 Ἐξουσίαν
572 969 683 1041 ἔχω
719 969 894 1022 θεῖναι
916 968 1017 1040 τὴν
1036 966 1218 1039 ψυχήν
1252 984 1378 1038 μου,
1410 985 1427 1021 ι
1468 964 1587 1030 πῶς
1612 961 1789 1018 ταῦτα

1902 493 1972 549 de
2007 492 2229 548 mentali
2265 502 2321 548 et
2351 490 2606 547 rationali
2658 489 2843 543 anima
2898 488 3016 542 hzcc
3064 488 3210 540 dicta
3271 476 3503 547 asseris,

1894 600 2004 655 quo
2038 582 2241 639 referes
2298 582 2424 647 hoc,
2470 599 2489 633 ι
2529 580 2788 645 Pater,.in
2813 592 3009 633 manus
3033 586 3154 630 tuas
3177 572 3508 631 commendo

1893 679 2147 749 spiritum
2180 676 2463 732 meum“?
2495 696 2513 729 ι
2552 673 2756 746 Utique
2782 676 2882 731 hoc
2901 673 2966 728 de
2991 669 3293 726 irrationali
3321 668 3505 723 anima

1897 788 2003 828 non
2034 772 2393 828 intellexeris.
2426 770 2501 833 De
2531 770 2634 825 hoc
2667 778 2879 834 autem,
2921 786 2939 820 ι
2991 765 3108 821 Non
3152 762 3507 831 derelinques

1896 866 2134 920 animam
2188 880 2364 920 meam
2395 865 2449 920 in
2498 863 2741 930 inferno,
2781 881 2799 915 ι
2836 861 2967 933 quid
3001 858 3100 915 tibi
3130 855 3385 915 videtur?
3434 854 3508 912 At

1895 968 1953 1012 tu
1979 972 2082 1012 una
2122 974 2243 1012 cum
2274 958 2382 1012 tuis
2414 971 2631 1027 pereas.

171 1065 355 1128 νοείςς
385 1064 447 1116 Εἰ
481 1064 537 1117 δὲ
572 1065 633 1118 ού
671 1062 803 1132 περὶ
854 1064 955 1135 τῆς
982 1064 1213 1136 λογικῆς
1270 1062 1363 1117 καὶ
1426 1062 1627 1131 νοερᾶς
1666 1054 1846 1110 ταῦτα
1885 1052 2065 1125 ψυχῆς
2113 1052 2219 1125 φὴς
2253 1051 2540 1122 λέγεσθαι,
2578 1051 2663 1114 τὸ,
2709 1070 2727 1104 ι
2771 1051 2983 1122 Πάτερ,
3042 1051 3127 1113 είς
3177 1046 3373 1121 χεῖράς
3408 1062 3504 1101 σου

172 1158 534 1230 παρατίθημι
568 1160 629 1213 τὸ
657 1159 882 1230 πνεῦμά
932 1178 1060 1230 μου,
1099 1181 1117 1214 ι
1175 1160 1280 1214 ποῦ
1311 1161 1539 1227 θήσεις;
1579 1157 1639 1211 ού
1675 1155 1786 1226 γὰρ
1817 1153 1989 1224 δήπου
2036 1152 2323 1223 περὶτῆς
2382 1151 2586 1220 ἀλόγου
2620 1149 2807 1221 ψυχῆς
2831 1150 2928 1203 καὶ
2968 1147 3130 1203 τοῦτο
3152 1147 3397 1219 νοήσεις.
3432 1143 3509 1199 Τὸ

171 1249 257 1316 δὲ,
309 1271 328 1305 ι
365 1254 481 1309 Οὐκ
505 1255 928 1326 ἐγκαταλείψεις
961 1259 1061 1327 τὴν
1101 1256 1288 1330 ψυχήν
1312 1274 1415 1327 μου
1450 1258 1530 1319 είς
1559 1254 1718 1325 ᾅδην,
1764 1270 1781 1302 ι
1818 1250 1869 1302 τί
1905 1268 1987 1304 σοι
2018 1249 2204 1317 δοκεῖ;
2248 1248 2414 1302 ’Λλλα
2456 1249 2521 1303 σὺ
2559 1248 2659 1318 μὲν
2693 1247 2925 1319 φθείρου
2962 1247 3104 1318 μετὰ
3146 1244 3261 1299 τῶν
3299 1242 3435 1299 σῶν.

787 1373 1046 1427 ΚΕΦΛΛ.
1099 1374 1173 1429 Γ’.

175 1465 324 1537 Περέ
348 1464 835 1537 τοῦῆἰκοδιίιιου
868 1469 967 1521 καὶ
1001 1469 1221 1535 Ἰησιηῦ.
1258 1468 1399 1537 Περὶ.
1430 1467 1538 1521 τοῦ
1579 1465 1787 1534 Ἰησοῦ

213 1535 320 1588 καὶ
358 1536 635 1591 Ἰωάννου
664 1537 1108 1602 ,ϐαπτιζόίντων⁸
1156 1541 1293 1607 Περὶ
1340 1535 1743 1608 καθαρισμοῦ.

261 1651 280 1684 ι
310 1632 408 1696 Ὠς
447 1632 502 1685 δὲ
532 1628 599 1703 ἦν
641 1636 697 1686 ἐν
730 1635 841 1695 ταῖς
885 1633 1287 1704 Ἱεροσολύμοις
1317 1635 1374 1686 ὲν
1400 1631 1477 1704 τῷ
1511 1634 1704 1703 Πάσχα
1730 1632 1788 1685 ὲν

171 1727 244 1795 τῇ
294 1728 481 1795 ἑορτῇ,
517 1726 706 1780 πολλοὶ
760 1726 1097 1779 ἐπίστευσαν
1150 1728 1231 1791 είς
1283 1728 1341 1781 τὺ
1375 1728 1549 1798 ὄνομα
1590 1724 1783 1793 αὑτοῦ,

175 1814 524 1885 θεωροῦντες
564 1819 631 1870 τα
669 1822 870 1889 σημεῖα
903 1819 937 1873 ἂ
971 1820 1168 1874 ἐποίει.
1199 1820 1369 1883 Αὐτὸς
1418 1820 1474 1872 δὲ
1503 1822 1530 1873 6
1578 1818 1786 1887 Ἰησοῦς

174 1905 283 1959 οὐκ
310 1907 598 1961 ἐπίστευεν
631 1911 827 1962 ἐαυτὸν
862 1911 1073 1975 αὐτοῖς,
1108 1911 1195 1964 διὰ
1230 1912 1288 1964 τὸ
1313 1911 1475 1964 αὐτὸν
1494 1912 1789 1976 γινώσκειν

174 2000 420 2066 πάντας,
466 2002 557 2054 καὶ
594 2003 678 2054 ὅτι
710 2004 768 2055 οὐ
798 2004 991 2074 χρείαν
1017 2001 1186 2074 εἶχεν,
1218 2005 1307 2058 ἵνα
1336 2024 1420 2066 τις
1452 2006 1786 2076 μαρτυρήσῃ

177 2093 316 2163 περὶ
344 2094 439 2144 τοῦ
489 2093 806 2164 ἀνθρώπου.
842 2096 1013 2159 Αὐτὸς
1045 2098 1154 2168 γὰρ
1191 2097 1487 2163 ἐγίνωσκε,
1548 2096 1601 2150 τί
1628 2092 1695 2167 ἦν
1731 2098 1789 2150 ἐν

173 2183 259 2252 τῷ
289 2182 586 2257 ἀνθρώπῳ.
632 2183 741 2241 Ἦν
792 2188 849 2240 δέ
885 2189 1179 2259 ἄνθρωπος
1211 2192 1277 2244 ἐκ
1325 2190 1434 2243 τῶν
1474 2190 1789 2260 Φαρισαίων

176 2276 523 2346 (Νικόδημος
581 2279 755 2349 ὗνομα
807 2278 1004 2352 αὐτῷ),
1066 2282 1251 2353 ἄρχων
1304 2282 1415 2336 τῶν
1467 2283 1741 2337 Ἰουδαίων
1772 2299 1785 2311 ·

186 2362 350 2430 οὗτος
410 2365 541 2439 ἦλθε
596 2372 734 2443 πρὸς
778 2373 870 2426 τὸν
935 2373 1151 2444 Ἰησοῦν
1217 2377 1437 2440 νυκτὸς,
1496 2378 1590 2430 καὶ
1633 2373 1791 2431 εἶπεν

178 2461 337 2532 αὐτῷ
372 2479 383 2492 ·
442 2462 652 2529 Ῥα66ὶ,
716 2467 967 2537 οἴδαμεν,
1012 2470 1097 2521 ὅτι
1159 2469 1268 2522 ἀπὸ
1330 2470 1469 2523 Θεοῦ
1522 2471 1788 2540 ἐλήλυθας

178 2554 547 2619 διδάσκαλος·
596 2558 776 2621 οὐδεὶς
809 2561 920 2631 γὰρ
970 2560 1040 2615 τὰ
1075 2564 1281 2631 σημεῖα
1337 2563 1511 2616 ταῦτα
1562 2563 1791 2618 δύναται

181 2652 388 2715 ποιεῖν,
422 2650 457 2703 ἃ
494 2653 559 2704 σὺ
593 2658 790 2720 ποιεῖς,
836 2655 931 2707 ἐὰν
1130 2659 1157 2709 6
1189 2656 1321 2721 Θεὸς
1368 2658 1489 2726 μετ’
1533 2658 1721 2713 αὑτοῦ.
1767 2679 1784 2712 ι

182 2741 421 2805 Ἐδοξαν
459 2743 559 2812 μέν
602 2762 748 2807 τινες
778 2748 1067 2800 πιστεύειν
1102 2750 1183 2810 είς
1219 2748 1279 2802 τὺ
1324 2749 1498 2818 Magia.
1549 2751 1643 2805 τοῦ
1687 2753 1794 2818 Ἰη-

181 2836 303 2899 tto-3,
336 2836 427 2889 ὅτε
458 2834 524 2909 ἦν
571 2840 628 2891 ὲν
659 2843 724 2909 τῇ
758 2840 949 2911 ἑορτῇ,
982 2841 1098 2896 ἀλλ’
1121 2843 1185 2895 ού
1212 2841 1406 2912 βεϐαία
1436 2840 1505 2916 ἦν
1542 2847 1572 2916 ἡ
1605 2844 1792 2910 πίστις

177 2931 388 2986 αὐτῶν.
422 2932 567 3003 Πρὸς
625 2935 816 3005 καιρὸν
862 2937 971 3007 γὰρ
1006 2938 1375 3008 προσέχοντες
1429 2940 1507 3009 τῷ
1565 2939 1792 3012 Χριστῷ

2507 1362 2742 1419 CAPUT
2800 1360 2889 1418 Ill.

1898 1460 1971 1515 De
1990 1459 2282 1515 A'icodemo
2306 1470 2355 1515 et
2399 1459 2553 1514 Jesu.
2604 1460 2678 1513 De
2713 1456 2845 1512 Jrsu
2886 1467 2933 1512 et
2971 1456 3186 1511 Joanne
3218 1455 3507 1527 baptizan-

2329 1534 2492 1585 tibus.
2527 1530 2603 1585 De
2650 1530 3051 1600 puriﬁcatione.

1968 1624 2137 1683 Vens.
2176 1626 2225 1689 1,
2264 1625 2321 1682 2.
2363 1646 2381 1677 ι
2414 1624 2551 1682 Cum
2585 1634 2770 1679 autem
2824 1632 2970 1679 esset
3004 1620 3403 1693 Hierosolymis
3454 1622 3507 1676 lu

1816 1679 1863 1739 Β
1894 1717 2105 1776 Pascha
2138 1719 2189 1774 iu
2221 1719 2312 1774 die
2365 1718 2527 1781 festo,
2562 1717 2718 1772 multi
2777 1714 3139 1773 crediderunt
3197 1716 3251 1768 in
3306 1728 3507 1769 nomen

1892 1818 2031 1883 ejus.
2066 1813 2317 1869 videntes
2343 1814 2498 1882 signa
2536 1813 2654 1883 ejus
2685 1818 2806 1880 qua:
2850 1809 3070 1867 edebat.
3137 1810 3257 1879 lpse
3318 1818 3507 1863 autem

1893 1909 2054 1965 Jesus
2099 1924 2205 1963 non
2233 1910 2495 1963 credebat
2526 1905 2887 1976 semetipsum
2945 1904 3050 1971 eis,
3101 1919 3167 1958 eo
3196 1902 3343 1971 quod
3394 1903 3510 1973 ipse

1894 2012 2083 2058 nosset
2133 2017 2347 2067 omnes,
2376 2016 2476 2057 nec
2517 2016 2656 2068 opus
2698 2001 2930 2055 haberet
2972 2008 3032 2053 ut
3069 2000 3363 2068 quisquam
3400 2007 3510 2051 tes-

1896 2103 2109 2149 [aretur
2140 2094 2205 2147 de
2244 2094 2491 2148 homine.
2530 2090 2650 2161 Ipse
2688 2094 2836 2147 enim
2868 2090 3080 2145 sciebat
3115 2088 3245 2159 quid
3270 2095 3421 2143 esset
3456 2087 3509 2140 in

1898 2188 2140 2243 homine.
2182 2186 2313 2242 Erat
2348 2197 2531 2241 autem
2554 2187 2717 2241 homo
2749 2201 2813 2241 ex
2857 2184 3148 2240 Phariswis
3175 2181 3515 2238 Nicodemus

1896 2283 2139 2344 nomine,
2177 2281 2438 2351 princeps
2470 2280 2786 2335 Iudaeorum
2820 2296 2833 2333 :
2877 2279 2967 2334 hic
3000 2276 3153 2333 venit
3211 2278 3280 2332 ad
3321 2274 3511 2331 Jesum

1897 2383 2078 2439 nocte,
2112 2385 2165 2429 et
2191 2375 2331 2429 dixit
2360 2377 2408 2429 ei
2450 2391 2465 2430 :
2512 2359 2711 2438 Rahbi,
2756 2376 2965 2430 scimus
3007 2371 3163 2443 quod
3189 2387 3219 2426 a
3274 2371 3387 2427 Deo
3421 2384 3515 2425 ve-

1898 2470 2052 2535 nisti,
2082 2471 2370 2540 magister.
2429 2469 2624 2525 Nullus
2660 2470 2806 2523 enim
2846 2469 2964 2524 haec
3016 2470 3170 2539 signa
3211 2475 3393 2538 potest
3431 2463 3514 2518 fa-

1897 2578 2023 2618 cere
2056 2580 2175 2634 qua!
2211 2574 2265 2618 tu
2303 2564 2456 2629 facis,
2494 2566 2597 2620 nisi
2650 2565 2791 2621 Deus
2847 2565 2920 2621 sit
2973 2580 3099 2620 cum
3134 2579 3222 2621 eo.
3281 2582 3299 2616 ι
3347 2562 3515 2617 Vide-

1898 2656 2101 2711 bantur
2127 2657 2351 2728 quidem
2410 2658 2661 2713 nonnulli
2701 2660 2930 2713 credere
2964 2659 3015 2713 in
3071 2657 3297 2713 nomine
3356 2654 3509 2719 Jesu,

1896 2764 2020 2804 cum
2069 2761 2220 2806 esset
2272 2752 2327 2805 in
2377 2750 2539 2815 festo,
2577 2752 2673 2807 sed
2712 2766 2820 2806 non
2887 2751 3045 2806 ﬁrma
3098 2750 3323 2807 illorum
3376 2750 3513 2805 ﬁdes

1896 2851 2059 2898 erat:
2104 2844 2169 2898 ad
2203 2854 2417 2914 tempus
2469 2845 2615 2900 enim
2676 2846 3035 2900 attendebant
3092 2844 3336 2911 Christo,
3398 2859 3514 2901 non

1901 2952 1961 2997 ut
1992 2940 2125 3006 Deo,
2162 2943 2258 2997 sed
2295 2952 2357 2996 ut
2400 2942 2609 2996 homini
2642 2942 2738 3013 qui
2787 2944 2900 2998 Deo
2934 2941 3226 2997 amabatur
3259 2958 3274 2996 :
3309 2955 3376 2997 ac
3411 2941 3515 2998 ite-

177 3026 279 3095 οὔχ
310 3025 385 3089 ὡς
412 3026 553 3097 Θεῷ,
586 3028 701 3081 ἀλλ’
732 3030 807 3093 ὡς
837 3030 1116 3102 ἀνθρώπῳ
1140 3033 1584 3104 θεοφορουμένη),
1623 3035 1782 3088 πάλιν

1902 3053 2020 3092 rum
2051 3052 2081 3089 a
2125 3036 2230 3092 ﬁde
2254 3037 2344 3092 illa
2366 3037 2770 3109 contemptibili
2806 3037 3157 3093 excidebant.
3194 3035 3332 3093 Nam
3364 3039 3512 3109 quod

179 3118 278 3171 καὶ
339 3120 547 3193 ταύτης
589 3123 763 3193 αὐτῆς
808 3124 909 3195 τῆς
966 3124 1271 3195 ούδαμινῆς
1306 3126 1545 3191 πίστεως
1597 3129 1787 3194 ἐξέπι-

178 3224 343 3266 πτον.
379 3211 502 3265 Ὅτι
555 3212 611 3265 δὲ
653 3213 887 3267 τοιοῦτοι
938 3210 1103 3285 ἦσαν,
1150 3215 1310 3285 δῆλον
1369 3218 1433 3270 ἐκ
1465 3217 1575 3270 τῶν
1637 3218 1788 3291 ἑξῆς.

184 3317 206 3353 ι
237 3302 415 3367 Αύτδς
456 3304 588 3375 γὰρ,
621 3307 808 3377 φησὶν,
831 3309 861 3361 6
908 3306 1115 3379 Ἰησοῦς
1136 3309 1238 3362 ούκ
1262 3309 1552 3363 ἐπίστευεν
1588 3311 1788 3365 ἐαυτὸν

176 3394 396 3460 αὐτοῖς,
439 3415 456 3446 ι
514 3396 631 3449 οὐδὲ
667 3398 742 3461 ὡς
779 3399 857 3469 τῷ
907 3400 1022 3454 ὄντι
1091 3404 1307 3462 πιστοῖς
1362 3404 1544 3457 πάντα
1590 3405 1658 3459 τὰ
1704 3405 1790 3458 δύο

172 3503 373 3554 γματα
403 3491 759 3562 ἐνεχείριζεν,
784 3493 1108 3564 ἐμϐατεύων
1136 3500 1259 3561 ταῖς
1285 3498 1539 3569 καρδίαις
1574 3498 1781 3567 αὐτῶν,

172 3582 277 3634 καὶ
320 3583 610 3649 γινώσκων
640 3585 691 3638 τί
724 3581 793 3657 ἦν
848 3590 906 3640 ἐν
936 3589 1132 3652 αὐταῖς
1179 3590 1310 3659 περὶ
1343 3592 1537 3648 αὐτοῦ.
1566 3594 1641 3647 Ού
1677 3594 1785 3665 γὰρ

169 3672 532 3727 δίελάνθανεν
565 3676 730 3729 αὐτὸν
757 3671 871 3741 οἷος
902 3674 973 3749 ἦν
1008 3681 1036 3731 ὁ
1066 3679 1330 3750 λογισμὸς
1361 3684 1419 3737 ἐν
1448 3685 1669 3755 ἑκάστῳ
1692 3688 1786 3739 ἁν-

175 3766 392 3839 θρώπῳ
430 3768 509 3838 τῷ
534 3769 784 3823 δοκοῦντι
815 3772 1121 3828 πιστεύειν.
1156 3774 1357 3844 Σχεδὸν
1391 3776 1448 3829 δὲ
1486 3780 1582 3831 καὶ
1611 3779 1787 3832 Νικό-

168 3864 352 3933 δημος
408 3864 649 3928 τοιοῦτος
683 3860 751 3937 ἦν
779 3883 790 3895 °
826 3866 1086 3921 ἐπίστευε
1124 3869 1223 3939 μὲν
1252 3870 1362 3938 γὰρ
1393 3873 1489 3924 καὶ
1521 3865 1679 3936 οὗτος
1710 3872 1787 3944 τῷ

183 3954 394 4025 Ἰησοῦ,
444 3958 541 4010 καὶ
608 3957 861 4027 φαίνεται
924 3960 1065 4031 πρὸς
1118 3962 1249 4024 τοὺς
1298 3962 1592 4031 Ἰουδαίους
1643 3967 1787 4038 ὑπὲρ

166 4048 271 4102 τοῦ
297 4048 507 4121 Κυρίου
530 4052 729 4119 λέγων,
754 4052 838 4106 ὅτι.
873 4053 957 4106 δεῖ
980 4055 1122 4125 μετά
1145 4054 1379 4127 ἐρεύνης
1442 4058 1538 4112 καὶ
1595 4059 1785 4125 ἐξετά-

167 4146 318 4202 σεως
356 4141 727 4195 καταδικασαι
757 4144 924 4197 αὐτόν
956 4161 969 4175 ·
1004 4144 1144 4198 ἀλλὰ
1182 4148 1278 4200 καὶ
1306 4148 1449 4217 μετὰ
1483 4148 1576 4203 τὸν
1618 4168 1785 4206 σταυ-

171 4227 272 4301 ρὸν
294 4232 502 4301 πολλὴν
523 4234 851 4303 ἐπιμέλειαν
878 4236 973 4289 καὶ
1003 4236 1321 4308 φιλοτιμίαν
1350 4241 1486 4310 πρὸς
1517 4242 1607 4294 τὸν
1630 4245 1786 4298 ἐντα-

165 4327 418 4395 φιασμὸν
461 4326 826 4382 ἐνδείκνυται.
863 4329 937 4383 Οὐ
975 4331 1163 4399 μέντοι
1202 4348 1288 4400 γε,
1323 4332 1399 4395 ὡς
1433 4334 1625 4403 ἐχρῆν,
1666 4337 1784 4389 ἐπί-

1898 3129 2032 3185 tales
2072 3130 2296 3195 fuerint,
2340 3130 2699 3185 manifestum
2753 3147 2821 3186 ex
2873 3132 3259 3201 sequentibus.
3303 3150 3322 3186 ι
3354 3131 3516 3191 Jesus

1892 3224 2041 3277 enim
2081 3225 2219 3294 ipse,
2260 3224 2460 3294 inquit,
2516 3240 2623 3279 non
2684 3225 2946 3281 credebat
3003 3240 3063 3281 se
3114 3227 3217 3294 eis,
3256 3245 3276 3280 ι
3334 3244 3515 3298 neque

1893 3317 2078 3371 omnia
2108 3319 2389 3385 dogmata,
2426 3326 2487 3372 ut
2530 3317 2616 3373 his
2665 3318 2755 3374 nui
2802 3333 2929 3373 vere
2961 3322 3217 3386 credunt,
3274 3335 3514 3377 concre-

1894 3409 2078 3463 dcbat.
2106 3408 2400 3465 Scrutator
2421 3410 2565 3464 enim
2598 3420 2683 3465 est
2712 3412 3034 3478 cordium",
3060 3421 3116 3468 et
3138 3412 3353 3469 sciebat
3374 3414 3513 3483 quid

1893 3504 2162 3557 sentirent
2190 3504 2256 3558 de
2280 3504 2418 3574 ipso.
2448 3502 2565 3558 Non
2592 3504 2740 3559 enim
2779 3506 3073 3575 ignorabat
3104 3507 3294 3578 quales
3323 3518 3513 3565 essent

1891 3596 2261 3665 cogitationes
2330 3598 2384 3651 in
2423 3596 2656 3666 singulis
2701 3599 3090 3656 hominibus“
3143 3601 3236 3671 qui
3278 3603 3512 3661 credere

1894 3688 2246 3745 videbantur.
2285 3688 2480 3744 Ferme
2519 3700 2575 3744 et
2613 3686 2950 3748 Nicodemus
2984 3692 3109 3748 talis
3144 3704 3287 3759 erat,
3320 3695 3414 3765 qui
3456 3706 3513 3752 et

1892 3780 2059 3852 539
2085 3782 2201 3850 ipse
2242 3780 2505 3837 credebat
2555 3779 2709 3846 Jesu,
2744 3792 2803 3837 et
2850 3784 3075 3839 videtur
3128 3801 3229 3853 pro
3274 3787 3511 3844 Domino

1892 3885 2085 3929 eontra
2107 3872 2325 3929 Iudaeos
2355 3873 2525 3942 loqui,
2557 3875 2701 3944 quod
2735 3886 2990 3943 oporteat
3017 3896 3140 3933 cum
3164 3883 3509 3938 scrutatione

1892 3976 1947 4020 et
1989 3967 2245 4020 examine
2290 3970 2654 4022 condemnari
2716 3968 2869 4023 illum
2913 3988 2928 4026 :
2978 3971 3111 4040 quin
3159 3973 3327 4027 etiam
3385 3984 3509 4045 post

1892 4070 2112 4110 crucem
2150 4056 2383 4111 multum
2418 4056 2578 4112 ofﬁcii
2636 4070 2691 4113 et
2742 4060 3093 4117 liberalitatis
3130 4064 3183 4118 iu
3223 4066 3507 4135 sepultura

1891 4146 2160 4203 exhibuit.
2191 4146 2493 4214 Cancrum,
2519 4152 2648 4220 quia
2680 4166 2787 4207 non
2816 4164 2872 4207 ut
2904 4160 3215 4225 Oportebat,
3246 4161 3507 4218 credulus

1891 4250 2038 4305 erat,
2079 4250 2133 4297 et
2159 4240 2337 4297 adhuc
2372 4242 2696 4301 ittﬂrntitale
2727 4243 2957 4303 Judaiea
2990 4252 3305 4319 tenebatur,
3348 4266 3509 4311 noete

1891 4335 2113 4405 quidem
2154 4337 2303 4391 venit
2334 4336 2399 4391 ad
2433 4335 2646 4404 Jesum,
2691 4351 2917 4411 propter
2960 4344 3217 4400 timorem
3280 4345 3503 4404 λιιι]ωο-

163 4434 404 4472 στευσεν
432 4434 443 4447 ·
470 4418 586 4473 ἀλλ’
605 4419 683 4473 ἔτι
707 4420 810 4491 τῆς
849 4422 1153 4492 Ἰουδαϊκῆς
1174 4424 1463 4489 ἀσθενείας
1490 4427 1773 4499 ἐχόμενος,

1899 4443 2041 4483 rttm.
2076 4426 2400 4499 Magistrum
2443 4441 2626 4484 autem
2658 4434 2835 4500 ipsum
2887 4446 3067 4501 vocat,
3095 4439 3254 4505 quasi
3302 4456 3501 4513 purum

160 4512 393 4585 νύκτωρ
428 4512 528 4583 μὲν
552 4514 776 4586 ἔρχεται
809 4516 947 4587 πρὸς
972 4516 1064 4569 τὸν
1105 4516 1319 4585 Ἰησοῦν
1341 4519 1428 4572 διὰ
1486 4521 1578 4574 τὸν
1607 4523 1775 4591 φόϐον

160 4607 283 4661 τῶν
330 4607 626 4673 Ἰουδαίων,
682 4608 1005 4662 διδάσκει).ον
1037 4609 1095 4663 δὲ
1143 4611 1307 4665 αὐτὸν
1348 4612 1639 4679 ἀποκαλεῖ,
1700 4616 1779 4681 ὡς

156 4699 328 4767 ψιλὸν
367 4699 659 4771 ἄνθρωπον
697 4718 713 4734 ο
754 4703 1015 4773 τοιαύτην
1053 4703 1163 4774 γὰρ
1195 4704 1469 4775 ὑπόληψιν
1504 4704 1615 4778 εἶχε
1645 4709 1777 4780 περὶ

160 4794 377 4847 αὐτοῦ’
422 4793 503 4847 διὸ
540 4794 637 4849 καὶ
669 4795 889 4863 ἐπάγει,
925 4797 1009 4849 ὃτι
1050 4816 1067 4849 ι
1116 4797 1305 4860 (ὶύδεὶς
1331 4798 1557 4853 δύναται
1600 4802 1777 4856 ταῦτα

160 4887 370 4948 ποιεῖν,
408 4884 504 4940 ἐὰν
538 4886 615 4957 μὴ
733 4890 761 4940 6
796 4888 933 4952 Θεὸς
973 4888 1092 4959 μετ’
1128 4889 1320 4945 αὑτοῦ.
1359 4909 1376 4941 ι
1458 4889 1647 4962 Ὁρᾷς,
1694 4894 1777 4947 ὃτι

157 4977 244 5039 ὡς
273 4976 552 5049 ἀνθρώπῳ
583 4982 867 5051 προφήτῃ,
897 4980 998 5033 καὶ
1044 4980 1199 5053 παρὰ
1224 4980 1319 5034 τοῦ
1366 4982 1504 5035 Θεοῦ
1541 4987 1774 5052 ἀγαπω-

165 5069 345 5140 μένῳ,
396 5072 650 5141 πρόσεισι
678 5073 757 5144 τῷ
798 5074 1011 5144 Ἰησοῦ;
1060 5076 1126 5129 Τί
1164 5072 1258 5131 οὖν
1301 5078 1328 5129 6
1360 5076 1603 5149 Κύριοςς
1663 5080 1779 5133 Οὐκ

157 5164 389 5232 ἐλέγχει
423 5165 587 5219 αὑτὸν
619 5168 1064 5240 ἐπιπληκτικῶς,
1098 5170 1220 5223 οὐδὲ
1250 5188 1384 5241 φησι
1407 5189 1419 5203 ’
1452 5172 1551 5224 Διὰ
1580 5173 1631 5225 τί
1683 5169 1778 5227 οὖν

159 5258 311 5328 πρὸς
338 5258 429 5313 τὸν
454 5260 518 5313 ἐκ
558 5260 695 5314 Θεσῦ
726 5262 1110 5317 ἀποσταλέντα
1137 5264 1464 5317 διδάσκαλον
1500 5263 1639 5338 ἔρχῃ
1673 5282 1735 5316 νυ
1754 5294 1770 5306 -

159 5351 331 5415 κτόςς
368 5354 522 5405 Διατί
569 5354 643 5425 μὴ
680 5355 1079 5427 παρῤησιάζῃ;
1115 5357 1287 5411 Οὐδὲν
1340 5358 1549 5411 τούτων
1581 5360 1774 5430 φησιν,

158 5443 285 5499 ἀλλ’
316 5443 517 5515 ἱλαρῶς
549 5446 698 5516 αύτῷ
728 5448 857 5519 περὶ
878 5448 1041 5502 θείων
1061 5449 1158 5502 καὶ
1181 5449 1404 5525 ύψηλών
1430 5450 1767 5519 διαλέγεται.

158 5538 490 5609 Σημείωσαι
544 5540 624 5604 δὲ,
674 5543 758 5595 ὅτι
806 5541 982 5596 πολλὰ
1041 5543 1299 5615 θαύματα
1352 5544 1639 5608 ποιοῦντος
1678 5543 1771 5598 τοῦ

161 5631 433 5704 Χριστοῦ,
460 5632 615 5686 οὐδὲν
639 5634 845 5689 τούτων
894 5638 922 5689 6
958 5638 1154 5709 παρὼν
1210 5638 1611 5708 εύαγγελιστὴς
1652 5639 1774 5708 διη-

1889 4521 2169 4577 hominem
2198 4524 2399 4577 :talem
2426 4523 2575 4578 enim
2604 4526 2921 4595 opinionem
2948 4531 3014 4582 de
3032 4543 3098 4585 eo
3116 4544 3452 4605 conceperat
3484 4552 3497 4589 :

1885 4614 2095 4670 idcirco
2119 4625 2171 4670 et
2204 4615 2387 4671 subdit
2424 4635 2435 4669 :
2476 4634 2495 4668 ι
2537 4616 2730 4673 Nullus
2767 4626 2952 4689 potest
2986 4621 3115 4676 talia
3153 4622 3360 4690 facere,
3394 4628 3501 4684 nisi

1887 4708 2031 4764 Deus
2069 4710 2141 4765 sit
2173 4724 2294 4764 eum
2328 4723 2415 4765 eo.
2457 4729 2476 4762 ι
2514 4708 2680 4766 Vides
2711 4713 2857 4781 quod
2889 4715 3033 4769 sicut
3070 4718 3137 4771 ad
3171 4720 3500 4789 prephetam

1883 4814 1938 4859 et
1994 4804 2272 4860 hominem
2321 4806 2584 4861 dilectum
2642 4822 2671 4860 τι
2725 4809 2860 4873 Deo,
2896 4812 3114 4867 accedit
3166 4815 3234 4868 ad
3283 4814 3496 4874 Jesum.

1886 4898 2027 4964 Quid
2080 4899 2248 4967 igitur
2287 4898 2594 4954 Dominus?
2650 4900 2770 4956 Non
2832 4905 3035 4975 arguit,
3089 4921 3268 4977 neque
3312 4909 3496 4978 dicit,

1889 4992 2070 5058 Quare
2098 4993 2263 5062 igitur
2310 4994 2376 5046 ad
2420 4994 2742 5065 magistrum
2793 4999 2884 5069 qui
2929 5014 2957 5052 ιι
3003 4998 3115 5056 Deo
3168 5003 3373 5061 missus
3419 5016 3503 5064 est

1888 5083 2085 5137 venisti
2112 5088 2310 5139 nocte?
2334 5084 2516 5152 Quare
2547 5102 2655 5141 non
2702 5089 2934 5145 ﬁdenter
2967 5100 3021 5145 et
3056 5094 3270 5161 publica
3334 5112 3495 5155 acce-

1886 5177 2009 5231 (1ίεῖ
2038 5176 2183 5230 Nihil
2219 5178 2412 5231 horum
2458 5180 2613 5244 dicit,
2669 5183 2763 5236 sed
2808 5184 2928 5238 lrcto
2990 5183 3039 5239 ei
3074 5186 3143 5242 de
3192 5187 3397 5245 divinis
3441 5201 3496 5247 et

1885 5270 2211 5325 sublimibus
2275 5270 2519 5326 disserit.
2603 5271 2741 5327 Nota
2804 5281 3182 5347 autemquod
3239 5283 3491 5351 quamvis

1885 5362 2139 5418 Christus
2194 5362 2363 5418 multa
2425 5363 2620 5419 fecerit
2684 5367 2969 5432 miracula,
3031 5370 3240 5427 nullum
3308 5385 3488 5430 tamen

1884 5458 2101 5511 illorum
2146 5468 2335 5511 narrat
2364 5460 2723 5531 evangelista,
2760 5459 2845 5515 vel
2898 5462 3041 5531 quod
3089 5465 3157 5519 ab
3214 5465 3341 5521 aliis
3374 5474 3490 5522 tra-

1891 5550 2096 5604 duntur
2125 5551 2502 5620 evangelistis,
2559 5552 2648 5606 vel
2696 5553 2841 5623 quod
2895 5556 3103 5625 majora
3151 5556 3267 5615 sint
3323 5574 3487 5631 quam

1887 5652 2009 5707 qua:
2042 5639 2417 5708 particulatim
2456 5654 2876 5700 recenseanlur.

172 5732 352 5798 ίεῖται
371 5744 384 5759 ·
409 5729 441 5799 ἢ
474 5729 550 5796 ὡς
578 5733 690 5795 τοῖς
723 5732 907 5800 ἄλλοις
934 5735 1360 5805 εύαγγελισταῖς
1386 5734 1687 5809 ῥηθέντων,
1738 5734 1771 5807 ἢ
1813 5734 1886 5799 ὡς
1916 5735 2014 5807 τὴν
2044 5736 2188 5789 κατὰ
2231 5735 2399 5808 μέρος
2428 5739 2711 5813 ἀφήγησιν
2737 5739 3203 5815 ὑπερϐαινόντων.

240 5848 288 5881 ⁷⁸
330 5846 492 5902 Joan.
538 5864 588 5919 ιι,
630 5849 711 5905 18.
796 5852 837 5885 τ’
874 5851 1007 5909 Luc.
1053 5869 1211 5921 unt,
1250 5853 1337 5909 it}.

1418 5854 1461 5887 ⁷⁵
1502 5854 1703 5912 Jetcm.
1742 5869 1872 5920 xm,
1906 5852 1986 5909 l0.

2066 5853 2108 5885 ⁷⁵
2132 5849 2272 5911 Psal.
2306 5858 2551 5924 xcm,ll.
