4078 6330
663 213 804 281 1203

1518 223 2099 287 THEOPHYLACTI
2134 224 2543 295 BULGARIE
2585 225 2944 289 ARCHIEP.

3785 224 3924 294 12οί

726 333 893 392 Vsus.
914 338 965 392 3.
988 336 1288 408 Respondit
1307 338 1485 408 Iesus,
1513 344 1717 398 etdixit
1741 346 1790 401 ei
1818 362 1831 398 :
1858 346 2050 410 Amen,
2080 360 2216 400 amet

2420 363 2438 396 ι
2491 347 2796 419 Ἀπεκρίθη
2820 347 2849 401 ό
2889 344 3121 417 Ἰησοῦς,
3173 344 3263 400 καὶ
3297 339 3453 401 εἶπεν
3494 345 3683 418 αὐτῷ·
3738 348 3927 420 Ἀμὴν,

652 428 775 482 dico
812 428 932 492 tibi,
978 430 1079 486 nisi
1116 432 1240 502 quis
1272 442 1436 491 natus
1487 435 1650 490 fuerit
1681 451 1935 505 superne,
1972 451 2080 489 non
2135 453 2233 507 po-

651 528 755 575 test
786 521 971 578 videre
1017 540 1242 597 regnum
1295 525 1413 584 Dei.
1459 548 1477 581 ι
1518 528 1784 585 Videntur
1835 532 1999 585 verba
2050 547 2169 602 qua:
2206 547 2235 585 a

2308 486 2315 489 .
2342 439 2488 510 ἀμὴν
2520 428 2663 507 λέγω
2706 457 2811 504 σοι,
2843 438 2937 493 ὲάν
2973 439 3048 509 μή
3074 457 3157 503 τις
3181 440 3424 512 γεννηθῇ
3454 439 3702 508 ἄνωθεν,
3732 443 3793 496 οὐ
3840 442 3930 498 δύο

2339 550 2495 586 ναται
2533 534 2661 587 ἰδεῖν
2716 534 2818 605 τὴν
2878 532 3164 603 βασιλείαν
3222 533 3319 586 τοῦ
3359 532 3517 588 Θεοῦ.
3578 553 3597 586 ι
3644 536 3810 589 Δοκεῖ
3862 535 3926 591 τὰ

650 614 936 673 Salvatore
962 618 1129 685 dicta,
1172 621 1309 676 nihil
1361 622 1601 679 alludere
1628 626 1695 679 ad
1722 640 1807 689 ea,
1844 641 1964 695 qua:
1996 640 2024 678 a
2080 624 2216 679 Nico

2338 626 2491 695 παρά
2544 624 2638 677 τοῦ
2690 624 2945 695 Σωτῆρος
2986 624 3120 695 πρδς
3152 624 3244 677 τὸν
3278 624 3597 696 Νικόδημον
3652 625 3917 696 ρηθέντα,

648 709 806 765 demo
842 712 983 767 dicta
1017 730 1032 767 :
1064 724 1115 767 at
1143 715 1189 771 si
1218 716 1342 784 quis
1390 727 1533 773 recte
1578 719 1895 784 attenderit,
1932 720 2085 775 valde
2106 736 2236 775 con-

649 816 848 869 gruere
889 803 1151 861 inveniet.
1194 806 1644 876 Quandoquidem
1699 808 2029 866 Nicodcmus
2058 812 2233 865 Immi-

551 966 556 972 η
644 890 750 947 lem
784 896 850 949 de
889 894 1105 953 Christo
1163 898 1397 955 habebat
1440 902 1776 967 opinionem,
1843 917 2037 969 nempe
2088 902 2231 970 quod

647 984 913 1054 magister
947 998 1114 1053 esset,
1174 1004 1238 1044 ac
1275 989 1418 1044 Dens
1451 1002 1597 1045 esset
1644 1007 1767 1045 cum
1822 993 1936 1055 illo,
1996 992 2134 1048 dicit
2181 994 2230 1049 ei

647 1074 946 1134 Dominus:
980 1079 1172 1136 Merito
1206 1082 1278 1136 ita
1312 1083 1379 1137 de
1428 1099 1515 1139 me
1546 1084 1749 1150 sentis;
1810 1085 2046 1139 nomium
2083 1087 2229 1140 enim

644 1178 802 1224 natus
829 1185 889 1226 es
906 1187 1162 1244 superne,
1200 1175 1300 1229 hoc
1340 1185 1444 1239 est,
1484 1191 1511 1227 a
1554 1177 1660 1230 Deo
1704 1175 1973 1243 spirituali
2029 1175 2231 1230 nativi-

646 1272 776 1328 tate,
800 1266 907 1319 sed
941 1265 1177 1320 carnalis
1204 1282 1297 1321 es:
1329 1265 1633 1336 ctcbgnitio
1651 1284 1816 1338 quam
1848 1269 1913 1323 de
1935 1285 2018 1324 me
2038 1269 2226 1333 habes,

640 1369 746 1408 non
782 1369 863 1409 est
892 1357 1217 1427 spiritualis,
1268 1361 1360 1413 sed
1398 1361 1669 1426 animalis,
1721 1369 1776 1414 et
1821 1361 2081 1414 humana.
2120 1361 2229 1429 Ego

640 1455 820 1499 autem
852 1448 974 1501 dico
1009 1449 1131 1513 tihi,
1188 1451 1333 1517 quod
1388 1450 1490 1503 nisi
1548 1460 1627 1517 tu,
1681 1460 1735 1505 et
1779 1451 2031 1520 quisquis
2090 1451 2227 1504 alius

639 1537 823 1604 fuerit,
861 1556 1099 1609 superne
1134 1551 1189 1596 ct
1221 1560 1287 1597 cx
1324 1542 1434 1597 Deo
1462 1544 1569 1597 nati
1617 1543 1852 1599 fueritis.
1898 1555 1953 1598 et
1989 1543 2131 1612 piam
2172 1552 2227 1597 et

638 1632 857 1701 dignam
896 1634 962 1687 de
988 1650 1071 1688 me
1100 1635 1413 1704 opinionem
1447 1637 1766 1703 habueritis,
1806 1646 1958 1691 extra
1994 1651 2222 1707 regnum

2335 718 2591 787 οὐδεμιαν
2620 719 2900 771 κοινωνίαν
2921 717 3064 788 ἔχειν
3105 716 3243 787 πρὸς
3287 714 3324 770 ἀ
3357 715 3583 787 εἴρηκεν
3615 718 3643 770 ό
3689 715 3927 789 Νικόδη-

2340 829 2437 881 μος
2467 825 2481 839 '
2509 810 2586 881 τῷ
2610 810 2666 863 δὲ
2695 810 3023 881 προσέχοντι
3073 810 3169 863 καὶ
3203 808 3374 879 πολλὴ
3416 809 3679 863 κοινωνία
3736 810 3921 879 ἔμφα-

2335 903 2580 971 νήσεται.
2625 902 2777 955 Ἐπεὶ
2808 902 2916 971 γάρ
2939 904 2966 955 ὁ
2987 902 3301 972 Νικόδημος
3332 900 3608 971 ὑπόληψιν
3649 894 3773 971 εἶχε
3795 901 3929 971 περὶ

2340 1001 2581 1072 Χριστοῦ
2633 1002 2920 1069 ταπεινὴν,
2977 1002 3060 1055 ὅτι
3102 999 3425 1063 διδάσκαλός
3459 1001 3599 1066 ἐστι,
3633 998 3735 1052 καὶ
3773 1000 3857 1052 δτι
3901 998 3929 1051 ό

2333 1093 2466 1157 Θεός
2494 1096 2609 1148 ἐστι
2650 1094 2768 1165 μετ’
2801 1092 2990 1159 αὑτοῦ,
3030 1094 3169 1164 φησι
3219 1092 3357 1163 πρὸς
3400 1091 3566 1145 αὑτὸν
3615 1094 3645 1145 ό
3694 1090 3928 1160 Κύριος,

2330 1186 2413 1239 ὅτι
2431 1186 2672 1251 Εἰκότως
2687 1186 2832 1258 ἔχεις
2852 1185 3109 1257 τοιαύτην
3134 1184 3405 1255 ὑπόληψιν
3423 1201 3490 1236 πε
3490 1184 3553 1253 pl.
3572 1186 3598 1237 ὲ
3606 1181 3736 1254 μοῦ.
3760 1181 3929 1237 Οὔπω

2331 1280 2439 1348 γὰρ
2468 1280 2766 1349 ἐγεννήθης
2807 1279 3040 1339 ἀνωθεν.
3066 1279 3370 1340 τουτέστιν,
3406 1279 3469 1330 ὲκ
3502 1276 3641 1329 Θεοῦ
3672 1284 3931 1345 πνευμασσ

2331 1370 2489 1442 τικὴν
2516 1371 2796 1442 γέννησιν,
2839 1371 2955 1424 ἀλλ’
2992 1371 3074 1425 ἔτι
3115 1370 3380 1442 σαρκικὸς
3407 1366 3478 1436 εἴ,
3509 1371 3605 1423 καὶ
3634 1372 3667 1438 ἡ
3694 1369 3928 1437 γνῶσις,

2330 1462 2396 1533 ἢν
2414 1462 2559 1533 ἔχεις
2578 1463 2709 1534 περὶ
2727 1464 2884 1534 ἐμοῦ,
2912 1465 3010 1518 οὐκ
3031 1464 3147 1517 ἔστι
3170 1481 3303 1517 πνευ
3313 1480 3421 1533 ματ
3447 1462 3539 1533 κὴ,
3565 1462 3703 1513 ἀλλά
3718 1461 3927 1533 ψυχικὴ

2330 1554 2427 1607 καὶ
2460 1553 2808 1626 ἀνθρωπική.
2854 1554 2998 1622 Ἐγὼ
3020 1556 3077 1607 δὲ
3112 1554 3258 1623 λέγω
3296 1572 3401 1622 σοι,
3431 1555 3514 1607 ὅτι
3556 1555 3657 1606 καὶ
3700 1554 3791 1615 σὺ,
3829 1553 3925 1605 καὶ

2330 1647 2489 1711 ἄλλος
2519 1646 2794 1713 ὁστισοῦν,
2832 1645 2929 1700 ἐὰν
2982 1646 3057 1718 μὴ
3083 1646 3292 1701 ἄνωθεν
3338 1649 3431 1701 καὶ
3464 1648 3528 1700 ὲκ
3560 1646 3701 1700 Θεοῦ
3724 1663 3926 1714 γεννη-

635 1724 898 1780 cmlorum
929 1729 1100 1783 estis.‘
1127 1726 1400 1793 Nativitas
1452 1730 1595 1784 enim
1630 1744 1727 1800 per
1772 1731 2123 1799 baptismum,
2162 1729 2216 1784 il-

2331 1738 2536 1805 θέντες,
2573 1740 2672 1810 τὴν
2698 1739 2859 1802 ἀξίαν
2888 1739 3047 1805 δόξαν
3083 1741 3214 1811 περὶ
3235 1740 3372 1810 ἐμοῦ
3403 1740 3647 1801 λάϐοιτο,
3679 1738 3792 1802 ἔξω
3815 1736 3919 1806 τῆς

588 1864 590 1867 ,
635 1818 1047 1874 luminationem
1098 1821 1343 1889 praebens
1393 1823 1612 1886 anima},
1662 1836 1886 1893 regnum
1944 1821 2059 1889 Dei,
2125 1824 2226 1877 hoc

635 1919 741 1973 est,
785 1912 1128 1983 unigenitum
1168 1914 1319 1993 illius
1347 1914 1567 1980 Filium,
1596 1916 1803 1982 videre,
1837 1916 1940 1972 hoc
1978 1927 2083 1977 est.
2144 1916 2227 1971 in-

633 2002 877 2073 telligere
904 2004 1016 2057 dat.
1050 2003 1185 2059 Nam
1210 2006 1352 2061 sicut
1387 2005 1477 2061 Dei
1504 2007 1774 2076 sapientia
1811 2006 1985 2064 Filius
2013 2020 2117 2073 est,
2148 2009 2222 2064 ita

633 2109 683 2150 et
713 2111 941 2167 regnum
975 2112 1196 2167 quoque
1253 2098 1347 2155 Dei
1381 2100 1603 2156 dicitur.
1640 2101 1754 2157 lloc
1812 2118 1946 2160 sane
1996 2118 2222 2174 regnum

629 2202 794 2242 nemo
827 2188 994 2255 videt,
1033 2190 1137 2246 hoc
1180 2200 1287 2260 est,
1336 2191 1611 2263 intelligit,
1665 2208 1700 2249 ο
1745 2194 2061 2258 Nicodeme,
2118 2196 2220 2251 nisi

628 2286 792 2333 natus
823 2276 987 2335 fuerit
1022 2295 1052 2335 a
1101 2281 1249 2336 Deo:
1283 2290 1451 2351 atque
1502 2282 1575 2337 ita
1618 2282 1785 2338 etiam
1821 2294 1897 2351 tu,
1961 2285 2218 2355 quoniam

629 2371 871 2428 nondum
900 2382 1059 2429 natus
1088 2390 1147 2431 es
1171 2375 1556 2446 spiritualiter,
1588 2384 1879 2446 propterea
1928 2394 2034 2433 non
2066 2379 2220 2434 vides

630 2479 716 2518 me
748 2481 970 2536 regnum
1009 2467 1127 2533 Dei,
1172 2471 1314 2524 sicut
1343 2478 1583 2540 oportet,
1637 2468 1735 2527 sed
1790 2471 2054 2528 humilem
2101 2474 2221 2544 opi-

631 2559 849 2615 nionem
878 2560 947 2616 de
990 2575 1078 2617 me
1122 2561 1311 2618 babes.

697 2837 868 2899 Vsus.
902 2841 958 2912 ι,
990 2841 1047 2900 ὅ.
1075 2863 1093 2897 ι
1122 2840 1260 2900 Dicit
1285 2842 1352 2898 ad
1385 2856 1509 2898 eum
1538 2840 1864 2898 Nicodcmus
1891 2858 1904 2895 :
1933 2838 2217 2907 Quomodo

626 2946 807 3009 potest
839 2938 1003 2993 homo
1031 2936 1209 3002 nasci,
1237 2951 1361 2991 cum
1409 2936 1479 2992 sit
1519 2934 1723 2991 senex?
1760 2934 1899 2990 Num
1934 2944 2116 3003 potest
2161 2933 2214 2987 in

627 3039 877 3086 ventrem
917 3030 1109 3085 matris
1164 3043 1278 3085 sua:
1319 3028 1518 3084 iterum
1555 3023 1815 3094 introire,
1842 3041 1907 3083 ac
1956 3025 2216 3081 renasci?

626 3124 931 3196 Respondit
958 3122 1118 3180 Jesus
1150 3138 1164 3175 :
1199 3124 1398 3187 Amen,
1432 3136 1592 3177 amen
1628 3120 1751 3178 dico
1792 3121 1912 3188 tibi,
1946 3119 2052 3175 nisi
2089 3102 2215 3189 quis

626 3232 850 3275 renatus
875 3217 1038 3274 fuerit
1060 3233 1125 3274 ex
1161 3232 1299 3287 aqua
1322 3226 1376 3271 et
1405 3215 1639 3285 Spiritu,
1674 3228 1781 3270 non
1805 3224 1988 3285 potest
2010 3214 2216 3268 intrare

622 3315 680 3370 lu
716 3328 943 3383 regnum
1001 3312 1118 3367 Dei.
1159 3329 1178 3364 ι
1219 3309 1465 3365 Audiens
1514 3308 1846 3364 Nicodcmus
1906 3307 2213 3362 doctrinam

621 3406 746 3477 plus
791 3420 957 3475 quam
990 3404 1315 3470 humanam,
1355 3403 1644 3471 stupescit,
1672 3411 1726 3457 ct
1775 3416 1971 3471 passus
2018 3401 2218 3455 huma-

623 3514 752 3554 num
777 3496 1035 3565 quiddam
1074 3497 1397 3563 interrogat,
1422 3493 1711 3561 Quomodo
1741 3493 1955 3563 petest?
1987 3491 2039 3549 ld
2067 3493 2212 3563 quod

623 3587 1027 3645 mcrednlitatis
1062 3595 1149 3643 est
1167 3586 1404 3659 signum.
1437 3584 1538 3642 Ubi
1571 3585 1719 3641 enim
1768 3584 1903 3638 tides
1962 3598 2070 3637 non
2105 3591 2210 3647 est,

622 3680 790 3755 διο
826 3680 933 3735 illic
952 3680 1239 3749 quaeritur,
1258 3677 1553 3745 Quomodo
1583 3674 1719 3733 hoc?
1736 3684 1791 3731 et
1813 3716 1829 3741 ,
1864 3674 2046 3743 Quare
2071 3673 2218 3730 hoc?

620 3775 920 3845 Propterea
956 3773 1188 3829 ridicula
1214 3770 1494 3828 Nicodemi
1526 3770 1688 3826 verba
1716 3780 2005 3840 apparent.
2028 3766 2213 3838 Neque

620 3869 765 3926 enim
801 3868 1067 3925 intellexit
1115 3866 1456 3938 spiritualem
1494 3865 1864 3927 nativitatem,
1907 3864 2001 3919 sed
2064 3878 2214 3916 men-

622 3965 826 4017 tionem
882 3960 1188 4031 corporalis
1253 3960 1463 4014 ventris
1516 3959 1665 4014 facit.
1711 3956 2007 4028 Postquam
2062 3956 2209 4012 enim

620 4056 855 4117 audivit,
898 4073 918 4106 σ
951 4054 1061 4109 Nisi
1097 4054 1225 4123 quis
1269 4052 1504 4118 ἀνωθεν,
1554 4070 1572 4103 ι
1627 4065 1657 4107 e
1707 4050 1985 4120 supernis,
2044 4048 2210 4103 fuerit

620 4158 808 4213 natus,
864 4147 1219 4203 existimatur
1266 4145 1480 4201 ἀνωθεν
1530 4146 1598 4200 ab
1656 4144 1838 4208 initio,
1894 4154 1952 4198 et
2002 4145 2210 4204 denuo,

619 4249 785 4309 atque
835 4240 945 4295 tale
979 4238 1258 4309 quippiam
1291 4236 1436 4293 dici:
1491 4236 1607 4293 Nisi
1644 4238 1769 4308 quis
1812 4238 1883 4292 ab
1954 4234 2115 4291 initio
2159 4243 2215 4289 et

619 4337 798 4391 denuo
833 4341 1093 4388 nascatur
1124 4350 1137 4385 :
1169 4339 1225 4388 et
1254 4340 1541 4402 prepterea
1588 4330 1720 4387 dicit
1753 4348 1768 4385 :
1795 4330 2082 4399 Quomodo
2111 4348 2211 4403 po-

2241 3086 2288 3150 ο

2330 1833 2613 1904 βασιλείας
2643 1836 2787 1888 ἐστέ.
2837 1833 2900 1887 Ἦ
2930 1833 3039 1904 γὰρ
3076 1833 3167 1887 διά
3200 1831 3296 1886 τοῦ
3355 1830 3743 1904 βαπτίσματος
3800 1827 3926 1896 γένο

2327 1944 2481 1997 νησις
2543 1926 2828 1998 φωτισμὸν
2862 1927 3167 1995 ἐμποιοῦσα
3204 1928 3271 1995 τῇ
3308 1923 3475 1995 ψυχῇ,
3518 1922 3619 1993 τὴν
3649 1920 3751 1973 τοῦ
3782 1915 3922 1971 Θεοῦ

2328 2021 2628 2093 βασιλείαν,
2662 2022 2782 2092 ἦτοι
2831 2021 2926 2074 τὸν
2986 2020 3257 2089 μονογενῆ
3310 2018 3440 2071 Υἰον
3466 2016 3637 2072 αὑτοῦ
3676 2013 3923 2085 βλέπειν,

2324 2115 2595 2174 τουτέστι,
2629 2115 2794 2175 νοεῖν,
2830 2112 3071 2167 δίδωσιν.
3112 2112 3327 2181 Ὥσπερ
3356 2111 3465 2181 γὰρ
3495 2108 3637 2163 Θεοῦ
3673 2106 3841 2176 σοφία
3894 2107 3919 2160 ό

2324 2204 2472 2268 νεὸς,
2508 2204 2652 2258 οὕτω
2681 2204 2746 2275 δὴ
2778 2205 2872 2257 καὶ
2902 2203 3154 2273 βασιλεία
3186 2202 3324 2256 Θεοῦ
3361 2202 3525 2263 αὐτὸς
3564 2200 3635 2254 ἂν
3684 2199 3920 2267 λέγοιτο.

2322 2294 2542 2366 Ταύτην
2575 2296 2631 2349 δὲ
2668 2296 2776 2368 τὴν,
2803 2295 3085 2366 βασιλείαν
3118 2296 3219 2349 οὐκ
3251 2294 3319 2348 ἂν
3350 2294 3451 2347 ἴδοι
3483 2311 3590 2357 τις,
3650 2293 3920 2359 τουτέστι,

2322 2390 2528 2459 νοήσοι,
2557 2380 2602 2442 ὧ
2629 2388 2939 2458 Νικόδημε,
2975 2390 3025 2441 εἱ
3059 2388 3135 2459 μὴ
3187 2386 3429 2457 γεννηθῇ
3484 2386 3551 2439 ὲκ
3603 2384 3707 2438 τοῦ
3757 2384 3917 2441 Θεοῦ.

2323 2485 2489 2538 Ὥστε
2525 2484 2618 2537 καὶ
2650 2483 2738 2549 σὺ,
2770 2484 2896 2536 ἐπεὶ
2966 2483 3067 2537 οὐκ
3106 2481 3407 2553 ἐγεννήθης
3454 2480 3613 2534 οῦπω
3664 2497 3919 2549 πνευμα-

2320 2573 2511 2638 τικῶς,
2542 2575 2630 2629 διά
2648 2574 2805 2628 τοῦτο
2837 2575 2898 2628 οὐ
2932 2574 3156 2646 βλέπεις
3192 2575 3315 2645 ἐμὲ,
3351 2573 3449 2643 τὴν
3484 2573 3777 2643 βασιλείαν
3824 2571 3917 2625 τοῦ

2321 2664 2481 2730 Θεοῦ,
2527 2664 2671 2719 καθά
2714 2665 2817 2731 δεῖ,
2872 2664 3010 2719 ἁλλά
3058 2664 3322 2736 ταπεινὴν
3375 2662 3532 2729 δόξαν
3579 2662 3732 2734 ἔχεις
3792 2663 3919 2734 περὶ

2319 2758 2480 2831 ἐμοῦ.

2400 2875 2419 2907 ‹
2472 2854 2637 2924 Λέγει
2690 2854 2829 2927 πρὸς
2877 2853 3041 2908 αὐτὸν
3079 2855 3107 2907 ὀ
3167 2851 3493 2924 Νικόδημος,
3531 2851 3661 2916 Πῶς
3689 2849 3918 2906 δύναται

2320 2948 2613 3023 ἄνθρωπος
2648 2948 3002 3021 γεννηθῆναι,
3059 2947 3241 3018 γέρων
3272 2946 3382 3011 ῶν;
3419 2947 3511 3017 Μὴ
3540 2945 3779 2999 δύναται
3834 2944 3914 3008 είς

2318 3047 2417 3119 τὴν
2447 3046 2656 3100 κοιλίαν
2711 3046 2812 3114 τῆς
2846 3043 3053 3114 μητρὸς
3106 3041 3278 3096 αὑτοῦ
3312 3040 3572 3112 δεύτερον
3618 3038 3916 3102 εἰσελθεῖν,

2321 3141 2419 3195 καὶ
2449 3140 2819 3209 γεννηθῆναι;
2873 3137 3180 3208 Ἀπεκρίθη
3232 3132 3444 3206 Ἰησοῦς
3471 3150 3484 3165 ⁸
3533 3133 3738 3205 ’Δμὴν,
3772 3132 3917 3204 ἀμην

2334 3230 2482 3301 λέγω
2504 3248 2610 3295 σοι,
2650 3230 2746 3283 ὲάν
2780 3229 2946 3300 μήτις
2986 3227 3223 3298 γεννηθῇ
3266 3226 3326 3291 ἐξ
3379 3226 3574 3289 ὓδατος
3612 3229 3709 3278 καὶ
3747 3223 3917 3283 Πνεῦ-

2323 3342 2515 3397 ματος,
2547 3324 2609 3378 οὐ
2628 3323 2856 3377 δύναται
2893 3322 2975 3384 είς
3004 3322 3102 3391 τὴν
3140 3318 3421 3390 βασιλείαν
3444 3317 3539 3397 τοῦ
3571 3316 3715 3381 Θεοῦ
3747 3316 3919 3380 είσελο

2319 3412 2454 3470 θεῖν.
2485 3434 2505 3468 ι
2544 3413 2793 3470 Ἀκούων
2828 3415 2856 3467 ό
2891 3412 3204 3481 Νικόδημος
3241 3409 3416 3481 μείζω
3453 3407 3817 3480 ἀνθρωπίνης
3852 3406 3919 3461 δι-

2316 3506 2637 3573 δασκαλίας,
2664 3505 3050 3575 ἐκπλήττεται,
3081 3503 3178 3557 καὶ⁵
3205 3501 3397 3556 παθὼν
3417 3499 3774 3571 ἀνθρώπινον
3804 3497 3911 3552 πά-

2318 3599 2433 3665 θος,
2462 3598 2675 3669 ἐρωτᾷ·
2715 3616 2733 3648 ι
2766 3594 2894 3658 Πῶς
2942 3592 3207 3661 δύναται;
3238 3612 3257 3644 ι
3299 3593 3438 3663 ὅπερ
3480 3591 3755 3654 ἀπιστίας
3804 3588 3918 3644 ἐστὶ

2319 3690 2572 3759 σημεῖον.
2602 3689 2778 3744 Ὅπου
2806 3687 2915 3757 γάρ
2942 3686 3126 3749 πίστις
3150 3686 3252 3739 οὐκ
3297 3684 3469 3748 ἐστιν,
3516 3686 3635 3736 ἐκεῖ
3666 3684 3747 3747 τδ,
3798 3681 3917 3746 Πῶς

2318 3783 2463 3848 τὶδε;
2496 3782 2609 3847 καὶ,
2644 3781 2742 3835 Διά
2765 3780 2816 3833 τί
2847 3780 2966 3834 τόδε
2990 3798 3003 3847 ;
3030 3779 3121 3833 Διὸ
3151 3780 3245 3832 καὶ
3280 3777 3676 3845 καταγέλαστα
3715 3776 3789 3828 τὰ
3824 3772 3916 3843 τοῦ

2316 3874 2636 3945 Νικοδήμου
2700 3876 2925 3945 ῥήματα
2979 3873 3289 3942 φαίνονται.
3353 3871 3428 3924 Οὐ
3490 3868 3605 3940 γὰρ
3660 3868 3916 3937 ἐνενόησε

2318 3968 2576 4036 γέννησιν
2627 3964 3036 4037 πνευματικὴν,
3095 3963 3233 4017 ἀλλά
3294 3962 3535 4033 γαστρὸς
3588 3964 3917 4032 σωματικῆς

2318 4062 2617 4133 μέμνηται.
2655 4059 2808 4115 Ἐπεὶ
2832 4058 2940 4131 γὰρ
2972 4059 3173 4131 ἤκουσε
3202 4055 3285 4120 τὸ,
3319 4075 3339 4108 ι
3398 4056 3524 4109 Ἐὰν
3556 4054 3631 4125 μή
3669 4072 3756 4117 τις
3799 4070 3917 4121 γεν-

2315 4152 2455 4224 νηθῇ
2483 4152 2713 4216 ἄνωθεν,
2752 4170 2772 4204 ι
2807 4151 3026 4221 ἐνόμισε
3050 4150 3110 4203 τὸ
3145 4149 3382 4203 ἄνωθεν
3430 4146 3578 4199 οῦτω
3623 4145 3913 4213 λέγεσθαι,

2316 4246 2441 4298 ἀντὶ
2466 4245 2587 4304 τοῦ,
2632 4244 2691 4310 ὲξ
2741 4244 2944 4313 ἀρχῆς,
2999 4243 3066 4295 ἐκ
3108 4241 3367 4311 δευτέρου
3400 4256 3415 4270 ⁸
3464 4239 3608 4293 ὥστε
3670 4237 3817 4294 εἶναι
3860 4241 3916 4294 τὺ

2317 4337 2613 4407 λεγόμενον
2643 4337 2883 4389 τοιοῦτον
2906 4350 2923 4368 ο
2962 4335 3088 4388 Ἐἀν
3123 4335 3197 4406 μή
3234 4350 3320 4397 τις
3342 4333 3580 4405 γεννηθῇ
3636 4333 3699 4400 ἐξ
3743 4334 3916 4404 ἀρχῆς

617 4437 723 4485 test
758 4429 804 4483 is
834 4428 924 4498 qui
963 4442 1127 4482 senex
1159 4435 1265 4488 est,
1291 4428 1471 4480 denuo
1498 4425 1704 4481 intrare
1747 4428 1800 4480 in
1833 4421 2048 4481 uterum
2087 4442 2207 4481 ma-.

2321 4429 2411 4484 καὶ
2443 4430 2508 4482 ἐκ
2536 4428 2816 4501 δευτέρου.
2861 4426 2960 4480 Διά
3002 4426 3162 4481 τοῦτο
3191 4422 3287 4480 οὖν
3334 4442 3493 4496 φησι,
3523 4424 3653 4489 Πῶς
3690 4426 3915 4481 δύναται

621 4522 720 4576 tris
752 4520 906 4575 suae?
932 4519 1064 4573 Nam
1102 4520 1209 4573 duo
1240 4519 1389 4572 illum
1414 4517 1691 4572 taciebant
1719 4519 2061 4589 perplexum,
2105 4535 2203 4573 na-

621 4614 808 4668 tivitas
837 4612 1048 4667 scilicet
1077 4610 1402 4679 spiritualis,
1436 4620 1489 4666 et
1512 4624 1762 4681 regnum.
1815 4613 2007 4682 Neque
2056 4615 2201 4669 enim

616 4720 814 4760 nomen
849 4703 997 4773 regni
1031 4703 1293 4758 ccelorum
1327 4701 1572 4757 auditum
1600 4702 2035 4774 erataliquando
2067 4706 2206 4774 apud

616 4795 856 4851 Judreos.
887 4794 1043 4848 Nunc
1068 4793 1235 4863 igitur
1258 4794 1325 4849 de
1358 4794 1643 4850 nativitate
1663 4795 1898 4861 dubitat,
1922 4807 2205 4865 propterea

618 4900 673 4945 et
720 4890 975 4945 Christus
1034 4889 1082 4943 ei
1133 4888 1482 4945 manifestius
1536 4890 1842 4959 spiritualis
1905 4891 2207 4945 nativitatis

618 4982 838 5037 modum
869 4979 1073 5035 revelat
1108 4999 1119 5035 :
1162 4998 1179 5031 ι
1230 4978 1347 5036 Nisi
1396 4982 1521 5047 quis
1560 4992 1843 5051 nascatur,
1894 4984 2104 5049 dicens,
2137 5000 2203 5039 ex

619 5091 761 5145 aqua
792 5086 846 5131 et
876 5074 1107 5144 Spiritn.
1144 5091 1164 5125 ι
1205 5071 1379 5127 Homo
1409 5090 1530 5129 cum
1563 5090 1627 5130 cx
1653 5075 1863 5131 duobus
1887 5084 2121 5138 constet,
2142 5092 2207 5132 ex

620 5184 855 5240 corpore
894 5179 947 5222 et
982 5170 1190 5235 anima,
1232 5167 1401 5225 habet
1428 5170 1735 5225 nativitatis
1766 5186 1987 5240 quoque
2029 5171 2208 5241 dupli-

620 5278 741 5319 cem
778 5262 1023 5317 modum.
1068 5265 1219 5333 Aqua
1259 5263 1405 5318 enim
1462 5267 1505 5318 si
1536 5264 1826 5320 visibiliter
1876 5267 2203 5337 accipiatur,

623 5357 688 5412 ad
725 5356 973 5423 corporis
995 5358 1229 5426 pertinet
1269 5356 1746 5425 puriﬁcationem;
1786 5357 2030 5429 Spiritus
2080 5374 2208 5415 vero

624 5448 972 5504 invisibiliter
1002 5463 1362 5517 concurrens,
1386 5452 1452 5506 ad
1476 5451 1766 5508 invisibilis
1814 5455 2010 5509 animae
2044 5469 2202 5524 rege-

625 5543 959 5597 nerationem
987 5542 1244 5613 pertinet.
1275 5544 1428 5609 Quod
1460 5545 1503 5600 si
1529 5560 1711 5617 rogas,
1734 5548 2008 5617 quomodo
2068 5564 2207 5619 aqua

626 5640 801 5703 potest
823 5635 1481 5709 generare?interrogabo
1503 5646 1557 5693 et
1578 5653 1699 5711 ego,
1722 5643 1995 5711 quomodo
2018 5656 2204 5697 semen

626 5739 679 5783 et
715 5728 889 5800 ipsum
950 5742 1212 5800 aquosam
1238 5730 1531 5801 exsistens,
1580 5741 1757 5805 potest
1810 5735 1862 5792 in
1927 5736 2204 5794 hominem

2312 4524 2493 4595 γέρων
2513 4521 2588 4577 ὣν
2617 4522 2870 4593 δεύτερον
2894 4519 3161 4574 είτελθεῖν
3194 4520 3277 4582 είς
3306 4519 3405 4590 τὴν
3428 4518 3645 4573 κοιλίαν
3680 4519 3790 4589 τῆς
3819 4536 3913 4590 μη-

2310 4617 2438 4688 τρὸς
2459 4615 2658 4681 uibrat");
2693 4615 2799 4668 Δύο
2832 4615 2944 4685 γὰρ
2972 4609 3116 4685 ἦσαν
3156 4611 3224 4666 τὰ
3267 4611 3529 4667 ποιοῦντα
3562 4613 3738 4667 αὑτὸν
3786 4616 3914 4668 am

2318 4712 2452 4781 ρεῖν,
2490 4710 2524 4780 ἥ
2560 4726 2619 4761 τε
2654 4709 2909 4780 γέννησις
2953 4709 2985 4779 ἡ
3040 4706 3416 4779 πνευματικὴ,
3450 4708 3485 4779 ἦ
3518 4717 3579 4761 τε
3632 4708 3909 4777 βασιλεία.

2314 4802 2450 4855 Οὐδὲ
2485 4803 2593 4873 γὰρ
2623 4802 2797 4870 ὄνομα
2830 4800 3115 4871 βασιλείας
3173 4800 3423 4871 οὐρανῶν
3476 4800 3735 4869 ἠκούσθη
3787 4800 3915 4854 ποτὲ

2314 4895 2467 4965 παρά
2510 4894 2662 4949 ’ἰουδι
2691 4896 2807 4957 ίοις.
2839 4895 2992 4957 Τέως
3028 4894 3073 4947 δ’
3116 4888 3210 4947 οῦν
3252 4894 3384 4965 περὶ
3440 4892 3540 4961 τῆς
3596 4894 3915 4963 γεννήσεως

2313 4989 2530 5059 ἀπορεῖ,
2578 4988 2659 5043 διὸ
2716 4989 2811 5042 καὶ
2844 4987 2873 5039 ὀ
2935 4986 3176 5057 Χριστος
3214 4985 3555 5058 σαφέστερον
3620 4989 3774 5059 αὖτῴ
3828 4988 3913 5041 τὸν

2309 5081 2409 5151 τῆς
2446 5082 2759 5151 γεννήσεως
2799 5080 2904 5151 τῆς
2940 5082 3328 5150 πνευματικῆς
3359 5080 3570 5151 τρόπον
3624 5082 3910 5135 ἀποκαλῦο

2311 5192 2458 5238 πτει,
2494 5193 2513 5225 ι
2540 5174 2665 5229 Ἐἀν
2696 5176 2773 5245 μή
2814 5191 2901 5235 τις
2931 5174 3169 5245 γεννηθῇ
3208 5174 3269 5239 ἑξ
3300 5173 3518 5239 ὓδατος,
3577 5175 3779 5243 λέγων,
3822 5178 3911 5230 καὶ

2311 5269 2652 5339 Πνεῦματος.
2689 5287 2706 5319 ι
2744 5266 2977 5333 Διπλοῦς
3005 5270 3116 5339 γάρ
3142 5266 3219 5320 ὢν
3244 5268 3275 5320 ὁ
3296 5267 3611 5339 ἄνθρωπος,
3643 5270 3712 5322 ἐκ
3731 5267 3909 5339 ψυχῆς

2312 5364 2405 5418 καὶ
2453 5363 2728 5432 σώματος,
2764 5360 2992 5441 διπλοῦν
3028 5361 3141 5433 ἔχει
3185 5362 3279 5416 καὶ
3313 5360 3408 5415 τὸν
3448 5362 3549 5431 τῆς
3594 5364 3908 5432 γεννήσεως

2314 5456 2533 5525 τρόπον.
2569 5454 2646 5507 Τὸ
2675 5455 2774 5524 μὲν
2800 5456 2911 5525 γὰρ
2934 5452 3082 5525 ὕδωρ
3118 5453 3332 5525 ὁρατῶς
3353 5452 3803 5525 λαμϐανόμενον,
3832 5455 3907 5518 εἰς

2311 5548 2410 5621 τὴν
2440 5548 2535 5603 τοῦ
2575 5549 2830 5621 σώματος
2867 5548 3140 5618 κάθαρσιν
3173 5550 3419 5602 νοεῖται·
3460 5546 3521 5601 es
3569 5547 3625 5602 δὲ
3678 5546 3902 5617 Πνεῦμα

2315 5643 2567 5713 ἀοράτως
2609 5642 2924 5713 συντρέχον,
2981 5645 3062 5707 είς
3117 5642 3218 5713 τὴν
3257 5643 3357 5713 τῆς
3416 5638 3659 5713 ἀοράτου
3728 5641 3903 5712 ψυχῆς

2311 5736 2696 5810 ἀναγέννησιν.
2744 5738 2806 5790 ΕΞ
2835 5736 2890 5791 δὲ
2923 5737 3135 5808 ἐρωτᾷς
3166 5754 3178 5770 ι
3229 5735 3350 5800 Πῶς
3394 5736 3455 5790 τὸ
3491 5735 3637 5807 ὕδωρ
3681 5737 3894 5791 δύναται
