4078 6330
176 291 320 359 1205

862 287 1314 352 ENARRATIO
1357 286 1438 348 IN
1470 284 1981 347 EVANGELIUM
2032 279 2378 346 JOANNIS.
2406 304 2476 316 ·-
2501 277 2662 341 CAP.
2707 275 2822 338 llI.

3353 270 3491 338 1206

173 411 462 480 γεννῆσαι,
515 409 783 481 ἐρωτήσω
827 407 1023 477 κάγώ’
1057 407 1184 472 Πῶς
1237 407 1300 460 τὸ
1351 405 1601 477 σπέρμα,
1654 406 1779 459 ὑδα-

1915 400 2312 460 ranslormari?
2340 402 2514 472 igitur
2543 399 2690 455 sicut
2746 398 2798 452 in
2825 392 3103 466 corporali
3153 391 3366 450 semine
3413 404 3494 449 to-

174 501 348 564 τιῖιδςς
387 499 450 555 δν
487 501 582 552 καὶ
621 499 779 564 αὐτὸ,
816 499 1046 554 δύναται
1080 500 1161 571 είς
1201 497 1494 571 ἄνθρωπον
1547 498 1779 552 διαπλα-

179 591 410 665 σθῆναις
445 591 662 664 Ὥσπερ
696 591 790 647 οὖν
819 593 912 646 ἐπὶ
939 592 1035 646 τοῦ
1061 591 1393 662 σωματικοῦ·
1429 590 1773 661 σπέρματος,

180 687 245 739 τὸ
275 687 402 748 πᾶν,
433 686 535 756 τῆς
564 685 659 739 τοῦ
705 685 844 740 Θεοῦ
877 688 1105 759 χάριτός
1151 687 1305 740 ἐστιν
1338 703 1351 719 ·
1386 685 1532 740 οὕτω
1569 685 1665 740 καὶ
1688 686 1783 740 ἐπὶ

177 779 277 832 τοῦ
305 762 707 850 βαπτίσματος,
734 778 883 851 ὕδωρ
915 780 1226 834 ὑπόκειται.
1274 779 1432 834 Ἀλλὰ
1463 779 1524 834 τὸ
1555 779 1784 850 Πνεῦμα

179 871 252 923 τὰ
285 873 465 925 παντα
495 873 734 943 ἐνεργεῖ,
772 874 866 926 καὶ
892 874 925 942 ἡ
986 873 1076 926 διὰ
1103 873 1213 928 τῶν
1247 873 1424 945 εὐχῶν
1468 873 1779 946 ἐπίκλησις,

179 961 282 1014 τοῦ
313 963 447 1016 Θεοῦ
483 963 540 1016 δὲ
577 963 782 1032 μᾶλλον
818 964 1121 1034 παρουσία.
1147 964 1341 1034 Ταφῆς
1366 963 1478 1034 γάρ
1505 964 1601 1020 καὶ
1650 963 1781 1017 ἀνα-

183 1059 431 1117 στάσεως
478 1055 726 1125 σύμϐολα
756 1057 852 1108 καὶ
883 1054 1051 1108 εἰκὼν
1098 1056 1159 1108 ὲν
1193 1055 1273 1122 τῷ
1299 1055 1454 1109 ὕδατι
1481 1053 1661 1126 τούτῳ
1688 1071 1780 1107 τεο

157 1146 386 1202 ·>.εῖται.
415 1149 480 1200 Al
523 1148 674 1217 τρεῖς
719 1133 1071 1211 καταδύσεις,
1101 1148 1202 1216 τῆς
1248 1147 1555 1220 τριημέρου
1600 1148 1782 1218 ταφῆς

1888 506 1999 551 tum
2030 505 2115 552 est
2141 496 2334 566 gratiae
2364 494 2585 559 divinae,
2624 491 2696 545 ita
2732 497 2788 545 ct
2839 487 2896 542 in
2963 486 3296 557 baptismate
3353 499 3496 556 aqua

1887 590 2108 647 siibdita
2138 598 2244 657 est,
2277 599 2328 644 et
2358 587 2600 659 Spiritus
2617 587 2801 640 omnia
2832 589 3114 651 operatur,
3138 592 3192 635 et
3224 577 3498 635 invocatio

1889 701 1986 757 per
2026 700 2238 756 preces,
2276 683 2389 738 imo
2429 680 2520 736 Dei
2570 676 2882 749 praesentia.
2927 673 3186 747 Symbola
3223 675 3370 728 enim
3409 686 3498 728 se-

1891 779 2125 848 pultura:
2157 786 2211 832 et
2247 773 2667 832 resurrectionis
2697 775 2750 827 itt
2784 786 2922 839 aqua
2963 769 3053 825 illa
3109 767 3496 839 perﬁciuntur.

1893 871 2031 927 Tres
2057 871 2358 926 mersiones
2387 869 2656 923 triduanze
2681 867 2977 934 sepultura:
3017 861 3266 935 symbola
3327 872 3497 915 sunt:

1893 964 2092 1019 deinde
2123 963 2358 1032 emergit
2399 942 2587 1027 homo,
2644 960 2789 1015 sicut
2817 957 3106 1019 Dominus,
3163 953 3421 1026 fulgidior
3445 963 3498 1009 et

1894 1055 2117 1121 clarior,
2177 1053 2613 1124 incorruptionis
2670 1051 2854 1107 ferens
2905 1048 3250 1114 indumenta,
3289 1047 3382 1118 qui
3448 1047 3500 1100 in

1893 1162 2032 1218 aqua
2070 1145 2476 1215 corruptionem
2509 1142 2851 1200 summersit.
3107 1130 3109 1132 ’

185 1243 434 1308 σύμβολα
464 1259 477 1273 ·
502 1238 624 1296 εἶτα
649 1242 904 1298 ἀναδύνει
937 1245 965 1297 6
994 1243 1285 1314 ἄνθρωπος
1315 1243 1513 1314 ὥσπερ
1537 1245 1564 1297 6
1636 1243 1869 1315 Κύριος,
1906 1243 2300 1315 λαμπρότερον
2349 1241 2448 1296 καὶ
2491 1239 2854 1312 φαιδρότερον
2925 1237 2990 1291 τὸ
3034 1239 3134 1310 τῆς
3187 1234 3506 1310 ἀφθαρσίας

184 1337 398 1408 ἔνδυμα
431 1337 638 1410 φορῶν,
669 1339 765 1391 καὶ
812 1338 912 1408 τὴν
959 1337 1171 1408 φθορὰν
1214 1337 1660 1407 ἐγκαταὸυθίσας
1713 1339 1792 1410 τῷ
1822 1338 2000 1394 ὕδατι.

266 1447 285 1481 ι
315 1429 389 1483 Τὸ
415 1431 819 1502 γεγεννημένον
843 1434 907 1484 ὲκ
929 1435 1030 1504 τῆς
1067 1434 1295 1504 σαρκὸς,
1329 1434 1470 1506 σάρξ
1497 1435 1616 1486 ἔστι
1651 1450 1666 1464 ο
1692 1435 1790 1487 καὶ

182 1523 250 1575 τὸ
281 1523 683 1595 γεγεννημένον
733 1527 799 1578 ἐκ
849 1525 946 1578 τοῦ
967 1526 1314 1596 Πνεῦματος,
1362 1527 1590 1596 πνεῦμά
1639 1529 1781 1581 ἐστι.

1974 1432 2141 1489 Vens.
2171 1433 2293 1488 6-8.
2332 1451 2351 1485 ι
2380 1431 2535 1499 Quod
2579 1439 2767 1486 natum
2799 1439 2885 1487 est
2915 1429 2968 1484 in
2996 1440 3185 1491 carne,
3219 1442 3350 1483 caro
3372 1434 3457 1483 est
3487 1444 3504 1482 :

1901 1539 1954 1584 et
1990 1531 2133 1599 quod
2162 1537 2348 1582 natum
2383 1537 2461 1581 est
2488 1541 2554 1581 ex
2581 1524 2816 1595 Spiritu,
2847 1523 3075 1595 spiritus
3098 1532 3202 1579 est.
3221 1518 3301 1575 Ne
3330 1520 3508 1576 admi-

185 1617 282 1687 Μὴ
311 1617 623 1689 θαυμάσῃς,
669 1619 753 1672 ὅτι
807 1613 963 1671 εἶπόν
1013 1636 1118 1687 σοι,
1161 1621 1244 1674 ὄτι
1274 1621 1357 1675 δεῖ
1407 1621 1553 1693 ὑμᾶς
1593 1638 1791 1693 γεννη-

1915 1624 2040 1677 reris
2100 1621 2245 1693 quod
2287 1621 2426 1684 dixi,
2485 1619 2715 1686 Oportet
2769 1626 2868 1672 vos
2933 1614 3084 1671 nasci
3136 1629 3169 1670 e
3228 1613 3505 1682 supernis.

187 1708 356 1780 θῆναι
383 1710 612 1765 ἀνωθεν.
649 1711 724 1766 T6
752 1712 974 1783 πνεῦμα
1003 1713 1141 1768 ὅπου
1173 1714 1342 1774 θέλει.
1380 1718 1529 1779 πνεῖ,
1569 1717 1666 1769 καὶ
1691 1715 1792 1788 τὴν

187 1804 381 1874 φωνὴν
409 1804 575 1858 αὐτοῦ
611 1805 857 1872 ἀκούεις,
888 1807 1006 1860 ἀλλ’
1036 1807 1137 1860 οὐκ
1161 1803 1312 1871 οἶδας
1344 1808 1514 1862 πόθεν
1543 1807 1788 1879 ἔρχεται,

189 1894 292 1947 καὶ
334 1892 436 1947 ποῦ
464 1894 694 1964 ὑπάγει.
726 1895 915 1959 Οὕτως
949 1897 1067 1949 ἐστὶ
1099 1899 1207 1959 πᾶς
1236 1898 1265 1950 6
1298 1898 1698 1967 γεγεννημένος
1729 1899 1794 1951 ὲκ

188 1987 291 2041 τοῦ
328 1987 666 2059 Πνεῦματος.
693 2008 722 2042 ,ι
783 1989 1041 2057 Ἀπάγων
1066 1989 1159 2044 τὸν
1185 1991 1503 2061 Νικόδημον
1533 1992 1562 2045 6
1591 1991 1795 2062 Κύριος

190 2081 308 2134 ἀπὸ
345 2081 443 2151 τῆς
487 2082 759 2152 σαρκικῆς
787 2083 1121 2152 γεννήσεως,
1158 2082 1293 2154 φησι
1325 2100 1338 2114 ·
1376 2102 1392 2134 ι
1433 2084 1508 2137 T6
1533 2101 1798 2154 γεγεννηη

195 2174 362 2245 μένον
391 2175 456 2228 ἐκ
477 2174 575 2245 τῆς
599 2175 822 2246 σαρκὸς,
857 2175 997 2245 σάρξ
1023 2177 1142 2229 ἐστι
1170 2190 1182 2205 ’
1213 2177 1275 2229 τὸ
1301 2177 1359 2231 δὲ
1392 2178 1797 2250 γεγεννημένον

189 2270 262 2322 ἐκ
286 2267 380 2322 τοῦ
405 2267 742 2340 Πηύματος,
770 2269 989 2340 πνεῦμα
1017 2291 1035 2323 ι
1077 2288 1089 2300 ·
1111 2270 1383 2334 τουτέστι,
1422 2273 1799 2343 πνευματικός

190 2361 349 2412 ἐστιν
381 2359 410 2412 6
454 2359 744 2431 ἄνθρωπος
790 2362 818 2414 6
867 2364 1272 2434 γεγεννημένος
1321 2362 1411 2418 διὰ
1459 2365 1554 2418 τοῦ
1596 2363 1796 2435 βαπτίο

192 2467 448 2522 optimc“
497 2454 558 2506 1:6
608 2453 718 2524 γὰρ
771 2453 1017 2525 πνεῦμα,
1055 2456 1177 2510 ἀντὶ
1229 2455 1348 2522 τοῦ,
1400 2457 1799 2528 πνευματικὸς,

194 2551 443 2620 ὀφείλεις
470 2552 684 2623 νοῆσαι.
715 2553 790 2607 Ού
815 2553 926 2626 γὰρ
962 2553 1029 2625 δὴ
1059 2553 1289 2625 Πνεῦμα
1318 2553 1466 2608 θεῖον
1513 2555 1727 2623 γίνεται
1773 2554 1802 2607 6

205 2642 556 2715 βαπτισθεὶς,
605 2645 746 2701 ἀλλά
800 2647 900 2718 τὴν
953 2649 1012 2700 ἐν
1053 2647 1336 2723 ῌνεύματι
1379 2647 1661 2702 υἱοθεσίαν
1709 2649 1804 2702 καὶ

195 2735 366 2807 χάριν
389 2737 481 2792 καὶ
505 2739 672 2808 τιμὴν
701 2738 904 2806 λαϐὼν,
936 2738 1031 2795 τοῦ
1069 2741 1445 2811 πνευματικὸς
1490 2737 1636 2798 εἶναι
1670 2759 1805 2797 κατ-

195 2829 475 2896 αξιυῦται,
521 2830 698 2903 Ὀρῶν
738 2833 796 2886 δὲ
839 2834 933 2889 τὸν
953 2828 1272 2906 Νικόδημον
1296 2835 1806 2909 έτιθορυδοῦμενον

195 2923 344 2993 φησί
375 2939 388 2954 '
433 2942 452 2976 ι
493 2925 585 2995 Μὴ
622 2925 932 3000 θαυμάσῃς,
982 2946 1001 2979 ι
1035 2923 1172 2982 Εῐτα
1201 2929 1309 2983 ἀπὸ
1329 2929 1595 3001 αἰσθητοῦ
1621 2950 1803 3004 παρα-

1901 1715 2140 1785 Spiritus
2175 1714 2263 1768 tibi
2304 1713 2415 1766 vult
2447 1713 2642 1781 spirat,
2673 1718 2730 1765 et
2782 1723 2971 1765 vocem
3013 1707 3134 1776 ejus
3180 1706 3360 1770 audis,
3415 1703 3510 1760 sed

1901 1808 2083 1864 nescis
2119 1807 2260 1861 unde
2291 1806 2496 1869 veniat,
2533 1814 2586 1859 et
2627 1817 2736 1873 quo
2765 1803 2952 1858 vadat.
2978 1800 3071 1856 Sic
3105 1807 3190 1856 est
3215 1798 3398 1853 omnis
3418 1797 3510 1866 qui

1902 1914 2062 1958 natus
2092 1911 2174 1957 est
2199 1917 2264 1956 ex
2301 1899 2534 1969 Spiritu.
2578 1917 2595 1950 ι
2634 1897 2935 1954 Abducens
2968 1895 3234 1951 Dominus
3274 1889 3516 1947 Nicode-

1903 2011 2050 2051 mum
2088 1994 2344 2050 acarnali
2377 1991 2690 2058 nativitate,
2723 1990 2897 2046 dicit:
2937 2008 2956 2043 ι
3001 1987 3161 2055 Quod
3195 1996 3383 2042 natum
3427 1991 3515 2040 est

1902 2104 1970 2144 ex
2004 2102 2192 2153 carne,
2219 2102 2348 2141 caro
2380 2093 2494 2152 est;
2545 2093 2601 2139 et
2635 2083 2782 2154 quod
2827 2091 3014 2138 natum
3057 2091 3143 2138 est
3171 2096 3237 2137 ex
3277 2079 3512 2149 Spiritu,

1903 2184 2128 2253 spiritus
2153 2194 2256 2237 est.
2289 2200 2307 2234 ι
2351 2177 2466 2234 [loc
2486 2189 2592 2247 est,
2624 2177 2925 2248 spiritualis
2957 2186 3042 2232 est
3072 2175 3262 2241 homo,
3289 2175 3383 2246 qui
3419 2189 3517 2229 na-

1904 2287 1993 2335 tus
2023 2288 2104 2334 est
2134 2292 2232 2347 per
2266 2275 2621 2347 baptismum.
2657 2273 2762 2330 Per
2815 2272 3073 2344 spiritum
3121 2271 3294 2338 enim,
3339 2268 3517 2340 spiri-

1908 2371 2108 2426 tualem
2137 2368 2446 2440 intelligere
2463 2370 2651 2424 delirs.
2688 2365 2873 2438 Neque
2917 2367 3066 2423 enim
3097 2362 3344 2434 Spiritus
3379 2363 3520 2419 dlvi-

1906 2481 2011 2521 nns
2054 2464 2114 2520 fit
2156 2463 2495 2535 baptizatus.
2526 2463 2624 2519 scd
2681 2477 2805 2518 cum
2855 2459 3208 2531 adoptionem
3280 2457 3517 2513 ﬁliorum

1909 2559 1962 2613 in
2003 2556 2242 2624 Spiritu,
2275 2567 2326 2610 et
2358 2557 2593 2628 gratiam
2621 2566 2677 2611 et
2711 2557 2981 2610 honorem
3015 2553 3352 2623 susceperit,
3405 2552 3518 2622 spi-

1909 2653 2126 2710 ritualis
2172 2667 2297 2708 esse
2347 2661 2613 2708 meretur.
2669 2648 2872 2706 Videtis
2910 2658 3096 2706 autem
3156 2646 3517 2704 Nicodemum

1909 2750 2089 2805 adhuc
2127 2745 2462 2818 perturbari,
2506 2746 2680 2801 dicit:
2745 2763 2764 2796 ι
2814 2744 2894 2800 Ne
2953 2742 3194 2799 mireris.
3244 2760 3264 2794 ι
3312 2741 3520 2796 Deinde

1910 2841 2152 2900 sensibili
2173 2840 2422 2911 exemplo
2439 2839 2639 2897 docere
2657 2855 2780 2895 eum
2803 2845 3006 2894 tentat:
3042 2855 3062 2889 ι
3090 2833 3330 2906 Spiritus
3348 2833 3493 2889 enim
3507 2873 3521 2896 ,

1915 2937 2115 3010 inquit,
2143 2937 2234 2994 ubi
2286 2936 2426 3003 vult,
2466 2935 2660 3006 spirat.
2701 2953 2720 2987 ι
2769 2934 2815 2988 Α
2861 2939 3048 2997 vento,
3105 2927 3308 3000 inquit,
3367 2928 3522 2983 disce

197 3016 501 3087 δείγματος
543 3021 808 3089 πειρᾶται
851 3021 1130 3076 διδάσκειν
1175 3023 1364 3078 αὐτόν.
1420 3044 1438 3076 ι
1474 3025 1548 3078 Τὸ
1581 3024 1802 3099 πνεῦμα

1915 3031 2147 3101 majora.
2201 3030 2406 3086 Ventus
2442 3030 2615 3093 enim,
2675 3042 2838 3098 quem
2899 3027 3001 3082 hoc
3076 3025 3200 3082 loco
3265 3024 3522 3095 spiritum

196 3109 341 3179 γὰρ,
363 3111 552 3180 φησιν,
583 3112 720 3166 ὅπου
755 3112 923 3178 θέλει,
958 3118 1106 3172 πνεῖ.
1148 3136 1166 3170 ι
1215 3117 1350 3171 Ἀπὸ
1385 3119 1616 3188 ἀνέμου,
1648 3122 1806 3190 φησὶ,

200 3205 450 3274 μάνθανε
501 3207 569 3261 τά
631 3209 875 3278 μείζονα.
919 3210 977 3265 ’0
1035 3213 1146 3284 γὰρ
1198 3215 1402 3285 ἄνεμος
1439 3215 1654 3286 (τοῦτον
1689 3215 1800 3286 γὰρ

199 3301 447 3356 ἐνταῦθά
475 3320 612 3371 φησι
644 3305 886 3376 πνεῦμα)
943 3308 1080 3362 ὅπου
1131 3308 1300 3371 θέλει,
1363 3313 1532 3363 πνεῖ·
1573 3311 1668 3363 καὶ
1716 3312 1812 3366 τὸν

193 3390 342 3464 ἦχον
373 3394 536 3447 αὐτοῦ
563 3395 805 3463 ἀκούεις,
838 3399 954 3452 ἀλλ’
981 3401 1132 3467 ὅμως
1173 3400 1275 3454 οὐκ
1316 3396 1463 3464 οἶδας
1503 3403 1603 3473 τὴν
1630 3402 1810 3473 φορὰν

199 3488 398 3542 αὐτοῦ.
442 3489 773 3555 ’Λκάθεκτος
831 3494 940 3564 γάρ
1005 3496 1148 3561 ἐστι,
1199 3496 1294 3550 καὶ
1364 3495 1811 3556 ἀκώλυτος..καὶ

198 3587 414 3653 φυσικῇ
443 3584 662 3655 ἐξουσίᾳ
695 3587 794 3656 τὴν
818 3587 1145 3658 ὁποιδήποτε
1173 3587 1355 3658 ὁρμὴν
1389 3587 1527 3658 ἔχει.
1587 3589 1661 3642 T6
1729 3589 1808 3650 δὲ.

206 3695 234 3731 ιι
271 3676 449 3730 Ὅπου
482 3677 630 3730 θέλει
673 3680 816 3743 πνεῖ,
865 3699 882 3731 ι
928 3682 1116 3749 φησιν,
1152 3681 1250 3750 οὐχ
1285 3681 1359 3744 ὡς
1411 3679 1809 3751 προαιρετικοῦ

195 3770 364 3833 ὄντος
388 3769 485 3823 τοῦ
509 3771 737 3840 ἀνέμου,
764 3771 858 3825 καὶ
878 3771 1096 3842 θέλησιν
1118 3772 1356 3843 ἔχοντος,
1387 3774 1504 3826 ἀλλ’
1550 3774 1624 3836 ὡς
1648 3775 1806 3844 ἔφην,

196 3863 314 3933 τὴν
344 3863 452 3916 ἀπὸ
477 3863 695 3932 φύσεως
727 3863 877 3935 αὐτῷ
902 3865 1218 3936 προσοῦσαν
1267 3867 1443 3936 φορὰν
1473 3869 1565 3920 καὶ
1595 3867 1811 3922 ἀκὼλυο

197 3974 303 4011 τον
328 3955 575 4020 ἐξουσίαν
609 3958 782 4025 δεῖξαι
812 3959 1161 4030 βουλόμενος.
1202 3962 1264 4013 Εἰ
1313 3958 1407 4014 οὗν
1441 3961 1533 4014 τὸν
1580 3961 1809 4032 ἄνεμον,

204 4048 374 4102 τοῦτο
403 4049 468 4120 δὴ
501 4051 564 4103 τὸ
613 4051 868 4121 αἰσθήσει
920 4053 1232 4106 ὑποπίπτον
1264 4053 1515 4123 πνεῦμα,
1569 4054 1810 4122 ἀγνοεῖς,

206 4141 336 4207 πῶς
370 4143 464 4197 καὶ
493 4143 597 4197 ποῦ
627 4146 772 4212 πνεῖ,
811 4143 929 4209 πῶς
957 4144 1058 4215 τὴν
1087 4145 1198 4200 ἀπὸ
1229 4146 1323 4199 τοῦ
1365 4146 1512 4201 θείου
1549 4147 1813 4217 Πνεύμαο

202 4250 305 4298 τος
330 4236 695 4305 ἀναγέννησιν
719 4239 1062 4311 περιεργάζῃ
1087 4257 1103 4304 ;
1131 4241 1195 4293 Ei
1226 4241 1387 4293 τοῦτο
1407 4240 1466 4294 τὸ
1497 4241 1719 4309 πνεῦμα
1750 4241 1811 4294 ού

202 4328 439 4384 δύναται
480 4331 912 4402 κατασχεθῆναι,
969 4333 1154 4406 πολλῷ
1193 4336 1398 4404 μᾶλλον
1431 4337 1462 4405 ἡ
1524 4336 1619 4389 τοῦ
1653 4336 1811 4405 ἁγίου

205 4421 536 4492 Πνεῦματος
569 4424 756 4496 χάρις,
795 4428 984 4497 νόμοις
1032 4429 1252 4496 φύσεως
1284 4431 1382 4499 οὐχ
1441 4430 1812 4500 ὑπενεχθήσε-

203 4533 326 4573 ται.
390 4518 743 4589 Δίσχυνέσθω
809 4522 1150 4587 Μακεδόνως
1216 4525 1245 4576 6
1323 4525 1815 4594 Ιῖνευματομάχος,

203 4611 313 4664 καὶ
349 4611 453 4681 πρὸ
498 4610 692 4665 τούτου
726 4612 992 4683 Εὑνόμιος
1019 4631 1033 4645 ·
1079 4615 1108 4669 6
1167 4615 1267 4687 μὲν
1318 4617 1506 4670 δοῦλον
1551 4615 1724 4669 ποιῶν
1755 4616 1816 4669 τὸ

211 4701 471 4774 Πνεῦμα,
525 4706 705 4759 καίτοι
734 4725 796 4776 γε
841 4708 1081 4778 ἤκουσεν
1128 4710 1390 4777 ἐνταῦθα,
1441 4712 1524 4764 ὄτι
1578 4711 1816 4780 Ἀνεμος

204 4797 354 4849 ὅπου
388 4796 554 4862 θέλει,
607 4803 768 4854 πνεῖο
828 4802 1014 4874 πολλῷ
1059 4799 1152 4857 οὖν
1213 4805 1419 4874 μᾶλλον
1469 4803 1532 4856 τὸ
1592 4803 1818 4875 Πνεῦμα

206 4888 723 4966 αὐτεξουσιωτέραν
766 4894 880 4961 ἕξει
930 4896 1029 4966 τὴν
1085 4896 1322 4963 κίνησιν,
1357 4898 1453 4949 καὶ
1483 4898 1618 4950 ὅπου
1643 4896 1808 4962 θέλει,

208 4981 318 5035 καὶ
365 4981 442 5048 ὡς
471 4985 639 5052 θέλει,
698 4990 985 5060 ἐνεργήσει
1088 4992 1115 5042 ὀ
1161 4990 1218 5043 δὲ
1248 4989 1522 5061 Εὐνόμιος
1580 4991 1726 5046 αῦτᾶ
1756 5009 1816 5044 τε

207 5075 399 5132 ταῦτα
446 5081 712 5153 πρότερος
773 5082 1066 5154 ἁμαρτὼν,
1129 5086 1223 5136 καὶ
1268 5085 1476 5154 κτίσμα
1527 5083 1702 5138 εἰπὼν
1760 5086 1821 5138 τὸ

213 5174 471 5244 Πνεῦμα,
500 5175 596 5229 καὶ
626 5177 764 5248 πρός
788 5194 853 5245 γε
875 5177 1460 5247 ἀπαυθαδιασάμενος,
1511 5177 1660 5231 οὕτω
1692 5178 2011 5246 ’γινώσκειν
2071 5179 2231 5243 Θεὸν,
2293 5178 2365 5242 ὡς
2425 5178 2622 5232 ἑαυτὸν
2675 5177 2864 5241 αὐτός.

1916 3133 2098 3188 vocat,
2155 3122 2244 3179 ubi
2278 3121 2414 3185 vult,
2449 3108 2646 3191 spirat
2675 3137 2687 3173 :
2741 3128 2796 3174 et
2825 3133 3020 3173 sonum
3075 3115 3198 3188 ejus
3231 3118 3410 3180 audis,
3471 3125 3529 3170 ct

1915 3217 2138 3286 ignoras
2170 3223 2352 3267 tamen
2399 3212 2543 3266 unde
2577 3211 2788 3266 feratur
2821 3228 2836 3277 ;
2877 3210 3069 3280 nequit
3098 3209 3243 3264 enim
3275 3222 3528 3279 compreo

1917 3307 2081 3362 hendi
2116 3305 2198 3361 vel
2229 3302 2549 3374 prohiberi;
2576 3301 2812 3357 naturali
2851 3303 2997 3357 enim
3031 3311 3303 3373 potestate
3354 3300 3529 3358 fertur

1918 3401 1972 3455 in
2005 3399 2239 3468 aliquem
2257 3395 2416 3471 541
2439 3396 2617 3453 locum
2643 3397 2939 3453 incertum.
2983 3396 3258 3453 Caeterum
3295 3396 3387 3449 ubi
3415 3393 3526 3450 vult

1917 3496 2116 3562 spirat,
2149 3492 2352 3561 inquit,
2388 3507 2494 3546 non
2525 3492 2673 3561 quod
2704 3500 2899 3546 tentus
2923 3491 3266 3547 voluntatem
3305 3489 3526 3552 habeat,

1916 3585 2036 3652 sed,
2077 3593 2138 3640 ut
2175 3585 2312 3646 dixi.
2351 3599 2378 3638 τι
2414 3593 2611 3639 natura
2639 3584 2808 3639 imlita
2839 3585 2911 3638 illi
2955 3593 3198 3653 petesms
3229 3599 3350 3653 quae
3403 3599 3530 3655 pro-

1918 3678 2094 3734 hiberi
2151 3677 2360 3748 nequit,
2403 3677 2738 3732 ostenditur.
2793 3675 2849 3730 Si
2911 3675 3078 3746 igitur
3125 3685 3382 3742 ventum,
3435 3676 3531 3745 qui

1918 3774 2141 3842 spiritus
2163 3781 2243 3827 est
2271 3771 2528 3826 sensihus
2551 3770 2853 3839 suhjectus,
2891 3771 3137 3842 ignoras,
3168 3773 3445 3841 quomodo
3475 3779 3529 3822 et

1919 3882 2024 3936 quo
2048 3869 2239 3937 spiret,
2260 3867 2535 3936 quomodo
2565 3867 3041 3937 regenerationem
3062 3880 3091 3919 a
3113 3866 3300 3922 divino
3319 3863 3529 3934 Spiritu

1919 3961 2189 4017 curiosius
2223 3959 2493 4028 inquiris?
2524 3960 2583 4014 Si
2616 3959 2704 4013 hic
2732 3959 2959 4029 spiritus
2993 3958 3390 4030 comprehendi
3429 3975 3530 4012 nc-

1918 4053 2057 4122 quit,
2093 4052 2264 4107 multo
2295 4054 2476 4106 minus
2509 4051 2685 4107 sancti
2718 4051 2956 4120 Spiritus
2978 4051 3153 4121 gratia
3186 4050 3401 4120 legibus
3431 4068 3532 4105 nu-

1917 4155 2056 4201 tura:
2087 4145 2380 4200 Subdetur.
2436 4143 2820 4199 Conl'undalur
2878 4142 3254 4208 Macedonius,
3291 4143 3535 4213 Spiritus

1918 4249 2282 4309 Oppugnator,
2310 4247 2364 4292 et
2394 4237 2810 4306 quiantecessit
2856 4235 3006 4289 illum
3050 4235 3378 4290 Eunomius.
3441 4235 3535 4290 llle

1920 4332 2065 4386 enim
2101 4347 2325 4386 servum
2355 4330 2487 4386 facit
2517 4329 2809 4400 Spiritum,
2840 4329 3093 4398 quamvis
3143 4329 3388 4384 audierit
3425 4330 3532 4385 hoc

1925 4427 2046 4481 loco
2107 4426 2253 4494 quod
2304 4434 2502 4480 ventus
2560 4439 2669 4495 quo
2697 4424 2838 4495 _vult
2895 4425 3090 4493 spirat,
3144 4424 3314 4480 multo
3371 4425 3536 4495 igitur

1922 4522 2093 4591 magis
2133 4520 2376 4591 Spiritus
2399 4531 2625 4576 sanctus
2653 4479 2972 4576 liberiorem
3012 4518 3181 4574 habet
3210 4519 3534 4583 motionem,

1923 4626 1977 4672 et
2021 4633 2132 4686 quo
2171 4617 2305 4679 vult,
2358 4625 2413 4670 et
2464 4617 2606 4670 sicut
2643 4615 2780 4681 vult,
2833 4614 3175 4683 (ipcraliitur.
3233 4613 3540 4668 EunOmins

1923 4724 2055 4765 vero
2089 4710 2142 4762 in
2174 4708 2266 4764 illo
2301 4711 2416 4779 ipso
2445 4725 2704 4778 peccans,
2739 4717 2794 4764 et
2827 4716 3139 4764 creaturam
3181 4707 3323 4762 dixit
3359 4705 3539 4775 Spiri-

1925 4813 2058 4869 tum,
2086 4814 2134 4858 et
2179 4802 2230 4856 in
2274 4813 2478 4857 tantam
2513 4803 2762 4872 pervenit
2808 4802 3202 4871 pervicaciam,
3253 4803 3408 4869 quasi
3441 4816 3539 4854 co-

1925 4908 2217 4968 gnosceret
2251 4895 2420 4951 Deum
2459 4898 2603 4952 sicut
2636 4897 2750 4966 ipse
2795 4897 3067 4967 scipsum.
3128 4895 3330 4949 Audiat
3370 4895 3540 4965 igitur

1930 4994 2074 5058 quod
2110 5006 2289 5060 neque
2323 4993 2470 5045 venti
2501 4991 2763 5060 impetum
2797 5005 2976 5062 neque
3001 4991 3160 5044 liuent
3180 4990 3338 5046 sciat.
3382 4988 3539 5056 Quo.

1934 5085 2096 5138 modo
2142 5086 2303 5154 igitur
2340 5084 2430 5140 Dei
2488 5085 2859 5140 substantiam
2891 5092 3184 5154 cognoscet
3230 5083 3539 5152 impostor?

2940 5179 3219 5231 Ἀκουέτω
3271 5175 3391 5243 οὖν,
3455 5179 3538 5231 ὅτι

207 5272 342 5327 οὐδὲ
395 5269 484 5324 τοῦ
513 5271 722 5340 ἀνέμου
777 5271 875 5342 τὴν
926 5271 1125 5340 φορὰν,
1187 5274 1282 5324 καὶ
1312 5271 1413 5340 τὴν
1445 5272 1626 5343 ὁρμὴν
1658 5269 1769 5326 οἶδε
1799 5290 1812 5304 ·
1885 5273 2001 5337 πῶς
2036 5273 2131 5328 οὖν
2156 5274 2293 5328 Θεοῦ
2329 5275 2523 5338 οὐσίας
2557 5273 2937 5344 κατατολμᾷς,
2976 5272 3254 5343 ἀλιτήριε.

301 5383 320 5417 ι
374 5364 678 5436 Ἀπεκρίθη
727 5363 1066 5434 Νικόδημος,
1115 5365 1209 5418 καὶ
1263 5361 1419 5418 εἷπεν
1455 5364 1636 5435 αὐτῷ·
1697 5363 1820 5429 Πῶς

206 5456 446 5513 δύναται
492 5456 670 5512 ταῦτα
711 5455 1002 5524 γεν-έσθαι;
1049 5456 1353 5528 Ἀπεκρίθη
1422 5457 1670 5528 Ἰησοῦς,
1728 5461 1822 5513 καὶ

2006 5368 2170 5424 \‘sas.
2209 5369 2363 5425 9-Ιῖ.
2399 5367 2705 5437 Respondit
2741 5367 3098 5430 Nicodemus,
3131 5380 3188 5424 et
3235 5369 3369 5424 dixit
3417 5370 3466 5424 ei
3521 5385 3535 5422 :

1928 5465 2222 5530 Quomodo
2279 5475 2510 5533 possunt
2563 5465 2678 5520 haec
2731 5465 2890 5518 neri?
2927 5463 3229 5534 ReSpondit
3271 5463 3451 5529 Jesus,
3484 5474 3537 5518 et

206 5550 374 5608 εἶπεν
423 5551 575 5624 αῦτῷ
601 5569 614 5583 ⁶
664 5550 738 5603 Σὺ
773 5543 826 5602 εἶ
859 5549 890 5602 6
935 5547 1260 5612 διδάσκαλος
1293 5551 1388 5608 τοῦ
1437 5552 1655 5625 Ἰσραὴλ
1679 5594 1693 5616 ,
1727 5556 1802 5605 κα

1928 5559 2068 5612 dixit
2098 5577 2110 5613 :
2147 5559 2226 5613 Tu
2256 5575 2315 5615 es
2352 5560 2441 5615 ille
2474 5561 2735 5631 magister
2785 5558 3022 5623 lsraelis,
3052 5569 3106 5614 et
3139 5560 3250 5613 haec
3283 5557 3542 5628 ignoras?

207 5645 390 5702 ταῦτα
421 5644 483 5694 οὐ
538 5641 875 5706 γινώσκειςς
920 5640 1118 5713 Ἀμὴν,
1163 5643 1312 5714 ἀμὴν
1361 5643 1506 5711 λέγω
1540 5662 1644 5711 σοι,
1680 5646 1761 5698 ὅτι
1795 5643 1822 5696 ὃ

203 5739 462 5800 ηἵδαμεν,
491 5728 764 5801 λαλοῦμεν
787 5773 802 5798 ,
827 5734 921 5786 καὶ
952 5732 979 5786 6
1011 5735 1364 5806 ἑωράκαμεν,
1396 5738 1812 5809 μαρτυροῦμεν,

205 5826 308 5879 καί
342 5826 442 5899 τὴν
477 5827 792 5898 μαρτυρίαν
836 5829 995 5900 ἡμῶν
1026 5831 1086 5884 ού
1126 5831 1459 5903 λαμϐάνετε.
1504 5835 1561 5888 Εἰ
1596 5836 1662 5889 τὰ
1692 5835 1810 5888 ἐπί-

1930 5654 2126 5717 Amen,
2153 5666 2312 5708 amen
2358 5654 2478 5708 dico
2508 5653 2626 5717 tihi,
2651 5652 2796 5721 quod
2827 5653 3052 5715 scimus,
3105 5650 3380 5720 loquimur
3433 5669 3446 5706 :
3483 5660 3538 5706 et

1930 5745 2075 5811 quod
2123 5744 2382 5808 vidimus,
2430 5753 2738 5800 testamur:
2784 5753 2838 5796 ct
2880 5742 3256 5796 testimonium
3288 5751 3533 5796 nostrmn

1927 5850 2037 5892 non
2072 5837 2347 5908 accipitis.
2380 5836 2437 5893 Si
2473 5849 2692 5896 tcrrcna
2715 5837 2830 5894 dixi
2860 5837 3038 5904 vobis,
3064 5846 3116 5895 et
3142 5855 3246 5896 non
3273 5839 3533 5896 creditis:
