4078 6330
308 370 455 437 1209

994 350 1441 427 ENARRATIO
1472 359 1552 423 IN
1587 359 2101 424 EVANGELIUM
2128 359 2550 424 JOANNIS.-
2577 360 2740 425 CAP.
2766 360 2883 423 III.

3467 353 3606 423 1210

302 495 425 548 ἐστι
442 491 629 548 λοιπὸν
654 489 713 542 ὲν
732 483 970 558 οὐρανῷ,
1002 482 1188 555 φησίν,
1220 501 1238 534 ι
1261 483 1323 535 '0
1342 480 1417 535 ὣν
1435 484 1493 536 ὲν
1520 482 1599 553 τῷ
1626 480 1862 552 οὐρανῷ.
1880 500 1898 535 ι

2020 483 2239 563 quiest
2283 482 2338 539 in
2398 482 2558 541 caelo.
2601 501 2622 537 ι
2656 480 2781 538 Noli
2837 480 2982 538 enim
3014 478 3285 551 suspicari
3341 494 3429 536 me
3484 495 3612 552 pro-

300 585 402 659 Μὴ
455 586 566 655 γὰρ
608 581 674 651 δὴ
711 576 902 648 ἐπειδὴ
951 577 1215 648 ἡκουσας,
1254 574 1338 628 ὅτι
1372 572 1631 643 κατέϐην,
1669 572 1902 645 νομίσῃς

306 679 390 752 μὴ
425 673 565 731 εἷναί
599 692 667 741 με
714 672 811 726 καὶ
840 672 987 725 ἐκεῖ·
1025 669 1165 723 ἀλλὰ
1193 665 1475 721 κάνταῦθα
1516 667 1755 736 πάρειμι
1798 683 1903 719 σω-

306 770 582 844 ματικῶς,
612 767 776 821 κάκεῖ
813 762 1174 833 συγκάθημαι
1202 759 1280 830 τῷ
1312 760 1493 829 Πατρὶ
1520 758 1742 821 θεῐκῶς.

392 883 411 916 ι
450 864 555 916 Kal
580 858 766 923 καθὼς
792 858 1000 925 Μωσῆς
1024 853 1209 923 ὓψωσε
1239 852 1331 906 τὸν
1357 851 1481 921 ὅφιν
1508 851 1568 903 ἐν
1591 854 1657 922 τῇ
1688 850 1901 922 ἐρήμῳ,

301 957 484 1018 οὕτως
517 954 800 1025 ὑψωθῆναι
823 952 905 1005 δεῖ
924 951 1017 1002 τὸν
1045 949 1174 1001 Υίὸν
1194 947 1289 1000 τοῦ
1314 943 1609 1015 ἀνθρώπου
1632 961 1645 974 ·
1680 944 1768 998 ἵνα
1796 946 1904 1008 πᾶς

300 1054 334 1105 ὁ
378 1046 651 1109 ¹ιτιστεύων
682 1047 763 1108 εἰς
792 1042 957 1097 αὑτὸν
1006 1041 1081 1111 μὴ
1126 1040 1451 1111 ἀπόλληται,
1486 1038 1602 1093 ἀλλ’
1635 1038 1733 1110 ἔχῃ
1758 1038 1905 1109 ζωὴν

304 1142 548 1196 αἰώνιον.
589 1160 606 1191 ι
650 1131 936 1212 [ipost-ttth
969 1135 1099 1203 περὶ
1142 1134 1241 1203 τῆς
1274 1132 1364 1186 διὰ
1386 1133 1481 1185 τοῦ
1525 1133 1904 1203 βαπτίσματος

300 1234 747 1302 ἀναγεννήσεως,
797 1229 949 1297 λέγει
995 1226 1185 1280 λοιπὸν
1232 1228 1328 1280 καὶ
1374 1226 1638 1297 περὶτῆς
1678 1224 1767 1278 διὰ
1807 1222 1902 1277 τοῦ

307 1328 551 1398 σταυροῦ
583 1324 884 1396 γενομένης
926 1324 1063 1390 ἡμῖν
1094 1321 1441 1391 εὐεργεσίας.
1492 1320 1552 1373 Ὀ
1586 1319 1697 1389 γὰρ
1738 1336 1907 1372 σταυ-

308 1421 407 1491 ρὸς
428 1462 442 1481 ,
474 1420 568 1472 καὶ
592 1420 619 1469 ὁ
646 1416 897 1478 θάνατος,
938 1414 1113 1477 αἴτιος
1150 1415 1282 1483 ἡμῖν
1324 1412 1425 1481 τῆς
1455 1413 1543 1465 διὰ
1577 1411 1669 1465 τοῦ
1709 1410 1906 1481 βαπτί-

305 1530 340 1566 σ
351 1528 520 1580 ματος
548 1508 792 1579 χάριτος,
826 1507 940 1574 εἴγε
981 1505 1397 1576 βαπτιζόμενοι,
1427 1504 1519 1557 τὸν
1548 1503 1779 1558 θάνατον
1808 1501 1905 1555 τοῦ

302 1609 518 1677 Κυρίου
583 1605 942 1674 είκονίςομεν.
996 1603 1073 1655 Οὐ
1120 1602 1272 1670 λέγει
1330 1601 1388 1653 δὲ
1438 1600 1769 1671 προφανῶς,
1821 1600 1906 1653 ὅτι

300 1700 506 1757 Μέλλω
534 1697 921 1765 σταυρωθῆναι
941 1711 958 1728 ·
986 1695 1126 1749 ἀλλὰ
1152 1695 1247 1748 τοῦ
1274 1695 1451 1763 ὄφεως
1482 1694 1785 1764 μέμνηται,
1811 1694 1906 1747 καὶ

302 1795 410 1863 τῆς
443 1793 684 1851 "alata;
719 1790 963 1857 ἱστορίας
985 1805 997 1818 ·
1033 1788 1151 1859 ἅμα
1183 1787 1283 1857 μὲν
1314 1787 1583 1840 διδάσκων
1616 1787 1789 1857 ἡμᾶς,
1822 1786 1906 1839 ὅτι

305 1886 551 1954 συγγενῆ
579 1883 648 1937 τὰ
682 1882 892 1936 παλαιὰ
922 1882 1031 1939 τοῖς
1060 1882 1292 1943 καινοῖς,
1320 1879 1418 1931 καὶ
1448 1873 1527 1941 εἷς
1553 1879 1645 1931 καὶ
1687 1880 1715 1932 ὁ
1738 1880 1905 1943 αὐτός

304 1981 432 2033 ἐστι
462 1978 755 2048 νομοθέτης
794 1977 1036 2040 “and;
1058 1991 1118 2028 τε
1152 1973 1247 2027 καὶ
1278 1972 1427 2036 Νέας
1463 1971 1762 2043 Διαθήκης,
1798 1972 1905 2025 κᾶν

303 2071 598 2143 Μαρκίων,
646 2072 740 2123 καὶ
785 2070 1000 2139 Μάνης,
1052 2069 1149 2119 καὶ
1180 2068 1209 2119 ὁ
1258 2066 1448 2129 λοιπὸς
1493 2065 1601 2118 τῶν
1644 2065 1907 2118 τοιούτων

307 2164 609 2233 αἱρετικτῖιν
666 2162 1002 2228 κατάλογος,
1051 2158 1290 2213 ἀθετῶσι
1345 2158 1447 2230 τὴν
1498 2157 1767 2220 Παλαιὰν,
1808 2156 1905 2210 τοῦ

308 2256 553 2328 ’πονηροῦ
585 2254 923 2325 δημιουργοῦ
968 2253 1221 2318 λέγοντες
1288 2252 1462 2323 αὐτὴν
1508 2245 1649 2304 εἷναι
1683 2250 1908 2321 νομοθε-

310 2350 479 2404 σίαν·
531 2350 645 2418 ἅμα
694 2349 751 2399 δὲ
806 2349 901 2398 καὶ
958 2344 1256 2403 παιδεύων,
1310 2344 1393 2397 ὅτι
1442 2345 1489 2397 εί
1534 2344 1668 2413 πρὸς
1722 2344 1907 2395 εἰκόνα

304 2443 521 2515 χαλκῆν
555 2442 847 2512 βλέποντες
898 2440 1074 2507 ὅψεως
1112 2439 1162 2490 οἱ
1222 2438 1505 2502 Ἰουδαῖοι,
1536 2438 1629 2489 τὸν
1676 2437 1908 2491 θάνατον

306 2538 545 2606 ἔφευγον
575 2554 603 2581 ἠ
628 2534 809 2605 πολλῷ
844 2534 1043 2603 μᾶλλον
1072 2533 1255 2601 ἡμεῖς,
1310 2533 1388 2594 εἰς
1418 2532 1509 2584 τὸν
1553 2530 1911 2601 ἐσταυρωμέ-

313 2648 409 2684 νον
450 2629 761 2698 βλέποντες,
788 2625 887 2677 καὶ
921 2625 1291 2690 πιστεύοντες,
1321 2625 1411 2675 xm
1437 2624 1670 2693 ψυχικὸν
1701 2623 1909 2691 ἐκφεύα

308 2739 484 2791 γομεν
517 2722 769 2775 θάνατον.
809 2721 949 2789 Ὅρα
994 2718 1053 2770 δέ
1107 2736 1195 2787 μοι
1251 2716 1344 2769 τὸν
1398 2716 1568 2770 τύπον
1615 2716 1751 2789 πρὸς
1807 2715 1909 2785 τὴν

309 2814 598 2880 ἀλήθειαν.
669 2814 821 2865 Ἐκεῖ
880 2812 1058 2881 ὂψεως
1106 2810 1396 2880 ὁμοίωμα,
1451 2807 1590 2872 εἶδος
1639 2811 1738 2877 μὲν
1786 2810 1909 2879 ἔχον

313 2909 534 2978 θηρίου,
566 2908 657 2959 τὸν
686 2908 759 2959 ἱὸν
791 2908 846 2959 δὲ
877 2908 977 2958 οὐκ
1001 2905 1121 2974 ἕχον
1144 2922 1157 2935 ·
1185 2904 1329 2957 οὕτω
1360 2904 1665 2967 κάνταῦθα,
1696 2903 1910 2971 ἄνθρωο

314 3015 420 3060 στος
470 2998 497 3049 ὁ
553 2996 794 3066 Κύριος,
855 2996 971 3048 ἀλλ’
1019 2996 1297 3065 ἁμαρτίας
1351 2994 1431 3047 ίοῦ
1488 2994 1792 3063 ἐλεύθερος,
1853 2996 1910 3046 ὲν

310 3088 627 3157 ὁμοιώματι
682 3088 885 3157 σαρκὸς
917 3090 1195 3159 ἁμαρτίας
1252 3086 1445 3148 ἐλθὼν,
1500 3080 1803 3151 τουτέστιν,
1854 3090 1912 3140 ὲν

2005 587 2190 648 pterea
2227 591 2336 633 non
2363 589 2488 633 esse
2515 576 2651 642 illic,
2678 576 2809 648 quia
2845 575 3102 631 descendi
3132 590 3148 629 :
3182 574 3277 630 sed
3306 581 3363 629 et
3398 573 3487 628 hic
3514 572 3614 629 ad-

2006 686 2127 729 sum
2170 672 2538 743 corporaliter
2568 682 2625 728 et
2656 672 2767 729 illic
2796 671 2965 728 sedeo
2994 685 3119 725 cum
3149 667 3316 724 Patre
3350 678 3411 724 ut
3444 668 3610 725 Deus.

2088 850 2251 909 Vnus.
2283 854 2372 917 14,
2403 852 2494 907 15.
2528 870 2550 904 ι
2590 850 2655 906 Ει
2682 851 2827 908 sicut
2858 849 3073 921 Moyses
3108 849 3613 920 exaltavitserpen-

2004 956 2119 1001 tem
2152 949 2205 1001 iu
2236 960 2445 1011 eremo,
2483 945 2553 999 ita
2597 946 2828 1000 exaltari
2855 955 3076 1014 oportet
3108 945 3308 999 Filium
3342 944 3611 1009 hominis,

2010 1046 2070 1093 ιιι
2096 1039 2277 1093 omnis
2317 1038 2410 1108 qui
2441 1036 2617 1093 credit
2648 1036 2700 1092 in
2732 1038 3031 1105 illum,uuu
3063 1047 3264 1108 pereat,
3295 1037 3390 1092 sed
3415 1037 3615 1091 habeat

2012 1132 2178 1186 vitam
2209 1140 2527 1186 aeternam.)
2561 1130 2862 1201 Postquam
2880 1132 3018 1186 dixit
3052 1134 3119 1187 de
3140 1130 3495 1204 generatione
3518 1144 3614 1199 per

2010 1226 2361 1295 baptismum,
2390 1242 2535 1281 nttnc
2562 1226 2693 1281 dicit
2723 1226 2789 1281 de
2807 1225 3078 1280 beneficio
3104 1228 3248 1295 quod
3269 1242 3366 1296 per
3393 1239 3613 1282 crucem

2008 1319 2171 1373 nobis
2200 1318 2405 1373 factum
2434 1330 2538 1375 est.
2568 1318 2715 1375 Crux
2771 1321 2916 1375 enim
2947 1329 3002 1376 et
3033 1334 3187 1375 mors
3222 1329 3415 1373 auctor
3453 1318 3613 1373 nobis

2011 1412 2066 1467 fit
2109 1412 2319 1483 gratiae,
2365 1427 2489 1483 quas
2525 1428 2621 1483 per
2652 1413 2985 1484 baptismum
3026 1414 3153 1468 data
3195 1421 3304 1479 est,
3340 1411 3614 1482 siquidem

2012 1520 2135 1583 cupi
2173 1505 2546 1574 baptizamur,
2591 1516 2826 1562 mortem
2857 1506 3075 1561 Domini
3126 1513 3615 1575 reprmsentamus.

2010 1596 2127 1653 Non
2155 1597 2288 1653 dicit
2319 1609 2500 1653 autem
2536 1599 2850 1663 mauileste,
2870 1596 3291 1667 Cruciligendus
3312 1610 3472 1651 sum:
3513 1593 3616 1651 sed

2012 1689 2559 1759 meminitserpentis
2581 1690 2657 1758 ’⁷,
2704 1699 2761 1745 et
2812 1689 3015 1763 veteris
3065 1687 3333 1751 historiae,
3390 1685 3615 1742 interim

2013 1793 2215 1840 docens
2245 1796 2429 1839 vetera
2450 1795 2681 1853 cognata
2710 1786 2891 1848 novis,
2923 1792 2978 1839 et
3006 1798 3175 1837 unum
3198 1796 3321 1837 esse
3342 1779 3616 1851 legislato-

2012 1892 2126 1933 rem
2166 1875 2378 1933 Veteris
2404 1875 2609 1932 etNovi
2639 1876 2977 1932 Testamenti
3010 1875 3261 1931 :tametsi
3293 1873 3533 1929 Marcion
3561 1881 3619 1931 et

2009 1968 2343 2026 Mauiclueus
2365 1981 2419 2027 et
2445 1972 2655 2037 reliqua
2692 1971 2745 2025 id
2779 1983 2952 2041 genus
2982 1968 3361 2024 haereticorum
3389 1968 3612 2033 cohors,

2015 2062 2181 2119 Vetus
2213 2062 2490 2133 rejiciaut,
2523 2063 2771 2118 dicentes
2808 2063 2990 2132 ipsum
3021 2077 3052 2115 a
3083 2060 3228 2116 malo
3260 2060 3460 2128 opiﬁce
3491 2073 3617 2117 esse

2011 2158 2315 2217 conditum.
2351 2158 2520 2215 Docet
2577 2162 2727 2223 item,
2780 2173 2908 2214 cum
2961 2155 3132 2211 Judaei
3188 2156 3437 2212 videntes
3485 2155 3617 2212 aerei

2010 2252 2280 2320 serpentis
2351 2251 2667 2323 imaginem,
2754 2260 2986 2307 mortem
3050 2249 3381 2321 ell‘ugerint,
3440 2248 3616 2305 multo

2014 2346 2185 2413 magis
2219 2359 2316 2399 nos
2348 2346 2414 2398 ad
2443 2345 2767 2400 cruciﬁxum
2821 2344 3182 2413 respicientes
3230 2354 3285 2399 et
3325 2343 3617 2399 credentes

2012 2440 2209 2494 anima:
2236 2450 2464 2493 mortem
2493 2436 2978 2507 ellugiturosﬂide
2995 2446 3200 2503 autem,
3221 2417 3615 2508 oroﬂiguram,

2012 2542 2066 2587 et
2089 2534 2277 2588 ccul‘cr
2311 2548 2432 2586 cum
2475 2533 2722 2586 veritate.
2744 2532 2856 2585 lllic
2880 2532 3150 2601 serpentis
3180 2531 3479 2586 similitudo
3514 2530 3619 2587 for-

2016 2639 2158 2678 mam
2184 2626 2403 2690 quidem
2438 2626 2601 2679 babct
2634 2626 2839 2691 bestiae,
2871 2638 3140 2679 venenum
3174 2636 3353 2680 autem
3384 2641 3490 2681 non
3522 2626 3617 2681 ba-

2016 2717 2100 2772 bet
2135 2716 2321 2788 5&3.
2364 2717 2442 2771 Ita
2493 2726 2542 2770 cl
2600 2718 2703 2770 hoc
2750 2716 2870 2769 loco
2914 2717 3078 2771 homo
3118 2716 3412 2781 Dominus,
3453 2717 3545 2773 sed
3586 2732 3619 2773 a

2015 2814 2223 2881 peccati
2260 2826 2470 2865 veneno
2501 2809 2660 2871 liber.
2700 2810 2751 2863 in
2789 2809 3156 2864 similitudine
3191 2810 3374 2866 carnis
3406 2810 3618 2879 peccati

2017 2908 2185 2971 venit,
2220 2906 2323 2960 hoc
2352 2914 2473 2972 est,
2526 2904 2578 2958 in
2627 2904 2988 2960 similitudine
3034 2904 3220 2958 carnis
3260 2912 3487 2972 peceato
3517 2904 3620 2960 ob-

2019 3002 2216 3066 noxim,
2276 3016 2394 3068 qua:
2441 2999 2668 3054 minime
2719 3013 2849 3053 caro
2888 2997 3100 3067 peccati
3151 3008 3316 3053 esset.
3374 2995 3439 3052 Et
3491 3006 3622 3054 tunc

2019 3093 2238 3164 quidem
2272 3092 2519 3147 videntes
2551 3092 2857 3147 evadebant
2892 3101 3123 3146 mortem
3152 3090 3399 3160 corporis
3427 3108 3439 3144 :
3472 3106 3622 3148 nunc

312 3183 630 3253 ὁμοιώματι
665 3182 866 3251 σαρκὸς
914 3183 1157 3251 ἁμαρτίᾳ
1189 3180 1581 3267 ὑποκειμένης,
1623 3180 1740 3234 ἀλλ’
1790 3181 1913 3251 οὐχὶ

2021 3192 2200 3236 autem
2234 3183 2324 3252 qui
2363 3182 2592 3245 vident,
2649 3189 2881 3234 mortem
2937 3181 3156 3234 animae.
3191 3178 3347 3235 Tunc
3400 3180 3621 3250 quidem

317 3274 459 3343 σὰρξ
495 3274 769 3344 ἁμαρτίας
802 3272 1086 3344 ὑπάρχων.
1135 3273 1247 3326 Καὶ
1274 3271 1395 3322 τότε
1433 3271 1531 3339 μὲν
1573 3273 1621 3322 οἱ
1652 3270 1910 3340 δρῶντες,

314 3367 658 3435 σωματικὸν,
692 3367 851 3435 ἡμεῖς
885 3366 942 3418 δὲ
1001 3365 1231 3435 ψυχικὸν
1265 3363 1613 3435 ἐκφεύγομεν
1647 3364 1911 3418 θάνατον’

312 3461 415 3513 καὶ
453 3460 575 3511 τότε
630 3458 728 3529 μὲν
764 3461 1017 3527 δήγματα
1052 3458 1231 3526 ὖφεων
1288 3458 1406 3510 ἱᾶτο
1453 3457 1481 3509 ὁ
1523 3459 1912 3527 κρεμάμενος,

312 3553 417 3606 νῦν
448 3552 504 3605 δὲ
528 3550 624 3604 τοῦ
659 3550 856 3620 νοητοῦ
882 3551 1179 3620 δράκοντος
1219 3550 1318 3610 τὰς
1359 3550 1577 3619 πληγάς
1616 3550 1918 3620 θεραπεύει

314 3646 576 3717 Χριστός.
632 3663 651 3696 ι
714 3643 1032 3712 Ὕψωθῆναι
1079 3662 1098 3695 ι
1139 3642 1197 3695 δὲ
1232 3642 1470 3707 ἀκούων,
1504 3642 1615 3696 νόει
1652 3642 1745 3706 τὸ,
1783 3659 1915 3712 κρε-

322 3739 625 3809 μασθῆναι.
682 3738 798 3805 Ἐφ’
835 3735 1004 3804 ὕψους
1037 3736 1145 3807 γὰρ
1187 3736 1529 3806 ἐκρεμάσθη,
1576 3736 1664 3789 ἵνα
1697 3738 1792 3789 καὶ
1822 3736 1917 3787 τὸν

314 3831 460 3900 ἀέρα
488 3830 712 3901 ἁγιάσῃ,
743 3831 771 3881 ὁ
804 3827 903 3895 τὴν
933 3828 1040 3897 γῆν
1080 3828 1314 3895 ἁγιάσας
1356 3827 1447 3880 διὰ
1475 3826 1571 3880 τοῦ
1607 3829 1708 3881 ἐπ’
1742 3828 1917 3898 αὐτῆς

318 3922 723 3992 περιπατῇσαι.
771 3920 903 3973 Νόει
929 3920 985 3973 δὲ
1020 3922 1114 3973 ml
1161 3921 1244 3985 τὸ,
1273 3919 1624 3990 δοξασθῆναι.
1662 3922 1773 3974 Καὶ
1806 3922 1917 3991 γὰρ

315 4015 491 4077 ὅντως
527 4012 659 4081 ὕψος
686 4012 780 4065 καὶ
803 4012 930 4078 δόξα
950 4012 1045 4063 τοῦ
1074 4010 1313 4081 Χριστοῦ
1345 4011 1373 4063 ὁ
1409 4014 1644 4082 σταυρὸς
1668 4012 1914 4081 γέγονεν.

333 4107 424 4159 Ἑν
450 4098 493 4173 ᾧ
524 4108 634 4175 γὰρ
666 4103 843 4156 ἐδόκει
868 4104 1302 4174 κατακριθῆναι,
1335 4106 1392 4157 ὲν
1414 4103 1589 4173 τούτῳ
1624 4106 1916 4175 κατέκρινε

316 4199 413 4250 τὸν
452 4198 691 4267 ἄρχοντα
719 4196 814 4249 τοῦ
851 4196 1058 4266 κόσμου
1100 4196 1315 4249 τούτου.
1373 4192 1499 4251 Οἷόν
1544 4214 1601 4249 τι
1640 4196 1816 4264 λέγειν
1860 4197 1917 4248 Ὀ

332 4290 510 4358 Ἀδὰμ
557 4290 784 4352 δικαίως
831 4290 1137 4343 ἀπέθανεν·
1172 4290 1392 4360 ἥμαρτε
1442 4291 1573 4361 γάρ.
1618 4290 1677 4343 ὐ
1717 4290 1919 4362 Κύριος

320 4383 526 4446 ἀδίκως
575 4384 885 4435 ἀπέθανεν⁸
922 4382 1020 4450 οὐχ
1054 4382 1271 4451 ἥμαρτε
1318 4383 1448 4451 γάρ.
1485 4385 1664 4453 Μέχρι
1699 4386 1799 4452 μὲν
1825 4379 1921 4436 οὖν

319 4478 426 4548 τῆς
469 4474 563 4530 τοῦ
609 4475 818 4546 Κυρίου
866 4474 1267 4543 σταυρώσεως,
1305 4475 1529 4538 δικαίως
1582 4477 1919 4547 κατεκρὰτει

320 4573 437 4625 τῶν
494 4568 800 4641 ἀνθρώπων
846 4569 873 4621 ὁ
934 4567 1193 4632 Θάνατος·
1233 4570 1355 4621 ἐπεὶ
1421 4569 1478 4622 δὲ
1532 4570 1919 4641 ἀναμάρτητος
1955 4542 2001 4600 D

321 4663 528 4734 εὑρέθη
560 4666 586 4715 ὁ
619 4662 847 4732 Κύριος,
893 4662 944 4712 τί
977 4662 1165 4715 λοιπδν
1209 4662 1417 4715 δίκαιον
1464 4665 1550 4717 ἐπ’
1591 4665 1741 4732 αὐτῷ
1774 4662 1921 4734 εἶχεν

321 4760 353 4812 ὁ
382 4756 653 4821 διάϐολος,
689 4756 777 4808 ἵνα
804 4755 1096 4825 θανατώσῃ
1129 4755 1327 4820 αύτόν;
1364 4756 1529 4808 Ὥστε
1566 4756 1693 4809 ἐπεὶ
1719 4757 1921 4820 ἀδίκως

324 4849 669 4916 ἐθανατώθη,
706 4848 962 4916 νενίκηκε
1017 4849 1107 4901 τὸν
1157 4848 1555 4903 θανατώσαντα
1603 4851 1789 4915 αὑτὸν,
1828 4852 1923 4904 καὶ

321 4941 501 5004 οὕτως
534 4938 883 5011 ἠλευθέρωσε
921 4939 1029 5009 καὶ,
1056 4940 1146 4992 τὸν
1198 4939 1377 5011 Ἀδὰμ
1427 4942 1490 4993 ὲκ
1534 4941 1629 4994 τοῦ
1664 4943 1923 5007 θανάτου,

322 5035 422 5088 τοῦ
472 5034 697 5095 δικαίως
743 5033 1079 5102 ἐπαχθέντος
1143 5033 1329 5103 αὐτῷ,
1381 5034 1456 5096 ὼς
1515 5036 1923 5106 ἁμαρτήσαντι.

332 5128 448 5180 Καὶ
476 5126 653 5189 ἄλλως
683 5126 741 5178 δέ
767 5143 781 5156 ·
812 5127 917 5179 Δύο
948 5123 1091 5199 ἦσαν
1130 5127 1199 5179 τὰ
1230 5128 1540 5197 κρατοῦντα
1580 5131 1675 5183 τοῦ
1711 5132 1930 5202 ἀνθρω-

327 5220 487 5271 τ.ίιου
529 5220 746 5285 γένους,
777 5219 960 5289 ἡδονὴ,
996 5220 1091 5273 καὶ
1148 5219 1298 5291 λύπη
1323 5236 1337 5249 ·
1369 5222 1457 5275 διὰ
1505 5223 1568 5293 δὴ
1608 5225 1791 5277 τοίνυν
1816 5225 1927 5287 τῶν

329 5314 425 5366 δύο
446 5312 653 5364 τούτων
672 5310 845 5363 ἐλθὼν
869 5313 896 5364 ὁ
933 5312 1163 5383 Κύριος,
1190 5314 1459 5384 ἀήττητος
1504 5317 1725 5389 εὑρέθη.
1753 5320 1929 5388 Προσ-

333 5406 497 5457 έϐαλε
534 5404 633 5473 μὲν
659 5402 767 5473 γὰρ
787 5403 938 5476 αὐτῷ
956 5406 1227 5476 πρότερον
1254 5408 1313 5460 ὲν
1340 5407 1416 5477 τῷ
1440 5408 1555 5479 ὃρει
1590 5410 1618 5461 ὁ
1646 5412 1927 5481 πειράζων

330 5497 402 5549 δι’
432 5496 653 5565 ἡδονῆς·
698 5495 873 5565 εὑρὼν
920 5497 977 5549 δὲ
1018 5498 1193 5570 ταύτῃ
1242 5500 1539 5565 ἀνάλωτον,
1588 5500 1819 5571 ὕστερον
1867 5504 1927 5556 τὸ

336 5592 480 5658 μέγα,
527 5586 833 5657 μηχάνημα
884 5586 983 5657 τὴν
1038 5586 1216 5655 λύπην
1262 5589 1641 5660 προσήγαγεν,
1695 5592 1779 5645 ἵνα
1820 5592 1926 5645 κᾶν

405 5732 449 5764 ⁷⁷
478 5730 636 5784 Num.
676 5746 825 5794 XXXI,
860 5729 893 5785 9

411 5844 486 5912 (α)
521 5844 642 5900 Edit
672 5844 794 5901 Lut.
826 5844 954 5914 legit
987 5853 1219 5914 tantum,
1254 5844 1425 5914 gloria
1460 5844 1675 5900 Christi.

2019 3289 2345 3341 suspensus,
2382 3272 2718 3342 serpentium
2762 3273 2904 3328 ictus
2930 3271 3164 3327 sanabat
3201 3291 3212 3325 :
3263 3287 3407 3326 nunc
3438 3279 3624 3328 autem

2019 3366 2325 3437 spiritualis
2362 3366 2621 3421 draconis
2664 3365 2850 3435 plagas
2901 3374 3059 3421 curat
3088 3364 3365 3421 Christus.
3402 3364 3627 3421 Exalta-

2022 3458 2133 3513 tinn
2168 3470 2351 3513 autem
2379 3461 2633 3523 audiens,
2666 3458 2909 3529 iutellige
2955 3459 3178 3529 quidem
3210 3467 3266 3514 et
3286 3472 3625 3530 suspensum

2021 3567 2164 3607 esse.
2201 3551 2252 3604 In
2291 3566 2507 3606 summo
2547 3553 2691 3606 enim
2726 3567 3028 3622 suspensus
3063 3559 3168 3619 est,
3230 3560 3286 3607 ut
3329 3561 3384 3607 et
3436 3566 3625 3607 aerem

2023 3644 2424 3707 sanetiliearet,
2479 3645 2570 3712 qui
2611 3654 2814 3699 terram
2851 3645 3236 3700 sanctiﬁcarat
3266 3646 3321 3700 in
3367 3644 3459 3701 illa
3504 3659 3628 3700 am-

2022 3733 2283 3788 bulando.
2328 3732 2575 3803 intellige
2610 3743 2793 3787 autem
2849 3735 2981 3803 quid
3020 3734 3093 3789 sit
3132 3734 3452 3805 gloriﬁcari.
3490 3735 3627 3791 Nam

2023 3839 2238 3888 revera,
2270 3826 2579 3881 sublimitas
2609 3835 2665 3880 ct
2714 3826 2891 3897 gloria
2932 3826 3136 3883 Christi
3179 3826 3283 3899 (a),
3331 3844 3465 3884 crux
3499 3828 3625 3885 luit.

2022 3916 2128 3972 Per
2164 3918 2266 3971 hoc
2298 3919 2445 3973 enim
2483 3933 2592 3988 quo
2621 3920 2774 3974 visus
2800 3927 2884 3975 est
2924 3919 3320 3986 condemnari,
3369 3922 3630 3976 condem-

2024 4008 2177 4063 navit
2225 4008 2387 4079 bujus
2425 4008 2615 4062 mundi
2671 4009 2995 4078 principem.
3039 4008 3114 4064 Ut
3166 4009 3371 4066 clarius
3422 4010 3626 4078 dicam,

2027 4106 2202 4159 Adam
2232 4105 2377 4175 juste
2416 4115 2671 4159 mortuus
2702 4114 2808 4169 est,
2848 4114 3101 4175 peccarat
3134 4106 3278 4161 enim
3317 4125 3329 4160 :
3362 4105 3630 4162 Dominus

2025 4198 2228 4266 injuste
2280 4208 2533 4252 mortuus
2585 4207 2701 4265 est,
2763 4202 2869 4251 non
2920 4198 3065 4251 enim
3124 4207 3401 4267 peccarat.
3459 4196 3633 4269 Igitur

2031 4307 2205 4361 usque
2256 4293 2321 4345 ad
2364 4291 2782 4346 cruciﬁxiouem
2810 4290 2960 4361 juste
2987 4292 3274 4361 praevaluit
3312 4292 3630 4348 hominibus

2027 4399 2195 4438 mors.
2250 4383 2389 4451 Quia
2449 4394 2633 4439 autem
2687 4386 2894 4453 absque
2954 4397 3183 4455 peccato
3245 4385 3502 4442 intremus
3549 4394 3635 4443 est

2028 4479 2306 4544 Cbrisms,
2346 4478 2480 4548 quid.
2506 4479 2677 4549 igitur
2710 4479 2765 4533 in
2801 4478 2890 4532 illo
2916 4478 3058 4548 juris
3094 4480 3327 4533 habebat
3359 4478 3631 4547 diabolus,

2031 4583 2092 4627 ut
2128 4574 2403 4628 occideret
2434 4574 2651 4640 ipsum?
2674 4574 2850 4642 Atque
2886 4574 2959 4626 ita
2989 4574 3115 4643 quia
3152 4574 3349 4643 injuste
3382 4586 3633 4631 mortuus

2030 4677 2136 4729 est,
2192 4666 2323 4720 vicit
2352 4682 2475 4721 eum
2508 4682 2536 4718 a
2580 4682 2691 4737 quo
2726 4667 2944 4722 occisus
2974 4676 3059 4722 est
3094 4683 3110 4721 :
3161 4679 3217 4723 et
3262 4669 3341 4723 sic
3380 4667 3635 4724 liberavit

2031 4760 2297 4812 Adamum
2330 4775 2357 4812 a
2393 4768 2589 4814 morte.
2618 4774 2737 4827 quae
2764 4758 2838 4813 illi
2874 4760 3024 4828 juste
3056 4758 3417 4827 inferebatur,
3450 4771 3637 4832 utpote

2031 4851 2078 4903 ei
2116 4849 2205 4918 qui
2241 4861 2511 4919 peecarat.
2550 4850 2615 4905 Et
2648 4852 2846 4907 aliter:
2888 4854 3006 4908 Duo
3041 4853 3257 4909 fuerunt
3290 4871 3410 4926 qua:
3459 4856 3636 4911 domi-

2036 4943 2183 4996 nium
2230 4942 2505 4997 babebaut
2553 4943 2605 4996 in
2658 4943 2957 4999 humanum
2988 4962 3207 5015 genus:
3260 4948 3533 5016 voluptas,
3582 4959 3639 5004 ct

2034 5034 2279 5089 tristitia.
2318 5034 2358 5087 A
2392 5032 2611 5089 duobus
2645 5046 2826 5089 autem
2860 5036 2968 5090 illis
3004 5038 3240 5091 invictus
3276 5049 3526 5107 repertus
3555 5050 3639 5095 est

2034 5129 2319 5183 Dominus.
2377 5128 2510 5182 Nam
2564 5129 2845 5185 immiserat
2904 5132 3126 5200 quidem
3180 5134 3333 5202 prius
3388 5132 3537 5187 illum
3583 5134 3637 5188 in

2034 5232 2238 5289 monte,
2274 5232 2491 5275 teutans
2520 5238 2615 5289 per
2650 5222 2983 5293 voluptatem
3017 5242 3028 5276 :
3058 5236 3111 5278 et
3140 5241 3263 5278 eum
3290 5227 3639 5294 experiretur

2039 5314 2141 5368 hac
2188 5316 2272 5367 via
2313 5315 2457 5369 vinei
2500 5331 2607 5368 non
2644 5331 2804 5384 posse
2829 5356 2845 5382 ,
2882 5316 3148 5384 majorem
3200 5329 3384 5387 postea
3424 5320 3639 5374 machi-

2039 5423 2187 5471 nam,
2224 5408 2505 5461 tristitiam
2559 5408 2791 5470 scilicet,
2848 5409 3135 5474 adhibuit,
3188 5420 3245 5462 ut
3296 5410 3489 5465 saltem
3542 5426 3639 5480 per

2038 5502 2185 5554 illam
2241 5500 2555 5555 devinceret
2600 5518 2611 5553 :
2676 5510 2731 5555 et
2768 5512 3055 5570 prepterea
3098 5505 3394 5557 commovit
3454 5506 3635 5557 omnia

2035 5604 2225 5651 contra
2260 5594 2407 5649 illum
2448 5610 2461 5647 :
2496 5594 2815 5665 discipulos,
2851 5606 2911 5651 ut
2961 5606 3257 5665 negarent;
3314 5598 3546 5662 milites,
3580 5609 3639 5657 ut
