4078 6330
545 272 639 337 121
659 272 680 336 ι
1387 267 1966 334 THEOPHYLACTI
2008 267 2416 331 BULGARIJE
2444 265 2794 327 ARCHIEP.
3667 254 3806 319 1212

530 388 850 451 illuderent;
886 371 1296 455 praetereuntes,
1333 393 1390 438 ut
1421 382 1860 452 blasphemarent
1891 399 1906 448 ;
1967 392 2020 437 et
2055 385 2106 437 iu

2239 383 2305 436 ἱιά
2333 381 2538 454 ταύτης
2563 381 2697 450 γοῦν
2730 379 2985 452 κρατήσῃ
3006 377 3172 432 αὑτοῦ
3195 395 3210 411 ο
3237 377 3330 432 καὶ
3360 378 3448 432 διὰ
3480 373 3642 431 τοῦτο
3667 395 3808 448 παρ-

530 499 740 540 summa
774 480 1005 544 Judzeos,
1041 488 1098 532 ut
1124 477 1503 546 cruciﬁgerent
1540 494 1554 543 ;
1591 486 1645 532 et
1674 479 1751 531 sic.
1781 491 1998 547 quoque
2028 477 2111 531 iu-

2239 476 2435 544 ικίνησε
2477 477 2652 530 πάντα
2691 475 2813 528 κατ’
2859 473 3050 538 αὑτοῦ,
3081 474 3212 538 τοὺς
3263 473 3514 544 μαθητὰς
3558 472 3806 540 ἀρνήσα-

535 576 738 629 victum
781 571 1064 640 comperit.
1109 569 1223 622 Non
1288 568 1433 621 enim
1500 567 1677 635 potuit
1730 567 1910 621 crucis
1960 566 2114 622 dolor

2239 568 2375 629 ιθαι,
2396 567 2523 630 τοὺς
2545 565 2884 638 στρατιώτας
2914 566 3231 637 ἐμπαίζειν,
3260 567 3387 630 τοὺς
3420 581 3810 638 παραπορευο-

531 661 749 719 edicere
780 672 838 715 ut
867 659 1251 728 cruciﬁgeutes
1288 658 1510 712 haberet
1539 658 1664 711 odio
1687 697 1701 721 ,
1733 659 1827 711 sed
1857 658 2114 727 diligebat

2239 659 2422 724 ιένους
2475 659 2841 730 βλασφημεῖν,
2909 661 3007 715 καὶ
3077 660 3266 724 ἁπλῶς
3323 662 3452 720 τοὺς
3519 660 3811 722 Ἰουδαίους

533 770 647 820 eos,
683 761 736 807 et
794 768 891 820 pro
922 753 999 805 eis
1062 747 1250 806 orabat
1283 749 1468 803 dicens
1501 766 1513 800 :
1551 766 1568 798 ι
1610 746 1687 800 Ne
1731 756 1943 802 statuas
1985 747 2111 809 illis,

2239 751 2552 804 θανατῶσαι.
2613 751 2774 806 Ἀλλὰ
2800 751 2894 804 καὶ
2927 750 3099 815 οὕτως
3132 746 3292 822 εὗρεν
3322 751 3487 804 αὑτὸν
3514 752 3809 820 ἀήττητον.

536 846 715 908 Pater,
749 855 1028 915 peccatum
1086 844 1263 897 hocm
1301 841 1468 896 Vides
1496 841 1768 910 quomodo
1797 839 1987 894 vicerit
2016 853 2110 905 per

2239 845 2296 898 )6
2330 846 2440 916 γὰρ
2471 844 2711 916 ἠδυνήθη
2742 846 2799 898 ἐν
2824 843 2902 915 τῷ
2927 843 3149 916 σταυρῷ
3174 844 3320 913 λύπη
3353 847 3542 898 πεῖσαι
3578 843 3672 898 τὸν
3703 843 3813 897 Κύ-

537 943 640 995 hoc
697 942 894 1010 ipsum,
950 956 1046 1009 per
1095 940 1236 1006 quod
1278 939 1564 993 videbatur
1619 939 1800 992 victus
1838 935 1993 991 esse?
2023 934 2114 990 Sic

2239 954 2343 990 otov
2397 937 2631 1006 μισῆσαι
2678 939 2804 1002 τοὺς
2846 940 3250 1010 σταυροῦντας,
3293 937 3430 992 ἀλλὰ
3461 937 3572 1009 γὰρ
3619 938 3812 1008 ἠγάπα

537 1033 698 1100 igitur
733 1031 992 1085 exaltatio
1025 1038 1079 1085 et
1108 1030 1274 1098 gloria
1309 1029 1447 1096 ejus.
1477 1043 1608 1084 crux
1642 1027 1764 1082 fuit.

2225 1029 2390 1082 πάλιν
2419 1031 2514 1084 καὶ
2540 1030 2881 1103 ὑπερηύχετς
2911 1031 3117 1101 λέγων’
3165 1051 3183 1084 ι
3229 1033 3322 1102 Μὴ
3357 1033 3562 1105 στήσῃς
3591 1032 3809 1095 αὐτοῖς,

538 1125 744 1194 Πάτερ,
777 1124 876 1194 τὴν
907 1123 1186 1194 ἁμαρτίαν
1212 1121 1438 1194 ταύτην.
1486 1139 1504 1172 ι
1553 1121 1719 1192 Ὁρᾷς
1780 1136 1898 1184 πως
1953 1120 2239 1192 νενίκηκεν
2280 1124 2338 1176 ἐν
2377 1115 2423 1191 ᾧ
2453 1123 2628 1177 ἐδόκει
2694 1123 3004 1195 ﬁte-dabat;
3052 1123 3240 1189 Οὕτως
3277 1119 3372 1179 οῦν
3438 1123 3537 1178 καὶ
3601 1123 3814 1194 ῦψωσις

535 1216 702 1270 αὑτοῦ
736 1217 830 1269 καὶ
859 1213 984 1279 δόξα
1015 1215 1237 1282 γέγονεν
1274 1215 1302 1266 6
1334 1213 1586 1283 σταυρός.

612 1306 776 1362 Vens.
811 1306 995 1362 15-”.
1036 1325 1054 1359 ι
1104 1307 1196 1362 Sic
1245 1307 1389 1361 enim
1435 1309 1574 1363 Deus
1612 1309 1802 1365 dilexit
1834 1310 2115 1373 mundum,

537 1407 597 1454 ut
650 1397 844 1452 Filium
896 1412 1053 1452 suum
1093 1398 1430 1464 unigenitum
1479 1399 1668 1463 daret,
1703 1408 1759 1453 ιιι
1797 1401 1977 1455 omnis
2025 1400 2117 1469 qui

544 1490 711 1546 credit
745 1491 795 1543 in
827 1504 948 1545 eum
973 1530 987 1552 ,
1020 1504 1122 1544 non
1156 1497 1380 1556 pereat,
1419 1491 1512 1544 sed
1543 1491 1736 1546 haheat
1771 1493 1934 1547 vitam
1962 1502 2121 1548 teter-

542 1595 688 1637 nam.
723 1579 838 1634 Non
885 1580 1032 1633 enim
1067 1580 1215 1633 misit
1255 1579 1395 1635 Deus
1425 1580 1622 1636 Filium
1680 1598 1837 1638 suum
1871 1585 1925 1638 in
1963 1600 2118 1639 mune

544 1673 674 1726 dum
704 1680 762 1726 ut
787 1673 1114 1727 condemnet
1140 1673 1399 1727 mundum
1430 1691 1444 1727 :
1479 1674 1576 1730 sed
1605 1684 1664 1728 ut
1693 1686 1941 1731 servetur
1963 1693 2118 1731 mun-

551 1763 653 1819 dus
683 1777 778 1832 per
810 1777 956 1818 eum.
993 1782 1012 1814 ι
1047 1762 1176 1817 Mira
1211 1764 1302 1818 Dei
1335 1779 1461 1833 erga
1495 1768 1754 1822 mundum
1793 1768 2032 1835 dilectio,
2065 1779 2121 1824 et

547 1865 720 1919 tanta,
763 1865 822 1910 ut
852 1871 956 1910 non
987 1855 1197 1916 dederit
1235 1857 1319 1910 vel
1351 1860 1694 1925 prophetam,
1729 1862 1810 1915 vel
1841 1862 2116 1933 angelum,

545 1947 640 2002 sed
673 1945 867 2000 Filium
913 1961 1095 2008 suum.
1147 1957 1311 2016 atque
1352 1948 1503 2003 illum
1532 1951 1895 2019 unigenitum.
1939 1954 2120 2024 Ange-

546 2037 656 2091 lum
692 2039 735 2092 si
768 2039 984 2109 quidem
1011 2041 1265 2109 dedisset,
1292 2057 1397 2097 non
1421 2053 1540 2099 erat
1568 2059 1653 2100 res
1683 2060 1869 2114 parva.
1900 2046 2126 2114 Quare?

546 2129 686 2196 Quia
717 2133 954 2202 angelus
987 2134 1204 2203 quidem
1236 2136 1490 2191 minister
1539 2137 1656 2207 ejus
1692 2137 1866 2194 ﬁdelis
1908 2149 1963 2195 et
2005 2156 2124 2196 ser-

547 2237 666 2287 vus.
688 2239 784 2279 nos
800 2234 974 2279 autem
999 2225 1201 2280 inimici
1230 2235 1284 2280 et
1303 2237 1600 2295 apostata:
1631 2243 1772 2283 nunc
1795 2239 1978 2284 autem
1997 2232 2127 2285 dato

551 2310 710 2380 Filio,
737 2322 939 2381 quanto
978 2313 1415 2370 excelleutiorem
1463 2315 1714 2372 exhibuit
1757 2319 2120 2374 charitateml

551 2403 682 2460 Item
719 2406 764 2459 si
801 2408 997 2461 multos
1026 2407 1232 2462 habens
1283 2405 1422 2461 ﬁlios
1461 2423 1625 2461 unum
1660 2407 1914 2470 dedisset.
1945 2417 1997 2462 οι
2026 2409 2130 2464 hoc

553 2498 847 2555 maximum
883 2499 1076 2555 fuisset
1104 2518 1119 2568 ;
1151 2515 1292 2555 nunc
1323 2514 1452 2555 vero
1488 2500 1828 2570 Uuigenitum
1854 2500 2131 2573 δωδε-

563 2592 663 2648 dit.
695 2592 867 2664 lgitur
912 2593 1124 2646 benitas
1155 2594 1313 2661 digne
1352 2592 1620 2648 laudanda
1665 2603 1769 2649 est.
1813 2595 1998 2648 Ariani
2035 2609 2131 2648 au-

558 2684 894 2763 temﬂicunt
926 2685 1072 2752 quod
1105 2683 1427 2754 Unigenltus
1477 2685 1690 2740 dicatur
1717 2700 1779 2740 eo
1817 2687 1960 2755 quod
1987 2687 2134 2743 solus

563 2773 679 2845 ipse
708 2773 886 2830 factus
912 2775 981 2830 sit
1019 2783 1073 2829 et
1102 2777 1353 2831 conditus
1379 2793 1408 2831 a
1439 2775 1568 2844 Deo,
1603 2779 1785 2832 omnia
1821 2788 2000 2834 autem
2027 2782 2130 2835 alia

561 2866 762 2922 abillo.
791 2867 996 2933 Quibus
1024 2867 1343 2937 simpliciter
1374 2871 1796 2940 respondemus:
1830 2871 1886 2928 Si
1913 2873 2129 2944 quidem

562 2958 882 3030 Unigenitus
913 2958 1089 3013 dictus
1126 2958 1338 3026 fuisset,
1371 2975 1468 3016 nec
1510 2962 1748 3017 additum
1773 2972 1916 3019 esset
1938 2965 2130 3032 Filius,

2301 1327 2321 1360 ι
2367 1307 2525 1363 Οὕτω
2564 1308 2671 1378 γὰρ
2713 1307 3002 1380 ἠγάπησεν
3041 1309 3070 1361 6
3102 1307 3237 1371 Θεὸς
3293 1308 3386 1361 τὸν
3416 1307 3642 1378 κόσμον,
3670 1305 3813 1361 ὥστε

2222 1401 2313 1454 τὸν
2359 1401 2488 1453 Υίὸν
2541 1398 2709 1453 αὑτοῦ
2753 1400 2845 1453 τὸν
2898 1401 3167 1470 μονογενῆ
3218 1398 3442 1459 εδωκεν,
3499 1399 3590 1452 ἵνα
3647 1398 3756 1460 πᾶς
3784 1399 3815 1450 6

2229 1493 2506 1547 πιστεύων
2537 1494 2616 1556 είς
2649 1492 2836 1556 αὑτὸν,
2880 1492 2953 1564 μὴ
2986 1492 3316 1562 ἁπόλληται,
3353 1490 3471 1544 ἀλλ’
3519 1491 3622 1564 Im
3668 1489 3816 1558 ζωὴν

2223 1585 2461 1640 αίώνιον.
2491 1586 2568 1639 Οὑ
2608 1586 2718 1656 γὰρ
2740 1585 3058 1639 ἀπέστειλεν
3106 1585 3135 1638 6
3175 1585 3309 1648 Θεδς
3341 1584 3434 1636 τὸν
3465 1581 3598 1636 Υίὸν
3632 1581 3806 1636 αὑτοῦ

2226 1681 2307 1742 εἰς
2373 1679 2466 1732 τὸν
2527 1678 2729 1748 κόσμον
2776 1679 2864 1732 ἶνα
2919 1679 3081 1750 κρίνῃ
3119 1677 3212 1730 τὸν
3263 1678 3496 1747 κόσμον,
3553 1676 3674 1729 ἀλλ’
3726 1677 3815 1729 ἵνα

2226 1771 2372 1842 σωθῇ
2397 1773 2425 1824 6
2458 1771 2663 1842 κόσμος
2693 1771 2760 1824 δι’
2791 1770 2982 1825 αὑτοῦ.
3022 1791 3040 1823 ι
3075 1770 3253 1841 Πολλὴ
3276 1771 3310 1842 ὴ
3334 1770 3434 1840 τῆς
3468 1771 3694 1839 ἀγάπης
3720 1768 3813 1822 τοῦ

2225 1865 2364 1918 Θεοῦ
2408 1866 2544 1933 πρὸς
2586 1865 2676 1917 τόν
2706 1865 2910 1934 κόσμον
2951 1864 3222 1929 ἐπίτασις,
3255 1864 3349 1918 καὶ
3377 1861 3646 1932 τοσαύτη,
3674 1861 3814 1916 ὥστε

2194 2009 2200 2013 _
2227 1959 2326 2013 οὐκ
2351 1958 2604 2027 ἄγγελον,
2637 1959 2697 2012 ού
2729 1959 3018 2029 προφήτην
3047 1956 3253 2021 δοῦναι,
3287 1955 3422 2009 ἀλλὰ
3444 1955 3538 2008 τὸν
3567 1954 3696 2007 Υίδν
3721 1953 3814 2006 αύ-

2227 2051 2345 2117 τοῦ,
2393 2051 2486 2104 καὶ
2527 2051 2714 2104 τοῦτον
2751 2051 3037 2120 μονογενῆ.
3078 2051 3185 2103 Καὶ
3217 2047 3450 2117 ἄγγελον
3475 2048 3576 2117 μὲν
3622 2048 3737 2117 γὰρ
3765 2047 3812 2099 εἰ

2229 2145 2449 2211 ἔδωκεν,
2482 2144 2634 2197 οὐδὲν
2649 2143 2789 2198 οὕτω
2814 2141 3009 2214 μικρὸν
3028 2137 3094 2213 ἦν
3111 2141 3172 2195 τὸ
3195 2143 3344 2212 πρᾶγ
3355 2159 3448 2210 μα.
3473 2138 3654 2206 Διατί;
3673 2139 3814 2194 Διότι

2229 2242 2258 2294 6
2285 2239 2386 2309 μὲν
2409 2238 2660 2307 ἄγγελος,
2694 2234 3124 2300 διάκονοςῐαὺτοῦ
3153 2235 3343 2296 πιστὸς
3373 2233 3469 2288 καὶ⁸
3500 2233 3814 2305 ὑπηρέτης·

2231 2333 2391 2402 ἡμεῖς
2431 2331 2510 2394 δὲ,
2547 2329 2732 2398 ἐχθροὶ
2767 2331 2863 2382 καὶ
2895 2328 3225 2383 ἀποστάται.
3261 2327 3378 2382 Νῦν
3412 2327 3468 2381 δὶ
3510 2327 3646 2381 Υίδν
3673 2328 3816 2390 δοὺς,

2234 2424 2394 2478 ποίαν
2444 2421 2746 2491 ὑπερϐολὴν
2783 2423 3008 2491 ἀγάπης
3049 2421 3309 2492 παρῆκες
3357 2420 3550 2485 Πάλιν,
3605 2422 3656 2474 εί
3692 2421 3816 2473 πολ-

2237 2517 2364 2579 λοὺς
2391 2516 2531 2586 ἔχων
2562 2515 2731 2580 υἱοὺς,
2761 2516 2857 2569 ἕνα
2897 2514 3099 2569 δέδωκε
3121 2556 3136 2582 ,
3179 2515 3275 2569 καὶ
3303 2514 3464 2568 τοῦτο
3493 2513 3784 2584 ὑπέρμεγα
3803 2531 3817 2544 ·

2236 2609 2330 2662 νῦν
2364 2609 2419 2661 δὲ
2453 2608 2546 2660 τὸν
2579 2607 2858 2678 Μονογενῆ
2889 2607 3139 2662 δέδωκεν.
3175 2609 3320 2678 "Ap:
3353 2605 3446 2660 οῦν
3473 2606 3626 2658 ἔστιν
3659 2606 3818 2672 ἀξίως

2236 2703 2474 2773 ὑμνῆσαι
2513 2701 2610 2773 τὴν
2658 2699 2995 2771 ὰγαθότητα.
3034 2701 3098 2753 Οί
3137 2701 3195 2753 δὲ
3247 2700 3524 2768 Ἀρειανοὶ
3563 2699 3819 2765 λέγουσιν

2237 2797 2322 2849 ὅτι
2373 2792 2683 2865 Move-{avi};
2730 2793 2972 2862 λέγεται,
3018 2792 3153 2846 διότι
3200 2792 3364 2854 αὐτὸς
3397 2791 3561 2862 μόνος
3606 2792 3818 2859 γέγονε,

2238 2891 2334 2946 καὶ
2363 2891 2590 2960 ἐκτίσθη
2620 2890 2726 2943 ὑπὸ
2758 2888 2918 2953 Θεοῦ,
2961 2888 3033 2941 τὰ
3065 2884 3109 2941 δ’
3136 2887 3272 2941 ἄλλα
3300 2885 3480 2940 πάντα
3508 2885 3604 2938 ὑπ’
3633 2883 3817 2939 αὑτοῦ.

2239 2986 2381 3056 Πρὸς
2420 2983 2515 3048 οὓς
2569 2983 2774 3047 ἁπλοῦς
2821 2985 2850 3036 6
2897 2983 3077 3051 λόγος,
3126 2981 3208 3033 ὅτι
3240 2981 3304 3033 Εἰ
3354 2981 3454 3050 μὲν
3508 2979 3820 3050 Μονογενης

568 3054 796 3110 haberet
826 3053 1087 3108 rationem
1127 3054 1411 3122 impudens
1441 3065 1678 3110 vestrum
1712 3068 2078 3113 commentum
2114 3078 2125 3113 :

2240 3053 2462 3146 ἐλέγετο
2495 3077 2666 3147 χωρίς
2696 3075 2791 3128 τοῦ
2825 3075 2973 3138 Υἱὸς,
3023 3067 3170 3143 εἶχεν
3221 3072 3288 3126 ἂν
3325 3071 3482 3141 λόγον
3508 3071 3572 3124 τὺ
3614 3070 3825 3140 κομψὸν

565 3157 619 3202 at
654 3161 797 3202 nunc
829 3163 950 3202 cum
1001 3165 1108 3203 non
1153 3149 1327 3204 solum
1360 3148 1704 3218 Uuigcnitus,
1749 3155 1843 3205 sed
1874 3161 1927 3206 et
1969 3152 2135 3206 Filius

559 3239 790 3304 dicatur,
811 3255 919 3294 non
944 3241 1206 3310 permittit
1229 3243 1309 3295 sic
1333 3243 1633 3312 intelligere
1659 3243 2003 3312 Unigenitum
2031 3245 2134 3315 (α),

561 3329 655 3385 Sed
687 3331 796 3384 vult
833 3330 977 3385 illum
1007 3332 1181 3387 solum
1213 3347 1276 3387 ex
1310 3331 1474 3388 Patre
1507 3345 1709 3390 natum.
1749 3337 1880 3391 Vide
1932 3341 2135 3404 autenf,

566 3437 686 3488 oro,
714 3425 856 3492 quod
889 3424 1030 3478 sicut
1060 3440 1219 3494 supra
1250 3427 1382 3480 dixit
1421 3427 1612 3482 Filium
1646 3430 1882 3486 hominis
1913 3433 2137 3487 descen-

565 3514 715 3570 disse
765 3516 831 3570 de
869 3517 1029 3582 coelo,
1067 3520 1315 3586 quamvis
1376 3535 1480 3574 non
1533 3521 1869 3577 descenderit
1904 3539 2032 3578 caro
2071 3524 2139 3578 de

566 3603 727 3667 caelo,
756 3604 850 3659 sed
875 3615 1092 3674 propter
1117 3624 1274 3660 unam
1301 3625 1588 3677 personam
1615 3623 1666 3664 et
1693 3628 1854 3666 uuam
1887 3614 2140 3683 hyposta-

565 3694 692 3759 sim,
734 3683 796 3750 ea
826 3712 944 3766 qum
988 3698 1079 3753 Dei
1109 3711 1259 3769 sunt,
1293 3702 1543 3755 attribuit
1573 3702 1779 3756 homini
1811 3722 1822 3755 :
1855 3703 1927 3756 ita
1957 3717 2011 3758 et
2037 3705 2140 3760 hoc

563 3786 704 3852 loco,
741 3803 801 3845 ea
835 3804 953 3858 qua:
1003 3792 1235 3846 hominis
1283 3804 1428 3860 sunt,
1483 3796 1733 3850 attribuit
1777 3797 1953 3854 Verbo
2011 3799 2138 3853 Deo.

566 3878 724 3934 Dedit
749 3881 911 3950 enim,
944 3884 1138 3953 inquit,
1183 3885 1322 3940 Deus
1355 3885 1547 3940 Filium
1579 3903 1736 3942 suum
1776 3889 1827 3942 iu
1858 3902 2087 3945 mortem
2120 3911 2132 3947 :

565 3973 812 4040 quamvis
861 3974 1210 4040 impassibilis
1257 3979 1614 4046 permanserit
1666 3978 1862 4035 Deus:
1902 3991 2138 4036 attamen

567 4061 692 4132 quia
722 4079 864 4119 unus
897 4073 951 4120 et
991 4067 1130 4121 idem
1168 4067 1268 4122 fuit
1301 4085 1394 4137 per
1424 4071 1779 4141 hypostasim,
1807 4084 1863 4126 et
1887 4075 1975 4141 qui
2008 4073 2142 4128 Ver-

567 4155 693 4209 bum
727 4156 840 4220 Dei,
871 4165 926 4211 et
960 4159 1122 4214 homo
1152 4162 1242 4229 qni
1279 4177 1374 4231 pro
1396 4163 1552 4219 nobis
1584 4166 1813 4232 patiens,
1847 4166 2017 4221 Filius
2071 4170 2146 4222 di-

565 4246 708 4299 citur
736 4246 893 4302 datus
964 4264 1107 4313 esse,
1139 4252 1195 4306 in
1232 4264 1492 4323 quantum
1532 4265 1585 4311 et
1623 4271 1751 4312 vere
1792 4273 2005 4326 passus,
2037 4277 2142 4313 non

566 4336 621 4392 in
657 4353 751 4394 sua
783 4349 1000 4408 natura,
1042 4345 1134 4400 sed
1171 4347 1223 4399 in
1262 4362 1358 4400 sua
1407 4364 1592 4404 carne.
1640 4349 1790 4416 Quod
1840 4352 2019 4406 autem
2061 4353 2142 4407 lu-

566 4447 742 4498 crum,
774 4433 891 4487 dari
927 4433 1164 4490 Filium?
1192 4437 1236 4493 0
1270 4455 1544 4510 magnum,
1575 4451 1629 4495 et
1658 4458 1820 4513 supra
1851 4445 2140 4498 humanam

568 4533 803 4578 mentem
837 4527 850 4578 !
887 4535 944 4579 ιιι
978 4529 1156 4583 omnis
1184 4531 1274 4600 qui
1307 4533 1476 4587 credit
1502 4535 1554 4587 in
1588 4535 1759 4600 illum,
1788 4535 1896 4590 duo
1934 4537 2020 4590 illa
2056 4538 2141 4591 lu-

569 4621 752 4667 cretur
789 4631 803 4668 :
839 4632 1002 4669 unum
1040 4620 1253 4684 quidem
1278 4663 1292 4685 ,
1343 4623 1485 4688 quod
1537 4641 1640 4680 non
1679 4628 1816 4693 petit
1847 4647 1861 4696 ;
1891 4629 2144 4692 alterum,

568 4706 712 4774 quod
757 4707 919 4761 vitam
979 4711 1174 4778 habet,
1211 4725 1372 4782 atque
1425 4715 1591 4769 vitam
1646 4730 1931 4775 aeternam.
1981 4721 2146 4778 Vetus

567 4797 710 4851 enim
742 4799 824 4853 lex
866 4801 1212 4869 promittebat
1241 4820 1336 4861 eos
1368 4809 1457 4876 qui
1497 4809 1548 4862 in
1577 4809 1664 4863 illa
1701 4811 1808 4865 Deo
1842 4813 2142 4880 placebant,

571 4888 871 4958 implendas
909 4895 1242 4963 longitudine
1285 4900 1492 4955 dierum
1531 4922 1543 4957 :
1583 4905 1933 4974 Evangvlium
1963 4917 2140 4963 autem

575 4993 685 5032 non
751 4987 1133 5052 temporariam
1186 4991 1347 5045 vitam
1403 4995 1652 5064 largitur,
1726 4999 1818 5052 sed
1885 5009 2140 5054 aeternam

573 5076 630 5122 et
669 5070 1120 5130 indissolubilem.
1157 5080 1290 5143 Quia
1345 5085 1486 5136 enim
1545 5088 1650 5140 duo
1703 5099 1830 5143 sunt
1880 5091 2144 5146 adveums

571 5157 796 5229 Christi,
826 5173 880 5218 et
915 5163 1005 5219 ille
1029 5167 1118 5234 qui
1158 5169 1278 5236 fuit,
1309 5182 1364 5226 et
1389 5173 1474 5228 ille
1501 5178 1589 5246 qui
1621 5190 1876 5235 venturus
1911 5193 1994 5237 est
2026 5200 2039 5237 :
2077 5185 2144 5237 de

638 5317 687 5352 "
717 5319 848 5376 Luc.
871 5339 1026 5392 mu,
1059 5327 1147 5382 54.
1229 5331 1315 5385 ⁷⁹Ι
1345 5330 1500 5390 Joan.
1539 5353 1610 5392 IV.
1645 5339 1697 5392 9.

2243 3170 2396 3239 ὑμῶν
2451 3169 2670 3238 εὕρημα
2697 3186 2708 3198 ·
2741 3169 2836 3222 νῦν
2865 3169 2921 3221 δὲ
2960 3171 3099 3238 μετὰ
3133 3165 3227 3218 τοῦ
3252 3163 3599 3232 Μονογενοῦς
3631 3165 3726 3217 καὶ
3767 3162 3826 3216 τὸ

2243 3265 2371 3327 Υἱὸς
2402 3263 2716 3331 λεγόμενον,
2746 3262 2806 3314 οὐ
2831 3261 3044 3313 δίδωσιν
3065 3257 3207 3312 οὕτω
3230 3259 3372 3310 νοεῖν
3399 3256 3491 3308 τὸν
3515 3255 3822 3323 Μονογενῆ,

2239 3356 2376 3412 ἀλλὰ
2407 3357 2497 3408 τὸν
2535 3355 2695 3424 μόνον
2727 3352 3060 3422 γεννηθέντα
3089 3353 3152 3403 ὲκ
3190 3339 3290 3403 τοῦ
3321 3349 3558 3418 Πατρός.
3595 3349 3740 3417 Ὅρα
3770 3345 3825 3400 δέ

2245 3467 2355 3519 μοι,
2386 3450 2466 3502 ὅτι
2496 3448 2684 3517 ὥσπερ
2720 3447 2831 3499 ἄνω
2858 3442 3033 3508 εἶπεν,
3067 3444 3147 3497 ὅτι
3186 3445 3212 3496 6
3240 3443 3367 3506 Υίδς
3399 3442 3492 3494 τοῦ
3532 3439 3824 3510 ἀνθρώπου

2243 3542 2446 3610 κατέϐη
2486 3543 2549 3591 ἐκ
2587 3538 2682 3592 τοῦ
2713 3537 2972 3608 ούρανοῦ,
3001 3535 3178 3588 καίτοι
3209 3536 3270 3588 οὑ
3302 3532 3507 3603 κατέϐη
3540 3533 3573 3601 ή
3603 3531 3741 3602 σὰρξ
3768 3533 3828 3582 ὲκ

2240 3634 2334 3687 τοῦ
2367 3631 2630 3702 ούρανοῦ,
2673 3631 2787 3682 ἀλλ’
2831 3630 2980 3699 ὅμως
3038 3627 3128 3681 διὰ
3172 3626 3233 3678 τὸ
3271 3624 3329 3677 ἒν
3363 3624 3682 3694 πρόσωπον,
3735 3620 3828 3675 καὶ

2241 3729 2342 3790 τὴν
2393 3724 2522 3794 μίαν
2563 3723 2891 3783 ὑπόστασιν,
2943 3719 3012 3772 τὰ
3057 3718 3152 3772 τοῦ
3203 3715 3339 3770 Θεοῦ
3391 3715 3706 3786 προσέθηκε
3752 3714 3828 3782 τῷ

2245 3816 2548 3887 ἀνθρώπῳ·
2575 3814 2719 3867 οὕτω
2747 3810 3028 3866 κάνταῦθα
3055 3812 3114 3863 τὸ
3136 3808 3373 3880 ἔμπαλιν
3394 3807 3464 3860 τὰ
3493 3807 3590 3860 τοῦ
3622 3805 3830 3872 ἀνθρὼο

2245 3927 2348 3962 που
2379 3906 2700 3978 προστίθησι
2727 3903 2804 3974 τῷ
2833 3902 2952 3972 Θεῷ
2982 3903 3158 3972 Λόγῳ.
3189 3902 3400 3954 Ἔδωκε
3429 3900 3560 3970 γὰρ,
3591 3902 3780 3969 φησὶν,
3804 3900 3831 3952 6

2245 3996 2379 4052 Θεὸς
2406 3995 2496 4047 τὸν
2525 3993 2654 4046 Υίὺν
2680 3991 2847 4046 αὑτοῦ
2879 3993 2961 4054 εἰς
2989 3991 3238 4044 θάνατον·
3271 3991 3448 4044 καίτοι
3469 3992 3497 4044 6
3529 3989 3663 4053 Θεὸς
3690 3993 3832 4044 ἁπα-

2247 4087 2344 4158 θὴς
2374 4087 2643 4157 διέμεινεν
2669 4103 2681 4116 ·
2715 4085 2832 4138 ἀλλ’
2864 4084 2985 4139 ἐπεὶ
3035 4079 3119 4147 είς
3150 4085 3242 4138 καὶ
3268 4085 3296 4136 6
3340 4083 3502 4146 αὐτὸς
3542 4083 3666 4136 καθ’
3703 4083 3832 4137 ὑπό⁴

2250 4198 2438 4234 στασιν
2485 4176 2551 4251 ἦν
2592 4181 2619 4233 ὅ
2667 4197 2726 4233 τε
2761 4180 2854 4232 τοῦ
2905 4178 3041 4233 Θεοῦ
3098 4179 3300 4247 Λόγος,
3362 4178 3459 4230 καὶ
3507 4179 3534 4230 6
3580 4179 3651 4230 τὰ
3688 4179 3833 4247 πάθη

2250 4273 2614 4341 ὑφιστάμενος
2641 4271 2961 4341 ἄνθρωπος·
2999 4273 3027 4325 ὁ
3066 4271 3193 4334 Υἱὸς
3221 4269 3440 4338 λέγεται
3480 4267 3747 4334 διδόσθαι,
3778 4269 3833 4332 ὃς

2252 4365 2343 4417 καὶ
2388 4363 2604 4433 ἀληθῶς
2635 4365 2876 4431 ἔπασχεν
2912 4365 2970 4416 ὲν
3001 4366 3067 4433 τῇ
3098 4363 3276 4434 οἰκείᾳ
3307 4361 3470 4432 σαρκί
3501 4361 3636 4429 (19).
3673 4361 3739 4414 Τί
3783 4362 3836 4414 δὲ

2248 4453 2308 4506 τὸ
2339 4453 2527 4522 κέρδος
2553 4452 2647 4504 τοῦ
2681 4453 2904 4524 δοθῆναι
2938 4453 3030 4506 τὸν
3063 4454 3227 4518 Υίόν;
3276 4453 3364 4516 Ὠς
3400 4454 3543 4522 μέγα
3575 4455 3669 4505 καὶ
3698 4452 3837 4523 ὑπὲρ

2250 4545 2460 4598 ἔννοιαν
2497 4543 2874 4614 ἀνθρωπίνην,
2910 4543 2998 4597 ἵνα
3030 4545 3136 4607 πᾶς
3168 4545 3196 4596 ὁ
3229 4542 3505 4596 πιστεύων
3551 4543 3632 4605 είς
3655 4542 3835 4608 αὑτὸν,

2247 4635 2339 4689 δύο
2367 4635 2540 4689 ταῦτα
2581 4637 2817 4709 κερδάνῃ
2839 4651 2852 4665 °
2888 4637 2945 4689 ἓν
2979 4638 3102 4706 μὲν,
3134 4636 3196 4690 τὸ
3228 4637 3304 4706 μὴ
3351 4637 3693 4690 ἀπολέσθαι·
3724 4638 3838 4690 ἓτε-

2253 4746 2342 4798 ρον
2379 4729 2475 4790 δὲ,
2525 4729 2585 4781 τὸ
2630 4729 2727 4782 καὶ
2775 4728 2922 4798 ζωὴν
2967 4728 3132 4800 ἔχειν,
3184 4731 3280 4782 καὶ
3332 4731 3539 4800 ταύτην
3595 4729 3834 4783 αἰώνιον.

2262 4818 2320 4872 Ἡ
2360 4820 2459 4888 μὲν
2493 4820 2600 4888 γὰρ
2641 4819 2875 4885 Παλαιὰ,
2933 4821 3060 4882 τοὺς
3112 4823 3169 4874 ἐν
3195 4821 3366 4891 ταύτῃ
3406 4819 3836 4893 εύαρεστοῦντας

2253 4913 2327 4982 τῷ
2361 4914 2500 4983 Θεῷ,
2542 4912 2889 4986 μακρότητος
2914 4914 3142 4985 ἡμερῶν
3177 4915 3460 4986 ὲμπιπλᾷν
3496 4916 3832 4986 ὑπισχνεῖτο·

2253 5006 2312 5057 τὸ
2335 5006 2412 5068 ,δὲ
2443 5006 2796 5074 Εὑαγγέλιον,
2823 5007 2882 5058 ού
2916 5007 3242 5078 προσκαίρῳ
3270 5007 3382 5079 ζωῇ
3435 5009 3831 5077 φιλοτιμεῖται,

2251 5097 2386 5149 ἀλλὰ
2413 5100 2506 5151 καὶ
2540 5101 2744 5170 αἰωνίῳ
2769 5101 2866 5154 καὶ
2899 5099 3247 5173 ἀκαταλύτῳ.
3300 5101 3458 5155 Ἐπεὶ
3485 5102 3543 5155 δὲ
3575 5101 3668 5154 δύο
3700 5101 3834 5155 είσὶν

2252 5189 2308 5240 at
2342 5187 2434 5241 τοῦ
2487 5191 2722 5260 Χριστοῦ
2764 5190 3088 5262 παρουσίαι,
3132 5192 3168 5263 ἠ
3211 5209 3272 5245 τε
3326 5191 3432 5264 ήδη
3465 5192 3832 5264 γεγενημένη,

1525 5457 1615 5515 Ex
1651 5455 1994 5520 collatione
2028 5465 2210 5528 codd.
2250 5467 2478 5528 Venet.
2513 5466 2572 5526 S.
2609 5467 2829 5528 Mam.

642 5568 754 5639 (l9)
793 5567 927 5624 Cod.
980 5571 1042 5625 51
1078 5573 1326 5644 plenius:
1368 5579 1461 5641 Ὃς
1491 5581 1579 5633 καὶ
1611 5582 1825 5652 ἀληθῶς
1852 5586 2106 5657 ἔπασχεν,

2249 5591 2312 5658 τῇ
2344 5589 2521 5658 οἰκείᾳ
2559 5589 2740 5656 φύσει,
2779 5590 2915 5647 ἀλλὰ
2950 5594 3015 5664 τῇ
3045 5590 3219 5663 οἰκείᾳ
3249 5592 3435 5665 σαρκί.

645 5708 722 5777 (α)
751 5708 889 5765 Edil.
923 5709 1039 5768 Lul.
1077 5735 1178 5773 non
1211 5721 1362 5777 halitl
1403 5722 1740 5789 uniqenitum.
