4078 6330
325 215 464 285 12ιῖ

996 221 1453 288 ENARRATIO
1493 226 1578 290 IN
1619 207 2133 292 EVANGELIUM
2171 229 2793 303 IOANNIS.-CAP.
2842 239 2966 303 III.

3524 245 3664 316 12M

322 338 469 411 καὶὴ
495 337 782 410 μέλλουσα,
811 338 940 411 περλ⁸
964 340 1066 412 τῆς
1114 340 1393 415 προτέρας
1421 346 1573 416 λέγει
1599 350 1916 420 παρουσίαςε

2037 351 2223 421 priore
2250 355 2485 412 adventu
2524 358 2679 426 dicit,
2709 359 2857 431 quod
2893 374 3002 416 non
3036 358 3242 419 missus
3271 360 3344 419 sit
3373 361 3547 419 Filius
3586 376 3654 423 ut

321 431 405 487 ὅτι
436 432 537 487 οὐκ
568 432 848 503 ἀπεστάλη
882 435 910 485 6
934 432 1062 498 Υἱὸς
1120 435 1209 496 ἵνα
1239 438 1549 511 κατακρίνῃ
1576 438 1669 493 τὸν
1701 442 1928 511 κόσμον.

335 523 494 580 Ἐπεὶ
523 526 573 579 εί
607 527 700 579 ἐπὶ
751 524 914 581 τοῦτο
939 524 1095 600 ἦλθε,
1136 531 1341 595 πάντες
1366 532 1435 588 ἂν
1478 538 1891 610 κατεκρίθησαν
1912 556 1926 571 °

323 617 528 682 πᾶντες
554 617 663 689 γὰρ
696 618 973 689 ἥμαρτον,
1002 621 1147 676 καθά
1180 625 1276 677 καὶ
1308 625 1524 691 Παῦλός
1558 646 1728 699 φησιν
1747 646 1762 662 ⁶
1792 629 1931 684 ἀλλά

325 709 761 779 προηγουμένως
797 711 889 765 ἐπὶ
931 712 990 766 τὸ
1024 714 1201 769 σῶσαι
1257 716 1350 770 τὸν
1404 718 1611 789 κόσμον
1642 716 1799 792 ἦλθε,
1833 725 1931 779 καὶ

324 802 484 857 τοῦτο
514 805 717 868 σκοπὸς
744 800 813 877 ἦν
841 807 990 879 αὐτῷ
1012 823 1029 838 ·
1065 809 1207 864 κατά
1257 812 1613 884 συμϐεϐηκὸς
1652 815 1710 869 δὲ
1747 817 1928 888 κρίνει

319 900 449 964 τοὺς
483 899 557 971 μὴ
596 902 1024 968 πιστεύσαντας.
1071 908 1132 961 '0
1167 909 1355 979 μέντοι
1389 910 1691 976 Μωσαῖκὸς
1735 916 1925 987 νόμος,

320 996 759 1067 προηγουμένως
790 998 872 1061 είς
906 998 1132 1069 ἔλεγχον
1160 999 1265 1071 τῆς
1314 1003 1596 1074 ἁμαρτίας
1624 1001 1759 1077 ἦλθε
1779 1047 1796 1074 ,
1832 1011 1929 1063 καὶ

316 1087 657 1156 κατάκρισιν
684 1087 1298 1160 τῶνπαραϐαινόντων.
1328 1095 1524 1149 Οὑδενὶ
1553 1098 1665 1170 γὰρ
1692 1098 1929 1170 συνεχώ-

317 1193 423 1247 ρει,
456 1178 574 1231 ἀλλ’
611 1178 728 1249 ἅμα
774 1197 836 1235 τε
882 1174 1045 1253 εὗρεν
1094 1184 1489 1256 ἁμαρτάνοντά
1526 1206 1616 1257 τι,
1666 1192 1764 1245 καὶ
1807 1192 1926 1263 ἅμα

312 1271 417 1340 τὴν
454 1271 612 1341 δίκην
645 1274 873 1343 ἐπῆγεν.
915 1275 980 1330 Ἠ
1020 1278 1122 1348 μὲν
1160 1275 1254 1333 οὖν
1288 1281 1483 1354 πρώτη
1514 1286 1790 1355 παρουσία
1824 1287 1926 1341 οὐκ

312 1360 431 1436 εἶχε
461 1365 666 1419 σκοπὸν
690 1368 751 1420 τὸ
775 1369 1009 1438 κρίνειν,
1034 1374 1083 1425 εί
1113 1372 1188 1444 μὴ
1231 1375 1375 1428 κατά
1402 1378 1773 1451 συμϐεϐηκὸς,
1797 1381 1927 1447 τοὺς

312 1457 772 1531 ἀπαιτήσαντας·
805 1456 954 1517 οὗτοι
1001 1465 1112 1537 γάρ
1150 1467 1252 1538 ἢδη
1292 1468 1580 1542 κέκρινται
1624 1491 1637 1504 α
1696 1475 1728 1543 ή
1772 1474 1829 1528 δέ
1859 1492 1924 1544 γε

307 1550 548 1621 δευτέρα
579 1556 874 1625 παρουσία,
897 1558 1117 1623 πάντως
1135 1562 1227 1615 ἐπὶ
1257 1561 1335 1631 τῷ
1360 1563 1573 1629 πάντας
1596 1568 1805 1637 κρῖναι,
1826 1568 1922 1622 καὶ

315 1644 614 1701 ἀποδοῦναι
657 1648 874 1723 ἑκάστῳ
923 1653 1070 1707 κατά
1124 1655 1195 1733 τά
1241 1655 1381 1729 ἔργα
1452 1658 1647 1724 αὐτοῦ,
1695 1661 1924 1733 γενήσε-

313 1755 427 1794 ται.

393 1854 413 1889 ι
474 1836 516 1890 Ο
559 1837 834 1893 πιστεύων
868 1840 950 1903 είς
978 1839 1070 1895 τὸν
1101 1842 1253 1909 Υίδν,
1287 1844 1348 1897 οὐ
1381 1845 1634 1917 κρίνεται
1658 1864 1670 1877 ·
1705 1851 1732 1903 6
1756 1850 1814 1904 δὲ
1847 1850 1923 1922 μὴ

313 1928 613 1997 πιστεύων,
649 1932 750 2004 ἤδη
777 1932 1061 2005 κέκριται,
1096 1937 1179 1990 ὅτι
1211 1939 1285 2008 μὴ
1319 1941 1694 1996 πεπίστευκεν
1741 1946 1821 2007 είς
1861 1946 1923 1999 τὸ

306 2018 484 2090 δνομα
514 2020 610 2075 τοῦ
643 2024 974 2092 μονογενοῦς
1016 2025 1144 2079 nos
1174 2026 1270 2081 τοῦ
1312 2026 1471 2082 Θεοῦ.
1505 2030 1657 2102 Αὕτη
1688 2031 1745 2086 δέ
1772 2034 1925 2087 ἐστιν

306 2110 344 2182 ἡ
393 2111 612 2182 κρίσις,
646 2113 730 2167 ὅτι
774 2116 834 2168 τὸ
893 2116 1012 2186 φῶς
1058 2114 1226 2190 ἦλθεν
1278 2121 1359 2182 είς
1406 2121 1501 2176 τὸν
1548 2123 1775 2195 κόσμον,
1826 2127 1923 2181 καὶ

306 2203 612 2276 ἠγάπησαν
664 2208 714 2262 οί
767 2208 1053 2279 ἄνθρωποι
1119 2211 1326 2282 μᾶλλον
1373 2214 1436 2269 τὸ
1492 2216 1722 2285 σκότος,
1767 2219 1800 2291 ἤ
1860 2219 1924 2274 τὸ

310 2295 458 2365 φῶςο
503 2292 574 2368 ἦν
630 2298 743 2369 γάρ
790 2304 1007 2374 πονηρά
1070 2305 1255 2360 αὐτῶν
1296 2306 1367 2361 τά
1433 2307 1595 2378 ἔργα.
1643 2310 1760 2375 Πᾶς
1811 2311 1921 2382 γὰρ

303 2388 337 2441 6
381 2387 564 2457 φαῦλα
600 2393 899 2463 πράσσων,
937 2399 1092 2466 μισεῖ
1144 2397 1204 2455 τὸ
1238 2399 1378 2469 φῶς,
1421 2402 1520 2455 καὶ
1564 2403 1665 2457 οὒκ
1697 2403 1921 2475 ἔρχεται

308 2486 450 2550 πρὸς
494 2483 556 2536 τὸ
605 2484 745 2554 φῶς,
795 2488 884 2542 ἵνα
934 2489 1011 2560 μὴ
1074 2492 1309 2566 ἐλεγχθῇ
1373 2494 1445 2549 τὰ
1510 2495 1650 2568 ἔργα
1712 2499 1918 2555 αὑτοῦ·

304 2574 334 2630 6
381 2575 439 2630 δὲ
478 2578 651 2633 ποιῶν
698 2580 801 2655 τὴν
855 2582 1141 2655 ἀλήθειαν,
1180 2587 1406 2659 ἔρχεται
1456 2592 1595 2661 πρὸς
1656 2593 1719 2646 τὸ
1778 2595 1917 2663 φῶς,

306 2667 399 2723 ἵνα
441 2672 735 2745 φανερωθῇ
791 2676 961 2729 αὐτοῦ
1016 2679 1088 2734 τά
1138 2679 1301 2749 ἔργα,
1352 2683 1435 2737 ὅτι
1487 2684 1548 2738 ἐν
1595 2684 1718 2757 Θεῷ
1771 2687 1920 2742 ἐστιν

302 2761 673 2833 εἰργασμένα.
705 2783 723 2827 ι
765 2766 830 2819 Τί
861 2770 1033 2833 ἐστιν,
1070 2789 1090 2824 ι
1141 2770 1200 2826 '0
1230 2774 1508 2829 πιστεύων
1537 2776 1620 2840 εἰς
1645 2776 1737 2831 τὸν
1765 2779 1916 2846 Υἱὸν,

304 2854 367 2908 ού
401 2857 684 2925 κρίνεται;
726 2877 745 2910 ι
786 2854 933 2933 *Δρα
965 2863 1098 2935 γὰρ,
1132 2865 1230 2918 ἐὰν
1272 2866 1595 2940 ἀκάθαρτον
1631 2872 1734 2945 ἔχῃ
1771 2871 1915 2943 βίον,

302 2945 366 2999 ού
396 2948 641 3019 κρίνεται
664 2967 678 3018 ;
704 2952 962 3009 Μάλιστα
1003 2958 1104 3026 μὲν
1152 2959 1281 3023 τοὺς
1324 2960 1606 3027 τοιούτους
1628 2961 1753 3017 οὐδὲ
1784 2981 1919 3038 γνη-

2036 445 2373 503 condemnet
2399 453 2703 517 mundum;
2740 452 2871 524 quia
2902 452 2947 508 si
2984 462 3210 524 propter
3245 455 3350 512 hoc
3384 455 3659 529 venisset,

2036 533 2388 597 condemnati
2442 542 2676 601 fuissent
2731 546 2922 616 utique
2973 562 3189 605 omnes.
3241 547 3448 608 Omnes
3498 550 3653 607 enim

2035 644 2412 700 peccaverunt
2434 630 2506 700 ⁸ο,
2541 635 2687 691 sicut
2714 645 2778 691 et
2807 636 3011 695 Paulus
3035 640 3193 697 dicit.
3228 640 3339 696 Sed
3376 656 3655 713 praecipue

2034 724 2101 778 ad
2134 726 2239 781 hoc
2273 728 2445 793 venit,
2493 738 2553 781 ιιι
2585 729 2853 785 mundum
2903 741 3174 799 servaret,
3209 741 3372 804 atque
3402 735 3519 791 haec
3558 735 3659 791 in-

2035 820 2210 874 tentio
2242 820 2363 891 ejus
2408 820 2513 876 fuit
2554 838 2570 875 :
2630 837 2729 899 per
2766 823 3029 879 accidens
3064 836 3249 880 autem
3297 824 3511 895 iudicat
3554 842 3653 884 eos

2035 909 2129 979 qui
2181 926 2291 965 non
2336 910 2714 966 crediderunt.
2764 908 2879 968 Lex
2912 928 3044 967 vero
3094 912 3337 969 Mosaica
3379 917 3660 990 praecipue

2032 1001 2205 1065 venit,
2240 1011 2299 1056 ut
2334 1004 2769 1074 reprehenderet
2825 1017 3139 1076 peccatum,
3171 1018 3227 1065 et
3259 1010 3661 1069 condemnaret

2030 1096 2485 1165 prazvaricsntes.
2516 1096 2677 1155 Nulli
2691 1101 2838 1155 enim
2865 1101 3126 1171 ignoscit,
3160 1102 3257 1159 sed
3279 1103 3443 1159 simul
3479 1112 3653 1176 atque

2033 1186 2311 1245 invenerit
2351 1198 2676 1261 peccantem
2724 1191 2780 1248 in
2817 1192 3030 1265 aliquo,
3066 1208 3287 1265 pmnam
3330 1195 3519 1253 infert.
3552 1196 3662 1254 Ita-

2032 1295 2141 1351 que
2173 1283 2387 1353 primus
2418 1283 2689 1341 adventus
2723 1300 2831 1341 non
2882 1298 3113 1359 propter
3137 1288 3410 1360 judicium
3453 1292 3657 1361 factus,

2032 1374 2137 1430 nisi
2167 1391 2266 1446 per
2289 1377 2568 1444 accidens,
2596 1377 2857 1446 judicans
2888 1394 2984 1437 eos
3010 1381 3103 1452 qui
3131 1398 3244 1438 non
3275 1382 3653 1452 crediderunt,

2030 1471 2122 1542 qui
2154 1470 2522 1541 jamjudicati
2562 1482 2725 1541 sunt;
2758 1474 3040 1532 secundus
3069 1491 3201 1533 vero
3223 1476 3332 1534 erit
3364 1487 3424 1534 ut
3459 1493 3656 1535 omnes

2025 1565 2261 1635 judicet,
2304 1575 2357 1621 et
2387 1567 2687 1639 unicuique
2721 1569 3030 1626 secundum
3056 1584 3225 1643 opera
3262 1587 3363 1629 sua
3389 1573 3584 1631 faciat.

2106 1838 2270 1894 Vens.
2300 1836 2486 1895 l8-2l.
2516 1857 2533 1892 ι
2562 1837 2665 1906 Qui
2691 1839 2942 1897 creditin
2966 1840 3313 1911 Filium,non
3329 1843 3652 1917 judicatur:

2030 1932 2125 2003 qui
2158 1946 2288 1989 vero
2334 1946 2439 1988 non
2482 1933 2697 1999 credit,
2742 1936 2857 2005 jam
2885 1936 3167 2003 judicatus
3205 1947 3312 2006 est,
3368 1942 3497 2011 quia
3535 1957 3649 2001 non

2029 2026 2267 2083 credidit
2293 2027 2344 2082 in
2368 2042 2565 2084 nomen
2591 2028 2861 2100 unigeniti
2886 2028 3011 2085 Filii
3046 2029 3170 2087 Dei.
3199 2031 3328 2090 Haec
3349 2042 3438 2091 est
3462 2044 3644 2093 autem

2030 2120 2451 2191 condemnatio,
2487 2123 2635 2191 quod
2681 2123 2772 2178 lux
2804 2123 2959 2179 venit
3013 2124 3070 2180 in
3112 2127 3382 2182 mundum
3409 2166 3426 2194 ,
3462 2138 3519 2185 et
3562 2128 3654 2187 dl-

2029 2214 2287 2270 lexerunt
2312 2215 2570 2271 homines
2592 2215 2766 2288 magis
2783 2216 3046 2272 tenebras
3066 2232 3234 2289 quam
3255 2219 3456 2276 lucem.
3476 2221 3651 2280 Erant

2029 2309 2177 2365 enim
2224 2306 2416 2365 eorum
2469 2324 2636 2382 opera
2678 2310 2848 2368 mala.
2901 2310 3099 2370 Omnis
3147 2315 3295 2370 enim
3350 2315 3447 2385 qui
3504 2317 3650 2374 mala

2029 2403 2163 2470 agit,
2194 2401 2311 2456 odit
2342 2401 2548 2467 lucem,
2611 2416 2715 2457 nec
2744 2400 2894 2456 venit
2923 2402 2991 2457 ad
3018 2402 3219 2468 lucem,
3252 2418 3323 2459 ne
3344 2413 3654 2475 arguantur

2027 2511 2195 2565 opera
2228 2495 2421 2563 ipsius.
2453 2493 2558 2562 Qui
2610 2505 2794 2552 autem
2824 2507 3092 2569 operatur
3129 2500 3445 2567 veritatem,
3497 2502 3651 2557 venit

1991 2605 1999 2615 ·
2028 2590 2093 2643 ad
2128 2590 2307 2645 lucem
2330 2632 2347 2656 ,
2377 2598 2437 2643 ut
2468 2590 2766 2662 conspicua
2808 2590 2944 2646 ﬁant
2976 2591 3117 2647 facta
3152 2593 3353 2665 ipsius,
3380 2594 3526 2664 quod
3548 2609 3654 2667 per

2028 2683 2197 2738 Deum
2221 2683 2524 2741 sintl'acta.
2570 2702 2590 2736 ι
2622 2684 2763 2750 Quid
2804 2693 2908 2750 est,
2960 2705 2978 2737 ι
3015 2685 3117 2753 Qui
3145 2686 3322 2742 credit
3350 2687 3405 2741 in
3446 2686 3649 2744 Filium

2026 2776 2191 2850 555
2222 2770 2329 2832 non
2360 2776 2681 2848 judicatur?
2717 2798 2736 2832 ι
2775 2776 3033 2849 Nunquid
3065 2781 3111 2836 si
3148 2780 3487 2837 immundam
3520 2797 3650 2853 ege.

2028 2874 2098 2928 rit
2149 2875 2353 2940 vitam,
2406 2888 2514 2928 non
2567 2872 2885 2944 judicatur?
2933 2873 3173 2931 Maxime
3226 2876 3469 2946 quidem.
3522 2874 3647 2935 Non

2024 2970 2170 3026 enim
2205 2983 2331 3025 vere
2358 2968 2549 3025 ﬁdeles
2599 2978 2729 3025 sunt
2764 2968 3061 3039 ejusmodi,
3113 2981 3171 3026 ut
3221 2971 3423 3027 Paulus
3452 2973 3587 3029 dicit
3626 2991 3642 3029 :

306 3041 440 3106 σίως
479 3047 709 3109 πιστοὺς
749 3048 776 3100 6
812 3048 1025 3115 Παῦλός
1066 3068 1225 3122 φησι.
1279 3072 1299 3106 ‹
1345 3053 1480 3108 Θεὸν
1530 3057 1661 3128 γὰρ,
1712 3059 1910 3130 φησιν.

2028 3080 2047 3115 ι
2093 3062 2259 3117 Deum
2297 3064 2444 3118 enim
2468 3104 2484 3123 ,
2534 3062 2749 3129 inqnit,
2785 3062 3030 3119 fatentur
3064 3079 3126 3120 se
3166 3064 3351 3129 scire,
3383 3066 3647 3136 operibus

299 3134 665 3205 ὁμολογοῦσιν
686 3140 907 3207 εἰδέναι,
932 3146 1045 3208 τοῖς
1072 3144 1128 3198 δὲ
1152 3145 1339 3217 ἔργοις
1362 3148 1682 3219 ἀρνοῦνται.
1722 3169 1739 3202 ι
1767 3152 1917 3224 Πλὴν

301 3224 541 3281 ἐνταῦθα
576 3229 734 3283 τοῦτό
769 3250 958 3303 φησιν,
988 3234 1068 3288 ὅτι
1100 3236 1225 3290 κατ’
1255 3239 1388 3293 αὐτὸ
1415 3238 1576 3294 τοῦτο
1598 3242 1658 3296 τὸ
1690 3244 1918 3298 πιστεῦ-

303 3332 431 3380 σαι,
464 3320 525 3373 οὐ
568 3320 840 3392 κρίνεται·
873 3325 983 3378 τῶν
1014 3327 1201 3397 μέντοι
1236 3331 1490 3403 πονηρῶν
1541 3332 1726 3406 ἔργων
1754 3336 1917 3407 χαλε·

112 3412 564 3485 κὟζπωτέρας
599 3415 832 3482 εὐθύνας
872 3418 1064 3473 δώσει’
1109 3423 1372 3490 ἀπιστίας
1405 3425 1463 3479 δὲ
1503 3427 1690 3483 ἕνεκεν
1716 3430 1779 3482 οὐ
1821 3448 1917 3485 κο-

298 3504 528 3570 λάζεται
549 3524 563 3537 ⁸
599 3509 748 3578 ἅπαξ
775 3512 883 3583 γάρ
909 3514 1256 3570 ἐπίστευσεν.
1290 3536 1309 3569 ι
1348 3518 1407 3573 '0
1427 3516 1485 3573 δὲ
1511 3521 1587 3592 μὴ
1613 3524 1911 3590 πιστεύων,

297 3599 405 3671 ἥδη
445 3603 726 3674 κέκριται.
772 3624 789 3657 ι
828 3607 987 3674 Πῶς;
1022 3609 1251 3680 Πρῶτον
1290 3612 1427 3683 μὲν,
1461 3614 1545 3667 ὅτι
1579 3616 1675 3669 καὶ
1702 3615 1844 3691 αὕτη
1878 3620 1912 3690 ή

298 3694 533 3751 ἀπιστία
579 3698 911 3771 κατάκρισίς
957 3702 1099 3758 ἐστι.
1142 3704 1218 3757 Τὸ
1264 3705 1376 3777 γάρ
1410 3707 1573 3771 ἐκτὸς
1618 3706 1762 3764 εῖναι
1814 3711 1911 3768 τοῦ

298 3789 505 3859 φωτὸς,
534 3790 668 3843 αὐτὸ
701 3793 863 3863 μόνον
892 3796 1140 3868 τιμωρία
1186 3799 1444 3873 μεγίστη.
1484 3803 1720 3858 Ἔπειτα
1751 3806 1799 3859 εί
1834 3805 1911 3879 μὴ

296 3881 398 3935 καὶ
431 3883 688 3939 ἐντεῦθεν
737 3886 838 3958 ἤδη
890 3892 956 3960 τῇ
1012 3890 1207 3964 γεέννῃ
1258 3893 1483 3961 δίδοται,
1521 3896 1641 3951 ἀλλ’
1685 3896 1781 3953 οὖν
1809 3901 1912 3967 τάς

296 3977 559 4049 ἀφορμὰς
592 3980 694 4050 τῆς
732 3981 1041 4055 μελλούσης
1070 3988 1349 4058 τ”ιωρίας
1383 3990 1640 4045 ἐντεῦθεν
1676 3993 1906 4066 συνῆξε·

297 4070 556 4141 καθάπερ
606 4074 701 4127 καὶ
733 4074 763 4127 6
798 4078 1029 4145 φονεὺς,
1067 4094 1100 4130 κ
1132 4096 1172 4132 ,ν
1223 4080 1299 4149 μὴ
1343 4082 1411 4153 τῇ
1460 4081 1629 4155 ψήφῳ
1661 4085 1757 4139 τοῦ
1790 4088 1911 4160 κρί-

295 4182 482 4227 νοντος
529 4167 939 4241 καταδικασθῇ,
988 4172 1053 4242 τῇ
1140 4169 1201 4225 οῦ
1250 4174 1583 4246 πράγματος
1627 4180 1911 4235 καταδεδί-

294 4273 499 4314 κασται
527 4260 725 4330 φύσει·
760 4264 857 4317 καὶ
885 4265 913 4317 6
956 4265 1133 4335 163,
1158 4267 1236 4331 δὲ,
1342 4269 1527 4343 ἡμέρᾳ
1559 4271 1771 4341 ἔφαγεν
1800 4275 1910 4329 ἀπὸ

292 4351 394 4406 ⁶τοῦ
423 4352 582 4418 ξύλου
604 4396 618 4421 ,
660 4354 901 4410 ἀπέθανε
925 4397 941 4423 ,
971 4358 1153 4413 καίτοι
1194 4359 1325 4433 ἔζη,
1360 4362 1499 4417 ἀλλά
1526 4368 1595 4439 τῇ
1628 4366 1907 4439 ἀποφάσει

2024 3164 2204 3211 autem
2239 3167 2440 3227 negant
2462 3156 2533 3211 ⁸⁸.
2567 3174 2586 3207 ι
2614 3156 3006 3214 Verumtamen
3042 3158 3144 3215 hoc
3167 3158 3289 3223 loco
3309 3160 3463 3227 dicit,
3496 3160 3646 3232 quod

2022 3258 2246 3320 propter
2289 3250 2467 3319 ipsum
2515 3250 2748 3305 credere
2785 3266 2893 3305 non
2922 3250 3203 3321 iudicatur
3233 3270 3247 3308 :
3280 3252 3431 3309 dabit
3458 3263 3645 3311 autem

2023 3357 2215 3413 pasnas
2248 3358 2444 3415 graves
2477 3342 2752 3398 malorum
2788 3357 3020 3412 operum
3057 3363 3071 3401 :
3120 3355 3348 3416 propter
3382 3346 3644 3403 incredu-

2024 3438 2231 3494 litatem
2270 3446 2454 3492 autem
2487 3452 2651 3506 quan.
2687 3453 2793 3492 non
2833 3436 3025 3504 habet,
3068 3453 3178 3493 non
3210 3439 3471 3508 punietur
3506 3455 3520 3493 :
3555 3454 3647 3495 se-

2021 3532 2131 3589 mel
2166 3531 2311 3587 enim
2345 3530 2607 3587 credidit.
2646 3549 2666 3582 ι
2712 3531 2783 3586 Αι
2813 3531 2906 3601 qui
2944 3546 3053 3585 non
3088 3532 3352 3598 credidit,
3402 3532 3516 3603 jam
3545 3530 3643 3604 ju-

2020 3627 2237 3684 dicatus
2274 3634 2382 3681 est.
2421 3644 2439 3678 ι
2475 3624 2805 3693 Quomodo?
2840 3624 3090 3682 Primum
3122 3626 3346 3696 quidem
3374 3626 3644 3698 quoniam

2019 3727 2075 3773 et
2122 3718 2237 3790 ipsa
2290 3716 2655 3774 incredulitas
2698 3719 3090 3775 condemnatio
3136 3727 3222 3775 est
3261 3736 3276 3773 :
3315 3733 3439 3775 esse
3490 3720 3642 3775 enim

2016 3821 2172 3869 extra
2226 3812 2440 3875 lucem,
2498 3825 2597 3881 per
2638 3826 2696 3865 se
2752 3812 3055 3867 maximum
3116 3811 3450 3882 supplicium
3507 3820 3640 3879 est;

2016 3904 2216 3961 deinde
2254 3902 2507 3971 quamvis
2539 3917 2648 3957 non
2686 3903 2775 3958 hic
2822 3903 3090 3973 gehennae
3137 3903 3375 3959 traditus
3402 3905 3471 3959 sit
3494 3944 3510 3971 ,
3542 3901 3644 3961 sed

2018 3995 2380 4065 congregavit
2410 3995 2503 4051 hic
2533 3994 2704 4050 l‘uturi
2739 3996 2991 4067 supplicii
3024 3996 3371 4065 occasiones,
3400 3997 3548 4055 sicut
3584 4008 3642 4055 et

2018 4089 2314 4156 homicida,
2339 4089 2554 4145 tametsi
2576 4104 2686 4145 non
2706 4090 2977 4147 sententia
2993 4089 3198 4159 judicls
3217 4092 3642 4157 condemnetur,

2015 4196 2212 4240 natura
2254 4194 2439 4238 tamen
2478 4183 2553 4238 rei
2611 4182 3019 4239 condemnatus
3065 4194 3171 4239 est.
3215 4182 3295 4240 Et.
3324 4186 3500 4240 Adam
3554 4186 3644 4243 die

2015 4291 2124 4345 quo
2172 4276 2416 4347 comedit
2446 4276 2515 4331 de
2562 4275 2730 4345 ligno,
2770 4286 3020 4331 mortuus
3064 4276 3236 4344 est",
3295 4285 3353 4333 et
3385 4278 3644 4349 quamvis

2014 4372 2253 4435 viveret,
2281 4370 2559 4424 sententia
2596 4377 2781 4425 tamen
2808 4378 2863 4425 et
2892 4381 3089 4426 natura
3120 4370 3199 4426 rei
3232 4382 3484 4428 mortuus
3512 4370 3638 4430 fuit.

298 4448 395 4500 καὶ
432 4449 498 4520 τῇ
530 4447 623 4502 τοῦ
655 4450 985 4521 πράγματος
1013 4451 1176 4522 φύσει
1205 4455 1492 4527 τεθνηκὼς
1529 4454 1621 4532 ἦν.
1668 4464 1783 4526 Πᾶς
1813 4463 1907 4518 οῦν

2024 4462 2214 4518 Omnis
2245 4462 2415 4533 igitur
2447 4463 2770 4520 incredulus
2804 4464 2895 4519 hic
2930 4463 3046 4535 jam
3084 4465 3490 4522 condemnatus
3518 4475 3639 4535 est,

295 4540 552 4606 ἄπιστος,
598 4543 934 4612 κατάκριτός
968 4546 1117 4601 ἐστιν
1149 4547 1405 4604 ἐντεῦθεν
1435 4551 1563 4623 ἤδη,
1602 4553 1679 4619 ὼς
1710 4557 1777 4627 τῇ
1810 4574 1906 4610 κο-

291 4626 454 4689 Χάσει
477 4635 701 4699 πάντως
742 4638 1294 4711 παραδοθησόμενος,
1335 4644 1428 4698 καὶ
1460 4645 1584 4699 οὐδὲ
1611 4649 1693 4712 εἰς
1724 4626 1906 4719 κρίσιν

293 4727 697 4807 ἀχθησόμενος,
734 4730 879 4783 κατά
911 4730 991 4795 τὸ,
1044 4749 1063 4779 ο
1102 4733 1217 4787 Οὐκ
1248 4735 1651 4807 ἀναστήσονται
1686 4741 1908 4807 ἀσεϐεῖς

295 4822 603 4893 ὲτκρίσειο
644 4840 663 4874 ι
705 4824 826 4877 οὐδὲ
874 4825 987 4897 γάρ
1036 4826 1198 4897 λόγου
1246 4829 1527 4895 ἀξιοῦνται
1565 4834 1615 4886 oi
1646 4835 1902 4906 ἀσεϐεῖς,

293 4914 487 4986 ὥσπερ
525 4916 649 4971 οὐδὲ
679 4919 707 4972 6
736 4918 1008 4985 διάϐολος.
1046 4922 1137 4976 Ἐν
1165 4925 1347 4994 κρίσει
1383 4926 1482 4997 μὲν
1512 4923 1606 4983 οὖν
1640 4929 1743 4983 οὐκ
1768 4932 1905 4986 ἀνα-

294 5008 592 5078 στήσονται
617 5051 631 5073 ,
666 5011 726 5065 ὲν
760 5012 1090 5085 κατακρίσει
1116 5016 1195 5069 δέ.
1219 5017 1378 5073 Οὕτω
1405 5021 1500 5073 καὶ
1533 5022 1591 5074 ἐν
1619 5021 1697 5093 τῷ
1723 5022 1907 5094 Εὐαγ-

294 5102 465 5173 γελίῳ
495 5105 662 5175 φησὶν
690 5104 720 5159 ό
751 5105 979 5177 Κύριος,
1014 5110 1096 5163 ὅτι
1122 5110 1149 5162 6
1184 5110 1371 5183 ἄρχων
1402 5114 1497 5167 τοῦ
1539 5115 1749 5187 κόσμου
1778 5116 1907 5172 τού-

292 5212 413 5258 του,
448 5197 549 5269 ἧδη
585 5197 874 5269 κέκριται,
926 5200 989 5254 ού
1030 5201 1197 5270 μόνον
1225 5203 1303 5267 ὡς
1340 5204 1509 5269 αὐτὸς
1557 5208 1903 5281 ἀπιστήσας,

290 5289 433 5345 ἀλλά
482 5291 579 5345 καὶ
628 5291 722 5345 τὸν
770 5292 976 5348 Ἰούδαν
1028 5297 1300 5369 προδότην
1341 5284 1600 5372 ποιήσας,
1653 5305 1747 5357 καὶ
1790 5307 1906 5370 τοῖς

290 5384 479 5450 ἄλλοις
510 5386 612 5456 τῆς
648 5386 928 5451 ἀπωλείας
963 5391 1208 5459 γεγονὼς
1239 5393 1524 5464 πρόξενος.
1553 5397 1617 5450 Ei
1650 5397 1707 5451 δὲ
1740 5398 1769 5452 6
1792 5399 1906 5453 Κύ-

296 5495 414 5549 ριος
455 5479 514 5533 ἐν
561 5479 907 5551 παραϐολαῖς
956 5483 1171 5552 είσάγει
1216 5486 1345 5552 τοὺς
1384 5489 1902 5563 κολασθησομένους

288 5571 455 5642 λόγου
501 5573 882 5645 ἀξιουμένους,
936 5575 1013 5648 μὴ
1043 5576 1367 5652 θαυμάσῃς·
1402 5582 1625 5653 πρῶτον
1674 5583 1777 5653 μὲν
1816 5588 1899 5643 ὅτι

368 5752 414 5785 ⁸⁸
463 5752 622 5810 Rom.
668 5770 750 5823 ιιι,
796 5756 888 5811 25.
965 5758 1009 5791 ⁸⁸
1040 5756 1152 5815 Tit.
1209 5779 1250 5822 ι.
1287 5761 1375 5820 ⁸6.
1450 5764 1496 5797 ⁸³
1550 5764 1687 5822 Gen.
1717 5781 1801 5836 ιιι,
1842 5766 1926 5823 l7.

2018 4566 2075 4610 ut
2106 4556 2201 4626 qui
2247 4556 2477 4612 omnino
2503 4556 2797 4628 supplicio
2833 4558 3141 4614 tradendus
3185 4569 3301 4624 est,
3342 4568 3397 4613 et
3441 4574 3551 4615 nou
3582 4560 3640 4616 in

2012 4646 2281 4718 judicium
2308 4649 2722 4718 producendus,
2766 4648 2923 4720 juxta
2952 4649 3103 4716 illud,
3141 4668 3160 4703 ‹
3193 4649 3310 4705 Νοη
3346 4659 3641 4725 resurgeut

2018 4741 2169 4809 impii
2204 4740 2259 4795 in
2295 4741 2506 4811 judicio
2535 4741 2604 4796 ⁸³.
2647 4759 2667 4793 ι
2714 4741 2930 4813 Indigni
2965 4744 3112 4797 enim
3150 4744 3427 4799 habentur
3457 4754 3512 4799 ut
3550 4760 3638 4800 ra-

2018 4835 2222 4889 tionem
2258 4836 2388 4891 dent
2428 4836 2603 4907 impii,
2649 4837 2796 4893 sicut
2837 4846 2895 4893 et
2944 4836 3219 4893 diabolus.
3270 4837 3325 4894 In
3365 4838 3637 4910 judicium

2012 4927 2182 4999 igitur
2215 4944 2323 4985 non
2360 4939 2691 5001 resurgent,
2733 4932 2828 4986 sed
2881 4933 2935 4987 in
2984 4934 3524 4989 condemnationem.
3560 4933 3638 4989 Ita

2012 5030 2070 5078 et
2101 5022 2154 5076 in
2193 5021 2491 5093 Evangelia
2525 5023 2661 5079 dicit
2692 5026 2982 5094 Dominus,
3015 5029 3159 5097 quod
3187 5028 3443 5099 princeps
3470 5028 3639 5099 hujus

2011 5114 2227 5182 mundi,
2258 5115 2373 5186 jam
2402 5115 2684 5187 judicatus
2730 5129 2814 5174 est
2860 5119 2933 5187 ",
2968 5135 3079 5176 non
3114 5122 3293 5177 solum
3325 5124 3472 5191 quod
3518 5124 3638 5193 ipse

2014 5221 2124 5260 non
2158 5207 2483 5275 crediderit,
2532 5210 2627 5266 sed
2660 5212 2807 5279 quod
2838 5221 2895 5267 et
2937 5210 2964 5267 J
2978 5212 3138 5269 udam
3174 5214 3517 5289 proditprem
3553 5216 3637 5271 ie-

2014 5302 2175 5368 cerit,
2215 5312 2272 5357 et
2320 5302 2446 5359 aliis
2491 5304 2822 5373 perditionis
2878 5307 3045 5363 fuerit
3092 5316 3313 5364 auctor.
3371 5308 3636 5376 Quamvis

2015 5406 2199 5451 autem
2260 5397 2526 5453 Dominus
2575 5400 2630 5454 iu
2689 5402 2971 5471 parabolis
3026 5404 3266 5460 adducat
3324 5404 3636 5475 puniendos

2011 5490 2169 5558 quasi
2200 5504 2297 5547 eos
2331 5507 2359 5545 a
2391 5491 2599 5564 quibus
2630 5506 2884 5549 sumatur
2921 5497 3085 5562 ratio,
3124 5514 3193 5555 ne
3228 5499 3473 5554 mireris.
3511 5498 3633 5554 i’ri—
3742 5498 3747 5501 ’

2012 5599 2163 5640 mum
2193 5586 2419 5655 quidem
2449 5601 2517 5644 eo
2551 5588 2693 5658 ipso,
2741 5589 2871 5662 quia
2917 5594 3197 5663 parabolae
3226 5602 3355 5651 sunt
3392 5609 3458 5651 ea
3508 5609 3634 5668 qua:

2044 5768 2091 5802 ⁸³
2154 5770 2304 5828 Psal.
2340 5788 2377 5840 ι,
2411 5772 2465 5829 5.
2546 5774 2593 5809 “
2623 5773 2789 5832 Joan.
2822 5790 2936 5847 xvt,
2972 5778 3061 5833 il.
