4078 6330
524 304 659 372 1215

1404 295 1983 359 τΗιιοΡΗγιΑοΤι
2014 286 2426 354 BULGABIAE
2457 266 2815 351 ARCHIEP.

3662 268 3795 336 1216

523 416 799 477 dicuntur,
832 426 936 465 non
965 417 1178 479 oportet
1202 416 1377 462 autem
1405 407 1586 461 omnia
1621 422 1737 475 qum
1762 402 2110 473 injparabolis

2228 399 2520 469 παραϐολαί
2556 401 2665 453 εἰσι
2696 394 2762 453 τὰ
2789 394 3077 466 λεγόμεναι,
3108 390 3203 447 καὶ
3229 390 3291 445 οὗ
3318 390 3402 444 δεῖ
3433 388 3616 443 πάντα
3646 388 3716 439 τὰ
3741 389 3794 439 ἐν

522 498 798 565 dicuntur,
830 502 983 569 quasi
1034 515 1275 555 canones
1308 513 1371 552 ac
1404 498 1546 565 leges
1577 508 1877 550 assumere.
1929 495 1987 547 In
2014 492 2103 547 die

522 608 666 649 enim
702 594 789 647 illo
819 594 1193 662 unusquisque
1214 590 1605 647 conscientiam
1652 588 1854 643 habens
1891 603 1988 657 pro
2014 586 2105 656 ju-

526 684 667 737 dicio
696 684 838 752 quod
878 684 982 736 [alii
1018 691 1275 752 nequeat,
1313 695 1416 734 non
1452 695 1586 749 opus
1617 677 1829 731 habebit
1872 678 1979 730 alio
2014 677 2103 746 qui

526 771 905 840 reprehendat,
935 774 1025 824 sed
1055 772 1403 838 semetipsum
1434 770 1662 838 quisque
1689 768 2009 843 confutabit,
2044 782 2106 821 ac

525 864 715 919 abibit.
784 865 983 917 Deinde
1030 862 1288 917 Dominus
1336 876 1443 915 non
1503 860 1709 915 inducit
1766 850 2103 921 incredulos,

525 958 667 1025 quod
722 966 1036 1010 mereantur
1078 964 1135 1007 ttt
1182 956 1447 1008 rationem
1501 954 1729 1008 reddant
1779 968 1794 1008 :
1845 952 1938 1009 sed
1990 967 2109 1006 tre-

427 1107 430 1109 Α
524 1046 716 1102 dentes
746 1049 999 1117 quidem,
1052 1063 1114 1101 ac
1151 1047 1635 1101 immisericordes.
1688 1045 1794 1099 Nos
1826 1057 2001 1101 autem
2046 1046 2111 1100 de

525 1140 707 1207 impiis
726 1151 780 1193 et
816 1140 1111 1194 incredulis
1150 1140 1444 1208 loquimur.
1493 1140 1651 1193 Aliud
1686 1147 1866 1193 autem
1897 1147 1979 1192 est
2012 1139 2112 1191 im-

526 1232 646 1302 pius
680 1248 742 1285 ac
770 1232 1002 1285 inﬁdelis
1034 1249 1046 1285 :
1087 1232 1306 1285 et'aliud
1336 1230 1730 1287 immisericors
1758 1242 1809 1285 et
1835 1241 2109 1299 peccator.

536 1341 553 1373 ι
589 1322 697 1376 lloc
752 1333 835 1377 cst
873 1324 1138 1390 judicium
1162 1364 1176 1384 ,
1237 1324 1360 1392 quia
1392 1326 1480 1379 lux
1507 1327 1655 1379 venit
1689 1326 1737 1379 in
1766 1325 2048 1377 mundum.
2089 1341 2109 1374 ι

529 1410 777 1468 Ostendit
812 1416 913 1470 hoc
944 1408 1063 1470 loc'o
1092 1415 1340 1469 inﬁdeles
1364 1418 1509 1470 omni
1553 1417 1907 1471 excusatione
1942 1416 2113 1469 desti-

533 1505 693 1560 tutos.
733 1506 837 1561 ista
869 1509 1011 1562 enim
1040 1510 1421 1562 condemnatio
1452 1519 1556 1574 est,
1588 1509 1785 1578 inquit,
1822 1508 1943 1577 quia
1970 1508 2115 1560 venit

518 1598 595 1651 .ad
628 1612 723 1652 eos
752 1598 865 1663 lux,
899 1608 951 1650 et
984 1613 1160 1666 neque
1190 1600 1267 1652 sic
1304 1601 1370 1652 ad
1406 1580 1551 1653 illam
1590 1609 1965 1652 accesserunt.
2000 1594 2112 1648 Non

529 1686 674 1742 enim
710 1688 764 1741 in
804 1690 903 1743 hoc
936 1689 1051 1744 solo
1092 1700 1403 1757 peccartml.
1444 1690 1585 1759 quod
1635 1690 1734 1757 ipsi
1782 1704 1883 1741 non
1920 1686 2117 1754 qua-si-

2208 492 2547 564 παραϐολαῖς
2581 491 2870 562 λεγόμενα,
2904 488 2980 552 ὡς
3010 486 3207 556 νόμους
3238 484 3331 537 καὶ
3355 483 3589 545 κανόνας
3620 496 3797 550 παρα-

2205 585 2528 657 λαμϐάνειν.
2595 585 2685 639 Ἐν
2732 582 2843 654 γὰρ
2886 582 2954 653 τῇ
3008 578 3196 648 ἡμέρᾳ
3231 576 3417 647 ἐκείνῃ
3455 574 3692 634 ἕκαστος
3740 570 3797 623 τὸ

2208 677 2446 741 συνειδὸς
2480 674 2635 747 ἔχων
2680 672 3126 745 ἀπαραλὸγιστον
3172 666 3470 738 δι’καστὴν,
3525 667 3587 718 οὐ
3630 665 3798 717 δεῖται

2211 770 2397 838 ἑτέρου
2448 760 2708 839 ἐλέγχου,
2761 765 2875 819 ἀλλ’
2928 759 3434 835 ἐγκεχαλινωμένος
3492 757 3658 817 αὐτὸς
3712 752 3798 823 ὑφ’

2209 864 2405 919 ἑαυτοῦ
2462 863 2704 918 ἄπεισιν.
2766 861 3003 914 Ἔπειτα
3052 857 3152 910 οὐκ
3203 853 3471 914 ἀπίστους
3525 850 3737 917 είσάγει
3775 846 3803 898 6

2210 954 2416 1025 Κύριος
2435 952 2789 1022 ἀξιουμένους
2806 948 2994 1016 λόγου,
3012 946 3153 1000 ἀλλά
3172 944 3400 1004 πιστοὺς
3420 938 3542 1011 μὲν,
3564 937 3806 1004 ἀσπλάγ-

2210 1064 2372 1118 χνους
2402 1046 2459 1099 δὲ
2503 1046 2597 1098 καὶ
2632 1043 3024 1113 ἀνελεήμονας.
3084 1037 3278 1107 Ἦμεῖς
3316 1034 3373 1087 δὲ
3419 1032 3550 1104 περὶ
3588 1029 3805 1084 ἀσεϐῶν

2212 1142 2309 1194 καὶ
2333 1140 2580 1211 ἀπίστων
2606 1138 2857 1205 λέγομεν·
2888 1133 3077 1202 ἕτερον
3101 1129 3159 1183 δέ
3191 1126 3395 1198 ἀσεϐὴς
3418 1125 3512 1179 καὶ
3545 1122 3804 1185 ἄπιστος,

2214 1234 2305 1285 καὶ
2331 1231 2516 1302 ἕτερον
2538 1229 2856 1299 ἀνελεήμων
2886 1226 2979 1279 καὶ
3006 1220 3349 1294 ἁμαρτωλός.
3377 1218 3459 1289 (a)
3521 1216 3807 1271 Δείκνυσιν

2218 1322 2455 1377 ἐνταῦθα
2508 1321 2690 1389 πάσης
2737 1316 3036 1386 ἀπολογίας
3084 1311 3510 1384 ἐστερημένους,
3554 1311 3684 1371 τοὺς
3737 1306 3809 1378 μὴ

2218 1416 2636 1473 πιστεύσαντας.
2668 1410 2815 1483 Αὕτη
2846 1411 2955 1481 γάρ
2988 1412 3136 1462 ἐστιν
3168 1408 3202 1477 ἡ
3230 1403 3584 1474 κατάκρισις,
3622 1400 3809 1469 φησιν,

2214 1510 2298 1563 ὅτι
2355 1503 2487 1577 ἦ).οε
2547 1506 2682 1577 πρὸς
2724 1506 2922 1565 αὐτοὺς
2980 1502 3041 1554 τὸ
3078 1500 3213 1570 φῶς,
3264 1497 3385 1551 οὐδὲ
3424 1494 3601 1557 οὕτως
3645 1510 3813 1560 προσ-

2218 1602 2452 1670 έδραμον
2484 1598 2653 1668 αὐτῷ.
2688 1600 2762 1650 Οὐ
2798 1596 2908 1667 γὰρ
2935 1596 3096 1649 τοῦτο
3130 1591 3581 1663 μόνονῆμαρτον,
3608 1588 3692 1642 ὅτι
3714 1588 3812 1640 οὐκ

2219 1696 2495 1764 ἐζήτησαν
2539 1691 2693 1746 αὐτοὶ
2726 1690 2788 1742 τὸ
2836 1689 2974 1759 φῶς,
3021 1686 3156 1741 ἀλλά
3200 1686 3259 1738 τδ
3291 1684 3567 1755 χείριστον
3649 1678 3814 1746 τοῦτό

530 1789 725 1832 verunt
754 1780 951 1845 lucem,
989 1781 1080 1834 sed
1116 1783 1219 1835 hoc
1254 1782 1548 1849 pessimum
1580 1790 1702 1845 est,
1736 1780 1877 1846 quod
1910 1780 1999 1831 lux
2047 1780 2112 1830 ad

2228 1788 2396 1847 ἐστιν,
2431 1787 2512 1838 ὃτι
2553 1785 2729 1837 ἐκεῖνο
2766 1779 2897 1853 ἦ).οε
2948 1781 3086 1847 πρὸς
3158 1778 3377 1842 αὐτοὺς,
3420 1777 3514 1829 καὶ
3559 1776 3715 1844 ὅμως
3752 1773 3812 1826 οὺ

530 1869 650 1925 illos
675 1871 841 1935 venit,
873 1881 925 1923 et
957 1871 1103 1923 illam
1142 1887 1247 1924 non
1283 1880 1637 1939 susceperunt
1678 1888 1691 1925 :
1738 1881 2024 1939 propterea
2060 1876 2115 1922 et

529 1960 871 2014 condemnati
916 1971 1063 2015 sunt.
1099 1962 1231 2015 Nam
1261 1963 1529 2030 siquidem
1570 1976 1675 2015 non
1708 1961 1946 2015 venisset
1988 1960 2112 2025 lux,

531 2054 839 2122 potuissent
885 2054 1133 2109 homines
1184 2064 1485 2124 pra~texere
1545 2055 1831 2125 ignorasse
1882 2068 1940 2107 se
1983 2053 2113 2121 quid

532 2154 678 2201 esset
706 2147 904 2201 bonum
942 2161 1179 2213 avertam
1208 2147 1331 2217 quia
1363 2147 1512 2199 venit
1545 2147 1761 2215 quidem
1800 2144 1941 2200 Deus
1980 2143 2116 2199 Ver-

532 2238 682 2302 bum,
717 2239 972 2307 deditque
1018 2241 1239 2294 verbum
1276 2254 1436 2293 suum
1486 2254 1542 2293 ut
1588 2239 1964 2302 illuminaret,
2006 2242 2117 2291 hon

533 2340 890 2395 susceperunt
940 2342 1121 2385 autem
1146 2372 1158 2395 ,
1199 2332 1273 2384 illi
1311 2333 1457 2385 omni
1507 2333 1859 2385 excusatione
1889 2330 2119 2400 posthac

534 2433 745 2478 carent.
776 2422 846 2479 Ut
880 2436 1061 2478 autem
1098 2424 1261 2497 546
1291 2426 1468 2478 nttllus
1495 2427 1658 2491 dicat,
1686 2423 1857 2478 Nemo
1898 2424 2121 2493 prrefert

536 2515 789 2570 tenebras
822 2516 949 2579 luei,
984 2518 1136 2586 ponit
1173 2533 1390 2570 causam
1426 2529 1651 2586 propter
1683 2532 1844 2585 quam
1879 2518 2120 2571 tenebris

539 2608 869 2662 adhasscrint
906 2610 1190 2663 hoiuiues:
1233 2626 1252 2659 ‹
1297 2609 1461 2663 Erant
1486 2611 1664 2672 enim,
1708 2610 1917 2679 inquit,
1956 2624 2119 2679 Opera

539 2696 754 2750 illorum
786 2700 944 2751 mala.
977 2718 995 2750 υ
1044 2698 1180 2764 Quia
1215 2702 1358 2753 enim
1391 2699 1845 2756 Christianismus
1879 2718 1985 2755 non
2035 2716 2123 2756 so—

538 2779 651 2841 lu‘ui
679 2799 822 2842 recta
849 2791 1125 2858 dogmata.
1169 2794 1262 2846 sed
1291 2801 1344 2845 et
1384 2793 1667 2847 honestam
1703 2793 1864 2846 vitam
1896 2794 2064 2864 exigit
2106 2812 2120 2848 :

539 2877 642 2947 ipsi
672 2890 851 2934 autem
888 2880 1174 2937 voluerunt
1208 2884 1315 2936 luto
1355 2886 1558 2953 peccati
1598 2886 1834 2949 involvi,
1872 2886 1991 2940 ideo
2023 2900 2122 2941 no-

538 2969 658 3025 lunt
698 2973 926 3041 improbi
962 2976 1024 3027 ad
1072 2975 1245 3029 lucem
1281 2976 1682 3031 Cbristiauismi
1722 2978 1931 3044 venire,
1972 2990 2025 3031 et
2065 2993 2123 3032 se

2219 1875 2623 1946 παρεδέξαντο·
2672 1874 2762 1925 διὰ
2799 1871 2958 1925 τοῦτο
3000 1871 3094 1925 καὶ
3135 1864 3603 1938 κατακεκριμένοι
3655 1865 3812 1918 εΞσὶν.

2217 1969 2280 2022 Εἰ
2321 1968 2418 2038 μὲν
2458 1966 2567 2038 γὰρ
2605 1966 2677 2037 μὴ
2716 1958 2847 2035 ἦλθε
2886 1965 2944 2016 τὸ
2986 1963 3123 2032 φῶς,
3166 1957 3312 2032 εἶχον
3353 1960 3421 2014 ἂν
3450 1961 3500 2014 οἱ
3534 1960 3814 2029 ἅνθρωποι

2217 2062 2440 2130 ἄγνοιαν
2471 2060 2563 2114 τοῦ
2598 2060 2767 2114 καλοῦ
2800 2055 3191 2129 προϐαλέσθαι·
3231 2056 3354 2107 ἐπεὶ
3400 2054 3455 2107 δὲ
3488 2049 3621 2124 ἦλθε
3658 2052 3759 2122 μὲν
3788 2052 3815 2103 6

2218 2155 2350 2217 Θεὸς
2386 2154 2577 2221 Λόγος,
2623 2151 2823 2205 δέδωκε
2857 2151 2913 2204 δὲ
2945 2150 3037 2203 τὸν
3075 2149 3232 2217 λόγον
3280 2145 3475 2211 αὐτοῦ,
3520 2144 3667 2198 ὥστε
3705 2161 3815 2213 τω-

2220 2247 2414 2311 τίζειν,
2441 2247 2500 2299 οὐ
2534 2245 2907 2315 παρεδέξαντο
2941 2243 3021 2309 δὲ,
3066 2243 3247 2313 πάσης
3281 2239 3585 2304 ἀπολογίας
3632 2236 3816 2291 λοιπὸν

2221 2336 2565 2411 ἐστέρηνται.
2605 2338 2722 2391 Ἵνα
2752 2336 2809 2389 δὲ
2844 2337 2917 2407 μή
2955 2352 3038 2397 τις
3085 2336 3260 2399 εἴποι,
3310 2335 3391 2386 ὅτι
3431 2332 3632 2393 Οὐδεὶς
3665 2331 3730 2383 ἂν
3761 2329 3817 2380 τὸ

2226 2436 2418 2495 σκότος
2451 2432 2823 2501 προτιμήσειε
2871 2428 2965 2482 τοῦ
3001 2428 3199 2496 φωτὸς,
3243 2428 3427 2499 τίθησι
3460 2427 3556 2479 καὶ
3590 2426 3692 2496 τὴν
3738 2425 3820 2477 αί-

2221 2527 2366 2591 τίαν,
2394 2524 2487 2593 ἀφ’
2517 2519 2585 2595 ἧς
2608 2528 2655 2576 οἱ
2686 2522 2964 2589 ἄνθρωποι
2987 2520 3063 2590 τῷ
3093 2522 3273 2573 σκότει
3301 2518 3636 2590 προσῆλθον.
3664 2537 3682 2570 ι
3715 2514 3818 2571 ἿΙν

2224 2618 2351 2688 γὰρ,
2399 2617 2567 2687 φησι,
2599 2615 2814 2685 πονηρὰ
2845 2613 3027 2666 αὐτῶν
3065 2612 3326 2682 τάλέργα.
3377 2630 3396 2661 ι
3448 2609 3676 2678 Ἐπειδὴ
3713 2608 3816 2679 γὰρ

2224 2713 2251 2763 6
2296 2708 2750 2777 Χριστιανισμὸς,
2783 2708 2844 2759 οὺ
2883 2707 3044 2776 μόνον
3076 2706 3327 2774 δόγματα
3356 2703 3515 2774 ὀρθὰ,
3560 2703 3697 2756 ἁλλά
3729 2704 3819 2756 καὶ

2225 2802 2500 2855 πολιτείαν
2539 2800 2741 2871 σεμνὴν
2789 2800 3047 2866 ἀπαιτεῖ,
3098 2798 3253 2852 αὐτοὶ
3297 2799 3354 2851 δὲ
3402 2796 3701 2866 ἠϐούλοντο
3746 2795 3819 2865 τῷ

2228 2891 2477 2962 βορϐόρῳ
2520 2890 2618 2960 τῆς
2652 2890 2931 2959 ἁμαρτίας
2965 2888 3352 2956 ἐγκυλίεσθαι,
3391 2886 3481 2940 διὰ
3522 2886 3687 2939 τοῦτο
3726 2886 3821 2940 οὐκ

2223 2984 2500 3055 ἠθέλησαν
2530 2986 2579 3036 oi
2608 2983 2677 3036 τά
2713 2981 2892 3050 φαῦλα
2926 2982 3287 3052 πράσσοντες,
3322 2979 3458 3049 πρὸς
3486 2978 3550 3031 τὸ
3583 2979 3700 3047 φῶς
3732 2977 3822 3032 τοῦ

539 3063 677 3117 meis
717 3064 988 3131 subjicere
1035 3066 1264 3136 legibus.
1308 3068 1478 3123 Porro
1508 3070 1598 3137 qui
1652 3069 1779 3124 facit
1815 3073 2119 3134 veritatem,

2228 3076 2660 3149 Χριστιανισμοῦ
2697 3073 2895 3138 ἐλθεῖν,
2930 3073 3026 3126 καὶ
3058 3074 3171 3135 τοῖς
3215 3073 3368 3140 ἐμοῖς
3398 3069 3588 3140 νόμοις
3620 3068 3823 3123 ὑποϐα-

542 3162 597 3207 et
628 3156 911 3209 contendit
944 3166 998 3210 et
1027 3159 1234 3227 aspirat
1265 3158 1332 3212 ad
1367 3161 1534 3214 vitam
1568 3174 1688 3230 quae
1730 3162 1837 3215 Deo
1880 3162 2124 3230 placeat,

544 3246 589 3302 is
607 3249 671 3301 ad
690 3247 1168 3304 Christianismum
1192 3251 1357 3305 veluti
1382 3254 1447 3304 ad
1471 3252 1641 3307 lucem
1664 3254 1898 3318 accedit,
1926 3260 1985 3307 ut
2014 3269 2129 3306 ma-

539 3339 621 3411 gis
665 3340 716 3392 in
745 3341 886 3394 bono
908 3342 1175 3409 proﬁciat,
1198 3353 1252 3398 et
1272 3352 1566 3412 appareant
1588 3344 1707 3414 ejus
1740 3359 1904 3414 Opera
1931 3359 2127 3400 secun-

540 3436 667 3486 dum
695 3432 859 3486 Deum
887 3434 1049 3487 facta.
1075 3435 1173 3501 Qui
1219 3436 1365 3489 enim
1402 3437 1525 3491 talis
1549 3449 1631 3491 est
1676 3453 1796 3492 cum
1828 3440 1930 3495 [ide
1956 3448 2126 3505 recta,

541 3533 594 3579 et
629 3524 793 3578 vitam
840 3542 1057 3598 quoque
1088 3529 1369 3583 honestam
1400 3530 1660 3596 instituit,
1705 3531 1849 3588 lucet
1879 3534 2130 3587 omnibus

543 3611 877 3681 hominibus,
914 3627 965 3670 et
997 3620 1048 3671 iu
1081 3619 1170 3672 illo
1205 3619 1538 3689 gloriﬁcatur
1578 3620 1738 3676 Deus.
1773 3621 1839 3675 Et
1889 3624 1962 3677 ita
1998 3638 2131 3691 gon-

548 3705 730 3762 tilibus
786 3708 1187 3766 incredulitatis
1236 3726 1398 3766 causa
1454 3712 1597 3767 facta
1653 3724 1735 3768 est
1787 3715 2128 3769 immunditia

544 3799 689 3856 vitat.
725 3800 831 3856 Sed
868 3800 1009 3856 forte
1050 3804 1249 3858 dixerit
1280 3806 1402 3873 quis
1429 3805 1602 3872 :Quid
1637 3806 1830 3877 igitur?
1862 3822 1970 3860 non
2004 3817 2133 3860 sunt

542 3901 594 3946 et
648 3892 946 3947 Christiani
1006 3895 1261 3965 improbi,
1316 3906 1370 3952 et
1418 3897 1646 3966 gentiles
1692 3899 1930 3954 ltonesttc
1979 3900 2135 3953 vitm?

544 3982 743 4040 Fateor
754 3994 808 4041 et
826 3988 939 4056 ipse
958 3987 1174 4055 quidem
1194 3990 1471 4059 improbos
1489 3991 1827 4046 Christianos
1851 4010 1866 4045 :
1893 4001 1947 4045 at
1964 3993 2133 4048 honos

545 4076 774 4147 gentiles
800 4079 1032 4134 inveniri
1059 4096 1161 4134 non
1199 4084 1648 4136 asseveraverim.
1686 4081 1755 4137 Et
1788 4092 1976 4137 natura
2008 4087 2133 4153 qui-

547 4172 667 4223 dem
717 4168 983 4225 mansueti
1032 4180 1087 4226 et
1156 4172 1283 4226 boni
1345 4174 1692 4243 reperiuntur
1726 4175 1945 4245 quidam
2010 4180 2136 4246 (hoc

548 4272 725 4319 autem
764 4280 869 4319 non
892 4277 975 4320 est
1009 4265 1239 4335 virtus);
1263 4267 1659 4323 exercitatione
1690 4278 1742 4323 et
1787 4271 2136 4325 meditatione

554 4355 706 4423 boni,
757 4357 939 4415 nullus
984 4358 1332 4415 invenietur:
1366 4368 1421 4417 et
1464 4362 1714 4431 quamvis
1752 4363 1876 4417 boni
1912 4365 2133 4435 quidam

2232 3169 2344 3221 λεῖν
2380 3168 2627 3230 ἑαυτούς.
2676 3166 2735 3220 'O
2759 3166 2815 3219 δέ
2858 3182 2922 3234 γε
2950 3164 3121 3218 ποιῶν
3150 3163 3250 3232 τῆν
3299 3162 3586 3233 ἀλήθειαν,
3620 3164 3650 3216 6
3692 3163 3823 3233 πρὸς

2234 3261 2351 3331 βίον
2383 3260 2587 3331 δηλαδὴ
2610 3256 2782 3312 νεύων
2813 3256 3013 3327 σεμνὸν
3033 3256 3129 3309 καὶ
3153 3254 3468 3326 Θεάρεστον,
3496 3254 3824 3326 προστρέχει

2230 3354 2309 3423 τῷ
2341 3351 2763 3422 Χριστιανισμῷ
2788 3350 2863 3412 ὡς
2896 3349 3057 3415 φωτὶ,
3096 3349 3183 3401 ἵνα
3222 3346 3423 3417 μᾶλλον
3447 3349 3507 3400 ἐν
3536 3346 3614 3418 τῷ
3640 3346 3825 3416 ἁγαθῷ

2234 3442 2507 3513 προκύψῃ,
2533 3440 2627 3494 καὶ
2654 3442 2794 3510 φανῇ
2820 3439 2984 3493 αὑτοῦ
3019 3438 3083 3490 τὰ
3109 3435 3248 3507 ἔργα
3275 3434 3418 3488 κατά
3443 3435 3601 3488 Θεόν.
3644 3436 3703 3489 '0
3723 3438 3828 3506 γὰρ

2233 3535 2497 3600 τοιοῦτος,
2544 3533 2681 3600 μετά
2718 3532 2811 3586 τοῦ
2848 3530 3128 3584 πιστεύειν
3172 3528 3375 3601 ὀρθῶς,
3417 3529 3515 3582 καὶ
3550 3528 3828 3581 πολιτείαν

2238 3628 2443 3699 σεμνὴν
2476 3626 2784 3698 κατορθῶν,
2812 3625 3022 3695 λάμπει
3049 3624 3217 3677 πᾶσιν
3246 3620 3581 3691 ἀνθρώποις,
3624 3624 3722 3676 καὶ
3754 3622 3830 3675 δο-

2236 3722 2456 3788 ξάζεται
2487 3720 2618 3781 Θεὸς
2646 3722 2702 3772 ἐν
2732 3717 2902 3789 αὐτῷ.
2937 3718 3099 3770 Ὥστε
3132 3715 3234 3780 τῆς
3271 3716 3531 3778 ἀπιστίας
3564 3715 3715 3767 αἰτία
3739 3715 3830 3781 γέ-

2237 3830 2363 3880 γονε
2392 3815 2503 3874 τοῖς
2536 3810 2853 3879 ’Ἐλλησινή
2888 3808 3203 3879 ἀκαθαρσία
3230 3807 3323 3860 τοῦ
3358 3806 3495 3877 βίου.
3538 3806 3681 3859 Ἀλλ’
3708 3806 3833 3867 iam;

2238 3908 2358 3976 ἐρεῖ
2382 3921 2500 3969 τις·
2537 3905 2599 3956 Τί
2628 3902 2755 3969 οὖν;
2791 3902 2890 3955 οὐκ
2936 3901 3045 3953 είσὶ
3092 3900 3413 3969 Χριστιανοὶ
3461 3898 3695 3968 φαῦλοι,
3742 3897 3835 3951 καὶ

2240 3998 2504 4067 Ἕλληνες
2558 3994 2835 4048 ἐπαινετοὶ
2888 3993 3031 4046 κατά
3088 3991 3236 4061 βίον;
3293 3992 3367 4043 T6
3417 3992 3518 4059 μὲν
3563 3990 3659 4043 οὖν
3699 3988 3834 4043 εἶναι

2240 4090 2481 4161 φαύλους
2512 4087 2895 4159 Χριστιανοὺς.
2930 4087 3026 4139 καὶ
3060 4085 3221 4148 αὐτός
3254 4101 3419 4155 φημι·
3457 4072 3517 4137 τὸ
3548 4085 3606 4137 δέ
3634 4084 3835 4152 Ἕλλη-

2239 4202 2336 4247 νας
2381 4182 2623 4251 ἀγαθοὺς
2652 4180 2969 4251 εὑρεθῆναι,
3020 4180 3123 4232 οὐκ
3168 4177 3233 4232 ἄν
3273 4194 3403 4230 ποτε
3450 4178 3641 4247 φαίην.
3708 4177 3837 4229 Ἀπὸ

2242 4276 2459 4345 φύσεως
2507 4276 2604 4343 μὲν
2660 4274 2771 4343 γὰρ
2824 4273 3121 4335 ἐπιεικεῖς,
3173 4270 3268 4323 καὶ
3312 4268 3509 4339 ἀγαθοὶ
3561 4270 3836 4340 εὑρεθεῖέν

2239 4384 2386 4429 τινες
2426 4365 2625 4438 (τοῦτο
2673 4365 2729 4418 δὲ
2764 4365 2866 4417 οὐκ
2897 4362 3047 4415 ἐστιν
3103 4361 3334 4433 ἀρετή)·
3386 4363 3495 4416 ἀπὸ
3549 4365 3834 4433 ἀσκήσεως

548 4443 719 4503 habiti
752 4450 881 4517 sint,
921 4452 1105 4506 omnia
1145 4460 1325 4509 tamen
1360 4454 1426 4508 ad
1468 4466 1661 4508 vanam
1708 4455 1936 4524 gloriam
1993 4458 2126 4513 fece-

2246 4459 2299 4511 δὲ
2323 4458 2415 4511 καὶ
2443 4457 2677 4528 μελέτης
2706 4455 2799 4509 τοῦ
2822 4453 3053 4521 ἀγαθοῦ,
3079 4454 3276 4517 οὐδείς.
3308 4454 3371 4509 Ei
3397 4453 3452 4507 δέ
3480 4471 3626 4517 τινες
3652 4456 3836 4522 ἐξοξαν

548 4550 697 4596 runt.
746 4541 848 4609 Qui
880 4553 1061 4597 autem
1096 4554 1354 4612 operatur
1390 4556 1608 4614 propter
1637 4546 1864 4616 gloriam
1890 4588 1903 4612 ,
1937 4558 1990 4603 et
2026 4565 2131 4605 non

551 4641 771 4701 propter
805 4634 1006 4688 bonum
1053 4635 1255 4703 ipsum,
1289 4634 1555 4707 signando
1592 4647 1804 4708 tempus
1835 4642 2133 4706 invenerit,

549 4723 711 4778 malis
744 4724 1039 4794 indulgebit
1074 4728 1552 4797 concupiscentiis.
1596 4729 1731 4783 Nam
1774 4734 1914 4801 apud
1958 4750 2054 4791 nos
2083 4748 2134 4791 et

550 4818 927 4873 iuterminatiu
974 4826 1253 4891 gehennae,
1286 4832 1339 4877 et
1382 4838 1543 4878 omne
1596 4824 1740 4879 aliud
1782 4828 2051 4895 studium,
2086 4840 2141 4884 et

548 4909 673 4963 vine
703 4908 1179 4965 innumerabilium
1213 4924 1523 4968 sanctorum
1562 4914 1648 4967 vix
1680 4929 2008 4972 conservant
2043 4920 2138 4972 ho-

551 5002 726 5057 mines
766 5003 819 5055 iu
858 5004 1098 5059 virtute:
1148 5021 1253 5075 quo
1286 5019 1441 5073 paeto
1490 5024 1643 5077 nugae
1692 5010 1974 5079 gentilium
2018 5011 2138 5067 illos

552 5095 606 5149 in
657 5096 797 5151 bono
832 5100 1226 5154 continebunt?
1270 5098 1459 5170 Magna
1493 5116 1711 5171 Quoque
1746 5118 1833 5159 res
1873 5103 2057 5172 fuerit,
2091 5109 2135 5161 si

553 5202 661 5244 non
691 5199 745 5245 et
777 5190 1046 5259 pessimos
1072 5192 1446 5249 reddiderunt.

626 5369 796 5427 Vens.
829 5373 1021 5430 22-24.
1056 5394 1075 5427 ι
1114 5376 1241 5432 Post
1282 5378 1397 5434 haec
1448 5378 1595 5434 venit
1624 5379 1780 5435 Jesus
1814 5390 1869 5435 et
1904 5379 2149 5451 discipuli

563 5465 681 5532 ejus
708 5468 757 5519 in
789 5477 987 5522 terram
1030 5469 1297 5549 Iudaeam,
1326 5483 1381 5528 et
1413 5472 1522 5529 illic
1553 5474 1865 5529 morabatur
1896 5488 2016 5527 cum
2049 5475 2147 5536 eis,

566 5571 627 5611 ac
654 5556 979 5644 baptizabat.
1003 5562 1320 5634 Baptizabat
1346 5573 1527 5620 autem
1551 5563 1861 5621 etioannes
1893 5568 1943 5620 in
1975 5565 2149 5620 Enen

637 5676 715 5745 (a)
772 5673 827 5729 lu
860 5678 995 5733 edit.
1028 5678 1150 5738 Lut.
1220 5682 1372 5741 deest
1440 5680 1736 5754 Scriptura:
1804 5691 2007 5749 textus,
2079 5679 2215 5749 αὕτη
2269 5682 2323 5737 δὲ

564 5746 786 5815 κόσμον.

2242 4551 2458 4618 ἀγαθοὶ,
2489 4549 2625 4602 ἀλλά
2660 4548 2796 4620 πρὸς
2826 4547 2982 4612 δόξαν
3016 4545 3196 4601 πάντα
3221 4548 3439 4600 ἐποίουν
3459 4560 3473 4575 ⁸
3519 4548 3547 4599 6
3592 4546 3646 4600 δὲ
3679 4548 3834 4618 δοῧξης

2244 4644 2407 4697 ἕνεκα
2441 4642 2727 4712 πράσσων,
2762 4641 2857 4692 καὶ
2887 4640 2949 4693 οὐ
2985 4638 3052 4692 δι’
3081 4639 3215 4693 αὐτὸ
3248 4639 3309 4692 τὸ
3336 4639 3523 4702 καλὸν,
3560 4638 3691 4694 ὅταν
3722 4659 3837 4695 και·-

2250 4734 2341 4805 ρὸν
2385 4733 2543 4805 εὕρῃ,
2578 4736 2644 4802 τῇ
2697 4732 2913 4803 πονηρᾷ
2954 4730 3225 4802 ἐπιθυμίᾳ
3262 4731 3591 4801 χαρήσεται.
3630 4732 3696 4786 Et
3732 4734 3837 4805 ῃιρ

2250 4750 2341 4805 ρον
2385 4750 2543 4805 ευρῃ,
2578 4750 2644 4802 τῃ
2697 4750 2913 4803 πονηρᾳ
2954 4750 3225 4802 επιυυμιᾳ
3262 4750 3591 4801 χαρησεται.
3630 4750 3696 4786 ιιι
3772 4750 3836 4802 ap

2249 4828 2380 4896 παρ’
2412 4828 2568 4895 ἡμῖν,
2603 4824 2699 4877 καὶ
2729 4824 2953 4893 γεέννης
2986 4823 3208 4893 ἀπειλὴ,
3244 4824 3336 4876 καὶ
3363 4823 3498 4892 ἄλλη
3533 4826 3686 4877 πᾶσα
3719 4750 3836 4879 ἐξι-

2251 4920 2462 4989 μὲλεια.
2498 4916 2592 4971 καὶ
2634 4916 2737 4986 βίοι
2791 4914 3183 4986 ἀναριθμήτων
3231 4915 3439 4983 ἁγίων,
3497 4915 3654 4984 μόλις
3703 4933 3832 4969 κατ-

2247 5013 2434 5081 έχουσι
2467 5011 2590 5073 τοὺς
2615 5008 2937 5078 ἀνθρώπους
2977 5011 3035 5061 ἐν
3066 5010 3269 5079 ἀρετῇο
3306 5008 3471 5079 σχολῇ
3510 5026 3574 5073 γε
3616 5010 3672 5061 αἱ
3709 5010 3832 5081 παρ’

2251 5104 2477 5172 Ἕλλησι
2522 5102 2806 5174 φλυαρίαι,
2844 5101 2941 5155 καὶ
2988 5102 3229 5171 μιαρίαι,
3276 5102 3405 5165 τοὺς
3436 5102 3572 5172 παρ’
3608 5103 3835 5167 ἐκείνοις

2244 5200 2301 5249 ἐν
2345 5197 2422 5265 τῷ
2471 5196 2621 5267 καλῷ
2668 5196 2979 5261 καθέξουσι.
3016 5196 3176 5264 Μέγα
3210 5195 3309 5266 μὲν
3353 5189 3468 5261 οὗν,
3526 5196 3576 5248 εξ
3624 5197 3718 5249 καὶ
3766 5197 3836 5267 μὴ

2249 5292 2569 5360 παγκάκους
2602 5291 2954 5361 ἐργάσαιντο.

2329 5403 2345 5435 ι
2383 5381 2556 5437 Μετά
2587 5382 2763 5436 ταῦτα
2812 5378 2976 5455 ἦλθεν
3022 5384 3050 5436 6
3094 5380 3299 5453 Ἰησοῦς
3348 5381 3446 5437 καὶ
3497 5384 3546 5435 οί
3600 5382 3837 5453 μαθηταὶ

2252 5477 2417 5531 αὐτοῦ
2450 5481 2527 5542 εἰς
2564 5477 2660 5547 τὴν
2705 5476 2967 5530 Ἰουδαίαν
2998 5476 3125 5545 γῆν,
3170 5476 3264 5528 καὶ
3297 5478 3416 5529 ἐκεῖ
3452 5476 3692 5547 διέτριϐε
3728 5474 3837 5547 μετ’

2258 5570 2456 5636 αὐτῶν,
2486 5572 2579 5625 καὶ
2604 5569 2918 5635 ἐϐάπτιζεν.
2941 5566 3051 5623 Ἦν
3079 5569 3134 5623 δὲ
3159 5570 3253 5624 καὶ
3280 5570 3536 5637 Ἰωάννης
3568 5570 3836 5641 βαπτίζων

2394 5687 2537 5739 ἐπὶν
2577 5686 2605 5756 ἡ
2661 5684 2879 5756 κρίσις,
2933 5683 3011 5735 ὅτι
3059 5682 3117 5735 τὸ
3166 5682 3281 5752 φῶς
3326 5681 3588 5754 ἐλήλυθεν
3637 5684 3715 5746 εἰς
3756 5684 3834 5736 τὸν
