4078 6330
328 449 466 513 1217

323 566 384 616 ὲν
433 559 610 615 Αἰνὼν
658 558 823 626 ἐγγὺς
855 555 948 608 τοῦ
999 556 1237 626 Σαλεὶμ,
1304 557 1386 610 ὅτι
1435 555 1603 610 ὕδατα
1650 557 1824 611 πολλὰ
1859 551 2178 628 ἦνΑῙιιιιτι
2225 556 2396 613 Salim
2437 575 2450 612 :

321 659 462 713 ἐκεῖ,
498 656 594 707 καὶ
637 649 1004 721 παρεγένοντο
1050 652 1142 701 καὶ
1177 647 1558 711 ἐϐαπτίζοντο.
1602 647 1773 702 Οὔπω
1816 650 1925 718 γὰρ

319 743 389 816 ἦν
423 744 757 816 βεϐλημένος
786 743 863 805 εἰς
895 741 993 812 τὴν
1022 741 1270 811 φυλακὴν
1305 744 1331 795 ὁ
1373 742 1651 810 Ἰωάννης.
1692 759 1709 791 ι
1744 741 1922 812 Μέχρι

327 841 426 907 μὲν
461 840 491 908 ἡ
522 834 682 905 ἑορτὴ
716 833 806 886 τοῦ
839 835 1030 903 Πάσχα
1070 835 1381 896 συνίστατο,
1424 833 1481 885 ἐν
1520 833 1924 903 Ἱεροσολυμοις

319 927 390 1001 ἦν
427 933 454 982 ὁ
499 928 740 997 Ἰησοῦςο
789 925 909 979 ἐπεὶ
944 928 1000 979 δὲ
1043 927 1326 996 παρῆλθεν
1361 927 1524 997 αὕτη,
1559 927 1784 996 ἐξῆλθεν
1833 927 1925 980 ἐπὶ

319 1026 422 1092 τὴν
467 1021 728 1074 Ἰουδαίαν
770 1021 902 1088 γῆν,
942 1018 1038 1071 καὶ
1085 1019 1315 1087 πλησίον
1370 1019 1464 1072 τοῦ
1531 1021 1800 1090 Ἰορδάνου
1841 1019 1914 1071 δι-

325 1115 563 1184 έτριϐεν,
597 1111 728 1166 ἔνθα
759 1111 940 1163 πολλοὶ
976 1111 1322 1180 συνέτρεχον.
1357 1112 1467 1163 Οὐκ
1499 1113 1682 1179 ἐζήτει
1715 1113 1769 1165 δὲ
1798 1115 1923 1176 τοὺς

325 1207 764 1278 πολυοχλοῦντας
801 1207 998 1268 τόπους
1029 1205 1114 1256 διὰ
1156 1204 1470 1272 φιλοτιμίαν
1504 1204 1690 1272 κενὴν,
1734 1203 1764 1272 ἢ
1802 1205 1924 1255 ἐπί-

321 1301 508 1366 δειξιν,
540 1302 676 1354 ἀλλὰ
706 1299 917 1351 πλείοσι
949 1298 1048 1364 τὴν
1072 1296 1344 1363 ὠφέλειαν
1377 1297 1550 1347 καὶτὸ
1577 1296 1779 1362 ἀγαθὸν
1811 1313 1924 1348 κοι-

319 1395 546 1446 νοῦσθαι
595 1392 799 1444 θέλων⁹
849 1389 970 1442 ἐπεὶ
1014 1388 1108 1439 καὶ
1141 1389 1218 1450 είς
1258 1387 1355 1448 τάς
1404 1387 1597 1459 ἑορτάς
1646 1387 1922 1451 ἀνέϐαινε,

320 1488 392 1539 δι’
431 1485 564 1537 αὐτὸ
611 1484 790 1547 τοῦτο,
840 1483 914 1542 ὡς
962 1481 1218 1542 πλείονας
1271 1479 1579 1548 ὠφελήσων
1621 1479 1716 1531 καὶ
1758 1481 1922 1546 λόγῳ,

321 1579 418 1630 καὶ
453 1577 749 1645 θαυμάτων
776 1573 1129 1639 ἐπιδείξεσιν.
1168 1572 1409 1623 Ἀκουων
1440 1572 1495 1623 δὲ
1527 1572 1606 1623 ὅτι
1637 1571 1922 1634 ἐϐάπτιζε,

323 1669 401 1740 μὴ
435 1668 596 1722 αὐτὸν
628 1669 836 1720 ἐκεῖνον
869 1664 1056 1735 νόμιζε
1085 1665 1396 1734 βαπτίζειν,
1430 1663 1565 1715 ἀλλὰ
1596 1666 1722 1725 το’.ς
1755 1663 1924 1714 αὑτοῦ

320 1760 605 1830 μαθητάς·
654 1759 714 1810 τὸ
750 1759 805 1810 δὲ
841 1757 948 1810 τῶν
987 1757 1250 1826 μαθητῶν
1293 1757 1474 1825 ἔργον,
1526 1759 1606 1815 εἰς
1640 1757 1730 1808 τὸν
1765 1755 1924 1808 Διδά-

320 1855 518 1906 σκαλον
541 1852 805 1920 ἀναφέρει
828 1851 856 1902 δ
888 1849 1305 1918 εὐαγγελιστής.
1358 1849 1591 1900 Ἰεῖπείτοι
1622 1863 1683 1916 γε
1719 1849 1920 1918 προϊὼν

1008 444 1461 506 ENARRATIO
1505 445 1588 507 ΙΝ
1624 443 2136 507 EVANGELIUM
2172 443 2760 506 JOANNIS.—CAI‘.
2803 444 2914 506 Ill.

3503 438 3642 506 1218

2505 556 2633 625 quia
2670 571 2825 626 aqua:
2861 556 3050 610 multae
3085 565 3247 610 crant
3290 555 3421 624 illic,
3457 569 3513 613 et
3548 573 3644 614 ve-

2035 648 2258 702 niebant
2301 656 2357 702 et
2393 648 2838 717 baptizabantur.
2875 645 3126 700 Nondum
3163 646 3310 701 enim
3359 649 3646 720 cpnjectus

2030 739 2213 794 fuerat
2245 738 2486 794 Joannes
2519 740 2570 793 in
2613 754 2919 793 carcerem.
2964 756 2981 788 ι
3025 738 3154 792 Erat
3187 735 3348 791 Jesus
3385 739 3644 793 Hieroso-

2031 833 2190 903 lymis
2230 819 2403 902 usque
2435 835 2500 886 ad
2550 832 2748 886 festum
2790 832 3019 886 Paschze
3052 849 3064 884 :
3097 842 3152 886 et
3183 841 3476 900 postquam
3512 833 3643 891 illud

2030 925 2316 994 przeletiit,
2353 926 2522 979 exivit
2555 926 2606 979 in
2649 935 2849 980 terram
2893 915 3186 988 Jud:eam,‘
3212 933 3267 978 et
3313 941 3483 996 prope
3518 925 3644 980 Jor-

2031 1024 2224 1072 danem
2281 1020 2628 1083 versabatur,
2695 1019 2784 1073 ubi
2838 1019 2991 1072 multi
3043 1020 3466 1073 conveniebant.
3524 1017 3642 1074 Non

2030 1107 2308 1176 quzerebat
2341 1121 2523 1164 autem
2559 1111 2816 1178 populosa
2853 1109 2970 1165 loca
3004 1121 3232 1180 propter
3269 1111 3488 1163 inanem
3529 1110 3643 1180 glo-

2032 1203 2204 1265 riam,
2259 1203 2342 1255 vel
2394 1205 2815 1258 ostentationem
2869 1221 2881 1255 :
2937 1203 3032 1258 sed
3091 1202 3347 1271 cupiebat
3391 1202 3643 1272 pluribus

2029 1309 2181 1346 suam
2232 1295 2533 1349 bonitatem
2569 1295 3005 1359 communicare,
3045 1305 3099 1348 et
3139 1295 3258 1348 usui
3292 1309 3412 1348 esse
3448 1311 3463 1348 ι
3502 1308 3642 1363 quo-

2032 1387 2176 1439 niam
2215 1398 2267 1439 et
2300 1401 2418 1440 eam
2457 1389 2527 1440 ob
2560 1402 2784 1441 Causam
2821 1389 2886 1440 ad
2922 1387 3121 1440 festum
3161 1387 3522 1449 ascenderat,
3555 1395 3641 1440 ut-

2030 1485 2153 1542 pote
2185 1474 2433 1542 plurimis
2471 1477 2790 1543 profuturus
2821 1476 3072 1529 doctrinm
3099 1484 3154 1528 et
3186 1476 3487 1529 miraculis.
3525 1476 3637 1528 Au-

2030 1568 2184 1618 diens
2225 1577 2406 1620 autem
2441 1569 2585 1637 quod
2621 1567 2949 1636 baptizarit,
2988 1583 3052 1620 ne
3087 1578 3244 1634 putes
3274 1568 3418 1637 quod
3453 1582 3550 1636 per
3581 1581 3641 1622 se

2030 1660 2344 1729 bapfizarit,
2377 1659 2473 1714 sed
2517 1676 2616 1730 per
2656 1661 2978 1731 discipulos.
3019 1660 3131 1714 lloc
3159 1663 3304 1714 enim
3338 1660 3641 1728 discipulo-

2032 1769 2148 1805 rum
2183 1770 2324 1823 opus
2358 1754 2410 1807 in
2451 1752 2773 1823 Magistrum
2808 1753 2973 1808 refert
3004 1753 3362 1822 evangelista.
3408 1753 3546 1806 Nam
3581 1753 3637 1809 in

2029 1859 2324 1912 progressu
2373 1845 2515 1897 idem
2570 1844 2658 1898 hic
2692 1845 3031 1913 evangelista
3063 1844 3197 1898 dicit
3234 1845 3381 1913 quod
3421 1863 3438 1896 ι
3476 1843 3638 1900 Jesus

318 1943 481 2006 αὐτὸς
533 1937 688 2005 οὗτος
743 1943 771 1995 ὁ
827 1939 1250 2010 εὐαγγελιστὴς,
1299 1940 1485 2011 φησὶν,
1526 1942 1604 1992 ὅτι
1642 1959 1659 1990 ι
1712 1941 1919 2011 Ἰησοῦς

2026 1952 2133 1988 non
2189 1937 2503 2005 baptizarit,
2553 1937 2648 1990 sed
2690 1912 2942 2004 discipuli
2970 1936 3134 2006 ~ejus.
3177 1954 3194 1987 ι
3239 1912 3345 1991 Sed
3397 1937 3634 2008 quaeris,

317 2039 419 2089 οὐκ
456 2038 772 2100 ἐϐάπτιζεν,
829 2035 942 2087 ἀλλ’
982 2037 1029 2086 oi.
1081 2035 1327 2103 μαθηταὶ
1373 2035 1564 2087 αὑτοῦ.
1608 2053 1624 2085 ι
1679 2035 1916 2106 Ἐρωτᾷς

317 2129 409 2180 δέ’
465 2131 620 2191 Τίνος
668 2130 857 2180 ἕνεκεν
897 2127 1058 2190 αὐτὸς
1117 2129 1216 2179 οὐκ
1271 2128 1568 2191 ἐϐάπτιζε;
1621 2128 1915 2182 Μάνθανε·

318 2220 618 2290 Προλαῦὼν
653 2215 805 2272 εἶπεν
840 2223 866 2272 ὁ
914 2220 1190 2286 Ἰωάννης,
1236 2221 1316 2271 ὅτι
1358 2239 1373 2268 ι
1413 2221 1586 2283 Αὐτὸς
1626 2223 1771 2290 ὑμᾶς
1821 2221 1918 2296 βα-

322 2312 505 2364 πτίσει
537 2315 594 2365 ἐν
631 2313 911 2380 Πνεύματι
943 2313 1117 2380 ἁγίῳ·
1161 2330 1178 2362 ι
1231 2312 1454 2380 Πνεῦμα
1489 2315 1544 2367 δὲ
1578 2315 1730 2382 ἅγιον
1766 2314 1919 2367 οὔπω

315 2401 383 2472 ἦν
415 2404 684 2468 δεδωκὼς,
719 2405 853 2457 διότι
881 2405 1003 2456 οὐδὲ
1037 2401 1229 2472 καιρὸς
1260 2399 1348 2472 ἦν.
1387 2405 1448 2457 Εἰ
1483 2407 1665 2459 τοίνυν
1697 2408 1919 2460 ἐϐάπτιο

316 2497 431 2561 ξεν,
467 2497 496 2567 ἢ
531 2500 702 2565 χωρὶς
735 2497 1052 2565 Πνεύματο;
1088 2501 1384 2563 ἐϐάπτιζεν
1418 2502 1504 2562 ἂν,
1531 2501 1622 2551 καὶ
1651 2501 1702 2551 τί
1730 2501 1918 2553 λοιπὸν

314 2589 531 2658 διέφερε
571 2589 662 2642 τοῦ
699 2589 986 2655 Ἰωάννους
1091 2593 1262 2645 ἐδίδου
1291 2593 1360 2645 ἂν
1418 2593 1641 2662 Πνεῦμα
1673 2595 1772 2646 καὶ
1811 2597 1917 2665 πρὸ

317 2681 534 2749 καιροῦ,
573 2683 710 2750 ὅπερ
748 2681 958 2745 ἀνάξιον
990 2685 1082 2734 τοῦ
1118 2687 1296 2736 πάντα
1332 2686 1389 2736 ὲν
1421 2685 1599 2754 καιρῷ
1638 2685 1918 2750 ποιοῦντος

317 2772 479 2825 Θεοῦ.
513 2774 608 2836 Τίς
632 2773 687 2826 δὲ
713 2769 779 2844 ἦν
810 2775 838 2824 ὀ
869 2775 1058 2842 καιρδς
1092 2776 1186 2844 τῆς
1217 2776 1310 2829 τοῦ
1342 2778 1658 2846 [Ινεῦματος
1685 2778 1913 2843 δύσεω;;

326 2863 386 2917 Ὀ
423 2863 562 2934 μετὰ
591 2866 690 2934 τὴν
725 2865 1018 2935 ἀνάληψιν.
1060 2867 1209 2919 Ἔδει
1241 2866 1348 2938 γάρ
1381 2868 1787 2937 ἐμφανισθῆναι
1818 2870 1918 2937 τὴν

315 2957 667 3028 ἀνθρωπίνην
700 2956 864 3025 φύσιν
890 2958 966 3026 τῷ
991 2959 1165 3028 Πατρὶ
1197 2960 1588 3028 ἀναμάρτητον
1615 2961 1671 3011 ὲν
1696 2961 1918 3030 Χριστῷ

329 3049 509 3119 Ἰησοῦ
529 3065 541 3077 ·
571 3051 663 3102 καὶ
694 3048 840 3103 οὕτω
869 3051 1258 3117 διαλλαγέντος
1287 3052 1380 3104 τοῦ
1414 3051 1550 3103 Θεοῦ
1577 3053 1712 3122 πρὸς
1748 3055 1915 3122 ἡμᾶς,

314 3142 374 3194 τι
410 3142 635 3212 Πνεῦμα
658 3142 730 3205 ὠς
749 3142 977 3195 πλοῦτον
1009 3145 1102 3196 καὶ
1136 3143 1452 3212 φιλοτιμίαν
1475 3124 1914 3215 ὲπῖπεμφθῇναι.

315 3237 378 3286 Οἱ
414 3235 594 3288 τοίνυν
628 3235 872 3304 μαθηταὶ
902 3234 995 3287 τοῦ
1031 3234 1207 3305 Ἰησοῦ
1237 3236 1552 3300 ἐϐάπτιζον,
1587 3237 1672 3288 ἴνα
1696 3237 1912 3302 πλείους
1942 3259 1984 3315 c

316 3329 383 3398 τῇ
438 3326 778 3396 σωτηριώδει
827 3327 1154 3396 διδασκαλία
1207 3327 1544 3397 προσάξωσι.
1598 3329 1821 3382 Τούτων
1860 3330 1916 3384 δὲ

319 3417 717 3488 βαπτιζόντων,
754 3421 847 3473 καὶ
876 3423 904 3472 ὁ
955 3422 1208 3490 Ἰωάννης
1254 3421 1330 3473 ἔτι
1370 3420 1648 3490 βαπτίζει,
1690 3427 1782 3476 καὶ
1817 3425 1918 3478 οὐκ

315 3511 622 3577 ἐπαύσατο,
671 3511 765 3566 δύο
798 3514 1079 3583 κατορθῶν
1115 3516 1170 3566 ὲν
1220 3516 1422 3584 ταυτῷ’
1465 3517 1521 3568 ἓν
1560 3518 1678 3586 μὲν,
1715 3518 1774 3570 τὸ
1805 3520 1917 3581 τοῖς

317 3603 752 3670 προστρέχουσιν
785 3603 932 3672 αῦτῴ
960 3604 1087 3674 περὶ
1111 3605 1350 3674 Χριστοῦ
1383 3606 1582 3674 λέγειν,
1618 3609 1712 3660 καὶ
1747 3624 1918 3678 προσ-

318 3694 474 3761 άγειν
503 3696 700 3758 αὐτοὺς
731 3695 879 3766 αὐτῷ
902 3712 916 3726 ο
951 3696 1140 3767 ἕτερον
1170 3697 1248 3762 δὲ,
1280 3698 1342 3750 τὸ
1380 3702 1503 3762 τοὺς
1552 3701 1802 3771 μαθητάς
1841 3699 1918 3770 μὴ

315 3793 396 3849 εἰς
434 3787 621 3856 ζῆλον,
662 3789 755 3841 καὶ
787 3789 1010 3841 πλείονα
1045 3791 1380 3858 φιλονεικίαν
1413 3795 1678 3861 ἐρεθίσαι.
1717 3795 1777 3846 ΕΞ
1809 3793 1917 3864 γάρ

316 3877 600 3932 ἐπαύσατο
627 3880 716 3932 τοῦ
749 3879 1055 3949 βαπτίζειν,
1097 3882 1149 3934 τί
1180 3884 1279 3936 οὐκ
1317 3884 1382 3936 ἂν
1431 3885 1697 3957 ἐποίησαν
1725 3889 1772 3938 οἱ
1811 3904 1917 3954 μα-

319 3971 484 4041 θη.αὶ
515 3969 706 4034 αὑτοῦ,
735 3970 1075 4042 φθονώτερον
1109 3973 1447 4044 διακείμενοι
1479 3977 1615 4046 πρὸς
1648 3976 1916 4047 Χριστόν;

315 4062 378 4114 El
410 4061 519 4132 γὰρ
571 4063 830 4132 μυριάκις
880 4061 1039 4132 βοῶν,
1089 4067 1182 4116 καὶ
1235 4067 1344 4118 τῶν
1397 4068 1688 4134 πρωτείων
1724 4067 1810 4119 ἀεὶ
1841 4068 1919 4137 τῷ

321 4155 546 4224 Χριστῷ
571 4156 944 4226 παραχωρῶν,
977 4156 1078 4208 οὐκ
1101 4157 1320 4210 ἔπεισεν
1348 4158 1544 4220 αὐτοὺς
1575 4159 1726 4228 αὐτῷ
1750 4177 1920 4229 προσ-

317 4245 583 4319 δραμεῖν
615 4248 694 4310 είς
729 4248 892 4301 πόσον
921 4247 986 4300 άν
1032 4247 1226 4317 φθόνον
1259 4251 1358 4302 οὐκ
1387 4251 1642 4319 ἐκίνησεν
1696 4250 1917 4316 αὐτοὺς,

313 4343 433 4406 εῐγε
462 4340 556 4392 τοῦ
587 4340 872 4410 βαπτίζειν
903 4343 1214 4408 suadeam;
1241 4345 1333 4395 Διὸ
1360 4345 1453 4396 καὶ
1480 4347 1507 4397 ὀ
1537 4344 1773 4414 Χριστὸς
1797 4345 1918 4398 τότε

321 4429 557 4500 μάλιστα
575 4431 779 4502 ηρξατο
797 4432 1110 4503 κηρύττειν,
1135 4434 1224 4486 ὅτε
1257 4434 1509 4502 Ἰωάννης
1533 4434 1917 4504 κατεκλείσθη,

318 4522 408 4574 διὰ
436 4521 528 4574 τὸν
566 4521 760 4592 φθόνον
793 4525 900 4576 τῶν
932 4524 1025 4576 τοῦ
1071 4525 1381 4578 Βαπτιστοῦ
1435 4525 1716 4594 μαθητῶν.
1751 4522 1919 4597 Οἶμαι

2025 2027 2205 2092 Quare
2237 2044 2339 2081 non
2372 2031 2484 2096 ipse
2509 2028 2842 2096 baptizavit?
2866 2028 3042 2083 Disce.
3071 2027 3471 2098 Prreoccnpans
3502 2030 3642 2086 dixit

2021 2115 2262 2173 Joannes
2297 2137 2308 2172 :
2350 2137 2366 2169 ι
2405 2117 2498 2174 Ille
2531 2135 2627 2172 vos
2649 2119 2943 2188 baptizahit
2974 2121 3179 2188 Spiritu
3213 2132 3426 2175 sancto.
3467 2141 3485 2174 ι
3518 2121 3642 2190 Spi-

2025 2212 2163 2266 ritus
2192 2220 2373 2266 autem
2392 2222 2614 2266 sanctus
2633 2213 2872 2265 nondum
2900 2224 3020 2266 erat
3042 2215 3221 2277 datus,
3244 2229 3308 2267 eo
3333 2213 3474 2278 quod
3503 2230 3641 2267 non-

2021 2305 2148 2358 dum
2179 2318 2392 2373 tempus
2415 2315 2551 2358 erat.
2571 2305 2740 2376 Igitur
2755 2308 2797 2362 si
2819 2309 3140 2375 baptizasset
3155 2347 3171 2374 ,
3187 2305 3270 2360 vel
3297 2309 3500 2376 absque
3514 2305 3606 2376 Spi
3620 2334 3640 2348 -

2027 2400 2127 2453 ritn
2149 2399 2309 2471 547
2331 2399 2662 2467 baptizasset
2688 2417 2836 2464 :quae
2871 2403 3273 2455 intercessisset
3289 2401 3431 2455 inter
3454 2402 3635 2470 ipsum

2021 2501 2074 2545 et
2094 2490 2358 2545 Joannem
2387 2492 2731 2547 dillerentia?
2758 2493 2840 2547 vel
2868 2494 3112 2549 dedisset
3155 2492 3444 2562 Spiritum,
3474 2502 3638 2563 atque

2023 2597 2148 2638 ante
2185 2596 2425 2654 tempus,
2461 2591 2554 2640 sed
2591 2588 2639 2640 id
2677 2587 2962 2658 indignum
3006 2585 3139 2654 Deo,
3173 2588 3266 2657 qui
3303 2590 3356 2641 in
3394 2597 3639 2655 tempore

2025 2677 2153 2730 l'aeit
2203 2680 2408 2733 omnia.
2443 2679 2596 2746 Quod
2630 2687 2812 2735 autem
2848 2689 3065 2748 tempus
3111 2682 3274 2734 dandi
3333 2679 3639 2749 Spiritum?

2023 2767 2260 2837 Tempus
2292 2779 2410 2838 post
2441 2773 2894 2841 assumptionem.
2929 2770 3223 2840 Oportebat
3259 2775 3404 2827 enim
3437 2783 3494 2826 nt
3530 2772 3636 2827 bu-

2025 2880 2178 2914 mana
2230 2873 2420 2918 natura
2469 2864 2580 2918 Deo
2620 2864 2769 2920 Patri
2823 2867 3355 2921 demonstraretnra
3411 2876 3637 2938 peccato

2024 2954 2284 3009 immunis
2317 2956 2369 3011 in
2405 2958 2629 3012 Christo
2657 2956 2785 3012 Jesu
2833 2978 2845 3013 :
2877 2970 3042 3028 atque
3089 2959 3162 3012 ita
3210 2959 3320 3014 Deo
3352 2962 3508 3017 nobis
3545 2978 3639 3018 rea-

2022 3047 2337 3112 cooriliato,
2374 3047 2613 3116 Spiritus
2667 3058 2926 3118 tanquam
2975 3051 3230 3119 opulenta
3281 3052 3533 3119 quaedam
3572 3054 3638 3108 li-

2025 3139 2280 3194 beralitas
2310 3142 2639 3196 mitterezur.
2670 3140 2908 3199 Proinde
2948 3144 3198 3215 discipuli
3226 3143 3354 3200 Jesu
3394 3147 3611 3214 baptiza

2023 3232 2175 3294 bant,
2205 3243 2262 3287 nt
2291 3234 2474 3302 plures
2503 3234 2569 3288 ad
2604 3235 2908 3291 Salvatoris
2933 3237 3240 3292 doctrinam
3269 3238 3630 3298 adducerent.

2026 3327 2177 3383 Unde
2215 3339 2270 3383 ct
2308 3330 2391 3384 his
2425 3332 2855 3400 baptizantibus,
2895 3335 3061 3389 etiam
3103 3333 3344 3391 Joannes
3389 3337 3636 3406 baptiza-

2023 3425 2133 3486 bat,
2169 3432 2223 3476 et
2256 3439 2362 3477 non
2396 3425 2670 3489 cessabat,
2707 3427 2813 3480 duo
2845 3425 2981 3480 bona
3015 3427 3261 3482 faciens:
3302 3444 3467 3482 unum
3517 3431 3638 3500 qui-

2022 3515 2175 3578 dem,
2214 3518 2338 3586 quia
2386 3519 2451 3570 ad
2503 3534 2562 3572 se
2593 3520 2874 3573 venientes
2909 3521 2973 3573 de
3023 3519 3245 3576 Christo
3295 3522 3525 3591 loquens
3567 3523 3637 3578 ad

2021 3610 2172 3663 illum
2209 3609 2549 3676 adducebat;
2609 3612 2843 3666 alterum
2893 3628 3059 3679 vero,
3115 3617 3241 3682 quia
3286 3616 3512 3671 curabat
3565 3632 3636 3674 ne

2022 3702 2274 3770 discipuli
2324 3703 2406 3756 sui
2444 3704 2496 3756 in
2547 3705 2810 3774 majorem
2850 3706 3026 3758 zelum
3071 3717 3127 3760 et
3165 3709 3634 3779 contemptionem

2021 3809 2477 3864 provocarentur.
2527 3797 2584 3851 Si
2635 3799 2779 3852 enim
2829 3810 3101 3854 cessasset
3153 3801 3466 3870 baptizare,
3503 3805 3636 3873 quid

2023 3901 2129 3938 non
2164 3884 2424 3940 iecissent
2454 3887 2706 3956 discipuli
2743 3887 2890 3957 ejus,
2925 3889 3130 3959 alioqui
3170 3893 3381 3961 majore
3428 3895 3632 3949 invidia

2023 3977 2301 4032 Christum
2345 3981 2784 4049 persequentes?
2818 3981 2950 4034 Nam
2985 3998 3108 4036 cum
3147 3999 3292 4054 saepe
3342 3987 3592 4040 clamarit
3615 4025 3634 4050 ,
3669 3990 3672 3993 ’

2022 4080 2076 4124 et
2107 4071 2310 4140 primas
2347 4088 2565 4142 semper
2613 4074 2836 4128 Christo
2886 4076 3168 4137 tribuerit,
3209 4093 3312 4131 non
3361 4082 3636 4146 persuasit

2023 4167 2103 4220 eis
2133 4179 2193 4220 ut
2234 4169 2565 4223 accederent
2595 4171 2660 4222 ad
2711 4171 2860 4224 illum
2899 4187 2912 4225 :
2946 4172 2999 4225 in
3035 4185 3296 4240 quantam
3325 4191 3456 4242 ergo
3494 4177 3634 4231 invi-

2023 4257 2168 4308 diam
2201 4256 2526 4325 impulisset,
2573 4259 2616 4312 si
2654 4269 2932 4314 cessasset
2978 4261 3296 4331 baplilare?
3335 4262 3544 4319 Idcirco
3578 4275 3634 4320 et

2023 4349 2463 4416 Christns_tunc
2510 4353 2749 4406 maxime
2797 4353 2970 4423 ςωρὶι
3027 4357 3364 4424 praedicare,
3411 4362 3634 4426 quando

2022 4440 2262 4496 Joannes
2293 4442 2537 4497 inclusus
2566 4455 2671 4512 est,
2698 4455 2919 4513 propter
2941 4446 3204 4500 invidiam
3239 4449 3631 4519 discipulorum

2028 4531 2305 4602 Baptistae.
2331 4532 2542 4605 Opinor
2573 4545 2754 4589 autent
2784 4537 3107 4604 permissmn
3138 4536 3366 4595 Joannis
3400 4553 3631 4597 mortem

320 4615 378 4667 δὲ
416 4615 509 4666 καὶ
540 4617 638 4684 τὴν
669 4616 932 4685 τελευτὴν
983 4617 1234 4669 Ἰωάννου
1287 4617 1374 4669 διὰ
1427 4618 1586 4670 τοῦτο
1628 4634 1917 4688 συγχωρη-

2031 4627 2318 4690 maturari,
2369 4638 2426 4682 ut
2475 4628 2656 4681 onmis
2698 4628 2926 4698 populus
2977 4641 3202 4698 paratus
3251 4633 3316 4685 ad
3352 4634 3630 4690 Christum

319 4707 480 4777 Θῆναι
511 4709 774 4777 ταχίστην
811 4709 1091 4776 γενέσθαι,
1120 4711 1260 4763 ὥστε
1300 4713 1480 4762 πᾶσαν
1509 4711 1606 4781 τὴν
1636 4711 1728 4763 τοῦ
1769 4713 1912 4781 πλή-

321 4799 446 4864 θους
481 4801 723 4854 διάθεσιν
751 4804 843 4854 ἐπὶ
870 4803 960 4855 τὸν
987 4803 1224 4873 Χριστὸν
1254 4803 1553 4872 μετελθεῖν,
1592 4804 1686 4856 καὶ
1717 4807 1914 4872 μηκέτι

319 4897 442 4956 ταῖς
480 4894 609 4963 περὶ
644 4895 1000 4968 ἀμφοτέρων,
1054 4897 1308 4949 Ἰωάννου
1349 4896 1443 4949 καὶ
1488 4896 1751 4966 Χριστοῦ,
1796 4897 1914 4966 σχί-

321 4986 512 5051 ζεσθαι
547 4986 818 5058 γνώμαις.
866 4988 1200 5052 Βαπτίζουσι
1236 4990 1417 5042 τοίνυν
1465 4991 1512 5043 οἱ
1543 4990 1636 5042 τοῦ
1674 4989 1914 5058 Χριστοῦ

324 5081 570 5153 μαθηταὶ
598 5083 885 5152 βάπτισμα
917 5081 1086 5151 μηδὲν
1123 5083 1286 5133 πλέον
1313 5081 1435 5150 ἕχον
1466 5080 1562 5132 τοῦ
1598 5081 1911 5150 βαπτίσμα-

319 5190 412 5238 τος
448 5175 716 5228 Ἰωάννου.
762 5176 965 5244 Ἀμτω
997 5176 1104 5245 γὰρ
1134 5173 1329 5240 ἀτελῆ,
1361 5173 1433 5235 ὼς
1466 5173 1557 5226 τοῦ
1597 5173 1917 5240 Πνεῦματος

321 5267 558 5337 ἄμοιρα·
594 5268 742 5320 αἰτία
780 5270 965 5336 μέντοι
1001 5268 1336 5336 ἀμφοτέροις
1369 5267 1488 5335 μία,
1525 5265 1585 5317 τὸ
1618 5267 1917 5336 προσάγειν

321 5357 547 5431 Χριστῷ
585 5359 708 5422 τοὺς
753 5359 1204 5429 βαπτιζομένους.

403 5470 421 5503 ι
472 5452 722 5520 Ἐγένετο
748 5452 839 5505 οῦν
873 5455 1100 5522 ζήτησις
1137 5454 1199 5505 ὲκ
1229 5453 1336 5505 τῶν
1367 5453 1626 5522 μαθητῶν
1671 5451 1915 5504 Ἰωάννου

329 5545 471 5614 μετὰ
525 5545 800 5599 Ἰουδαίων
848 5549 976 5616 περὶ
1012 5545 1381 5616 καθαρισμοῦ.
1425 5547 1533 5598 Καὶ
1581 5541 1743 5614 ἦλθον
1780 5529 1918 5615 πρὸς

323 5637 415 5690 τὸν
459 5638 732 5709 Ἰωάννην,
768 5640 860 5691 καὶ
896 5634 1047 5690 εἶπον
1080 5639 1261 5710 αὐτῷ’
1343 5639 1553 5701 Ῥαῆὄὶ,
1587 5637 1644 5698 ὃς
1675 5633 1741 5706 ἦν
1780 5638 1917 5707 μετὰ

327 5729 422 5783 σοῦ
457 5732 628 5784 πέοαν
674 5731 768 5785 τοῦ
813 5732 1101 5802 Ἰορδάνου,
1146 5726 1188 5800 ᾧ
1217 5733 1278 5785 σὺ
1324 5733 1783 5802 μεμαρτύρηκας,
1815 5732 1912 5796 ἴδε,

325 5813 483 5888 οὗτος
532 5822 808 5893 βαπτίζει,
860 5827 952 5878 καὶ
1001 5827 1202 5888 πάντες
1251 5826 1501 5894 ἔρχονται
1545 5824 1682 5892 πρὸς
1730 5824 1917 5879 αὐτόν.

339 5913 666 5988 ⁹Δπεκρίθη,
709 5917 806 5973 καὶ
845 5913 998 5970 εἶπεν
1037 5921 1065 5971 ὁ
1114 5918 1389 5989 Ἰωάννης·
1435 5918 1510 5971 Οὐ
1556 5917 1779 5970 δύναται
1821 5916 1916 5971 ἄν·

2028 4722 2308 4783 transiret,
2337 4729 2390 4772 et
2427 4737 2532 4774 non
2581 4721 2959 4775 dividerentur
2992 4725 3279 4778 sententia:
3309 4726 3374 4780 de
3407 4725 3632 4784 Christo

2027 4823 2076 4867 et
2093 4811 2322 4866 Joanne.
2342 4813 2633 4882 Baptizant
2654 4814 2818 4883 igitur
2834 4814 3082 4884 discipuli
3107 4816 3311 4872 Christi
3332 4817 3629 4887 baptismo,

2027 4903 2119 4974 qui
2151 4903 2286 4957 nihil
2317 4903 2553 4958 habebat
2576 4905 2810 4973 amplius
2835 4921 2998 4975 quam
3032 4907 3324 4977 baptistnut
3353 4911 3584 4968 Joannis
3611 4929 3625 4967 :

2029 4997 2191 5051 ambo
2223 4998 2370 5050 enim
2409 4999 2741 5066 imperfecti,
2784 5009 2837 5053 et
2873 5002 3114 5055 nondum
3153 5003 3421 5060 habentes
3456 5003 3628 5076 Spiri-

2031 5097 2141 5140 tum
2167 5127 2182 5153 ,
2239 5087 2540 5157 eademque
2591 5092 2807 5160 utrique
2853 5107 3052 5161 causa,
3094 5103 3150 5148 ut
3189 5097 3532 5154 adducantur
3561 5101 3631 5155 ad

2033 5181 2315 5236 Christum
2355 5181 2641 5250 baptizati.

2105 5454 2264 5508 Vens.
2300 5451 2491 5508 εει-ει.
2532 5472 2549 5504 ι
2587 5451 2717 5508 Orta
2768 5463 2949 5509 autem
2988 5465 3071 5510 est
3109 5458 3339 5526 qumstio
3371 5475 3435 5513 ex
3468 5459 3633 5513 ("SCI-

2029 5546 2171 5615 pulis
2201 5544 2430 5599 Joannis
2460 5562 2580 5602 cum
2620 5545 2820 5602 Judaeis
2871 5549 2938 5604 de
2975 5549 3378 5618 puriﬁcatione.
3426 5551 3492 5606 Et
3539 5567 3633 5608 vc-

2029 5650 2229 5691 nciunt
2259 5641 2325 5689 ad
2355 5637 2620 5691 Joannem
2655 5650 2708 5692 et
2741 5641 2996 5694 dixerunt
3029 5645 3078 5695 ei
3120 5661 3133 5697 :
3165 5642 3361 5704 Rabhi.
3389 5646 3485 5714 qui
3511 5655 3630 5700 erat

2032 5741 2206 5785 tecum
2260 5742 2408 5784 trans
2448 5731 2764 5794 Jordanem,
2814 5734 2899 5787 cui
2937 5745 2993 5788 tu
3036 5737 3408 5791 testimonium
3444 5739 3631 5808 perhi-

2028 5824 2216 5888 bnisti,
2265 5839 2394 5876 ecce
2431 5824 2476 5876 is
2510 5826 2770 5892 baptizal,
2799 5833 2852 5878 et
2886 5840 3081 5880 omnes
3116 5830 3335 5881 veniunt
3381 5831 3449 5882 ad
3479 5847 3626 5884 eum.

2027 5915 2328 5987 RcSpOItdil
2354 5914 2615 5986 Joannes,
2647 5926 2700 5974 ct
2733 5919 2868 5975 dixit
2897 5935 2910 5974 :
2943 5917 3057 5974 Non
3081 5930 3264 5991 potest
3296 5923 3459 5978 homo
3482 5924 3621 5979 ace)"
