4078 6330
549 464 685 535 1219
1394 462 1972 525 THEOPHYLACTI
2023 463 2094 523 BI

2197 461 2440 524 ἓΑΡιΙᾸζ
2474 462 2834 526 ARCHIEP.
3669 462 3806 527 1220

535 588 666 646 pere
705 571 1000 643 quidquam
1033 571 1137 628 nisi
1163 570 1327 627 fuerit
1353 571 1402 626 ei
1431 572 1613 626 datum
1640 585 1672 626 e
1699 570 1858 626 cosio.
1900 589 1920 622 ι
1952 569 2094 625 Fact:

2197 628 2198 631 η
2227 568 2444 641 θρωπος
2477 568 2778 640 λαμϐάνειν
2815 568 2988 632 οὐδὲν,
3040 568 3137 623 ἐὰν
3166 571 3240 641 μὴ
3335 571 3622 644 δεδομένον
3656 575 3806 643 αὐτῷ

531 674 620 721 est
654 664 881 735 quaestio
907 666 971 718 de
1001 663 1322 731 baptismate
1349 660 1612 716 adversus
1647 658 1892 715 Judaeum
1923 675 2094 729 quem‘

2219 664 2282 715 ὲκ
2305 661 2399 714 τοῦ
2431 660 2686 733 ούρανοῦ.
2727 680 2745 713 ι
2795 661 3044 730 Ἐγένετο
3069 662 3296 734 ζήτησις
3326 663 3457 735 περὶ
3482 664 3581 718 τοῦ
3611 665 3807 734 βαπτί-

531 753 656 809 dam
678 751 1128 809 contendentibus
1150 750 1432 820 discipulis
1444 749 1708 806 Joannis.
1732 749 1869 804 Nam
1893 748 2094 806 ludam:

2219 769 2429 822 σματος
2486 753 2625 823 πρὸς
2692 752 2950 808 Ἰουδαῖόν
2999 771 3122 809 τινα
3177 755 3636 824 φιλονεικούντων
3693 757 3803 812 τῶν

529 845 747 913 quidem
779 841 1101 912 praeferebat
1130 841 1401 912 baptisma
1431 840 1819 909 discipulorum
1856 842 2060 898 Christi

2228 842 2476 897 Ἰωάννου
2511 843 2792 914 μαθητῶν.
2836 842 2894 897 '0
2923 842 3023 913 μὲν
3056 843 3165 915 γάρ
3204 845 3481 911 Ἰουδαῖος,
3514 845 3577 900 τὸ
3607 845 3799 916 βάπτι-

529 932 774 1002 discipuli
807 942 986 990 autem
1016 932 1244 989 Joannis
1265 935 1530 1005 baptisma
1556 936 1638 990 sui
1676 936 1942 1006 magistri.
1975 937 2094 991 Cun

2217 951 2330 1003 σμα
2356 932 2466 988 τῶν
2488 934 2727 1005 Χριστοῦ
2755 935 3012 1006 μαθητῶν
3044 937 3320 1007 προετίθει
3343 954 3358 969 ο
3393 939 3441 990 οί
3469 938 3526 991 δὲ
3554 937 3802 1008 μαθηταὶ

529 1037 658 1092 ergo
686 1023 753 1078 de
779 1025 1182 1093 puriﬁcatione,
1216 1023 1318 1079 hoc
1358 1032 1462 1089 est,
1493 1025 1787 1094 baptismo,
1820 1026 2094 1095 quaesituri

2226 1025 2500 1090 Ἰωάννου,
2555 1027 2615 1080 τὸ
2656 1026 2754 1080 τοῦ
2803 1027 3146 1084 διδασκάλου.
3184 1029 3536 1100 Ζητήσαντες
3566 1031 3624 1084 δὲ
3671 1032 3803 1105 περὶ

527 1120 693 1176 esset,
739 1116 1005 1168 accedunt
1041 1114 1108 1169 ad
1158 1114 1472 1185 magistrum
1519 1130 1674 1169 suum
1701 1157 1716 1182 ,
1761 1126 1814 1170 et
1852 1116 2085 1184 iucipiun

2212 1116 2306 1169 τοῦ
2338 1117 2704 1188 καθαρισμοῦ,
2731 1121 2851 1190 ἦτοι
2882 1119 2977 1172 τοῦ
3007 1120 3404 1191 βαπτίσματος,
3439 1125 3701 1192 προσίασι
3726 1123 3804 1194 τῷ

527 1204 707 1258 obiter
735 1204 987 1259 vellicare
1035 1219 1190 1271 eum,
1219 1205 1466 1262 dicentes
1511 1221 1526 1259 :
1578 1226 1596 1258 ι
1646 1207 1839 1273 Babbi,
1871 1208 1959 1277 qui
1993 1222 2094 1262 erat

2212 1207 2394 1262 αὐτῶν
2422 1209 2747 1278 διδασκάλῳ,
2785 1213 2878 1265 καὶ
2909 1213 3167 1282 ἄρχονται
3208 1215 3573 1283 παρακνίζειν
3612 1216 3800 1278 αὐτὸν,

525 1301 724 1359 tecum,
761 1311 779 1343 ι
811 1294 898 1362 qui
936 1295 987 1349 iu
1021 1295 1213 1351 ordine
1229 1295 1771 1365 eratdiscipuiortnn,
1797 1305 1851 1349 ut
1877 1307 1981 1350 ate
2003 1296 2094 1349 dis-

2211 1296 2492 1365 λέγοντεςο
2522 1315 2543 1350 ι
2599 1299 2811 1364 Ῥαδϐὶ,
2855 1301 2919 1366 ὃς
2946 1297 3014 1371 ἦν
3048 1302 3187 1372 μετὰ
3215 1303 3333 1367 σοῦ,
3369 1323 3389 1354 ι
3419 1303 3475 1366 ὃς
3501 1305 3656 1370 τάξιν
3685 1303 3800 1375 εἷχε

524 1382 711 1447 cessit,
754 1401 772 1434 ι
796 1384 1068 1454 baptizat:
1101 1405 1120 1438 ι
1141 1416 1212 1426 --
1232 1405 1249 1436 ι
1281 1384 1376 1439 Cui
1399 1393 1451 1438 tu
1471 1385 1838 1440 testimonium
1855 1386 2094 1442 dedistin

2215 1390 2481 1461 μαθητοῦ,
2506 1393 2812 1464 ἀποσχίσας
2841 1413 2859 1446 ι
2884 1393 3152 1464 βαπτίζει.
3183 1414 3306 1448 ι-ι
3338 1390 3408 1467 ᾯ
3429 1397 3492 1449 σὺ
3514 1399 3801 1469 μεμαρτύ-

524 1472 639 1529 Hoc
667 1482 772 1540 est,
820 1491 976 1544 quem
1022 1479 1329 1548 baptizasti,
1361 1492 1525 1546 quem
1573 1487 1630 1532 tu
1663 1478 1869 1533 clarum
1907 1477 2094 1546 iecisti,

2214 1499 2407 1552 ρηκας,
2443 1502 2462 1535 ι
2489 1484 2612 1538 ἀντὶ
2637 1485 2752 1553 τοῦ,
2789 1487 2886 1540 Ὃν
2917 1487 2982 1540 σὺ
3010 1486 3334 1554 ἐϐάπτισας,
3363 1489 3518 1542 ὃνσὺ
3543 1489 3802 1559 λαμπρὸν

522 1566 711 1621 eadem
753 1583 898 1623 nunc
945 1571 1111 1625 audet
1155 1586 1274 1640 qua:
1312 1583 1389 1626 tu.
1448 1571 1554 1627 Sed
1605 1581 1659 1627 et
1705 1573 1848 1626 aliud
1889 1574 2002 1627 :ad
2058 1583 2094 1629 tt

2208 1575 2496 1645 ἐποίησας,
2528 1576 2762 1630 τοιαῦτά
2795 1579 2879 1645 (a)
2902 1595 2982 1631 σοι
3003 1579 3201 1650 τολμᾷο
3228 1580 3364 1635 ἀλλὰ
3383 1582 3476 1636 καὶ
3505 1583 3714 1652 ἕτερον.
3742 1583 3802 1637 τδ

521 1656 653 1711 nulli
684 1673 827 1714 nunc
851 1660 1098 1726 veniunt,
1136 1661 1204 1714 ad
1250 1660 1399 1715 illum
1445 1675 1572 1716 vero
1624 1675 1849 1716 omnes:
1884 1662 2094 1730 Oinnes1

2211 1667 2293 1717 co“.
2326 1666 2426 1735 μὲν
2457 1666 2530 1736 μὴ
2563 1667 2853 1737 προσέχειν
2869 1669 3045 1733 τινὰς,
3072 1669 3221 1733 αὐτῷ
3243 1671 3299 1723 δὲ
3329 1672 3559 1736 πάντας.
3593 1672 3799 1737 Πάντες

521 1745 720 1815 inquit,
778 1748 996 1804 veniunt
1046 1750 1114 1804 ad
1159 1763 1305 1816 eum,
1366 1759 1677 1822 contempto
1721 1761 1794 1807 te.
1869 1750 2094 1809 Joannes

2210 1757 2333 1827 γὰρ,
2372 1759 2561 1828 φησὶν,
2592 1759 2843 1830 ἔρχονται
2881 1760 3018 1832 πρὸς
3057 1761 3242 1828 αὐτὸν,
3278 1765 3799 1836 καταφρονήσαντες

521 1848 699 1894 autem
726 1839 913 1895 volens
935 1855 1032 1896 eos
1058 1849 1284 1906 terrere,
1311 1851 1367 1896 et
1387 1844 1676 1898 ostendere
1696 1844 1839 1913 quod
1869 1857 2094 1916 pugnent

2210 1867 2323 1904 σου.
2360 1851 2617 1921 Ἰωάννης
2640 1852 2697 1904 δὲ
2723 1851 2891 1906 θέλων
2914 1853 3110 1918 αὐτοὺς
3132 1856 3462 1926 ἐκφοϐῆσαι,
3486 1857 3581 1911 καὶ
3599 1857 3795 1924 δεῖξαι,

520 1940 708 1986 contra
736 1930 927 1999 Deum,
954 1932 1310 2002 prohibentes
1331 1931 1624 1998 Christum,
1651 1943 1707 1988 et
1725 1933 2094 1988 abstrahentes

2204 1943 2286 1995 ὅτι
2313 1942 2390 2012 τῷ
2433 1942 2551 2014 Θεῷ
2572 1917 2910 2013 πολεμοῦσι,
2944 1917 3246 2010 κωλύοντες
3276 1917 3368 2001 τδν
3401 1917 3664 2019 Χριστὸν,
3694 1917 3799 2003 καί

520 2035 551 2075 a
577 2021 968 2091 gloriﬁcatione
993 2026 1133 2095 ejus,
1166 2026 1331 2081 dicit:
1368 2045 1387 2079 ι
1427 2025 1544 2081 Non
1578 2033 1757 2096 potest
1795 2029 1956 2083 homo
1987 2041 2014 2080 a
2043 2041 2102 2083 se

517 2111 814 2181 quidquam
845 2115 1115 2183 accipere,
1147 2131 1167 2165 ι
1192 2123 1298 2169 etc.
1323 2114 1456 2169 Nam
1482 2115 1583 2170 nisi
1615 2131 1874 2188 superne,
1901 2117 2096 2186 inquit,

516 2202 703 2258 datum
735 2215 906 2269 esset.
945 2206 1260 2275 neutiquam
1291 2210 1557 2264 crevisset
1593 2210 1664 2276 is,
1697 2209 1784 2264 cui
1817 2208 1984 2281 558
2015 2211 2099 2263 in-

515 2296 745 2361 videtis;
784 2305 839 2353 et
865 2297 935 2353 ita
967 2298 1022 2354 in
1048 2298 1263 2356 duobus
1283 2302 1523 2372 peccatis
1551 2319 1566 2357 :
1604 2318 1729 2356 nam
1760 2313 1812 2356 et
1841 2302 2100 2357 contrarii

517 2386 654 2440 estis
684 2386 866 2441 divino
897 2387 1150 2454 consilio,
1194 2399 1248 2444 et
1291 2391 1571 2445 attentatis
1605 2391 1961 2463 impossibile.
1997 2389 2090 2446 ln-

520 2477 677 2532 terim
707 2489 888 2532 autem
918 2486 972 2532 et
997 2480 1310 2535 consolatur
1339 2494 1434 2536 eos
1466 2481 1695 2552 placide,
1725 2498 1788 2539 eo
1815 2485 1959 2553 quod
1984 2499 2098 2538 non

517 2571 591 2624 sit
619 2571 782 2625 homo
810 2572 901 2640 qui
931 2571 1114 2625 vincat
1146 2572 1321 2640 ipsos,
1369 2577 1464 2630 sed
1512 2574 1678 2631 Deus.
1707 2576 1845 2642 Quin
1884 2586 1938 2632 et
1975 2593 2098 2644 nos,

516 2661 732 2732 inquit,
770 2678 1002 2733 superne
1040 2663 1331 2721 habuimus
1382 2668 1523 2736 quod
1561 2669 1876 2733 habuimus,
1920 2686 2026 2725 non
2068 2687 2098 2724 a

517 2754 694 2808 nobis.
727 2753 879 2821 Quod
909 2755 953 2810 si
995 2756 1336 2825 praeclariora
1367 2769 1493 2813 sunt
1521 2776 1640 2829 quae
1669 2761 1779 2832 agit
1813 2761 2096 2826 Christus.

519 2860 626 2898 non
661 2857 874 2914 oportet
905 2847 1186 2901 admirari.
1213 2849 1354 2903 Deus
1382 2851 1524 2904 enim
1556 2852 1688 2906 vult.

593 2933 756 2991 Vens.
784 2936 975 2992 28-50.
1007 2955 1025 2988 ι
1065 2936 1168 3007 Ipsi
1197 2953 1290 2994 vos
1321 2948 1486 2995 testes
1513 2943 1645 2995 estis
1674 2928 1816 3012 quod
1847 2944 2096 3011 dixerim,

519 3026 634 3082 Non
665 3043 781 3082 sum
809 3043 909 3098 ego
943 3029 1194 3084 Christus
1226 3047 1239 3083 :
1272 3031 1365 3085 sed
1397 3033 1598 3087 missus
1625 3049 1746 3089 sum
1777 3046 1900 3090 ante
1929 3037 2095 3093 illum.

517 3119 617 3187 Qui
672 3119 830 3175 habet
881 3135 1161 3191 sponsam,
1198 3137 1429 3192 sponsus
1478 3132 1559 3179 est
1601 3141 1614 3180 :
1667 3127 1875 3181 amicus
1915 3140 2095 3182 autem

2203 2031 2297 2086 τοῦ
2318 2031 2640 2096 δοξάζεσθαι
2665 2033 2826 2086 αὐτὸν
2840 2035 3220 2105 ἀπείργοντες,
3244 2037 3426 2108 φησίν·
3451 2039 3558 2091 (ού
3571 2038 3796 2094 δύναται

2202 2127 2494 2196 ἄνθρωπος
2538 2125 2726 2181 λασεῖν
2767 2128 2861 2198 ἀφ’
2893 2128 3089 2182 ἑαυτοῦ
3118 2128 3298 2196 οὐδὲν,
3341 2149 3361 2182 ι
3410 2132 3504 2185 καὶ
3549 2132 3617 2186 τὰ
3644 2131 3793 2205 ἑξῆς.

2206 2214 2268 2266 Ei
2304 2214 2414 2286 γὰρ
2468 2214 2543 2285 μὴ
2590 2213 2818 2279 ἄνωθεν,
2869 2217 3040 2284 φησὶ,
3083 2216 3371 2288 δεδομένον
3426 2212 3516 2288 ἦν,
3570 2220 3674 2274 οὐκ
3728 2222 3796 2276 ἂν

2203 2307 2438 2379 ηῦξανεν
2463 2310 2490 2361 6
2523 2310 2651 2380 παρ’
2682 2309 2836 2379 ὑμῶν
2869 2309 3254 2381 φθονούμενος.
3290 2311 3454 2366 Ὥστε
3484 2313 3581 2366 δύο
3613 2316 3799 2385 ἁμαρο

2201 2400 2389 2454 τάνετε
2413 2403 2471 2454 ὲν
2494 2400 2703 2470 ταυτῷ·
2739 2401 2796 2455 ἓν
2817 2401 2936 2472 μὲν,
2961 2403 3022 2456 τὸ
3045 2404 3422 2460 ἐναντιοῦσθαι
3444 2410 3510 2480 τῇ
3537 2409 3632 2463 τοῦ
3657 2410 3794 2467 Θεοῦ

2203 2493 2363 2564 βουλῇ
2385 2510 2398 2526 ο
2431 2493 2616 2564 ἕτερον
2631 2496 2707 2560 δὲ,
2737 2496 2797 2548 τὸ
2819 2495 3079 2551 ἀδύνατον
3101 2499 3422 2569 ἐπιχειρεῖν.
3448 2502 3600 2571 Ἀμα
3623 2503 3681 2557 δὲ
3702 2505 3795 2559 καὶ

2204 2583 2393 2654 ἠρέμα
2414 2583 2824 2652 παραμυθεῖται
2853 2586 3072 2650 αὐτοὺς,
3097 2587 3179 2640 ὅτι
3197 2589 3310 2642 Οὐκ
3339 2589 3624 2661 ἄνθρωπός
3648 2595 3795 2646 ἐστιν

2200 2675 2228 2724 6
2253 2672 2419 2726 νικῶν
2439 2674 2605 2744 ὑμᾶς,
2623 2673 2760 2728 ἀλλὰ
2777 2675 2931 2739 Θεός.
2965 2677 3123 2732 Ἀλλὰ
3144 2679 3239 2732 καὶ
3259 2682 3633 2752 ήμεῖ;,φησὶν,
3655 2684 3797 2739 άνω·

2201 2765 2292 2818 θεν
2309 2765 2568 2837 εῖχομενδ
2603 2766 2843 2839 εἴχομεν,
2866 2769 2966 2822 οὐκ
2995 2772 3224 2825 οἴκοθεν.
3251 2773 3313 2826 Εἰ
3344 2774 3400 2826 δὲ
3436 2773 3793 2849 λαμπρότερα

2201 2858 2266 2911 τὰ
2287 2857 2381 2911 τοῦ
2397 2860 2652 2929 Χριστοῦ,
2673 2862 2734 2914 οὐ
2758 2863 2862 2935 χρὴ
2879 2861 3180 2933 θαυμάζειν
3197 2884 3209 2896 ·
3232 2866 3364 2930 Θεὸς
3385 2869 3495 2940 γὰρ
3514 2869 3787 2937 βούλεται.

2280 2968 2298 3000 ι
2335 2953 2502 3003 Αὐτοὶ
2549 2953 2708 3021 ὑμεῖς
2741 2959 3074 3028 μαρτυρεῖτε
3118 2959 3274 3028 ἐμοὶ,
3319 2961 3402 3015 ὅτι
3441 2958 3630 3015 εἶπον·
3681 2965 3793 3019 Ούκ

2201 3041 2321 3111 είμὶ
2357 3040 2470 3110 ἐγὼ
2494 3047 2521 3096 6
2553 3045 2807 3113 Χριστὸς,
2843 3047 2957 3100 ἀλλ’
2987 3049 3069 3102 δτι
3101 3051 3516 3123 ἀπεσταλμένος
3542 3055 3662 3125 εἰμὶ
3694 3056 3794 3128 ἔμω

2203 3134 2440 3205 προσθεν
2461 3136 2694 3193 ἐκείνου.
2730 3137 2790 3193 '0
2811 3139 2952 3210 έχων
2973 3141 3074 3213 τὴν
3094 3142 3337 3216 νύμφην,
3363 3149 3597 3217 νυμφίος
3619 3150 3786 3204 ἐστίν·

518 3215 725 3284 sponsi,
761 3215 851 3279 qui
889 3227 997 3269 stat
1044 3227 1098 3272 et
1138 3219 1287 3282 audit
1317 3234 1466 3284 eum,
1511 3218 1708 3290 gaudio
1745 3221 1941 3291 gaudet
1975 3236 2094 3292 pro-

2198 3231 2227 3282 6
2250 3227 2306 3281 δὲ
2334 3227 2487 3298 φίλος
2514 3228 2607 3284 τοῦ
2635 3232 2870 3302 νυμφίου
2890 3234 2917 3287 6
2940 3235 3211 3306 έστηκὼς,
3235 3215 3330 3291 καὶ
3353 3215 3569 3296 ἀκούων
3596 3241 3786 3308 αὐτοῦ,

517 3316 639 3376 pter
669 3321 857 3363 vocem
885 3309 1090 3376 sponsi.
1128 3307 1244 3364 lloc
1279 3317 1458 3364 autem
1497 3313 1753 3382 gaudium
1789 3327 1966 3367 meum
1996 3316 2096 3370 im-

519 3397 720 3464 pletum
740 3407 842 3453 est.
874 3397 1026 3454 illum
1057 3409 1269 3468 oportet
1298 3415 1572 3468 crescere,
1601 3419 1685 3458 me
1701 3418 1832 3460 vero
1851 3405 2038 3460 minui.
2073 3424 2092 3459 ι

515 3485 646 3557 Ipsi,
682 3488 879 3556 inquit,
915 3503 1010 3543 vos
1036 3490 1190 3544 scitis
1233 3492 1375 3560 quod
1411 3507 1512 3563 ego
1548 3494 1913 3549 teStimouium
1939 3499 2094 3566 dedi,

515 3580 655 3648 quod
714 3580 884 3649 major
924 3597 1008 3637 me
1041 3583 1132 3637 sit.
1194 3583 1364 3650 Igitur
1408 3587 1453 3640 si
1519 3588 1741 3643 omnino
1789 3606 1975 3645 meum
2011 3601 2096 3646 at-

518 3670 740 3726 tenditis
772 3674 1182 3743 testimonium,
1218 3677 1414 3733 discite
1449 3679 1593 3732 illum
1627 3681 1756 3734 mihi
1799 3682 2095 3750 prmieren-

517 3759 670 3815 dum.
711 3761 778 3816 Et
818 3763 920 3817 hoc
959 3775 1042 3819 est
1080 3767 1331 3835 gaudium
1376 3784 1591 3836 meum,
1642 3773 1783 3840 quod
1828 3773 1893 3826 ad
1944 3775 2094 3828 illum

512 3867 704 3909 omnes
757 3857 1042 3911 accedant.
1099 3859 1157 3913 Si
1216 3861 1431 3929 quidem
1492 3878 1598 3918 non
1649 3867 1971 3921 accessisset
2026 3869 2094 3923 ad

513 3958 772 4021 sponsum
798 3962 1020 4017 sponsa,
1043 3949 1146 4005 hoc
1161 3949 1280 4016 ‘est,
1308 3952 1555 4022 populus,
1588 3955 1877 4011 doluissetn
1911 3959 2096 4028 utique

511 4052 612 4106 ego
664 4041 996 4109 pronubus:
1041 4059 1185 4099 nunc
1225 4055 1406 4099 autem
1460 4061 1582 4101 cum
1625 4047 1726 4103 hoc
1771 4050 1898 4116 ﬂat,
1945 4051 2095 4107 valle

511 4131 742 4200 gaudeo.
787 4130 950 4188 Video
988 4134 1134 4188 enim
1171 4151 1425 4206 sponsum
1462 4137 1737 4194 Christum
1782 4140 2092 4212 loquentem

510 4236 746 4292 sponsae,
781 4225 977 4295 populo
1011 4227 1239 4292 scilicet,
1289 4239 1343 4283 et
1393 4231 1675 4285 docentem
1727 4233 1921 4301 ipsum.
1974 4233 2092 4289 Non

510 4314 831 4384 simpliciter
866 4326 1044 4370 autem
1075 4320 1234 4384 dixit,
1272 4337 1290 4370 ι
1326 4318 1428 4386 Qui
1464 4331 1589 4376 stat.
1628 4341 1645 4374 ι
1673 4322 1919 4380 Ostendit
1947 4331 2092 4382 enim

511 4401 676 4457 linem
704 4417 826 4458 esse
855 4419 1079 4474 operum
1113 4423 1334 4463 suorum
1356 4451 1371 4477 ,
1412 4421 1466 4465 et
1495 4423 1641 4467 stare
1664 4413 1776 4481 jam
1813 4431 1917 4471 non
1955 4423 2092 4475 ultra

509 4507 849 4565 operantem,
879 4500 1092 4569 etquod
1120 4515 1179 4556 se
1209 4517 1352 4557 nunc
1383 4515 1592 4573 oportet
1625 4515 1792 4572 stare,
1830 4520 1882 4564 et
1921 4513 2092 4567 solum

508 4589 698 4644 audire
721 4588 992 4646 Christum
1027 4594 1331 4662 docentem,
1379 4606 1429 4652 et
1461 4599 1821 4662 disserentem
1855 4619 2089 4673 sponsae.
2129 4605 2170 4659 D

507 4679 684 4736 Meum
715 4683 882 4748 enim,
914 4686 1110 4755 inquit,
1135 4701 1271 4757 opus
1303 4691 1603 4758 perlectum
1649 4704 1731 4747 est
1752 4735 1765 4758 ,
1811 4709 1864 4750 et
1896 4700 2089 4754 tradidi

514 4772 617 4844 ipsi
645 4775 923 4844 populum.
951 4779 1176 4849 Oportet
1206 4781 1371 4850 igitur
1404 4797 1577 4838 meam
1610 4787 1826 4856 quidem
1863 4789 2089 4858 gloriam

508 4865 793 4936 imminui,
826 4869 970 4927 illius
1007 4883 1187 4927 autem
1222 4865 1440 4942 augeri:
1478 4877 1648 4946 igitur
1678 4884 1947 4948 quomodo
1988 4883 2090 4938 im-

506 4958 770 5017 minuitur
799 4963 968 5032 gloria
1003 4965 1401 5022 Przecursoris‘!
1458 4968 1550 5024 Vel
1573 4974 1795 5028 omnino
1831 4976 2091 5031 sicutlu-

506 5048 642 5106 cil'er
671 5066 702 5106 a
739 5051 854 5108 sole
908 5057 1239 5122 occultatur,
1291 5064 1345 5112 et
1401 5060 1614 5115 videtur
1657 5065 1873 5132 quidem
1908 5069 2090 5124 multis

507 5144 652 5212 quod
682 5147 977 5204 extinctum
1010 5149 1082 5205 sit
1115 5151 1317 5217 lumen,
1344 5164 1399 5208 at
1431 5169 1617 5211 revera
1650 5173 1753 5212 non
1783 5168 1867 5213 est
1889 5161 2091 5216 exstin-

508 5242 679 5304 ctum,
727 5240 823 5293 sed
877 5259 905 5295 a
943 5242 1135 5313 majori
1184 5245 1512 5315 occultatur,
1556 5251 1628 5303 ita
1680 5261 1736 5305 et
1785 5250 2090 5310 Praecursor

508 5323 653 5381 velut
700 5327 894 5386 lucifer
923 5347 953 5386 a
1001 5337 1265 5403 Spirituali
1317 5341 1431 5395 sole
1460 5343 1786 5409 occultatus,
1840 5346 2088 5404 imminui

506 5417 735 5479 dicitur.
786 5422 997 5481 Crescit
1047 5437 1226 5482 autem
1269 5430 1554 5499 Christus,
1605 5438 1899 5492 secundum
1943 5441 2090 5510 quod

506 5513 771 5584 paulatim
803 5516 1116 5572 manifestat
1152 5534 1211 5574 se
1242 5535 1336 5589 per
1365 5523 1517 5593 signa
1549 5537 1603 5579 et
1648 5528 1930 5597 miracula,
1978 5547 2085 5588 non

510 5606 806 5664 ecundum
839 5609 1140 5676 proiectum
1165 5617 1220 5668 in
1257 5615 1585 5672 virtutibus:
1623 5621 1793 5674 absit:
1818 5622 1916 5676 hoc
1941 5624 2087 5678 enim

508 5695 742 5753 Nestorii
773 5699 1186 5758 deliramentum
1214 5715 1361 5760 esset
1400 5727 1412 5762 :
1442 5708 1536 5762 sed
1569 5713 1870 5766 secundum
1905 5727 2088 5770 osten-

508 5790 714 5846 sionem
743 5801 797 5847 et
838 5795 1332 5856 anilestationem
1363 5801 1604 5859 deitatis.
1636 5804 1901 5865 Paulatim
1938 5809 2083 5867 enim

581 5903 657 5974 (a)
683 5902 957 5979 lnterpres
997 5914 1126 5985 legit
1149 5917 1215 5972 τὰ
1235 5917 1395 5972 αὑτά.
1428 5917 1584 5976 Eutr.
1610 5919 1774 5981 Pun.

2201 3325 2345 3395 χαρᾷ
2377 3323 2559 3395 χαίρει
2587 3323 2677 3378 διὰ
2705 3325 2804 3396 τὴν
2853 3327 3039 3399 φωνὴν
3087 3330 3181 3384 τοῦ
3218 3333 3478 3402 νυμφίου.
3512 3334 3666 3406 Αὕτη
3697 3335 3790 3391 οῦν

2201 3419 2234 3487 η
2274 3417 2420 3488 χαρὰ
2450 3421 2483 3489 ἡ
2516 3419 2624 3490 ἐμὴ
2656 3421 3040 3493 πεπλήρωται.
3101 3424 3340 3479 Ἐκεῖνον
3383 3426 3466 3480 δεῖ
3499 3429 3787 3496 αὐξάνειν,

2201 3511 2303 3582 ἐμὲ
2326 3511 2382 3564 δὲ
2408 3510 2788 3568 ἐλαττοῦσθαι.
2818 3535 2837 3568 ι
2864 3516 3050 3581 Αὐτοὶ,
3071 3518 3257 3588 φησὶν,
3286 3520 3440 3589 ὑμεῖς
3463 3524 3787 3590 γινώσκετε,

2199 3604 2280 3659 δτι
2317 3605 2426 3675 ἐγὼ
2455 3606 2858 3679 μεμαρτύρηκα
2881 3608 3054 3680 αὐτῷ,
3081 3611 3164 3664 ὅτι
3196 3614 3398 3682 μείζων
3440 3615 3581 3686 ἐμοῦ
3612 3619 3786 3672 ἐστιν.

2200 3698 2262 3750 Et
2290 3695 2383 3751 οὖν
2433 3699 2573 3762 ὅλως
2615 3702 2680 3770 τῇ
2729 3701 2834 3772 ἐμῇ
2875 3704 3153 3774 μαρτυρίᾳ
3196 3707 3519 3776 προσέχετε,
3559 3709 3785 3778 μάθετε,

2197 3791 2279 3844 ὅτι
2308 3793 2515 3854 ἐκεῖνος
2541 3791 2678 3862 ἐμοῦ
2719 3795 3110 3866 προτιμητέος,
3138 3797 3232 3849 καὶ
3251 3797 3410 3852 τοῦτό
3438 3801 3589 3853 ἐστιν
3617 3803 3650 3873 ἡ
3682 3801 3787 3873 ἐμὴ

2197 3883 2362 3953 χαρὰ,
2399 3885 2458 3938 τὸ
2493 3885 2688 3956 ἐκείνῳ
2723 3887 2933 3950 πάντας
2966 3889 3388 3958 προσέρχεσθαι.
3432 3893 3494 3946 Ei
3537 3894 3642 3964 μὲν
3681 3897 3788 3967 γὰρ

2202 3975 2277 4045 μὴ
2301 3979 2644 4048 προσήρχετο
2670 3979 2746 4049 τῷ
2770 3981 2987 4052 νυμφίῳ
3019 3982 3227 4053 νύμφη,
3256 3987 3556 4048 τουτέστιν,
3582 3992 3609 4042 6
3639 3988 3786 4052 λαὸς,

2197 4069 2316 4122 τότε
2347 4069 2412 4124 ἂν
2458 4072 2671 4142 ήλγησα
2714 4072 2825 4140 ἐγὼ
2866 4076 2894 4126 6
2938 4079 3330 4144 νυμφαγωγός·
3368 4079 3466 4134 νῦν
3501 4079 3560 4133 δὲ
3593 4081 3782 4135 τούτου

2198 4160 2517 4230 γενομένου,
2552 4166 2698 4234 χαρᾷ
2744 4163 2943 4236 χαίρω.
2996 4167 3188 4220 Βλέπω
3237 4169 3346 4240 γὰρ
3398 4171 3493 4224 τὸν
3543 4173 3778 4243 νυμφίον

2197 4251 2241 4304 Χ
2254 4251 2433 4321 ριστὸν
2456 4254 2737 4322 φωνοῦντα
2759 4259 2824 4327 τῇ
2850 4255 3060 4329 νύμφῃ,
3082 4258 3158 4328 τῷ
3181 4259 3313 4329 λαῷ,
3343 4262 3435 4314 καὶ
3463 4262 3783 4319 διδάσκοντα

2197 4343 2382 4398 αὐτόν.
2441 4343 2553 4414 Οὐχ
2583 4344 2770 4409 ἁπλῶς
2812 4346 2871 4400 δὲ
2914 4343 3036 4400 εἷπε
3069 4336 3164 4402 καὶ
3204 4349 3298 4413 τὸ,
3339 4369 3358 4402 ι
3418 4350 3720 4422 Ἐστηκώς.
3759 4377 3776 4408 ι

2198 4435 2448 4489 Δείκνυσι
2495 4439 2604 4507 γὰρ
2651 4438 2733 4490 ὃτι
2781 4441 2848 4493 τὰ
2890 4440 3060 4493 αὑτοῦ
3110 4442 3427 4510 πέπαυται,
3470 4448 3564 4500 καὶ
3618 4448 3780 4520 ἔστη,

2197 4526 2382 4580 οὐκέτι
2433 4527 2788 4597 ἐνεργοῦντα,
2835 4531 2932 4584 καὶ
2981 4532 3065 4585 ὅτι
3103 4533 3267 4587 αὑτὸν
3319 4534 3507 4590 λοιπὸν
3557 4540 3782 4596 ἑστάναι

2200 4617 2327 4688 Χρὴ,
2376 4620 2470 4672 καὶ
2507 4621 2667 4688 μόνον
2715 4620 2937 4677 ἀκούειν
2970 4621 3067 4676 τοῦ
3117 4625 3355 4696 Χριστοῦ
3400 4629 3775 4698 διδάσκοντος,

2197 4709 2290 4760 καὶ
2333 4707 2718 4781 διαλεγομένου
2752 4713 2888 4785 πρὸς
2919 4713 3020 4786 τὴν
3052 4715 3291 4788 νύμφην.
3334 4719 3408 4772 T6
3455 4723 3566 4794 γὰρ
3624 4727 3774 4795 ἐμὸν,

2195 4801 2381 4868 φησὶν,
2417 4801 2581 4874 ἔργον
2611 4805 2862 4876 ἦνυσται,
2891 4807 2986 4861 καὶ
3015 4811 3314 4881 παρέδωκα
3335 4815 3484 4887 αὐτῷ
3509 4818 3600 4872 τὸν
3629 4819 3773 4874 λαόν.

2191 4893 2312 4964 Χρὴ
2366 4895 2547 4950 τοίνυν
2594 4899 2693 4969 τὴν
2745 4897 2884 4969 ἐμὴν
2925 4900 3079 4968 δόξαν
3134 4903 3527 4972 ἐλαττοῦσθαι,
3579 4911 3679 4981 τὴν
3720 4913 3775 4965 δὲ

2190 4986 2401 5039 ἐκείνου
2459 4988 2735 5055 αὐξάνειν.
2785 4991 2908 5055 Πῶς
2958 4993 3015 5045 δὲ
3066 4992 3175 5065 ἄρα
3223 4996 3544 5053 ἐλαττοῦται
3579 5005 3610 5074 η
3650 5002 3776 5068 δῦξα

2191 5077 2284 5130 τοῦ
2318 5077 2665 5150 Προδρόμου;
2699 5078 2772 5136 Ἥ
2811 5085 3052 5152 πάντως,
3088 5087 3276 5161 ὥσπερ
3308 5093 3336 5143 6
3365 5092 3640 5166 ἑωσφόρος
3671 5097 3774 5151 ὑπὸ

2190 5169 2284 5223 τοῦ
2314 5171 2468 5242 ἡλίου
2499 5174 2936 5245 ἀποκρύπτεται,
2969 5181 3060 5232 καὶ
3079 5181 3227 5236 δοκεῖ
3255 5185 3355 5254 μὲν
3388 5189 3502 5252 τοῖς
3533 5191 3766 5256 πολλοῖς,

2191 5263 2270 5317 ὅτι
2303 5265 2555 5321 ἔσσεσται
2583 5269 2644 5321 τὸ
2691 5269 2838 5339 φῶς,
2893 5276 2959 5344 τῇ
2990 5273 3044 5327 δὲ
3078 5275 3307 5350 ἀληθείᾳ
3348 5279 3449 5334 οὐκ
3495 5281 3768 5351 ἔσϐεσται,

2192 5355 2306 5410 ἀλλ’
2355 5358 2461 5411 ὑπὸ
2512 5359 2607 5413 τοῦ
2660 5362 2911 5433 μείζονος
2945 5367 3293 5438 κρύπτεται,
3327 5370 3471 5425 οῦτω
3504 5377 3600 5428 καὶ
3635 5377 3771 5447 Πρό-

2189 5447 2388 5518 δρομος
2414 5451 2442 5502 6
2480 5451 2756 5524 ἑωσφόρος
2788 5455 2893 5509 ὑπὸ
2920 5457 3017 5511 τοῦ
3048 5460 3240 5530 νοητοῦ
3273 5462 3426 5533 ἡλίου
3458 5469 3771 5538 κρυπτόμε-

2189 5558 2297 5608 νος,
2339 5544 2695 5600 ὲλαττοῦσθαι
2726 5547 2978 5618 λέγεταιο
3012 5552 3168 5617 αὔξει
3195 5555 3252 5608 δὲ
3277 5557 3305 5608 6
3336 5557 3592 5628 Χριστὸς,
3639 5560 3768 5616 καθὸ

2190 5634 2330 5689 κατὰ
2356 5636 2531 5709 βραχὺ
2562 5640 2820 5710 ’ἐκφαίνει
2855 5643 3048 5698 ἑαυτὸν
3080 5647 3170 5700 διὰ
3215 5649 3323 5702 τῶν
3356 5650 3678 5719 θαυμάτων·
3709 5654 3764 5706 οὐ

2188 5728 2329 5783 κατὰ
2370 5732 2655 5802 προκοπὴν
2685 5733 2784 5804 τὴν
2814 5735 2872 5789 ὲν
2923 5738 3094 5810 ἀρετῇ
3135 5737 3316 5804 αὔξων
3370 5743 3487 5813 (μὴ
3523 5744 3760 5812 γένοιτόί

2186 5820 2344 5877 τοῦτο
2381 5822 2492 5896 γὰρ
2530 5825 2830 5900 Νεστορίου
2875 5830 2938 5884 τὸ
2969 5832 3380 5908 παραλήρημα)
3403 5876 3418 5903 ,
3452 5836 3590 5892 ἀλλὰ
3631 5838 3764 5894 κατὰ
