4078 6330
229 469 362 537 1221

912 472 1368 536 ENARRATIO
1404 472 1488 536 IN
1526 466 2033 538 EVANGELIUM
2063 464 2417 529 JOANNIS.
2458 462 2715 529 -CAP.
2751 461 2871 525 IlI.

3413 451 3555 520 1222

222 591 613 663 thﬂxtpavctv
640 593 739 647 καὶ
766 591 1035 659 ἐπίδειξιν
1057 593 1161 666 τῆς
1187 592 1466 666 θεότητος.
1494 592 1637 649 Κατ’
1655 589 1833 660 ὀλίγον

1946 584 2249 643 declaravit
2295 598 2356 642 se
2402 583 2574 639 Deum
2621 596 2771 649 esse,
2821 590 2879 637 et
2926 590 3035 635 non
3082 584 3307 647 repente
3337 575 3548 633 simul.

225 686 362 757 γὰρ,
418 686 501 740 ὅτι
550 685 686 750 Θεός
734 686 906 753 ἐστιν,
955 685 1250 758 ἐξέφαινε,
1294 688 1391 741 καὶ
1434 688 1538 741 οὐκ
1593 685 1835 757 ἀθρόως.

227 777 601 851 Πεπλήρωται
630 772 746 841 οὖν,
775 778 968 849 φησιν,
993 779 1027 849 ἡ
1055 778 1165 851 ἐμὴ
1192 778 1339 850 καρά
1362 777 1456 832 ἐπί
1485 775 1564 847 τῷ
1585 775 1831 847 νυμφίῳ.

227 869 305 923 Τὸ
347 870 457 941 γὰρ
488 870 674 942 ἔργον,
720 868 749 922 6
794 869 1131 941 ἐπιστεύθην
1161 869 1239 935 ὡς
1269 868 1673 941 νυμφαγωγὸς,
1721 866 1835 938 όρῶ

228 963 622 1034 προχωρῆσαν.
647 960 837 1033 Πάσης
858 962 1048 1016 τοίνυν
1074 961 1255 1033 ψυχῆς
1276 961 1532 1032 νυμφίος,
1551 962 1580 1014 6
1602 959 1831 1030 Κύριος·

225 1053 460 1125 νυμφὼν
484 1052 562 1121 δὲ,
597 1052 729 1107 ἔνθα
770 1055 803 1123 ἡ
859 1053 1129 1121 συνάφεια
1172 1052 1407 1122 γίνεται,
1442 1055 1471 1107 ό
1518 1052 1683 1116 τόπος
1734 1048 1831 1105 τοῦ

228 1144 636 1217 βαπτίσματος,
663 1146 783 1217 ητοι
806 1146 839 1216 ἡ
885 1144 1206 1217 Ἐκκλησία.
1234 1146 1428 1200 Δίδωσι
1454 1145 1514 1199 δέ
1533 1143 1833 1218 ἀρῤαὖῶνα

228 1242 300 1312 τῇ
319 1238 529 1312 νύμφῃ,
549 1237 839 1311 ἁμαρτιῶν
880 1238 1091 1307 ἄφεσιν,
1118 1238 1436 1311 ηνεύματος
1455 1237 1614 1307 ἀγίου
1634 1255 1830 1293 κοινω-

230 1336 375 1385 νίαν*
403 1330 469 1385 τά
495 1330 552 1384 δὲ
574 1329 880 1401 τελεώτερα
901 1330 959 1382 ἐν
981 1328 1061 1401 τῷ
1090 1331 1367 1401 μέλλοντι,
1390 1331 1479 1385 ὅτε
1501 1330 1572 1385 τά
1596 1334 1832 1403 κρείττω

226 1425 323 1479 καὶ
354 1424 664 1495 ὑψηλότερα
693 1424 1124 1494 μυσταγωγήσει
1147 1425 1263 1488 τοῖς
1283 1424 1477 1490 άξίοις.
1509 1424 1829 1495 Σημείωσαι

224 1518 308 1583 δὲ,
346 1518 427 1571 ὅτι
474 1518 652 1581 οὐδεὶς
691 1516 853 1580 ἄλλος
896 1517 1017 1570 ἐστὶ
1059 1518 1329 1587 νυμφίος,
1387 1517 1437 1571 εί
1486 1516 1562 1588 μὴ
1610 1517 1771 1587 μόνος
1801 1519 1830 1571 6

224 1611 502 1684 Χριστόςο
560 1609 763 1673 πάντες
816 1609 875 1663 δὲ
926 1609 976 1664 oi
1026 1608 1410 1674 διδάσκοντες,
1463 1607 1828 1679 νυμφαγωγοί

225 1707 391 1771 εἰσιν,
425 1704 623 1774 ὥσπερ
649 1697 743 1758 οὖν
771 1703 865 1756 καὶ
896 1704 923 1757 6
954 1702 1290 1774 Πρόδρομος.
1321 1700 1512 1766 Οὐδεὶς
1538 1700 1648 1770 γάρ
1668 1700 1827 1765 ἄλλος

225 1796 415 1868 δωτήρ
438 1798 557 1851 ἐστι
591 1796 703 1851 τῶν
735 1796 981 1866 ἀγαθῶν,
1015 1798 1063 1850 εί
1097 1796 1174 1868 μὴ
1204 1797 1232 1850 6
1260 1797 1489 1867 Κύριος·
1515 1796 1566 1849 οί
1594 1795 1651 1849 δὲ
1676 1794 1827 1850 ἄλλοι

225 1894 454 1958 πάντες,
487 1893 729 1966 μῖεσῑται,
764 1895 862 1949 καὶ
891 1894 1001 1949 τῶν
1033 1893 1189 1965 παρὰ
1214 1894 1309 1949 τοῦ
1360 1892 1570 1965 Κυρίου
1600 1892 1824 1964 δεδομέ-

226 2006 340 2043 νων
370 1986 593 2058 ἀγαθῶν
623 1988 884 2044 διάκονοι.

305 2102 328 2138 ε
380 2080 441 2137 ⁸0
472 2083 681 2139 ἀνωθεν
714 2084 1035 2155 ἐρχόμενος,
1081 2084 1270 2138 ἐπάνω
1318 2081 1539 2136 πάντων
1582 2078 1766 2135 ἐστίν’
1802 2080 1831 2133 6

229 2176 311 2231 ὢν
344 2178 409 2232 ἐκ
440 2177 538 2249 τῆς
560 2176 685 2246 γῆς,
720 2179 785 2231 ἐκ
816 2177 916 2247 τῆς
946 2176 1053 2247 γῆς
1077 2178 1216 2243 ἐστι,
1243 2176 1338 2230 καὶ
1368 2177 1434 2230 ἐκ
1459 2176 1561 2245 τῆς
1591 2176 1695 2245 γῆς
1731 2173 1830 2226 λα-

228 2275 333 2331 λεῖ.
377 2274 439 2329 '0
466 2276 532 2327 ἐκ
564 2273 659 2327 τοῦ
708 2272 941 2345 ούρανοῦ
984 2271 1308 2344 ἐρχόμενος,
1364 2272 1555 2325 ἐπάνω
1608 2270 1831 2323 πάντων

230 2368 384 2423 ἐστί’
417 2367 511 2420 καὶ
552 2366 582 2419 6
625 2364 869 2438 ἑώρακε,
911 2365 1007 2417 καὶ
1059 2364 1284 2434 ἢκουσε,
1329 2362 1490 2417 τοῦτο
1526 2364 1827 2435 μαρτυρεῖ·

231 2463 331 2517 καὶ
371 2460 471 2530 τὴν
520 2466 839 2533 μαρτυρὶαγ
865 2457 1032 2519 αυτοῦ
1082 2457 1260 2521 οὐδεὶς
1290 2456 1586 2528 λαμϐάνει.
1644 2456 1705 2509 '0
1736 2456 1833 2509 λαο

231 2556 347 2610 σὼν
392 2556 557 2609 αὐτοῦ
596 2573 696 2625 την
741 2554 1074 2625 μαρτυρίαν,
1109 2554 1445 2623 ἐσφράγισεν
1492 2551 1575 2605 ὃτι
1621 2553 1649 2605 6
1697 2551 1833 2616 Θεὸς

230 2647 443 2719 ἀληθής
485 2650 658 2701 ἐστιν.
719 2644 814 2701 Ὃν
850 2645 959 2715 γάρ
1011 2644 1335 2700 ἀπέστειλεν
1367 2647 1395 2699 ό
1425 2644 1580 2709 Θεὸς,
1622 2644 1692 2697 τά
1731 2645 1831 2715 ῥή-

234 2758 385 2811 ματα
410 2739 504 2793 τοῦ
536 2740 671 2793 Θεοῦ
717 2738 885 2790 λαλεῖ.
924 2739 1001 2791 Οὐ
1032 2740 1143 2808 γὰρ
1177 2739 1241 2791 ἐκ
1298 2739 1503 2808 μέτρου
1553 2737 1772 2791 δίδωσιν
1803 2739 1831 2790 ό

230 2833 365 2896 Θεὸς
398 2834 459 2887 τὸ
483 2833 781 2909 Πνεῦμακι
821 2834 1114 2902 Συγκρίνει
1144 2832 1380 2885 ἐαυτὸνδ
1406 2832 1721 2901 Πρόδρομος
1753 2829 1831 2900 τῷ

230 2924 479 2995 Χριστῷ,
513 2927 607 2979 καί
639 2916 837 2996 φηᾶ
854 2926 935 2978 ὅτι
968 2925 1209 2987 Ἐκεῖνος
1236 2923 1335 2995 μὲν
1367 2922 1575 2977 ἄνωθεν
1609 2922 1830 2993 ἔρχεται

230 3019 299 3071 ἐκ
324 3016 418 3070 τοῦ
439 3018 672 3089 Πατρὸς,
697 3021 793 3072 καὶ
825 3020 1011 3071 ἐπάνω
1035 3017 1254 3071 πάντων
1284 3016 1456 3078 ἐστὶν,
1489 3013 1830 3087 ἐξῃρημένος

233 3110 455 3165 πάντων
483 3113 577 3164 καὶ
603 3112 699 3181 τὴν
731 3111 1005 3182 Πατρῴαν
1046 3109 1323 3181 ὑπεροχὴν
1347 3107 1652 3173 ἀποσώζων
1676 3123 1688 3138 ⁶
1718 3106 1831 3175 ἐγὼ

229 3202 289 3256 δὲ
331 3202 397 3255 ἐκ
422 3204 522 3272 γῆς
555 3201 653 3269 ὢν,
680 3207 845 3272 γήϊνα
884 3202 1053 3267 λαλῶ,
1091 3203 1282 3273 εὐτελῆ
1335 3202 1430 3257 καὶ
1467 3201 1720 3265 ταπεινὰ,
1748 3198 1830 3273 ,ὡς

231 3294 373 3365 πρὸς
402 3294 695 3365 σύγκρισιν
722 3295 819 3364 τῆς
846 3294 940 3347 τοῦ
970 3295 1210 3364 Χριστοῦ
1238 3292 1609 3356 διδασκαλίας.
1650 3292 1821 3345 Ἐπεί·
1859 3317 1904 3378 c

229 3400 384 3453 τοιγε
414 3386 607 3439 καὶτὰ
647 3384 816 3438 αὐτοῦ
861 3384 955 3437 τοῦ
1000 3385 1345 3455 Προδρόμου,
1383 3385 1502 3436 θεῖα
1550 3379 1721 3455 ἦσαν’
1754 3381 1833 3444 ὡς

231 3477 289 3531 δι
324 3478 459 3547 πρὸς
485 3477 552 3530 τὰ
581 3476 676 3530 τοῦ
707 3478 947 3547 Χριστοῦ
976 3478 1399 3548 συγκρινόμενα,
1425 3476 1559 3530 πολὺ
1595 3476 1656 3529 τὸ
1700 3476 1833 3547 χθα·

236 3570 408 3637 μαλ⁵ιν
429 3570 669 3640 ἔχουσιν.
709 3571 967 3636 Ἐκεῖνος,
988 3570 1175 3642 φησιν,
1200 3569 1227 3623 ὃ
1249 3570 1466 3641 ἑώρακε
1489 3569 1585 3622 καὶ
1605 3569 1828 3640 ἡκουσε,

230 3663 419 3716 λαλεῖ’
455 3664 757 3728 τουτέστιν,
782 3663 817 3718 ἃ
844 3666 995 3734 παρὰ
1036 3664 1131 3717 τοῦ
1166 3664 1375 3735 Πατρὸς
1417 3662 1641 3733 ἢκουσε,
1674 3661 1770 3715 καὶ
1797 3659 1833 3715 ἀ

232 3756 501 3827 ιὼρακεν,
537 3758 727 3828 ἡγουν,
759 3756 796 3813 ἃ
844 3758 1091 3830 ἀκριϐῶς
1126 3753 1289 3824 οἶδεν,
1332 3757 1517 3808 ἐκεῖνα
1549 3756 1703 3811 λαλεῖ
1736 3757 1835 3809 καὶ

235 3848 529 3916 μαρτυρεῖ.
595 3844 760 3899 Ἀλλά
793 3846 895 3916 τὴν
929 3844 1242 3916 μαρτυρίαν
1291 3844 1459 3897 αὑτοῦ
1490 3842 1669 3905 οὐδεὶς
1722 3842 1831 3895 τῶν

237 3933 314 4004 μὴ
362 3936 427 4002 τῇ
459 3932 691 4004 ἀληθείᾳ
724 3934 1102 4005 προσεχόντων
1132 3924 1422 4003 λαμϐάνει.
1467 3934 1565 3995 Ὃς
1593 3931 1650 3984 δὲ
1690 3931 1833 4006 λάϐῃ

232 4022 333 4091 τὴν
371 4022 701 4093 μαρτυρίαν,
736 4022 858 4093 ἦτοι
891 4021 991 4091 τὴν
1020 4020 1377 4077 διδασκαλίαν
1406 4020 1596 4086 αὐτοῦ,
1624 4021 1831 4091 ἐσφρά-

232 4129 410 4183 γισεν,
451 4114 575 4169 ἀντὶ
627 4113 749 4178 τοῦ,
801 4113 1026 4181 ἔδειξεν,
1083 4114 1441 4180 ἐσεδαίωσεν,
1495 4114 1579 4166 ὅτι
1623 4116 1652 4166 6
1701 4114 1835 4178 Θεὸς

232 4204 446 4276 ἀληθής
498 4207 669 4259 ἐστιν.
713 4206 774 4260 '0
800 4206 908 4278 γὰρ
944 4204 1023 4276 τῷ
1054 4207 1207 4275 παρά
1256 4204 1392 4259 Θεοῦ
1434 4204 1835 4275 ἀπεσταλμένῳ

232 4300 533 4365 πιστεύων,
566 4298 645 4370 τῷ
678 4300 798 4371 Θεῷ
831 4299 1100 4367 πιστεύει,
1146 4300 1245 4353 καὶ
1279 4299 1468 4352 λοιπὸν
1514 4297 1831 4367 σφραγίζει,

232 4395 331 4449 καὶ
361 4394 769 4461 ἀποδείκνυσιν,
810 4395 891 4447 ὅτι
941 4393 1018 4457 ὼς
1063 4392 1256 4464 ἀληθεῖ
1308 4392 1423 4445 ὄντι
1468 4392 1830 4445 ἐπίστευσενο

230 4487 426 4559 ῶσπερ
479 4484 571 4542 οὖν
623 4488 785 4542 πάλιν
834 4488 862 4541 6
896 4486 1146 4541 ἀπιστῶν
1196 4487 1275 4559 τῷ
1333 4484 1488 4557 παρά
1538 4485 1633 4538 τοῦ
1695 4485 1833 4539 Θεοῦ

231 4582 655 4655 ἀπεσταλμένῳ,
712 4582 974 4651 δεικνύει,
1006 4584 1091 4636 ὅτι
1125 4582 1369 4653 ψεύστης
1426 4582 1566 4647 ἐστὶ,
1618 4581 1715 4635 καὶ
1746 4579 1837 4634 διὰ

1854 1957 1903 2018 Β

1949 694 1969 729 ι
1992 676 2279 748 lmpletum
2299 675 2489 747 igitur,
2509 672 2708 743 inquit,
2722 686 2904 727 meum
2922 669 3181 743 gaudium
3203 668 3257 723 in
3273 680 3499 739 sponso.
3524 685 3545 719 ι

1939 765 2076 823 Nam
2106 781 2290 831 meum
2318 779 2489 835 opus,
2527 765 2675 835 quod
2714 763 2847 818 mihi
2878 771 2937 817 ut
2970 759 3225 833 pronubo
3260 757 3554 815 concredi-

1940 863 2081 920 tum,
2108 850 2270 908 video
2296 850 2619 923 proiecisse.
2648 847 2841 905 Omnis
2870 850 3038 921 igitur
3065 848 3264 903 anima:
3291 860 3549 918 sponsus,

1938 944 2207 1001 Dominus
2255 961 2270 998 :
2312 942 2587 999 thalamus
2637 953 2820 998 autem
2870 942 2961 996 ubi
2998 942 3192 1011 copula
3244 939 3337 1003 lit,
3394 938 3551 995 locus

1936 1035 2283 1107 baptismatis
2304 1075 2321 1102 ,
2352 1034 2459 1093 hoc
2484 1044 2597 1101 est,
2627 1034 2890 1091 Ecclesia.
2920 1032 3024 1088 Dat
3062 1040 3246 1087 autem
3274 1030 3550 1090 arrhabo-

1937 1148 2059 1189 nem
2114 1146 2363 1201 sponse,
2418 1138 2773 1200 peccatorum
2839 1127 3253 1192 remissionem,
3309 1125 3549 1197 Spiritus

1936 1225 2111 1281 sancti
2140 1224 2637 1279 communionem:
2687 1220 3017 1292 perfectiora
3064 1234 3195 1276 vero
3241 1220 3293 1273 in
3332 1218 3543 1285 futuro,

1933 1321 2155 1389 quando
2185 1320 2380 1390 dignos
2416 1317 2470 1371 in
2511 1316 2739 1373 meliora
2766 1325 2817 1370 et
2854 1312 3177 1369 sublimiora
3211 1312 3544 1367 introducet.

1931 1412 2070 1471 Nota
2098 1421 2278 1467 autem
2329 1410 2475 1481 quod
2532 1410 2715 1466 nullus
2761 1408 2901 1463 alius
2941 1417 3027 1463 est
3076 1420 3335 1477 sponsus,
3379 1420 3546 1475 quam

1932 1506 2081 1563 solus
2096 1504 2357 1561 Christus
2382 1522 2396 1558 :
2422 1518 2620 1559 omnes
2642 1514 2825 1557 autem
2853 1503 3115 1556 docentes
3138 1497 3369 1569 pronubi
3392 1508 3544 1564 sunt,

1931 1601 2072 1658 sicut
2101 1608 2158 1656 et
2198 1597 2517 1655 Praecursor
2542 1609 2784 1667 quoque.
2814 1593 3007 1650 Nullus
3036 1594 3181 1653 enim
3213 1593 3355 1648 alius
3386 1592 3547 1647 dator

1930 1702 2013 1749 est
2065 1692 2364 1757 bonorum,
2421 1705 2587 1761 quam
2642 1689 2796 1746 solus
2853 1688 3117 1744 Dominus
3173 1686 3313 1743 :alii
3356 1695 3544 1741 autem

1928 1800 2123 1843 omnes
2147 1784 2499 1852 mediatores,
2536 1792 2593 1840 et
2628 1782 2868 1840 ministri
2900 1785 3172 1839 bonorum
3204 1796 3329 1853 quae
3360 1797 3393 1838 a
3430 1780 3543 1838 Do-

1929 1880 2078 1936 mino
2113 1881 2332 1935 dantur.

2007 2062 2176 2119 Vens.
2207 2060 2397 2119 ιιι-δι.
2435 2079 2455 2114 ι
2491 2059 2593 2130 Qui
2622 2074 2654 2116 e
2677 2058 2933 2131 supernis
2959 2057 3130 2124 venit.
3171 2072 3336 2125 super
3363 2056 3533 2132 559

1935 2171 2129 2213 omnes
2160 2168 2245 2212 est
2276 2172 2293 2213 :
2322 2155 2414 2227 qui
2444 2170 2473 2211 ε
2510 2166 2654 2212 terra
2695 2152 2978 2225 profectus
2998 2163 3105 2219 est,
3151 2162 3406 2209 terrenus
3427 2161 3539 2219 est,

1935 2258 1989 2306 et
2023 2250 2091 2304 de
2116 2260 2261 2305 terra
2295 2248 2559 2320 loquitur.
2592 2248 2695 2315 Qui
2723 2262 2755 2303 e
2788 2246 2933 2303 ctelo
2956 2247 3126 2312 venit,
3155 2261 3318 2318 supra
3346 2262 3542 2303 omnes

1936 2348 2042 2410 est,
2104 2351 2161 2399 et
2190 2342 2334 2413 quod
2378 2341 2514 2398 vidit
2542 2351 2597 2399 et
2629 2341 2865 2406 audivit,
2899 2341 3002 2399 hoc
3034 2349 3288 2407 testatur,
3336 2350 3392 2397 et
3426 2350 3541 2398 tes-

1937 2438 2227 2492 timonium
2255 2435 2374 2507 ejus
2410 2452 2574 2492 nemo
2606 2437 2824 2507 accipit.
2849 2434 2953 2503 Qui
2994 2435 3193 2507 accipit
3240 2434 3358 2505 ejus
3387 2434 3545 2491 testi-

1890 2576 1896 2583 .
1936 2534 2201 2599 monium,
2244 2534 2293 2589 is
2323 2534 2800 2605 obsignavitquod
2832 2533 2975 2589 Deus
3001 2546 3165 2587 verax
3197 2531 3289 2587 sit.
3323 2529 3458 2585 Nam
3494 2530 3540 2587 is

1936 2641 2099 2696 quem
2139 2626 2285 2681 misit
2312 2623 2476 2691 Deus,
2508 2627 2670 2681 verba
2702 2625 2795 2681 Dei
2834 2626 3097 2697 loquitur.
3130 2624 3248 2679 Non
3294 2624 3441 2680 enim
3470 2626 3539 2680 ad

1938 2734 2252 2775 mensuram
2299 2720 2391 2775 dat
2420 2718 2565 2773 Deus
2603 2718 2889 2789 Spiritum.
2934 2737 2952 2770 ι
2989 2718 3286 2789 Comparat
3315 2733 3374 2773 se
3399 2716 3544 2773 Prte-

1935 2827 2128 2867 cursor
2150 2811 2394 2879 Christo,
2430 2820 2486 2866 et
2521 2812 2653 2866 dicit
2684 2811 2828 2881 quod
2854 2811 2941 2865 ille
2977 2810 3198 2881 quidem
3222 2827 3252 2866 e
3282 2811 3540 2882 supernis

1938 2903 2150 2958 venerit
2180 2918 2209 2957 a
2252 2902 2437 2966 Patre.
2469 2912 2524 2958 et
2567 2918 2734 2973 super
2760 2917 2955 2958 onmes
2976 2904 3068 2967 sit,
3103 2904 3353 2973 egregius
3378 2918 3543 2973 super

1934 3011 2146 3062 omnes,
2166 3006 2218 3050 et
2235 2997 2525 3053 Paternum
2544 3010 2768 3051 servans
2784 2995 3162 3051 excellentiam
3186 3014 3199 3051 :
3225 2997 3339 3066 Ego
3357 3004 3539 3052 autem

1936 3088 2027 3157 qni
2058 3088 2124 3143 de
2157 3096 2299 3144 terra
2342 3104 2489 3154 sum,
2523 3097 2736 3143 terrena
2773 3087 2991 3159 loquor,
3030 3089 3155 3144 vilia
3184 3099 3238 3145 et
3273 3090 3499 3145 humilia
3522 3129 3540 3156 ,

1936 3183 1981 3237 si
2017 3197 2139 3237 cum
2169 3182 2418 3237 doctrina
2435 3182 2644 3236 Christi
2675 3182 3051 3237 conferantur.
3076 3180 3339 3250 Quamvis
3357 3189 3543 3239 autem

1936 3289 2056 3343 quae
2091 3290 2121 3329 a
2163 3273 2511 3331 Praecursore
2542 3275 2767 3342 iiebant,
2802 3276 2986 3331 divina
3014 3289 3192 3345 erant,
3249 3278 3441 3333 collata
3460 3290 3545 3334 ta-

1937 3382 2061 3423 men
2097 3383 2221 3423 cum
2259 3368 2344 3423 his
2366 3382 2487 3438 quae
2515 3384 2546 3421 a
2578 3367 2819 3433 Christo,
2854 3370 3010 3424 valde
3050 3370 3277 3425 humilia
3310 3386 3545 3442 appare-

1935 3459 2085 3515 bant.
2113 3458 2225 3524 Ille,
2260 3458 2458 3529 inquit,
2489 3460 2633 3529 quod
2655 3458 2861 3515 viditet
2893 3460 3125 3527 audivit,
3149 3460 3415 3531 loquitur,
3441 3462 3545 3520 hoc

1934 3562 2040 3618 est,
2066 3568 2186 3623 qua!
2209 3568 2240 3607 a
2272 3552 2430 3609 Patre
2455 3553 2682 3618 audivit,
2709 3565 2763 3607 et
2794 3569 2914 3624 qua:
2944 3554 3101 3620 vidit,
3136 3556 3238 3611 huc
3255 3567 3360 3621 est,
3393 3558 3545 3614 clare

1936 3647 2107 3714 novit,
2137 3646 2225 3702 illa
2259 3647 2500 3719 loquitur
2520 3656 2575 3703 et
2612 3656 2867 3702 testatur.
2898 3648 2966 3702 Et
3016 3650 3386 3706 testimonium
3426 3653 3547 3722 ejus

1938 3740 2119 3795 nullus
2143 3757 2207 3796 ex
2243 3741 2329 3797 his
2362 3742 2455 3811 qui
2483 3741 2769 3797 veritatem
2800 3757 2908 3797 non
2942 3744 3256 3811 attendunt,
3319 3746 3539 3816 recipit.

1938 3833 2038 3899 Qui
2069 3843 2248 3889 autem
2276 3835 2468 3904 recipit
2492 3834 2889 3903 testimonium,
2916 3835 3018 3891 hoc
3073 3845 3176 3905 est,
3228 3838 3544 3895 doctrinam

1935 3928 2073 3997 ejus,
2116 3926 2447 3998 obsignavit,
2483 3928 2587 3984 hoc
2618 3940 2725 3995 est,
2786 3931 3114 3985 monstravit
3146 3942 3199 3987 et
3255 3934 3543 4001 stabilivit,

1936 4020 2086 4090 quod
2146 4022 2288 4077 Deus
2329 4037 2492 4077 verus
2522 4028 2615 4078 sit.
2650 4023 2751 4091 Qui
2780 4026 2924 4080 enim
2968 4026 3141 4081 credit
3171 4026 3219 4081 ei
3255 4028 3397 4097 quia
3435 4026 3547 4083 Deo

1938 4115 2139 4171 missus
2169 4126 2276 4181 est,
2306 4116 2419 4171 Deo
2443 4118 2643 4183 credit,
2675 4128 2730 4173 et
2762 4130 3168 4190 consequenter
3198 4123 3450 4193 obsignat
3492 4133 3547 4179 et

1936 4208 2280 4265 demOnstrat
2313 4210 2454 4279 quod
2486 4209 2534 4265 ei
2560 4210 2650 4281 qui
2680 4218 2853 4265 ‘verax
2910 4212 3002 4277 sit,
3036 4213 3332 4276 crediderit
3362 4231 3375 4269 :
3404 4216 3547 4270 sicut

1938 4318 1967 4356 e
1994 4302 2209 4357 diverso
2234 4303 2323 4371 qui
2350 4318 2455 4355 non
2482 4302 2631 4357 credi
2678 4302 2730 4358 ei
2760 4304 2852 4375 qni
2891 4320 2920 4358 a
2950 4305 3064 4359 Deo
3089 4306 3289 4360 missus
3312 4316 3417 4371 est,
3451 4323 3545 4361 os-

1938 4394 2110 4449 tendit
2145 4396 2289 4464 quod
2324 4397 2555 4450 mendax
2580 4398 2671 4463 sit,
2712 4408 2767 4452 et
2800 4409 3025 4468 propter
3068 4399 3171 4453 hoc
3198 4415 3309 4455 non
3367 4402 3547 4459 credit

1939 4490 2011 4553 ei,
2051 4499 2238 4559 utpote
2260 4491 2536 4545 mendaci.
2558 4489 2624 4544 Et
2645 4490 2719 4544 ita
2746 4491 2855 4558 qui'
2886 4491 3103 4546 Οιιτῆιο
3134 4493 3329 4559 credit,
3364 4503 3548 4549 osten-

1941 4582 2020 4637 dit
2050 4585 2194 4653 quod
2218 4581 2361 4637 Deus
2385 4591 2468 4637 est
2506 4597 2695 4649 verax,
2728 4598 2795 4637 ex
2832 4597 2896 4637 eo
2927 4584 3069 4654 quod
3114 4586 3347 4641 credidit
3377 4590 3425 4641 ei
3451 4588 3545 4657 qui

231 4681 393 4734 τοῦτο
417 4682 517 4734 οὐκ
547 4681 868 4734 ἐπίστευσεν
895 4679 1069 4749 αὐτῷ,
1098 4672 1185 4732 οἷα
1208 4679 1272 4749 δὴ
1306 4676 1624 4747 ψευδομένῳ
1651 4692 1665 4707 °
1688 4674 1831 4728 ὥστε

1938 4673 2005 4727 ab
2037 4673 2153 4741 ipso
2189 4672 2388 4726 missus
2421 4679 2527 4727 est.
2578 4670 2925 4728 Manifestum
2985 4676 3129 4729 enim
3165 4678 3309 4747 quod
3372 4677 3447 4731 illi
3488 4688 3549 4732 nt

231 4773 262 4825 6
296 4772 375 4843 τῷ
407 4771 629 4843 Χριστῷ
663 4771 960 4839 πιστεύων,
993 4770 1236 4824 δείκνυσι
1264 4770 1356 4823 τὸν
1382 4770 1517 4823 Θεὸν
1540 4768 1741 4839 ἀληθῆ,
1771 4767 1832 4831 ἐξ

186 4930 197 4933 Α
232 4866 404 4923 αὑτοῦ
438 4866 631 4920 τούτου
668 4866 909 4932 πάντως,
951 4865 1044 4920 τοῦ
1072 4863 1362 4919 πιστεῦσαι
1394 4863 1472 4933 τῷ
1504 4864 1635 4933 παρ’
1664 4862 1830 4916 αὑτοῦ

235 4959 663 5030 ἀπεσταλμένῳ.
728 4959 1001 5031 Πρόδηλον
1055 4960 1187 5030 γὰρ,
1243 4960 1325 5011 ὅτι
1370 4956 1446 5020 ὡς
1478 4955 1672 5025 ἀληθεῖ
1719 4956 1833 5009 ὄντι

234 5047 389 5119 αὐτῷ
447 5049 760 5115 ἐπίστευσε,
805 5050 899 5103 καὶ
956 5050 1205 5109 εἰκότως.
1266 5050 1329 5101 υἱ
1379 5049 1479 5117 μὲν
1517 5047 1629 5118 γάρ
1682 5046 1833 5101 ἄλλοι

237 5142 464 5208 πάντες,
508 5144 663 5211 φησὶ,
732 5142 920 5211 μέτρῳ
984 5142 1086 5214 τὴν
1148 5142 1436 5211 ἐνέργειαν
1500 5140 1693 5193 ἐ).αόον
1736 5138 1831 5193 τοῦ

237 5230 588 5301 Πνεύματος’
621 5232 773 5303 αὐτῷ
821 5233 877 5285 δέ
908 5232 984 5303 τῷ
1015 5234 1237 5303 Χριστῷ
1280 5234 1380 5286 οὐκ
1412 5235 1476 5285 ἐκ
1510 5233 1713 5303 μέτρου
1748 5232 1827 5285 δέ·

236 5325 380 5379 δωκε
419 5325 550 5395 μίαν
598 5327 761 5396 τυχὸν
811 5328 843 5397 ἢ
896 5326 989 5379 δύο
1043 5326 1351 5396 ἐνεργείας,
1412 5326 1526 5379 ἀλλ’
1564 5327 1725 5388 αὐτὸς
1774 5325 1835 5377 τὸ

239 5418 471 5489 Πνεῦμα
504 5419 799 5491 ὁλόκληρον
827 5420 941 5489 ἔχει
968 5419 1244 5482 οὑσιωδῶς
1293 5420 1416 5481 Τοῖς
1452 5420 1549 5488 μὲν
1576 5414 1669 5471 οὖν
1701 5435 1836 5487 προ-

239 5513 441 5583 φήταις
468 5514 495 5565 6
522 5513 656 5575 Θεὸς
689 5514 784 5565 καὶ
819 5514 1002 5565 δίδωσι
1033 5515 1095 5565 τὸ
1131 5514 1377 5582 Πνευμα,
1413 5513 1534 5582 ἢτοι
1557 5513 1655 5582 τὴν
1685 5513 1837 5581 ἐνέρ-

239 5620 400 5671 γειαν
430 5604 523 5658 τοῦ
558 5605 901 5675 Πνεύματος,
933 5606 1026 5659 καὶ
1054 5608 1111 5660 ἐν
1143 5606 1329 5676 μέτρῳ
1357 5605 1579 5657 δίδωσι·
1613 5604 1837 5675 Χριστῷ

243 5699 301 5753 δὲ
334 5695 457 5751 οὕτε
498 5702 559 5754 ἐν
592 5701 801 5771 μέτρῳ,
830 5698 954 5755 οὔτε
987 5700 1123 5764 ὅλως
1145 5701 1361 5754 δίδωσιν
1382 5718 1393 5730 ·
1420 5701 1533 5771 ἔχει
1565 5700 1675 5771 γὰρ
1708 5700 1839 5755 αὐτὸ

242 5791 521 5854 οὑσιωδῶς
546 5794 574 5847 δ
602 5794 863 5865 Χριστός.
906 5794 1077 5846 ’Ὀταν
1118 5793 1174 5846 δέ
1211 5793 1477 5865 ἀκούσῃς,
1518 5795 1599 5846 ὅτι
1628 5794 1655 5844 ό
1706 5794 1840 5864 Χρι-

242 5882 391 5949 στὸς.
420 5882 457 5939 ἃ
497 5884 700 5956 ἡκουσε
740 5886 892 5957 παρά
922 5886 1015 5940 τοῦ
1046 5887 1284 5958 Πατρὸς,
1326 5888 1509 5941 ἐκεῖνα
1540 5885 1711 5954 λαλεῖ,
1764 5885 1840 5958 μὴ

245 5974 436 6049 νόμιζε
465 5976 629 6035 αὑτὸν
652 5979 810 6039 ἐνδεᾶ
837 5980 968 6047 ὄντα
995 5981 1277 6052 γνώσεως,
1308 5980 1463 6055 παρά
1500 5980 1595 6038 τοῦ
1625 5981 1843 6055 Πατρός

1940 4763 2123 4819 veraci
2158 4763 2477 4819 crediderit.
2518 4763 2586 4818 Et
2627 4766 2847 4821 merito.
2882 4764 2996 4821 Nos
3028 4768 3174 4821 enim
3207 4770 3297 4821 alii
3353 4784 3547 4825 omnes

1940 4854 2007 4908 ad
2066 4869 2383 4908 mensuram
2450 4855 2765 4925 accepimus
2827 4858 3207 4925 operationem
3285 4855 3546 4928 Spiritus,

1942 4946 2044 5016 ipsi
2078 4956 2258 5002 autem
2287 4946 2508 5002 Christo
2542 4948 3066 5005 nonadmensuram
3094 4952 3241 5006 dedit
3266 4970 3429 5009 unam
3463 4957 3547 5011 vel

1944 5040 2083 5095 duas
2112 5041 2371 5108 virtutes,
2429 5042 2523 5096 sed
2581 5041 2696 5111 ipse
2733 5040 2997 5113 Spiritum
3072 5045 3341 5116 integrum
3387 5047 3551 5103 habet

1944 5132 2399 5189 substantiaiiter.
2422 5134 2595 5203 igitur
2617 5144 2672 5189 et
2702 5136 2980 5206 prophetis
3005 5138 3156 5192 dedit
3191 5140 3332 5194 Deus
3370 5141 3548 5210 Spiri-

1943 5232 2078 5287 tum,
2108 5224 2211 5279 hoc
2237 5234 2343 5287 est,
2392 5226 2773 5294 operationem
2840 5225 3107 5296 Spiritus,
3145 5242 3199 5283 et
3227 5233 3293 5283 ad
3325 5248 3548 5288 mensu-

1946 5334 2062 5373 ram
2097 5319 2245 5374 dedit
2286 5336 2300 5373 :
2355 5318 2575 5374 Christo
2608 5330 2789 5375 autem
2824 5337 2934 5377 non
3002 5324 3068 5378 ad
3102 5341 3441 5389 mensuram,
3496 5337 3552 5383 et

1945 5428 2123 5481 neque
2166 5413 2390 5468 omnino
2438 5411 2591 5471 dedit
2626 5428 2641 5470 :
2677 5413 2841 5468 habet
2890 5414 3035 5468 enim
3098 5417 3247 5479 illum
3295 5420 3552 5477 Christus

1946 5508 2402 5563 substantialiter.
2427 5507 2656 5575 Quando
2692 5517 2870 5565 autem
2897 5510 3055 5565 audis
3113 5514 3255 5580 quod
3295 5511 3551 5571 Christus

1948 5608 2187 5676 loquitur
2222 5608 2311 5663 illa
2348 5623 2469 5677 qum
2494 5606 2704 5663 audivit
2761 5623 2791 5662 a
2853 5607 3037 5673 Patre,
3080 5621 3147 5662 ne
3182 5619 3340 5677 putes
3400 5609 3549 5665 illum

1948 5700 2193 5771 indigere
2227 5709 2283 5755 ut
2310 5700 2597 5756 scientiam
2627 5701 2812 5757 abillo
2844 5702 3047 5765 discat,
3098 5702 3193 5757 sed
3221 5703 3347 5771 quia
3398 5720 3551 5773 qum-

1947 5806 2165 5862 cunque
2192 5792 2296 5848 scit
2327 5792 2513 5855 Filius,
2549 5808 2579 5847 a
2634 5792 2795 5848 Patre
2826 5796 3151 5849 naturaliter
3202 5798 3329 5863 scit,
3393 5799 3551 5868 quasi

1948 5885 2027 5943 illi
2058 5885 2567 5950 consubstantialis,
2600 5886 2719 5956 ejus
2747 5888 2921 5958 gratia
2952 5887 3154 5942 dicitur
3182 5904 3210 5941 a
3237 5888 3400 5947 Patre
3446 5904 3551 5950 au-

1952 5980 2070 6043 dire
2086 5996 2207 6055 qua:
2229 5983 2331 6041 scit
2354 5999 2365 6037 :
2388 5982 2851 6054 quemadmodum
2877 5982 2924 6039 si
2953 5981 3158 6040 videris
3184 5982 3359 6041 illium
3408 5984 3553 6047 patri
