4078 6330
572 401 709 470 1223

1418 388 2000 457 THEOPHYLACTI
2043 383 2453 448 BULGARIJE
2500 380 2855 442 ARCHIEP.

3709 367 3839 432 1:221

567 535 662 591 per
687 517 868 574 omnia
938 515 1190 582 similem,
1229 511 1407 569 dicis:
1451 512 1644 566 Omnia
1696 525 1725 565 a
1773 518 1924 579 patre
1965 505 2146 569 habet,

2259 499 2550 570 μανθάνειν
2573 518 2585 530 ·
2629 500 2746 553 ἀλλ’
2770 499 2893 552 ἐπεὶ
2934 498 3131 557 πάντα,
3165 493 3263 547 ὅσα
3295 488 3435 544 εἶδεν
3465 489 3494 541 ὁ
3529 487 3659 549 Hoc
3689 504 3843 555 φυσιο

567 615 670 668 hoc
705 622 809 679 est,
844 610 984 666 Nulli
1025 607 1218 664 similis
1249 613 1515 674 estquam
1539 602 1697 672 patri.
1725 601 1962 655 Audiens
1985 598 2150 668 igitur

569 708 794 761 missum
811 719 947 769 esse,
969 702 1124 771 quasi
1141 698 1350 754 radium
1367 697 1604 765 intellige
1626 712 1689 749 eu
1700 710 1746 746 m
1763 710 1788 745 a
1803 692 1938 758 sole,
1958 704 2151 758 nempe

569 796 747 864 Patre,
781 799 952 863 ipsum
987 795 1209 848 missum
1234 805 1374 848 esse.
1400 791 1587 844 Nonne
1614 797 1666 842 et
1699 787 1770 839 ita
1801 786 1980 838 dicere
2007 783 2149 836 sole-

571 906 712 951 mus,
743 890 885 957 quod
911 888 988 942 sol
1011 887 1191 940 radios
1225 882 1489 945 emiserit,
1547 883 1645 934 hoc
1705 888 1809 941 est,
1856 875 2065 930 miserit
2094 873 2148 927 in

573 990 795 1044 terram,
834 990 887 1034 et
923 992 1184 1046 nusquam
1216 977 1426 1029 radium
1469 972 1692 1027 alterius
1720 970 2039 1024 substantiae
2065 967 2148 1020 di-

570 1071 742 1125 cimus
771 1086 911 1136 esse,
946 1070 1025 1124 vel
1057 1070 1412 1137 posteriorem
1461 1081 1622 1136 quam
1657 1067 1734 1120 sol
1763 1067 1786 1119 ?
1816 1064 1906 1118 Sic
1940 1077 2150 1132 quoque

569 1173 621 1217 et
655 1163 845 1216 Filium
889 1163 1110 1217 missum
1145 1175 1267 1215 esse
1294 1176 1321 1213 a
1354 1160 1619 1230 spirituali
1649 1159 1783 1224 sole,
1818 1157 2028 1213 scilicet
2052 1155 2150 1209 Pa-

573 1267 651 1311 tre
677 1258 819 1321 huic,
856 1257 1075 1317 mundo,
1113 1255 1274 1308 veluti
1304 1253 1752 1316 deradiationcm,
1802 1258 1857 1304 et
1918 1249 2147 1313 radium,

570 1362 621 1404 ct
650 1350 851 1412 lumen,
870 1349 1377 1418 etqualitercunque
1401 1359 1661 1416 quantum
1689 1344 1940 1414 congruit
1957 1358 2150 1398 vocare

573 1442 718 1493 illum
749 1441 1000 1495 volueris.
1034 1439 1150 1493 Non
1180 1439 1342 1509 550
1373 1439 1809 1507 intempestivum
1831 1446 2012 1488 autem
2036 1436 2150 1488 lue-

573 1534 639 1586 rit
671 1533 768 1586 hoc
795 1533 909 1585 loco
937 1533 1114 1585 dicere
1136 1534 1408 1600 quomodo
1437 1531 1634 1584 habeat
1666 1527 1834 1582 Filius
1864 1528 2150 1597 Spiritum,

568 1633 622 1678 ct
664 1625 931 1693 quomodo
980 1624 1192 1678 dicatur
1236 1623 1472 1691 Spiritus
1529 1622 1671 1676 Filii.
1721 1621 1857 1693 Dicit
1912 1622 2056 1674 enim
2097 1631 2151 1675 et

566 1715 851 1784 Apostolus
873 1734 884 1769 :
910 1736 926 1767 ι
969 1718 1226 1784 Spiritum
1249 1715 1367 1769 Filii
1395 1716 1477 1770 sui
1506 1716 1556 1769 in
1584 1715 1744 1769 corda
1773 1723 1946 1768 vestra
1978 1715 2144 1781 misi1,

568 1807 910 1872 cluntanlem,
939 1809 1112 1877 “Abba
1169 1807 1328 1861 Pater
1350 1808 1416 1862 ⁸⁵.
1458 1827 1474 1858 ι
1514 1807 1574 1860 Et
1601 1806 1807 1860 iterum
1838 1793 1855 1860 ε’
1883 1826 1901 1858 ί
1961 1805 2018 1858 Si
2051 1821 2148 1857 att-

2256 595 2387 656 κῶς.
2422 593 2598 648 πάντα
2625 595 2688 646 ὲκ
2719 592 2812 644 τοῦ
2846 589 3054 660 Harp-5;
3080 588 3191 657 ἔχει
3233 585 3309 648 ὼς
3339 581 3630 652 ὀμοούσιος
3674 578 3840 646 αὐτῷ,

2255 688 2444 740 τούτου
2497 686 2684 739 ἕνεκεν
2736 684 2953 750 λέγεται
2992 682 3141 750 παρὰ
3189 679 3282 730 τοῦ
3328 675 3542 744 [ἰατρὸς
3597 671 3842 732 ἀκούειν,

2255 780 2351 832 ὅσα
2374 773 2544 830 οἶδεν
2581 776 2767 845 ὥσπερ
2799 777 2844 828 εί
2874 773 3000 837 ἴδοῖς
3032 773 3144 825 pinv
3182 771 3320 824 uti:
3357 770 3532 821 πάντα
3563 766 3642 836 τῷ
3679 767 3844 835 πατρὶ

2258 872 2492 932 ἐοικότα,
2524 872 2700 938 λέγεις
2733 872 2814 921 ὅτι
2869 869 3052 920 Πάντα
3079 869 3142 919 ὲκ
3183 865 3274 917 τοῦ
3314 864 3519 931 πατρὸς
3555 861 3691 930 ἔχει,
3726 859 3844 912 ἀντὶ

2255 963 2372 1025 τοῦ,
2405 965 2597 1017 Οὑδενὶ
2627 963 2770 1032 ἄλλῳ
2799 963 2980 1031 ὅμοιος
3006 961 3206 1029 ἁπέὃη,
3231 959 3264 1027 ἦ
3292 959 3366 1026 τῷ
3393 958 3582 1026 πατρί.
3605 954 3844 1008 Ἀκούων

2256 1057 2312 1109 δὲ
2345 1055 2707 1119 ἀπεστάλθαι,
2741 1055 2814 1117 ὡς
2846 1055 3041 1106 ἀκτῖνα
3073 1052 3264 1119 νόησον
3297 1049 3512 1101 animi»
3541 1050 3693 1117 ἡλίου
3730 1045 3843 1112 τοέ,

2259 1149 2492 1219 Πατρος,
2512 1145 3075 1213 αύτὶνὰποσταλῆναι.
3110 1143 3172 1195 ἺΙ
3199 1144 3294 1211 οὐχ
3317 1141 3460 1193 οῦτω
3487 1142 3740 1208 λέγομεν,
3769 1141 3845 1190 ὅτι

2258 1244 2571 1296 ’Λπέστειλε
2600 1243 2694 1305 τὰς
2714 1243 2934 1301 ἀκτῖνας
2959 1242 2984 1292 ὁ
3015 1239 3200 1308 illinc;
3233 1239 3323 1289 καὶ
3361 1235 3568 1303 Ἀιρῆκε
3597 1234 3656 1285 τί
3681 1233 3793 1300 φῶς
3819 1233 3846 1284 ὁ

2255 1337 2429 1405 ἣλιος,
2484 1337 2605 1388 ἀντὶ
2653 1335 2766 1396 τοῦ,
2805 1332 3018 1401 ἔπεμψε
3046 1335 3109 1401 τῇ
3153 1334 3220 1400 γῇ
3249 1372 3262 1395 ,
3302 1330 3409 1381 Καὶ
3452 1329 3573 1380 ούδέ
3613 1343 3716 1376 πᾶν
3749 1328 3846 1394 τὴν

2257 1429 2475 1492 ἀκτῖνα,
2508 1428 2701 1497 ἐτέρας
2736 1427 2922 1485 οὐσίας
2952 1424 3183 1491 λέγομεν
3225 1418 3443 1489 εἶναι,ῆ
3482 1420 3720 1488 ὑπέραν
3753 1417 3844 1470 τοῦ

2257 1523 2430 1591 ἡλίου.
2463 1521 2647 1582 Οὕτως
2675 1520 2767 1572 οῦν
2796 1519 2888 1572 καὶ
2919 1520 3008 1570 τὸν
3037 1518 3162 1569 Υίὸν
3183 1514 3521 1568 ἀπεστάλθαι
3544 1514 3622 1582 τῷ
3655 1514 3846 1580 κόσμῳ

2258 1610 2410 1679 παρὰ
2442 1609 2536 1662 τοῦ
2561 1609 2753 1679 νοητοῦ
2789 1609 2960 1679 ἡλίου,
2993 1606 3085 1660 τοῦ
3120 1607 3354 1677 Πατρὸς,
3394 1607 3467 1666 ὡς
3502 1603 3844 1670 ἀπαύγαςμα

2257 1705 2351 1757 καὶ
2385 1706 2598 1762 ἀκτῖνα,
2632 1705 2724 1755 καὶ
2752 1703 2889 1772 φὼς,
2935 1702 3027 1755 καὶ
3057 1703 3132 1764 ὡς
3184 1702 3249 1754 ἂν
3280 1700 3516 1769 βούλοιο,
3561 1698 3687 1751 καθ’
3725 1701 3846 1750 ὅσον

2259 1800 2513 1869 ἐγχωρεῖ,
2552 1799 2736 1851 καλεῖν
2786 1797 2965 1850 αὐτόν.
3007 1797 3120 1849 Οὐκ
3155 1796 3381 1864 ἄκαιρον
3421 1793 3476 1845 δὲ
3514 1794 3712 1853 εἰπεῖν,
3766 1790 3844 1840 ὲνο

571 1908 677 1951 tem
711 1900 830 1966 quis
847 1899 1323 1966 SpiritumChristi
1363 1913 1465 1952 non
1496 1899 1770 1963 habuerit,
1807 1899 1895 1952 hic
1931 1913 2034 1951 non
2067 1906 2147 1951 est

2257 1895 2430 1946 ταῦοα
2472 1893 2565 1944 τοῦ
2618 1893 2777 1960 λύγου
2823 1891 3144 1961 γενομένου,
3200 1889 3317 1951 πῶς
3366 1889 3478 1957 ἔχει
3533 1889 3560 1940 ὁ
3613 1887 3742 1948 Υἱὸς
3785 1884 3844 1938 τὸ

570 1990 685 2056 eius
718 1991 814 2044 ⁸⁸.»
862 1990 1001 2044 Sane
1051 1991 1222 2045 Latini
1257 1991 1395 2044 male
1426 1993 1536 2046 haec
1571 2001 1906 2058 exponentes
1936 1993 2038 2062 (α),
2094 1999 2148 2045 et

570 2083 747 2135 minus
769 2095 912 2136 recte
949 2084 1329 2152 iutelligcntes,
1351 2084 1533 2137 dicunt
1559 2085 1698 2152 quod
1721 2083 1954 2153 Spiritus
1987 2086 2147 2137 etiam

568 2191 633 2231 ex
665 2175 799 2231 Filio
820 2177 1092 2246 procedat.
1114 2177 1222 2230 Nos
1247 2188 1424 2230 autem
1451 2178 1550 2230 hoc
1574 2177 1789 2244 quidem
1816 2193 1864 2246 pi
1883 2178 2045 2228 inmtn
2069 2177 2149 2229 di-

568 2268 741 2322 cimus
760 2269 822 2321 ad
848 2283 963 2333 eos,
988 2269 1130 2338 quod
1153 2267 1294 2320 aliud
1320 2267 1388 2321 sit
1409 2282 1527 2321 esse
1549 2283 1610 2322 ex
1643 2268 1917 2336 quopiam,
1937 2267 2146 2320 etalind

568 2372 686 2412 esse
713 2360 1027 2424 cujusdam:
1053 2369 1106 2412 ut
1125 2359 1357 2427 Spiritus
1384 2368 1466 2414 est
1495 2359 1710 2428 quidem
1739 2360 1976 2428 Spiritus
2026 2357 2148 2412 Filii

569 2452 772 2519 absque
794 2451 972 2515 dubio,
1005 2453 1138 2505 etab
1175 2454 1320 2505 omni
1359 2453 1637 2521 Scriptura
1663 2452 1765 2506 hoc
1796 2452 2146 2521 approbatum

568 2555 649 2598 est
678 2561 690 2606 ;
717 2553 966 2597 caeterum
993 2558 1114 2598 esse
1135 2560 1198 2598 ex
1225 2543 1380 2606 Filio,
1410 2547 1548 2597 nulla
1574 2544 1856 2619 Scriptura
1899 2531 2144 2608 testatur,

569 2646 625 2687 ut
655 2651 722 2690 ne
752 2636 859 2690 duo
879 2636 1138 2706 principia
1170 2635 1404 2704 Spiritus
1432 2639 1839 2693 introducamus
1858 2638 2068 2692 Patrem
2096 2648 2148 2691 et

511 2729 513 2731 ’
567 2726 783 2781 Filium.
819 2727 1089 2795 Profecto,
1124 2730 1376 2796 inquiunt
1407 2748 1422 2785 :
1455 2745 1576 2784 nam
1612 2731 2151 2800 etinSpiravitdisci-

573 2822 731 2889 palis,
781 2832 835 2876 et
875 2821 1008 2874 dixit
1043 2840 1056 2876 :
1100 2841 1116 2873 t
1165 2823 1406 2889 Accipite
1441 2822 1701 2892 Spiritum
1749 2833 1992 2877 sanctum
2022 2824 2145 2876 ".1

575 2910 619 2967 Ο
649 2915 1064 2983 desipientiam!
1108 2903 1163 2967 Si
1191 2924 1318 2968 tunc
1369 2913 1516 2967 dedit
1564 2913 1845 2981 discipulis
1889 2913 2150 2984 Spiritum

569 3006 784 3074 quando
825 3003 1130 3071 insulilavit,
1173 3006 1440 3074 quomodo
1472 3015 1658 3074 postea
1690 3006 1824 3058 dixit
1850 3007 1950 3072 eis,
1997 3025 2016 3057 ι
2040 3006 2148 3062 Ac-

566 3096 780 3165 cipietis
814 3096 1067 3151 virtutem
1121 3097 1552 3166 snpervenientis
1579 3095 1815 3165 Spiritus
1857 3098 2031 3152 sancti
2062 3114 2153 3153 su-

569 3202 662 3257 per
692 3202 808 3250 vos,
843 3205 945 3243 non
974 3199 1093 3259 post
1125 3189 1318 3243 multos
1344 3190 1440 3244 hos
1467 3188 1584 3244 dies
1611 3187 1689 3256 ⁸⁸;
1723 3189 1852 3256 )_vel
1878 3192 2147 3260 quomodo

573 3280 626 3334 in
656 3280 975 3335 Pentecoste
1009 3281 1278 3336 credimus
1316 3283 1512 3336 factum
1542 3281 1863 3337 descensum
1890 3281 2145 3353 Spiritus,

573 3372 842 3441 siquidem
869 3374 920 3426 in
954 3387 1177 3442 vespera
1209 3374 1310 3427 dici
1349 3375 1765 3430 resurrectionis
1789 3375 1932 3430 dedit
1961 3377 2148 3430 illum?

567 3472 696 3518 tunc
722 3465 866 3518 enim
892 3465 1191 3534 inspiravit.
1221 3466 1290 3520 At
1318 3467 1429 3520 ham
1460 3468 1675 3536 quidem
1697 3468 1852 3522 valde
1899 3468 2145 3524 ridicula.

566 3555 917 3612 Manifestum
943 3557 1084 3612 enim
1117 3561 1260 3626 quod
1300 3567 1428 3613 tunc
1459 3560 1563 3613 illis
1597 3559 1860 3628 Spiritum
1900 3572 2146 3616 sanctum

569 3664 677 3706 non
701 3649 928 3711 dederit,
956 3650 1048 3703 sed
1073 3650 1269 3703 donum
1292 3667 1456 3705 unum
1483 3651 1715 3721 Spiritus
1735 3653 1928 3716 sancti,
1955 3655 2147 3710 remis-

567 3741 778 3796 sionem
806 3740 1013 3794 scilicet
1041 3742 1271 3809 peccati.
1302 3742 1497 3795 Statim
1531 3744 1673 3795 enim
1701 3745 1878 3798 subdit
1905 3760 1917 3796 :
1943 3765 1960 3796 ι
1999 3747 2143 3811 Quo-

567 3843 686 3882 rum
724 3821 1308 3902 remiseritispeccata.
1363 3847 1381 3880 ι
1425 3828 1597 3902 liabet
1649 3841 1827 3884 autem
1884 3832 2145 3900 Spiritum

568 3919 738 3976 Filius
772 3900 1229 3985 substantialitcr,
1256 3931 1313 3974 ut
1347 3900 1862 3977 consubstantialem
1883 3925 2008 3987 sibi,
2042 3939 2147 3978 non

565 4030 598 4069 a
638 4028 745 4084 quo
775 4015 1147 4083 operatioaem
1180 4015 1430 4084 recipiat,
1456 4017 1912 4085 sicutprnphetm.
1944 4016 2148 4071 Dicitur

566 4116 747 4160 autem
782 4103 1020 4174 Spiritus
1044 4122 1166 4161 esse
1198 4106 1318 4161 Filii
1347 4109 1644 4162 secundum
1673 4109 1816 4176 quod
1843 4109 2044 4164 veritas
2065 4117 2150 4164 est

566 4190 753 4262 Filius,
774 4207 826 4251 et
844 4199 1033 4264 virtus,
1054 4209 1106 4253 et
1125 4200 1414 4267 sapientia,
1441 4199 1678 4269 Spiritus
1701 4210 1878 4253 autem
1903 4213 2143 4268 sanctus,

565 4301 621 4346 et
647 4292 890 4348 veritatis
937 4304 990 4347 et
1025 4291 1361 4347 fortitudinis
1394 4304 1448 4346 et
1485 4294 1766 4361 sapientiae
1809 4292 2044 4362 Spiritus
2080 4297 2147 4349 ab

565 4383 704 4439 Isaia
734 4385 1101 4452 describitur;
1147 4395 1200 4438 et
1227 4385 1402 4448 aliter,
1419 4385 1542 4452 quia
1574 4400 1668 4453 per
1689 4385 1882 4438 Filium
1915 4386 2146 4441 homini-

567 4475 673 4531 bus
702 4476 881 4542 datur,
917 4485 1198 4545 propterea
1233 4476 1354 4531 Filii
1412 4478 1632 4533 dicitur.
1669 4479 1843 4536 Crede
1873 4482 2034 4549 igitur
2093 4494 2146 4537 tu

2260 1983 2505 2052 Πνεῦμα,
2540 1984 2634 2036 καὶ
2661 1982 2778 2045 πῶς
2812 1982 3032 2049 λέγεται
3055 1981 3114 2032 τὸ
3141 1979 3366 2049 Πνεῦμα
3395 1977 3489 2030 τοῦ
3519 1975 3674 2032 Υἱοῦ.
3708 1975 3845 2045 Φησὶ

2252 2082 2360 2149 γὰρ
2381 2078 2475 2130 καὶ
2503 2081 2530 2130 ὁ
2568 2077 2924 2140 Ἀπόστολος·
2960 2095 2977 2126 ‹
3021 2076 3093 2128 Τὸ
3127 2073 3351 2144 Πνεῦμα
3382 2073 3476 2127 τοῦ
3509 2072 3644 2126 Υίοῦ
3672 2072 3836 2125 αὑτοῦ

2255 2172 2312 2222 ὲν
2354 2174 2473 2233 ταῖς
2508 2171 2759 2240 καρδίαις
2798 2170 2952 2238 ὑμῶν
2982 2169 3290 2231 ἀπέστειλε,
3332 2168 3570 2236 κρᾶζον·
3618 2165 3789 2219 Ἀὁϐἄ
3815 2166 3842 2218 6

2256 2265 2479 2333 Πατήρθ
2521 2284 2538 2315 ι
2581 2266 2674 2317 καὶ
2722 2263 2907 2326 πάλ.ν,
2946 2283 2960 2313 ι
3009 2263 3066 2314 Εἰ
3116 2261 3170 2314 δέ
3203 2278 3285 2324 τις
3333 2259 3560 2329 Πνεῦμα
3602 2258 3840 2329 Χριστοῦ

2255 2358 2355 2409 οὐκ
2390 2357 2522 2426 ἔχει,
2559 2351 2713 2420 οὗτος
2739 2356 2837 2408 ούκ
2878 2356 3022 2407 ἔστιν
3066 2353 3264 2409 αὐτοῦ.
3310 2371 3330 2405 ι
3364 2355 3426 2408 Ol
3462 2354 3571 2424 γὰρ
3603 2355 3840 2413 Λατῖνοι,

2254 2450 2440 2511 κακῶς
2474 2449 2645 2504 ταῦτα
2687 2449 3032 2518 ἐκδεχόμενοι
3065 2449 3160 2500 καὶ
3201 2448 3624 2518 παρανοοῦντες,
3659 2450 3837 2515 φασὶν,

2253 2544 2334 2596 ὅτι
2365 2541 2426 2596 τὸ
2461 2542 2684 2613 Πνεῦμα
2731 2546 2798 2596 ἐκ
2835 2543 2928 2595 τοῦ
2963 2543 3092 2596 Υίοῦ
3131 2542 3515 2611 ἐκπορεύεται.
3566 2542 3761 2609 Ἡμεῖς
3788 2542 3841 2592 ἑὲ

2256 2639 2473 2710 πρῶτον
2505 2637 2604 2709 μὲν
2635 2637 2795 2690 τοῦτό
2829 2653 3010 2706 φαμεν
3036 2637 3171 2706 πρὸς
3206 2636 3424 2698 αὐτοὺς,
3455 2637 3535 2687 ὅτι
3572 2634 3702 2688 ἄλλο
3734 2636 3843 2686 ἐστὶ

2252 2735 2315 2785 τὸ
2340 2728 2480 2786 εἶναι
2518 2731 2584 2785 ἐκ
2614 2748 2782 2795 τινος,
2819 2731 2911 2783 καὶ
2955 2730 3084 2783 ἄλλο
3117 2729 3178 2781 τὸ
3223 2726 3364 2781 εἶναί
3403 2744 3582 2788 τινος
3621 2720 3753 2786 οἷον,
3787 2728 3843 2779 τὸ

2259 2824 2484 2895 Πνεῦμα
2516 2821 2656 2877 εἶναι
2703 2824 2799 2893 μὲν
2827 2821 2922 2875 τοῦ
2968 2822 3098 2874 Υἱοῦ
3143 2820 3389 2890 Πνεῦμα,
3448 2819 3840 2888 ἀναμφίόοὶου,

2259 2917 2355 2970 καὶ
2390 2916 2540 2987 παρὰ
2558 2915 2657 2983 τῆς
2690 2915 2914 2985 Γραφής
2946 2915 3126 2982 πάσης
3154 2911 3575 2982 βεϐαιούμενον·
3608 2905 3750 2964 εἶναι
3787 2912 3841 2966 ξι

2257 3009 2321 3059 ἐκ
2359 3006 2452 3059 τοῦ
2498 3005 2648 3072 Υῖοῦ,
2688 3006 2917 3074 οὐδεμία
2947 3004 3135 3075 Γραφὴ
3170 3007 3460 3076 μαρτυρεῖ,
3495 3005 3584 3056 ἵνα
3637 3005 3712 3076 μὴ
3754 3005 3842 3057 δύο

2255 3100 2381 3162 τοὺς
2410 3099 2617 3162 αἰτίους
2657 3097 2752 3154 τοῦ
2803 3098 3120 3167 Πνεύματος
3149 3097 3477 3168 ε’ῖσάξωμεν,
3507 3100 3599 3151 τόν
3631 3116 3689 3152 τε
3732 3100 3841 3152 Πα-

2255 3193 2392 3264 τέρα
2431 3193 2526 3245 καὶ
2560 3193 2652 3244 τὸν
2700 3191 2848 3246 Υἱόν.
2881 3189 3010 3256 Ναὶ,
3039 3190 3226 3261 φασὶν,
3264 3191 3380 3244 ἀλλ’
3405 3192 3708 3263 ἐνεφύσησε
3737 3195 3844 3256 τοῖς

2264 3287 2554 3358 μαθηταῖς,
2584 3289 2678 3341 καὶ
2705 3285 2826 3341 εἷπε
2847 3304 2860 3318 ·
2892 3304 2911 3339 r
2946 3285 3153 3341 Λάϐετε
3180 3286 3402 3357 Πνεῦμα
3423 3287 3600 3355 ἅγιον.
3627 3307 3644 3340 ι
3675 3287 3843 3342 Βαϐαῖ.

2257 3383 2358 3452 τῆς
2401 3381 2723 3454 παροινίαςί
2782 3381 2847 3434 Εἰ
2887 3381 3009 3433 τότε
3073 3380 3240 3433 ἔδωκε
3294 3382 3405 3443 τοῖς
3457 3380 3729 3451 μαθηταῖς
3789 3380 3844 3434 τὸ

2260 3475 2506 3544 Πνεῦμα,
2541 3475 2629 3527 ὅτε
2663 3472 2990 3543 ἐνεφύσησε,
3025 3473 3143 3535 πῶς
3197 3472 3382 3525 λοιπὸν
3421 3473 3609 3541 ἔλεγεν
3642 3474 3840 3536 αὐτοῖς,

2258 3567 2340 3619 ὃτι
2366 3585 2381 3616 ι
2413 3565 2667 3637 Λήψεσθε
2692 3565 2925 3635 δύναμιν
2947 3565 3264 3628 ἐπελθόντος
3286 3564 3380 3617 τοῦ
3405 3565 3564 3632 ἁγίου
3600 3565 3841 3635 Πϊεύμα-

2257 3675 2346 3718 τος
2380 3657 2464 3726 ἐφ’
2501 3658 2646 3728 ὑμᾶς
2681 3655 2742 3708 οὑ
2776 3654 2916 3725 μετὰ
2973 3654 3174 3718 πολλὰς
3216 3655 3418 3717 ταύτας
3455 3657 3704 3726 ήμέρας;
3753 3677 3768 3708 ι
3809 3656 3839 3725 ἢ

2259 3751 2376 3814 πῶς
2411 3751 2467 3802 ἐν
2495 3752 2561 3820 τῇ
2601 3751 2948 3820 Πεντηκοστῇ
2988 3750 3316 3818 πιστεύομεν
3356 3748 3456 3817 τὴν
3495 3749 3721 3802 κάθοδον
3753 3766 3841 3817 γε.

2257 3841 2443 3895 νέσθαι
2479 3840 2571 3892 τοῦ
2605 3841 2942 3911 Πνεύματος,
2978 3841 3093 3907 εἴγε
3127 3841 3183 3893 ὲν
3215 3843 3283 3911 τῇ
3309 3839 3439 3912 ὀψίᾳ
3477 3843 3576 3911 τῇς
3609 3842 3841 3894 ἀναστα-

2261 3935 2421 4002 σίμου
2469 3933 2684 4003 ἡμέρας
2712 3933 2913 3986 ἔδωκεν
2951 3933 3116 3999 αὑτό;
3149 3932 3271 3985 τότε
3309 3937 3415 4004 γὰρ
3446 3935 3624 4003 δήπου
3655 3936 3842 4003 iusqui-

2262 4041 2448 4094 σησεν.
2493 4023 2653 4076 Ἀλλὰ
2673 4024 2844 4077 ταῦτα
2873 4024 2972 4094 μέν
2996 4027 3113 4078 ἐστι
3147 4027 3356 4088 πλατὺς
3386 4025 3586 4094 γέλως.
3613 4028 3842 4097 Φανερὸν

2258 4117 2389 4186 γὰρ,
2423 4116 2499 4179 ὼς
2537 4118 2660 4170 τότε
2712 4117 2897 4178 αὐτοῖς
2926 4119 2987 4170 οὐ
3036 4118 3095 4171 τὺ
3152 4119 3307 4186 ἅγιον
3349 4119 3568 4190 Πνεῦρα
3600 4119 3840 4183 δέδωκεν,

2257 4211 2394 4263 ἀλλὰ
2426 4212 2674 4279 χάρισμα
2723 4207 2781 4261 ἒν
2815 4207 2925 4261 τῶν
2971 4210 3066 4262 τοῦ
3117 4209 3460 4280 Πνεύματος,
3516 4212 3578 4264 τὸ
3628 4213 3840 4282 ἀφιέναι

2256 4305 2354 4367 τὰς
2416 4303 2713 4373 ἁμαρτίας.
2774 4303 2952 4365 Εὐθὺς
3008 4303 3117 4373 γὰρ
3168 4304 3400 4372 ἐπάγειο
3454 4323 3473 4356 r
3533 4306 3636 4358 'Av
3691 4325 3842 4361 τινων

2258 4397 2429 4466 ἀφῆτε
2464 4397 2558 4460 τὰς
2585 4396 2880 4464 ἁμαρτίας.
2917 4415 2934 4448 ι
2969 4396 3041 4448 Τὸ
3072 4395 3128 4449 δὲ
3162 4396 3391 4467 Πνεῦμα
3421 4396 3703 4463 οὐσιωδῶς
3739 4400 3843 4471 ἔχει

2257 4490 2285 4540 ὁ
2317 4488 2460 4552 Υἱὸς,
2513 4488 2587 4550 ὼς
2635 4487 2922 4556 ὁμοούσιος
2962 4487 3138 4558 αὐτῷ,
3175 4489 3271 4558 οὐχ
3324 4488 3401 4550 ὼς
3453 4491 3845 4561 ινεργούμενος

568 4567 827 4637 Spirilum
865 4582 895 4621 a
944 4566 1106 4622 Patre
1131 4570 1347 4638 quidem
1379 4571 1672 4639 proﬁcisci,
1706 4588 1800 4642 per
1836 4572 2032 4628 Filium
2059 4591 2147 4628 au-

2260 4582 2348 4635 ὑπ⁹
2375 4579 2542 4633 αὑτοῦ
2565 4596 2578 4608 ·
2602 4584 2650 4632 οι
2677 4580 2784 4647 γὰρ
2812 4584 3091 4650 προφῆται
3118 4581 3492 4651 ὲνεργοῦνται.
3527 4585 3768 4653 Λέγεται
3792 4585 3844 4639 δὲ

567 4669 676 4714 tem
703 4660 817 4739 dari
849 4671 1131 4730 creaturae,
1174 4672 1336 4732 atque
1364 4663 1452 4719 hic
1483 4666 1553 4718 sit
1610 4667 1704 4721 tibi
1758 4681 1934 4720 canon
1959 4669 2147 4722 ortho-

565 4751 720 4807 doxa
751 4755 1028 4808 doctrinae.

2255 4666 2316 4719 τὸ
2350 4667 2574 4736 Πνεῦμα
2607 4663 2746 4721 εἶναι
2773 4667 2870 4722 τοῦ
2906 4669 3058 4733 Υίοῦ,
3090 4670 3227 4724 καθὸ
3251 4664 3484 4742 ἀλήθεια
3517 4675 3621 4744 μέν
3642 4676 3789 4730 ἐστιν
3820 4675 3844 4726 ὁ

2257 4761 2406 4824 Υἱὸς,
2446 4763 2541 4814 καὶ
2569 4762 2819 4831 δύναμις,
2855 4764 2950 4816 καὶ
2998 4763 3191 4833 σοφίαο
3223 4764 3286 4817 τὸ
3320 4764 3380 4818 δὲ
3411 4766 3571 4834 ἆγιον
3603 4768 3842 4840 Πνεῦμα,

567 4847 664 4900 καὶ
700 4847 978 4917 ἀληθείας,
1015 4864 1111 4901 και
1145 4848 1351 4917 ἰσχύος,
1400 4850 1494 4902 καὶ
1527 4850 1716 4916 σοφίας
1741 4852 1967 4923 Πνεῦμα
2001 4855 2151 4926 παρὰ
2192 4856 2288 4909 τοῦ
2326 4857 2547 4910 Ἡσαΐου
2597 4859 3028 4927 ἀναγέγραπται.
3071 4859 3181 4912 Καὶ
3225 4858 3404 4926 ἄλλως
3453 4859 3535 4926 δὲ,
3586 4864 3713 4918 ἐπεὶ
3763 4866 3843 4918 διὰ

565 4939 698 4994 Υίοῦ
727 4941 1068 5011 χορηγεῖται,
1097 4942 1206 5003 τοῖς
1233 4939 1564 5010 ἀνθρώποις,
1600 4941 1688 4995 διὰ
1719 4944 1877 4996 τοῦτο
1909 4945 2002 4998 τοῦ
2034 4947 2164 5000 Υίοῦ
2211 4949 2447 5015 λέγεται.

2536 4950 2764 5001 Πίστευε
2809 4951 2872 5004 σὺ
2930 4952 2990 5004 τὸ
3041 4951 3288 5022 Πνεῦμα,
3347 4954 3411 5007 ὲκ
3460 4955 3556 5011 τοῦ
3634 4957 3844 5030 Πατρὸς

569 5034 669 5104 μὲν
701 5033 973 5103 προϊέναι,
999 5031 1065 5086 δι’
1097 5030 1228 5084 Υίοῦ
1256 5032 1312 5084 δὲ
1348 5032 1702 5102 χορηγεῖσθαι
1725 5036 1791 5104 τῇ
1822 5035 2018 5101 κτίσει,
2040 5039 2152 5096 ,καὶ
2184 5032 2338 5102 οὗτος
2360 5039 2514 5093 ἔσται
2541 5057 2623 5093 σοι
2655 5040 2834 5094 κανὼν
2859 5041 3187 5112 ὀρθοδοξίας.

637 5121 802 5177 Vens.
834 5121 923 5184 55,
946 5121 1035 5176 56.
1079 5139 1097 5173 ι
1130 5120 1289 5176 Pater
1308 5122 1484 5193 diligit
1506 5123 1728 5190 Filium,
1757 5137 1810 5180 et
1839 5128 2018 5181 omnia
2054 5130 2147 5182 de-

567 5218 646 5274 bit
689 5217 764 5271 illi
795 5218 845 5270 in
878 5231 1058 5270 manu.
1093 5216 1196 5283 Qui
1225 5218 1397 5271 credit
1424 5219 1475 5272 in
1503 5218 1718 5285 Filium,
1759 5222 1920 5276 habet
1981 5221 2145 5276 vitam

567 5324 864 5368 :eternam:
901 5312 992 5382 qui
1020 5296 1198 5365 autem
1233 5312 1539 5366 incredulus
1571 5321 1653 5366 est
1680 5313 1836 5380 Filio,
1867 5330 1972 5366 non
1999 5314 2150 5369 vide-

566 5404 647 5459 bit
678 5404 864 5468 vitam,
889 5406 982 5457 sed
1015 5404 1089 5456 ira
1110 5401 1203 5456 Dei
1241 5413 1420 5457 manet
1449 5418 1609 5472 super
1637 5418 1782 5458 eum.
1813 5424 1828 5456 ι
1858 5403 2148 5473 Postquam

569 5496 706 5548 dixit
743 5497 806 5548 de
861 5494 1080 5548 Christo
1139 5493 1415 5559 sublimia,
1479 5510 1623 5549 nunc
1679 5497 1872 5549 iterum
1927 5497 2149 5551 humilia

573 5587 831 5655 loquitur,
884 5602 1190 5641 sermonem
1256 5587 1595 5641 auditoribus
1649 5599 2037 5656 attemperans,
2095 5601 2153 5642 ut

572 5679 690 5748 capi
731 5679 918 5746 possit.
954 5678 1074 5734 Ideo
1106 5678 1257 5743 dicit,
1297 5678 1458 5733 Pater
1491 5680 1665 5749 diligit
1717 5680 1932 5747 Filium,
1993 5683 2147 5751 quasi

639 5795 684 5828 "
714 5796 888 5852 Galat.
921 5814 990 5863 vr,
1019 5799 1070 5852 6.
1146 5798 1193 5830 “
1242 5800 1396 5855 ltom.
1455 5815 1570 5869 vui,
1611 5799 1662 5858 9.

2337 5151 2354 5182 ι
2401 5131 2458 5184 '0
2489 5133 2676 5202 Πατὴρ
2700 5135 2893 5204 ἁγαπᾷ
2914 5135 3004 5187 τὸν
3031 5134 3284 5204 Υίὸν,καὶ
3313 5139 3497 5195 πάντα
3529 5141 3767 5200 δέδωκεν
3790 5149 3843 5202 ἐν

2258 5227 2322 5295 τῇ
2359 5225 2505 5295 χειρὶ
2535 5226 2726 5281 αὑτοῦ.
2765 5227 2821 5279 Ὀ
2849 5228 3122 5282 πιστεύων
3151 5230 3232 5293 είς
3259 5230 3352 5286 τὸν
3388 5233 3534 5297 Υἰὸν,
3560 5236 3675 5306 ἔχει
3705 5239 3841 5307 ζωὴν

2258 5318 2496 5370 αἰώνιον
2528 5320 2554 5370 ὁ
2583 5319 2638 5371 δὲ
2664 5319 2994 5390 ἁπειθῶντῷ
3019 5321 3148 5393 Υἱῷ,
3171 5324 3268 5376 οὐκ
3287 5325 3478 5396 ὄψεται
3498 5327 3840 5401 ζωὴν,ἀλλ’ἠ

2257 5410 2393 5480 ὀργὴ
2416 5411 2509 5463 τοῦ
2534 5411 2669 5463 Θεοῦ
2699 5414 2949 5481 μενεῖέπ’
2979 5415 3194 5470 αὐτόν.»
3226 5418 3412 5471 Εἰπὼν
3443 5423 3686 5492 περὶτοῦ
3712 5424 3839 5492 Χρι·

2259 5501 2384 5554 στοῦ
2419 5503 2489 5556 τὰ
2545 5505 2747 5575 ὑψηλὰ,
2786 5505 2880 5558 νῦν
2930 5508 3088 5562 πάλιν
3132 5509 3202 5563 τὰ
3252 5515 3484 5566 ταπεινὰ
3520 5516 3837 5586 φοέγγεταε,

2258 5595 2667 5665 εὐπαράδεκτον
2697 5597 2788 5650 τὸν
2822 5598 2983 5666 λόγον
3031 5603 3144 5662 τοῖς
3178 5603 3480 5673 ἀκροαταῖς
3519 5607 3711 5661 ποιῶν.
3746 5612 3838 5661 Διά

2257 5686 2434 5751 τοῦτο,
2465 5687 2653 5755 φησὶν,
2685 5689 2874 5761 ἀγαπᾷ
2903 5692 2930 5744 ὁ
2965 5692 3155 5764 Πατὴρ
3184 5695 3274 5748 τὸν
3309 5695 3457 5766 Υίὸν,
3488 5697 3563 5763 ὡς
3592 5702 3719 5770 περὶ
3746 5704 3840 5754 ἀν·-

1743 5801 1786 5832 "
1811 5801 1965 5857 Joan.
1998 5817 2090 5869 xx,
2119 5802 2208 5858 22.
2285 5805 2328 5837 ⁸⁸
2359 5807 2479 5864 Act.
2507 5824 2544 5878 ι,
2577 5808 2630 5864 5.

634 5923 705 5978 (α)
743 5915 865 5968 Vide
892 5918 1302 5970 Dissertationem
1325 5920 1574 5982 prteviam,
1598 5935 1714 5971 num
1739 5884 1863 5982 ἠως,
1886 5921 2072 5975 col.81.
2097 5923 2236 5977 Εοιτ.
2262 5923 2410 5976 Pun.
