4078 6330
201 389 338 462 12:25

861 381 1315 444 ENARRATIO
1353 381 1431 442 ΙΝ
1463 379 1972 442 EVANGELIUM
2005 377 2352 441 IOANNIS.
2381 400 2447 412 ·-
2472 376 2642 438 CAP.
2683 377 2782 437 IV.

3368 376 3506 444 1226

197 504 422 574 θρωπου
472 499 620 564 τινὸς
655 495 976 568 θαυμαστοῦ
1020 495 1431 566 διαλεγόμενος,
1474 495 1570 549 καὶ
1618 493 1798 549 πάντα

1919 495 1969 549 ie
2001 493 2222 549 homine
2253 492 2491 563 quodam
2523 489 2830 546 admirabili
2890 488 3145 560 loquens.
3209 487 3277 546 Et
3320 492 3506 550 omnia

199 594 434 649 δέδωκεν
468 594 526 647 ὲν
552 594 619 663 τῇ
649 589 800 662 χειρὶ
827 587 922 641 τοῦ
975 586 1128 651 Υῐοῦ,
1168 587 1309 643 κατὰ
1337 588 1399 640 τὸ
1431 584 1794 658 ἀνθρώπινον.

201 688 263 741 Ei
290 687 348 741 δὲ
394 685 491 739 καὶ
534 683 675 738 κατὰ
721 683 782 736 τὸ
824 681 1027 748 θεῖκδν,
1061 680 1114 734 τί
1145 678 1339 746 τοῦτο;
1385 678 1595 732 Δέδωκε
1629 681 1657 732 6
1687 681 1798 733 Πα-

198 777 306 849 τὴρ
331 777 398 830 τὸ.
431 775 611 830 πάντα
657 773 736 844 τῷ
768 771 902 844 Υίῷ,
939 772 1084 842 λόγῳ
1115 770 1357 839 φύσεως,
1388 770 1503 824 ἀλλ’
1534 771 1596 824 οὐ
1641 770 1799 842 χάρι-

198 885 320 933 τος.
366 865 518 920 Ἐπεὶ
569 867 678 936 γάρ
723 866 819 918 καὶ
872 863 933 916 τὸ
980 861 1117 917 εῖναι
1161 865 1227 917 ἐκ
1274 863 1369 916 τοῦ
1412 862 1631 935 Ila-:96;
1661 862 1796 934 ἔχει,

174 962 427 1025 ,εἰκότως
471 961 568 1023 καὶ
617 959 798 1014 πάντα
844 959 910 1011 ὲκ
961 956 1055 1010 τοῦ
1111 957 1326 1027 Πατρὺς
1373 956 1592 1026 λέγεται
1628 955 1796 1026 ἔχειν.

203 1055 360 1125 ’Ἔχει
387 1053 568 1107 τοίνυν
596 1053 666 1106 τά
709 1052 884 1106 πάντα
919 1052 948 1103 6
984 1050 1133 1116 Υἱὸς,
1169 1049 1238 1104 τά
1273 1067 1332 1104 τε
1365 1052 1424 1103 ὲν
1450 1048 1687 1120 οὐρανῷ,
1732 1050 1802 1105 τά

196 1165 258 1211 τε
294 1149 386 1201 ἐπὶ
410 1149 540 1218 γῆς·
571 1146 827 1212 δεσπόζει
859 1145 968 1216 γὰρ
1000 1145 1285 1210 ἁπάντων,
1314 1144 1419 1197 κᾶν
1449 1144 1526 1213 μὴ
1564 1142 1802 1211 βούλωνο

196 1258 314 1304 ται.
347 1241 616 1312 ’Ὕστερον
655 1239 862 1310 μέντοι,
899 1237 988 1291 ὅτε
1024 1241 1166 1291 κατὰ
1213 1235 1315 1309 τὴν
1365 1236 1625 1305 δευτέραν
1655 1252 1802 1306 παρ-

193 1333 394 1396 ουσίαν
425 1334 533 1386 πᾶν
583 1331 713 1400 γόνυ
745 1329 956 1401 κάμψει
988 1329 1164 1400 αὐτῷ,
1212 1328 1312 1400 τὴν
1340 1329 1582 1398 παντελῆ
1609 1327 1805 1381 δεσπο-

197 1424 356 1485 τείαν
391 1424 611 1478 πάντων
644 1422 910 1492 λήψεται⁸
949 1422 1039 1475 ὅτε
1066 1420 1255 1474 οὐκέτι
1285 1422 1318 1492 ή
1362 1422 1534 1475 κακία
1569 1421 1804 1490 δύναμιν

198 1517 349 1586 ἔχει,
381 1516 496 1570 ἀλλ’
522 1514 887 1586 άνενέργητος
928 1513 1192 1585 μένουσα,
1223 1511 1471 1566 δείκνυσι
1503 1512 1603 1582 τὴν
1639 1512 1804 1582 φύσιν

197 1608 300 1662 τοῦ
346 1608 554 1678 ἀγαθοῦ
592 1608 649 1674 ἐξ
689 1609 863 1680 ἀρχῆς
897 1609 1069 1661 πᾶσιν
1107 1605 1355 1672 ἐνοῦσαν,
1393 1607 1589 1661 καὶτὰ
1626 1608 1805 1662 πάντα

200 1703 559 1771 συνέχωσαν.
589 1719 609 1751 ‹
661 1699 720 1752 '0
771 1697 1048 1753 πιστεύων
1082 1698 1163 1762 είς
1208 1697 1300 1751 τὸν
1346 1697 1499 1764 Υίὸν,
1545 1698 1658 1767 ἔχει
1704 1697 1805 1768 τὴν

198 1793 428 1847 αἰώνιον
455 1793 600 1865 ζωὴν
645 1794 704 1846 ὲν
748 1791 921 1864 αὐτῷ,
961 1809 980 1843 ι
1021 1790 1186 1845 αὑτὸν
1217 1791 1364 1860 λέγω
1399 1790 1492 1844 τὸν
1543 1789 1801 1860 Χριστὸν,

1901 587 2051 642 dedit
2078 588 2131 640 iu
2160 602 2325 641 manu
2361 585 2484 641 Filii
2507 585 2662 656 juxta
2693 584 3112 640 humanitatem.
3140 584 3197 640 Si
3224 596 3408 641 autem
3452 595 3509 641 et

1899 681 2202 735 secundum
2234 679 2603 743 divinitatem,
2630 676 2762 748 quid
2797 677 2933 732 hoc?
2952 675 3111 732 Dedit
3134 665 3298 734 Pater
3321 679 3507 737 omnia

1902 770 2041 827 Filio
2063 772 2273 826 ratione
2301 781 2532 840 natum,
2564 769 2659 826 sed
2686 786 2792 825 non
2817 772 3039 841 gratiae;
3068 769 3327 841 quoniam
3360 771 3506 826 enim

1901 874 1958 920 et
1983 880 2105 921 esse
2133 881 2161 919 a
2192 865 2353 920 Patre
2385 864 2571 930 habet,
2607 865 2806 919 merito
2831 874 2889 920 et
2912 865 3095 919 omnia
3133 864 3337 920 dicitur
3363 879 3392 918 a
3413 865 3512 920 Pa-

1907 967 1987 1015 tre
2017 960 2241 1014 hahere.
2279 958 2454 1015 liabet
2484 959 2652 1030 igitur
2689 961 2874 1014 omnia
2903 957 3095 1024 Fiiius,
3155 969 3262 1012 tam
3294 974 3415 1028 qua:
3457 959 3509 1012 in

1905 1055 2068 1119 ccelo,
2096 1070 2260 1124 quam
2281 1071 2402 1126 qua:
2427 1056 2482 1110 iu
2511 1066 2678 1112 terra.
2708 1055 3034 1110 Dominatnr
3057 1054 3200 1110 enim
3228 1054 3510 1110 omnibus.

1905 1147 2123 1202 etiamsi
2152 1147 2376 1218 quidam
2413 1148 2606 1204 nolint.
2646 1149 2843 1205 Postea
2871 1163 3002 1204 vero
3032 1147 3083 1202 in
3111 1148 3352 1204 secundo
3413 1148 3502 1202 ad:

1906 1253 2094 1307 ventu,
2127 1243 2346 1312 quando
2383 1258 2548 1298 omne
2578 1257 2717 1315 genu
2773 1241 3022 1310 ﬂectetur
3077 1242 3149 1306 ei.
3204 1238 3508 1311 perfectum

1906 1335 2148 1396 omnium
2180 1335 2416 1404 accipiet
2449 1336 2796 1390 dominium:
2849 1337 3071 1406 quando
3129 1334 3338 1390 malitia
3400 1348 3510 1388 non

1907 1426 2048 1481 ultra
2075 1426 2293 1482 habebit
2329 1426 2488 1498 551
2546 1428 2826 1494 virtutem,
2862 1427 2958 1484 sed
3003 1425 3253 1482 incﬂicax
3281 1438 3513 1480 manens

1907 1523 2158 1575 ostendet
2182 1511 2435 1576 naturam
2455 1521 2582 1576 boni
2610 1536 2638 1577 δ
2663 1521 2934 1591 principio
2968 1521 3222 1576 omnibus
3257 1520 3511 1584 inditam,

1908 1623 1963 1666 et
2003 1613 2184 1666 omnia
2221 1613 2618 1669 continentem.
2649 1613 2754 1680 Qui
2786 1613 2964 1669 credit
2987 1613 3042 1668 in
3069 1612 3293 1681 Filium,
3347 1612 3519 1671 habet

1911 1707 2076 1760 vitam
2109 1715 2371 1786 aeternam
2401 1705 2454 1760 in
2475 1706 2615 1776 ipso,
2653 1725 2672 1758 ι
2707 1706 2884 1772 ipsum
2916 1706 3039 1762 dico
3072 1705 3376 1774 Christum,
3418 1704 3514 1776 qui

1910 1816 2040 1856 vere
2059 1801 2168 1854 vita
2185 1787 2289 1857 est.
2318 1819 2337 1852 ‹
2365 1799 2424 1855 In
2458 1802 2578 1870 ipso
2596 1799 2744 1854 enim
2764 1798 2998 1856 vivimus
3016 1807 3068 1854 et
3098 1797 3466 1853 movemur".
3490 1815 3510 1852 ι

195 1886 258 1949 ὃς
304 1887 416 1958 ζωή
466 1857 616 1940 εστιν
658 1857 896 1957 ἁληθῶξ.
951 1885 1082 1938 «Ἐν
1127 1857 1301 1955 αὐτῷ-
1327 1885 1436 1955 γὰρ
1481 1857 1666 1954 ζῶμεν
1709 1887 1805 1936 καὶ

1921 1914 1939 1947 ι
1962 1893 2063 1961 Qui
2098 1903 2280 1948 autem
2303 1893 2618 1948 incredulus
2636 1900 2742 1960 est,
2764 1907 2872 1946 non
2891 1890 3095 1946 videbit
3111 1890 3304 1944 vitam.
3333 1908 3350 1942 ι
3378 1888 3514 1946 Nam

200 1979 532 2049 κινούμεθα.
594 1998 709 2030 ι-
742 1997 759 2031 ι
822 1979 884 2032 '0
916 1978 970 2032 δὲ
1023 1977 1270 2032 ἀπειθῶν
1323 1978 1424 2030 οὐκ
1478 1977 1669 2047 ὄψεται
1710 1977 1806 2041 τὴν

198 2075 373 2146 ζωήν.
424 2092 442 2126 ι
489 2074 546 2127 Ὀ
579 2073 688 2144 γάρ
721 2073 967 2136 ἀποστὰς
1014 2071 1278 2135 ἑκουσίως
1309 2071 1409 2139 τῆς
1463 2070 1632 2141 ζωῆς,
1689 2071 1806 2132 πῶς

193 2164 316 2232 ἒξει
362 2164 555 2235 αὐτὴν,
594 2164 717 2235 ἥτις
764 2164 912 2217 ἐστὶν
953 2163 980 2216 6
1012 2163 1279 2234 Χριστός;
1327 2166 1420 2226 Ὠς
1464 2164 1562 2217 καὶ
1595 2163 1809 2225 Παῦλός

201 2274 396 2327 φησιν·
421 2276 441 2310 ο
469 2257 678 2312 ’Ὀτανὸ
705 2257 940 2328 Χριστὸς
969 2256 1261 2329 φανερωθῇ
1283 2256 1452 2329 ἡξζωὴ
1481 2255 1658 2326 ἡμῶν,
1688 2258 1810 2319 τότε

200 2354 304 2405 καὶ
335 2353 515 2422 ὑμεῖς,
542 2353 591 2405 οἱ
638 2352 778 2422 πρὸς
824 2351 925 2422 τὴν
972 2350 1178 2406 κακίαν
1211 2351 1398 2422 νεκροὶ
1429 2352 1525 2404 καὶ
1560 2340 1809 2420 ἀκίνητοί

200 2446 514 2515 γενόμενοι,
543 2445 999 2517 φανερωθήσεσθε
1024 2447 1082 2499 ὲν
1101 2445 1250 2518 δόξῃ.
1283 2463 1406 2497 ι--ι
1442 2444 1638 2516 Ἀλλ’ή
1671 2445 1811 2516 ὀργὴ

199 2536 302 2588 τοῦ
358 2536 493 2590 Θεοῦ
546 2538 701 2607 μενεῖ
750 2538 839 2590 ἐπ’
884 2537 1072 2592 αὐτόν.
1109 2557 1128 2590 ι
1163 2539 1281 2591 Οὐκ
1328 2532 1506 2602 εἷπεν,
1563 2537 1646 2591 ὅτι
1708 2555 1810 2607 με·

203 2630 292 2679 νεῖ
315 2627 500 2693 αὑτὸν,
525 2627 659 2694 ἀλλ’,
694 2646 713 2678 ι
741 2627 829 2681 ἐπ’
875 2627 1063 2695 αὑτὸν,
1097 2646 1114 2679 ι
1177 2627 1393 2691 δεικνὺς
1419 2628 1504 2682 ὅτι
1551 2627 1812 2689 οὐδέποτε

203 2719 378 2773 αὑτοῦ
447 2722 840 2789 ἀποστήσεται.
904 2721 1025 2775 Ἵνα
1088 2721 1200 2792 γὰρ
1257 2722 1332 2792 μὴ
1397 2721 1643 2785 ἀκούσας
1716 2721 1814 2778 θά-

204 2828 391 2872 νατον,
437 2813 776 2883 πρόσκαιρον
825 2810 1017 2865 τοῦτον
1064 2814 1285 2885 νοήσῃς,
1328 2812 1514 2884 φησὶν,
1541 2813 1623 2865 ὄτι
1664 2829 1681 2862 ‹
1715 2829 1810 2882 με·

203 2906 293 2957 νεῖ
327 2903 413 2956 ἐπ’
449 2904 610 2958 αὐτὸν
632 2945 646 2968 ,
710 2924 728 2956 ι
764 2907 858 2959 ἐπὶ
908 2905 1001 2958 τὸν
1032 2905 1411 2976 ἀπειθήσαντα
1435 2944 1448 2968 ,
1498 2907 1592 2958 καὶ
1643 2905 1814 2970 ἀΐδιος

209 2996 375 3048 ἔσται
422 2991 453 3066 ἡ
487 2994 728 3058 κόλασις.
772 2997 874 3049 Διά
905 2995 1113 3058 τούτων
1140 2997 1197 3050 δὲ
1240 2998 1458 3052 πάντων
1483 2997 1593 3052 τῶν
1636 3000 1812 3069 ῥημά-

205 3106 318 3141 των
351 3088 538 3156 ἐνάγει
563 3087 591 3139 ὁ
623 3087 938 3160 Βαπτιστῆς
968 3089 1066 3143 καὶ
1098 3089 1328 3142 συνωθεῖ
1355 3090 1479 3152 τοὺς
1509 3088 1815 3154 ἀκούοντας

1913 1987 2004 2055 qui
2038 1993 2232 2056 sponte
2269 1983 2499 2038 recessit
2526 1999 2555 2038 a
2591 1984 2726 2047 vita,
2768 1997 2876 2051 quo
2918 1990 3080 2050 pacto
3127 1980 3516 2046 habebiteam,

1913 2091 2033 2146 qua:
2083 2083 2170 2131 est
2196 2073 2496 2130 Christus?
2525 2074 2662 2128 sicut
2690 2081 2744 2127 et
2773 2070 2976 2127 Paulus
3002 2071 3212 2142 inquit:
3239 2089 3258 2122 ι
3287 2070 3518 2138 Quando

1913 2169 2168 2224 Chiistus
2195 2166 2640 2222 manifestabitur
2668 2165 2775 2219 vita
2811 2174 3024 2232 nostra,
3062 2176 3193 2219 tunc
3218 2176 3272 2220 et
3298 2180 3395 2220 vos
3425 2166 3516 2234 qui

1914 2258 1981 2311 ad
2009 2256 2270 2311 malitiam
2301 2254 2501 2310 mortui
2533 2264 2589 2311 et
2614 2254 2921 2309 immobiles
2955 2253 3104 2321 facti,
3131 2253 3513 2310 manifestabi-

1918 2348 2118 2419 mini,in
2136 2346 2308 2416 gloria
2329 2347 2430 2402 ⁸⁸.»
2453 2374 2526 2386 --
2549 2364 2566 2398 ι
2582 2343 2689 2400 Sed
2708 2345 2786 2399 ira
2811 2345 2902 2400 Dei
2922 2354 3101 2400 manet
3126 2345 3514 2414 superillum.’

1920 2441 2041 2497 Non
2092 2439 2244 2495 dixit,
2264 2437 2409 2510 quod
2472 2448 2693 2494 maneat
2727 2438 2905 2506 illum,
2939 2438 3034 2494 sed
3099 2454 3264 2509 super
3319 2438 3469 2494 illum
3501 2479 3518 2506 ,

1915 2536 2214 2594 nstemlens
2241 2533 2386 2604 quod
2418 2548 2700 2601 nunquam
2723 2535 2794 2588 ab
2824 2548 2890 2588 eo
2917 2533 3156 2588 recedat.
3184 2531 3255 2588 Ut
3275 2547 3342 2589 ne
3369 2550 3522 2589 mor-

1919 2640 2025 2686 tem
2052 2629 2248 2684 credas
2275 2627 2656 2697 temporalem,
2693 2625 2828 2682 dicit
2881 2627 3029 2696 quod
3084 2636 3306 2682 maneat
3357 2642 3522 2696 super

1917 2735 2040 2776 eum
2079 2721 2170 2791 qui
2197 2719 2512 2776 incredulus
2545 2718 2730 2785 fuerit,
2760 2728 2817 2773 et
2861 2727 3185 2790 perpetuum
3227 2720 3334 2775 erit
3387 2736 3523 2796 sup-

1915 2813 2167 2885 ‘plicium.
2195 2812 2302 2869 Per
2330 2815 2513 2869 omnia
2543 2823 2726 2869 autem
2765 2814 2931 2869 verba
2959 2813 3078 2869 haec
3119 2813 3333 2871 inducit
3382 2815 3525 2886 Bap-

1921 2909 2044 2963 tista
2095 2917 2150 2963 et
2181 2906 2465 2977 compellit
2491 2907 2773 2964 auditores
2800 2921 2990 2964 omnes
3009 2907 3076 2964 ad
3105 2907 3265 2964 [idem
3289 2899 3518 2979 Christi,

1917 2999 2036 3056 Non
2068 3001 2214 3056 enim
2248 3001 2302 3055 in
2331 3014 2530 3056 vanum
2573 3001 2693 3056 haec
2731 3000 2892 3068 dixit,
2929 3003 3026 3057 sed
3059 3016 3192 3057 suos
3223 3001 3524 3074 discipulos

1917 3103 1973 3148 et
2011 3093 2148 3148 alios
2171 3109 2366 3150 omnes
2389 3095 2614 3151 instruit
2646 3109 2714 3151 ne
2747 3093 3031 3152 invideant
3061 3095 3306 3166 Christo,
3344 3095 3442 3164 sed
3466 3109 3526 3163 .·.,ι

209 3182 423 3244 πάντας
457 3182 538 3244 είς
569 3181 669 3254 τὴν
705 3181 807 3239 τοῦ
834 3181 1074 3260 Χριστοῦ
1115 3183 1318 3239 πίστιν.
1367 3185 1441 3237 Οὐ
1479 3183 1587 3254 γὰρ
1635 3185 1811 3256 μάτην

1921 3183 2034 3240 Deo
2060 3184 2390 3240 auscultent.

208 3273 391 3329 ταῦτά
430 3292 618 3346 φησιν,
663 3274 803 3330 ἀλλὰ
837 3276 930 3329 καὶ
991 3278 1118 3340 τοὺς
1165 3277 1403 3339 οἰκείους
1438 3277 1688 3348 μαθητὰς
1720 3279 1816 3332 καὶ

210 3372 340 3434 τοὺς
372 3369 566 3433 ἄλλους
612 3369 824 3434 πάντας
872 3368 1146 3433 παιδεύει,
1208 3369 1408 3440 μηκέτι
1475 3367 1694 3440 φθονεῖν
1735 3371 1816 3438 τῷ

210 3466 464 3539 Χριστῷ,
493 3466 612 3522 ἀλλ’
638 3466 713 3531 ὡς
746 3465 865 3536 Θεῷ
896 3465 1208 3538 προσέχειν.

790 3584 1078 3661 ἱΚΕΦΑΑ.
1113 3586 1189 3638 A'.

211 3679 360 3749 Περὶ
401 3677 503 3747 τῆς
555 3675 1000 3748 Σαμαρείτιδος.
1049 3676 1188 3744 Περὶ
1229 3676 1336 3730 τοῦ
1373 3678 1507 3731 υἱοῦ
1547 3677 1656 3732 τοῦ
1699 3679 1815 3744 ,βα-

891 3749 1156 3802 σιλικοῦ.

295 3887 316 3918 ι
364 3865 451 3928 Ὧς
498 3858 589 3916 οὖν
625 3863 764 3929 ἔγνω
812 3862 840 3913 ὁ
879 3860 1085 3932 Κύριος
1131 3860 1213 3914 ὄτι
1267 3861 1508 3933 ἤκουσαν
1552 3861 1602 3914 οί
1647 3863 1817 3933 Φαριπ-

215 3964 366 4015 σαῖοι
405 3960 489 4011 ὅτι
526 3959 734 4028 Ἰησοῦς
783 3957 1037 4022 πλείονας
1082 3957 1332 4029 μαθητὰς
1377 3959 1526 4011 ποιεῖ
1572 3959 1666 4012 καὶ
1719 3960 1814 4027 βα-

216 4055 429 4119 πτίζει,
470 4050 502 4120 ἢ
549 4051 805 4121 Ἰωάννης
858 4050 1060 4120 (καίτοι
1128 4067 1190 4118 γε
1225 4050 1386 4114 αὐτὸς
1413 4053 1438 4103 6
1475 4051 1684 4121 Ἰησοῦς
1713 4051 1814 4104 οὐκ

212 4149 534 4212 ἐϐάπτιζεν,
573 4146 686 4199 ἀλλ’
715 4148 762 4199 oi
794 4147 1040 4216 μαθηταὶ
1064 4144 1278 4215 αὐτοῦ),
1318 4145 1503 4215 ἀφῆκε
1530 4145 1634 4216 τὴν
1678 4147 1813 4199 ἰου-

214 4243 379 4296 δαίαν
428 4242 554 4311 γῆν,
588 4242 685 4294 καὶ
742 4240 952 4309 ἀπῆλθε
999 4239 1168 4292 πάλιν
1211 4241 1290 4302 εἰς
1341 4240 1441 4309 τὴν
1493 4239 1814 4296 Γαλιλαίαν.

225 4335 378 4386 Ἔδει
408 4333 463 4386 δὲ
507 4334 670 4385 αὐτὸν
705 4330 1017 4402 διέρχεσθαι
1047 4330 1136 4387 διὰ
1165 4331 1264 4401 τῆς
1300 4330 1641 4402 Σαμαρείας.
1679 4352 1697 4383 ι
1756 4333 1814 4385 Ὀ

222 4425 636 4496 φιλάνθρωποτ,
663 4423 812 4488 ἅπαξ
837 4424 905 4478 δι’
929 4425 1079 4494 ἡμᾶς
1107 4424 1440 4495 σαρκωθεὶς,
1472 4425 1650 4479 πάντα
1679 4427 1814 4495 arpi;

221 4518 506 4588 ἡμετέραν
537 4517 809 4584 ὠφέλειαν
851 4516 1269 4586 διαπράττεται.
1317 4516 1538 4585 Ἀμέλει
1571 4519 1666 4571 καὶ
1719 4519 1814 4570 νῦν

2532 3584 2765 3641 CAPUT
2819 3583 2909 3640 IV.

2236 3678 2308 3732 De
2342 3678 2713 3733 Samaritana.
2759 3676 2832 3730 De
2865 3679 2980 3746 [ilio
3026 3678 3215 3748 reguli.

1992 3859 2160 3914 Vens.
2197 3858 2315 3912 1-4.
2349 3855 2474 3928 (ηυι
2500 3857 2758 3926 cognovit
2783 3854 3046 3910 Dominus
3078 3855 3297 3911 audisse
3329 3854 3529 3916 Phari-

1920 3969 2057 4010 smos
2082 3955 2224 4023 quod
2257 3949 2416 4006 Jesus
2462 3949 2646 4020 plures
2675 3949 2975 4019 discipulos
3015 3948 3222 4006 faceret
3262 3966 3327 4008 ac
3352 3952 3532 4023 bapti-

1921 4055 2069 4100 zarct
2121 4060 2286 4114 quam
2336 4041 2576 4099 Joannes
2636 4044 2973 4113 (quanquam
3038 4041 3197 4098 Jesus
3257 4043 3372 4114 ipse
3424 4061 3530 4106 non

1919 4139 2245 4209 baptizaret,
2272 4136 2369 4192 sed
2406 4136 2656 4207 discipuli
2706 4135 2868 4207 ejus),
2901 4135 3121 4204 reliquit
3146 4134 3390 4191 Juda-am
3425 4148 3535 4194 ter-

1921 4248 2060 4300 ram,
2107 4241 2162 4285 et
2191 4231 2321 4284 abiit
2347 4230 2542 4284 iterum
2577 4228 2630 4282 in
2676 4227 2984 4283 Galilaeam.
3014 4226 3316 4296 Oportebat
3344 4239 3529 4284 autem

1920 4340 2042 4380 eum
2099 4324 2334 4379 transire
2381 4336 2479 4392 per
2503 4319 2870 4376 Samariath
2907 4321 3219 4378 Misericors
3275 4321 3538 4382 Dominus

1920 4416 2088 4472 semel
2139 4423 2363 4486 propter
2441 4428 2539 4467 nos
2587 4413 2927 4479 incarnatus,
2963 4415 3148 4471 omnia
3187 4414 3253 4468 ad
3288 4426 3536 4469 nostram

1921 4512 2146 4565 salutem
2203 4507 2357 4562 facit.
2417 4505 2607 4575 Itaque
2651 4514 2705 4561 et
2768 4523 2909 4562 nunc
2935 4523 3060 4561 cum
3119 4509 3360 4564 audisset
3391 4509 3537 4580 quod

221 4610 487 4674 ἀκούσας,
537 4609 618 4662 ὅτι
671 4611 718 4662 οξ
774 4610 1058 4679 Φαρισαῖοι
1113 4609 1381 4678 περὶτῆς
1440 4609 1598 4680 δόξης
1648 4612 1811 4664 αὐτοῦ

1931 4602 2191 4660 Pharisaei
2246 4602 2314 4656 de
2355 4600 2528 4670 gloria
2566 4599 2738 4668 ipsius
2769 4599 3103 4665 audiverunt,
3134 4603 3538 4657 etsciretcon-

220 4699 490 4774 ἥκουσαν,
543 4703 639 4755 καὶ
692 4703 893 4770 γνοὺς,
951 4705 1032 4755 ὅτι
1084 4703 1162 4763 εἰς
1197 4701 1392 4768 φθόνον
1429 4704 1823 4773 κινηθήσονται

218 4801 317 4851 τὸν
373 4796 494 4848 κατ’
545 4793 734 4861 αὑτοῦ,
770 4796 1049 4864 ὑποχωρεί
1076 4794 1156 4855 εἰς
1198 4793 1296 4862 τὴν
1331 4793 1626 4847 Γαλιλαίαν
1657 4811 1667 4823 ·
1724 4795 1817 4847 δύο

220 4889 401 4942 ταῦτα
453 4888 724 4943 διδάσκων
761 4889 946 4958 ἡμᾶς*
983 4887 1043 4938 ἓν
1080 4885 1200 4955 μὲν,
1262 4886 1323 4937 τὸ
1378 4887 1659 4954 φείδεσθαι
1714 4889 1823 4938 τῶν

221 4980 459 5051 ἐχθρῶν,
509 4980 604 5033 καὶ
639 4981 816 5032 πάντα
871 4979 1076 5048 τρόπον
1133 4977 1435 5047 πειρᾶσθαι
1495 4980 1568 5048 μὴ
1622 4978 1822 5031 διδόναι

222 5075 417 5134 αὐτοῖς
455 5071 718 5141 ἀφορμὴν
753 5069 1057 5122 σκανδάλου
1091 5068 1123 5136 ἦ
1158 5068 1357 5136 φθόνου
1386 5085 1396 5098 ·
1423 5069 1612 5138 ἕτερον
1649 5069 1726 5134 δὲ,
1764 5069 1824 5121 τὸ

225 5166 304 5236 μὴ
347 5166 696 5235 ὲπιρρίπτειν
742 5163 971 5224 ἑαυτοὺς
1017 5163 1132 5222 τοῖς
1188 5164 1521 5231 πειρασμοῖς
1574 5163 1818 5232 ἀνοήτως

223 5258 323 5311 καὶ
351 5258 654 5326 ἁνονήτως,
685 5255 800 5309 ἀλλ’
847 5255 1158 5324 ὑποχωρεῖν
1192 5254 1330 5324 πρὸς
1363 5257 1576 5324 καιρὸν,
1624 5258 1818 5326 μέχρις

223 5352 292 5405 ἂν
323 5355 355 5420 ἡ
394 5349 560 5420 μανία
602 5350 792 5421 ῥαΐσῃ.
846 5349 1042 5400 Καίτοι
1082 5347 1139 5398 δὲ
1189 5347 1415 5410 δυνατὸς
1444 5348 1521 5400 ὢν
1570 5352 1820 5419 ἐπισχεῖν

220 5448 354 5509 τοὺς
389 5445 542 5514 αὑτῷ
572 5444 922 5513 φθονοῦντας,
953 5441 1054 5495 κᾶν
1089 5443 1136 5493 εἰ
1171 5443 1292 5494 κατ’
1320 5442 1484 5494 αὑτοῦ
1517 5441 1817 5513 ὥρμησαν,

222 5542 378 5611 ὅμως
409 5537 792 5602 ὑπεξίσταται,
833 5533 976 5588 ὥστε
1036 5536 1112 5604 μὴ
1180 5534 1488 5602 φαντασίαν
1537 5535 1691 5599 δόξαι
1721 5539 1820 5604 τὴν

223 5631 544 5701 οἰκονομίαν
578 5631 675 5698 τῆς
723 5629 947 5700 σαρκός.
997 5629 1060 5680 Εἰ
1094 5629 1202 5698 γὰρ
1237 5629 1498 5698 συχνάκις
1527 5629 1618 5681 διὰ
1655 5629 1822 5698 μέσου

220 5721 409 5778 αὐτῶν
433 5718 714 5790 ἐξήρχετο,
749 5719 801 5770 τί
825 5721 929 5770 οὐκ
948 5716 1012 5769 ἂν
1037 5711 1198 5770 εἷπον
1223 5716 1271 5767 oi
1297 5717 1820 5787 Φαντασιοδογὴται,

304 5890 346 5920 ⁹¹
383 5889 504 5942 Act.
536 5901 669 5950 xvtt,
724 5885 816 5939 9.8.
895 5885 940 5916 "
971 5884 1180 5938 Coloss.
1222 5900 1302 5944 lli.
1339 5883 1388 5937 4.

569 5982 840 6042 ΡΑτῐιοῐ..
894 5982 1009 6040 (in.
1049 5979 1338 6041 CXXI“.

1927 4705 2008 4750 tra
2042 4697 2221 4766 ipsum
2250 4693 2320 4748 ad
2349 4693 2608 4746 invidiam
2639 4693 3022 4758 concitandos,
3067 4695 3274 4748 secedit
3306 4697 3356 4749 in
3381 4695 3538 4752 Gali.

1924 4788 2103 4851 lzearn,
2151 4787 2258 4840 duo
2320 4799 2418 4839 nos
2477 4786 2722 4837 docens:
2781 4800 2945 4838 unum
2977 4785 3222 4851 quidem,
3256 4795 3314 4838 ιιι
3344 4801 3536 4854 parea-

1924 4896 2045 4934 tnus
2096 4879 2352 4942 inimicis,
2416 4887 2469 4930 et
2527 4877 2678 4931 omni
2718 4879 2878 4930 modo
2931 4887 3208 4933 tentetnus
3268 4894 3375 4934 non
3409 4880 3540 4935 dare

1923 4973 2004 5026 eis
2060 4971 2406 5025 occasionem
2456 4969 2702 5024 scandali
2740 4969 2826 5022 vel
2883 4970 3134 5038 invidiae;
3185 4970 3438 5035 alterum,
3473 4988 3541 5024 ne

1924 5062 2234 5133 injiciamus
2292 5078 2390 5116 nos
2446 5063 2496 5115 in
2545 5062 2904 5116 tentationem
2959 5064 3282 5132 insipienter
3333 5075 3388 5120 et
3422 5067 3530 5120 inn-

1934 5160 2119 5225 tiliter,
2154 5159 2246 5213 sed
2283 5159 2602 5213 sccedamus
2632 5158 2697 5210 ad
2748 5167 2982 5228 tempus,
3010 5159 3184 5213 donec
3211 5161 3422 5214 insania
3454 5177 3542 5214 re-

1932 5254 2124 5307 sideat.
2151 5250 2412 5318 Quamvis
2444 5261 2625 5306 autem
2670 5259 2862 5319 potens
2896 5253 2968 5305 sit
2993 5253 3253 5306 cohibere
3287 5254 3541 5309 inviden-

1935 5357 2016 5400 tes
2058 5345 2181 5410 sibi,
2232 5346 2444 5400 etiamsi
2493 5345 2697 5415 impetu
2755 5348 2989 5413 quodam
3039 5361 3185 5418 nunc
3237 5358 3541 5417 urgerent,

1938 5458 2044 5495 non
2088 5450 2265 5494 tamen
2305 5441 2407 5494 hoc
2439 5442 2569 5510 egit,
2603 5455 2668 5493 ne
2706 5440 2982 5494 videretur
3010 5441 3416 5510 phantasticum
3447 5442 3546 5495 hn-

1940 5531 2067 5583 here
2133 5546 2376 5598 corpus:
2416 5529 2459 5582 si
2485 5530 2629 5582 enim
2686 5544 2830 5598 δαέρα
2878 5545 2975 5597 per
3029 5531 3266 5584 medium
3329 5531 3544 5596 illorum

1936 5623 2184 5688 exiisset,
2209 5623 2335 5692 quid
2379 5638 2486 5677 non
2519 5623 2783 5677 dixissent
2817 5621 3344 5690 Phantasiodocetac,
3373 5623 3548 5676 [θείω--

1937 5718 2093 5783 chtei,
2149 5718 2394 5786 inquam,
2437 5727 2491 5771 et
2527 5715 2888 5772 Valentiniani
2912 5727 2965 5771 et
2997 5717 3319 5788 Eutychiani
3349 5717 3372 5771 ’ἰ
3407 5716 3547 5782 Ιιιδὶο
