4078 6330
653 247 791 317 1235

653 365 870 422 tlicebat

651 468 828 515 autem
868 462 1053 532 incipit
1078 475 1424 522 contemnere
1452 469 1611 523 etiam
1644 467 1843 523 fontem
1872 467 2058 523 Jacob.
2091 466 2223 522 Nam

651 553 816 610 dicit:
849 553 905 609 Si
940 557 1101 611 talem
1128 573 1322 629 aquam
1345 563 1530 626 habes,
1570 561 1635 616 da
1665 561 1819 628 mihi,
1852 571 1912 616 ut
1941 577 2048 616 non
2085 561 2224 616 ultra

647 648 860 699 veniam
893 649 997 702 huc
1020 649 1088 703 ad
1123 651 1496 708 hauriendum.
1527 652 1687 710 Vides
1736 655 1878 726 quod
1933 655 2226 727 praetulerit

652 737 747 804 ipsi
775 735 942 794 Jacob
973 741 1276 798 Dominum.

1503 260 2087 320 THEOI’HYLACTI
2129 262 2542 324 BULGARIIE
2578 266 2940 329 ARCHIEP.

920 386 990 424 τι
1046 370 1329 436 Quomodo
1375 384 1599 443 possunt
1656 377 1771 430 haec
1823 375 1976 429 fieri?
2030 395 2048 427 ›
2131 375 2214 431 ist:

2340 379 2732 445 ἁνενδοιάστως
2763 381 3029 454 δεξαμένη
3062 384 3152 437 τὸν
3181 384 3360 453 λόγον,
3394 385 3530 458 φησί
3559 403 3570 416 ·
3615 404 3632 437 ι
3665 386 3766 449 Δός
3826 405 3912 456 μοι

3779 267 3911 332 1235

2335 472 2489 524 τοῦτο
2514 473 2574 526 τὸ
2613 473 2778 546 ὕδωρ.
2820 494 2837 526 ι
2871 478 3088 530 Ἔοικεν
3119 473 3213 532 οὖν
3234 477 3372 548 αὕτη
3403 478 3749 549 συνετωτέρα
3782 474 3913 532 εἶναι

2333 563 2428 616 τοῦ
2478 565 2813 636 Νικοδήμου.
2853 569 3090 632 Ἐκεῖνος
3126 570 3226 640 μὲν
3253 571 3382 640 γὰρ,
3418 570 3632 641 μυρίων
3682 571 3914 634 ἀκούσας

2332 647 2613 723 τοιούτων,
2649 659 2825 729 ἕλεγε·
2856 678 2874 712 ι
2914 661 3037 726 Πῶς
3090 662 3263 716 ταῦτα
3307 662 3561 730 γενέσθαι
3583 661 3854 729 δύναται;
3893 682 3908 713 ι

2331 747 2470 818 αὕτη
2500 749 2556 803 δέ
2593 751 2822 822 ἄρχεται
2841 757 3206 823 καταφρονεῖν
3241 755 3340 826 ἥδη
3366 757 3461 810 καὶ
3490 756 3588 826 τῆς
3607 755 3792 825 πηγῆς
3825 753 3913 807 τοῦ

647 829 864 887 Ἰακώϐ.
895 835 956 890 Et
996 839 1125 909 γὰρ,
1154 841 1309 910 φησι.
1348 842 1591 896 τοιοῦτον
1628 844 1769 916 ὕδωρ
1799 842 1966 915 ἔχεις,
1993 843 2080 907 δός
2133 860 2243 914 μοι,
2287 847 2379 897 καὶ
2405 846 2506 902 οὑκ
2527 846 2609 901 ἐτι
2639 848 2934 906 ἐλεύσομαι
2975 844 3101 916 ὧδε,
3135 848 3274 905 ὥστε
3301 850 3534 906 ἀντλεῖν.
3591 851 3758 923 Ὁρᾷς
3805 850 3916 914 πῶς

649 925 938 996 προέκρινε
959 929 1050 982 τὸν
1086 931 1288 1002 Κύριον
1315 933 1407 987 τοῦ
1465 935 1683 990 Ἰακώϐ.

717 1022 882 1078 Vens.
910 1025 1100 1082 16-22.
1125 1047 1143 1079 ι
1175 1029 1375 1086 Dicitei
1395 1031 1578 1088 Iesus:
1608 1033 1771 1105 556
1795 1032 1957 1099 Vade,
1991 1047 2121 1088 voca
2147 1035 2227 1088 vi-

655 1131 773 1169 rum
803 1126 978 1184 tuum,
998 1131 1048 1175 ct
1073 1124 1193 1177 veni
1219 1124 1342 1178 huc.
1365 1124 1658 1193 Respondit
1683 1126 1896 1193 mulier,
1925 1136 1975 1182 et
1993 1126 2224 1181 dixitei:

643 1204 757 1260 Non
786 1207 959 1265 habeo
986 1212 1179 1278 virum.
1210 1213 1347 1268 Dicit
1374 1216 1420 1270 ei
1459 1215 1616 1272 Jcsus
1646 1235 1658 1270 :
1696 1217 1839 1272 Bene
1867 1217 2075 1283 dixisti,
2106 1216 2225 1271 Non

648 1300 818 1355 habeo
850 1305 1026 1357 virum
1067 1323 1078 1357 :
1105 1307 1342 1377 quinque
1365 1308 1508 1364 enim
1543 1310 1686 1364 viros
1713 1310 1970 1375 habuisti,
1993 1321 2049 1366 et
2079 1327 2224 1366 nunc

648 1405 803 1458 quem
856 1395 1045 1460 babes,
1079 1412 1182 1450 non
1240 1408 1324 1452 est
1372 1407 1496 1454 tuus
1541 1400 1640 1454 vir.
1674 1398 1784 1454 lloc
1833 1415 1960 1455 vere
2010 1401 2219 1454 dixisti.

649 1483 788 1538 Dicit
839 1487 885 1539 ei
928 1489 1121 1542 mulier
1154 1509 1165 1544 ε
1193 1489 1439 1556 Domine,
1462 1493 1620 1547 video
1670 1495 1814 1562 quod
1863 1494 2129 1563 propheta
2163 1509 2221 1550 es

646 1588 720 1634 tu.
750 1577 939 1635 Patres
971 1583 1139 1636 nostri
1174 1583 1224 1637 in
1261 1595 1441 1639 monte
1479 1587 1578 1640 hoc
1611 1586 1995 1652 adoraverunt,
2027 1597 2082 1641 et
2128 1602 2222 1642 vos

644 1671 825 1726 dicitis
865 1677 1010 1742 quod
1071 1676 1459 1747 Hierosolymis
1511 1689 1594 1732 est
1650 1680 1800 1733 locus
1831 1679 1921 1733 ubi
1975 1690 2220 1747 Oporteat
2256 1657 2294 1710 Β

647 1762 895 1818 adorare.
934 1767 1071 1820 Dicit
1121 1768 1170 1820 ei
1212 1766 1370 1824 Jesus
1404 1788 1417 1824 :
1453 1770 1664 1836 Mulier,
1692 1774 1851 1826 crede
1889 1771 2039 1830 mihi.
2075 1772 2221 1826 venit

647 1855 779 1908 hora
817 1857 1033 1925 quando
1085 1875 1259 1930 neque
1290 1862 1344 1915 in
1387 1872 1567 1917 monte
1594 1864 1713 1929 hoc,
1747 1879 1921 1933 neque
1949 1863 2002 1917 in
2028 1863 2220 1918 Hiero-

646 1946 870 2016 solymis
902 1947 1195 2006 adorabitis
1220 1950 1458 2006 Patrem.
1482 1954 1589 2008 Vos
1620 1954 1857 2008 adoratis
1907 1956 2048 2022 quod
2088 1969 2217 2010 nes-

643 2039 764 2092 citis
793 2055 806 2092 :
849 2055 946 2095 nos
964 2043 1250 2098 adoramus
1276 2046 1415 2114 quod
1439 2046 1637 2102 scimus
1671 2067 1679 2100 :
1706 2049 1829 2116 quia
1863 2048 2007 2102 salus
2039 2062 2102 2102 ex
2127 2045 2221 2101 Ju-

645 2133 776 2188 daais
808 2134 1231 2204 esu—«Vade,
1256 2153 1386 2192 voca
1406 2138 1577 2192 virum
1604 2150 1810 2194 tuum.»
1844 2140 1978 2206 Quia
2003 2139 2221 2194 videbat

645 2226 790 2281 illam
829 2239 1110 2298 urgentem
1143 2232 1208 2284 ad
1243 2233 1631 2302 recipiendum,
1669 2242 1721 2287 et
1750 2243 2031 2303 cogentem
2071 2248 2130 2288 se
2153 2233 2219 2287 ad

643 2320 901 2386 dandum,
931 2323 1061 2378 dicit
1091 2344 1102 2378 :
1137 2344 1155 2375 ι
1199 2324 1368 2393 Vade,
1401 2342 1531 2382 voca
1571 2328 1746 2380 virum
1799 2337 1970 2392 tuum,
2013 2346 2031 2378 ι
2065 2326 2217 2395 quasi

643 2412 890 2467 ‘ostendat
911 2413 1050 2483 quod
1078 2415 1239 2468 etiam
1269 2416 1417 2470 illum
1447 2425 1692 2486 Oporteat
1717 2431 1838 2472 esse
1897 2414 2216 2485 participem

646 2507 800 2575 hujus
821 2507 944 2562 doni
974 2507 1098 2560 mei.
1135 2507 1228 2562 llla
1258 2520 1437 2563 autem
1463 2509 1742 2573 festinans,
1781 2514 1834 2561 ct
1861 2517 1918 2561 ut
1969 2507 2214 2575 recipiat,

643 2609 695 2650 et
727 2601 782 2650 ut
811 2599 972 2652 simul
1003 2598 1184 2664 lateat,
1218 2600 1349 2653 dicit
1381 2619 1391 2653 :
1428 2619 1444 2652 ι
1474 2600 1592 2655 Non
1639 2601 1815 2655 habeo
1865 2604 2062 2660 virum.
2111 2622 2128 2656 ι
2151 2604 2219 2659 At

643 2686 903 2742 Dominus
934 2704 1028 2758 per
1067 2690 1404 2758 pr0phetiam
1447 2706 1590 2745 nunc
1612 2694 1814 2749 revelat
1840 2708 1998 2751 suam
2045 2698 2217 2752 virtu-

641 2787 771 2845 tem,
823 2789 876 2834 et
911 2781 1118 2850 priores
1159 2782 1277 2851 ejus
1331 2784 1477 2838 viros
1539 2798 1788 2841 numerat
1840 2802 1894 2842 et
1943 2803 2065 2842 eum
2125 2792 2216 2858 qui

641 2887 784 2926 nunc
829 2873 1181 2944 ignorabatur
1229 2875 1421 2943 arguit.
1456 2873 1706 2946 Nunquid
1744 2878 1908 2949 igitur
1937 2879 2026 2934 illa
2074 2896 2218 2952 aegre

641 2962 872 3030 ferebat,
901 2979 1020 3019 cum
1056 2966 1181 3019 talia
1211 2967 1465 3021 audiret?
1502 2969 1583 3024 vel
1605 2969 1794 3026 relicto
1821 2972 1910 3029 illo
1936 2975 2216 3044 fugiebat?

638 3056 777 3121 Non,
798 3057 890 3111 sed
924 3058 1093 3126 magis
1122 3061 1384 3115 admirata
1415 3071 1497 3116 est
1538 3071 1593 3118 et
1617 3065 1937 3134 confortata,
1981 3070 2166 3124 dicens
2196 3088 2210 3124 :

646 3168 663 3200 ι
703 3150 948 3215 Domine,
980 3152 1136 3206 video
1161 3153 1304 3221 quod
1327 3154 1585 3223 propheta
1617 3171 1674 3211 es
1708 3166 1784 3224 tu,
1823 3177 1842 3211 ι
1899 3171 1953 3214 et
1978 3161 2043 3214 de
2083 3163 2214 3233 dog-

640 3243 874 3298 matibus
898 3244 1094 3300 divinis
1124 3246 1304 3299 statim
1341 3247 1488 3302 illum
1517 3249 1836 3321 interrogat,
1868 3269 1971 3306 non
2003 3255 2070 3309 de
2097 3270 2213 3309 coro

639 3337 932 3404 pnralibus,
967 3347 1023 3390 ut
1053 3339 1119 3392 de
1179 3340 1414 3394 sanitate
1471 3344 1735 3410 corporis,
1764 3346 1845 3399 vel
1867 3346 2071 3404 divitiis
2101 3366 2113 3402 :
2142 3351 2213 3404 ita

636 3431 910 3498 sapientiae
930 3431 1162 3495 avidam,
1179 3442 1229 3486 et
1251 3434 1428 3489 virtuti
1451 3434 1685 3490 deditam
1707 3438 1932 3493 habebat
1952 3441 2210 3510 animam;

637 3522 729 3576 sed
765 3523 924 3590 quid?
971 3541 988 3574 ι
1025 3521 1215 3579 Patres
1260 3526 1428 3580 nostri
1477 3528 1527 3582 in
1583 3539 1765 3585 monte
1808 3531 1898 3587 illo
1949 3533 2212 3590 adorave-

641 3625 783 3668 llllll.
818 3633 836 3665 ›
883 3614 1035 3680 Quod
1065 3617 1197 3670 dicit
1239 3629 1456 3687 propter
1486 3619 1756 3675 Abraham
1788 3635 1840 3678 et
1868 3623 2061 3681 Jacob.
2091 3628 2213 3682 Etc-

637 3707 747 3760 nim
799 3707 923 3762 illuc
943 3708 1163 3762 tradunt
1194 3709 1347 3765 Isaac
1398 3711 1449 3764 in
1495 3712 1820 3768 sacrificium
1851 3719 2208 3775 adductum'.

643 3817 661 3849 ε
700 3799 766 3852 Ει
794 3799 1088 3868 quomodo,
1130 3800 1326 3870 inquit,
1352 3819 1447 3857 vos
1487 3804 1666 3860 dicitis
1706 3808 1845 3876 quod
1876 3810 1927 3862 in
1962 3809 2215 3866 Hierosoo

633 3889 793 3959 lymis
813 3900 1024 3960 oportet
1045 3892 1304 3948 adorare?
1346 3913 1363 3946 ι
1398 3893 1589 3951 Vidisti
1621 3901 1891 3966 quomodo
1915 3902 2206 3959 sublimior

635 3983 830 4037 fuerit?
861 3983 992 4037 Nam
1026 4001 1144 4053 qua:
1165 3987 1324 4055 paulo
1353 3999 1480 4042 ante
1513 3989 1739 4045 sollicita
1765 4001 1882 4047 erat
1913 4007 1978 4047 ne
2013 3996 2100 4050 siti
2128 3999 2210 4051 ul-

634 4087 717 4130 tra
767 4087 1072 4142 vexaretur,
1107 4094 1247 4133 nunc
1303 4081 1369 4136 de
1425 4082 1768 4152 dogmatibus
1798 4097 1967 4155 rogat.
2001 4087 2210 4145 Idcirco

631 4175 684 4219 et
715 4164 968 4222 Christus
1025 4168 1137 4222 visa
1196 4170 1312 4239 ejus
1369 4174 1630 4242 sapientia
1684 4176 1785 4230 hoc
1815 4179 2032 4244 quidem
2093 4180 2209 4247 ejus

632 4257 822 4324 dogma
877 4272 982 4311 non
1012 4258 1190 4312 solvit.
1237 4260 1350 4314 Non
1399 4263 1542 4316 enim
1578 4275 1696 4320 erat
1740 4268 1871 4322 satis
1900 4268 2101 4324 serium
2154 4282 2207 4327 et

2410 1053 2427 1084 ι
2463 1035 2625 1103 Λέγει
2684 1036 2820 1106 αὑτῇ
2875 1037 2902 1088 ὁ
2947 1032 3188 1106 Ἰησοῦςο
3225 1033 3468 1102 Ὕπαγε,
3510 1033 3767 1103 φώνησον
3824 1031 3915 1084 τὶν

2331 1125 2504 1196 ἄνδρα
2547 1142 2663 1192 σου,
2691 1125 2790 1180 καὶ
2838 1126 2960 1179 ἐλθέ
3006 1126 3216 1180 ἐνθάδε.
3253 1124 3554 1197 Ἀπεκρίθη
3577 1123 3632 1177 δὲ
3670 1127 3702 1196 ή
3762 1125 3912 1194 γυνὴ,

2330 1213 2422 1264 καὶ
2459 1207 2611 1264 εἶπεν
2642 1211 2792 1282 αύτῷ
2832 1227 2848 1243 ·
2886 1212 3001 1264 Οὑκ
3032 1211 3141 1281 ἔχω
3170 1210 3356 1282 ἄνδρα.
3385 1210 3548 1279 Λέγει
3581 1210 3721 1280 αὐτῇ
3750 1213 3779 1263 ὁ
3815 1210 3916 1278 ’1η-

2331 1303 2456 1366 σοῦς
2489 1319 2502 1332 ο
2566 1303 2763 1366 Καλῶς
2803 1298 2988 1369 εἶπας,
3035 1304 3115 1356 ὅτι
3165 1302 3368 1374 Ἀνδρα
3416 1304 3518 1356 οὐκ
3574 1303 3708 1374 ἔχω.
3754 1303 3917 1356 Πέντε

2330 1395 2439 1462 γὰρ
2469 1394 2668 1465 ἄνδρας
2713 1393 2893 1465 ἐσχες,
2925 1397 3018 1448 καὶ
3070 1394 3166 1448 νῦν
3209 1394 3267 1448 ὃν
3315 1393 3478 1464 ἔχεις,
3519 1395 3624 1458 οὑκ,
3670 1395 3788 1446 ἐστι
3828 1411 3916 1446 σου

2329 1489 2467 1556 ἁνήρ
2493 1504 2508 1519 ο
2550 1487 2708 1540 τοῦτο
2742 1487 2957 1558 ἀληθῶς
3015 1488 3264 1557 είρηκας.
3300 1487 3461 1555 Λέγει
3495 1486 3647 1556 αὐτῷ
3675 1488 3707 1556 ὴ
3745 1488 3880 1554 γυνή
3903 1503 3914 1516 ·

2331 1579 2524 1650 Κύριε,
2557 1579 2768 1649 θεωρῶ,
2799 1581 2880 1633 ὃτι
2911 1581 3200 1651 προφήτης
3223 1574 3274 1632 εἴ
3299 1578 3383 1632 σύ.
3405 1580 3468 1632 Οἱ
3489 1579 3729 1650 πατέρες
3765 1579 3917 1648 ἡμῶν

2326 1674 2383 1724 ἐν
2411 1670 2584 1743 τούτῳ
2615 1670 2690 1739 τῷ
2720 1670 2836 1743 ὄρει
2881 1670 3314 1743 προσεκύνησαν,
3352 1670 3447 1724 καὶ
3486 1671 3648 1739 ὑμεῖς
3701 1670 3914 1737 λέγετε,

2325 1765 2406 1818 ὅτι
2464 1766 2520 1816 ἐν
2569 1764 2964 1836 Ἱεροσολύμοις
3018 1765 3166 1817 ἐστὶν
3199 1767 3227 1817 ὁ
3258 1764 3441 1828 τόπος,
3467 1765 3600 1818 ὅπου
3630 1763 3711 1816 δεῖ
3746 1779 3914 1834 προσ-

2324 1857 2525 1910 κυνεῖν.
2578 1857 2742 1925 Λέγει
2775 1857 2915 1926 αὑτῇ
2946 1858 2973 1910 ὁ
3005 1856 3214 1925 Ἰησοῦς
3235 1873 3246 1888 ·
3269 1856 3457 1919 Γύναι,
3480 1856 3777 1908 πίστευσὸν
3804 1871 3912 1924 μοι,

2324 1954 2406 2005 ὅτι
2467 1951 2685 2020 ἔρχεται
2709 1949 2847 2021 ὥρα,
2889 1951 2978 2003 ὅτε
3005 1949 3125 2002 οὑτε
3159 1953 3217 2004 ἐν
3245 1950 3320 2017 τῷ
3348 1948 3466 2022 ὄρει
3489 1952 3691 2019 τούτῳ,
3716 1948 3839 2001 οὗτε
3862 1951 3915 2000 ἐν

2335 2041 2730 2113 Ἰεροσολύμοις
2767 2043 3174 2112 προσκυνήσετε
3201 2039 3278 2110 τῷ
3301 2040 3495 2111 ῐΙατρί.
3515 2040 3712 2110 Ὑμεῖς
3749 2057 3914 2107 προσ-

2326 2137 2537 2188 κυνεῖτε
2567 2135 2712 2187 ὃούκ
2759 2135 2956 2198 οἴδατε,
3024 2136 3185 2203 ἡμεῖς
3236 2132 3654 2204 προσκυνοῦμεν
3681 2132 3710 2184 ὃ
3768 2131 3911 2184 cloa-

2327 2244 2424 2296 μεν
2455 2225 2550 2297 (a).
2573 2226 2952 2293 ›-‹”Υπαγε,
2987 2224 3237 2294 φώνησόν
3263 2241 3354 2278 σου
3379 2225 3467 2276 τὸν
3490 2225 3683 2294 ἄνδρα.
3717 2241 3736 2274 ι
3763 2224 3914 2276 Ἐπεὶ

2323 2320 2432 2390 γὰρ
2491 2318 2638 2388 ἐώρα
2689 2319 2861 2386 αὐτὴν
2925 2319 3306 2389 ἐπικειμένην,
3355 2317 3498 2371 ὥστε
3568 2319 3788 2380 λαϐεῖν,
3824 2319 3913 2369 καὶ

2321 2412 2742 2479 ἀναγκάζουσαν
2773 2410 2937 2464 αὑτὸν
2989 2410 3194 2476 δοῦναι,
3221 2410 3354 2481 φησι
3391 2426 3406 2442 ο
3454 2429 3474 2462 ‹
3510 2409 3774 2478 Φώνησὸν
3825 2427 3910 2462 σου

2321 2505 2414 2558 τὸν
2449 2505 2618 2575 ἄνδρα
2656 2521 2668 2534 ·
2710 2503 2950 2556 »ὡσανεὶ
3008 2502 3445 2572 ἐνδεικνύμενος,
3494 2503 3578 2555 ὃτι
3641 2503 3910 2554 Κάκεῖνον

2323 2598 2403 2651 δεῖ
2434 2599 2688 2651 κοινωνόν
2742 2614 2823 2649 σοι
2883 2595 3137 2664 γενέσθαι
3194 2595 3294 2665 τῆς
3318 2595 3529 2666 δωρεᾶς
3573 2594 3789 2663 ταύτης
3817 2596 3906 2663 τῆς

2323 2692 2483 2761 ἐμῆς.
2512 2691 2726 2759 Ἐκείνη
2748 2690 2806 2743 δὲ
2841 2691 2953 2761 ἅμα
2988 2684 3086 2759 μὲν
3117 2689 3321 2754 λαϐεῖν,
3348 2688 3464 2760 ἅμα
3487 2688 3543 2742 δέ
3575 2689 3674 2742 καὶ
3729 2687 3910 2740 λαδεῖν

2325 2785 2650 2850 σπεύδουσα,
2681 2785 2866 2855 φησίν·
2907 2803 2924 2835 ι
2954 2785 3066 2837 Οὑκ
3085 2784 3192 2854 ἔχω
3217 2785 3403 2854 ἄνδρα.
3433 2802 3452 2836 ›
3504 2783 3565 2837 '0
3594 2784 3654 2836 δέ
3687 2782 3907 2854 Κύριος,

2322 2878 2407 2931 διὰ
2461 2875 2798 2947 προφητείας
2841 2877 3029 2930 λοιπὸν
3079 2877 3485 2930 ἀποκαλύπτων
3551 2877 3655 2945 τὴν
3705 2876 3908 2928 οἰκείαν

2240 2991 2284 3053 C
2321 2971 2576 3042 δύναμιν,
2629 2969 2756 3034 τούς
2812 2987 2870 3022 τε
2922 2970 3227 3040 προτέρους
3261 2969 3506 3039 ἀριθμεῖ,
3550 2968 3648 3022 καὶ
3691 2967 3788 3021 τὸν
3823 2966 3908 3019 νῦν

2318 3063 2766 3134 ἐγκρυπτόμενον
2789 3064 3033 3133 ἤλεγξεν.
3058 3059 3205 3134 *Λρα
3219 3062 3312 3116 οὖν
3337 3063 3703 3134 ἐδυσχέρανεν
3726 3061 3904 3129 ἐκείνη

2317 3158 2488 3212 ταῦτα
2513 3157 2798 3214 ἀκούσασα
2826 3177 2838 3224 ;
2892 3158 2922 3227 ἢ
2953 3159 3154 3227 ἀφεῖσα
3197 3158 3389 3211 τοῦτον
3415 3157 3652 3226 εφυγεν;
3679 3155 3904 3218 Οὑκούν,

2318 3254 2455 3308 ἀλλὰ
2471 3254 2798 3324 θαυμάσασα
2820 3253 3020 3322 μᾶλλον
3044 3254 3136 3307 καὶ
3169 3254 3712 3324 προσκαρτερήσασα
3736 3252 3898 3304 πλέον

2318 3345 2466 3413 λέγει
2500 3361 2514 3375 ·
2557 3363 2576 3396 ι
2620 3345 2815 3415 Κύριε,
2849 3344 3163 3416 Θεωρῶ,ὃτι
3184 3346 3473 3415 προφήτης
3498 3339 3550 3396 εἴ
3584 3344 3648 3395 σύ
3690 3360 3705 3374 ·
3740 3363 3759 3394 ι
3817 3343 3904 3396 καὶ

2317 3439 2446 3508 περὶ
2471 3437 2758 3508 δογμάτων
2782 3437 2980 3492 ἐνθέων
3009 3436 3174 3492 αὑτὸν
3211 3438 3413 3508 ἐρωτᾷ,
3437 3437 3498 3489 ού
3533 3436 3667 3506 περὶ
3715 3435 3900 3506 βιωτι-

2319 3529 2450 3596 κῶν,
2487 3524 2618 3594 οἷον,
2653 3531 2907 3600 σώματος
2933 3530 3142 3600 ὑγείας,
3173 3529 3205 3600 ἢ
3243 3529 3545 3600 χρημάτων
3571 3541 3585 3556 ⁸
3631 3527 3781 3580 οὕτω
3819 3544 3899 3595 φι-

2315 3623 2539 3692 λόσοφον
2574 3620 2717 3691 εἶχεν
2764 3624 2856 3675 καὶ
2911 3623 3086 3690 εὐφυᾶ
3140 3623 3275 3692 πρὸς
3312 3621 3513 3692 ἀρετὴν
3556 3620 3657 3690 τὴν
3703 3620 3899 3689 ψυχήν-

2318 3714 2582 3780 Ἀλλὰτί;
2621 3737 2637 3764 ι
2667 3717 2728 3767 Ol
2763 3714 2998 3784 πατέρες
3026 3715 3179 3784 ἡμῶν
3211 3715 3268 3768 ἐν
3289 3713 3366 3783 τῷ
3385 3713 3500 3784 ὄρει
3535 3712 3716 3782 τούτῳ
3738 3728 3902 3784 πρεσ-

2316 3806 2609 3876 εκύνησαν.
2667 3825 2687 3858 ι
2751 3805 2940 3858 Ταῦτα
2997 3805 3055 3858 δὲ
3104 3806 3250 3874 λέγει
3293 3805 3382 3858 δ;ὰ
3426 3805 3553 3870 τοὺς
3627 3806 3759 3875 περὶ
3815 3806 3899 3857 τὸν

2315 3899 2567 3970 Ἀϐραὰμ
2605 3916 2616 3928 ·
2659 3898 2884 3970 καὶγὰρ
2907 3900 2963 3951 ἐν
2996 3899 3192 3969 ἐκείνῳ
3219 3901 3380 3968 φασιν
3403 3898 3496 3951 ὑπ’
3529 3897 3705 3951 αὑτοῦ
3757 3899 3891 3965 ἀνη-

2313 3993 2498 4063 νέχθαι
2527 3991 2618 4044 τὸν
2652 3989 2838 4045 Ἰσαὰκ
2868 3991 2948 4052 είς
2968 3991 3182 4044 ουσίαν.
3204 3990 3314 4044 Καὶ
3338 3990 3472 4053 πῶς,
3493 3990 3680 4059 φησιν,
3712 3990 3896 4058 «ὑμεῖς

2312 4085 2497 4153 λέγετε
2533 4126 2547 4150 ,
2602 4087 2682 4138 ὄτι
2733 4086 2790 4137 ἐν
2848 4082 3246 4154 Ἱεροσολύμοις
3301 4084 3381 4137 δεῖ
3451 4085 3784 4155 προσκυνεῖν
3821 4101 3838 4149 ;
3876 4103 3891 4133 r

2314 4173 2468 4240 Εἶδες
2509 4176 2624 4240 πῶς
2655 4174 2962 4245 ὑψηλοτέρα
2993 4174 3249 4244 γέγονεν;
3305 4175 3368 4228 Ἢ
3399 4174 3508 4247 γὰρ
3556 4176 3663 4246 πρὸ
3702 4174 3896 4246 μικφῦ

2320 4269 2642 4341 μεριμνῶσα
2676 4269 2817 4339 ὑπὲρ
2843 4269 2935 4322 τοῦ
2963 4269 3036 4341 μὴ
3073 4268 3401 4322 σκύλλεσθαι
3431 4268 3519 4321 διὰ
3575 4269 3673 4321 τοῦ
3714 4269 3895 4340 διψῇν,

634 4347 812 4415 magni
841 4350 1118 4412 momenti,
1157 4350 1249 4403 sed
1304 4350 1447 4404 aliud
1491 4355 1758 4421 quoddam
1816 4358 1989 4426 majus
2016 4361 2207 4430 dogma

2318 4339 2762 4430 περιδογμάτων
2817 4339 3148 4431 ἐρωτᾷξΔιὸ
3195 4362 3598 4432 καὶὁΧριστὸς
3631 4359 3757 4414 ίδὼν
3802 4339 3896 4430 τὴν

635 4439 966 4504 manifestat,
1002 4441 1052 4493 id
1086 4442 1226 4510 quod
1260 4459 1432 4512 neque
1466 4445 1757 4503 Nicodemo
1788 4465 1964 4519 neque
2006 4451 2208 4508 Natba-

633 4531 770 4585 naeli
810 4531 1160 4586 revelaverat.
1198 4551 1216 4584 ι
1249 4534 1594 4602 Venitenim,
1633 4539 1833 4607 inquit,
1869 4544 1998 4598 hora
2035 4561 2207 4614 quan-

630 4624 696 4673 dn
731 4638 905 4690 neque
953 4626 1004 4676 in
1031 4621 1421 4696 Hierosolymis
1465 4644 1640 4697 neque
1682 4633 1734 4685 in
1769 4634 1869 4688 hoc
1926 4635 2044 4691 loco
2073 4638 2207 4692 ado-

634 4714 846 4768 rabitur
903 4715 1064 4769 Deus.
1107 4735 1125 4767 ι
1162 4717 1299 4770 Nam
1357 4729 1411 4771 tu
1476 4723 1717 4788 quidem,
1751 4725 1948 4793 inquit,
1991 4730 2208 4785 conaris

631 4807 920 4860 ostendere
977 4823 1062 4863 res
1117 4807 1582 4866 Samaritanorum
1646 4815 1916 4884 digniores
1971 4820 2058 4886 iis,
2088 4838 2206 4891 qum

630 4899 770 4968 apud
802 4899 1017 4955 Judmos
1065 4914 1295 4971 aguntur
1333 4923 1346 4958 ε
1387 4921 1486 4972 ego
1539 4918 1718 4962 autem
1773 4911 1892 4964 dico
1925 4913 2020 4967 tibi
2063 4916 2206 4984 quod

632 5007 812 5060 neque
843 4993 958 5047 hac
988 5010 1161 5064 neque
1195 4995 1280 5049 illa
1329 4999 1530 5053 habent
1565 5001 1903 5070 dignitatem,
1943 5009 2036 5061 sed
2069 5009 2204 5064 alius

629 5083 900 5151 quiSpiam
946 5095 1118 5140 status
1151 5088 1255 5140 erit
1308 5089 1412 5143 illis
1461 5091 1693 5161 dignior.
1730 5094 2118 5154 Verumtamen
2153 5110 2206 5156 et

628 5175 706 5228 sic
764 5173 980 5230 Judzeos
1034 5179 1180 5232 vobis
1241 5178 1599 5237 Samaritanis
1644 5187 1916 5256 digniores
1972 5191 2199 5248 allii-mo.

641 5280 657 5314 ι
698 5262 805 5319 Vos
860 5265 1028 5330 enim,
1054 5267 1248 5338 inquit,
1286 5275 1522 5328 adoratis
1580 5279 1721 5346 quod
1787 5282 2007 5336 nescitis
2052 5301 2063 5336 :
2102 5301 2200 5341 nos

632 5365 808 5409 autem
867 5355 1058 5425 Judazi,
1094 5363 1236 5430 quod
1261 5365 1479 5421 Scimus.
1520 5386 1537 5419 ›
1598 5369 1764 5427 Porro
1808 5375 2045 5444 seipsum
2102 5376 2196 5432 Ju-

700 5495 717 5522 '
752 5492 884 5548 Gen.
910 5511 1040 5550 χχιι.

696 5633 770 5712 (τι)
817 5633 1005 5712 ,Ὅτι-ἠ
1040 5639 1282 5707 σωτηρία
1309 5642 1394 5712 ,ἐκ
1434 5646 1540 5696 τῶν
1578 5647 1842 5702 Ἰουδαίων
1873 5651 2040 5705 ἐστίν.
2073 5653 2194 5708 Ιιιρε

627 5696 786 5754 io:th
816 5703 900 5760 hic
931 5696 1140 5776 desunt,
1174 5696 1232 5765 ’ἐι
1270 5711 1539 5781 aliquibus

2317 4453 2488 4522 αὐτῆς
2520 4453 2763 4517 σύνεσιν,
2809 4453 2968 4506 τοῦτο
3003 4453 3104 4524 μὲν
3128 4454 3188 4507 τὸ
3215 4454 3478 4525 ἀπόρημα
3504 4454 3678 4522 αὐτῆς
3704 4456 3764 4508 ού
3784 4456 3893 4508 λύει

2313 4547 2393 4619 (ού
2426 4547 2534 4616 γὰρ
2565 4542 2632 4619 ἦν
2665 4547 3176 4618 περισπούδαστον),
3205 4547 3334 4603 ἄλλο
3389 4548 3446 4601 δὲ
3476 4548 3665 4618 μεῖζον
3709 4549 3891 4616 -δόγμα

2309 4639 2710 4704 ἀποκαλύπτει,
2745 4642 2883 4711 ὅπερ
2913 4641 3033 4695 οὑδὲ
3065 4641 3386 4712 Νικοδήμῳ,
3417 4640 3541 4694 ούδέ
3597 4641 3889 4711 Ναθαναὴλ

2310 4733 2686 4802 ἀπεκάλυψεν.
2728 4735 2988 4803 Ἔρχεται
3015 4734 3146 4804 γὰρ,
3181 4734 3367 4804 φησὶν,
3401 4734 3652 4802 ὦρα,ὃτε
3681 4734 3805 4788 οὗτε
3837 4738 3888 4786 ἐν

2320 4825 2738 4896 Ἱεροσολύμοις,
2754 4825 2879 4880 οὔτε
2901 4825 3136 4880 ἐνταῦθα
3155 4827 3670 4899 προσκυνηθήσεται
3694 4831 3720 4880 ὁ
3738 4827 3886 4891 Θεὸς.

2307 4917 2379 4970 Σὺ
2415 4918 2515 4988 μέν
2544 4919 2677 4989 γὰρ,
2711 4919 2866 4987 φησὶ,
2898 4918 3224 4984 σπουδάζεις
3266 4919 3436 4984 δεῖξαι
3470 4918 3538 4972 τὰ
3573 4919 3685 4971 τῶν
3711 4921 3886 4988 Σαμα·

2309 5011 2503 5083 ρειτῶν
2534 5012 2855 5082 ἐντιμότερα
2890 5011 2998 5064 τῶν
3027 5010 3176 5080 παρὰ
3199 5012 3312 5075 τοῖς
3342 5011 3625 5074 Ἰουδαίοις
3655 5027 3669 5042 ·
3704 5009 3813 5079 ἐγὼ
3836 5011 3887 5063 ει

2305 5104 2448 5171 λέγω
2476 5121 2578 5165 σοι,
2602 5104 2681 5161 ὅτι
2713 5102 2838 5156 οὔτε
2870 5105 3064 5168 ταῦτα,
3095 5102 3218 5156 οὔτε
3240 5105 3422 5156 ἐκεῖνα
3447 5103 3633 5174 ἔχουσι
3663 5104 3726 5156 τὸ
3759 5119 3886 5173 πρε.

2311 5195 2515 5260 σὸεῖον,
2547 5196 2662 5248 ἀλλ’
2693 5197 2853 5268 ἐτέρα
2878 5214 2957 5259 τις
2988 5197 3142 5249 ἔσται
3167 5198 3525 5261 κατάστασις,
3558 5197 3884 5268 ἀμφοτέρων

2303 5291 2560 5360 ἀμείνων.
2592 5291 2733 5363 Πλὴν
2767 5293 2861 5346 καὶ
2886 5291 3028 5344 οὑτω
3056 5291 3182 5355 τοὺς
3213 5291 3506 5356 Ἰουδαίους
3528 5292 3881 5362 σεμνοτέρους

2293 5382 2406 5435 τῶν
2428 5383 2784 5454 Σαμαρειτῶν
2819 5385 2970 5456 ὑμῶν
3001 5386 3306 5455 ἀποφαίνω.
3349 5386 3540 5457 Ὑμεῖς
3568 5387 3703 5458 γὰρ,
3731 5385 3878 5457 φησι,

2303 5658 2400 5738 luis
2433 5659 2576 5738 apud
2620 5659 2877 5728 llillium;
2919 5679 3036 5736 qua:
3077 5674 3257 5722 tamen
3306 5664 3445 5722 infra
3483 5678 3868 5738 exponunt-tta

2301 5729 2725 5800 Tbeophylacto.
