4078 6330
222 328 356 395 1237

214 441 575 511 προσκυνεῖτε

209 534 458 605 οἴδαμεν.
497 530 726 584 Ἑαυτὸν
780 529 838 581 δὲ
871 532 1011 600 μετὰ
1065 528 1174 582 τῶν
1239 527 1511 581 Ἰουδαίων
1561 525 1810 596 ἀριθμεῖ,

209 627 238 679 δ
265 628 346 680 ὁτι
379 630 513 696 πρὸς
547 624 647 694 τὴν
678 623 934 678 ὑπόνοιαν
967 621 1068 692 τῆς
1091 622 1351 690 γυναικὸς
1375 619 1699 689 φθέγγεται·
1733 617 1809 680 ὡς

213 720 504 788 προφήτην
545 716 656 786 γὰρ
683 714 940 768 Ἰουδαῖον
983 713 1147 768 αὐτὸν
1183 713 1402 767 ὑπενόει
1444 711 1658 780 ἐκείνη,
1715 710 1815 763 καὶ

210 813 302 865 διὰ
328 811 484 863 τοῦτό
517 824 654 878 φησι
691 825 702 836 '
743 826 762 858 ι
813 808 1005 878 Ἡμεῖς
1040 805 1488 879 προσκυνοῦμεν.
1535 825 1554 858 ›
1593 803 1719 867 Πῶς
1757 803 1814 856 δὲ

209 906 312 956 οὒκ
367 903 589 973 ᾔδεισαν
620 902 669 954 οἱ
729 901 1073 972 Σαμαρεῖται
1127 900 1155 952 ὃ
1196 898 1608 970 προσεκύνουν;
1645 897 1814 966 Τόπῳ

209 990 624 1062 περικλείεσθαι
657 989 906 1058 ἐνόμιζον
945 989 1040 1044 τὸν
1099 987 1258 1041 Θεόν.
1301 988 1390 1041 Διὸ
1420 987 1515 1042 καὶ
1559 987 1815 1057 πέμψαν-

208 1101 323 1148 τες,
367 1085 454 1137 ὅτε
492 1083 597 1137 ὑπὸ
620 1083 727 1138 τῶν
759 1083 990 1136 λεόντων
1032 1080 1566 1152 κατεειϐρώσκοντο,
1597 1079 1672 1145 ὡς
1703 1080 1816 1134 ἄνω

207 1179 456 1248 εἴρηται,
493 1177 842 1248 ἀπήγγειλαν
877 1176 954 1245 τῷ
988 1175 1203 1247 βασιλεῖ
1234 1175 1344 1230 τῶν
1369 1175 1699 1244 ’Ᾱσσυρίων,
1735 1175 1815 1226 ὅτι

207 1273 238 1323 ὁ
263 1271 356 1323 τοῦ
391 1271 559 1323 τόπου
583 1269 715 1334 Θεὸς
749 1269 948 1331 αὐτοὺς
983 1268 1044 1320 οὐ
1081 1268 1477 1338 παραδέχεται.
1517 1265 1712 1320 Ἔνθεν
1734 1283 1817 1318 τοι

209 1362 309 1416 καὶ
335 1361 558 1431 ἔμειναν
594 1362 722 1431 ἄχρι
773 1361 972 1414 πολλοῦ
1007 1362 1101 1414 καὶ
1135 1361 1334 1415 εἴδωλα
1388 1361 1816 1432 θεραπεύοντες,

209 1453 308 1505 καὶ
335 1453 435 1506 οὐκ
466 1452 628 1505 αὑτὸν
653 1451 708 1504 δὲ
742 1453 833 1505 τὸν
863 1452 1016 1507 Θεόν.
1057 1451 1301 1505 Ἰουδαῖοι
1328 1451 1386 1504 δὲ
1439 1450 1646 1521 ταύτης
1676 1445 1818 1520 ἦσαν

209 1546 629 1617 ἀπηλλαγμένοι
669 1547 768 1617 τῆς
801 1545 1080 1609 ὑπονοίας,
1118 1545 1214 1598 καὶ
1248 1545 1383 1598 Θεὸν
1416 1544 1527 1598 τῶν
1557 1544 1816 1598 ἁπάντων

210 1641 377 1694 αὑτὸν
421 1641 664 1712 ⁴ᾔδεισαν,
710 1641 871 1693 εἶκαὶ
913 1639 990 1710 μὴ
1034 1640 1255 1703 πάντες.
1295 1656 1313 1690 ι
1346 1638 1470 1692 Ὅτι
1501 1639 1534 1706 ἠ
1566 1637 1814 1708 σωτηρία

208 1737 276 1787 ἐκ
305 1733 412 1788 τῶν
443 1733 715 1789 Ἰουδαίων
743 1733 880 1786 ἐστί.
912 1754 929 1785 ι
953 1732 1160 1802 Διπλῆν
1185 1733 1393 1786 ἔννοιαν
1412 1733 1571 1785 τοῦτο
1595 1732 1817 1785 δίδωσιν

919 325 1490 388 ENARRATIO'IN
1529 316 2042 383 EVANGEIJUM
2085 313 2434 379 JOANNIS.
2479 337 2551 346 —
2581 309 2740 371 CAP.
2785 307 2882 368 IV.

678 438 779 490 οὐκ
840 436 1020 490 οἴδατε
1044 453 1057 466 ο
1088 438 1250 507 ἡμεῖς
1278 434 1335 488 δὲ
1359 435 1409 488 οἱ
1464 432 1732 496 Ἰουδαῖοι,
1778 430 1806 482 ὃ

1928 429 2041 483 lueis
2095 433 2456 486 annumerat,
2513 437 2578 476 eo
2624 420 2772 490 qttod
2821 419 2972 488 juxta
3027 416 3340 483 opinionem
3405 434 3523 469 mu-

3383 298 3524 361 12⁸³8

1921 522 2070 576 licris
2116 519 2373 590 loquitur
2437 515 2530 569 Illa
2603 506 2751 569 enim
2797 510 3178 580 suspicabatur
3238 507 3524 562 Judaicunt

1921 614 2239 685 prophetam
2287 623 2433 674 esse,
2462 616 2518 663 et
2568 617 2854 676 prepterea
2895 603 3028 657 dicit
3061 619 3073 654 :
3116 618 3134 651 ι
3172 599 3282 654 Nos
3330 599 3527 651 adora-

1921 722 2064 761 mus.
2109 724 2128 759 ι
2189 702 2474 770 Quomodo
2537 710 2723 754 autem
2785 696 3138 751 nesciverunt
3187 689 3525 747 Samaritani

1919 800 2061 868 quod
2103 791 2620 852 adorarunt?Loco
2679 791 2947 861 putabant
2997 787 3250 843 coneludi
3302 786 3471 840 Deum
3511 802 3522 834 :

1918 893 2041 947 ideo
2065 902 2120 948 et
2156 907 2278 946 cum
2311 889 2613 951 misissent,
2651 886 2875 956 quando
2903 899 2933 938 a
2987 881 3243 937 leonibus
3294 879 3526 935 devora‘

1919 988 2141 1052 bantur,
2179 994 2423 1054 utsnpra
2457 983 2660 1037 dietum
2692 979 2853 1051 557
2885 987 2991 1044 est,
3025 987 3079 1032 et
3109 973 3529 1029 annuntiassent

1918 1081 2032 1152 regi
2073 1080 2429 1150 Assyriorum
2465 1093 2523 1132 se
2547 1091 2575 1130 a
2611 1074 2720 1149 Deo
2750 1075 2850 1129 loci
2886 1059 2988 1126 non
3005 1071 3206 1140 suscipi
3232 1089 3245 1122 :
3270 1069 3340 1123 ibi
3374 1082 3528 1120 man-

1920 1181 2112 1229 serunt
2179 1171 2349 1226 multo
2413 1179 2680 1238 tempore,
2720 1175 2770 1220 et
2805 1166 3090 1223 coluerunt
3146 1163 3308 1226 idola,
3340 1172 3527 1215 etnon

1923 1270 2106 1338 ipsum
2159 1279 2378 1335 quoque
2424 1277 2614 1320 verum
2647 1262 2842 1316 Deum.
2877 1259 3050 1315 Judtei
3089 1267 3271 1312 autem
3322 1257 3388 1310 ah
3426 1255 3530 1309 hoe

1922 1375 2112 1415 errore
2140 1359 2295 1413 liberi
2332 1358 2577 1424 luerunt,
2605 1366 2662 1412 et
2688 1355 2968 1412 sciverunt
3000 1366 3126 1408 esse
3163 1365 3330 1405 unum
3357 1349 3528 1402 Deum

1923 1455 2193 1518 omnium,
2229 1454 2448 1508 tametsi
2508 1467 2611 1507 non
2669 1465 2880 1505 omnes.
2917 1469 2937 1500 ι
2979 1447 3114 1514 Quia
3143 1444 3290 1501 salus
3325 1459 3390 1498 ex
3428 1441 3529 1495 Ju-

1921 1547 2052 1602 daeis
2099 1556 2202 1602 est.
2249 1564 2268 1598 ›
2325 1544 2603 1611 Dupliccm
2650 1534 2888 1598 sensum
2941 1541 3046 1595 hoc
3085 1537 3243 1592 nobis
3289 1537 3400 1589 dat.
3437 1534 3530 1588 Vel

1921 1643 2066 1695 enim
2103 1641 2247 1712 quod
2293 1640 2415 1695 orbi
2452 1655 2516 1694 ex
2545 1637 2748 1693 Jttdteis
2784 1639 2926 1692 bona
2951 1632 3304 1706 provenerint
3339 1646 3352 1682 :
3387 1631 3532 1684 scire

1922 1736 2068 1790 enim
2121 1734 2312 1802 Deum,
2345 1741 2400 1788 et
2448 1741 2804 1786 contemnere
2865 1730 3030 1795 idola,
3062 1726 3187 1781 inde
3238 1726 3528 1780 exordium

210 1827 463 1895 ἡμῖν.Ἦ
498 1825 604 1896 γὰρ
645 1827 730 1880 ὅτι
774 1828 840 1897 τῇ
900 1827 1199 1897 οἰκουμένῃ
1239 1825 1309 1878 τὰ
1345 1823 1530 1892 ἀγαθὰ
1587 1824 1651 1876 ἐκ
1706 1823 1816 1876 τῶν

1928 1827 2195 1892 habuere,
2233 1826 2450 1897 aliaque
2479 1826 2665 1882 omnia
2694 1838 2825 1879 sana
2854 1823 3111 1893 dogmata
3146 1838 3158 1874 :
3194 1820 3359 1874 etiam
3412 1819 3528 1888 ipsa

224 1918 501 1973 Ἰουδαίων
548 1903 742 1987 Ῠέγονε
798 1919 879 1988 (τὸ
918 1920 1030 1990 γὰρ
1088 1919 1289 1972 εἰδέναι
1321 1917 1477 1981 Θεὸν,
1506 1921 1601 1970 καὶ
1641 1935 1815 1972 κατα-

210 2008 507 2077 γινώσκειν
533 2009 788 2074 εἰδώλων,
824 2010 1038 2063 ὲκεῖοεν
1068 2010 1166 2082 τὴν
1219 2009 1395 2080 ἀρχὴν
1423 2009 1572 2079 ἔσχε,
1597 2011 1692 2062 καὶ
1749 2009 1817 2062 τὰ

208 2101 350 2156 ἄλλα
383 2103 560 2156 πάντα
598 2104 867 2173 δόγματα,
895 2105 994 2156 καὶ
1021 2103 1152 2156 αὐτὸ
1180 2103 1236 2156 δὲ
1253 2102 1413 2156 τοῦτο
1442 2103 1620 2172 τὸτῆς
1648 2119 1820 2174 προσ-

211 2195 494 2264 κυνήσεως
526 2197 656 2266 παρ’
689 2198 828 2267 ἡμῖν
855 2196 930 2267 (α)
960 2198 1072 2258 τοῖς
1105 2196 1503 2266 Σαμαρείταις,
1526 2196 1575 2249 εἰ
1607 2198 1702 2249 καὶ
1741 2197 1816 2268 μὴ

208 2285 414 2355 ὀρθῶς,
444 2288 551 2341 ἀπὸ
584 2289 715 2358 γοῦν
742 2289 850 2341 τῶν
883 2288 1156 2342 Ἰουδαίων
1210 2290 1310 2358 τὴν
1366 2290 1544 2359 ἀρχὴν
1604 2290 1811 2360 ἔσχεν)·

1923 1921 2196 1985 adoratio,
2231 1936 2351 1991 quae
2407 1921 2550 1990 apud
2584 1935 2680 1974 vos
2709 1917 3111 1980 Samaritanos,
3140 1915 3362 1970 tametsi
3419 1928 3527 1965 non

1923 2024 2071 2068 recta
2100 2013 2286 2076 fuerit,
2321 2013 2576 2068 aludaeis
2614 2012 2884 2081 originem
2943 2009 3096 2063 duxit
3135 2026 3148 2063 :
3185 2006 3266 2062 vel
3295 2005 3528 2062 salutem

1925 2106 2176 2161 nominat
2230 2121 2388 2161 suum
2437 2107 2754 2172 adventum,
2795 2103 2885 2174 qui
2924 2117 2990 2157 ex
3037 2101 3235 2156 Judaeis
3279 2098 3398 2152 fuit.
3431 2097 3532 2152 Po-

1923 2209 2028 2256 test
2062 2209 2242 2256 autem
2288 2212 2342 2256 et
2381 2201 2643 2255 Dominus
2666 2200 2782 2270 ipse
2819 2197 2928 2252 diei
2960 2196 3128 2262 salus,
3157 2193 3282 2264 quia
3328 2209 3393 2249 ex
3428 2190 3528 2247 Ju-

1927 2291 2059 2345 daeis
2094 2291 2196 2345 fuit
2225 2292 2524 2345 secundum
2557 2306 2806 2345 carnem.

210 2383 248 2458 ἢ
285 2385 554 2453 σωτηρίαν
585 2386 684 2456 τὴν
723 2385 929 2438 οἰκείαν
964 2385 1272 2455 παρουσίαν
1297 2384 1582 2455 ὀνομάζει,
1617 2385 1740 2456 ἥτις
1781 2387 1847 2438 ὲκ
1886 2384 1998 2438 τῶν
2048 2387 2322 2440 Ἰουδαίων
2379 2387 2626 2456 γέγονεν.
2660 2387 2819 2440 Ἔστι
2848 2385 2906 2439 δὲ
2937 2384 3031 2438 καὶ
3065 2382 3231 2437 αὑτὸν
3285 2382 3378 2436 τὸν
3417 2379 3532 2434 Κύ-

214 2497 337 2552 ριον
369 2479 643 2550 σωτηρίαν
691 2478 904 2549 νοῆσαι,
939 2477 996 2538 ὃς
1026 2477 1244 2546 ἐγένετο
1292 2479 1356 2532 ὲκ
1383 2477 1496 2531 τῶν
1540 2478 1816 2532 Ἰουδαίων
1853 2479 1913 2531 τὸ
1945 2479 2089 2534 κατά
2122 2481 2324 2552 σάρκα.

296 2590 314 2621 ‹
369 2570 505 2626 Ἀλλ’
533 2570 755 2641 ἔρχεται
783 2567 926 2640 ὥρα,
965 2570 1060 2622 καὶ
1113 2567 1209 2622 νῦν
1254 2568 1425 2634 ἔστιν,
1456 2569 1545 2622 ὅτε
1571 2571 1620 2624 οἱ
1672 2568 1808 2640 ἀλη-

213 2663 358 2717 θινοὶ
422 2661 804 2732 προσκυνηταὶ
866 2662 1317 2734 προσκυνήσουσι
1379 2660 1458 2731 τῷ
1523 2661 1697 2732 Πατρὶ
1754 2662 1812 2714 ὲν

209 2757 489 2826 πνεύματι
525 2757 618 2810 καὶ
645 2756 910 2827 ἀληθείαο
943 2758 1040 2810 καὶ
1065 2757 1172 2828 γὰρ
1232 2758 1258 2809 ὁ
1293 2755 1484 2827 Πατὴρ
1532 2755 1812 2821 τοιούτους

212 2853 374 2921 ζητεῖ
399 2852 524 2914 τοὺς
584 2851 1034 2920 προσκυνοῦντας
1085 2852 1268 2904 αὐτόν.
1304 2850 1532 2920 Πνεῦμα
1586 2852 1615 2904 ὁ
1657 2850 1812 2916 Θεὸς,

213 2944 313 2996 καὶ
344 2944 468 3006 τοὺς
494 2942 935 3013 προσκυνοῦντας
967 2943 1152 3007 αὑτὸν,
1183 2943 1241 2994 ἐν
1260 2942 1534 3010 πνεύματι
1565 2941 1661 2993 καὶ
1687 2942 1820 3010 ἀλη-

217 3037 345 3106 θεία
377 3036 456 3089 δεῖ
490 3039 839 3104 προσκυνεῖν.
888 3056 905 3088 I
942 3035 1003 3089 Εἰ
1037 3037 1130 3090 καὶ
1166 3035 1330 3088 πλέον
1358 3035 1515 3105 ὑμῶν
1567 3034 1676 3088 τῶν
1707 3035 1816 3087 Σα-

221 3129 506 3199 μαρειτῶν
539 3128 736 3199 ἔχομεν
788 3131 947 3200 ἡμεῖς
991 3131 1039 3182 οἱ
1087 3131 1336 3184 Ἰουδαῖοι
1391 3130 1470 3202 τῷ
1503 3130 1690 3202 τρόπῳ
1719 3131 1817 3201 τῆς

215 3224 674 3290 προσκυνήσεως,
733 3222 869 3275 ἀλλὰ
930 3223 1024 3274 καὶ
1059 3223 1128 3276 τὰ
1183 3224 1290 3276 τῶν
1359 3225 1632 3279 Ἰουδαίων
1663 3225 1820 3287 τέλος

213 3316 332 3380 ἕξει
367 3315 565 3367 λοιπόν
617 3315 693 3367 Οὐ
747 3316 856 3387 γὰρ
888 3317 955 3368 τὰ
1004 3317 1114 3370 τῶν
1173 3318 1356 3371 τόπων
1413 3319 1822 3390 άμειφϐήσεται

219 3402 580 3474 μόνον,ἀλλὰ
614 3408 709 3460 καὶ
741 3409 810 3461 τὰ
844 3410 940 3462 τοῦ
1002 3412 1210 3480 τρόπου
1268 3413 1362 3481 τῆς
1395 3412 1654 3483 λατρείας
1683 3430 1696 3443 ·
1727 3413 1822 3467 καὶ

214 3499 400 3552 ταῦτα
429 3500 524 3553 ἐπὶ
555 3499 751 3570 Θύραις
781 3502 1074 3571 ἐφέστηκε,
1115 3504 1205 3555 καὶ
1231 3502 1326 3556 νῦν
1364 3504 1513 3558 ἔστιν
1540 3520 1552 3532 ·
1592 3505 1653 3557 οὐ
1686 3505 1819 3574 γὰρ,

215 3592 294 3656 ὡς
326 3591 395 3645 τὰ
434 3591 588 3663 παρὰ
644 3591 755 3645 τῶν
791 3595 1094 3664 προφητῶν
1149 3597 1442 3666 εἰρημένα,
1504 3598 1820 3668 παρᾶτασιν

218 3687 482 3756 χρονικὴν
510 3685 794 3755 λήψονται.
834 3687 1148 3756 Ἀληοινοὺς
1173 3688 1228 3742 δὲ
1254 3692 1639 3761 προσκυνητὰς
1688 3709 1761 3760 φη
1774 3709 1820 3743 σι

217 3777 351 3840 τοὺς
404 3777 548 3832 κατὰ
583 3779 675 3833 τὸν
723 3779 891 3833 αὑτοῦ
940 3783 1106 3852 νόμον
1137 3783 1612 3854 πολιτευομένους,
1667 3784 1716 3837 οἳ
1758 3785 1820 3837 οὐ

216 3877 374 3944 τιττῳ
428 3873 802 3943 περικλείουσι
853 3874 946 3928 τὸν
997 3876 1154 3941 Θεὸν,
1191 3877 1265 3940 ὡς
1301 3879 1348 3929 οἱ
1380 3879 1745 3949 Σαμαρεῖται,
1789 3879 1820 3949 ἢ

219 3966 453 4037 λατρεία
476 3966 875 4038 θεραπεύουσιν
911 3968 1074 4020 αὑτὸν
1101 3973 1416 4041 σωματικῇ,
1440 3972 1516 4034 ὡς
1551 3972 1820 4036 Ἰουδαῖοι,

219 4057 342 4112 ἀλλ’
400 4061 458 4110 ὲν
497 4058 774 4129 πνεύματι
815 4061 911 4113 καὶ
966 4061 1218 4134 ἀληθείᾳ,
1273 4063 1523 4116 τουτέστι
1577 4064 1665 4118 διὰ
1720 4064 1822 4132 τῆς

216 4149 424 4219 ψυχῆς,
465 4150 553 4204 διὰ
587 4153 687 4220 τῆς
716 4149 811 4203 τθῦ
847 4151 966 4214 νοδς
1002 4153 1402 4223 καθαρότητος.
1449 4155 1604 4208 Ἐπεὶ
1647 4156 1756 4228 γὰρ
1795 4160 1822 4210 ὁ

220 4243 358 4307 Θεὸς
392 4243 612 4314 πνεῦμά
667 4247 808 4311 ἐστι,
847 4249 1130 4301 τουτέστιν
1172 4247 1488 4318 ἀσώματος,
1547 4251 1630 4304 δεῖ
1657 4251 1823 4304 αὐτὸν

223 4341 558 4409 προσκυνεῖν
613 4341 945 4409 ὰσωμέιτως,
983 4342 1010 4394 ὃ
1060 4341 1175 4394 ἔστι
1224 4344 1364 4395 κατὰ
1416 4343 1616 4414 ψυχήν.
1651 4344 1823 4396 Τοῦτο

221 4427 455 4512 γὰρρδιὰ
478 4428 592 4494 τοῦ,
638 4449 655 4480 ι
713 4431 770 4482 ἐν
801 4431 1099 4501 πνεύματι,
1140 4450 1157 4482 I
1211 4432 1396 4503 δηλοῖ·
1441 4435 1535 4487 καὶ
1565 4441 1675 4504 γάρ
1728 4434 1824 4487 καὶ

224 4515 473 4590 πνεῦμα,
537 4523 629 4575 καὶ
689 4522 984 4593 ἀσώματον
1021 4527 1054 4594 ἡ
1115 4525 1284 4596 ψυχή.
1334 4525 1491 4580 Ἐπεὶ
1545 4528 1599 4580 δὲ
1637 4528 1818 4580 πολλοὶ

1937 4536 2136 4589 habent
2171 4534 2482 4597 scientiam,
2517 4533 2660 4588 sicut
2703 4532 2945 4587 haeretici
2989 4550 3001 4585 :

222 4610 448 4665 δοκοῦσι
483 4613 582 4680 μὲν
609 4613 773 4668 αὑτὸν
809 4619 1136 4684 προσκυνεῖν
1173 4617 1317 4670 κατά
1344 4618 1546 4689 ψυχὴν,
1594 4619 1696 4672 οὐκ
1728 4620 1825 4687 ὀρ-

220 4706 329 4776 θὴν
358 4705 415 4758 δὲ
455 4706 614 4770 δόξαν
658 4707 787 4779 περὶ
810 4707 978 4762 αὑτοῦ
1021 4709 1262 4780 ἔχουσιν,
1313 4711 1390 4774 ὡς
1423 4712 1472 4764 oi
1530 4713 1822 4782 αἱρετικοὶ,

223 4798 316 4851 διὰ
343 4797 500 4851 τοῦτο
534 4800 845 4870 προσέθηκε
894 4802 976 4854 τὸ.
1022 4822 1038 4853 t
1108 4804 1165 4854 ἐν
1212 4802 1466 4874 ἀληθείᾳ.
1528 4822 1545 4855 ι
1586 4805 1676 4856 Δεῖ
1713 4804 1824 4874 γὰρ

229 4891 330 4943 καὶ
362 4891 502 4944 κατὰ
535 4891 660 4944 νοῦν
702 4895 1032 4963 προσκυνεῖν
1054 4894 1132 4963 τῷ
1160 4894 1302 4963 Θεῷ,
1332 4895 1470 4948 ἀλλὰ
1509 4897 1602 4949 καὶ
1643 4895 1820 4966 ἀληθῆ

224 4985 391 5050 δὸξαν
418 4985 545 5055 περὶ
575 4985 739 5038 αὑτοῦ
766 4985 932 5056 ἔχειν.
960 4989 1115 5058 Τάχα
1139 4988 1193 5040 δέ
1222 5005 1305 5051 τις
1349 4990 1486 5060 ἐρεῖ,
1515 4990 1598 5042 ὅτι
1637 4990 1706 5044 τὰ
1729 4990 1824 5043 δύο

227 5081 329 5146 της
369 5078 495 5155 xa0_'
526 5079 673 5148 ἡμᾶς
708 5080 1030 5150 φιλοσοφίας
1060 5077 1295 5135 ὲνταῦῦα
1321 5082 1461 5154 μέρη
1499 5084 1819 5151 αἰνίττεται,

225 5171 431 5241 πρᾶξιν
456 5172 602 5241 λέγω
630 5173 725 5226 καὶ
766 5174 1021 5245 Θεωρίαν,
1073 5175 1158 5228 διὰ
1190 5175 1298 5228 τῶν
1339 5177 1434 5230 δύο
1461 5177 1666 5230 τούτων
1690 5193 1701 5206 ο
1734 5177 1823 5231 διὰ

227 5266 336 5335 μὲν
370 5264 488 5329 τοῦ,
528 5284 546 5317 ι
587 5268 644 5319 ὲν
676 5268 969 5337 πνεύματι,
1002 5269 1098 5322 »τὸ
1123 5270 1448 5340 πρακτικόν.
1493 5270 1682 5325 «Ὅσοι
1714 5273 1824 5340 γὰρ

224 5357 505 5426 πνε’²υ.ατι
535 5359 672 5412 Θεοῦ
727 5361 973 5429 ἄγονται,
1009 5363 1103 5425 τὰς
1136 5363 1367 5434 πράξεις
1418 5362 1513 5417 τοῦ
1569 5365 1823 5433 σώματος

225 5450 577 5512 οανατοῦσι,›
613 5453 757 5506 κατὰ
793 5453 884 5508 τὸν
905 5454 1048 5508 θεῖον
1093 5456 1424 5510 ’Λπόστολον
1448 5471 1463 5489 ο
1496 5459 1591 5510 καὶ
1632 5457 1817 5513 πάλιν·

230 5563 252 5600 ς
307 5546 372 5598 Ἢ
405 5545 563 5616 σὰρξ,
622 5546 881 5618 ἐπιθυμεῖ
925 5551 1070 5604 κατὰ
1129 5551 1222 5604 τοῦ
1267 5551 1621 5621 πνεύματος·
1654 5552 1715 5605 τὸ
1766 5551 1822 5605 δὲ

301 5703 322 5735 ³
359 5703 514 5758 lion).
549 5723 666 5774 VIII,
698 5709 781 5763 Η.
867 5718 880 5738 ”
919 5710 1036 5764 (ιιι.
1073 5728 1120 5768 ν,
1161 5710 1241 5765 17.

302 5827 380 5897 (ιι)
429 5827 586 5899 ’ίΙμῖν
612 5844 711 5900 pro
745 5831 894 5901 ὑμῖν.

1992 2570 2277 2636 Vens.23,
2334 2572 2427 2629 21.
2466 2590 2485 2624 ι
2553 2571 2660 2627 Sed
2709 2571 2858 2625 venit
2926 2571 3082 2638 ltora,
3126 2580 3181 2625 et
3230 2585 3373 2625 nunc
3421 2579 3527 2623 est.

1914 2666 2136 2732 quando
2168 2665 2280 2719 veri
2306 2666 2631 2718 adoratores
2657 2661 3204 2716 adorabuntPatrcm
3239 2662 3288 2714 in
3329 2661 3525 2730 spiritu

1917 2774 1981 2814 ac
2012 2760 2261 2815 veritate.
2302 2759 2436 2813 Nam
2464 2767 2518 2814 et
2569 2758 2728 2812 Pater
2775 2756 2912 2812 tales
2941 2758 3136 2825 quazrit
3166 2755 3259 2824 qui
3299 2756 3531 2810 adorent

1920 2852 2119 2922 ipsum.
2153 2850 2392 2921 Spiritus
2449 2860 2531 2906 est
2583 2849 2748 2915 Deus,
2779 2859 2836 2906 et
2869 2865 2962 2904 eos
2989 2849 3081 2919 qui
3114 2850 3346 2903 adorant
3382 2862 3532 2910 eum,

1927 2945 1982 2999 in
2012 2946 2206 3015 spiritu
2267 2960 2331 3000 ac
2368 2946 2603 3000 veritate
2667 2951 2885 3014 oportet
2921 2943 3174 2997 adorare.
3213 2961 3230 2993 ›
3272 2940 3536 3007 Quamvis

1933 3054 2032 3093 nos
2060 3037 2256 3106 Judmi,
2292 3048 2554 3109 quantum
2587 3040 2653 3093 ad
2682 3037 2902 3091 modum
2948 3035 3285 3090 adorationis
3315 3034 3530 3094 attinet,

1930 3131 2052 3200 plus
2087 3131 2390 3187 habeamus
2441 3146 2605 3201 quam
2663 3145 2761 3186 vos
2793 3130 3150 3194 Samaritani,
3203 3137 3440 3181 attamen
3480 3138 3536 3181 et

1928 3243 2016 3283 res
2045 3227 2356 3282 Judaeorum
2395 3241 2539 3280 nunc
2567 3226 2728 3280 linem
2764 3225 3030 3279 habitura:
3065 3231 3212 3278 sunt.
3253 3222 3367 3275 Non
3389 3223 3534 3276 enim

1928 3323 1982 3377 in
2023 3323 2158 3378 solis
2194 3323 2328 3377 locis
2357 3325 2586 3376 mutatio
2618 3322 2748 3386 erit,
2781 3321 2876 3376 sed
2901 3329 2953 3374 ct
2988 3318 3180 3374 modus
3214 3319 3424 3373 colendi
3455 3317 3535 3371 al-

1929 3419 2195 3471 terabitur
2229 3435 2243 3471 :
2273 3426 2327 3470 et
2352 3417 2466 3471 lure
2499 3417 2552 3471 in
2589 3415 2796 3471 foribus
2831 3422 2977 3480 sunt,
3008 3423 3062 3467 et
3097 3429 3241 3466 nunc
3267 3423 3350 3466 est
3377 3415 3534 3464 hora.

1928 3510 2046 3564 Non
2079 3510 2222 3564 enim
2259 3510 2402 3566 sicut
2431 3525 2492 3563 ea
2534 3524 2657 3578 qua:
2707 3522 2737 3562 a
2773 3507 3056 3576 prophetis
3091 3507 3231 3561 dicta
3290 3507 3342 3560 in
3410 3506 3536 3559 los:-

1928 3615 2054 3671 gum
2090 3611 2300 3670 tempus
2353 3600 2702 3657 dilTerentur.
2763 3598 2932 3654 Veros
2977 3607 3162 3654 autem
3217 3598 3537 3653 adoratores

1930 3693 2062 3747 dicit
2095 3707 2193 3748 eos
2250 3692 2343 3760 qui
2393 3694 2696 3748 secundum
2749 3690 2921 3760 ipsius
2975 3691 3149 3760 legent
3185 3688 3396 3753 vivunt,
3441 3690 3534 3759 qui

1929 3802 2036 3839 non
2079 3785 2197 3838 loco
2220 3784 2402 3853 aliquo
2433 3784 2716 3838 includunt
2751 3781 2919 3837 Deum
2967 3784 3110 3837 sicut
3173 3780 3530 3845 Samaritani,

1931 3877 2012 3931 vel
2045 3878 2191 3931 cultu
2231 3877 2415 3930 colunt
2444 3875 2743 3947 corporali,
2779 3877 2921 3931 sicut
2961 3871 3133 3930 Judaei
3172 3872 3189 3927 ἐ
3216 3874 3312 3930 sed
3340 3873 3538 3943 Spiritu

1927 3981 1984 4026 et
2053 3972 2301 4038 veritate,
2368 3971 2469 4026 hoc
2506 3979 2609 4030 est,
2662 3985 2761 4041 per
2806 3971 3066 4034 animam,
3100 3985 3196 4038 per
3244 3969 3539 4038 puritatrnt

1931 4064 2148 4120 mentis.
2186 4064 2322 4132 Quia
2355 4065 2503 4119 enim
2535 4063 2678 4119 Deus
2702 4062 2928 4134 spiritus
2952 4071 3056 4131 est,
3087 4065 3193 4118 hoc
3226 4073 3314 4116 est
3353 4063 3539 4117 ineor-

1932 4172 2152 4226 poreus,
2189 4168 2404 4228 oportet
2430 4159 2608 4228 ipsum
2656 4158 2889 4212 adorare
2914 4157 3360 4226 incorporaliter,
3387 4160 3536 4210 νίιιιιη

1930 4251 2057 4306 licet
2099 4253 2148 4306 itt
2179 4251 2381 4305 anima.
2414 4249 2528 4307 Hoc
2564 4253 2710 4307 enim
2747 4251 3041 4320 signiﬁcat,
3071 4252 3122 4303 in
3156 4250 3374 4319 spiritu.
3405 4253 3536 4303 lite-

1933 4348 2041 4400 nitu
2077 4347 2254 4401 anima
2280 4347 2504 4416 Spiritus
2528 4356 2611 4402 est
2639 4347 3019 4415 incorporeus.
3056 4347 3324 4411 Quoniam
3358 4355 3539 4397 autem

1935 4441 2087 4493 multi
2123 4440 2374 4493 videntur
2400 4441 2632 4495 adorare
2658 4439 2708 4494 in
2741 4441 2946 4502 anima,
2981 4455 3086 4492 non
3120 4449 3302 4492 tamen
3332 4447 3537 4493 ret-Iam

3048 4533 3170 4585 ideo
3216 4531 3446 4594 :tdtlitlil,
3486 4544 3539 4582 rt

1935 4627 1988 4680 in
2033 4627 2283 4680 veritate.
2321 4625 2549 4694 Oportet
2587 4624 2809 4678 enimet
2839 4631 3022 4678 mente
3064 4625 3298 4675 adorare
3343 4620 3535 4685 Deum,

1933 4729 1986 4773 et
2014 4733 2204 4772 sanant
2241 4718 2556 4789 Opinionem
2585 4718 2653 4773 tle
2700 4719 2820 4787 ipso
2852 4715 3078 4770 habere.
3118 4713 3398 4769 Fortassis
3431 4732 3499 4766 an
3521 4745 3533 4755 -

1931 4821 2042 4866 tem
2077 4812 2348 4881 quispiam
2377 4811 2541 4878 dicet,
2577 4812 2720 4880 quod
2755 4810 2875 4864 dute
2901 4817 3084 4878 partes
3114 4818 3316 4861 nostrae
3353 4806 3535 4876 philm

1933 4905 2139 4973 Sophia:
2166 4903 2252 4957 llic
2277 4903 2646 4964 insinuentur,
2679 4902 2866 4970 praxis
2901 4901 3027 4954 dico
3053 4911 3109 4954 el.
3139 4899 3537 4968 contemplatio

1935 5013 2031 5067 per
2070 4999 2176 5051 duo
2212 4997 2332 5051 ista.
2372 4994 2505 5049 Nam
2527 5011 2651 5051 cum
2689 4995 2842 5059 dicit,
2887 4995 2970 5048 tiu
3014 4994 3266 5063 spiritu,»
3297 4995 3539 5064 practice

1936 5091 2184 5146 docetur.
2225 5109 2242 5142 ι
2279 5089 2607 5160 Quicunque
2636 5092 2783 5144 enim
2811 5090 3010 5160 Spiritu
3037 5087 3132 5143 Dei
3170 5099 3405 5159 aguntur
3433 5087 3476 5152 ⁸,
3514 5107 3532 5139 ι

1934 5199 2101 5254 opera
2145 5183 2389 5252 corporis
2421 5183 2755 5238 Inortilicattt
2783 5183 3083 5238 secundum
3115 5182 3361 5236 divinum
3390 5181 3538 5249 Apo-

1935 5278 2157 5342 stolum,
2212 5277 2278 5332 Et
2318 5279 2513 5333 iterum
2562 5295 2575 5332 :
2627 5296 2645 5328 ι
2700 5279 2842 5332 Caro
2881 5277 3224 5348 concupiscit
3272 5277 3537 5330 adversus

1935 5370 2213 5437 spiritum,
2250 5371 2477 5442 spiritus
2511 5381 2693 5428 autem
2730 5384 2920 5426 contra
2968 5385 3190 5425 carnem
3222 5373 3261 5421 ⁵.
3296 5385 3315 5421 ›
3359 5369 3422 5423 Et
3463 5370 3535 5422 ita

1935 5463 2174 5531 prattice
2236 5464 2542 5520 insinuatur
2588 5481 2681 5536 per
2728 5465 2830 5519 hoc
2881 5464 3026 5533 quod
3066 5463 3220 5526 dicit,
3267 5482 3283 5513 ι
3319 5461 3372 5515 in
3418 5462 3534 5529 Spi-

1935 5559 2061 5610 ritu.
2107 5572 2123 5607 t
2157 5554 2260 5612 Per
2290 5557 2392 5614 hoc
2427 5565 2607 5614 autem
2641 5558 2785 5627 quod
2815 5555 3016 5610 dicitur
3055 5573 3073 5606 ι
3125 5553 3176 5608 in
3219 5553 3468 5614 veritate,
3508 5571 3526 5604 ι
