4078 6330
567 279 715 343 1243

1412 282 1992 351 THEOPHYLACTI
2039 283 2135 349 BU
2146 289 2286 349 LGA
2300 289 2344 348 Β
2359 289 2373 346 l
2389 290 2451 348 5E
2493 287 2848 349 ARCHIEP.

3689 277 3822 348 12H

567 397 703 461 live;
756 395 874 458 sed,
914 415 930 445 ι
977 395 1242 466 Numquid
1285 398 1370 453 hic
1421 411 1504 453 est
1544 401 1834 455 Christus?
1898 421 1914 454 ι
1955 404 2138 456 volens

2249 420 2360 455 νον.
2405 403 2480 454 Οὐ
2513 401 2662 468 λέγει
2699 399 2776 465 δὲ,
2818 399 2899 451 ὅτι
2941 390 3110 460 Οῦτός
3147 397 3295 449 ἐστιν
3331 395 3358 448 6
3385 394 3643 465 Χριστδς,
3685 397 3817 446 ἀττα-

563 487 731 540 etiam
764 486 882 540 illos
935 488 1441 554 calculntnaddere,
1488 503 1541 546 et
1587 492 1772 547 facere
1825 509 2132 548 sermOnem

561 579 774 633 creditn
808 577 1127 634 faciliorem.
1163 581 1372 635 Etctiim
1407 585 1449 638 si
1485 584 1809 640 affirmasset
1839 588 1984 639 hunc
2014 603 2134 640 esse

564 670 864 731 Christum,
899 669 1143 725 fortassis
1183 671 1500 741 refugissent
1554 677 1772 745 quidam
1809 679 2133 730 sententiam

564 760 700 826 ejus,
753 776 926 828 neque
957 771 1060 814 tam
1095 762 1384 818 diffamatze
1424 767 1802 821 credidissent.
1846 767 2133 823 intellexe-

565 859 688 902 runt
716 863 897 904 autem
930 853 1143 921 quidam
1171 854 1331 924 τιθῦ
1367 871 1460 922 per
1489 857 1729 926 quinque
1762 860 1906 914 viros
1949 860 2136 913 Sama-

562 943 775 1006 ritanze,
803 945 1038 1011 quinque
1069 946 1233 998 libros
1267 947 1423 1011 Mosi,
1453 964 1588 1016 quos
1618 951 1761 1005 solos
1793 951 2132 1005 Samaritana

565 1033 860 1100 recipiebat
893 1034 994 1103 (α).
1042 1053 1059 1085 ι
1101 1037 1268 1100 Quem
1295 1049 1473 1093 autem
1527 1057 1669 1097 nunc
1702 1045 1888 1107 habes,
1931 1064 1948 1095 ι
1980 1045 2132 1108 dicit,

567 1125 666 1175 hoc
698 1133 802 1183 est.
835 1125 1061 1178 verbum
1098 1142 1299 1191 meum,
1339 1132 1481 1197 quod
1506 1147 1648 1185 nunc
1692 1149 1721 1185 a
1782 1150 1864 1186 me
1908 1135 2132 1204 accipis,

569 1231 586 1262 ι
631 1229 732 1267 non
756 1225 839 1269 est
872 1218 1122 1281 virtuus.
1170 1237 1188 1268 ι
1230 1219 1475 1273 Nondum
1508 1224 1650 1274 enim
1708 1223 1997 1292 conjuncta
2029 1226 2124 1279 fui-

567 1303 657 1369 Sli,
704 1304 876 1372 inquit
937 1304 1112 1373 Jesus,
1152 1324 1282 1362 mete
1340 1311 1618 1367 doctrinte.
1687 1314 1892 1368 Dixerit
1953 1327 2132 1370 autem

565 1396 688 1461 quis
728 1397 1122 1451 Samaritanam
1147 1414 1335 1470 gerere
1384 1411 1564 1472 typum
1619 1407 1870 1460 humanae
1904 1423 2131 1462 naturai.

566 1483 766 1539 Natura
808 1488 950 1541 enim
982 1501 1162 1543 nostra
1191 1492 1316 1544 olim
1344 1496 1557 1561 quidem
1597 1495 1646 1549 in
1687 1506 1868 1552 monte
1913 1499 2128 1554 habita-

565 1577 676 1644 bat,
710 1589 886 1632 mente
916 1579 1125 1635 scilicet
1149 1583 1302 1650 plena
1337 1586 1521 1654 gratia:
1548 1588 1764 1643 divinm.
1793 1588 1927 1643 Nam
1956 1592 2135 1661 prius-

565 1689 724 1738 quam
751 1685 998 1742 peccaret
1021 1678 1215 1742 Adam,
1244 1680 1498 1735 omnibus
1521 1683 1718 1736 divinis
1761 1694 1985 1739 ornatus
2016 1695 2138 1740 erat

566 1765 743 1819 donis.
776 1766 905 1819 Erat
949 1769 1090 1821 enim
1150 1781 1203 1823 ct
1249 1773 1530 1840 pmpheta.
1573 1773 1722 1829 Unde
1768 1787 1822 1830 et
1868 1792 1896 1830 a
1944 1793 2134 1834 somno

565 1860 976 1925 expergefactus
1021 1863 1268 1928 prtedixit
1313 1866 1377 1916 de
1420 1863 1745 1920 formatione
1803 1867 2042 1924 mulieris
2083 1881 2136 1924 et

567 1947 878 2002 habitudine
909 1951 1007 2002 viri
1033 1966 1158 2021 erga
1191 1953 1357 2015 illam,
1395 1956 1716 2024 dicebatque
1750 1976 1762 2011 :
1802 1977 1819 2009 ι
1851 1957 1963 2015 Hoc
1988 1977 2133 2017 nunc

568 2053 630 2091 os
657 2055 719 2092 ex
760 2041 975 2095 ossibus
997 2045 1149 2110 meis,
1181 2057 1262 2099 tet
1297 2045 1522 2116 Ptopter
1558 2047 1656 2102 hoc
1685 2049 1952 2119 relinquet
1977 2054 2137 2108 homo

567 2140 774 2200 patrem
828 2148 983 2186 suum
1024 2145 1076 2188 et
1116 2148 1340 2190 matri-tn
1383 2141 1440 2190 ’³.
1493 2161 1510 2192 ι
1554 2141 1782 2196 Proinde
1836 2153 1961 2198 tunc
2023 2155 2139 2199 erat

569 2234 754 2278 natura
798 2237 978 2280 nostra
1011 2227 1062 2281 in
1124 2232 1340 2284 excelso
1406 2244 1586 2286 monte
1633 2237 1850 2294 mentis.
1910 2237 2016 2293 Sed
2049 2241 2137 2293 ubi

565 2312 788 2367 offendit
846 2314 1034 2380 Deum,
1087 2318 1316 2373 abducta
1367 2331 1450 2375 est
1507 2325 1743 2391 captiva,
1789 2337 1842 2381 et
1890 2338 2136 2384 sanctum

565 2403 782 2469 quidem
811 2419 992 2459 semen
1024 2408 1160 2473 ejus,
1189 2426 1402 2465 onmem
1434 2414 1752 2470 diviniorem
1782 2418 1904 2472 dico
1933 2421 2138 2491 cogita-

566 2491 788 2556 tionem,
817 2495 1061 2552 diabolus
1101 2502 1369 2568 captivam
1433 2504 1482 2557 in
1516 2504 1846 2575 Babylonem
1896 2511 2016 2564 inde
2045 2513 2139 2568 ab-

567 2584 742 2645 duxit,
783 2585 884 2640 hoc
930 2597 1033 2654 est,
1079 2591 1131 2644 in
1199 2591 1568 2650 confusionem
1612 2599 1773 2668 hujus
1830 2603 2035 2667 mundi,
2084 2614 2139 2658 et

569 2689 666 2741 pro
702 2677 783 2730 eis
839 2678 1142 2734 inhabitare
1199 2681 1319 2736 fecit
1389 2687 1706 2745 barbaricas
1756 2694 2136 2762 cogitationes,

569 2778 704 2831 quas
731 2765 935 2832 leoaes,
958 2769 1110 2822 bonae
1136 2772 1339 2826 scilicet
1364 2779 1743 2847 cogitationes,
1775 2797 1895 2850 qua:
1929 2784 2141 2839 habita-

568 2858 696 2910 bant
753 2858 803 2910 in
847 2861 1020 2922 nobis,
1077 2862 1435 2933 devorabam,
1481 2871 1654 2926 donec
1697 2889 2008 2941 persuasum
2056 2888 2140 2932 est

567 2949 644 3000 cis
679 2959 733 3001 ut
764 2952 1067 3019 reciperent
1097 2955 1274 3010 divina
1309 2958 1544 3028 eloquia,
1577 2978 1675 3018 nec
1716 2974 1892 3020 tamen
1928 2969 2014 3021 illa
2057 2971 2140 3023 in-

570 3052 715 3113 tegre
741 3057 1061 3113 receperunt
1102 3065 1116 3102 :
1141 3051 1345 3107 malitia
1370 3056 1513 3108 enim
1535 3072 1654 3111 cum
1689 3060 1853 3112 semel
1883 3061 1933 3114 in
1961 3073 2140 3116 monte

569 3138 765 3190 mentis
791 3149 993 3194 nostra:
1025 3141 1274 3199 habitare
1336 3149 1584 3216 cmperit,
1637 3153 1865 3220 suscipit
1918 3155 2137 3222 quidem

567 3227 702 3281 Mosi
739 3230 925 3296 libros,
962 3250 1065 3287 non
1100 3247 1279 3292 autem
1311 3241 1518 3311 integre
1544 3244 1742 3298 bonum
1777 3248 2138 3313 amplexatur,

567 3318 660 3372 sr—d
690 3321 867 3376 adhuc
917 3325 1016 3378 sub
1060 3327 1345 3385 maledicto
1381 3344 1577 3386 manet.
1633 3335 1799 3404 Igitur
1843 3337 1999 3394 Jesus
2039 3341 2142 3395 iter

571 3410 796 3474 faciens,
832 3414 934 3469 hoc
971 3427 1076 3480 est,
1125 3419 1322 3476 multas
1373 3424 1489 3479 vias
1530 3428 1824 3493 transiens,
1859 3439 1914 3484 et
1958 3432 2143 3486 modos

572 3519 669 3570 pro
694 3504 864 3559 salute
897 3519 1078 3563 nostra
1118 3521 1379 3579 tractans,
1415 3526 1468 3570 et
1520 3516 1733 3574 interim
1766 3521 1929 3577 minis
1971 3525 2142 3576 main-

570 3609 710 3658 rum,
744 3596 952 3652 interim
978 3601 1380 3672 afflictionibus,
1407 3609 1625 3664 interim
1660 3613 1959 3679 beneficiis,
1996 3615 2142 3669 inte-

573 3688 674 3736 vim
723 3687 991 3742 bonorum
1049 3697 1520 3771 prottrissiOuibus,
1561 3715 1802 3757 nostram
1863 3708 2028 3759 vitam
2064 3710 2145 3761 lu-

570 3780 712 3830 crari
744 3782 937 3848 quaerit
964 3797 977 3837 :
1012 3796 1063 3836 et
1090 3787 1345 3858 fatigatus
1388 3792 1603 3858 quidem
1633 3803 1717 3848 est
1747 3796 1946 3851 talibus
1972 3801 2144 3853 modis

581 3878 856 3926 attentans
882 3889 980 3929 nos
1011 3881 1284 3948 corrigere
1320 3895 1333 3934 :
1367 3885 1566 3939 invenit
1603 3897 1782 3940 autem
1826 3889 1988 3942 alium
2029 3903 2146 3943 mo-

573 3963 696 4014 dum
724 3965 964 4034 regendi,
999 3971 1088 4035 qui
1138 3973 1184 4026 ei
1241 3983 1294 4027 et
1339 3976 1558 4042 placuit,
1589 3979 1730 4034 unde
1775 3997 1939 4049 super
1995 3984 2143 4037 illiilli

570 4055 709 4108 sedit
739 4066 792 4110 et
823 4061 1108 4126 requievit.
1152 4064 1212 4116 Et
1249 4069 1371 4133 quis
1416 4068 1537 4122 ille?
1586 4069 1725 4123 Fons
1781 4072 2142 4141 baptismatis,

572 4146 625 4198 in
675 4163 764 4214 juo
814 4161 1020 4206 natura:
1059 4167 1256 4210 nostra:
1310 4161 1463 4225 quasi
1513 4159 1868 4219 Samaritana.-
1911 4167 2141 4235 cuipiam

571 4237 855 4296 benefecil.
893 4243 1030 4298 Fons
1057 4256 1234 4302 autem
1275 4251 1376 4304 iste
1432 4253 1772 4321 baptismatis
1830 4257 1948 4312 fons
1978 4257 2143 4313 .iacnb

562 4331 767 4386 merito
835 4334 1055 4402 dicitur,
1109 4339 1207 4394 hoc
1255 4353 1338 4397 est
1385 4347 1836 4413 supplantatoris.
1893 4349 1946 4403 In
1999 4349 2145 4406 fonte

2169 3101 2210 3159 C

2237 492 2532 560 φαντικῶς,
2567 490 2724 550 ἀλλὰ,
2765 508 2782 540 ι
2819 490 2965 556 Μήτι
3005 484 3160 550 οῦτός
3213 489 3360 540 ἐστιν
3393 488 3420 539 6
3472 486 3745 554 Χριστόςς
3798 504 3813 534 ι

2239 582 2536 654 βουλομένη
2574 582 2760 634 λοιπὸν
2801 582 2998 642 αὐτοὺς
3060 579 3303 642 ἐκείνους
3350 579 3686 648 συμψήιρους
3721 577 3814 628 λαα

2239 678 2377 737 ϐεἳν,
2404 677 2499 728 καὶ
2555 674 3095 743 εὐπαραδεκτότερον
3139 671 3368 723 ποιοῦσα
3419 669 3511 721 τὸν
3544 669 3726 737 λόγον.
3764 670 3818 720 Ei

2237 766 2344 836 γὰρ
2381 767 2723 835 ἀπεφήνατο,
2795 765 2876 815 ὅτι
2914 757 3082 825 Οὗτός
3123 763 3268 815 ἐστιν
3299 763 3326 814 6
3356 759 3612 831 Χριστὸς,
3662 761 3820 829 τυχίν

2235 861 2300 914 ἂν
2332 862 2424 913 καὶ
2459 859 2916 928 ἀπεδυσπέτησάν
2970 874 3135 919 τινες,
3167 855 3268 926 τὴν
3314 856 3494 924 ψῆφον
3527 855 3698 920 αὐτῆς
3747 854 3818 916 ὠς

2235 950 2670 1021 διαϐεϐλημένης
2708 951 2783 1020 μὴ
2812 949 3262 1019 παραδεχόμενοι.
3309 947 3571 1017 Ἐνόησαν
3598 946 3654 997 δέ
3676 962 3817 1007 τινῖς

2236 1043 2359 1105 τοῦς
2394 1043 2554 1095 πέντε
2591 1042 2792 1111 ἄνδρας
2823 1044 2921 1110 τῆς
2953 1037 3345 1110 Σαμαρείτιδος
3373 1032 3517 1090 εἶναι
3551 1039 3620 1091 τὰ
3654 1037 3815 1088 πέντε

2239 1133 2440 1205 βιϐλία,
2473 1134 2563 1204 ἂή
2601 1135 2932 1203 Σαμαρεῖτις
2983 1132 3119 1200 μόνη
3168 1130 3522 1200 παρεδέχετο.
3565 1149 3582 1180 ι
3623 1131 3722 1180 ⁸ον
3762 1128 3815 1180 δὲ

2237 1225 2331 1278 νῦν
2361 1226 2526 1295 ἔχεις,
2578 1243 2595 1274 ι
2653 1226 2809 1294 φησι,
2864 1224 3163 1288 τουτέστιν,
3227 1224 3256 1275 6
3301 1221 3459 1288 λόγος
3508 1223 3535 1274 6
3573 1223 3728 1290 ἐμὸς,
3762 1220 3818 1272 ὃν

2237 1313 2330 1370 νῦν
2365 1317 2423 1379 ἐξ
2455 1315 2587 1386 ἐμοῦ
2611 1315 2761 1388 δέχῃ,
2818 1335 2836 1367 ι
2866 1316 2966 1368 οὐκ
2992 1315 3108 1367 ἐστι
3143 1332 3236 1367 σου
3266 1315 3406 1384 ἀνήρ
3431 1331 3442 1345 ·
3476 1333 3494 1364 ι
3534 1313 3690 1367 οὔπω
3715 1314 3819 1383 γὰρ

2241 1409 2630 1478 συνεζεύχθης,
2663 1409 2822 1477 φησὶ,
2858 1412 2922 1478 τῇ
2955 1410 3061 1478 ἐμῇ
3095 1407 3187 1459 τοῦ
3247 1407 3424 1476 Ἰησοῦ
3472 1406 3815 1474 διδασκαλία.

2239 1501 2397 1553 Εἴποι
2427 1501 2471 1553 δ’
2503 1501 2566 1555 ἀν
2590 1518 2675 1562 τις
2725 1500 2820 1552 καὶ
2862 1503 2943 1563 εἰς
2978 1500 3149 1553 τύπον
3191 1500 3291 1568 τῆς
3333 1499 3690 1569 ἀνθρωπίνης
3718 1499 3819 1566 cpt}-

2241 1611 2378 1656 σεως
2411 1593 2723 1660 λογίζεσθαι
2745 1591 2844 1664 τὴν
2868 1593 3220 1663 Σαμαρεῖτιν.
3257 1592 3320 1645 Ἦ
3344 1592 3453 1660 γὰρ
3486 1593 3648 1661 φύσις
3668 1591 3821 1662 ἡμῶν

2241 1685 2409 1737 πάλαι
2445 1685 2544 1754 μὲν
2571 1688 2627 1736 ὲν
2657 1685 2773 1754 ὄρει
2815 1684 3080 1756 κατῴκει,
3112 1684 3189 1755 τῷ
3224 1684 3302 1736 νοῒ
3362 1686 3438 1754 τῷ
3485 1683 3684 1753 πλήρει
3724 1684 3820 1752 τῆς

2246 1776 2394 1839 θείας
2424 1777 2666 1848 χάριτος.
2711 1779 2846 1847 Πρὶν
2883 1778 2914 1848 ἢ
2951 1777 3059 1846 γὰρ
3109 1777 3330 1847 ἁμάρτῃ
3370 1778 3398 1828 6
3457 1776 3653 1844 Ἀδὰμ,
3688 1778 3820 1828 πᾶσι

2246 1872 2410 1934 θείοις
2439 1870 2782 1939 ἐκεκόσμητο
2815 1871 3143 1942 χαρίσμασι.
3185 1870 3297 1922 Καὶ
3337 1870 3444 1940 γὰρ
3471 1871 3564 1922 καὶ
3609 1875 3819 1937 nmqui-

2244 1982 2344 2034 της
2373 1959 2458 2034 ἦν.
2511 1963 2789 2035 Ἐγερθεὶς
2833 1963 2940 2033 γὰρ
2984 1963 3093 2016 ἀπὸ
3123 1961 3216 2014 τοῦ
3245 1961 3440 2022 ῦπνου,
3481 1963 3610 2031 περί
3642 1981 3698 2014 τε
3729 1964 3820 2029 τῆς

2245 2056 2587 2116 διαπλάσεως
2614 2057 2712 2124 τῆς
2733 2055 3018 2124 γυναικὸς,
3050 2055 3145 2107 καὶ
3173 2056 3301 2124 περὶ
3343 2054 3444 2120 τῆς
3477 2055 3614 2122 πρδς
3657 2055 3821 2120 αὐτὴν

2249 2149 2485 2218 σχέσεως
2555 2149 2647 2201 τοῦ
2697 2147 2891 2216 ἀνδρδς
2965 2148 3312 2215 ἀπεφήνατο.
3398 2147 3611 2216 Ἔφήσε

2252 2260 2268 2292 ι
2314 2241 2484 2293 Τοῦτο
2518 2239 2613 2292 νῦν
2639 2239 2828 2292 ὀστοῦν
2864 2240 2927 2291 ἐκ
2983 2238 3091 2290 τῶν
3121 2239 3294 2289 ὀστῶν
3349 2255 3451 2306 μου
3476 2255 3487 2267 ·
3549 2259 3566 2287 ο
3607 2241 3699 2290 καὶ
3746 2240 3821 2289 δτι

2251 2352 2270 2385 ι
2322 2335 2468 2386 ’Λντὶ
2520 2333 2710 2386 τούτου
2761 2330 3082 2399 καταλείψει
3121 2332 3410 2398 ἅνθρωπος
3462 2330 3553 2382 τδν
3614 2332 3824 2398 πατέρα

2245 2426 2410 2479 αὐτοῦ
2435 2428 2528 2480 καὶ
2561 2427 2660 2495 τὴν
2699 2424 2928 2495 μητέρα.
2976 2441 2994 2474 ι
3027 2419 3136 2475 Ἦν
3165 2424 3264 2491 μὲν
3293 2418 3384 2476 οὖν
3412 2425 3444 2492 ή
3474 2423 3636 2489 φύσις
3669 2427 3721 2492 ὴ,
3753 2424 3823 2474 ιῖ--ι

2246 2520 2304 2572 ὲν
2330 2519 2407 2589 τῷ
2441 2520 2558 2588 ὄρει
2583 2518 2780 2588 τούτῳ,
2808 2518 2886 2588 τῷ
2927 2515 3120 2587 ὑψηλῷ
3169 2516 3270 2577 νοῒ,
3325 2515 3462 2568 ἀλλὰ
3511 2517 3822 2587 προσκρςᾶ-

2248 2627 2388 2665 σασα
2445 2610 2530 2680 τῷ
2551 2609 2692 2679 Θεῷ,
2737 2608 3082 2678 αἰχμάλωτος
3141 2608 3389 2677 ἀπήχθη,
3437 2611 3534 2660 καὶ
3596 2609 3660 2660 τὸ
3729 2609 3824 2678 μὲν

2251 2701 2470 2772 σπέρμα
2506 2700 2566 2753 τὸ
2599 2702 2773 2768 ἅγιον,
2836 2701 3017 2752 πᾶσαν
3059 2699 3268 2752 ἔννοιαν
3306 2698 3452 2765 λέγω
3519 2699 3823 2768 Θειοτέραν,

2247 2797 2275 2847 6
2314 2794 2725 2864 αἰχμαλωτίσας
2759 2795 2907 2863 ἡμᾶς
2931 2791 3177 2855 διάὅολος
3197 2792 3487 2862 ἀπήγαγεν
3527 2794 3606 2854 εἰς
3648 2791 3824 2844 Βαϐυ-

2246 2885 2414 2950 λῶνα,
2442 2886 2541 2955 τὴν
2572 2884 2834 2955 σύγχυσίν
2870 2902 3014 2954 φημι
3067 2884 3221 2938 τοῦδε
3271 2885 3366 2937 τοῦ
3399 2885 3606 2954 κόσμου
3637 2902 3649 2913 ·
3700 2887 3826 2937 civ:-

2247 2975 2478 3047 ενῴκισε
2515 2977 2570 3028 δὲ
2607 2978 2699 3029 καὶ
2731 2977 2856 3040 τοὺς
2897 2976 3270 3048 βαρϐαρικοὺς
3307 2977 3626 3046 λογισμοὺς,
3653 2977 3744 3039 οῦς
3780 2979 3824 3027 ci

2247 3068 2480 3130 λέοντες,
2512 3069 2561 3120 oi
2594 3068 2976 3138 βασιλεύοντες
3023 3071 3079 3122 ὲν
3139 3072 3272 3139 ἡμῖν
3314 3071 3508 3139 ἀγαθοὶ
3550 3070 3824 3140 λογισμοὶ,

2244 3161 2559 3230 κατήσθιον,
2586 3163 2745 3232 ἄχρις
2788 3163 2853 3216 ἂν
2898 3163 3124 3215 ἔπεισαν
3157 3164 3354 3227 αὐτοὺς
3406 3163 3820 3233 παραδέξασθαι

2241 3252 2310 3305 τά
2342 3251 2438 3305 τοῦ
2469 3251 2605 3305 Θεοῦ
2637 3253 2829 3320 λόγια.
2878 3254 3016 3307 ’Δλλ’
3048 3255 3169 3307 οὐδὲ
3195 3255 3369 3307 ταῦτα
3399 3256 3710 3326 ὁλοκλήρως
3732 3273 3746 3288 ·
3790 3258 3820 3327 ἡ

2243 3343 2351 3414 γὰρ
2375 3344 2542 3398 κακία
2590 3345 2735 3410 ἅπαξ
2775 3347 2832 3398 ὲν
2885 3345 2963 3415 τῷ
3017 3347 3134 3416 ὄρει
3163 3347 3338 3416 ἡμῶν,
3376 3347 3454 3418 τῷ
3523 3349 3606 3400 "oi
3653 3349 3825 3414 λέγω,

2246 3442 2649 3507 κατοικήσασα,
2698 3438 2920 3502 ἐδέξατο
2957 3439 3054 3509 μὲν
3114 3439 3182 3492 τὰ
3247 3439 3514 3502 Μωσέως,
3565 3440 3664 3509 οὔχ
3703 3442 3823 3492 ὀλυ-

2244 3531 2463 3600 κλήρως
2517 3530 2572 3582 δὲ
2622 3529 2716 3582 τοῦ
2775 3524 2942 3583 καλοῦ
2984 3531 3222 3598 ἐγένετο,
3279 3531 3417 3584 ἀλλὰ
3475 3533 3572 3584 καὶ
3603 3533 3684 3585 ἔτι
3727 3534 3828 3585 ὑπὸ

2244 3624 2491 3693 κατάραν
2533 3619 2619 3693 ἦν.
2663 3624 2721 3675 '0
2761 3624 2939 3677 τοίνυν
2980 3623 3184 3694 Ἰησοῦς
3233 3624 3612 3694 ὁδοιπορήσας,
3673 3642 3828 3679 τουτ-

2245 3715 2383 3780 έστι,
2427 3716 2628 3777 πολλὰς
2683 3715 2836 3780 ὁδοὺς
2893 3716 3223 3785 οἰκονομιῶν
3269 3719 3363 3770 καὶ
3391 3717 3631 3786 τρόπους
3698 3720 3828 3786 πρὶς

3678 2148 3782 2213 γάρ
3806 2163 3818 2174 ι

2245 3811 2519 3878 ἡμετέραν
2553 3810 2825 3880 σωτηρίαν
2859 3811 3154 3880 μετελθὼν,
3186 3813 3280 3863 καὶ
3324 3811 3454 3863 ποτὲ
3528 3813 3626 3880 μὲν
3670 3815 3829 3864 ἀπει-

2247 3901 2388 3965 λαῖς,
2426 3902 2556 3954 ποτὲ
2579 3902 2632 3953 δὲ
2665 3904 2852 3956 κακῶν
2884 3904 3140 3972 πληγαῖς,
3189 3905 3317 3957 ποτέ⁹
3355 3904 3414 3955 δὲ
3453 3904 3822 3972 εὐεργεσίαις,

2248 3993 2436 4046 ἄλλοτε
2467 3994 2521 4045 δὲ
2558 3995 2778 4061 ἀγαθῶν
2833 3995 3167 4066 ὑποσχέσεσι
3221 3995 3527 4061 μεθοδεύων
3558 3995 3656 4066 τὴν
3697 4000 3832 4066 ἠμε-

2244 4087 2409 4153 τέραν
2444 4086 2613 4155 ζωήν,
2654 4088 2908 4156 ἀπέκαμε
2970 4090 3088 4157 μὲν,
3152 4089 3416 4153 τοιούτοις
3446 4091 3671 4160 τρόποις
3713 4093 3833 4143 ἐπι·

2246 4178 2444 4247 χειρῶν
2485 4179 2631 4248 ἡμᾶς
2683 4179 3100 4250 διορθώσασθαι,
3147 4173 3274 4249 εὗρε
3331 4179 3387 4234 δὲ
3424 4183 3518 4233 καί
3564 4181 3731 4252 ἀλλην
3758 4183 3833 4234 οξ-

2247 4271 2528 4340 κονομίαν,
2584 4273 2641 4324 ὲν
2793 4275 2888 4325 καὶ
2959 4273 3202 4339 ἐκάθισε,
3256 4277 3352 4328 καὶ
3406 4276 3830 4329 ὲτιανεπαύσατο

2248 4361 2503 4428 ἀρεσθεὶς
2537 4361 2731 4433 ταύτῃ.
2773 4363 2940 4415 Ποίαν
2966 4382 2979 4429 ;
3006 4363 3118 4434 Τὴν
3150 4363 3335 4434 πηγὴν
3369 4364 3464 4417 τοῦ
3515 4365 3832 4434 βαπτίσμα-

562 4425 713 4477 -'enim
746 4426 850 4481 isto
879 4430 1290 4500 supplantamus
1319 4437 1611 4504 diabolum,
1645 4442 1769 4508 quia
1797 4452 1851 4494 ct
1879 4441 2138 4500 Dominus

2247 4470 2360 4517 τος,
2389 4448 2502 4524 ἐνῇ
2534 4453 2629 4524 τὴν
2684 4454 2844 4522 φύσιν
2883 4455 3044 4526 ἡμῶν
3102 4453 3295 4526 ὥσπερ
3343 4457 3467 4509 τινα
3505 4457 3833 4527 Σαμαρεῖτιν

572 4517 625 4569 in
661 4517 750 4570 illo
790 4525 1042 4578 contrivit
1075 4536 1234 4593 caput
1276 4528 1549 4596 draconis,
1582 4547 1740 4600 quem
1777 4533 1925 4586 dedit
1961 4551 2140 4590 escam

564 4610 780 4677 populis
805 4611 1124 4684 (EthiOpnm
1162 4617 1224 4672 ”.
1279 4617 1519 4676 Dracone
1546 4633 1723 4678 autem
1763 4625 1868 4679 isto
1916 4642 2019 4680 non
2053 4628 2141 4681 alii

565 4702 790 4768 quidem
831 4717 1129 4773 pascuntur
1184 4719 1238 4765 et
1286 4713 1648 4784 obiectantur,
1701 4734 1862 4787 quam
1914 4720 2139 4776 obtenc-

571 4795 711 4852 brati
741 4810 795 4854 et
817 4803 952 4870 nigri
985 4807 1188 4869 anima,
1228 4817 1279 4862 et
1311 4809 1506 4863 divinae
1535 4812 1666 4866 lucis
1692 4829 1795 4868 non
1823 4818 2138 4884 participes.

578 4891 711 4946 Huic
740 4904 923 4948 autem
964 4905 1163 4952 nostra:
1208 4911 1412 4957 natura:
1458 4904 1696 4973 quinque
1731 4908 1828 4961 viri
1871 4910 2142 4978 COllillllCli

573 4980 811 5047 fuerunt,
849 4990 1010 5042 varia:
1043 4992 1250 5045 scilicet
1281 4993 1427 5062 leges
1467 5011 1494 5048 a
1529 4996 1635 5050 Deo
1667 4998 1804 5053 data:
1845 5001 1915 5062 ei,
1951 5018 2146 5072 nempe

576 5071 654 5123 ivx
718 5074 769 5125 in
829 5079 1100 5142 paradiso,
1166 5080 1248 5134 lex
1277 5099 1395 5150 qua:
1427 5094 1670 5155 tempore
1705 5088 1836 5155 Noe,
1899 5091 1978 5146 lex
2025 5111 2146 5163 quae

575 5167 696 5215 «tata
731 5165 980 5231 Abrahae,
1011 5169 1093 5224 lex
1126 5186 1246 5240 qua:
1270 5175 1388 5229 data
1432 5176 1584 5242 Mnsi,
1624 5179 1709 5234 lex
1752 5197 1874 5250 quae
1903 5185 2022 5239 data
2055 5204 2149 5255 per

571 5258 889 5324 prophetas.
930 5260 1060 5316 Nam
1094 5275 1147 5318 et
1189 5265 1300 5320 Noe
1344 5277 1463 5336 post
1515 5272 1776 5327 diluvium
1816 5289 2146 5348 prmeeptum

569 5347 843 5414 lquoddam
881 5357 1135 5426 suscepit,
1171 5366 1224 5413 et
1251 5359 1526 5416 Abraham
1578 5347 2050 5423 circuncisimem.
2080 5372 2150 5427 lis

649 5485 692 5516 "
725 5485 860 5544 Gen.
905 5507 979 5556 χι,
1019 5493 1108 5559 23,
1150 5493 1240 5551 24.
1323 5496 1364 5528 ¹⁹⁸
1394 5496 1540 5556 Psal.
1575 5515 1762 5568 uxtlt,
1798 5502 1877 5559 Η.

2244 4545 2637 4616 εὐηργέτησεν.
2682 4545 2745 4599 'll
2783 4547 2838 4599 δὲ
2879 4547 3028 4616 πηγὴ
3085 4547 3232 4617 αῦτη
3285 4547 3381 4600 τοῦ
3457 4548 3834 4620 βαπτίσματος

2244 4638 2623 4708 πηγὴιΊακὼ6
2658 4641 2881 4702 εἰκότως
2913 4640 2978 4693 ἂν
3009 4642 3541 4711 λεχθείημτουτέστι
3608 4661 3832 4714 πτερνι-

2248 4729 2396 4784 στοῦ.
2442 4732 2531 4784 Ἑν
2562 4732 2697 4802 αὐτῇ
2735 4732 2844 4801 γὰρ
2885 4735 2950 4804 τῇ
2980 4737 3135 4805 πηγῇ
3190 4735 3472 4806 πτερνίζει
3496 4753 3580 4798 τις
3605 4738 3698 4788 τὸν
3721 4736 3832 4790 διὰ-

2246 4825 2400 4877 6ολον
2431 4840 2445 4856 ⁸
2481 4823 2604 4877 ἐπεὶ
2644 4827 2737 4877 καὶ
2773 4829 2800 4878 ὁ
2835 4826 3041 4896 Κύριος
3080 4829 3139 4881 ἐν
3177 4830 3353 4899 ταύτῃ
3405 4831 3704 4884 συνέθλσσε
3735 4830 3832 4900 τὴν

2251 4917 2492 4986 κεφαλὴν
2522 4916 2616 4969 τοῦ
2651 4918 2969 4988 δράκοντος,
3013 4921 3073 4973 ὃν
3109 4922 3202 4976 καὶ
3253 4923 3420 4976 ἔδωκε
3466 4923 3666 4995 βρῶμα
3689 4925 3833 4985 λαοῖς

2245 5013 2356 5073 τοῖς
2386 5010 2621 5080 Αἰθίοψι.
2655 5011 2745 5082 Τῷ
2775 5013 2882 5083 γὰρ
2912 5014 3170 5084 δράκοντι
3215 5016 3393 5086 τούτῳ
3421 5017 3521 5069 οὐκ
3551 5019 3707 5072 ἄλλοι
3751 5035 3829 5069 τι·

2245 5101 2333 5162 νὲς
2366 5101 2808 5173 ἐνευφραίνονται
2855 5106 2948 5158 καὶ
2980 5106 3295 5176 τρέφονται,
3325 5107 3372 5158 εί
3421 5107 3495 5175 μὴ
3546 5110 3595 5160 οἱ
3624 5107 3827 5174 egoen-

2250 5192 2398 5259 μένοι
2428 5194 2520 5243 καὶ
2553 5193 2787 5260 μέλανες
2811 5194 2909 5265 τὴν
2951 5195 3152 5264 ψυχὴν,
3196 5197 3292 5250 καὶ
3341 5197 3435 5249 τοῦ
3474 5196 3625 5250 θείου
3657 5197 3829 5265 φωτὸς

2248 5283 2518 5356 ἀμέτοχοι.
2548 5285 2732 5359 Ταύτῃ
2798 5289 2855 5340 δὲ
2907 5293 2973 5360 τῇ
3023 5291 3182 5359 φύσει
3228 5291 3386 5360 ἡμῶν
3421 5291 3587 5343 πέντε
3640 5293 3827 5356 ἄνδρες

2249 5377 2626 5447 συνεζύγησαν
2649 5395 2660 5406 ·
2694 5382 2743 5431 οἱ
2771 5381 3019 5451 διάφοροι
3067 5383 3244 5455 νόμοι,
3281 5387 3324 5436 οἱ
3357 5384 3511 5454 παρὰ
3551 5385 3644 5436 τοῦ
3695 5380 3824 5436 Θεοῦ

646 5644 720 5707 (αλ
760 5644 816 5698 In
852 5648 983 5748 (ladil.
1029 5647 1149 5703 Lut.
1183 5669 1309 5716 quos
1345 5656 1492 5748 50!qu
1525 5654 1853 5748 Sanltm'itaui
1879 5661 2151 5727 rccipiunt.
2201 5663 2254 5717 in
2287 5672 2431 5720 textu
2458 5665 2645 5722 Grteco
2669 5665 2767 5737 leg.
2820 5670 2974 5740 μόνα.
3044 5672 3330 5731 Samaritis
3385 5677 3519 5742 suis,
3546 5680 3634 5748 qui
3669 5697 3822 5734 unum

648 5726 858 5748 u'ulnnn
885 5734 990 5748 ιηηι
1026 5725 1255 5748 cunt-“init
1278 5736 1349 5748 ...ι
1412 5742 1453 5748 ..γ
1500 5744 1543 5748 -.-
1567 5742 1617 5748 ...γ
1647 5745 1653 5748 .
1697 5737 1708 5748 ι
1748 5731 1850 5748 ηομ·

571 5710 990 5773 'Z‘tntateuclium
1025 5710 1374 5791 recipiebam,
1411 5710 1951 5785 adh-arebatmulier.
