4078 6330
270 299 409 362 1215

971 300 1421 361 ΕΝᾹΙέΗΑΤΙΟ
1467 301 1547 362 1N
1590 299 1869 361 EVANGI

1974 299 2098 362 ,ΠΜ
2142 297 2492 362 JOANNIS.
2533 324 2604 335 -
2634 299 2795 360 CAP.
2840 297 2932 359 IV.

3445 291 3587 356 12ίὸ

268 419 515 482 δοθέντες
553 417 716 488 αὐτῇ,
755 417 862 470 ὀὲν
891 414 966 485 τῷ
990 416 1330 487 παραδείσῳ,
1383 418 1412 469 ὁ
1449 416 1543 469 ἐπὶ
1583 415 1678 469 τοῦ
1715 415 1862 479 Νῶε,

1974 416 2157 484 itaque
2180 415 2423 485 quinque
2454 413 2671 485 legibus
2725 412 3022 482 conjuncta
3071 416 3268 463 natura
3295 415 3352 463 et
3375 416 3586 464 sextam

265 512 295 564 6
324 511 420 563 ἐπὶ
449 510 543 564 τοῦ
587 508 866 581 Ἀϐραὰμ,
898 509 925 560 6
966 508 1056 559 ἐπὶ
1097 507 1189 561 τοῦ
1240 507 1505 572 Μωσέως,
1542 509 1569 560 6
1611 507 1700 560 διὰ
1753 507 1862 560 τῶν

270 603 596 676 προφητῶν.
645 601 705 654 '0
735 600 861 653 Νῶε
895 601 1005 672 γὰρ
1031 600 1171 671 μετὰ
1197 600 1288 652 τὸν
1318 598 1710 669 κατακλυσμὸν
1738 599 1863 652 δια·-

267 697 444 768 ταγήν
469 710 594 748 τινα
612 692 856 760 ἐδέξατο,
890 695 986 747 καὶ
1015 696 1043 746 6
1077 692 1334 762 Ἅϐραὰμ
1365 691 1464 763 τὴν
1511 691 1612 760 τῆς
1641 707 1866 760 περιτο-

275 791 403 861 μῆς.
439 787 665 850 Τούτοις
720 787 815 841 οὖν
855 791 969 851 τοῖς
1024 787 1188 840 πέντε
1236 788 1426 856 νόμοις
1478 785 1779 853 συζυγεῖσα
1827 787 1860 856 ἡ

270 881 458 949 φύσις,
483 881 575 960 καὶ
617 881 776 935 ἕκτον
808 880 1153 952 προσέλαόεν
1211 879 1442 952 ὕστερον
1473 880 1532 933 ὃν
1573 880 1674 933 οὐκ
1717 874 1865 950 εῖχεν

268 969 457 1040 ἄνδρα,
492 970 614 1022 οὐδὲ
652 969 927 1039 συνεζύγη
957 970 1196 1034 οὐδέπω,
1234 970 1325 1023 τὸν
1369 973 1468 1042 τῆς
1497 971 1706 1040 Καινῆς
1732 972 1864 1022 Δια-

270 1059 466 1131 θήκης.
499 1062 732 1134 Νοήσειε
766 1063 811 1116 δ’
843 1063 908 1115 ἄν
932 1079 1016 1125 τις
1062 1062 1223 1115 ἕκτον
1257 1063 1442 1132 νόμον,
1483 1063 1540 1116 ὃν
1571 1062 1740 1134 ἄνδρα
1764 1064 1867 1116 ούκ

269 1148 417 1224 εἶχεν
447 1155 480 1225 ἡ
513 1156 699 1225 φύσις,
734 1155 824 1208 τὸν
874 1156 974 1226 τῆς
1017 1155 1494 1226 εἰδωλολατρείας.
1523 1154 1728 1209 Τοῦτον
1755 1155 1865 1227 γὰρ

268 1245 336 1317 δὴ
369 1247 461 1300 τὸν
491 1249 657 1318 νόμον
689 1248 790 1300 οὐκ
826 1244 974 1316 εἶχεν
1009 1249 1072 1302 ὲκ
1102 1247 1238 1303 Θεοῦ
1273 1249 1495 1303 δοθέντα
1527 1251 1669 1323 αὐτῇ
1701 1251 1868 1316 σύζυ-

270 1358 386 1410 γον,
419 1341 534 1394 ἀλλ’
567 1342 643 1403 ὡς
689 1341 940 1412 μοιχαλὶς
983 1342 1246 1413 ἐμίγνυτο
1304 1342 1505 1413 τούτῳ.
1541 1345 1634 1397 Διδ
1698 1346 1798 1398 καὶ
1836 1347 1865 1398 6

272 1434 562 1506 προφήτης
594 1435 752 1504 φησί·
786 1453 804 1488 ι
845 1435 954 1514 Καὶ
989 1435 1292 1508 ἐμοιχῶντο
1316 1439 1372 1490 ἐν
1400 1436 1478 1508 τῷ
1505 1436 1679 1508 ξύλῳ·
1715 1455 1734 1490 ι
1770 1438 1866 1491 καὶ

270 1528 453 1581 πάλιν·
494 1546 514 1579 ι
571 1528 1012 1599 Ἐξεπόρνευσαν
1042 1529 1220 1582 ὀπίσω
1252 1530 1457 1592 παντὸς
1491 1528 1675 1595 ξύλου,
1712 1548 1731 1580 ›
1773 1530 1862 1582 διὰ

281 1616 353 1669 τὰ
383 1616 600 1684 γλυπτα
632 1619 835 1689 δηλαδὴ
857 1620 951 1672 καὶ
984 1618 1267 1690 τὰίδένδρα
1293 1621 1330 1674 ἃ
1355 1621 1583 1692 ἐτίμων.
1611 1621 1706 1684 Ei;
1731 1637 1863 1673 τοσ-

266 1708 424 1761 οῦτον
445 1710 554 1782 γὰρ
609 1711 884 1781 ἀνοησίαςί
924 1712 1352 1784 ἐξετραχηλίσθη
1409 1713 1441 1782 ἡ
1494 1713 1681 1782 φύσις,
1715 1711 1860 1765 ὥστε

266 1799 361 1852 καὶ
390 1798 630 1871 δένδροις
659 1802 886 1872 ὡραίοις
924 1802 1014 1856 διὰ
1044 1805 1104 1856 τὸ
1131 1793 1332 1866 κάλλος
1363 1802 1538 1864 θύειν,
1587 1802 1860 1873 κυπαρίσ-

267 1907 384 1956 σοις
441 1896 536 1948 καὶ
562 1895 874 1963 πλατάνοις,
905 1895 1000 1949 καὶ
1029 1899 1143 1961 τοῖς
1175 1896 1462 1959 τοιούτοις.
1505 1896 1637 1949 Ὅτε
1680 1896 1860 1949 τοίνυν

265 1989 360 2041 τὸν
400 1989 560 2042 ἕκτον
590 1989 782 2042 τοῦτον
839 1989 1027 2059 μοιχὸν
1067 1993 1094 2043 6
1143 1989 1432 2061 ἄνθρωπος
1483 1989 1730 2060 ἔστερξε,
1767 1989 1862 2042 καὶ

262 2079 347 2142 εις
369 2077 816 2149 εἰδωλολατρείας
843 2078 1202 2149 ὲξωλίσθησε,
1234 2080 1356 2133 τότε
1380 2082 1407 2133 6
1443 2081 1650 2151 Κύριος
1690 2079 1862 2133 ἐλθὼν

264 2171 607 2226 ἀπαλλάττει
634 2174 784 2242 ἡμᾶς
821 2174 1028 2244 ταύτης
1058 2190 1072 2205 ο
1107 2173 1188 2228 διὸ
1210 2174 1301 2226 καί
1333 2192 1499 2244 φησιν
1521 2190 1533 2202 ·
1566 2193 1582 2226 ι
1622 2177 1718 2227 Ὃν
1765 2173 1862 2227 νῦν

263 2264 432 2336 ἔχεις.
476 2287 492 2316 ι
529 2266 638 2317 Καὶ
662 2264 771 2334 γὰρ
805 2265 977 2328 ὅντως
1003 2267 1147 2318 κατὰ
1179 2267 1308 2330 τοὺς
1336 2267 1435 2336 τῆς
1471 2265 1565 2318 τοῦ
1613 2266 1856 2336 Χριστοῦ

264 2359 575 2430 παρουσίας
598 2359 832 2430 χρόνους
854 2361 934 2424 είς
978 2360 1338 2431 Ἐλληνισμὸν
1367 2362 1462 2414 καὶ
1499 2359 1775 2414 Ἰουδαίων
1811 2361 1860 2413 οἱ
1895 2348 1897 2350 ’

269 2455 570 2522 σοφώτεροι
606 2452 996 2524 ἐξετράπησαν
1022 2470 1035 2483 ·
1065 2456 1154 2507 καὶ
1183 2455 1334 2526 δηλοῖ
1355 2457 1386 2526 ἡ
1409 2453 1516 2507 τῶν
1546 2455 1863 2526 Φαρισαίων

266 2544 499 2613 αἵρεσις,
523 2545 838 2616 εἱμαρμένῃ
863 2547 955 2598 καὶ
974 2546 1303 2619 ἀστρολογίᾳ
1326 2549 1681 2603 πιστεύουσα.
1706 2551 1861 2603 Ἔστι

266 2638 323 2690 δὲ
361 2639 690 2709 Σαμαρεῖτις
722 2641 817 2694 καὶ
856 2641 1009 2694 πᾶσα
1064 2641 1210 2714 ψυχὴ
1241 2645 1273 2713 ἡ
1308 2647 1429 2707 ταῖς
1454 2645 1617 2697 πέντε
1662 2645 1860 2716 αἰσθήο

272 2746 422 2782 σεσιν
449 2730 663 2798 ἀλόγως
728 2733 1090 2802 ὑποζυγεῖσα,
1117 2731 1235 2788 εἶτα
1264 2737 1361 2790 καὶ
1381 2733 1479 2806 τὴν
1506 2739 1639 2808 περὶ
1667 2741 1733 2790 τὰ
1775 2737 1862 2791 δό-

269 2831 464 2890 γματα
490 2822 914 2894 σφαλερώτατα,
935 2819 1047 2878 οἷόν
1070 2843 1190 2878 τινα
1209 2825 1365 2880 ἕκτον
1404 2829 1591 2907 μοιχὸν
1625 2829 1865 2898 προσλα-

267 2913 497 2984 ϐομένη,
537 2915 605 2986 ἢν
655 2917 684 2969 6
720 2915 928 2984 Ἰησοῦς
979 2918 1291 2988 εὐεργετεῖ,
1349 2918 1471 2972 εἴτε
1528 2919 1614 2972 διὰ
1647 2919 1737 2973 τοῦ
1773 2920 1867 2992 βα-

272 3007 602 3076 πτίσματος,
629 3008 737 3061 εῐτε
767 3009 853 3062 διὰ
871 3008 969 3080 τῆς
989 3010 1176 3080 πηγῆς
1206 3010 1315 3063 τῶν
1351 3010 1626 3081 δακρύων.
1660 3014 1768 3067 Καὶ
1797 3015 1866 3068 τὰ

1975 510 2210 578 accepit,
2241 524 2406 579 quam
2452 516 2634 562 tamen
2686 522 2793 561 non
2838 504 3077 560 habebat
3106 514 3163 558 ut
3203 502 3407 557 virum.
3436 501 3588 556 Non-

1972 604 2099 658 dum
2130 603 2276 658 cnim
2313 600 2686 673 conjttngebat
2717 600 2825 657 sibi
2852 599 3028 670 legem
3055 597 3192 653 Novi
3220 596 3587 652 Testamenti.

1972 695 2316 750 lntellexerit
2346 694 2506 766 561
2554 703 2738 748 autem
2806 693 2931 761 quis
2971 706 3069 760 per
3121 697 3335 745 sextam
3385 689 3581 756 legem,

1971 801 2135 856 quam
2165 795 2222 839 ut
2246 784 2425 840 virum
2453 799 2562 839 non
2603 781 2843 838 habebat
2870 790 3088 845 natura,
3115 779 3292 847 legem
3351 776 3583 833 idolola-

1970 879 2110 933 trite.
2139 878 2290 933 Hanc
2318 878 2467 933 enim
2513 877 2687 947 legem
2749 891 2856 930 non
2899 873 3140 930 habebat
3186 889 3216 927 a
3254 873 3362 927 Deo
3397 872 3582 927 datam

1973 971 2077 1025 sibi
2109 972 2426 1041 conjugem,
2458 971 2554 1025 sed
2585 970 2731 1025 velut
2768 969 3086 1024 adulterum
3135 967 3408 1037 iungebat
3453 965 3582 1020 sibi.

1983 1060 2112 1118 ldeo
2145 1073 2197 1118 et
2232 1064 2499 1136 prOpheta
2547 1063 2720 1122 dicit:
2762 1083 2780 1116 ι
2825 1063 2891 1119 Et
2921 1063 3378 1116 adulterabantur
3433 1062 3486 1116 in
3521 1061 3589 1114 li-

1970 1172 2076 1227 gno
2120 1159 2185 1212 ιδ.
2219 1175 2238 1210 ο
2298 1157 2366 1212 Ει
2419 1158 2640 1223 iterum,
2706 1176 2725 1210 ι
2793 1156 3077 1212 Fornicati
3135 1163 3261 1224 post
3307 1169 3468 1209 onme
3516 1155 3584 1207 li-

1971 1265 2137 1321 gnum
2176 1250 2242 1315 η,
2299 1268 2318 1301 ι
2377 1261 2602 1320 prapter
2643 1247 2917 1320 sculptilia
2987 1246 3204 1302 scilicet
3256 1253 3312 1300 et
3354 1245 3586 1298 arbores

1971 1357 2108 1413 quas
2134 1341 2412 1398 colebant.
2454 1341 2534 1397 Eo
2560 1343 2707 1397 enim
2755 1341 3048 1396 dementiae
3107 1349 3435 1410 pervenerat
3480 1353 3580 1388 na-

1973 1446 2116 1502 tura,
2156 1445 2216 1491 ut
2247 1445 2302 1491 et
2328 1436 2622 1491 arboribus
2673 1435 2922 1506 pulchris
2951 1444 3179 1503 propter
3213 1430 3583 1501 pulchritudi-

1973 1547 2093 1585 nem
2152 1530 2515 1592 sacrilicaret,
2571 1529 2871 1600 cyparissis
2905 1527 3180 1591 videlicet,
3228 1535 3282 1580 et
3325 1523 3579 1592 platanis,

1970 1635 2024 1680 et
2058 1624 2354 1679 similibus.
2381 1623 2612 1690 Quando
2647 1622 2810 1691 igitur
2835 1628 3052 1675 sextum
3079 1620 3230 1673 illum
3269 1617 3580 1672 adulterum

1909 1710 1935 1783 ξ,
1973 1715 2224 1769 homines
2252 1716 2584 1780 dilexerunt,
2638 1721 2693 1768 et
2734 1714 2787 1767 in
2833 1713 3202 1783 idololatriam
3237 1710 3580 1773 exciderunt,

1970 1816 2098 1862 tunc
2127 1807 2391 1863 Dominus
2423 1809 2649 1862 veniens
2695 1807 2944 1860 liberavit
2988 1821 3088 1859 nos
3142 1804 3212 1858 ab
3235 1818 3320 1857 ea.
3365 1802 3494 1856 Ideo
3527 1809 3584 1855 et

1970 1901 2121 1967 dicit,
2157 1916 2175 1952 ι
2216 1899 2387 1966 Quem
2417 1916 2562 1954 nunc
2601 1899 2791 1954 habes.
2831 1918 2848 1950 ι
2882 1896 3013 1951 Nam
3049 1896 3300 1964 profecto
3330 1905 3579 1964 tempore

1969 1992 2235 2046 adventus
2265 1991 2393 2045 Jesu
2433 1990 2666 2056 Christi,
2716 1990 2881 2044 etiam
2903 1987 3236 2043 ’JUtb’BOl‘Illll
3277 1986 3585 2056 sapientio-

1969 2098 2060 2146 res
2090 2085 2142 2138 iu
2182 2084 2470 2153 gentilium
2499 2098 2748 2138 errorem
2787 2083 3118 2137 inciderant.
3154 2082 3217 2135 Et
3250 2080 3581 2135 manifesta-

1972 2160 2045 2229 vit
2078 2177 2180 2232 hoc
2233 2175 2639 2232 Pharis-.eorum
2682 2175 2932 2241 haeresis,
2969 2191 3091 2246 quas
3113 2174 3227 2229 fato
3259 2183 3314 2228 et
3345 2174 3582 2229 astrolo-

1970 2271 2070 2338 giae
2102 2271 2386 2324 credebat.
2413 2270 2511 2324 Est
2541 2277 2597 2322 et
2630 2268 2987 2324 Samaritana
3013 2267 3195 2321 omnis
3218 2268 3426 2328 anima,
3461 2281 3584 2335 qua:

1969 2365 2222 2419 sensibus
2247 2364 2494 2433 quinque
2524 2363 2907 2432 imprudenter
2946 2361 3193 2430 subjecta
3237 2371 3340 2424 est,
3386 2360 3584 2416 deinde

1971 2455 2338 2526 periculosam
2391 2456 2698 2510 d0ctrinam
2760 2455 2926 2509 veluti
3000 2463 3216 2507 sextum
3290 2452 3582 2522 quemdam

1969 2549 2277 2604 adulterum
2315 2551 2567 2618 suscipit,
2597 2551 2681 2603 cui
2714 2547 2874 2605 Iesus
2904 2547 3201 2614 benefaeit,
3229 2548 3309 2600 vel
3357 2563 3452 2615 per
3480 2548 3582 2598 ba-

1969 2645 2254 2712 ptismum,
2290 2645 2369 2698 vel
2403 2660 2499 2713 per
2533 2643 2736 2699 fontem
2787 2645 3177 2716 lacrymarum.
3219 2641 3354 2693 Nam
3398 2650 3451 2693 ct
3503 2640 3583 2692 la-

1968 2752 2167 2806 crymze
2203 2737 2325 2791 fons
2355 2735 2525 2792 Jacob
2558 2737 2836 2802 dicuntur,
2872 2745 3056 2790 mente
3101 2744 3287 2788 nostra
3315 2732 3584 2802 supplan-

1937 2821 1942 2825 “
1972 2834 2118 2880 tante
2151 2826 2417 2881 malitiam
2453 2842 2560 2881 :ex
2585 2843 2693 2896 qua
2726 2843 2866 2897 aqua
2911 2835 2965 2880 et
2999 2827 3112 2892 ipsa
3147 2839 3302 2877 meus
3339 2822 3496 2886 bibit,
3531 2833 3588 2876 ct

1970 2919 2332 2990 cogitationes
2357 2922 2501 2992 ejus,
2529 2937 2652 2992 qua:
2676 2922 2771 2976 lilii
2822 2922 3103 2985 dicuntur,
3139 2930 3193 2974 et
3226 2934 3449 2988 pecora,
3485 2933 3585 2970 ceu

1972 3015 2325 3070 irrationales
2384 3028 2566 3086 partes
2607 3018 2826 3082 animm,
2884 3017 2964 3070 ira
3009 3026 3065 3070 et
3107 3013 3584 3083 concupiscentia.

268 3095 608 3168 δάκρυαγὰρ
636 3097 814 3168 φρέαρ
841 3097 936 3150 τοῦ
983 3098 1185 3151 Ἰακὼϐ
1212 3100 1279 3153 ἂν
1311 3099 1578 3171 λεχθεῖεν,
1601 3100 1694 3154 τοῦ
1722 3103 1858 3171 ἠμε-

1974 3109 2251 3180 Lacryuta:
2284 3111 2433 3164 enim
2463 3111 2629 3166 menti
2682 3119 2738 3166 et
2789 3111 3218 3181 cogitationibus
3260 3119 3312 3162 et
3351 3108 3584 3179 reliquis

268 3184 430 3252 τέρου
487 3184 600 3252 νοῦ,
651 3186 746 3240 τοῦ
787 3188 1175 3256 πτερνίζοντος
1220 3190 1320 3260 τὴν
1371 3192 1593 3246 κακίαν.
1661 3193 1751 3260 Ἐξ
1798 3188 1860 3249 οὗ

1976 3202 2028 3253 in
2065 3201 2414 3273 refrigerium
2455 3203 2612 3258 littnt.

269 3277 465 3342 ὓδατος
495 3280 660 3342 αὐτός
685 3297 746 3332 τε
777 3280 806 3333 6
847 3279 972 3344 νοῦς
1007 3282 1173 3345 πίνει,
1225 3283 1318 3335 καὶ
1347 3284 1395 3336 οῖ
1443 3285 1552 3338 υἱοὶ
1615 3287 1784 3341 αὑτοῦ
1850 3289 1900 3342 οἱ
1941 3291 2218 3363 λογισμοὶ,
2255 3295 2350 3348 καὶ
2396 3293 2468 3347 τὰ
2533 3293 2836 3365 θρέμματα
2869 3292 3063 3356 αὐτοῦ,
3110 3295 3178 3348 τὰ
3229 3293 3593 3366 ἄλογαημέρη

266 3375 368 3445 τῆς
402 3372 604 3444 ψυχῆς,
634 3372 806 3443 θυμὸς
843 3376 939 3427 καὶ
966 3373 1267 3445 ἐπιθυμίασ
1301 3377 1370 3432 τὰ
1404 3377 1515 3450 γὰρ
1540 3377 1754 3451 δάκρυα
1788 3380 1864 3452 τῷ
1906 3383 1982 3450 νῷ
2049 3387 2145 3438 καὶ
2218 3389 2331 3451 τοῖς
2368 3387 2657 3458 λογισμοῖς
2713 3388 2808 3441 καὶ
2860 3389 2977 3450 τοῖς
3006 3389 3219 3452 λοιποῖς
3257 3388 3337 3451 εἰς
3363 3387 3583 3460 ἀναψυο

268 3469 374 3542 χὴν
398 3470 659 3539 γίνονται.

347 3587 366 3618 ι
420 3567 506 3620 Ἐν
534 3567 590 3621 δὲ
617 3559 694 3639 τῷ
727 3568 932 3640 μεταξὺ
965 3568 1194 3641 ἠρώτων
1225 3570 1389 3623 αύτδν
1417 3573 1464 3624 οἱ
1500 3573 1746 3642 μαθηταὶ
1773 3577 1868 3628 αύ-

268 3660 399 3743 τοῦ,
447 3660 735 3731 λέγοντες·
779 3663 1032 3731 Ῥαϐϐεὶ,
1068 3665 1233 3732 φάγε.
1287 3665 1398 3717 Καὶ
1443 3663 1597 3718 εἶπεν
1649 3669 1867 3734 αὐτοῖς·

284 3751 428 3823 Ἐγὼ
476 3753 682 3826 βρῶσιν
733 3755 842 3827 ἔχω
897 3759 1124 3825 φαγεῖν,
1169 3758 1236 3828 ἢν
1291 3757 1450 3828 ὑμεῖς
1502 3759 1603 3812 ούκ
1665 3761 1866 3815 οἴδατε.

273 3848 505 3917 Ἔλεγον
526 3844 620 3902 οὖν
646 3850 697 3902 οἱ
730 3848 978 3919 μαθηταὶ
1013 3849 1148 3920 πρὸς
1172 3850 1437 3921 ἀλλήλους
1456 3868 1468 3882 ο
1495 3853 1675 3922 Μήτις
1711 3854 1872 3924 ἠνεγ-

271 3958 373 3997 κεν
411 3942 561 4013 αὐτῷ
621 3945 854 4013 φαγεῖν;
909 3943 1074 4011 Λέγει
1108 3944 1292 4007 αὐτοῖς
1333 3946 1361 3995 ὁ
1407 3945 1614 4013 Ἰησοῦς
1644 3963 1656 3978 ·
1707 3948 1872 4016 Ἐμὸν

273 4035 476 4109 βρῶμά
503 4038 673 4102 ἐστιν,
707 4035 795 4088 ἵνα
827 4030 966 4088 ποιῶ
993 4037 1052 4089 τὸ
1085 4035 1299 4107 θέλημα
1330 4035 1424 4090 τοῦ
1450 4037 1769 4108 πέμψαντός
1802 4057 1870 4108 με

272 4129 371 4182 καὶ
393 4126 669 4181 τελειώσω
702 4127 868 4181 αὑτοῦ
892 4130 952 4181 τὸ
982 4129 1163 4200 ἔργον.
1199 4149 1216 4182 ι
1265 4131 1525 4200 Ἦρώτων
1545 4133 1596 4183 οἱ
1628 4132 1875 4202 μαθηταὶ

271 4220 368 4274 τδν
388 4218 616 4292 Κύριον,
650 4221 774 4274 ἀντὶ
803 4219 920 4287 τοῦ,
957 4221 1326 4291 παρεκάλουν,
1363 4222 1504 4276 ὥστε
1533 4227 1750 4293 φαγεῖν,
1775 4227 1877 4279 οὐκ

271 4317 342 4370 ἐκ
375 4313 684 4386 προπετοῦς
714 4315 964 4385 γνώμης,
1000 4315 1119 4369 ἀλλ’
1153 4317 1217 4369 ὲκ
1244 4316 1451 4384 πολλῆς
1487 4319 1877 4389 φιλοστοργίας

275 4409 382 4480 τῆς
426 4408 562 4481 πρὸς
597 4409 690 4462 τὸν
736 4408 1097 4462 διδασκαλονν
1135 4409 1231 4462 καὶ
1281 4411 1391 4482 γὰρ
1446 4411 1675 4466 ἔϐλεπον
1713 4414 1878 4468 αὑτὸν

2048 3577 2218 3633 Vnus.
2262 3579 2453 3634 51-54.
2499 3595 2518 3630 ι
2574 3576 2789 3632 Interea
2845 3577 3114 3647 rogabant
3161 3593 3284 3630 eum
3334 3577 3588 3646 discipuli

1971 3671 2218 3726 dicentes
2277 3688 2290 3724 :
2351 3670 2565 3735 Rabbi,
2602 3671 2848 3725 comede.
2889 3670 2981 3723 Ille
3023 3679 3206 3724 autem
3252 3670 3526 3742 dixit‘eis
3575 3688 3589 3724 :

1969 3763 2084 3834 Ego
2119 3766 2299 3819 cibum
2335 3763 2510 3818 habeo
2546 3763 2972 3828 comedendum,
3007 3779 3168 3830 quem
3201 3779 3298 3817 vos
3335 3747 3590 3820 nescitis.

1972 3837 2238 3911 Dicebant
2272 3870 2404 3925 ergo
2451 3853 2703 3922 discipuli
2755 3854 2901 3908 inter
2931 3867 2990 3906 se
3021 3871 3032 3906 :
3065 3852 3208 3904 Num
3245 3853 3368 3920 quis
3405 3852 3594 3907 attulit

1970 3950 2018 4006 ci
2063 3949 2205 4020 quod
2236 3949 2461 4002 ederet?
2500 3948 2638 4001 Dicit
2668 3947 2717 4001 ei
2760 3945 2962 4001 Jesus:
3006 3945 3158 4000 Meus
3197 3944 3353 3998 cibus
3387 3955 3494 4009 est,
3534 3953 3594 3999 ttt

1970 4044 2167 4098 faciam
2203 4043 2344 4111 quod
2379 4042 2492 4096 vult
2524 4042 2569 4096 is
2600 4042 2688 4111 qui
2728 4041 2880 4096 misit
2912 4054 3018 4100 me.
3043 4047 3096 4092 et
3132 4038 3417 4107 perliciam
3452 4054 3594 4106 opus

1970 4135 2109 4203 ejus.
2145 4154 2163 4186 ι
2203 4132 2490 4203 Rogabant
2521 4132 2778 4203 discipuli
2812 4131 3132 4195 Dominum,
3163 4131 3264 4184 hoc
3300 4139 3404 4194 est,
3431 4129 3594 4184 obse—

1976 4213 2204 4283 crahant
2264 4235 2322 4282 ut
2372 4206 2690 4281 cor/uederet
2749 4244 2761 4280 :
2828 4238 2938 4278 non
2993 4222 3288 4278 temeraria
3351 4223 3594 4291 quadam

1979 4328 2182 4386 mente,
2218 4318 2315 4374 sed
2349 4331 2543 4386 magna
2580 4313 2875 4369 dilectione
2906 4327 3034 4383 erga
3073 4311 3424 4380 magistrum.
3465 4309 3595 4363 Ete-

1981 4412 2093 4465 nim
2116 4410 2377 4465 videbant
2412 4410 2588 4478 ipsum
2629 4405 2987 4478 defatigatum
3013 4420 3077 4459 ex
3110 4403 3305 4457 itinere
3329 4411 3384 4456 ct
3415 4400 3597 4455 calore

275 4503 602 4573 κεκμηκότα
639 4502 745 4556 ὑπὸ
777 4504 876 4574 τῆς
909 4503 1218 4576 ὁδοιπορίας
1253 4505 1346 4557 καὶ
1378 4504 1478 4573 τῆς
1517 4507 1869 4580 ἐπικειμένης

1985 4503 2270 4573 ﬂagrante.
2303 4502 2565 4556 Dominus
2601 4509 2784 4553 autem
2820 4497 3001 4552 sciens
3036 4494 3440 4550 Samaritanatn
3480 4490 3596 4545 fere

276 4599 499 4669 φλογός.
548 4599 607 4651 Ὀ
647 4597 702 4651 δὲ
736 4597 961 4668 Κύριος,
1005 4602 1294 4666 γινώσκων
1343 4601 1424 4653 ὅτι
1468 4602 1500 4670 ἠ
1544 4601 1880 4671 Σαμαρεῖτις

281 4691 468 4764 μέλλει
502 4690 913 4748 ἐπισπάσασθαι
963 4692 1146 4744 πᾶσαν
1180 4691 1364 4762 σχεδὸν
1406 4693 1506 4763 τὴν
1553 4693 1709 4746 πόλιν
1742 4695 1879 4764 πρὸς

280 4783 471 4848 αὐτὸν,
520 4784 616 4837 καὶ
676 4784 758 4837 ὃτι
808 4776 1180 4837 πιστεύσωσιν
1209 4783 1360 4854 αὐτῷ
1415 4786 1465 4837 οἱ
1514 4785 1884 4856 Σαμαρεῖται,

286 4893 308 4930 ι
356 4875 516 4946 Ἐγὼ,
551 4875 716 4944 φησὶ,
752 4873 952 4944 βρῶσιν
979 4875 1088 4944 ἔχω
1161 4876 1391 4943 φαγεῖν,
1433 4893 1450 4926 ι
1495 4877 1741 4929 τουτέστι
1784 4877 1884 4947 τὴν

285 4968 567 5038 σωτηρίαν
583 4968 692 5021 τῶν
719 4968 815 5021 ἀνθ
827 4966 1045 5038 ρώπων·
1068 4960 1213 5021 οὕτω
1237 4967 1346 5039 γὰρ
1368 4968 1576 5039 ταύτης
1602 4969 1881 5036 ἐπιθυμῶ,

282 5062 362 5126 ὡς
388 5060 586 5125 οὐδεὶς
621 5059 777 5130 ὑμῶν
818 5061 914 5129 τῆς
952 5059 1219 5131 αἰσθητῆς
1255 5059 1532 5130 βρώσεως.
1567 5060 1787 5132 Ταύτην
1827 5062 1885 5116 δὲ

283 5158 385 5226 τὴν
422 5153 645 5226 βρῶσιν,
684 5155 750 5226 ἣν
787 5155 896 5225 ἔχω
930 5157 1158 5222 φαγεῖν,
1197 5155 1354 5225 ὑμεῖς
1395 5156 1445 5208 οξ
1488 5156 1728 5226 μαθηταί
1785 5175 1885 5226 μου

283 5251 389 5302 οἰκ
420 5248 621 5302 οἴδατε.
656 5249 856 5316 Παχεῖς
893 5249 1003 5317 γὰρ
1044 5247 1196 5309 ὄντες
1229 5246 1331 5310 ἔτι,
1367 5248 1459 5300 καὶ
1495 5249 1568 5318 μὴ
1593 5248 1886 5318 δυνάμενοι

285 5341 480 5408 ν’λῆσαί
514 5341 583 5395 τὰ
611 5339 1028 5410 αἰνιγματωδῶς
1061 5340 1151 5392 ὑπ’
1182 5340 1319 5411 ἐμοῦ
1352 5340 1645 5408 λεγόμενα,
1682 5342 1782 5394 οὐκ
1811 5343 1889 5393 οῖ-

209 5423 214 5428 ’
267 5437 414 5490 ’δατε
452 5434 534 5487 ὅτι
574 5432 777 5504 βρῶσιν
801 5432 1054 5502 ὀνομάζω
1082 5432 1182 5504 τὴν
1212 5432 1322 5485 τῶν
1355 5432 1661 5504 ἀνθρώπων
1705 5451 1880 5505 σωτηο

286 5526 582 5601 ρίαν.,Καὶ
631 5525 807 5588 ἄλλως
850 5524 904 5577 δέ
936 5540 947 5552 ’
979 5525 1093 5578 Οὐκ
1141 5524 1320 5578 οἴδατε
1356 5527 1563 5595 ταύτην
1596 5525 1693 5597 τὴν
1735 5527 1872 5597 39;?)-

287 5637 399 5676 σιν·
453 5619 515 5672 οὐ
582 5617 692 5690 γὰρ
743 5618 1088 5688 γινώσκετε,
1144 5620 1226 5673 ὅτι
1281 5618 1637 5673 πιστεύσούσί
1687 5639 1776 5692 μοι
1835 5623 1881 5675 oi

263 5855 270 5866 .
312 5854 318 5858 .
372 5811 412 5843 ”
446 5808 558 5867 Jer.
609 5824 693 5876 ιιι,
725 5811 780 5865 6.
863 5811 903 5842 ”
938 5809 1135 5866 Ezech.
1176 5825 1325 5878 χχιιι,
1363 5809 1452 5864 57.

1982 4606 2152 4652 totam
2191 4595 2473 4651 civitatem
2515 4594 2583 4647 ad
2616 4608 2676 4647 se
2709 4602 3086 4653 evocaturam,
3124 4596 3178 4642 et
3213 4586 3597 4642 Samaritanus

1981 4692 2033 4745 in
2066 4706 2125 4745 se
2146 4689 2456 4744 credituros
2491 4706 2503 4742 :
2536 4706 2553 4739 ι
2593 4687 2728 4757 Ego,
2765 4686 2964 4754 inquit,
2997 4685 3179 4738 cibum
3210 4683 3385 4736 habeo
3413 4694 3601 4734 coane-

1984 4785 2240 4847 Jendum,
2278 4801 2295 4833 ›
2332 4783 2435 4836 hoc
2460 4790 2565 4846 est,
2602 4780 2834 4834 salutem
2865 4778 3151 4832 hominum
3192 4795 3204 4830 :
3244 4789 3409 4844 quam
3446 4781 3601 4827 tanto

1983 4877 2256 4934 desiderio
2286 4876 2502 4940 avebat,
2534 4885 2743 4944 quanto
2776 4872 2958 4926 nullus
2984 4877 3230 4926 nostrum
3273 4868 3595 4923 sensibilem

1983 4971 2186 5026 cibum.
2223 4967 2383 5022 l‘luuc
2423 4977 2605 5022 autem
2653 4966 2836 5019 cibum
2873 4980 3034 5034 quem
3079 4962 3254 5017 habeo
3282 4961 3595 5020 comedere.

1984 5079 2080 5118 vos
2132 5061 2382 5132 discipuli
2429 5061 2534 5114 mei
2585 5059 2830 5114 nescitis.
2882 5057 3069 5113 Crassi
3138 5055 3283 5110 enim
3329 5068 3454 5107 cum
3499 5064 3599 5107 vos

1986 5157 2163 5211 adhuc
2201 5156 2347 5220 sitis,
2383 5164 2438 5210 et
2471 5153 2775 5224 intelligere
2813 5151 3101 5221 nequeatis
3137 5164 3260 5218 qua:
3305 5147 3599 5202 obscurius

1987 5265 2016 5302 a
2051 5266 2134 5306 me
2164 5250 2421 5305 dicuntur
2443 5288 2458 5315 ,
2485 5248 2711 5302 nescitis
2746 5245 2890 5315 quod
2927 5245 3108 5298 cibum
3146 5242 3378 5297 salutem
3416 5239 3597 5293 homi-

1989 5358 2117 5397 num
2149 5343 2448 5397 nomincm.
2479 5341 2543 5395 Et
2572 5342 2730 5396 aliter
2754 5357 2768 5394 :
2792 5340 2946 5394 llunc
2967 5338 3147 5392 cibum
3171 5334 3417 5397 nescitis,
3447 5334 3601 5400 igno-

1993 5437 2125 5491 ratis
2156 5437 2300 5491 enim
2332 5437 2476 5506 quod
2511 5435 2844 5490 Samaritani
2885 5429 3148 5486 credituri
3195 5438 3321 5482 sunt
3363 5427 3493 5480 mihi
3542 5435 3598 5479 et

1995 5530 2372 5584 saltabuntur.
2408 5529 2548 5595 Quid
2582 5527 2746 5598 igitur
2781 5523 3076 5595 discipuli?
3113 5521 3304 5576 Adhuc
3349 5519 3599 5572 dubitant

1995 5639 2120 5678 nutu
2170 5625 2292 5692 quis
2335 5622 2607 5677 attulisset
2649 5621 2698 5676 ci
2745 5620 2890 5691 quod
2926 5619 3196 5675 comedat.
3252 5613 3366 5669 Non
3413 5622 3595 5667 autent
