4078 6330
314 396 461 464 1219

966 393 1425 459 ENARRATIO
1467 394 1550 455 IN
1595 390 2102 455 EVANGELIUM
2142 391 2490 459 JOANNIS.
2532 419 2602 429 —
2641 394 2802 459 CAP.
2845 398 2949 464 IV.

3482 400 3621 468 1250

308 516 424 579 ἐγὼ
461 517 515 568 δὲ
548 512 692 580 λέγω
722 512 871 582 ὑμῖν,
909 528 990 565 οτι
1029 511 1294 580 πάρεστιν
1328 509 1356 563 6
1388 510 1579 580 νοητὸς
1620 507 1900 581 θερισμός.

2024 508 2188 563 tualis
2221 512 2438 566 messis.
2474 510 2597 567 llaec
2624 521 2803 567 autem
2833 513 3050 569 dicebat
3076 522 3301 586 propter
3327 516 3487 591 563
3520 522 3623 577 Sa-

306 606 499 660 ταῦτα
529 606 586 660 δὲ
617 605 771 673 ἔλεγε
806 601 896 655 διὰ
926 602 1053 664 τοὺς
1084 600 1435 670 Σαμαρείτας
1464 602 1565 669 ἤδη
1603 617 1907 671 προσερχο-

312 699 512 769 μένους
542 696 709 765 αὑτῷ.
757 695 1033 767 Ἐπάρατε
1066 690 1161 747 οὖν
1203 694 1331 757 τοὺς
1370 693 1684 762 ὀφθαλμοὺς
1716 692 1904 760 ὑμῶν,

307 794 425 845 εἴτε
456 792 580 853 τοὺς
606 787 852 859 νοητοὺς,
878 789 985 842 εἴτε
1012 789 1138 851 τοὺς
1164 787 1478 855 αἰσθητοὺς,
1508 787 1603 838 καὶ
1633 784 1905 838 θεάσασθε

309 884 375 937 τὸ
402 882 606 951 πλῆθος
636 880 746 932 τῶν
781 879 1241 952 προσερχομένων
1270 876 1651 947 Σαμαρειτῶν,
1686 877 1781 930 καὶ
1808 875 1907 938 τὰς

311 976 395 1037 εἰς
419 974 518 1042 τὴν
544 973 727 1026 πίστιν
752 972 1067 1043 προθύμους
1095 972 1189 1024 καὶ
1219 970 1469 1039 ἑτοίμους
1496 968 1678 1039 ψυχὰς
1698 967 1904 1029 αὐτῶν,

310 1068 515 1128 αἵτινες
540 1065 731 1136 ὥσπερ
760 1064 933 1135 χῶραι
964 1062 1337 1132 λευκασμέναι
1367 1062 1581 1115 δέονται
1614 1058 1904 1130 θερισμοῦ.

310 1158 581 1228 Καθάπερ
608 1159 715 1228 γὰρ
746 1159 794 1210 ot
825 1156 1076 1224 στάχυες,
1105 1156 1236 1208 ὅταν
1266 1152 1661 1216 λευκανθῐῦσιν,
1696 1151 1904 1220 ἕτοιμοι

311 1251 394 1309 εἰς
445 1250 741 1320 θερισμῆν,
786 1246 930 1299 οὕτω
977 1249 1071 1300 καὶ
1119 1240 1266 1301 οῦτοι
1299 1247 1437 1316 πρὸς
1482 1246 1757 1316 σωτηρίαν
1800 1244 1906 1296 εἰσὶ

311 1340 855 1410 παρεσκευασμένοι.
886 1357 903 1389 ι
935 1340 1046 1393 Καὶ
1074 1342 1100 1392 6
1126 1337 1361 1411 θερίζων
1392 1340 1583 1410 μισθὸν
1613 1338 1900 1409 λαμϐάνει,

308 1434 407 1488 καὶ
457 1433 681 1500 συνάγει
734 1433 945 1503 καρπον
989 1434 1070 1496 είς
1121 1432 1267 1503 ζωὴν
1316 1433 1573 1485 αἰώνιονο
1616 1433 1701 1485 ἵνα
1734 1432 1828 1484 καὶ
1876 1432 1905 1483 6

310 1524 556 1596 σπείρων
582 1522 720 1594 ὁμοῦ
755 1526 944 1595 χαίρῃ,
982 1518 1076 1577 καὶ
1110 1526 1137 1577 6
1170 1524 1426 1592 θερίζων.
1468 1542 1485 1574 ι
1529 1524 1592 1575 Ὃ
1636 1522 1692 1575 δὲ
1728 1521 1900 1589 λέγει,

306 1617 551 1672 τοιοῦτόν
575 1618 745 1670 ἐστιν*
779 1618 840 1671 Οἱ
874 1616 1151 1687 προφῆται
1184 1616 1470 1688 ἐσπειραν,
1504 1615 1620 1669 ἀλλ’
1649 1616 1750 1669 οὐκ
1781 1614 1904 1667 ἐθέ-

313 1727 494 1780 ρισαν.
533 1709 607 1763 Οὐ
640 1710 748 1779 μὴν
780 1708 866 1761 διὰ
901 1708 1061 1762 τοῦτο
1095 1709 1505 1780 ἀπεστέρηνται
1554 1707 1652 1774 τῆς
1680 1707 1898 1778 ἡδονῆς,

306 1804 449 1859 ἀλλά
480 1803 575 1856 σὺν
612 1803 746 1871 ἡμῖν
782 1800 1186 1872 χαίρουσινρεί
1221 1804 1313 1855 καὶ
1347 1801 1421 1872 μὴ
1453 1802 1550 1854 σὺν
1582 1802 1715 1871 ἡμῖν
1751 1798 1901 1869 θερί-

309 1899 520 1964 ζουσιν,
588 1894 728 1966 ὅπερ
755 1894 812 1948 ὲν
843 1895 955 1958 τοῖς
977 1895 1258 1965 αἰσθητοῖς
1289 1894 1573 1966 θερισμοῖς
1600 1895 1701 1947 οὐκ
1732 1892 1899 1945 ἔστιν.

318 1992 468 2045 Ἐκεῖ
497 1988 605 2058 γὰρ
637 1987 733 2043 ἐὰν
765 1988 948 2056 συμϐῇ
977 1987 1139 2041 ἄλλον
1162 1989 1388 2058 σπεῖραι
1417 2026 1432 2051 ,
1474 1986 1565 2040 καὶ
1608 1986 1768 2041 ἄλλον
1810 1986 1900 2037 θεο

306 2084 481 2156 ρίσαι,
516 2084 666 2154 λύπη
696 2082 775 2153 τῷ
819 2082 894 2152 μὴ
927 2078 1221 2149 θερίζοντι.
1274 2079 1363 2132 Ἐν
1411 2079 1468 2132 δὲ
1504 2080 1616 2140 τοῖς
1656 2095 1902 2147 πνευμα-

303 2180 476 2233 τικοῖς
499 2216 514 2239 ,
548 2177 647 2248 οὐχ
674 2173 850 2237 οὕτως
870 2190 883 2203 ⁸
915 2172 1050 2225 ἀλλὰ
1090 2173 1185 2225 καὶ
1212 2171 1263 2224 οἱ
1294 2171 1573 2241 προφῆται
1616 2168 1900 2240 προκηρύ-

306 2268 521 2334 ξαντες,
554 2270 648 2321 καὶ
676 2266 1126 2338 προμαλάξαντες
1154 2264 1263 2318 τῶν
1291 2262 1599 2335 ἀνθρώπιον
1624 2262 1725 2323 τὰς
1758 2260 1899 2329 γνώ-

307 2377 440 2431 μας,
495 2360 747 2431 χαίρουσι
803 2359 902 2411 σὺν
962 2360 1094 2429 ἡμῖν
1145 2359 1260 2420 τοῖς
1317 2355 1399 2417 εἰς
1449 2354 1727 2426 σωτηρίαν
1772 2355 1899 2417 τοὺς

304 2453 628 2524 ἀνθρώπους
685 2450 1040 2519 ὲιρελκύσασι.
1076 2450 1149 2503 Τὸ
1198 2449 1275 2516 δὲ,
1330 2466 1348 2500 ι
1392 2446 1534 2517 Ἐγὼ
1602 2449 1748 2518 ὑμᾶς
1786 2450 1897 2501 ἁπ-

305 2546 527 2601 ἐστειλα
551 2546 809 2617 θερίζειν,
830 2546 857 2598 ὃ
878 2546 975 2613 οὐχ
1000 2545 1158 2615 ὑμεῖς
1179 2541 1570 2607 κεκοπιάκατε,
1588 2561 1605 2593 ι
1631 2542 1719 2595 διὰ
1740 2540 1897 2596 τοῦτό

306 2657 477 2707 φησιν
517 2642 545 2693 6
576 2639 813 2710 Κύριος,
862 2639 928 2691 ἵν’
959 2640 1088 2693 ὅταν
1120 2637 1429 2710 ἀποστέλλῃ
1474 2639 1602 2699 τοὺς
1649 2635 1895 2706 μαθητὰς

300 2734 403 2785 ἐπὶ
432 2733 492 2785 τὸ
529 2713 831 2805 κήρυγμαῖ
855 2731 932 2803 μὴ
981 2730 1389 2799 θορυϐηθῶσιν,
1420 2728 1494 2792 ὡς
1540 2730 1620 2792 εἰς
1661 2729 1895 2798 πρᾶγμα

303 2826 564 2878 ἐπίπονον
617 2812 1103 2893 ἀποστελλόμενοι.
1161 2822 1236 2876 Τὸ
1292 2822 1402 2892 γὰρ
1451 2812 1891 2891 ἐπιπονώτερον,

306 2918 493 2987 φησὶν,
515 2918 563 2968 οἱ
591 2917 872 2987 προφῆται
897 2916 1239 2980 ἀνεδέξαντο,
1268 2915 1426 2985 ὑμεῖς
1456 2913 1513 2967 δὲ
1546 2914 1640 2970 ἐπὶ
1666 2913 1728 2966 τὸ
1754 2912 1896 2966 ἕτοι-

307 2992 411 3079 μον
454 3006 757 3077 πέμπεσθε.
802 3008 974 3078 Λάγον
1008 3008 1065 3060 δὲ
1102 3006 1360 3075 ἀληθινόν
1386 3022 1551 3077 φησι,
1592 3005 1895 3077 παροιμίαν

302 3102 428 3155 τινὰ
479 3101 921 3171 περιφερομένην
961 3101 1113 3172 παρὰ
1152 3101 1229 3170 τῷ
1263 3101 1493 3170 πλήθει,
1535 3100 1615 3152 ὅτι
1648 3118 1666 3151 ι
1698 3100 1895 3162 ’Ἄλλος

2013 602 2348 665 maritanos,
2388 605 2478 673 qui
2517 602 2631 670 jam
2683 607 2977 662 veniebant
3016 609 3083 661 ad
3131 608 3330 678 ipsum.
3373 613 3624 672 Attollite

2012 691 2180 762 igitur
2213 695 2403 751 oculos
2437 708 2668 759 vestros,
2699 697 2787 753 vel
2817 699 3134 768 spirituales
3170 702 3250 756 vel
3280 706 3569 761 scusibiles
3603 747 3619 772 ,

2012 797 2063 841 et
2090 798 2333 857 spectate
2365 793 2768 847 multitudinem
2804 792 3302 861 Samaritanorum,
3328 808 3383 851 et
3407 801 3624 855 animas

2011 881 2251 951 ipsorum
2292 885 2362 936 ad
2412 884 2572 939 tidem
2620 884 2832 939 alacres
2874 898 2926 941 et
2967 898 3270 957 pro:uptas,
3306 905 3426 957 quae
3458 893 3618 961 quasi

2014 975 2271 1055 regiones
2303 976 2463 1043 albae,
2506 992 2641 1045 opus
2681 978 2883 1034 habent
2920 982 3274 1036 messoribus.
3308 981 3443 1036 Nam
3474 987 3621 1039 sicut

2010 1067 2193 1122 aristae
2242 1083 2367 1122 cum
2403 1068 2607 1123 fuerint
2642 1070 2802 1136 alhze,
2842 1084 3044 1140 parata:
3096 1084 3223 1128 sunt
3259 1077 3325 1128 ad
3363 1090 3620 1141 messem,

2012 1163 2083 1214 ita
2116 1171 2168 1215 et
2201 1162 2283 1216 ha:
2313 1164 2378 1217 ad
2412 1164 2644 1219 salutem
2685 1176 2811 1219 sunt
2852 1178 3195 1236 prwparalte.
3239 1188 3258 1220 ι
3302 1168 3369 1222 Et
3405 1180 3621 1226 metens

2013 1252 2320 1305 mercedem
2347 1253 2566 1321 accipit,
2592 1261 2646 1309 et
2677 1254 2880 1322 colligit
2910 1253 3146 1309 fructum
3175 1257 3228 1309 in
3261 1257 3428 1311 vitam
3461 1272 3622 1313 mter-

2010 1357 2156 1407 nam,
2207 1351 2261 1397 ut
2302 1353 2357 1398 ct
2395 1344 2674 1401 seminans
2706 1345 2868 1400 simul
2902 1348 3169 1414 gaudeat,
3198 1356 3253 1403 et
3289 1362 3500 1404 metens
3541 1371 3553 1406 :
3594 1369 3611 1401 ι

2008 1437 2153 1506 quod
2184 1437 2331 1493 hunc
2354 1452 2578 1493 sensum
2613 1438 2799 1504 habet,
2844 1438 3136 1507 Propheta:
3166 1441 3580 1497 seminaverunt
3601 1483 3618 1507 ,

2006 1530 2101 1583 sed
2140 1544 2244 1583 non
2283 1539 2651 1597 messuerunt,
2702 1546 2876 1600 neque
2909 1540 3194 1602 propterea
3248 1533 3450 1602 privati
3486 1544 3619 1590 sunt

2008 1620 2327 1690 voluptate,
2377 1621 2470 1675 Sed
2508 1621 2792 1677 nobiscum
2842 1622 3095 1677 Iactantur
3124 1622 3239 1695 (α),
3272 1635 3324 1680 et
3365 1626 3622 1695 quamvis

2006 1716 2295 1769 nobiseum
2326 1729 2433 1769 non
2468 1725 2703 1779 metant,
2739 1717 2791 1771 id
2821 1716 2967 1785 quod
2998 1717 3051 1771 iu
3084 1719 3442 1774 sensibilibu‘s
3472 1735 3617 1775 mes-

2010 1806 2163 1861 sibus
2212 1821 2317 1861 non
2347 1816 2451 1861 est.
2488 1805 2604 1861 Illic
2639 1807 2785 1860 enim
2825 1808 2869 1861 si
2896 1808 3145 1862 evenerit
3174 1810 3320 1878 quod
3353 1810 3499 1864 alius
3531 1826 3623 1867 se-

1939 1872 1981 1931 Β
2013 1899 2209 1965 minat,
2244 1908 2300 1953 et
2337 1899 2475 1954 alius
2509 1899 2684 1963 metit,
2718 1899 2942 1954 tristitia
2973 1912 3055 1954 est
3100 1915 3208 1955 non
3254 1904 3505 1959 metenti.
3559 1904 3616 1959 ln

2012 1992 2390 2061 Spiritualibus
2417 2000 2597 2047 autem
2637 2008 2746 2046 non
2781 1994 2883 2059 sic,
2916 1993 3013 2048 sed
3049 2005 3101 2048 et
3129 1998 3409 2065 prephetae
3452 2007 3618 2053 antea

2010 2085 2466 2156 prcedicaveruut,
2497 2096 2547 2140 et
2577 2086 3039 2155 prtcmolliverunt
3065 2089 3344 2143 hominum
3364 2101 3576 2145 mentes
3596 2131 3612 2157 ,

2012 2179 2154 2233 unde
2191 2178 2471 2233 vobiscum
2520 2179 2798 2250 gaudent,
2839 2181 2928 2247 qui
2974 2179 3227 2237 homines
3264 2182 3331 2236 ad
3379 2183 3614 2239 salutem

2008 2272 2219 2339 capitis.
2258 2290 2277 2323 ι
2320 2272 2433 2342 Ego
2466 2287 2563 2327 vos
2595 2284 2778 2326 autem
2816 2276 2938 2329 misi
2984 2283 3041 2327 ut
3074 2276 3304 2330 metatis
3333 2277 3479 2345 quod
3516 2292 3614 2334 vos

2009 2379 2115 2417 non
2141 2364 2486 2427 elaborastis,
2534 2384 2553 2415 ι
2592 2372 2881 2433 propterea
2920 2366 3051 2420 dicit
3081 2366 3364 2434 Dominus,
3402 2382 3473 2422 ne
3532 2371 3619 2423 di-

2008 2458 2199 2527 scipuli
2252 2458 2314 2511 ad
2348 2457 2795 2527 prtedicationem
2833 2460 2985 2513 missi
3023 2459 3313 2515 turbentur
3346 2463 3503 2530 quasi
3547 2464 3615 2515 ad

2010 2566 2122 2604 rem
2160 2549 2431 2613 didit-plent
2464 2568 2478 2605 :
2512 2568 2634 2605 nam
2668 2553 2813 2621 quod
2844 2570 3139 2607 onerosum
3164 2562 3304 2618 erat,
3332 2554 3616 2623 propheta:

2004 2654 2399 2711 Susceperam;
2440 2660 2537 2699 vos
2561 2654 2742 2700 autem
2784 2646 2837 2699 itt
2875 2648 3510 2715 pra~paratamittimini.
3543 2650 3615 2701 At

2006 2748 2312 2787 sermonem
2344 2750 2530 2789 verum
2559 2736 2710 2802 dicit,
2736 2738 3087 2804 proverbium
3111 2738 3271 2808 vulgo
3295 2737 3567 2807 jactatum
3594 2754 3610 2793 :

2011 2845 2029 2879 ι
2084 2829 2233 2884 Alius
2261 2839 2344 2885 est
2384 2831 2475 2900 qui
2518 2832 2775 2911 seminat,
2810 2842 2865 2886 et
2911 2832 3054 2887 alios
3087 2834 3179 2903 qui
3213 2835 3390 2890 metit.
3441 2853 3459 2887 ι
3500 2833 3614 2891 Ob-

2003 2935 2162 2975 serva
2196 2931 2377 2977 autem
2409 2925 2684 2993 quomodo
2712 2925 2896 2978 omnia
2927 2941 2991 2980 ex
3026 2927 3360 2983 auctoritate
3407 2938 3464 2984 et
3506 2930 3609 2981 tto-

2005 3011 2175 3064 minio
2227 3011 2454 3068 indicet.
2494 3032 2512 3064 ι
2556 3014 2666 3084 Ego
2702 3014 2823 3068 misi
2858 3029 2957 3071 vos
2986 3016 3053 3070 ad
3091 3017 3422 3073 metendum.
3454 3037 3473 3070 ι
3501 3019 3614 3074 Au-

2005 3102 2159 3157 diant
2193 3102 2466 3158 maledicti
2495 3104 2834 3161 Marcionita:
2863 3116 2918 3161 et
2948 3107 3258 3174 Manichtei,
3297 3121 3351 3166 et
3377 3111 3608 3176 similes,

298 3193 450 3245 ἐστὶν
476 3193 775 3262 ὁβπείρων,
796 3196 888 3245 καὶ
912 3192 1067 3256 ἄλλος
1091 3195 1119 3245 6
1148 3192 1401 3263 θερίζων.
1431 3212 1449 3245 ι
1496 3192 1639 3263 Ὅρα
1660 3194 1738 3257 δε,
1775 3192 1892 3256 πῶς

2004 3197 2094 3265 qui
2131 3194 2297 3250 Vetus
2345 3194 2759 3251 Testamentum
2797 3213 2827 3251 a
2872 3197 3025 3255 Novo
3060 3202 3375 3257 abalienaut
3424 3219 3439 3261 ι
3480 3219 3606 3256 nam

301 3285 487 3337 πάντα
514 3285 853 3349 δεσποτικῶς
883 3285 1031 3353 λέγει
1057 3285 1153 3340 καὶ
1186 3286 1636 3352 ὲξουσιαστικῶς
1674 3304 1693 3338 ι
1754 3286 1895 3355 Ἐγὼ

301 3377 603 3432 ἀπέστειλα
643 3378 798 3446 ὑμᾶς
834 3376 1095 3448 θερίζειν.
1160 3396 1178 3430 ι
1244 3377 1623 3431 Ἀκουέτωσαν
1674 3379 1726 3431 οἱ
1767 3380 1896 3449 περὶ

302 3471 610 3542 Μαρκίωνα
665 3472 757 3522 τὸν
806 3472 1136 3542 κατάρατον,
1174 3471 1272 3524 καὶ
1302 3473 1581 3537 Μλνεντα,
1636 3473 1730 3527 καὶ
1768 3473 1896 3536 τοὺς

298 3564 602 3629 τοιούτους,
651 3562 699 3615 οἳ
729 3565 829 3633 τὴν
872 3563 1116 3618 Παλαιθιν
1153 3562 1430 3635 Διαθήκην
1466 3564 1893 3636 ἀπαλλοτριοῦσι

430 3657 575 3718 Νέας
602 3673 615 3687 ο
658 3655 953 3710 κάντεῦθεν
987 3656 1095 3728 γὰρ
1129 3657 1467 3727 ἐλέγχονται.
1494 3658 1557 3709 Εἰ
1592 3658 1702 3727 γὰρ
1740 3658 1894 3711 ἀλλο-

298 3752 431 3818 τρία
456 3745 524 3820 ἦν
548 3752 579 3819 ἡ
610 3750 841 3814 Παλαιὰ,
874 3750 989 3813 πῶς
1023 3753 1069 3808 οἱ
1095 3750 1383 3804 ἀπόστολοι
1420 3750 1673 3819 ἐθέρισαν
1696 3754 1764 3805 τὰ
1785 3752 1894 3804 τῶν

299 3842 636 3912 «mammia;
670 3844 836 3897 Ὥστε
871 3846 992 3898 ἐπεὶ
1023 3846 1091 3899 τὰ
1122 3848 1220 3916 τῆς
1257 3846 1500 3908 Παλαιᾶς
1523 3845 1573 3897 οί
1605 3845 1892 3900 ἀπόστολοι

297 3935 580 4005 ἐθέρισαν,
607 3936 708 3989 οὐκ
731 3936 991 4007 ἀλλοτρία
1018 3938 1116 4007 τῆς
1146 3939 1356 4008 Καινῆς
1380 3940 1655 4011 Διαθήκης
1686 3941 1889 4013 ἐκείνη,

298 4027 420 4080 ἀλλ’
440 4030 749 4101 ἀμφότεραι
776 4030 893 4100 μία.
923 4033 1302 4086 Ἀκουέτωσαν
1324 4034 1418 4087 καὶ
1442 4036 1490 4087 οἱ
1516 4036 1643 4106 περὶ
1666 4036 1891 4107 Ἀρειον

297 4117 422 4181 πῶς
459 4120 532 4181 ὡς
574 4121 779 4189 Κύριος
808 4120 1286 4193 καινὲξουσιαστὴς
1318 4124 1528 4195 πέμπει
1556 4126 1685 4189 τοὺς
1717 4127 1894 4196 μαθη-

294 4212 401 4272 τάς
431 4225 443 4237 ⁵
476 4212 685 4280 πέμπει
718 4213 796 4275 δὲ,
841 4214 927 4266 ἴνα
958 4216 1064 4266 ἀπὸ
1106 4217 1213 4267 τῶν
1248 4218 1451 4285 γηΐνων
1488 4216 1769 4287 θερίσωσι,
1798 4218 1893 4272 καὶ

296 4304 575 4372 ἐκτέμωσι
616 4306 738 4367 τοὺς
774 4322 972 4373 προσ-τε
990 4308 1224 4376 τηκί-ας
1264 4311 1447 4369 αὐτοῖς
1488 4312 1582 4364 καὶ
1619 4312 1893 4383 Ἕλληνας

815 4400 908 4449 καὶ
958 4400 1036 4461 εἰς
1073 4416 1097 4450 τ
1156 4420 1171 4449 ι
1201 4399 1315 4453 ἅλω
1346 4402 1760 4473 ἀποκομίζωσιν
1797 4405 1895 4457 αὐ-

298 4492 446 4550 τοῖς,
476 4490 571 4557 τὴν
618 4489 946 4556 Ἐκκληεικν
992 4493 1075 4558 λὲγ
1155 4508 1165 4520 ·
1199 4494 1257 4543 ὲν
1366 4494 1767 4564 γενόμενοι-διὰ
1798 4498 1891 4551 τοῦ

297 4397 395 4449 κεεῖι
454 4398 736 4455 ’ἐυανῖαὶους
764 4438 775 4459 ,

2000 3299 2052 3343 et
2077 3289 2179 3343 hoc
2208 3289 2326 3343 loco
2359 3291 2786 3361 retlargnuntttr.
2822 3290 3040 3345 Etenim
3071 3294 3114 3347 si
3142 3295 3383 3349 alienum
3411 3295 3611 3350 fuisset

2002 3380 2199 3447 Vetus,
2221 3380 2495 3452 quomodo
2525 3384 2758 3454 apostoli
2793 3386 3157 3440 messuisscut
3179 3401 3244 3441 ea
3273 3402 3394 3456 quae
3426 3404 3453 3442 a
3484 3403 3610 3455 aro-

1999 3473 2179 3543 pltetis
2210 3473 2521 3528 seminata?
2552 3472 2707 3529 Unde
2740 3478 2867 3543 quia
2901 3474 3134 3545 apostoli
3166 3487 3513 3531 messueruut
3539 3490 3605 3530 ea

1998 3580 2119 3635 qua:
2142 3566 2195 3620 in
2219 3563 2427 3629 Veteri,
2456 3582 2561 3622 non
2593 3567 2829 3620 alienum
2859 3577 2941 3641 est
2964 3567 3139 3635 ipsum
3172 3582 3203 3621 a
3228 3566 3382 3623 Novo
3413 3566 3606 3623 Testa-

2001 3669 2185 3713 mento
2208 3697 2224 3723 ,
2260 3660 2353 3714 sed
2388 3668 2619 3728 utraque
2646 3675 2814 3712 unum
2846 3668 2999 3714 sunt.
3026 3660 3267 3714 Audiant
3300 3670 3352 3716 ct
3385 3662 3605 3730 Ariani,

1998 3751 2275 3821 quomodo
2320 3761 2580 3820 tanquam
2620 3750 2884 3805 Dominus
2924 3762 2981 3805 et
3024 3761 3357 3823 potestatem
3397 3756 3609 3811 habens

1999 3848 2178 3900 mittat
2225 3845 2545 3913 discipulos.
2588 3842 2752 3898 Mittit
2784 3854 2966 3897 autem
3002 3851 3060 3898 ιιι
3094 3845 3161 3900 de
3199 3845 3435 3915 terrenis
3489 3862 3608 3903 me-

2002 3950 2117 3994 tant
2148 3948 2202 3994 et
2231 3948 2496 3993 exsecent
2540 3953 2634 3992 eos
2669 3938 2761 4008 qui
2800 3937 3035 3993 terrenis
3080 3936 3223 3991 allixi
3258 3950 3451 4006 erant,
3498 3949 3606 3994 tam

1997 4033 2228 4103 gentiles
2270 4048 2434 4102 quant
2461 4031 2698 4093 ludat-os,
2746 4032 3118 4101 invehantque
3163 4031 3285 4088 illos
3315 4030 3368 4086 in
3395 4047 3605 4098 aream,

1999 4126 2303 4181 Ecclesium
2336 4126 2480 4191 dico,
2521 4127 2572 4179 iu
2604 4141 2707 4194 qua
2750 4125 3148 4180 conculceutur
3176 4140 3204 4178 a
3239 4125 3411 4180 bobus
3438 4168 3453 4193 ,
3495 4126 3602 4184 hoc

1997 4229 2080 4274 est
2140 4218 2491 4282 doctoribus;
2528 4227 2580 4273 et
2608 4218 2829 4286 jaceant
2870 4219 2972 4271 sub
3010 4218 3115 4272 illis
3147 4232 3211 4271 ac
3249 4219 3603 4284 triturentur,

1996 4330 2117 4368 cum
2145 4327 2347 4366 omnes
2371 4311 2578 4381 paleas,
2614 4320 2668 4365 et
2720 4310 2861 4380 ignis
2911 4312 3154 4365 fomitem
3184 4349 3197 4373 ,
3236 4319 3293 4366 et
3329 4314 3596 4383 quidquid

1996 4405 2253 4461 caittcum
2288 4415 2389 4469 est,
2430 4404 2751 4474 objecerint,
2780 4413 2832 4459 et
2864 4402 2993 4458 facti
3030 4419 3163 4473 pura
3202 4420 3373 4475 grana
3404 4406 3457 4460 in
3484 4421 3603 4463 etn-

1997 4498 2118 4552 lesti
2158 4512 2297 4565 penu
2346 4505 2706 4566 reponantur,
2744 4510 2807 4550 ac
2857 4497 3053 4549 deinde
3095 4498 3253 4551 cibus
3300 4498 3432 4552 [iant
3482 4500 3603 4564 Dei,

300 4580 565 4635 emam
589 4583 741 4653 παρὰ
762 4582 868 4634 τῶν
902 4582 1063 4651 βοῶν,
1135 4583 1338 4637 λυτέστι
1392 4585 1501 4639 τῶν
1528 4587 1889 4656 διδασκάλων,

2004 4590 2091 4659 qui
2127 4589 2329 4659 gaudet
2376 4589 2428 4641 ιιι
2477 4588 2657 4641 salute
2684 4602 2897 4640 eorum.
2933 4585 3012 4640 lta
3044 4585 3248 4643 Paulus
3280 4591 3530 4659 messuit,
3578 4608 3607 4646 a

298 4677 399 4727 καὶ
436 4674 756 4727 ὑποκεῖσθαι
792 4676 997 4739 αὐτοῖς,
1027 4676 1323 4746 τρίϐονται,
1359 4678 1451 4729 καὶ
1489 4681 1598 4731 πᾶν
1642 4682 1894 4752 ἀσχυρῶ-

296 4770 409 4831 δες,
432 4770 525 4821 καὶ
551 4786 613 4820 σα
625 4769 833 4837 ρκικὸν,
862 4768 956 4821 καὶ
981 4770 1073 4821 τοῦ
1097 4771 1273 4838 πυρὸς
1296 4771 1630 4843 ὑπέγκαυμα
1655 4776 1896 4829 ἀποϐαλ-

300 4863 553 4930 λιὶμενοι,
591 4861 825 4931 καθαροὶ
862 4861 1053 4914 κόκκοι
1088 4865 1154 4931 τῇ
1193 4863 1433 4934 οὐρανίῳ
1500 4866 1759 4939 ἀποθήκη
1808 4872 1894 4924 ἐν·

310 4954 704 5016 αποτίθενται,
739 4952 856 5007 εἶτα
892 4956 986 5007 καὶ
1037 4955 1233 5026 βρῶμα
1271 4958 1510 5024 γίνονται
1534 4960 1628 5012 τοῦ
1656 4962 1791 5014 Θεοῦ
1827 4966 1892 5034 τῇ

304 5049 553 5122 σωτηρίᾳ
584 5048 792 5101 τούτων
844 5049 1364 5118 ὲνευφραινομένου.
1409 5050 1597 5115 Οὕτως
1628 5055 1655 5105 6
1685 5054 1897 5121 Παῦλος

2003 4676 2146 4739 tort'a
2196 4685 2489 4745 re'secaus,
2524 4690 2580 4733 et
2629 4681 2833 4735 docens
2887 4695 3013 4735 nos-
3046 4681 3190 4749 quod
3237 4683 3610 4753 municipatus

2006 4784 2192 4830 noster
2219 4774 2274 4827 in
2300 4773 2457 4828 cmlis
2482 4773 2554 4826 sit
2583 4772 2652 4827 ¹⁰.
2679 4771 3019 4826 Cavillantur
3043 4782 3224 4827 autem
3249 4775 3469 4841 quidam
3506 4776 3609 4830 hoc

2007 4869 2151 4924 dicto
2188 4868 2367 4937 lepide
2400 4880 2595 4929 senes,
2644 4865 2817 4920 videri
2856 4866 3108 4935 regiones
3144 4866 3289 4933 quod
3326 4866 3464 4921 alba:
3500 4869 3613 4921 siut

2008 4965 2074 5017 ad
2108 4976 2337 5018 messem
2363 5002 2377 5026 ,
2410 4970 2632 5031 propter
2664 4974 2831 5013 cauos
2861 4960 3093 5022 scilicet,
3122 4970 3177 5013 et
3203 4974 3439 5014 messctn
3470 4978 3613 5015 mor-

1952 5115 1957 5119 _
2011 5059 2102 5113 tis.

302 5140 521 5212 ἐθέριζε
553 5144 777 5214 τῆςγῆς
810 5144 1153 5213 ἀποτέμνων.
1183 5148 1280 5197 καὶ
1340 5147 1606 5201 διδάσκων
1642 5151 1812 5221 ἡμᾶς,
1884 5158 1967 5213 ὅτι
1999 5159 2061 5212 το
2100 5153 2408 5221 πολίτευμα
2454 5150 2613 5221 ἡμῶν
2650 5151 2708 5202 ἐν
2758 5149 3017 5221 οὐρανοῖς
3048 5150 3305 5220 ὑπάρχει.
3352 5148 3605 5221 Χρῶνται

301 5239 361 5291 δέ
392 5254 535 5301 τινες
564 5238 659 5290 καὶ
690 5240 784 5292 ἐπὶ
812 5239 918 5290 τῶν
950 5240 1223 5307 γερόντων
1253 5244 1556 5311 χαριέντως
1582 5244 1680 5315 τῷ,
1720 5265 1739 5298 ι
1770 5248 2054 5305 Θεὰσασθε
2088 5251 2187 5313 τὰς
2219 5246 2426 5319 χώρας,
2472 5247 2557 5300 ὃτι
2628 5245 2818 5298 λευκαί
2879 5246 2988 5295 εἱσι
3054 5244 3191 5313 πρὸς
3251 5244 3536 5317 θερισμὸν,
3584 5266 3599 5296 ι

300 5332 392 5385 διὰ
417 5332 515 5393 τὰς
538 5330 728 5393 πολιὰς
755 5331 980 5400 δηλαδὴ,
1001 5331 1095 5383 καὶ
1120 5332 1209 5383 τὸν
1232 5332 1327 5384 τοῦ
1353 5334 1582 5388 θανάτου
1606 5337 1892 5409 θερισμόν.

367 5444 385 5474 ι
428 5425 521 5476 Ἐκ
552 5424 607 5475 δὲ
632 5425 733 5493 τῆς
764 5425 972 5487 πόλεως
1006 5426 1220 5494 ἐκείνης
1254 5428 1437 5481 πολλοὶ
1465 5431 1795 5485 ἐπίστευσαν
1822 5438 1901 5498 είς

304 5517 469 5571 αὐτὸν
495 5516 602 5569 τῶν
631 5518 988 5588 Σαμαρειτῶν
1036 5518 1121 5571 διὰ
1162 5521 1253 5572 τὸν
1299 5522 1454 5589 λόγον
1502 5524 1601 5592 τῆς
1640 5529 1900 5593 γυναικὸς

308 5608 718 5680 μαρτυρούσης,
754 5610 835 5663 ὅτι
856 5603 989 5663 Εἷπέ
1007 5629 1096 5681 μοι
1117 5613 1669 5688 πάνταὸσαεποίησα.
1706 5619 1789 5684 Ὣς
1810 5616 1903 5675 οὖν

380 5746 427 5778 ¹⁰
492 5746 723 5817 Philipp.
763 5763 841 5813 ιιι,
880 5746 971 5802 20.

2090 5432 2253 5488 Vsus.
2286 5431 2479 5486 39-42.
2514 5449 2531 5480 ι
2566 5429 2641 5484 Ex
2674 5430 2891 5484 civitate
2914 5441 3097 5485 autem
3116 5429 3214 5484 illa
3240 5430 3393 5484 multi
3425 5429 3613 5483 Sama-

2014 5530 2314 5581 ritanorum
2368 5524 2721 5578 crediderunt
2768 5523 2819 5576 itt
2869 5538 2993 5577 eum
3037 5533 3261 5593 propter
3304 5537 3611 5581 sermonem

2020 5640 2051 5675 ιι
2078 5621 2263 5675 ulicris
2290 5618 2639 5674 testiﬁcantis
2672 5618 2816 5688 quod
2850 5618 3081 5675 dixisset
3111 5617 3215 5675 sibi
3245 5618 3427 5672 omnia
3463 5631 3614 5687 muc-

377 5865 634 5934 (Q)Etiit.
672 5865 797 5921 Lut.
863 5882 966 5919 non
1026 5867 1208 5921 habet.
1277 5868 1362 5921 scd
1436 5870 1703 5922 nui-iscum
1775 5870 2044 5923 ltt‘ttmtttr.
