4078 6330
573 405 709 468 127.1
1432 401 2019 467 THEOPHYLACTI
2061 400 2482 468 BULGARIE
2520 399 2878 464 ABCIIIEP.
3702 398 3836 462 12.32

557 538 772 592 cunque
792 521 1026 577 fecisset.
1063 521 1197 576 Cum
1229 520 1652 590 venissentergo
1679 519 1744 573 ad
1770 519 1917 574 illum
1946 519 2138 575 Sama-

2197 534 2210 578 t
2241 518 2402 592 ἦλῦον
2438 519 2572 589 πρὸς
2604 517 2766 571 αὐτὸν
2791 519 2840 569 οἱ
2871 515 3235 586 Σαμαρεῖται,
3263 514 3494 586 ἠρώτων
3516 515 3683 568 αὑτὸν
3713 520 3807 584 μεί

556 614 740 674 ritani,
774 613 934 683 564
967 620 1292 680 rogaverunt
1321 625 1444 664 eum
1480 620 1536 664 ut
1575 612 1712 678 apud
1746 625 1806 665 se
1837 619 2085 666 maneret
2122 629 2136 665 :

2244 630 2332 666 ναι
2365 612 2496 682 παρ’
2527 611 2747 673 αὐτοῖς’
2781 608 2878 662 καλ.
2911 607 3129 679 ἔμεινεν
3159 610 3278 661 ἐκεῖ
3323 607 3419 660 δύο
3463 606 3702 678 ἡμέρας,
3741 607 3835 660 καὶ

556 713 612 756 et
647 703 844 755 mansit
877 701 948 754 ibi
967 701 1101 756 duos
1124 701 1260 763 dies,
1291 714 1355 753 ac
1381 701 1551 755 multo
1578 700 1758 768 plures
1787 699 2140 754 crediderunt

2245 703 2424 773 πολλῴ
2452 701 2669 766 πλείους
2693 701 3027 754 ἐπίστευσαν
3048 700 3136 753 διὰ
3162 706 3253 753 τὸν
3278 701 3438 768 λόγον
3467 697 3665 753 αὑτοῦ·
3685 701 3750 768 τῇ
3775 716 3834 752 τι

558 805 777 864 propter
805 806 1114 847 sermonem
1134 793 1323 864 ipsius,
1341 806 1392 846 et
1421 793 1631 847 mulieri
1679 791 1936 848 dicebant
1973 811 1987 848 :
2019 790 2139 846 Jam

2243 796 2465 864 γυναικὶ
2495 794 2682 860 ἔλεγον
2705 835 2720 860 ,
2750 794 2832 847 ὅτι
2886 793 3001 846 Οὐκ
3033 792 3114 846 ἔτι
3145 793 3232 845 διὰ
3259 793 3358 863 τὴν
3389 792 3490 862 σὴν
3520 791 3715 845 λαλιὰν
3744 809 3833 843 πι-

557 899 663 938 non
705 892 927 952 propter
977 891 1124 938 tuam
1157 885 1458 938 orationem
1507 883 1817 939 credimus:
1855 886 1953 954 ipsi
1995 884 2138 940 enim

2243 887 2526 957 στεύομεν⁶
2573 885 2730 941 αὐτοὶ
2785 884 2894 955 γὰρ
2942 885 3281 954 ἀκηκόαμεν,
3335 885 3430 938 καὶ
3467 885 3714 956 οἴδαμεν,
3751 885 3830 939 ὅτι

556 978 899 1041 audivimus,
934 985 990 1030 et
1018 977 1224 1033 scimus
1271 978 1415 1045 quod
1451 977 1538 1031 hic
1581 987 1664 1031 est
1711 993 1838 1035 vere
1889 978 2141 1034 Salvator

2241 975 2396 1044 οὗτός
2424 981 2572 1031 ἐστιν
2599 977 2859 1048 ἀληοῶςὸ
2886 973 3081 1048 Σωτὴρ
3102 975 3195 1031 τοῦ
3221 977 3429 1044 κόσμου
3452 978 3480 1030 ὁ
3510 979 3770 1047 Χριστός.
3810 995 3827 1029 ι

553 1071 738 1123 mundi
766 1069 1035 1124 Christus.
1071 1088 1089 1122 ›
1122 1067 1347 1139 PrOpter
1369 1085 1678 1125 sermonem
1706 1071 1950 1125 mulieris
1976 1065 2131 1125 multi

2241 1072 2340 1126 Δια
2379 1070 2470 1124 τὸν
2510 1070 2666 1138 λόγον
2718 1067 2819 1138 τῆς
2856 1069 3116 1138 γυναικὸς
3153 1067 3503 1128 πιστεύουσιν
3543 1069 3595 1121 0i
3641 1069 3831 1138 Σαμα-

471 1214 476 1219 _
554 1159 879 1216 Samaritaui
914 1162 1179 1228 credunt,
1213 1171 1399 1232 utpote
1427 1164 1722 1232 prudenter
1756 1162 1896 1231 apud
1941 1177 1998 1217 sc
2056 1161 2081 1222 il

2244 1169 2423 1237 ρεῖται
2447 1206 2461 1231 ,
2497 1164 2572 1226 ὡς
2605 1164 2816 1218 συνετοὶ
2847 1162 2977 1234 παρ’
3009 1163 3220 1224 ἑαυτοῖς
3265 1160 3590 1232 κρίναντες,
3626 1160 3702 1223 ὠς
3734 1159 3833 1212 οὐκ

553 1254 798 1308 ιίἱοιιηιεε
827 1254 972 1324 quod
1004 1254 1172 1308 vitam
1207 1269 1360 1309 suam
1397 1255 1594 1308 mulier
1629 1270 1734 1308 nun
1766 1257 2040 1323 vulgasset
2071 1255 2136 1309 ad

2247 1258 2314 1313 ἂν
2343 1257 2435 1310 τὸν
2467 1256 2665 1310 οἰκεῖον
2702 1254 2815 1325 βίον
2848 1256 2881 1325 ἡ
2930 1253 3068 1323 γυνὴ
3110 1254 3521 1322 ὲξεπόμπευσεν
3551 1252 3697 1322 ὑπδρ
3739 1251 3829 1304 τοῦ

552 1343 656 1398 hoc
689 1355 747 1397 ut
777 1343 1179 1412 gratificaretur
1214 1343 1393 1410 alteri,
1435 1346 1535 1399 nisi
1565 1359 1691 1399 vere
1732 1360 1959 1414 magnus
2015 1345 2136 1413 quis

2241 1349 2578 1420 χαρίσασθαι
2615 1347 2788 1418 ἑτέρῳ
2811 1388 2823 1408 ,
2861 1347 2910 1399 εί
2945 1347 3020 1416 μὴ
3055 1346 3272 1416 ἀληθῶς
3310 1347 3484 1415 μέγας
3514 1362 3600 1407 τις
3638 1340 3708 1415 ἦν
3738 1346 3829 1398 καὶ

550 1445 697 1488 esset
719 1444 795 1490 -et
842 1449 1007 1504 super
1057 1437 1258 1491 multos
1325 1437 1415 1505 qui
1449 1437 1515 1489 ab
1568 1436 1656 1490 illa
1715 1436 2132 1505 prmdieabatur.

2240 1442 2382 1510 ὑπὲρ
2410 1438 2535 1502 τοὺς
2562 1439 2790 1500 πολλοὺς
2815 1440 2841 1491 6
2868 1437 2960 1489 ὑπ’
2983 1437 3154 1506 αὐτῆς
3179 1437 3604 1509 κηρυττόμενοςο
3629 1435 3712 1488 διὸ
3734 1436 3827 1487 καὶ

550 1525 675 1580 Ideo
711 1536 762 1580 et
805 1525 962 1581 [idem
1009 1527 1264 1596 cperibus
1309 1538 1840 1595 commenstrantes,
1878 1530 2134 1584 obsecra-

2238 1532 2338 1602 τὴν
2367 1533 2551 1584 πίστιν
2574 1532 2682 1592 τοῖς
2717 1531 2898 1598 ἔργοις
2932 1527 3259 1592 δεικνύντες,
3293 1528 3638 1597 παρεκάλουν
3665 1528 3827 1579 αὑτὸν

552 1617 678 1670 haut
709 1615 856 1670 illum
889 1626 947 1670 ut
973 1630 1234 1689 perpetuo
1258 1621 1398 1690 apud
1432 1623 1576 1689 ipsos
1607 1630 1772 1675 esset.
1808 1640 1825 1676 ι
1856 1623 2080 1676 Manere
2109 1642 2127 1675 ι

2237 1620 2303 1673 δι’
2324 1621 2446 1673 ὅλου
2472 1621 2602 1689 παρ’
2627 1622 2842 1681 ἑαυτοῖς
2868 1613 3028 1672 εἶναι·
3060 1619 3120 1671 τὸ
3147 1620 3274 1689 γαρ,
3306 1637 3324 1670 ι
3365 1621 3568 1687 μεῖναι,
3606 1637 3625 1669 ι
3672 1617 3827 1673 toi-:0

551 1707 694 1760 enim
743 1707 844 1761 hoc
889 1708 1181 1778 signiﬁcat,
1232 1722 1553 1778 perpetuum
1609 1710 1944 1764 domicilium
1995 1715 2132 1781 apud

2239 1715 2493 1786 σημαίνει
2527 1715 2587 1766 τὸ
2649 1714 2976 1783 κατοικῆσαι
3013 1713 3234 1776 τελείως
3274 1712 3400 1784 παρ’
3428 1713 3636 1775 αὑτοῖς.
3688 1712 3748 1764 '0
3773 1712 3827 1764 δὲ

553 1799 674 1853 illos
698 1799 918 1854 habere.
954 1798 1147 1855 Verum
1175 1801 1263 1855 ille
1289 1801 1339 1854 iu
1377 1801 1476 1854 hoc
1503 1817 1609 1858 non
1641 1803 2001 1871 obtemperat,
2039 1805 2131 1858 sed

2238 1806 2395 1860 τοῦτο
2425 1805 2524 1876 μὲν
2552 1807 2612 1859 ού
2649 1806 2937 1871 πείθεται,
2968 1806 3062 1859 δύο
3090 1805 3146 1858 δὲ
3192 1806 3358 1876 μόνας
3395 1805 3609 1875 ἡμέρας
3652 1805 3823 1872 μένει·

553 1898 618 1944 ad
646 1893 778 1946 duos
809 1903 1019 1948 tantum
1044 1893 1160 1947 dies
1187 1905 1364 1947 manet
1394 1911 1405 1947 :
1440 1895 1583 1949 unde
1619 1914 1638 1945 c
1677 1905 1730 1947 et
1759 1895 1926 1949 multo
1950 1896 2130 1965 plures

2236 1900 2359 1952 ὅθεν
2412 1864 2508 1950 καὶ
2550 1898 2729 1962 πολλῷ
2763 1898 2984 1960 πλείους
3021 1864 3204 1950 αὐτῶν
3239 1864 3570 1949 ἐπίστευσαν
3610 1896 3701 1948 διὰ
3730 1897 3825 1964 τὴν

551 1985 897 2037 crediderunt
919 1994 1140 2053 propter
1159 1985 1460 2038 doctrinam
1483 1985 1619 2052 ejus.
1657 2005 1674 2037 ι
1705 1986 1943 2042 Tametsi
1969 2005 2130 2043 evan-

2233 1988 2584 2041 διδασκαλίαν
2617 1988 2803 2042 αὑτοῦ.
2833 1987 2940 2039 Καὶ
2967 1987 3076 2057 γὰρ
3097 1989 3123 2040 ὁ
3146 1987 3546 2055 εύαγγελιστὴς
3573 1986 3675 2038 οὐκ
3701 1987 3824 2053 ἐξη-

549 2075 740 2144 gelista
774 2090 881 2129 non
911 2083 1130 2130 enarret
1167 2076 1534 2146 particulatim
1566 2078 1836 2134 mirabilia
1870 2081 2130 2135 doctrinae

2234 2083 2414 2148 γεῖται
2471 2080 2538 2134 τὰ
2599 2081 2742 2133 κατὰ
2799 2080 2962 2150 μέρος
3015 2079 3305 2148 Θαυμαστὰ
3339 2079 3438 2147 τῆς
3473 2077 3822 2139 διδασκαλίας

546 2166 662 2234 ejus
693 2167 877 2232 verba,
904 2176 1100 2222 eventu
1129 2178 1306 2221 tamen
1332 2169 1508 2233 docet,
1544 2178 1599 2222 ut
1631 2170 1994 2240 intelligamus
2023 2174 2131 2227 viro

2235 2171 2403 2225 αὑτοῦ
2451 2173 2714 2244 ῥήματα,
2751 2171 2865 2224 ἀλλ’
2902 2173 3034 2242 ἡμῖν
3082 2187 3146 2236 γε
3190 2171 3375 2223 δίδωσι
3427 2172 3568 2223 νοεῖν
3621 2173 3686 2222 ἐκ
3733 2168 3821 2221 τοῦ

549 2269 713 2313 tatem
741 2260 936 2314 divinze
975 2260 1119 2316 illius
1149 2260 1429 2316 doctrinae.
1463 2260 1599 2315 Nam
1638 2274 1693 2317 et
1737 2265 1901 2318 multa
1943 2265 2044 2320 alia
2076 2276 2131 2322 et

2233 2265 2422 2328 τέλους
2455 2267 2560 2317 των
2595 2264 2941 2334 πραγμάτιον
2969 2264 3065 2334 τὴν
3089 2263 3319 2333 δύναμιν
3350 2263 3449 2330 τῆς
3481 2263 3633 2324 θείας
3659 2261 3820 2314 αὐτοῦ

550 2367 744 2420 magna
775 2362 1060 2407 transeunt
1083 2353 1445 2424 evangelistae,
1471 2369 1535 2409 eo
1559 2357 1698 2424 quod
1720 2372 1826 2412 non
1852 2360 1917 2412 ad
1947 2369 2131 2413 osten-

2233 2358 2604 2420 διδασκαλίας.
2642 2356 2820 2408 Πολλὰ
2849 2356 2957 2426 γάρ
2990 2373 3070 2409 τοι
3095 2355 3193 2410 καὶ
3221 2357 3329 2409 τῶν
3355 2356 3612 2424 μεγάλων
3647 2370 3822 2423 παρα-

548 2445 828 2506 tatioucm,
865 2443 962 2497 sed
997 2445 1062 2496 ad
1098 2444 1381 2503 veritatem
1428 2445 1807 2502 declarandam
1860 2451 2128 2505 scribunt.

2233 2452 2522 2522 τρέχουσιν
2558 2451 2604 2502 oi
2633 2449 3040 2517 εὖαγγελισταὶ,
3067 2451 3148 2502 ὅτι
3181 2448 3256 2520 μὴ
3283 2448 3420 2518 πρὸς
3444 2446 3707 2511 ἐπίδειξιν
3731 2449 3820 2499 καὶ

544 2535 728 2605 Itaque
755 2553 877 2592 cum
907 2537 1168 2594 Dominus
1199 2551 1344 2595 esset
1371 2542 1511 2610 apud
1548 2541 1956 2612 Samaritanos,
1989 2548 2130 2602 veri-

2233 2540 2546 2609 φιλοτιμίαν
2564 2540 2775 2610 γράφου
2786 2556 2887 2604 σιν,
2913 2538 3048 2593 ἀλλὰ
3076 2539 3212 2608 πρὸς
3232 2540 3516 2608 ἀλήθειαν.
3543 2540 3654 2592 Καὶ
3673 2539 3821 2608 παρὰ

544 2628 723 2683 simile
765 2637 846 2682 est
889 2645 1010 2683 eum
1055 2630 1323 2685 diviniora
1372 2631 1617 2701 quaedam
1667 2632 1950 2700 docuisse;
1989 2639 2129 2692 unde

2230 2633 2345 2695 τοῖς
2393 2632 2769 2702 Σαμαρείταις
2815 2629 2907 2684 οὖν
2952 2634 3249 2699 γενόμενον
3286 2631 3379 2683 τὸν
3427 2629 3635 2701 Κύριον
3676 2628 3819 2689 είκὸς

544 2722 692 2776 nullo
739 2722 856 2777 viso
888 2723 1043 2793 signo
1078 2726 1343 2789 credunt,
1385 2733 1438 2778 et
1477 2727 1766 2780 obsecrant
1797 2736 1853 2780 ut
1889 2740 2124 2784 maneat.

2233 2725 2483 2792 Οειότερὰ
2508 2740 2630 2777 τινα
2671 2723 2900 2789 διδάξαι·
2937 2723 3059 2777 ὅθεν
3089 2722 3210 2775 οὐδὲ
3248 2725 3472 2792 σημεῖον
3503 2721 3660 2774 οὐδὲν
3685 2720 3816 2772 ἰδόν-

544 2809 713 2867 Judzhi
751 2823 930 2866 autem
963 2815 1211 2883 quamvis
1241 2815 1485 2884 pluribus
1515 2819 1859 2873 sermonibus
1885 2828 1937 2873 et
1963 2821 2129 2890 signis

2233 2831 2346 2879 τες,
2395 2815 2713 2867 πιστεύουσι
2763 2817 2856 2867 καὶ
2884 2813 3270 2884 παρακαλοῦσι
3320 2815 3527 2883 μένειν.
3579 2813 3818 2865 Ἰουδαῖοι

548 2903 880 2970 fruerentur,
920 2905 1096 2959 adhuc
1152 2910 1639 2976 persequebantur,
1687 2909 1932 2981 profecto
1973 2931 1990 2964 ι
2038 2913 2133 2967 iui-

2233 2908 2290 2962 δὲ
2312 2907 2408 2960 καὶ
2434 2908 2610 2974 λόγων
2636 2908 2847 2977 μυρίων
2878 2909 2974 2960 καὶ
3005 2907 3249 2977 σημείων
3278 2905 3815 2966 καταπολαύσαντες,

547 2998 669 3049 miei
715 2997 981 3061 hominis,
1019 2998 1302 3054 domestici
1336 3001 1452 3069 ejus
1482 3002 1548 3056 ¹¹.
1583 3020 1602 3052 ι
1656 3000 1790 3058 Vide
1837 3004 1964 3058 item
1997 3019 2132 3074 quo-

2234 2998 2314 3052 ἔτι
2351 2999 2595 3061 ἐδίωκον,
2629 2998 2799 3060 ὅντως
2832 3017 2850 3048 ι
2893 2999 3073 3068 ἐχθροὶ
3102 2998 3197 3049 τοῦ
3224 2997 3515 3068 ἀνθρώπου
3545 3000 3592 3049 οἱ
3617 3000 3814 3050 οἰκεια-

547 3087 704 3141 modo
739 3087 888 3142 brevi
941 3087 1231 3144 multitudo
1276 3092 1547 3160 prmcellat
1593 3108 1713 3149 eam
1762 3110 1791 3149 a
1823 3111 1926 3166 qua
1967 3098 2126 3153 docta

2234 3089 2318 3139 κοὶ
2342 3087 2528 3144 αὑτοῦ.
2576 3106 2594 3138 ι
2634 3088 2773 3158 Ὅρα
2804 3087 2858 3142 δέ
2889 3105 2976 3156 μοι
3010 3088 3179 3140 πόσον
3209 3087 3381 3158 βραχὺ
3404 3089 3462 3140 τὸ
3493 3088 3702 3158 πλἧοος
3725 3089 3815 3158 τὴν

543 3180 758 3234 fuerat:
783 3197 888 3235 non
920 3183 1062 3235 enim
1089 3184 1410 3252 prophetam
1434 3194 1650 3251 vocant,
1679 3203 1850 3256 neque
1883 3189 2125 3244 Salvato-

2232 3181 2520 3248 διδάξασαν
2555 3181 2753 3243 αὗτοὺς
2790 3180 3251 3249 ὑπερηκόντισαν.
3285 3183 3359 3235 Οὐ
3393 3181 3499 3250 γὰρ
3532 3182 3813 3252 προφήτην

542 3289 658 3327 rem
693 3273 855 3327 Israel
878 3313 892 3337 ,
926 3274 1020 3330 sed
1051 3276 1236 3330 mundi
1271 3293 1286 3331 :
1324 3287 1380 3331 et
1419 3293 1540 3332 cum
1564 3280 1822 3346 articulo,
1853 3301 1871 3332 ι
1908 3281 2007 3338 llic
2045 3293 2128 3338 est

2231 3274 2395 3326 αὑτζν
2423 3272 2697 3340 λέγουσιν,
2730 3272 2852 3325 οὐδὲ
2886 3273 3117 3342 Σωτῆρα
3143 3272 3237 3324 τοῦ
3287 3274 3523 3343 Ἰσραὴλ,
3556 3274 3694 3326 ἀλλα
3724 3273 3811 3324 τοῦ

547 3369 795 3422 Salvator
820 3409 835 3434 ,
867 3387 886 3420 ι
935 3369 1023 3424 ille
1055 3369 1276 3439 proprie
1314 3380 1366 3425 et
1389 3387 1517 3427 vere
1565 3373 1874 3432 salvaturus
1917 3391 2125 3431 omnes.

2231 3369 2460 3439 κόσμου,
2494 3369 2588 3420 καὶ
2623 3367 2762 3438 μετὰ
2796 3366 2891 3420 τοῦ
2930 3367 3156 3438 ἄρθρου,
3211 3387 3228 3418 ι
3264 3361 3434 3430 Οὗτός
3469 3369 3619 3421 ἐστιν
3654 3369 3682 3421 6
3713 3369 3810 3420 Σω-

549 3458 823 3514 Veuerunt
869 3461 1012 3514 enim
1070 3461 1222 3515 multi
1262 3471 1317 3516 ut
1345 3464 1639 3530 salvarent,
1674 3478 1730 3522 et
1756 3467 1859 3533 lex,
1913 3479 1967 3524 et
2008 3486 2131 3539 pro-

2229 3461 2354 3531 τηρ,
2392 3479 2409 3512 ι
2449 3463 2477 3513 ὁ
2505 3461 2708 3530 κυρίως
2741 3461 2834 3513 καὶ
2875 3459 2949 3530 τῷ
2981 3461 3092 3513 ὄντι
3128 3461 3305 3523 σώσας
3343 3464 3577 3525 πάντας.
3612 3457 3810 3514 Ἷιλῢον

543 3553 720 3620 pheta:
741 3561 794 3605 ct
820 3552 1029 3621 angeli;
1067 3555 1160 3608 sed
1200 3554 1287 3608 hic
1315 3564 1396 3610 est
1427 3555 1518 3612 ille
1555 3573 1716 3614 verus
1750 3560 2018 3617 Salvator.

2233 3555 2331 3621 μὲν
2357 3553 2466 3623 γὰρ
2501 3554 2683 3606 πολλοὶ
2715 3556 2908 3621 σῶσαι,
2940 3555 3032 3607 καὶ
3057 3555 3240 3624 νόμος,
3272 3555 3362 3606 καὶ
3393 3556 3699 3625 προφῆται,
3724 3555 3810 3606 καὶ

2229 3646 2471 3714 ἄγγελοι,
2499 3647 2613 3698 ἀλλ’
2645 3640 2800 3707 οὗτός
2829 3650 2979 3700 ἐστιν
3009 3651 3035 3701 ὁ
3065 3629 3321 3716 ἀληθινὸς
3359 3649 3573 3718 Σωτήρ.

617 3722 778 3777 Vens.
823 3723 1014 3778 45-45.
1060 3741 1079 3776 ι
1121 3725 1247 3781 Post
1278 3726 1412 3783 duos
1447 3740 1625 3786 autem
1661 3733 1778 3789 dies
1811 3735 1942 3792 exiit
1975 3737 2121 3804 inde,

2306 3757 2324 3788 ι
2359 3739 2515 3793 Μετὰ
2564 3738 2619 3791 δὲ
2668 3739 2766 3802 τὰς
2811 3739 2904 3791 δύο
2933 3739 3150 3810 ἡμέρας
3181 3740 3405 3818 ἐξῆλθεν
3437 3742 3649 3794 ἐκεῖθεν
3671 3780 3686 3805 ,
3720 3742 3806 3794 καὶ

540 3824 597 3868 ct
626 3815 760 3867 abiit
809 3816 862 3867 in
893 3814 1190 3868 Galilaeam.
1229 3817 1345 3884 Ipse
1390 3822 1535 3873 enim
1587 3821 1745 3878 Jesus
1778 3835 2004 3881 testatus
2043 3839 2126 3883 est

2228 3832 2469 3900 ἀπῆλθεν
2528 3833 2607 3895 είς
2659 3833 2758 3902 τὴν
2791 3832 3117 3886 Γαλιλαίανο
3172 3814 3490 3906 αὑτὸς-γὰρ
3525 3836 3553 3887 6
3609 3834 3806 3904 Ἰησοῦς

541 3904 682 3970 quod
724 3905 984 3974 propheta
1022 3907 1075 3960 in
1104 3911 1405 3980 suazpatria
1442 3913 1697 3968 honorem
1728 3931 1833 3971 non
1880 3918 2121 3976 haberet.

2230 3923 2617 3994 ἐμαρτύρησεν
2640 3965 2653 3990 ,
2696 3925 2776 3976 ὅτι
2813 3927 3099 3996 προφήτης
3132 3928 3188 3979 ὲν
3230 3931 3293 3998 τῇ
3339 3904 3700 3998 ἰδίᾳ-πατρίδι
3733 3946 3805 3980 τι-

540 3995 673 4049 Cum
723 4011 852 4067 ergo
896 3999 1136 4054 venisset
1182 4002 1235 4053 in
1273 4000 1580 4072 Galilaeam,
1633 4017 1964 4078 exceperunt
2000 4027 2122 4066 eum

2231 4015 2338 4085 μὴν
2382 4016 2482 4067 οὐκ
2529 4015 2662 4084 ἔχει.
2699 4016 2828 4068 ’Ότε
2877 4013 2969 4070 οὖν
3017 4014 3181 4088 ἦλθεν
3220 4023 3299 4081 εἰς
3346 4022 3444 4090 τὴν
3498 4021 3801 4079 Γαλιλαίαν,

542 4087 776 4153 ϐειιὶιωί,
797 4105 916 4143 cum
939 4091 1123 4144 omnia
1149 4093 1410 4149 vidissent
1438 4112 1556 4165 qua:
1585 4096 1790 4154 fecerat
1807 4102 2124 4174 Hierosoly-

2226 4104 2476 4170 ἐδέξαντο
2524 4107 2685 4158 αὑτὸν
2723 4109 2773 4159 οἱ
2806 4107 3115 4173 Γαλιλαῖοι,
3153 4110 3329 4162 πάντα
3380 4111 3687 4181 ἑωρακότες
3715 4112 3803 4162 ὅσα

541 4183 641 4234 mis
686 4183 736 4234 in
779 4183 864 4238 die
895 4183 1070 4249 festo;
1112 4202 1238 4240 nam
1267 4198 1319 4241 et
1348 4189 1446 4256 ipsi
1483 4202 1743 4246 venerant
1770 4194 1838 4249 ad
1874 4198 2013 4250 diem
2044 4197 2120 4252 fe-

2225 4196 2483 4268 ἐποίησεν
2501 4201 2559 4249 ὲν
2594 4197 2992 4269 Ἱεροσολύμοις
3018 4203 3077 4254 ὲν
3103 4206 3166 4272 τῇ
3195 4204 3375 4272 ἑορτῇ·
3403 4205 3492 4254 καὶ
3522 4205 3678 4256 αὐτοὶ
3704 4204 3804 4272 γὰρ

538 4280 702 4325 stum.
743 4290 759 4321 ι
796 4273 927 4326 Cum
961 4274 1171 4328 exisset
1203 4291 1229 4327 a
1267 4277 1510 4331 Samaria
1543 4277 1804 4337 Dominus
1831 4323 1846 4348 ,
1890 4283 1941 4337 in
1971 4285 2119 4342 Gali-

2222 4283 2388 4359 ἦλθον
2415 4291 2494 4352 εἰς
2522 4289 2620 4360 τὴν
2665 4292 2880 4360 ἑορτήν.
2929 4310 2945 4342 ι
2991 4293 3253 4356 Ἐξελοὼν
3295 4296 3402 4347 ἀπὸ
3443 4297 3752 4368 Σαμαρείας
3779 4313 3801 4348 ο

539 4364 692 4418 latam
716 4365 1036 4434 digreditur.
1067 4368 1269 4424 Deinde
1295 4385 1359 4424 ne
1387 4373 1508 4440 quis
1559 4373 1802 4443 inquirat
1831 4387 1884 4430 et
1918 4380 2122 4434 dubitet

2225 4381 2457 4451 Κύριος,
2489 4384 2566 4446 εἰς
2594 4384 2693 4453 τὴν
2735 4385 3022 4440 Γαλιλαίαν
3057 4389 3380 4457 ἀπέρχεται.
3419 4389 3574 4456 Εἶτα,
3605 4364 3697 4442 Ὗῖνα
3733 4390 3799 4462 μὴ

538 4471 706 4523 quare
732 4473 834 4510 non
863 4473 1079 4527 semper
1107 4471 1318 4515 maneat
1350 4463 1401 4516 iu
1426 4462 1668 4529 Galilaza,
1704 4469 1796 4522 sed
1837 4484 1931 4537 per
1957 4472 2122 4526 inter-

2223 4472 2455 4545 ἐξετάζῃ
2493 4491 2612 4540 τις,
2655 4477 2750 4528 καὶ
2782 4477 3013 4548 διαπορῇ
3041 4519 3055 4540 ,
3095 4481 3239 4542 τίνος
3283 4483 3470 4533 ’ἐνεκεν
3502 4484 3601 4536 οὐκ
3647 4487 3702 4537 ἐν
3743 4488 3802 4553 τῇ

536 4549 672 4601 valla
707 4551 1082 4619 peregrinetur
1112 4554 1256 4622 apud
1288 4572 1405 4621 eos,
1437 4557 1676 4614 maxime
1715 4576 1842 4616 eum
1877 4563 2119 4620 videatur

2190 4574 2194 4600 ’
2226 4565 2487 4638 Γαλιλαίᾳ
2517 4567 2604 4620 ἀεὶ
2635 4563 2723 4633 ἦν,
2756 4570 2870 4620 ἀλλ’
2899 4573 2963 4623 ἐκ
2991 4571 3385 4643 διαλείμματος
3416 4577 3599 4638 αὐτοῖς
3624 4578 3800 4645 ἐπιδη-

534 4656 654 4694 esse
683 4656 746 4694 ex
773 4642 995 4698 Galilaca
1025 4662 1036 4698 :
1071 4647 1200 4700 dicit
1231 4651 1376 4716 quod
1403 4661 1694 4722 propterea
1724 4670 1826 4708 non
1861 4662 2120 4714 manserit

2225 4660 2334 4726 μεῖ,
2371 4661 2465 4712 καὶ
2493 4659 2664 4713 ταῦτα
2696 4663 2759 4714 ἐκ
2789 4665 2887 4733 τῆς
2911 4664 3203 4726 Γαλιλαίας
3235 4663 3374 4718 εἶναι
3401 4669 3593 4732 δοκῶν,
3623 4675 3798 4740 φησὶν,

539 4731 589 4784 iu
643 4729 888 4799 Galilzna,
932 4738 1055 4805 quia
1092 4739 1295 4794 nullum
1331 4741 1591 4797 honorem
1631 4745 1705 4798 illi
1735 4747 2119 4807 exbibuerant.

2219 4750 2302 4800 ὅτι
2334 4749 2425 4801 διὰ
2451 4749 2609 4803 τοῦτο
2636 4753 2734 4804 οὐκ
2758 4754 2815 4804 ὲν
2841 4758 2905 4822 τῇ
2941 4755 3198 4826 Γαλιλαίᾳ
3225 4759 3523 4827 παρέμενε,
3553 4762 3687 4812 divit:
3720 4764 3797 4812 ού-

542 4843 558 4872 ι
595 4825 713 4892 ipse
737 4829 882 4880 enim
914 4827 1071 4884 Jesus
1093 4835 1454 4888 testatus-fuit
1483 4840 1623 4906 quod
1655 4831 1916 4909 propheta
1949 4845 2000 4898 in
2027 4861 2121 4900 sua

2219 4841 2413 4910 δεμίαν
2448 4842 2610 4913 τιμὴν
2648 4845 2780 4914 πρὸς
2813 4848 2976 4899 αὑτὸν
3006 4825 3396 4904 ἐνεδείκνυντο.
3443 4870 3459 4901 ι
3498 4855 3670 4916 Αὐτὸς
3701 4857 3797 4923 γὰρ

534 4920 705 4984 patria
739 4920 788 4972 in
831 4921 1036 4974 honore
1069 4939 1174 4977 non
1217 4927 1310 4980 sit.
1351 4946 1368 4980 ι
1405 4928 1801 4989 Cousuevimus
1849 4938 1989 4991 enim
2027 4955 2124 4995 nos

2221 4938 2249 4988 6
2315 4934 2520 5004 Ἰησοῦς
2560 4936 2981 5006 ἐμαρτύρησεν,
3037 4941 3118 4993 ὅτι
3161 4945 3448 5014 προφήτης
3491 4947 3548 4997 ὲν
3597 4951 3661 5016 τῇ
3703 4951 3795 5016 isi;

536 5011 782 5066 homines
811 5024 1161 5072 contemnere
1204 5033 1264 5070 ea
1294 5036 1412 5088 quae
1441 5023 1592 5078 valde
1622 5023 1910 5081 familiaria
1938 5070 1951 5092 ,
1983 5047 2123 5085 sem-

2225 5026 2448 5098 πατρίδι
2479 5029 2674 5096 ἄτιμός
2705 5031 2869 5083 ἐστιν.
2910 5050 2927 5081 ι
2969 5033 3140 5086 ΕίωΟο
3155 5052 3254 5103 μεν
3299 5011 3414 5106 γάρ*
3444 5039 3495 5089 οἱ
3526 5011 3796 5108 ἄνθρωποι

538 5117 632 5168 per
669 5104 838 5171 magis
879 5109 1222 5165 attendentes
1250 5112 1440 5166 alienis
1473 5124 1521 5168 et
1555 5116 1814 5173 insolitis.
1850 5119 1988 5185 Quid
2020 5125 2119 5192 igi-

2219 5119 2330 5172 τῶν
2371 5119 2426 5171 ὲν
2476 5120 2734 5191 συνηθείᾳ
2785 5129 3166 5194 καταφρονεῖν,
3209 5131 3296 5181 ἀεὶ
3347 5134 3459 5192 τοῖς
3502 5133 3675 5198 ξένοις
3716 5137 3793 5187 καὶ

537 5194 662 5244 tur?
689 5193 800 5248 Non
828 5197 1073 5253 videmus
1101 5203 1264 5255 etiam
1291 5205 1488 5260 multos
1515 5211 1653 5276 apud
1683 5226 1810 5265 suos
1841 5213 1890 5265 in
1918 5213 2119 5270 honore

2218 5211 2413 5281 ἀηοὲσι
2462 5213 2841 5281 προσέχοντες.
2885 5219 2948 5269 Τί
2989 5215 3120 5286 οὖν;
3165 5222 3276 5290 Οὐχ
3305 5224 3525 5293 ὁρῶμεν
3582 5229 3795 5290 tollo};

537 5284 762 5337 haberi?
805 5286 946 5341 Sane
984 5290 1084 5343 hoc
1123 5295 1274 5347 valde
1310 5311 1513 5352 rarum.
1545 5299 1599 5353 Si
1652 5313 1830 5357 autem
1875 5309 2116 5362 nonnulli

2217 5305 2312 5356 καὶ
2336 5306 2487 5375 παρὰ
2519 5308 2632 5369 τοῖς
2656 5311 2877 5372 οἰκεοις
2902 5315 3274 5382 τιμωμένους;
3305 5317 3555 5370 Μάλιστα
3596 5321 3694 5389 μὲν
3716 5318 3794 5375 οὖν

536 5378 881 5431 inveniuntur
929 5382 1018 5449 qui
1058 5383 1108 5434 iu
1144 5387 1314 5450 patria
1349 5404 1440 5440 sua
1485 5390 1534 5442 iu
1772 5396 1977 5451 honore
2021 5399 2118 5452 hn-

2220 5399 2445 5451 σπάνιον
2483 5399 2543 5452 τὸ
2585 5403 2848 5458 τοιοῦτο-δ’
2882 5407 2929 5456 εἰ
2952 5407 3007 5458 δέ
3034 5407 3134 5459 πού
3171 5425 3314 5473 τινες
3339 5411 3616 5481 εὑρεθεῖεν
3650 5419 3706 5468 ἐν
3740 5420 3792 5481 τῇ

536 5467 748 5531 buntur,
801 5470 969 5522 multo
1013 5475 1182 5543 magis
1229 5475 1279 5527 in
1313 5486 1451 5532 terra
1483 5482 1653 5537 aliena
1687 5502 1699 5536 :
1738 5487 1806 5538 ita
1839 5499 1892 5540 ut
1938 5490 2110 5543 honor

2218 5492 2436 5561 πατρίδι
2489 5494 2822 5564 τιμώμενοι,
2875 5499 3053 5569 πολλῷ
3096 5502 3298 5570 μᾶλλον
3334 5507 3391 5556 ἐν
3435 5511 3501 5576 τῇ
3551 5511 3792 5576 ἀλλοτρίᾳ

534 5562 620 5623 qui
653 5562 728 5610 eis
764 5562 810 5610 in
855 5566 1023 5629 patria
1062 5567 1419 5634 impenditur,
1456 5573 1497 5622 si
1533 5575 1846 5629 conferatur
1875 5595 1996 5632 cum
2046 5597 2110 5635 co

2643 5562 2650 5564 ε
3027 5562 3037 5569 -
3097 5562 3108 5570 u
3478 5562 3500 5576 Il
3716 5563 3724 5579 Ι
3773 5562 3784 5580 ἶ

2220 5585 2612 5655 τιμηθήσονται
2642 5631 2654 5652 ,
2697 5591 2836 5643 ὥστε
2868 5599 3264 5665 συγκρινομένη
3301 5600 3331 5667 ἡ
3378 5601 3433 5653 ἐν
3474 5605 3538 5671 τῇ
3588 5606 3788 5673 πατρίδι

535 5650 623 5718 qui
658 5653 705 5704 in
739 5663 877 5705 terra
914 5659 1109 5724 aliena,
1150 5661 1439 5727 ignominia
1468 5677 1585 5720 esse
1615 5666 1940 5725 inveniatur.
1975 5671 2108 5729 Nam

2280 5641 2288 5652 _
2340 5641 2350 5654 ο
2414 5641 2420 5655 ι
2644 5641 2654 5652 ,
2793 5641 2832 5643 τί
2877 5641 3264 5665 αντηηηἻ
3307 5641 3331 5667 η
3378 5641 3430 5653 -.
3485 5641 3538 5671 ,ιι
3595 5641 3768 5673 ..-πλη

2223 5679 2353 5748 τιμὴ
2395 5685 2529 5750 πρὸς
2559 5685 2655 5753 τὴν
2685 5688 2738 5738 ἐν
2773 5689 2834 5757 τῇ
2879 5688 3158 5761 ἀλλοτρίᾳ,
3193 5693 3386 5762 ἀτιμία
3417 5696 3768 5767 εὑρεθήσεται

2811 5737 2834 5757 Ι.
2882 5737 3158 5761 "'V'V"r“0"
3194 5737 3386 5762 "-"'""
3417 5737 3787 5765 -vi’--I"'..*.l

604 5833 645 5861 Ἥ
681 5832 838 5891 Misit.
879 5857 969 5902 ιιι,
999 5845 1047 5892 (i.
