4078 6330
225 426 369 492 12:33

912 420 1360 482 ENAllItATlO
1399 418 1477 478 ΙΝ
1514 413 2023 477 EVANGELIUM
2070 410 2419 474 JOANNIS.
2461 436 2533 448 --
2571 409 2730 471 CAP.
2771 408 2868 471 IV.

3390 402 3533 469 125-1

235 548 296 597 ὐ
327 544 437 614 γάρ
466 560 550 596 τοι
583 542 799 612 φθόνος,
834 540 945 602 τοῖς
974 535 1430 607 συμπατριώταις
1458 534 1520 587 οὐ
1552 531 1824 601 συγχωρεῖ

1935 528 2137 584 iutitlia
2189 525 2573 599 compatriods
2613 541 2717 580 non
2752 523 2882 580 sinit
2919 536 3218 592 congruum
3266 522 3534 578 honorem

222 637 327 707 τὴν
368 636 753 707 προσήκουσαν
781 630 948 701 τιμὴν
981 629 1299 683 ἀποδιδόναι
1325 668 1340 694 ,
1369 628 1487 681 ἀλλ’
1520 624 1826 694 ὑφειμένην

222 734 326 801 τὴν
352 728 561 799 ταύτην
596 725 965 789 ἀποδιδόασιν,
991 722 1256 795 αἰσχύνην
1290 721 1499 775 οἰκείαν
1528 718 1825 791 ἡγούμενοι

222 823 326 895 τὴν
351 820 445 876 τοῦ
473 817 747 889 ὁμοφύλου
773 816 1152 887 εὐδοκίμησιν.
1196 814 1439 867 Ἐλθόντι
1475 808 1570 867 οὖν
1606 812 1683 883 τῷ
1715 812 1827 864 Κυ-

227 916 335 987 ρίῳ
358 915 438 976 είς
462 908 1108 964 Γαλιλαίανιὲπίστευσαν
1131 908 1180 963 οἱ
1203 907 1502 973 Γαλιλαῖοι,
1528 905 1597 959 τὰ
1620 904 1828 974 σημεῖα

228 1011 434 1071 wine;
466 1004 503 1059 ἃ
533 1004 791 1076 ἐποίησεν
817 1005 876 1059 ὲν
918 1000 1336 1071 Ἰεροσολύμοις.
1372 999 1520 1070 Πλὴν
1552 1000 1599 1053 0i
1637 1000 1826 1069 Σαμα-

228 1102 411 1171 ρεῖται
441 1096 839 1169 δοκιμώτεροι,
868 1099 917 1149 οἱ
961 1095 1057 1149 καὶ
1094 1097 1264 1166 χωρὶς
1307 1094 1555 1165 σημείων
1601 1090 1828 1145 πιστεύε-

229 1208 430 1255 σαντες
455 1192 561 1244 ἀπὸ
591 1191 683 1243 τοῦ
724 1188 882 1257 λόγου
914 1191 1010 1258 τῆς
1042 1188 1321 1256 γυναικός.
1353 1186 1498 1257 Ὅρα
1529 1185 1586 1239 δὲ
1615 1201 1825 1238 παντα-

228 1282 328 1350 χοῦ
356 1285 481 1345 τοὺς
522 1281 865 1351 ἀπο6“·.ήτους
912 1280 1013 1355 μὲν
1051 1278 1367 1341 δοκοῦντας,
1401 1277 1827 1349 εὐδοκιμοῦντας

227 1378 289 1426 ἒν
324 1379 387 1446 τῇ
418 1379 599 1428 πίστει
648 1374 1003 1445 Σαμαρείτας
1033 1374 1181 1442 λέγω
1215 1377 1309 1427 καὶ
1334 1373 1673 1428 Γαλιλαίους·
1708 1370 1828 1439 (καὶ

227 1472 341 1541 γὰρ
381 1469 475 1522 καὶ
506 1468 729 1529 τούτους
755 1467 1067 1531 ὲξονθένουν
1099 1467 1173 1530 ὼς
1196 1467 1585 1537 ἀγροικότερον
1616 1464 1828 1520 διακει-

232 1564 455 1634 μένους·
489 1561 568 1613 διὸ
598 1561 691 1615 καὶ
731 1547 939 1629 ἔλεγον,
974 1562 1053 1616 ὅτι
1085 1580 1102 1611 ι
1137 1561 1430 1633 Προφήτης
1454 1561 1519 1613 ὲκ
1548 1560 1646 1627 τῆς
1675 1558 1829 1612 Γαλι-

226 1654 392 1717 λαίας
425 1656 527 1709 οὐκ
559 1655 904 1727 ἐγήγερται).
955 1674 972 1706 ι
1040 1655 1164 1718 τοὺς
1198 1656 1253 1707 δὲ
1285 1654 1577 1717 ἐκλεκτοὺς
1617 1655 1830 1724 νομιζοο

231 1749 454 1823 μένους,
478 1748 979 1819 ἁποῦαλὶομένους,
1011 1742 1115 1801 οἶοι
1139 1743 1281 1817 ἦσαν
1306 1750 1355 1801 οἱ
1390 1746 1829 1817 Ἱεροσολυμῖται

242 1840 508 1894 Ἰουδαῖοι.
556 1841 791 1904 Εἰκότως
812 1840 921 1911 ἄρα
958 1841 1050 1894 καὶ
1070 1843 1119 1893 οί
1141 1840 1349 1894 ἐθνικοὶ
1384 1838 1823 1909 παρεδέχθημεν.

242 1935 335 1985 Ἑν
359 1935 467 2004 γὰρ
501 1936 568 2004 τῇ
601 1934 781 2006 οἰκείᾳ
820 1935 1064 2004 πατρίδι,
1096 1938 1160 2002 τῇ
1201 1934 1311 1987 τῶν
1352 1933 1649 1997 Ἰουδαίων,
1682 1936 1825 1995 είποι

228 2026 297 2078 ἄν
331 2043 435 2089 τις,
467 2026 785 2097 συναγωγῇ,
819 2028 987 2097 τιμὴν
1010 2028 1112 2079 οὐκ
1138 2026 1293 2097 ἔσχε»
1327 2028 1357 2080 6
1383 2030 1668 2098 προφήτης
1701 2029 1827 2096 Χριο

230 2121 383 2181 στῗις,
418 2119 561 2174 καθὰ
595 2122 838 2192 Μωῦσῆς
871 2122 1044 2190 λέγει,
1074 2124 1155 2175 ὅτι
1186 2143 1203 2175 ι
1252 2124 1551 2195 Προφήτην
1582 2123 1827 2195 ἀναστή-

224 2230 310 2269 σει
341 2214 542 2284 Κύριος
568 2216 746 2285 ἡμῶν.
789 2235 807 2267 ι

297 2301 507 2357 Ἶίλίιεν
536 2306 627 2359 οὖν
652 2309 679 2359 6
718 2306 921 2377 Ἰησοῦς
952 2306 1113 2360 πάλιν
1151 2310 1231 2369 είς
1260 2305 1359 2376 τὴν
1394 2308 1551 2360 Κανᾶ
1584 2309 1683 2377 τῆς
1721 2307 1827 2361 Γα-

225 2398 468 2463 λιλαίας,
526 2400 663 2452 ὅπου
716 2398 943 2470 ἐποίησε
995 2400 1055 2451 τὸ
1096 2399 1241 2470 ὕδωρ
1283 2395 1446 2454 οἶνον.
1487 2400 1600 2453 Καὶ
1640 2396 1708 2471 ἦν
1742 2416 1825 2463 τις

227 2492 413 2562 βασιλι
454 2495 532 2558 ὸς,
566 2492 625 2544 εὖ
654 2495 682 2547 6
738 2494 847 2557 υίὸς
874 2493 1092 2559 ἠσθένει
1127 2494 1184 2546 ὲν
1220 2492 1614 2564 Καπερναούμ.
1656 2485 1826 2554 Οὗτος

228 2586 495 2649 ἀκούσας,
529 2586 610 2638 an
656 2585 863 2655 Ἰησοῦς
892 2588 1017 2657 ἥκει
1047 2589 1107 2638 ἐκ
1141 2585 1243 2655 τῆς
1290 2586 1558 2649 Ἰουδαίας
1601 2587 1679 2649 είς
1726 2586 1826 2655 τὴν

230 2677 549 2741 Γαλιλαίαν,
588 2678 833 2748 ἀπῆλθεν
876 2681 1013 2749 πρὶς
1043 2679 1227 2743 αύτὶν,
1260 2680 1354 2732 καὶ
1398 2678 1585 2750 ἠρώτα
1638 2680 1823 2745 αὐτὸν,

228 2772 319 2825 ἵνα
356 2771 568 2843 καταϐῇ
624 2773 719 2825 καὶ
753 2773 972 2843 ἰάσηται
1002 2772 1164 2825 αὐτοῦ
1192 2773 1283 2825 τὸν
1311 2771 1424 2824 υἱόν
1445 2789 1459 2805 ο
1495 2770 1689 2842 ἔμελλε
1715 2771 1825 2843 γὰρ

224 2865 620 2936 ἀποθνήσκειν.
647 2861 814 2919 Εἶπεν
841 2860 937 2919 οὖν
966 2868 993 2919 6
1042 2866 1079 2918 Ἰ
1096 2865 1262 2935 ησοῦς
1300 2867 1435 2937 πρὸς
1468 2865 1657 2919 αὐτόν’
1697 2866 1826 2919 Ἐὰν

231 2958 313 3029 μὴ
336 2960 541 3028 σημεῖα
572 2959 666 3010 καὶ
698 2958 905 3028 τέρατα
936 2958 1105 3026 ἴδητε,
1145 2958 1207 3010 οὐ
1233 2958 1308 3029 μὴ
1334 2958 1688 3029 πιστεύσητε.
1718 2959 1826 3013 Λέ-

225 3067 318 3120 γει
352 3049 492 3119 πρὸς
520 3050 684 3103 αὑτὸν
713 3052 740 3103 ὁ
788 3050 1066 3121 βασιλικός
1090 3067 1102 3081 ·
1138 3051 1336 3121 Κύριε,
1371 3051 1645 3123 κατάϐηθι
1692 3053 1824 3123 πρὶν

225 3139 527 3194 ἀποθανεῖν
560 3144 620 3194 τὸ
670 3142 885 3195 παιδίον
936 3160 1061 3212 μου.
1113 3142 1277 3211 Λέγει
1333 3142 1481 3213 αὐτῷ
1510 3145 1539 3197 6
1586 3144 1823 3214 Ἰησοῦςο

1933 624 2104 688 reddi,
2142 623 2236 677 sed
2269 634 2460 691 parum
2494 620 2599 674 illis
2636 619 2883 671 tribuunt
2928 616 3099 679 civvs,
3132 630 3290 669 suam
3339 614 3536 670 confu-

1930 718 2139 773 sionem
2217 715 2603 771 existimantes
2652 711 2882 782 gloriam
2935 710 3347 765 contribulium.
3393 707 3532 763 Cum

1930 809 2169 865 venisset
2211 808 2375 879 igitur
2411 806 2675 862 Dominus
2721 805 2775 858 in
2830 802 3140 866 Galilaeam,
3177 802 3529 859 crediderunt

1929 902 2135 959 Galilzei
2162 941 2177 967 ,
2213 902 2339 973 quia
2369 900 2623 954 viderant
2650 898 2807 969 signa
2842 896 2983 950 facta
3026 897 3077 950 in
3114 895 3531 967 Hierosolymis.

1929 996 2094 1067 Atqui
2145 993 2478 1051 Samaritaui
2526 992 2872 1063 probatiores
2907 997 3065 1045 erant
3099 989 3191 1058 qui
3240 998 3295 1042 et
3325 990 3534 1058 absque

1930 1089 2101 1161 signis
2133 1086 2299 1142 verbo
2327 1085 2571 1141 mulieris
2599 1084 2971 1140 crediderant.
3020 1083 3151 1137 Vide
3182 1092 3370 1136 autent
3406 1083 3535 1137 ubi-

1930 1195 2038 1251 que
2066 1194 2161 1235 eos
2182 1179 2277 1250 qui
2300 1178 2493 1246 abjecti
2520 1178 2885 1241 habebantur,
2912 1174 3178 1231 celebrari
3206 1185 3263 1228 ut
3290 1173 3533 1244 potiores

1932 1274 2070 1341 ﬁde,
2105 1273 2484 1331 Sattiarituuos
2516 1272 2639 1328 dico
2679 1281 2733 1325 et
2780 1268 3054 1325 Galilaaos.
3089 1266 3225 1323 Nam
3261 1269 3360 1322 bos
3393 1282 3532 1322 con-

1933 1370 2248 1425 temnebant
2279 1376 2337 1421 ttt
2366 1366 2733 1439 agrestiores;
2769 1365 2887 1419 ideo
2916 1377 2965 1415 et
3006 1362 3261 1418 dicebant
3289 1376 3305 1417 :
3338 1379 3357 1412 ι
3400 1357 3539 1413 Pro-

1930 1464 2093 1531 pheta
2133 1475 2199 1514 ex
2235 1457 2455 1515 Galilaea
2510 1475 2615 1511 non
2648 1456 2955 1511 surrexit”
2986 1497 3000 1522 ,
3067 1474 3085 1508 ι
3141 1468 3237 1511 eos
3278 1470 3409 1510 vero
3438 1452 3536 1524 qui

1930 1554 2093 1610 electi
2126 1552 2482 1623 putabantur,
2516 1549 2700 1619 :tbjici,
2725 1547 3174 1621 quales'fueruut
3213 1546 3538 1617 Hierosoly-

1933 1649 2120 1703 tnitani
2164 1645 2363 1703 Judaei.
2416 1644 2606 1700 Merito
2665 1645 2836 1714 igitur
2893 1652 2947 1699 et
3000 1642 3235 1715 gentiles
3291 1640 3536 1709 suscepti

1932 1752 2081 1797 sunt.
2120 1740 2255 1795 Nam
2286 1740 2339 1794 in
2387 1753 2484 1795 sua
2532 1740 2731 1809 putria,
2770 1753 2871 1791 uoe
2898 1747 2981 1792 est
3018 1736 3070 1790 in
3112 1751 3384 1807 synagoga
3439 1732 3540 1791 Ju-

1934 1836 2197 1900 dmomm,
2232 1833 2497 1886 honorent
2544 1846 2651 1885 non
2687 1829 2923 1884 habebat
2956 1829 3223 1897 propheta
3256 1826 3534 1890 Christus,

1931 1927 2072 1982 sicut
2101 1926 2276 1981 Moses
2300 1925 2433 1979 dicit
2461 1942 2473 1979 :
2508 1945 2526 1977 ι
2568 1923 2895 1994 Propltetatn
2924 1921 3215 1977 suscitatth
3249 1921 3402 1977 vobis
3429 1920 3537 1975 Do-

1934 2025 2117 2077 minus
2137 2021 2205 2075 ".
2244 2039 2263 2073 ι

2004 2320 2173 2374 Vens.
2211 2316 2407 2373 66—50.
2442 2336 2459 2365 ι
2502 2315 2662 2370 Venit
2703 2330 2833 2386 ergo
2860 2313 3019 2370 Jesus
3047 2315 3246 2370 iterum
3292 2314 3343 2369 in
3383 2314 3532 2371 Cana

1929 2412 1974 2467 G
2015 2412 2188 2475 ιιιευτε,
2222 2409 2311 2463 ubi
2358 2409 2559 2460 fecerat
2601 2421 2666 2458 ex
2699 2419 2837 2473 aqua
2894 2404 3103 2457 vinum.
3156 2402 3221 2457 Et
3252 2413 3372 2457 erat
3407 2402 3535 2473 qui-

1931 2508 2052 2557 datn
2090 2503 2268 2574 regius
2321 2501 2474 2570 cujus
2536 2499 2679 2552 lilins
2730 2495 3118 2551 inlirmabatnr
3162 2496 3534 2566 Capernaum.

1932 2595 2027 2648 llic.
2054 2610 2175 2648 cum
2210 2593 2450 2647 audisset
2483 2593 2623 2660 quod
2658 2589 2820 2647 Jesus
2852 2588 3165 2643 advenisset
3196 2604 3225 2642 a
3256 2586 3439 2643 Jndtea
3479 2590 3535 2643 itt

1929 2687 2232 2749 Galiltram,
2260 2687 2395 2741 abiit
2430 2684 2495 2739 ad
2520 2700 2668 2749 eum,
2701 2692 2754 2737 ct
2786 2683 3011 2753 rogabat
3042 2696 3167 2736 eum
3216 2690 3274 2736 ut
3302 2682 3534 2739 descen-

1930 2784 2083 2832 deret
2142 2791 2206 2831 ac
2262 2787 2484 2831 sanaret
2546 2775 2716 2845 ipsius
2746 2773 2918 2827 [ilium
2956 2792 2969 2827 :
3003 2772 3275 2843 siquidem
3314 2774 3360 2826 is
3402 2788 3534 2841 age-

1931 2871 2025 2925 bat
2059 2870 2319 2923 :tnitnam.
2368 2868 2509 2921 Dixit
2541 2882 2672 2936 ergo
2712 2864 2871 2921 Jcsus
2920 2866 2986 2918 ad
3018 2881 3143 2920 eum
3184 2882 3197 2919 :
3234 2862 3352 2919 Nisi
3377 2865 3533 2935 signa

1930 2973 1984 3019 et
2018 2962 2258 3031 prodigia
2298 2960 2580 3023 videaitis,
2623 2974 2727 3013 non
2782 2957 3038 3013 credetis.
3087 2957 3229 3011 Dixit
3280 2958 3347 3011 ad
3406 2972 3531 3011 eum

1930 3057 2113 3125 regius
2143 3070 2157 3108 :
2200 3054 2447 3119 Domine,
2474 3051 2742 3107 descende
2764 3053 3079 3121 priusquam
3103 3050 3373 3104 moriatur
3392 3050 3534 3107 filius

1933 3162 2105 3201 meus.
2130 3144 2284 3201 .Dicit
2313 3146 2361 3200 ei
2385 3143 2582 3199 Jesus:
2618 3141 2766 3197 Vade
2790 3182 2805 3207 ,
2840 3141 2982 3196 (ilius
3020 3151 3149 3196 tuus
3203 3141 3354 3195 vivit.
3398 3138 3533 3194 Cre-

229 3230 502 3300 Πορεύου,
531 3234 559 3284 6
590 3234 704 3296 υίός
738 3250 830 3285 σου
866 3233 951 3304 ζῇ.
984 3234 1091 3287 Καὶ
1119 3233 1441 3288 ἐπίστευσεν
1476 3238 1503 3290 6
1535 3236 1824 3308 ἄνθρωπος

1932 3239 2069 3294 didit
2097 3239 2260 3293 homo
2275 3235 2691 3303 sermoniqnetn
2718 3235 2934 3288 dixerat
2963 3233 3009 3288 ei
3047 3228 3228 3296 Jesus,
3260 3239 3319 3287 et
3347 3232 3479 3286 ibat.
3508 3249 3528 3283 ι

228 3324 312 3395 τῷ
342 3325 508 3397 λόγῳ,
544 3321 588 3395 ᾧ
617 3323 771 3379 εἶπεν
806 3326 958 3396 αὐτῷ
989 3328 1015 3379 ὁ
1047 3329 1279 3398 Ἰησοῦς,
1313 3328 1408 3381 καὶ
1437 3328 1757 3401 ἐπορεύετο.
1801 3350 1820 3383 ι

240 3419 685 3490 ’Λναμιμνήσκει
738 3420 886 3489 ἡμᾶς
916 3422 944 3472 6
970 3420 1375 3492 εὐαγγελιστὴς
1405 3421 1501 3476 τοῦ
1554 3425 1613 3475 ὲν
1668 3426 1826 3496 Κανᾷ

228 3510 537 3580 θαύματος,
571 3512 707 3564 ὅπου
732 3512 954 3578 ἐγένετο
982 3514 1043 3563 τὸ
1067 3510 1211 3583 ὕδωρ
1242 3507 1406 3579 οἶνος,
1445 3515 1565 3584 ἅμα
1608 3516 1708 3585 μὲν
1734 3516 1825 3570 διὰ

226 3604 295 3655 τὸ
338 3602 574 3671 αὐξῆσαι
621 3603 731 3655 τὼν
767 3603 1126 3671 Σαμαρειτῶν
1161 3606 1221 3655 τὸ
1267 3606 1548 3675 ἐγκώμιον
1592 3606 1678 3677 (οἱ
1724 3610 1824 3676 μὲν

228 3694 345 3764 γὰρ
378 3695 676 3758 Γαλιλαῖοι,
710 3694 865 3762 φησὶ,
899 3696 994 3747 καὶ
1038 3695 1145 3747 ἀπὸ
1174 3695 1283 3748 τῶν
1324 3698 1381 3749 ὲν
1422 3699 1825 3769 Ἰεροσολύμοις

226 3788 328 3840 καὶ
358 3786 468 3839 ἀπὸ
499 3786 607 3839 τῶν
646 3787 777 3855 παρ’
810 3787 995 3849 αὐτοῖς
1041 3789 1351 3857 γενομένων
1382 3792 1627 3861 σημείων
1662 3794 1824 3846 αὑτὸν

227 3882 518 3947 ἐδέξαντο*
546 3884 595 3934 οἱ
622 3882 679 3935 δὲ
732 3883 1084 3953 Σαμαρεῖται
1138 3882 1249 3935 67:6
1280 3883 1451 3952 μόνης
1481 3884 1581 3954 τῆς
1612 3902 1825 3957 μαρτυ-

231 3978 359 4049 ρίας
384 3977 482 4047 τῆς
515 3976 799 4044 γυναικὸς,
839 3977 935 4029 καὶ
966 3977 1063 4046 τῆς
1106 3976 1272 4032 αὐτοῦ
1300 3977 1397 4030 τοῦ
1440 3979 1648 4048 Κυρίου
1680 3980 1825 4033 διδα-

232 4069 517 4136 σκαλίας),
540 4068 657 4136 ἅμα
683 4067 739 4119 δὲ
771 4069 864 4119 καὶ
890 4066 981 4121 ἵνα
1008 4067 1158 4139 δείξῃ
1186 4070 1339 4139 ἡμῖν,
1369 4070 1454 4122 ὅτι
1485 4070 1578 4123 καὶ
1605 4072 1633 4122 6
1666 4071 1823 4140 βασι-

228 4164 385 4224 λικὸς
418 4163 526 4214 ἀπὸ
556 4161 650 4214 τοῦ
700 4165 756 4214 ὲν
782 4163 938 4233 Κανᾷ
974 4161 1255 4233 θαύματος
1282 4162 1495 4233 ἀγαθήν
1524 4181 1646 4217 τινα
1694 4164 1823 4235 περὶ

228 4255 330 4308 τοῦ
361 4253 600 4326 Χριστοῦ
637 4254 909 4326 ὑπόληψιν
944 4255 1186 4322 ἐδέξατο,
1215 4258 1263 4309 εί
1288 4260 1383 4309 καὶ
1409 4256 1483 4327 μὴ
1514 4256 1613 4327 τὴν
1642 4256 1821 4321 ἀξίαν.

229 4347 524 4402 Βασιλικὺν
553 4347 611 4400 δὲ
640 4346 835 4423 τοῦτο)
877 4345 1051 4411 καλεῖ,
1096 4346 1128 4417 ἦ
1160 4347 1235 4411 t'o;
1260 4349 1321 4400 ὲκ
1345 4349 1533 4415 γένους
1559 4348 1690 4400 ὄντα
1719 4348 1820 4417 βα-

231 4440 472 4505 σιλικοῦ,
495 4441 529 4511 ἢ
551 4440 767 4508 ἀξίωμά
794 4458 846 4493 τι
876 4440 1053 4511 ἀρχῆς
1087 4440 1275 4511 ἕτερον
1306 4438 1453 4493 οὕτω
1474 4439 1821 4511 καλούμενον

230 4536 452 4605 ἔχοντα.
482 4528 633 4603 *Αρα
666 4529 780 4597 οὖν,
825 4535 980 4605 φησι,
1024 4535 1119 4585 καὶ
1165 4532 1331 4596 αὑτός
1364 4535 1513 4587 ἐστιν
1559 4528 1714 4598 οὗτος
1746 4532 1823 4604 τῷ

1935 3331 2230 3387 [iecortlari
2283 3344 2383 3385 nos
2426 3327 2558 3383 facit
2587 3326 2925 3398 evangelista
2965 3324 3218 3380 miraculi
3256 3324 3310 3378 in
3357 3322 3532 3386 Cana,

1930 3425 2021 3479 ubi
2051 3438 2190 3493 aqua
2216 3420 2358 3477 facta
2387 3430 2471 3477 est
2500 3421 2713 3485 vinum,
2747 3430 2801 3474 et
2833 3420 3053 3473 interim
3085 3428 3143 3473 ut
3172 3429 3387 3473 crescat
3414 3417 3533 3473 laus

1929 3510 2424 3570 Samaritanorum.
2471 3511 2606 3566 Nam
2658 3522 2712 3566 et
2766 3509 2973 3567 διιιίιωί
3034 3511 3281 3577 quidem,
3332 3511 3532 3580 inquit,

1929 3617 2291 3678 susceperunt
2340 3621 2464 3660 eum
2521 3614 2745 3677 pmpter
2793 3606 2946 3675 signa
2981 3620 3099 3672 «pta:
3139 3605 3283 3657 facta
3316 3610 3445 3657 sunt
3478 3604 3532 3658 itt

1930 3700 2342 3770 Hierosolymis,
2377 3709 2431 3753 et
2488 3698 2633 3769 apud
2678 3713 2737 3753 se
2789 3716 2803 3753 :
2858 3697 3193 3753 Samaritani
3240 3706 3423 3751 autem
3461 3697 3533 3750 ob

1928 3796 2094 3851 solius
2131 3792 2376 3846 mulieris
2416 3790 2826 3856 testimonium,
2856 3797 2911 3843 et
2960 3790 3133 3853 ipsius
3167 3788 3377 3842 Dotnini
3427 3788 3529 3840 du-

1927 3889 2181 3944 ctrinam.
2236 3883 2490 3940 Ostendit
2532 3886 2758 3950 insuper
2815 3881 2959 3950 quod
3013 3890 3068 3935 et
3115 3880 3296 3951 regius
3333 3879 3423 3933 ille
3463 3894 3532 3933 ex

1930 3978 2196 4033 miraculo
2230 3978 2376 4047 quod
2410 3975 2464 4030 itt
2506 3974 2651 4030 Cana
2681 3985 2803 4030 erat
2836 3974 3066 4038 factum,
3107 3973 3303 4026 bonum
3338 3988 3534 4042 quam-

1929 4074 2053 4129 datn
2086 4074 2151 4127 de
2176 4070 2396 4126 Christo
2426 4068 2736 4138 opinionem
2776 4076 3132 4137 conceperat,
3173 4068 3390 4120 tametsi
3428 4066 3534 4119 tui-

1929 4180 2031 4217 nus
2073 4162 2317 4230 dignam.
2357 4159 2586 4231 Regium
2622 4168 2805 4213 autem
2861 4158 3014 4213 illum
3047 4168 3231 4225 vocat,
3272 4160 3352 4213 vel
3385 4160 3531 4227 quod

1927 4270 1993 4309 ex
2029 4255 2177 4323 regio
2205 4260 2324 4309 erat
2373 4266 2571 4322 genere
2598 4291 2612 4316 ,
2649 4251 2735 4305 vel
2768 4249 2911 4321 quod
2950 4251 3176 4323 gerebat
3207 4250 3531 4322 dignitati-ut

1927 4349 2221 4416 quamdam
2251 4347 2319 4399 oh
2341 4360 2504 4414 quam
2537 4345 2615 4400 sic
2645 4347 2966 4399 vocabatur.
2997 4345 3132 4399 Num
3166 4347 3351 4415 igitur,
3388 4346 3535 4401 dicet

1928 4439 2071 4507 quis,
2095 4438 2235 4492 idem
2256 4444 2340 4491 est
2361 4452 2484 4491 cum
2514 4437 2833 4491 centurione
2850 4442 2991 4506 apud
3012 4436 3366 4491 lllattharum?
3393 4436 3530 4491 Nam

1929 4538 1985 4584 et
2020 4528 2111 4583 ille
2144 4544 2211 4583 ex
2242 4526 2590 4597 Capernautn
2619 4537 2760 4582 erat.
2794 4526 2914 4581 Non
2954 4528 3148 4597 opinor
3180 4527 3435 4598 equidem
3466 4530 3536 4582 il-

233 4627 391 4697 παρὰ
417 4625 494 4696 τῷ
538 4626 805 4704 Ματθαίῳ
830 4628 1214 4698 ἑκατοντάρχῳ
1243 4646 1258 4695 ;
1295 4628 1390 4681 καὶ
1436 4628 1545 4699 γὰρ
1572 4628 1824 4691 κάκεῖνος

1931 4621 2037 4677 lutn
2080 4634 2228 4683 esse,
2261 4620 2355 4675 sed
2386 4619 2573 4675 alium.
2616 4619 2748 4688 Nam
2791 4620 2879 4674 ille
2911 4621 3132 4691 quidem
3165 4632 3218 4673 el
3252 4622 3527 4676 volentem

231 4722 294 4773 ὲν
316 4721 693 4792 Καπερναοὺμ
713 4717 801 4792 ἦν.
831 4722 944 4775 Οὐκ
969 4717 1121 4790 οἴμαι
1142 4723 1321 4775 τοίνυν
1348 4722 1443 4775 τὸν
1469 4721 1633 4776 αὑτὸν
1659 4720 1820 4787 εἶναι,

230 4812 353 4868 ἀλλ’
380 4813 588 4883 ἕτερον.
634 4815 873 4877 Ἐκεῖνος
907 4815 1006 4885 μὲν
1031 4816 1140 4885 γὰρ
1174 4815 1266 4867 καὶ
1289 4814 1617 4885 βουλόμενον
1646 4814 1822 4869 ὲλθεῖν

233 4906 331 4959 τὸν
390 4906 627 4976 Χριστὸν
671 4906 961 4960 διακωλύει
989 4948 1002 4971 ,
1041 4910 1245 4974 Λέγων·
1278 4927 1295 4958 ι
1337 4908 1450 4961 Οὔκ
1482 4908 1600 4977 εἰμι
1627 4906 1777 4972 ἄξιος
1798 4949 1812 4970 ,

236 4995 329 5048 ἵνα
376 5010 480 5062 μου
537 4994 643 5048 ὑπὸ
681 4997 781 5065 τὴν
814 4996 1017 5067 στέγην
1071 4997 1357 5068 εἰσέλθῃς*
1391 5017 1408 5048 ι
1447 4992 1603 5062 οὗτος
1644 4998 1701 5051 δὲ
1741 5000 1823 5062 εἰς

244 5086 341 5156 ;ὴν
366 5085 544 5138 οἰκίαν
574 5086 741 5140 αὑτοῦ
784 5087 935 5140 ἕλκει
962 5088 1053 5142 τὸν
1098 5088 1329 5157 Ἰησοῦν.
1358 5090 1630 5143 Κάκείνου
1664 5088 1763 5159 μὲν
1795 5091 1823 5141 6

234 5181 392 5243 παῖς,
429 5180 599 5248 ἤγουν
624 5183 651 5233 6
680 5180 885 5245 δοῦλος,
915 5182 1149 5251 παρέσει
1185 5182 1473 5251 κατείχετο
1501 5199 1513 5213 ·
1543 5181 1737 5235 τούτου
1763 5182 1820 5233 δὲ

233 5272 264 5324 6
294 5273 409 5334 ut";
459 5272 698 5343 πυρετῷ.
752 5276 927 5327 Κάκεῖ
959 5274 1055 5343 μὲν
1091 5274 1199 5326 ἀπὸ
1234 5274 1328 5326 τοῦ
1358 5276 1519 5345 ὅρους
1553 5274 1819 5339 καταϐὰς,

234 5364 317 5425 είς
362 5364 739 5434 Καπερναοὺμ
792 5367 1014 5434 είσῆλίλε
1049 5384 1060 5396 ·
1115 5365 1209 5418 νῦν
1231 5366 1307 5426 δὲ,
1340 5368 1449 5421 ἀπὸ
1490 5371 1589 5437 τῆς
1638 5368 1825 5435 Σαμα·

235 5459 413 5525 (λείας,
455 5460 549 5508 καὶ
576 5459 676 5509 οὑκ
702 5459 781 5520 εἰς
808 5460 1206 5527 Καπερναοὶψη
1233 5460 1347 5511 ἀλλ’
1380 5461 1458 5522 εἰς
1485 5461 1658 5513 Κανᾶ,
1705 5462 1827 5513 Ἐπὶ

230 5551 426 5611 πᾶσιν,
468 5552 675 5611 ἐκεῖνος
713 5552 812 5620 μὲν
865 5554 1264 5621 ἑκατόνταρχος
1298 5569 1310 5580 ·
1338 5548 1492 5616 οὗτος
1512 5554 1589 5615 δὲ,
1618 5555 1823 5622 βασιλι-

232 5642 328 5704 κὸς
357 5641 418 5693 τὸ
444 5641 681 5711 ἀξίωμα.
712 5643 877 5707 Ἀξιοῖ
902 5646 999 5713 μὲν
1025 5642 1116 5697 οὖν
1144 5649 1169 5698 ὁ
1194 5647 1468 5715 βασιλικὸς
1500 5650 1589 5699 τὸν
1622 5648 1823 5718 Κύριον

236 5734 549 5798 γει-ξελθεῖν,
600 5738 673 5798 ὡς
710 5738 930 5807 ἰάσηται
964 5738 1054 5788 τὸν
1088 5740 1201 5789 υἱον
1238 5755 1248 5765 ·
1288 5742 1313 5790 6
1346 5740 1400 5791 δὲ
1463 5740 1663 5806 Κύριος
1702 5742 1826 5792 καθ-

306 5900 347 5927 "-
383 5898 537 5951 Juau.
574 5915 661 5960 ιιι,
700 5899 783 5951 δὲ.
865 5902 908 5933 ’δ
936 5902 1091 5955 Deut.
1126 5918 1273 5961 \‘tlll,
1314 5905 1394 5957 lii.

1932 4716 2119 4771 venire
2157 4714 2439 4769 Christum
2483 4713 2755 4782 prohibet,
2793 4713 2981 4770 dicens
3019 4734 3031 4769 :
3071 4733 3089 4766 ι
3126 4714 3242 4769 Non
3291 4732 3409 4771 sunt
3443 4716 3529 4771 di-

1931 4827 2068 4883 gnus
2102 4820 2160 4865 ut
2185 4810 2288 4864 sub
2320 4818 2518 4865 tectum
2547 4824 2724 4864 meum
2762 4809 3091 4880 ingrediaris
3119 4809 3184 4864 ".
3225 4829 3242 4861 ι
3270 4809 3372 4865 Iste
3403 4826 3529 4867 vero

1930 4904 2117 4960 Jesum
2149 4905 2200 4959 iu
2226 4905 2445 4958 domum
2475 4918 2631 4957 suam
2664 4904 2851 4957 trahit.
2878 4903 2945 4957 Et
2980 4903 3123 4958 illius
3148 4902 3367 4973 quidem
3393 4919 3530 4971 puer

1932 4999 2168 5069 paralysi
2191 4996 2554 5062 detinebatur,
2586 5012 2775 5051 servus
2809 4998 3062 5051 videlicet
3100 5015 3113 5051 :
3150 4998 3311 5053 istius
3346 5007 3527 5051 autem

1935 5091 2077 5145 tilius
2112 5090 2271 5146 febri.
2301 5089 2368 5143 Et
2426 5090 2535 5144 illic
2568 5090 2790 5160 quidem
2831 5105 2956 5144 cum
3002 5105 3029 5143 a
3069 5100 3255 5145 monte
3287 5091 3531 5146 descen-

1932 5184 2121 5249 disset,
2155 5194 2209 5238 et
2241 5184 2587 5254 Caperuaum
2631 5184 2912 5256 ingressus
2943 5194 3070 5239 est:
3111 5199 3256 5238 nunc
3280 5194 3463 5240 autem
3498 5200 3529 5239 a

1934 5276 2206 5335 Samaria.
2230 5285 2281 5330 et
2311 5292 2421 5330 non
2458 5278 2510 5329 in
2537 5277 2879 5346 Capernaum
2902 5319 2915 5343 ,
2948 5276 3112 5348 566
3144 5279 3239 5334 sed
3277 5279 3329 5332 in
3355 5278 3526 5339 Cana.

1934 5367 1987 5420 ln
2014 5384 2247 5433 summa,
2272 5370 2361 5423 ille
2386 5372 2631 5425 centurio
2655 5412 2668 5436 ,
2700 5372 2787 5425 hic
2816 5381 2997 5425 autem
3022 5372 3202 5442 regius
3223 5372 3323 5427 fuit
3354 5374 3529 5443 digni-

1936 5473 2063 5518 tate.
2104 5462 2234 5519 Orat
2272 5466 2434 5533 igitur
2482 5468 2664 5536 regius
2700 5468 2791 5521 ille
2825 5469 3110 5521 Dominum
3148 5478 3204 5521 ιιι
3234 5469 3529 5523 descendat

1935 5558 1999 5611 ad
2037 5561 2345 5612 sanandum
2387 5561 2577 5613 ﬁlium.
2618 5561 2687 5613 At
2730 5561 2994 5615 Dominus
3029 5564 3343 5631 perstringit
3380 5580 3525 5625 cum,

1933 5662 2116 5718 ltilmlt'
2144 5668 2248 5705 non
2290 5659 2603 5722 perlectum,
2638 5657 2730 5708 ειξιί
2765 5671 2986 5723 ρτιῐν.ιιιι
3024 5657 3311 5709 halman
3344 5656 3525 5710 ﬁdem,

1938 5743 2171 5798 υιυτιιιιυ
2196 5749 2363 5809 enim,
2394 5767 2408 5795 ι
2440 5748 2553 5800 best
2578 5765 2640 5802 cn
2670 5751 2733 5813 ῗιι,
2759 5766 2809 5819 [‘l
2829 5752 3076 5817 iusqnt'tn
3103 5750 3363 5803 inuri-stur
3389 5747 3531 5803 lilius

1502 5906 1539 5935 i"
1576 5906 1762 5960 Manli.
1803 5923 1915 5971 \‘lll,
1950 5916 1997 5961 ὃ.
