4078 6330
593 383 699 448 235

559 511 735 562 tneus,
768 513 786 547 ι
825 490 1190 547 inﬁrmitatem
1223 481 1347 538 ﬁdei
1391 495 1502 536 sua:
1546 477 1781 534 ostendit
1815 491 1829 526 :
1862 473 1985 543 quia
2029 485 2132 524 non
2165 475 2210 530 Α

560 589 814 645 credebat
837 582 1005 654 quod,
1052 580 1097 634 si
1132 577 1474 643 contingeret
1503 569 1640 626 mori
1679 567 1843 620 ﬁlium
1870 605 1885 628 ,
1938 573 2133 634 potens

559 689 706 738 esset
751 692 872 733 eum
931 673 1218 729 suscitare.
1264 668 1552 736 Propterea
1589 659 1962 733 perstringens
2007 671 2131 711 eum

559 767 729 823 dicit:
773 781 791 814 ι
848 761 960 815 Nisi
998 760 1150 829 signa
1185 766 1238 812 et
1267 753 1510 826 prodigia
1547 749 1809 830 videritis,
1849 763 1951 800 non
2011 760 2132 798 cre-

562 855 717 910 detis.
751 872 770 904 ι
814 851 1034 906 Interim
1083 860 1260 903 autem
1312 856 1366 900 et
1423 843 1556 898 alios
1601 843 1749 897 cives
1796 839 2133 907 Capernanm

561 957 800 1002 accusat.
834 944 1092 999 Videntur
1119 940 1264 996 enim
1288 938 1486 1006 ubique
1529 937 1598 991 ob
1626 933 1850 988 multam
1884 930 2134 1001 incredu-

561 1041 768 1094 litatem
805 1034 1177 1092 condemnari.
1212 1030 1384 1100 lgitur
1415 1027 1671 1097 quoniam
1724 1025 1951 1079 inﬁrma:
1981 1035 2134 1074 men-

564 1133 633 1185 tis
662 1141 776 1184 erat
812 1129 1014 1198 regius,
1050 1133 1102 1176 et
1133 1123 1354 1192 urgebat
1385 1119 1668 1173 Dominum
1702 1125 1757 1168 ut
1783 1111 2138 1170 descenderet

526 1225 626 1276 'ad
677 1222 974 1275 sanandum
1021 1217 1186 1270 ﬁlium
1223 1230 1235 1268 :
1266 1211 1561 1267 ostendens
1589 1209 1636 1261 ei
1696 1204 1943 1259 Salvator
1993 1200 2135 1270 quod

561 1314 725 1369 etiam
777 1313 971 1366 absens
1023 1316 1204 1378 posset
1237 1307 1410 1374 ipsum
1453 1315 1668 1364 sanare,
1706 1296 1877 1352 dicit:
1910 1315 1928 1348 t
1968 1295 2145 1376 Vade,

567 1405 710 1461 lilius
766 1414 887 1456 tuus
939 1399 1088 1454 vivit.
1128 1417 1146 1450 ι
1181 1398 1422 1465 Denique
1471 1394 1624 1464 pueri
1673 1391 1888 1460 quidem
1925 1389 2141 1447 sanavit

564 1497 792 1558 febrem,
828 1493 1000 1563 patris
1051 1499 1228 1544 autem
1277 1483 1738 1543 incredulitatem.
1774 1482 1929 1536 Scias
1959 1489 2137 1534 autem

564 1587 708 1639 aliud
735 1599 854 1640 esse
887 1585 1121 1653 signum,
1141 1581 1288 1635 aliud
1312 1577 1638 1648 prodigium,
1667 1573 1797 1628 Nam
1835 1572 2139 1643 prodigium

567 1676 624 1737 ﬁt
651 1686 847 1745 przeter
891 1683 1136 1727 naturam
1163 1711 1179 1737 ,
1208 1679 1264 1722 ut
1293 1676 1376 1724 est
1401 1666 1613 1737 aperire
1640 1664 1827 1719 oculos
1845 1662 1970 1717 c:eci
2006 1659 2138 1726 nati,

567 1778 614 1824 et
645 1768 884 1825 excitare
923 1775 1195 1820 mortuom
1248 1778 1265 1824 ;
1311 1762 1521 1831 signum
1580 1765 1760 1811 autem
1793 1770 1900 1808 non
1945 1764 2142 1824 praeter

1437 360 2020 431 THEOPHYL.\CT[
2068 351 2487 420 BULGARIE
2519 347 2890 410 ARCHIEP.

3695 329 3826 394 1556

2241 466 2550 534 απτὸμενος
2581 461 2771 525 αὐτοῦ,
2801 460 2873 519 ὡς
2904 455 2979 526 μὴ
3012 453 3222 510 τελείαν
3254 450 3351 524 τὴν
3375 449 3586 514 πίστιν,
3621 445 3736 500 ἀλλ’
3766 448 3829 497 ἐκ

2245 558 2445 627 μέρους
2504 553 2721 622 ἔχοντος
2781 549 2922 621 (καὶ
2971 546 3080 615 γὰρ
3115 544 3173 597 τὸ
3208 545 3408 605 εἰπεῖν,
3459 559 3478 591 ι
3537 536 3829 606 Κατάὁηθι

2246 625 2376 717 πρίν
2403 643 2698 698 ἀποθανεῖν
2722 640 2816 693 τὸν
2860 637 2976 690 υἱόν
3006 652 3106 704 μου
3129 677 3142 700 ,
3184 652 3203 686 ι
3252 633 3353 702 τὴν
3403 630 3704 683 ἀσθένειαν
3738 625 3832 694 τῆς

2245 739 2482 799 πίστεως
2511 733 2676 788 αὐτοῦ
2709 731 3003 801 ἐμφαίνει,
3035 729 3109 792 ὼς
3139 729 3212 798 μὴ
3244 725 3624 788 πιστεύοντος,
3662 722 3748 778 ὃτι
3783 720 3831 772 εί

2243 833 2336 885 καὶ
2365 830 2546 900 συμϐῇ
2578 828 2740 880 αὑτὸν
2781 825 3097 883 ἀποθανεῖν,
3133 821 3356 883 δυνατός
3405 822 3556 873 ἐστιν
3587 815 3830 884 ἀναστῆ-

2246 939 2336 974 σαι
2389 918 2612 988 αὑτὸν),
2665 917 2758 970 διά
2795 913 3119 970 ταῦτα-οῦν
3177 911 3597 979 καθαπτόμενος
3646 906 3832 974 αὐτοῦ,

2247 1011 2409 1083 φησίν
2436 1026 2450 1041 ο
2491 1029 2510 1062 t
2562 1010 2684 1062 Ἐὰν
2715 1007 2790 1078 μὴ
2828 1009 3031 1076 σημεῖα
3065 1005 3158 1058 καὶ
3202 1004 3403 1074 τέρατα
3445 1003 3617 1072 ἴδητε,
3653 1001 3714 1054 οὐ
3763 1001 3835 1071 μὴ

2245 1101 2595 1172 πιστεύσητεο
2629 1119 2649 1156 ι
2679 1098 2798 1168 ἅμα
2827 1099 2883 1150 δὲ
2911 1098 3006 1156 καὶ
3039 1095 3148 1148 τῶν
3183 1094 3386 1164 ἑτέρων
3419 1093 3658 1144 πολιτῶν
3707 1107 3836 1143 κατ-

2248 1193 2465 1264 ηγορῶν
2524 1192 2635 1244 τῶν
2695 1193 2754 1242 ἐν
2802 1193 2867 1259 τῇ
2934 1189 3333 1257 Καπερναούμ.
3389 1183 3684 1236 Φαίνονται
3731 1181 3836 1248 γὰρ

2248 1285 2524 1357 πανταχοῦ
2573 1284 2774 1355 πολλὴν
2813 1282 3077 1336 ἀπιστίαν
3124 1275 3620 1348 κατηγορούμενα.
3685 1274 3838 1327 Ἐπεὶ

2247 1380 2339 1442 οἷον
2365 1378 2597 1448 ἀσθενὴς
2634 1373 2702 1448 ἦν
2726 1377 2754 1428 6
2787 1375 3066 1446 βασιλικὸς
3096 1374 3193 1446 τὴν
3254 1371 3512 1448 γνώμην,
3561 1369 3662 1423 καὶ
3708 1384 3838 1420 κατ·

2250 1475 2446 1544 ἡπειγε
2481 1473 2574 1524 τὸν
2606 1471 2809 1541 Κύριον
2852 1466 3136 1522 κατελθείν
3165 1460 3572 1536 είς⁹θεραπείαν
3593 1459 3690 1514 τοῦ
3721 1477 3840 1514 παι-

2248 1567 2356 1632 δὸς,
2388 1563 2648 1617 δεικνύων
2675 1562 2826 1633 αύτῷ
2847 1564 2874 1616 6
2921 1561 3134 1631 Σωτὴρ,
3169 1561 3252 1616 ὅτι
3286 1559 3377 1612 καὶ
3411 1555 3572 1616 ἀπὼν
3606 1555 3835 1607 δύναται

2249 1658 2411 1712 αὐτὸν
2439 1655 2799 1727 θεραπεῦσαι,
2832 1654 2983 1726 λέγει
3009 1670 3022 1684 ο
3049 1673 3067 1705 t
3104 1651 3367 1726 Πορεύου,
3396 1650 3424 1703 6
3451 1649 3562 1712 υίός
3591 1665 3684 1701 σου
3705 1645 3787 1718 ζῇ.
3813 1661 3835 1704 ι

2261 1746 2482 1818 Ἀ’μέλει
2511 1736 2603 1801 τοῦ
2637 1747 2736 1818 μὲν
2765 1747 2954 1809 παιδὸς
2985 1744 3076 1798 τὸν
3120 1743 3374 1814 πυρετὸν,
3410 1741 3506 1795 τοῦ
3537 1739 3748 1813 πατρὸς
3784 1740 3840 1792 δὲ

570 1870 841 1922 naturam,
884 1867 941 1914 ut
982 1864 1066 1912 est
1113 1854 1626 1926 sanareiuﬁrmum.
1664 1848 1914 1903 Perﬁciet
1964 1856 2140 1900 autem

2267 1841 2343 1914 τὴν
2379 1841 2638 1897 ἀπιστίαν
2705 1840 2913 1897 ίάσατο.
2964 1838 3205 1892 Γίνωσκε
3244 1837 3321 1902 δὲ,
3362 1835 3434 1899 ὡς
3469 1834 3598 1888 ἀλλο
3653 1832 3839 1904 τέρας.

568 1964 623 2006 et
656 1967 796 2005 nunc
843 1950 948 2004 hoc
991 1947 1310 2003 miraculum
1347 1944 1641 2007 Dominus,
1701 1941 1745 1996 si
1808 1939 1932 2010 quis
1992 1939 2142 1993 illum

569 2045 744 2100 adeat.
772 2041 961 2100 Omnis
1017 2042 1176 2096 homo
1223 2050 1306 2095 est
1350 2038 1534 2106 regius
1567 2037 1786 2106 quidam
1820 2047 1924 2087 non
1973 2031 2145 2085 solum

570 2136 747 2205 quoad
771 2143 1030 2204 cognatus
1061 2142 1277 2203 promer
1321 2132 1556 2185 animam
1593 2126 1705 2193 regi
1731 2125 2009 2188 omnium,
2056 2123 2149 2178 sed

574 2231 735 2284 etiam
770 2229 909 2296 quod
961 2227 1076 2295 ipse
1131 2226 1332 2294 regiam
1393 2225 1710 2295 dignitatem
1763 2237 1923 2291 supra
1961 2234 2153 2274 omnes

575 2321 803 2391 accepit.
838 2320 1115 2381 Invenitur
1147 2329 1324 2373 autem
1364 2333 1504 2387 saape
1532 2319 1734 2372 habens
1765 2314 1981 2385 quidem
2004 2328 2156 2368 men-

576 2424 680 2470 tem
730 2413 881 2482 quasi
937 2411 1101 2466 ﬁlium
1155 2411 1276 2479 igne
1332 2410 1644 2463 illicitarum
1681 2408 2024 2476 voluptatum
2101 2411 2156 2456 ct

573 2504 1026 2575 concupiscentiis
1045 2504 1182 2557 male
1200 2502 1557 2557 laborantem.
1589 2499 1645 2555 Si
1673 2500 1836 2571 igitur
1862 2495 2157 2552 accesserit

575 2595 641 2652 ad
667 2595 878 2658 Jesum,
906 2605 961 2651 et
999 2595 1250 2664 petiverit
1271 2594 1336 2647 ab
1367 2608 1431 2648 eo
1458 2601 1516 2646 ut
1568 2593 1880 2656 descendat,
1922 2590 2022 2644 hoc
2052 2596 2154 2651 est,

577 2689 900 2742 misereatur
923 2686 1231 2756 etzremittat
1269 2666 1348 2738 illi
1367 2694 1583 2754 peccata
1618 2684 1928 2753 priusquam
1955 2695 2021 2736 ex
2047 2690 2158 2734 toto

577 2797 608 2842 τι
639 2781 826 2834 morbo
867 2781 1200 2849 voluptatum
1230 2778 1492 2831 moriatur
1522 2791 1534 2829 :
1565 2773 1652 2846 (si
1679 2774 1824 2831 enim
1850 2772 2018 2827 nostri
2055 2786 2158 2824 non

581 2875 942 2927 misereretur
983 2870 1145 2934 Deus,
1177 2871 1268 2925 sed
1291 2867 2044 2938 observaretiniquitates,et
2077 2879 2163 2920 se-

577 2963 811 3020 cundum
834 2963 952 3018 illas
977 2963 1348 3029 ulcisceretur,
1369 2960 1618 3031 quisnam
1647 2961 1939 3015 sustineret
1966 2957 2078 3029 i")
2113 2957 2160 3013 si

581 3057 744 3124 igitur
770 3046 1059 3114 accesserit
1088 3092 1104 3118 ,
1137 3060 1196 3107 ut
1246 3052 1446 3106 dictum
1493 3059 1613 3116 est,
1670 3059 1988 3120 asseqnetur
2017 3047 2160 3118 quod

581 3145 795 3214 qumit,
826 3154 879 3199 et
909 3145 1137 3215 recipiet
1169 3151 1406 3201 nantem
1445 3155 1596 3195 suam
1627 3154 1835 3202 sanam.
1874 3139 2160 3194 Verumta-

582 3253 706 3292 men
739 3239 858 3291 vide
893 3247 945 3290 et
977 3238 1104 3306 quid
1137 3237 1280 3290 dicat
1307 3236 1373 3289 ad
1413 3234 1564 3288 illum
1597 3233 1856 3288 Dominus
1887 3222 1962 3292 ε’(
1987 3231 2160 3298 Vade,

584 3329 725 3385 ﬁlius
756 3341 876 3386 tuus
903 3332 1074 3395 vivit,
1110 3347 1128 3380 ι
1163 3329 1262 3383 hoc
1306 3335 1411 3395 est,
1447 3314 1514 3383 ne
1547 3326 1621 3381 sis
1649 3325 1944 3381 immobilis
1979 3324 2045 3378 ad
2072 3325 2167 3379 bo-

586 3437 735 3486 num,
759 3422 854 3474 sed
883 3422 1034 3482 vade,
1059 3427 1114 3474 et
1133 3417 1508 3473 incessabilem
1534 3417 1824 3472 motionem
1851 3418 2071 3471 ostende
2101 3417 2170 3471 ad

589 3517 808 3570 bonum.
840 3510 992 3566 Tum:
1024 3511 1170 3564 enim
1202 3509 1344 3564 ﬁlius
1371 3517 1493 3563 tuus
1514 3509 1680 3564 vivet.
1713 3507 1769 3562 Si
1795 3519 1975 3564 autem
2010 3509 2160 3577 quie-

588 3621 748 3671 \ells,
791 3621 894 3658 non
925 3603 1229 3669 ambulans,
1258 3596 1526 3656 morietur
1564 3603 1723 3671 plane
1757 3615 1912 3656 mens
1956 3610 2071 3667 tua,
2098 3615 2163 3655 eo

593 3699 731 3767 quod
765 3698 828 3750 ad
866 3700 1064 3750 bonum
1105 3705 1157 3750 te
1205 3710 1310 3748 non
1347 3694 1706 3764 promovi-ris.

2253 1934 2349 1986 καὶ
2377 1932 2505 1986 ἄλλο
2551 1934 2799 2002 σημεῖον.
2841 1931 3021 1999 Τέρας
3079 1927 3180 1997 μὲν
3214 1928 3325 1998 γὰρ
3355 1927 3415 1979 τὸ
3445 1926 3600 1996 παρά
3634 1923 3799 1994 φύσιν
3825 1965 3839 1987 ,

2251 2022 2363 2080 οἷον
2390 2028 2449 2079 τὸ
2493 2024 2755 2090 διανοῖξαι
2803 2023 3116 2092 ὀφθαλμοὺς
3163 2019 3369 2090 τυφλοῦ
3410 2017 3841 2088 γεγεννημένου,

2254 2119 2351 2172 καὶ
2374 2121 2589 2186 ἐγεῖραι
2630 2116 2824 2188 νεκρόν
2848 2131 2862 2147 ·
2889 2117 3117 2185 σημεῖον
3151 2113 3229 2179 δὲ,
3254 2113 3314 2166 τὸ
3345 2113 3445 2166 οὐκ
3473 2111 3579 2176 ἔξω
3610 2111 3715 2177 τῆς
3746 2109 3845 2177 φύε

2261 2228 2422 2274 σεως.
2457 2205 2570 2263 οἷον
2600 2210 2660 2262 τὺ
2699 2207 2881 2262 ίᾶσθαι
2907 2208 3216 2278 ἄρρωστον.
3248 2205 3471 2258 Τελέσει
3492 2205 3547 2256 δὲ
3566 2205 3664 2257 καὶ
3690 2201 3848 2260 τοῦτο

2254 2305 2315 2359 τὸ
2339 2304 2532 2374 θαῦμα
2559 2303 2654 2356 καὶ
2702 2302 2798 2355 νῦν
2825 2303 2853 2354 6
2880 2300 3084 2371 Κύριος
3115 2300 3209 2352 ὲπὶ
3246 2298 3451 2362 παντὸς
3477 2295 3574 2350 τοῦ
3612 2311 3849 2369 προσερ-

2258 2398 2516 2470 χομένου.
2547 2392 2672 2448 Οἷον
2694 2394 2986 2464 ’βασιλικός
3017 2395 3135 2446 ἐστι
3173 2393 3280 2456 πᾶς
3313 2391 3627 2462 ἄνθρωπος,
3668 2389 3728 2442 ού
3757 2387 3851 2459 μό.

2257 2511 2346 2548 νον
2376 2495 2451 2556 ὡς
2480 2491 2574 2544 τοῦ
2605 2489 2875 2561 βασιλέως
2908 2489 3132 2543 πάντων
3168 2487 3438 2557 συγγενὴς
3466 2485 3557 2539 διὰ
3588 2486 3691 2554 τὴν
3744 2483 3846 2554 ψυ-

2259 2587 2382 2658 χὴν,
2404 2585 2550 2640 ἀλλὰ
2575 2585 2669 2649 καὶ
2704 2584 2780 2646 ὡς
2821 2583 2987 2644 αὐτὸς
3020 2580 3308 2649 βασιλικὴν
3339 2577 3517 2650 ἀρχὴν
3549 2578 3692 2630 κατά
3719 2579 3853 2631 πᾶν·

2259 2696 2367 2733 των
2404 2677 2724 2749 δεξάμενος.
2758 2671 3162 2746 Εὑρίσκεταιδὲ
3190 2669 3452 2733 πολλάκις
3482 2669 3624 2739 ἔχων
3655 2686 3737 2732 τις
3763 2670 3855 2721 τὸν

2262 2771 2408 2838 νοῦν,
2434 2763 2524 2824 οἷα
2551 2770 2687 2832 υἱον,
2719 2768 2855 2838 πυρὶ
2893 2765 3095 2837 ἡδονῶν
3125 2765 3342 2819 ἀτόπων
3405 2764 3500 2816 καὶ
3535 2761 3854 2832 ἐπιθυμίαις

2265 2865 2451 2927 κακῶς
2491 2862 2703 2933 ἔχοντα.
2731 2861 2796 2914 Εἰ
2849 2861 3032 2913 τοίνυν
3085 2858 3360 2930 προσέλθῃ
3405 2857 3483 2928 τῷ
3526 2858 3728 2928 Ιησοῦ,
3766 2861 3855 2908 καὶ

2263 2958 2478 3028 αίτήσει
2525 2953 2690 3009 αὐτὸν
2725 2953 3060 3024 καταϐῆναι,
3113 2951 3399 3014 τουτέστι,
3444 2950 3856 3020 συγκαταεάσει

2267 3049 2677 3122 φιλανθρωπίας
2708 3046 3042 3118 χρήσασθαι,
3067 3047 3162 3100 καὶ
3191 3045 3554 3116 συγχωρῆσαι
3579 3041 3733 3118 αὐτῷ
3759 3046 3855 3106 τὰς

2265 3141 2545 3212 ἁμαρτίας
2570 3141 2699 3210 πρὶν
2735 3141 2767 3208 ἢ
2795 3139 3022 3202 τελείως
3055 3139 3163 3192 ἀπὸ
3189 3139 3287 3209 τῆς
3318 3139 3477 3191 νόσου
3503 3135 3617 3190 τῶν
3667 3134 3856 3197 ἐπιθυ-

2269 3233 2407 3306 μιῶν
2445 3232 2831 3303 ἀπονεκρωθῇ,
2865 3233 2936 3300 (εἰ
2987 3229 3062 3303 μὴ
3112 3231 3218 3301 γὰρ
3252 3228 3641 3300 συγκαταϐαίη
3683 3227 3857 3298 ήμῖνὸ

2268 3326 2424 3392 Θεὸς,
2456 3324 2594 3378 ἀλλὰ
2645 3325 2744 3388 τὰς
2800 3325 3035 3395 ἀνομίας
3093 3324 3570 3395 παρατηρήσαιτο,
3610 3321 3705 3374 καὶ
3739 3318 3858 3374 κατ’

2270 3419 2484 3480 ὲκείνας
2513 3417 2810 3482 ἐξετάσειε,
2835 3417 2916 3480 τίς
2941 3417 3125 3472 λοιπὸν
3153 3417 3524 3487 ὑποστήσεται
3545 3417 3584 3482 ;)
3616 3417 3664 3467 εἰ
3694 3429 3860 3486 προσ-

2273 3509 2403 3582 έλθῃ
2435 3511 2638 3576 τοίνυν,
2669 3510 2744 3572 ὼς
2781 3509 3022 3580 εἴρηται,
3079 3509 3332 3578 τεύξεται
3361 3510 3455 3564 τοῦ
3495 3510 3858 3580 ζητουμένου,

2274 3602 2368 3654 καὶ
2407 3601 2750 3673 ἀπολήψεται
2778 3604 2869 3662 τὸν
2900 3602 3024 3657 νοῦν
3055 3601 3218 3655 αὑτοῦ
3241 3604 3392 3671 ὑγιᾶ.
3439 3603 3588 3674 Πλὴν
3611 3603 3714 3672 ὅρα
3767 3601 3860 3655 καὶ

2277 3697 2328 3748 τί
2366 3713 2530 3764 φησιν
2569 3699 2598 3750 6
2633 3695 2834 3768 Κύριος
2866 3698 3003 3768 πρὸς
3050 3697 3213 3749 αὐτόν
3240 3713 3254 3726 ·
3295 3714 3314 3747 ι
3368 3695 3638 3768 Πορεύου,
3675 3697 3704 3748 6
3749 3693 3856 3756 υἱός

590 3809 684 3880 σου
711 3791 778 3861 ζῇ
798 3806 813 3821 ο
847 3809 865 3842 ι
898 3787 1166 3848 τουτέστι,
1329 3787 1586 3880 istim-co;
1613 3785 1704 3838 ἔσο
1728 3786 1863 3857 πρὸς
1898 3786 1958 3840 τὸ
1982 3787 2168 3854 καλὸν,
2205 3787 2341 3841 ἀλλά
2404 3789 2664 3859 πορεύου,
2702 3791 2794 3842 καὶ
2823 3789 3036 3858 κίνησιν
3067 3790 3490 3844 ἀκατάπαυστον
3558 3789 3860 3850 ἐνδείκνυσί)

595 3878 731 3949 πρὸς
780 3883 840 3933 τὸ
896 3879 1139 3948 ἀγαθῆνο
1170 3878 1293 3930 vita
1329 3877 1436 3946 γὰρ
1477 3879 1505 3930 6
1543 3878 1656 3940 υἱός
1712 3893 1807 3930 σου
1859 3878 1947 3949 ζῇ.
2002 3879 2064 3931 Ei
2114 3879 2169 3932 δὲ
2243 3878 2428 3950 παύσῃ
2482 3879 2578 3932 τοῦ
2636 3880 2992 3950 πορεύεσθαι,
3065 3881 3388 3952 τεθνήξεται
3439 3898 3534 3936 σου
3585 3879 3863 3945 πάντα)ςὸ

596 3971 740 4036 νοῦς,
785 3972 850 4040 τῇ
896 3971 1024 4039 περὶ
1067 3968 1123 4020 τὸ
1154 3968 1316 4021 καλὸν
1343 3967 1597 4040 ἀκινησίᾳ
1627 3967 1725 4038 τὴν
1755 3969 2024 4038 νέκρωσιν
2074 3969 2277 4023 λαϐών.

661 4066 825 4120 Vens.
855 4064 1047 4119 51-56.
1083 4082 1100 4115 ι
1139 4062 1256 4117 .lam
1283 4075 1462 4117 autem
1491 4079 1556 4119 eo
1595 4065 1980 4129 descendente,
2031 4064 2175 4119 servi

592 4168 949 4213 occurrerunt
981 4157 1053 4220 ei,
1087 4166 1141 4210 et
1176 4157 1561 4210 nuntiaverunt
1601 4156 1673 4221 ei,
1715 4157 1979 4218 dicentes,
2005 4157 2175 4218 Filius

599 4262 721 4305 tuus
747 4249 900 4305 vivit.
937 4247 1260 4304 Sciscitatus
1280 4257 1364 4304 est
1393 4263 1524 4319 ergo
1559 4250 1742 4302 horam
1780 4249 1850 4303 ab
1873 4251 1954 4305 eis
1985 4251 2037 4303 in
2069 4266 2174 4319 qua

2363 4082 2382 4120 ἰ
2424 4062 2561 4134 Ἤδη
2604 4063 2658 4117 δὲ
2699 4064 2865 4117 αὐτοῦ
2899 4064 3344 4132 καταϐαίνοντος,
3395 4067 3445 4120 oi
3489 4065 3668 4126 δοῦλοι
3703 4061 3859 4134 αὐτοῦ

2287 4157 2614 4227 ἀπήντησαν
2656 4157 2804 4226 αύτῷ
2830 4197 2842 4216 ,
2878 4159 2969 4210 καὶ
3005 4159 3344 4229 ἀπήγγειλαν
3374 4159 3625 4228 λέγοντες
3649 4201 3665 4226 ,
3689 4163 3769 4214 ὅτι
3809 4160 3862 4215 ’0

2283 4249 2396 4311 υίός
2429 4266 2522 4300 σου
2551 4250 2638 4319 ζῇ.
2683 4249 2946 4302 Ἐπύθετο
2977 4249 3069 4303 οῦν
3101 4250 3230 4320 παρ’
3259 4253 3440 4304 αὐτῶν
3473 4239 3571 4324 τὴν
3599 4249 3774 4323 ὥραν,
3811 4256 3864 4306 ἐν

596 4346 834 4414 vcgetius
889 4357 948 4397 se
999 4341 1292 4398 habuisset.
1331 4341 1394 4394 Et
1440 4341 1689 4395 dixerunt
1723 4341 1772 4396 ei
1805 4360 1818 4396 :
1849 4342 2000 4407 l‘leri,
2043 4342 2164 4394 hora

2286 4336 2314 4409 ᾖ
2345 4343 2683 4410 κομψότερον
2706 4342 2887 4410 ἔσχεν.
2910 4343 3018 4397 Καὶ
3036 4342 3188 4396 εἷπον
3239 4345 3410 4414 αὐτῷ,
3440 4347 3522 4399 ὅτι
3553 4347 3700 4408 Χθὶς
3725 4347 3866 4416 ὥραν

597 4436 821 4501 septima
875 4434 1095 4504 reliquit
1128 4448 1252 4489 eum
1295 4432 1487 4487 febris.
1523 4431 1791 4503 Cognovit
1838 4448 1966 4500 ergo
2025 4445 2179 4501 pater

599 4528 739 4597 quod
777 4525 862 4578 illa
903 4526 1034 4579 liora
1072 4532 1192 4579 erat
1238 4525 1291 4577 in
1321 4539 1425 4592 qua
1463 4523 1598 4576 dixit
1639 4523 1738 4576 sibi
1796 4521 1974 4585 .lesus,
2010 4522 2181 4579 FliillS

604 4632 726 4676 tuus
759 4621 909 4682 vivit,
942 4629 994 4672 et
1023 4619 1254 4672 credidit
1285 4617 1420 4683 ipse,
1455 4626 1506 4668 et
1540 4617 1731 4671 domus
1757 4615 1872 4684 ejus
1904 4626 2032 4669 tota.
2070 4614 2184 4669 Hoc

605 4712 798 4766 iterum
818 4713 1112 4765 secundum
1143 4711 1354 4778 signum
1386 4707 1550 4762 edidit
1579 4705 1756 4771 Jesus,
1784 4724 1904 4761 cum
1951 4709 2184 4761 venisset

609 4822 634 4855 a
666 4802 846 4856 ludam
874 4803 926 4856 in
974 4801 1274 4876 Galilaeam.
1319 4819 1336 4850 ι
1378 4798 1752 4869 Obstttpeiacti
1793 4801 1935 4854 servi
1996 4814 2187 4868 repen-

609 4896 718 4948 tina
756 4894 926 4947 morbi
964 4893 1281 4957 mutatione,
1340 4906 1634 4946 oecurrunt
1685 4894 1937 4956 domino,
1985 4893 2183 4944 bonum

608 4987 855 5042 nuntium
887 4983 1174 5040 atterentes
1204 4985 1270 5038 de
1290 4985 1523 5038 sanitate
1556 4983 1716 5054 567
1749 4984 1862 5037 ﬁlii.
1897 4983 2008 5038 Non
2045 4987 2187 5038 enim

610 5079 928 5143 simpliciter
964 5089 1017 5130 ct
1047 5078 1188 5131 sicut
1224 5077 1339 5131 ﬁeri
1387 5077 1542 5143 solet,
1591 5080 1682 5132 sed
1721 5076 1901 5131 subito
1934 5079 2191 5131 liberatus

612 5177 695 5222 est
730 5187 757 5218 ιι
783 5168 953 5230 febre,
1003 5178 1059 5219 ιιι
1109 5171 1178 5220 ita
1231 5169 1549 5221 ostendatur
1578 5169 1897 5222 miraculum
1953 5171 2050 5224 hoc
2082 5186 2189 5224 non

616 5261 783 5314 fuisse
817 5269 1020 5310 naturie
1043 5298 1055 5321 ,
1091 5260 1181 5311 sed
1222 5261 1435 5312 virtutis
1465 5260 1691 5313 Christi.
1731 5261 1799 5316 Ut
1830 5279 1960 5331 ergo
2005 5264 2195 5316 didicit

616 5367 646 5404 a
693 5352 864 5405 servis
907 5352 1090 5402 horam
1137 5351 1186 5404 in
1231 5368 1334 5419 qua
1373 5368 1504 5420 puer
1539 5356 1775 5424 vcgetius
1806 5370 1862 5409 se
1891 5357 2191 5422 inluxisset,

621 5445 718 5495 ltoc
748 5453 847 5501 est,
890 5442 1079 5496 melius
1114 5443 1410 5508 habuisset,
1453 5453 1505 5497 et
1540 5446 1591 5498 in
1629 5449 1904 5502 meliorem
1964 5450 2193 5502 transis-

622 5547 703 5587 Set
727 5534 1111 5598 Valetudinem,
1147 5537 1298 5603 piene
1319 5536 1547 5591 credidit
1584 5538 1830 5594 Domino.
1861 5540 2018 5594 Prior
2049 5544 2193 5595 enim

623 5638 739 5692 qus
774 5625 900 5677 ﬁdes
948 5626 1261 5693 imperfecta
1301 5639 1436 5682 erat.
1497 5629 1571 5686 Nc
1612 5634 1754 5686 enim
1807 5635 1936 5687 mihi
1990 5634 2193 5688 ditcrts

723 5812 766 5840 "
797 5809 939 5865 Psal.
974 5829 1152 5879 cum,
1192 5816 1245 5872 5.

2285 4432 2517 4503 ἑϐδόμην
2536 4433 2749 4502 ἀφῆκεν
2772 4435 2934 4487 αὑτὸν
2953 4437 2981 4487 6
3005 4435 3257 4505 πυρετός.
3280 4437 3464 4514 Ἔγνω
3489 4436 3583 4504 οῦν
3602 4441 3629 4493 6
3667 4440 3866 4511 πατὴρ,

2284 4527 2364 4577 ὅτι
2400 4527 2457 4577 ὲν
2479 4525 2664 4597 ἐκείνῃ
2685 4530 2752 4597 τῇ
2781 4526 3002 4599 ὦρᾳ.ίὲν
3089 4524 3242 4582 εἶπεν
3269 4529 3418 4600 αὐτῷ
3443 4533 3471 4584 ὁ
3509 4531 3743 4602 Ἰησοῦἓν
3794 4534 3868 4585 δτι

2297 4618 2360 4695 ὐ⁸
2386 4617 2495 4680 υἱός
2526 4634 2619 4668 σου
2671 4618 2762 4688 ζῇ,
2817 4621 2911 4671 καὶ
2943 4621 3266 4672 ἐπίστευσεν
3302 4622 3487 4688 αὐτὸς,
3525 4625 3619 4676 καὶ
3731 4625 3869 4678 οίκία

2287 4708 2452 4762 αὐ-οῦ
2507 4710 2624 4779 ὅλη.
2668 4710 2838 4763 Τοῦτο
2873 4712 3034 4766 πάλιν
3066 4713 3318 4784 δεύτερον
3351 4719 3582 4785 σημεῖον
3618 4717 3871 4788 ἐποίησεν

2288 4805 2314 4853 6
2358 4803 2600 4871 Ἰησοῦς,
2662 4802 2830 4855 ἐλθὼν
2882 4806 2945 4856 ὲκ
2991 4805 3088 4874 τῆς
3134 4806 3396 4871 Ἰουδαίας
3439 4810 3521 4872 είς
3564 4811 3668 4880 τὴν
3719 4809 3871 4864 Γαλι·

2290 4895 2464 4949 λαίαν.
2513 4915 2528 4945 ι
2575 4896 2973 4964 Ἐκπλαγέντες
3011 4899 3060 4950 οἱ
3094 4899 3267 4960 δοῦλοι
3321 4902 3421 4971 τὴν
3463 4901 3673 4972 ἀθρόαν
3717 4921 3872 4974 μετα·

2292 4985 2453 5055 εοιὴν
2487 4987 2586 5056 τῆς
2623 4990 2796 5052 νόσου,
2837 4990 3125 5042 ἀπαντῶσι
3167 4991 3246 5062 τῷ
3293 4995 3490 5063 κυρίῳ,
3523 4995 3871 5063 εὺαγγελιξ-ᾇ-

2296 5095 2447 5144 μενοι
2480 5079 2628 5148 αὖτῴ
2665 5079 2762 5149 τὴν
2785 5081 2878 5132 τοῦ
2915 5081 3032 5135 υἱοῦ
3067 5083 3278 5150 ὑγείαν.
3316 5082 3394 5138 Οὐ
3427 5086 3537 5155 γὰρ
3571 5087 3761 5151 ἁπλῶς
3788 5089 3875 5141 καὶ

2293 5173 2364 5237 ὡς
2389 5174 2600 5244 ἔτυχεν,
2625 5175 2740 5228 ἀλλ’
2766 5176 2960 5247 ἀθρόον
2990 5179 3280 5250 ἀπηλλάγη
3317 5180 3410 5234 τοῦ
3444 5183 3712 5252 πυρετοῦ,
3742 5184 3872 5239 ὥστε

2294 5267 2576 5336 δειχθῆναι
2626 5268 2701 5339 μὴ
2736 5269 2948 5338 φύσεως
2993 5273 3319 5341 ἀκολουθίαν
3352 5270 3494 5328 εἶναι
3531 5277 3592 5329 τὸ
3622 5279 3868 5349 πρᾶγμα.

2297 5362 2431 5414 ἀλλά
2483 5363 2582 5432 τῆς
2615 5364 2901 5434 δυνάμεως
2937 5366 3030 5418 τοῦ
3080 5368 3340 5436 Χριστοῦ.
3386 5369 3596 5423 Μαθὼν
3628 5371 3686 5425 δὲ
3739 5374 3873 5442 παρὰ

2297 5454 2404 5505 τῶν
2428 5453 2632 5508 δούλων
2651 5457 2746 5526 τὴν
2769 5458 2942 5528 ὤραν,
2977 5462 3032 5514 ὲν
3133 5462 3474 5532 κομψότερον
3502 5463 3528 5514 6
3556 5465 3684 5527 παῖς
3708 5464 3872 5536 ἔσχεν,

2303 5549 2421 5600 ἀντὶ
2452 5549 2570 5612 τοῦ,
2612 5551 2706 5602 ἐπὶ
2739 5551 2798 5602 τὸ
2832 5551 3039 5620 βέλτιον
3073 5555 3167 5607 καὶ
3192 5555 3602 5625 εύρωστότερον
3623 5559 3877 5628 μετῆλθεν

2301 5641 2328 5692 6
2358 5645 2505 5708 παῖς,
2536 5643 2757 5707 τελείως
2790 5646 3033 5698 πιστεύει
3061 5645 3135 5715 τῷ
3167 5646 3377 5718 Κυρίῳ.
3432 5648 3476 5700 Η
3512 5647 3624 5721 γὰρ
3649 5653 3877 5725 προτέρα
