4078 6330
219 379 353 444 1957

864 373 1307 438 ENARRATIO
1352 373 1429 434 IN
1474 371 1979 433 EVANGELIUM
2025 369 2374 429 Jt‘).\N.\’lS.
2423 390 2470 403 -
2507 370 2668 430 car.
2710 370 2776 430 ι’.

3394 369 3506 435 1255

213 498 401 556 πίστις
434 492 602 547 αυτοῦ
636 490 833 561 ἀτελὴς
984 491 1075 561 Μὴ
1112 488 1220 560 γάρ
1253 507 1344 560 μοι
1378 488 1564 559 εἴπῃς,
1599 487 1681 541 ὅτι
1709 485 1800 543 κα

1926 486 2071 554 quod
2104 499 2206 538 non
2232 482 2561 537 accessisset
2588 481 2694 535 nisi
2726 479 3064 536 ρτράίιιὶδμυι.
3108 480 3243 535 Ν.ιιιι
3273 492 3323 536 et
3352 492 3534 551 patr-cut

213 589 326 661 μὴν
349 588 448 641 οὐκ
489 587 556 641 ἂν
588 584 927 656 προσῆλθεν,
980 587 1027 637 εί
1077 585 1151 654 μὴ
1193 583 1542 636 ἐπίστευσεν.
1579 582 1818 635 Ehe-0am

207 682 322 752 γὰρ
352 681 403 732 oi
433 677 671 746 πατέρες
696 677 804 728 ἀπὸ
844 678 944 747 τῆς
973 676 1107 745 πρὸς
1129 675 1261 736 τοὺς
1281 673 1482 735 παῖδας
1516 672 1723 741 φιλίας,
1757 673 1817 724 ού

211 776 378 844 μόνον
405 769 484 836 οἷς
508 772 807 841 θαρροῦσιν
840 772 1044 841 ἰατροῖς
1072 771 1380 839 προσιέναι,
1403 768 1543 822 ἀλλὰ
1575 767 1671 821 καὶ
1706 769 1819 830 τοῖς

208 867 484 937 ἀτέκνοις,
538 866 706 935 μηδὲν
752 865 860 918 τῶν
908 864 1138 916 δεόντων
1179 862 1512 934 παραλιπεῖν
1552 861 1816 932 βουλόμε-

206 980 310 1012 νοι.
345 959 626 1030 Προσῆλθε
674 958 774 1029 μὲν
825 957 916 1010 οῦν
945 956 1055 1009 ἀπὸ
1086 955 1346 1019 πίστεως,
1380 954 1496 1022 εἴγε
1538 952 1818 1007 καὶτοῦτο

205 1053 481 1122 δώσομεν,
510 1051 643 1104 ἀλλὰ
683 1051 902 1120 ψυχρᾶς
939 1049 1036 1102 καὶ
1081 1047 1333 1112 ἀτελοῦς,
1360 1049 1426 1117 ἣν
1457 1046 1578 1099 οὐδὲ
1631 1046 1817 1099 πίστιν

205 1144 274 1197 ἄν
309 1161 390 1207 τις
420 1144 694 1197 καλέσειε.
723 1141 931 1196 Τότεδέ
962 1141 1184 1204 τελείως
1216 1139 1563 1205 ἐπίστευσεν,
1601 1141 1690 1193 ὅτε
1721 1138 1818 1191 καὶ

205 1257 273 1292 πε
286 1240 340 1309 ρὶ
366 1238 466 1309 τῆς
485 1238 637 1306 ὧρας
662 1236 837 1307 ἔμαθε
853 1278 864 1290 .
900 1237 1056 1299 Τίνος
1073 1236 1128 1288 δὲ
1154 1236 1342 1289 ἕνεκεν
1363 1236 1390 1287 ὁ
1413 1233 1815 1302 εύαγγελιστής

202 1349 396 1400 φησιν,
443 1331 525 1382 ὅτι
577 1328 833 1397 δεύτερον
867 1326 1031 1380 τοῦτο
1072 1329 1132 1379 τὸ
1184 1328 1414 1397 σημεῖον
1450 1325 1713 1397 ἐποίησεν
1758 1326 1815 1376 ἐν

203 1423 402 1493 Κανᾷς
440 1421 559 1474 Ἵνα
587 1420 738 1492 δείξῃ
777 1423 904 1483 τοὺς
942 1418 1294 1489 Σαμαρείτας
1347 1418 1563 1472 πολλῶν
1622 1417 1809 1482 ἀξίους

203 1513 524 1584 ἐγκωμίων.
565 1513 673 1566 Καὶ
722 1515 853 1582 γὰρ,
891 1514 1050 1583 φησὶ,
1081 1515 1179 1565 καὶ
1205 1511 1462 1584 δευτέρου
1494 1510 1687 1565 τούτου
1717 1508 1811 1564 τοῦ

208 1609 442 1680 σημείου
495 1608 816 1678 γενομένου,
875 1607 1092 1661 οὐδέπω
1138 1607 1187 1660 οἱ
1253 1606 1532 1660 Γαλιλαῖοι
1568 1605 1705 1675 πρὸς
1752 1606 1812 1657 τὸ

206 1699 345 1771 ῦψος
410 1698 635 1754 ἐκείνων
684 1698 971 1768 ἔφθασαν,
1037 1699 1146 1754 τῶν
1179 1698 1348 1771 μηδὲν
1423 1698 1642 1752 ἰδόντων
1711 1715 1809 1765 ση-

208 1793 383 1866 μεῖον.

825 1905 1078 1961 ΚΕΦΑΛ.
1130 1904 1205 1960 E'.

204 2000 352 2068 Περὶ
385 1999 491 2055 τοῦ
536 2001 860 2070 τριάκοντα
894 1999 994 2055 καὶ
1023 1999 1178 2052 ὀκτὼ
1206 1999 1312 2067 ἐτη
1348 1999 1601 2067 ἔχοντος
1639 2000 1711 2053 ἐν·
1735 1998 1808 2065 τῇ

276 2069 586 2138 ἀσθενείᾳ.
617 2072 752 2142 Περὶ
784 2070 902 2124 τῶν
946 2071 1248 2125 Ἰουδαίων
1276 2069 1616 2140 ζητούντων
1667 2070 1807 2125 ἀπο-

277 2143 510 2196 κτεῖναι
561 2144 668 2196 τὸν
717 2143 983 2208 Ἰησοῦν.

282 2278 299 2310 ι
352 2260 509 2313 Μετὰ
565 2259 737 2312 ταῦτα
792 2254 860 2329 ἦν
915 2260 947 2328 ἡ
997 2258 1160 2329 ἑορτὴ
1211 2257 1320 2311 τῶν
1365 2258 1662 2324 Ἰουδαίων,
1715 2259 1807 2312 καὶ

202 2353 372 2422 ἀνέϐη
407 2355 434 2405 ὁ
482 2353 698 2424 Ἰησοῦς
749 2355 829 2416 εἰς
876 2353 1250 2424 Ἱεροσόλυμα.
1289 2353 1448 2405 Ἔστι
1491 2353 1547 2406 δὲ
1579 2354 1638 2406 ἐν
1695 2356 1808 2416 τοῖς

213 2447 617 2519 Ἰεροσολύμοις
640 2448 951 2518 προϐατικὴ
979 2445 1336 2518 κολυμϐήθρα
1368 2449 1400 2516 ἡ
1431 2447 1805 2518 ἐπιλεγομένη

212 2537 496 2608 Ἐϐραϊστὶ
529 2539 790 2609 Βηθεσδᾶ,
824 2539 985 2591 πέντε
1011 2538 1172 2601 στοὰς
1197 2537 1418 2608 ἔχουσα.
1455 2539 1544 2592 Ἐν
1565 2537 1802 2603 ταύταις

201 2631 491 2685 κατέκειτο
534 2631 740 2703 πλῆθος
779 2632 914 2685 πολὺ
947 2631 1056 2685 τῶν
1108 2632 1511 2699 ἀσθενούντων,
1564 2632 1802 2703 τυφλῶν,

200 2727 416 2798 χωλῶν,
454 2726 658 2798 ξηρῶν,
686 2728 1062 2798 ἐκδεχομένων
1089 2728 1189 2798 τὴν
1219 2728 1314 2781 τοῦ
1338 2729 1531 2793 ὓδατος
1560 2728 1801 2800 κίνησιν.

203 2821 472 2889 Ἀγγελος
503 2822 610 2891 γὰρ
638 2820 780 2874 κατὰ
807 2823 1002 2891 καιρὸν
1033 2821 1359 2876 κατέϐαινεν
1392 2824 1450 2875 ἐν
1483 2826 1548 2894 τῇ
1597 2823 1803 2894 κολυμη

199 2915 399 2986 ϐήθρᾳ,
433 2918 527 2968 καὶ
552 2916 823 2986 ἐτάρασσε
865 2918 924 2968 τὸ
955 2914 1122 2987 ὕδωρ.
1158 2916 1216 2969 Ὀ
1255 2916 1347 2970 οὖν
1381 2917 1597 2988 πρῶτος
1629 2917 1805 2988 ἐμϐὰς

201 3009 344 3076 μετὰ
383 3009 482 3074 τὴν
519 3010 769 3080 ταραχὴν
802 3008 895 3062 τοῦ
926 3007 1141 3075 ὓδατος,
1178 3009 1338 3080 ὑγιὴς
1372 3010 1611 3078 ἐγένετο,
1644 3003 1688 3078 ᾧ
1715 3010 1806 3082 δή·

197 3117 330 3154 ποτε
363 3102 650 3172 κατείχετο
668 3103 959 3173 νοσήματι.
992 3121 1009 3153 ι
1044 3103 1240 3174 Ἐορτὴ
1265 3100 1332 3174 ἦν
1368 3104 1474 3156 τῶν
1500 3103 1798 3168 Ἰουδαίων,

197 3197 230 3266 ἠ
262 3197 363 3265 τῆς
387 3197 794 3267 Πεντηκοστῆς,
830 3192 1012 3266 οἶμαι.
1049 3197 1363 3250 Ἀναϐαίνει
1394 3197 1531 3252 δὲέν
1570 3198 1744 3270 ταύτῃ
1776 3200 1802 3252 ὁ

1927 583 2356 640 consueverunt,
2408 589 2519 645 prae
2579 589 2769 629 amore
2806 589 2933 645 erga
2976 574 3142 645 lilioc,
3203 591 3309 630 non
3358 576 3534 632 solum

1927 670 2189 726 accedere
2218 669 2284 725 ad
2313 669 2557 725 medicos
2592 669 2797 739 quibus
2831 671 2970 723 bene
3005 669 3200 735 ﬁdunt,
3232 670 3327 725 sed
3370 680 3425 726 et
3468 672 3536 724 ad

1927 766 2230 836 imperitos,
2274 764 2410 820 nihil
2450 778 2515 817 cx
2559 764 2646 818 his
2681 778 2802 832 quae
2843 761 3028 818 facere
3053 771 3328 832 oporteat,
3366 765 3537 818 inter-

1927 860 2225 916 mittentes.
2259 859 2507 914 Accessit
2535 859 2757 928 quidem
2785 874 2852 912 ex
2885 859 3009 922 lide,
3055 857 3324 924 siquidem
3354 869 3404 912 et
3430 858 3536 914 hoc

1922 953 2207 1017 dabimus;
2267 953 2361 1009 sed
2408 954 2603 1024 frigida
2660 961 2718 1007 et
2753 952 3100 1022 imperfecta,
3135 967 3298 1020 quam
3355 967 3535 1022 neque

1926 1048 2084 1102 [idem
2135 1048 2258 1117 quis
2308 1056 2455 1101 recte
2487 1045 2784 1101 vocaverit.
2837 1044 2996 1098 Tunc
3057 1053 3238 1098 autem
3291 1042 3533 1113 perfecte

1923 1141 2173 1207 credidit,
2208 1144 2429 1212 quando
2471 1142 2612 1195 etde
2648 1141 2779 1194 hora
2815 1139 3028 1194 didicit.
3077 1139 3136 1193 Et
3167 1154 3337 1208 quare
3372 1153 3533 1194 evan-

1919 1236 2110 1306 gelista
2140 1236 2270 1290 dicit
2311 1235 2455 1304 quod
2488 1233 2791 1308 secundum
2829 1233 2932 1287 hoc
2971 1233 3190 1302 signum
3247 1231 3440 1285 fecerit
3473 1232 3529 1287 in

1920 1328 2117 1382 Cana?
2155 1326 2223 1382 Ut
2254 1315 2523 1382 ostendat"
2543 1325 2926 1381 Samaritauos
2977 1323 3162 1378 multis
3201 1323 3531 1395 dignoslau-

1920 1419 2100 1474 dibus.
2141 1417 2354 1474 Etenim
2397 1419 2552 1486 dicit,
2605 1428 2659 1476 et
2717 1434 2842 1475 eum
2899 1419 3145 1475 secundo
3208 1419 3313 1474 hoc
3376 1419 3533 1474 ﬂeret.

1919 1513 2156 1581 signum,
2195 1515 2437 1567 nondum
2477 1522 2852 1582 pervenerunt
2897 1511 3110 1568 Galilaai
3148 1513 3214 1565 ad
3277 1511 3532 1569 sublimi-

1921 1615 2082 1657 tatem
2115 1604 2329 1658 illorum
2364 1607 2453 1673 qui
2497 1604 2702 1658 nullum
2742 1607 2990 1661 viderant
3033 1607 3272 1676 signum.

2554 1899 2784 1955 CAPUT
2833 1898 2891 1952 ιν.

1919 1990 1994 2042 De
2027 2009 2084 2043 cu
2117 1991 2205 2062 qui
2237 2009 2266 2062 rt
2298 1991 2525 2058 triginta
2549 2002 2593 2043 et
2621 2001 2738 2043 octo
2772 1991 2924 2044 anuis
2955 1994 3006 2045 in
3033 1992 3348 2060 infirmitate
3370 2009 3530 2062 jace-

1991 2067 2096 2114 hut.
2129 2061 2200 2116 De
2224 2061 2432 2115 Jucla‘ts
2464 2064 2822 2130 qurerentibus
2860 2063 3146 2116 Dominum
3191 2061 3450 2119 occidere.

1991 2245 2152 2301 Vens.
2183 2247 2300 2304 1-4.
2335 2267 2352 2298 ι
2395 2247 2522 2302 l‘ost
2554 2229 2670 2302 haec
2693 2257 2814 2302 erat
2835 2248 2951 2304 dies
2982 2246 3155 2303 festus
3183 2247 3524 2312 Juda‘orttm,

1912 2351 1964 2395 et
1999 2342 2251 2396 ascendit
2305 2339 2466 2397 Jesus
2517 2341 2918 2414 Hierosolyma.
2958 2343 3055 2398 Est
3095 2350 3277 2398 autem
3331 2343 3527 2398 Hiero—

1913 2435 2140 2505 Snlymis
2189 2435 2469 2503 probatica
2527 2435 2762 2506 piscina,
2798 2451 2920 2505 qua:
2957 2438 3383 2507 cognominatur
3419 2438 3526 2491 Ile-

1914 2529 2097 2584 lfraice
2152 2529 2448 2594 Bethesda,
2505 2531 2748 2600 quinque
2803 2531 3054 2601 porticus
3090 2533 3319 2587 habens.
3350 2534 3404 2586 In
3440 2534 3524 2587 his

1912 2619 2128 2687 iacebat
2173 2622 2470 2677 multitudo
2512 2623 2920 2692 languentium,
2971 2640 3269 2690 cmcorum,
3299 2627 3525 2680 claudo-

1915 2731 2053 2779 rttm,
2087 2716 2391 2779 aridorum,
2430 2717 2869 2786 exspectantium
2911 2733 3068 2787 aqum
3119 2728 3350 2773 motum.
3411 2720 3525 2772 Λιι-
3589 2789 3595 2792 _

1910 2808 2064 2878 gelus
2096 2809 2242 2863 enim
2278 2810 2816 2866 descendebatccrto
2846 2819 3092 2880 tempore
3137 2811 3191 2865 in
3227 2812 3519 2882 piscinam,

1911 2911 1960 2954 et
2002 2901 2261 2956 turbabat
2291 2918 2510 2972 aquatn.
2548 2903 2741 2973 Itaque
2771 2903 2860 2973 qui
2896 2904 3110 2973 primus
3146 2903 3524 2958 descendisset.

1910 3005 2031 3065 post
2058 2995 2426 3050 turbationem
2472 3012 2652 3068 aqua},
2689 3013 2858 3055 sanus
2895 2999 3059 3053 ﬁebat
3109 3013 3136 3052 a
3192 3015 3523 3069 quocunque

1910 3084 2256 3141 detinebatur
2313 3089 2528 3143 morbo.
2568 3108 2586 3141 ι
2637 3090 2762 3144 Dies
2812 3090 2985 3146 festus
3030 3091 3520 3156 eratJudacorum,

1910 3178 2233 3236 Pentecoste
2265 3181 2482 3250 Opinor.
2510 3183 2774 3238 Ascendit
2804 3182 2941 3240 ineo
2981 3183 3283 3253 Dominus;
3318 3186 3520 3255 partim

197 3258 442 3359 Ιξύρίος·
477 3258 594 3360 ἅμα
630 3258 898 3358 μέν’,νίναί
931 3289 1006 3360 μὴ
1053 3290 1180 3361 δόξῃ
1229 3291 1472 3356 ἐναντίος
1518 3291 1597 3362 τῷ
1625 3258 1798 3363 usus),

1912 3287 1977 3328 ne
2005 3273 2279 3328 videretur
2323 3290 2445 3330 esse
2477 3276 2827 3332 adversarius
2871 3277 3000 3348 legi,
3026 3277 3121 3332 sed
3171 3290 3522 3348 compareret

196 3383 340 3437 ἀλλὰ
370 3384 634 3453 φαίνηται
665 3383 1046 3454 συνεορτάζων
1097 3386 1211 3446 τοῖς
1255 3384 1472 3448 πολλοῖς
1498 3400 1512 3416 ⁸
1555 3386 1673 3455 ἃμα
1716 3385 1798 3453 δὲ,

196 3477 284 3528 ῖνα
318 3477 540 3540 πλείους
585 3475 674 3529 διὰ
725 3477 970 3546 σημείων
1003 3475 1354 3541 διδασκαλίας
1387 3477 1797 3549 ἐπισπάσηται,

196 3571 293 3624 καὶ
338 3570 574 3638 μάλιστα
632 3570 693 3623 τὸ
749 3570 952 3640 πλῆθος
999 3570 1058 3624 τὸ
1108 3570 1317 3624 ἄδολον.
1371 3571 1460 3625 Ἐν
1512 3572 1622 3643 γὰρ
1674 3573 1798 3636 ταῖς

194 3663 412 3733 ἑορταῖς
440 3662 665 3726 εἰώθασι
698 3663 1059 3734 συνέρχεσθαι
1094 3666 1186 3717 καὶ
1221 3664 1474 3736 ἀγρόται,
1508 3664 1605 3718 καὶ
1643 3667 1800 3719 ἀστι-

193 3755 284 3808 κοὶ
315 3757 714 3826 χειρώνακτες,
750 3758 848 3819 τὰς
881 3756 1050 3819 ἄλλας
1074 3757 1291 3827 ἡμέρας
1317 3760 1430 3820 τοῖς
1460 3756 1643 3828 ἔργοις
1669 3777 1798 3812 συν-

192 3847 609 3918 ασχολούμενοι.
647 3847 967 3918 Προϐατικὴ
1001 3849 1058 3902 δὲ
1091 3849 1370 3920 ἐλέγετοὴ
1406 3850 1794 3921 κολυμϐήθρα,

191 3937 330 3990 διότι
366 3937 434 3990 τὰ
467 3938 604 4007 πρὸς
638 3937 832 3991 Θυσίαν
855 3939 1106 4009 πρόϐατα
1130 3941 1251 3992 ἐκεῖ
1279 3943 1568 4011 συνήγετο,
1605 3942 1700 3994 καὶ
1731 3943 1799 3994 τὰ

190 4029 404 4099 ἔγκατα
445 4032 627 4084 αὐτῶν
677 4031 972 4085 ἐπλύνοντο
1023 4035 1156 4087 ἐκεῖ.
1221 4029 1382 4105 Εἶχον
1415 4033 1471 4086 δὲ
1515 4035 1564 4087 οί
1610 4035 1798 4088 πολλοὶ

192 4125 487 4193 ὑπόληψιν,
521 4127 601 4178 ὃτι
635 4127 730 4178 καὶ
761 4127 871 4179 ἀπὸ
898 4127 1061 4196 μόνου
1097 4126 1192 4180 τοῦ
1222 4127 1521 4180 πλύνεσθαι
1552 4131 1619 4180 τὰ
1651 4128 1798 4181 ἐντός

192 4217 321 4270 σθια
354 4219 460 4270 τῶν
515 4220 728 4290 ἱερείων
771 4220 1002 4289 δύναμίν
1039 4238 1161 4274 τινα
1196 4221 1466 4291 λαμϐάνει
1513 4222 1796 4294 θειοτέραν

187 4314 253 4364 τὸ
291 4310 437 4383 ὕδωρ
460 4355 475 4379 ,
518 4313 597 4366 διὸ
627 4316 721 4366 καὶ
776 4315 867 4366 τὸν
899 4315 1134 4382 ἄγγελον
1183 4316 1478 4386 ἐπιφοιτᾷν
1509 4315 1684 4386 τούτῳ
1717 4317 1796 4387 τῷ

191 4403 347 4457 ὕδατι
377 4405 453 4467 ὡς
488 4405 754 4476 ἐκλεκτῷ,
804 4408 897 4458 γαί
930 4408 1402 4478 θαυματουργεῖν.
1439 4408 1661 4462 Ἔοικεν
1686 4409 1794 4480 ἄρα

190 4497 224 4568 ή
269 4498 388 4550 θεία
423 4499 654 4569 πρόνοια
695 4499 984 4571 πόρρωθεν
1014 4500 1339 4554 ὀδοποιοῦσα
1360 4502 1472 4564 τοῖς
1521 4501 1797 4565 Ἰουδαίοις

1905 3383 2028 3420 cum
2057 3367 2283 3439 reliquis
2333 3370 2474 3424 diem
2511 3369 2708 3425 festum
2744 3383 2945 3442 agens:
2981 3374 3180 3442 partim
3229 3384 3287 3428 ut
3334 3376 3520 3444 plures

1905 3477 2001 3531 per
2031 3462 2182 3532 signa
2217 3473 2271 3518 et
2303 3464 2582 3520 doctrinas
2631 3465 2882 3521 alliceret
2926 3475 2980 3520 et
3029 3469 3267 3522 maxime
3303 3470 3519 3525 turbam

1904 3555 2231 3624 simplicem.
2277 3556 2540 3611 Solebant
2589 3559 2734 3612 enim
2789 3560 2878 3613 die
2931 3558 3082 3636 festa)
3135 3564 3432 3618 convenire
3465 3576 3520 3619 et

1904 3647 2094 3702 rustici
2127 3649 2424 3718 etopilices
2450 3651 2666 3713 urbani,
2695 3653 2784 3721 qui
2818 3653 2937 3708 aliis
2965 3655 3156 3709 diebus
3176 3655 3227 3710 in
3255 3659 3517 3727 operibus

1903 3741 2016 3796 suis
2061 3752 2217 3796 erant
2277 3745 2552 3812 occupati.
2628 3745 2913 3801 Probatica
2976 3758 3155 3804 autem
3229 3749 3518 3807 dicebatur

1905 3837 2136 3905 piscina,
2169 3851 2236 3891 eo
2267 3838 2410 3906 quod
2439 3853 2567 3893 oves
2607 3839 2720 3894 illic
2753 3840 2821 3895 ad
2856 3841 3186 3896 sacriﬁcium
3209 3859 3514 3916 congrega-

1905 3928 2123 3998 bantur,
2155 3944 2207 3985 et
2235 3932 2486 3988 intestina
2515 3949 2704 3990 earum
2733 3935 3120 3994 abluebantur.
3149 3940 3295 3995 Multi
3328 3954 3514 3999 autem

1903 4023 2266 4092 opinabantur
2290 4027 2436 4095 quod
2488 4028 2605 4083 sola
2663 4029 2947 4086 ablatione
2993 4033 3384 4088 intestinorum
3421 4053 3515 4091 sa-

1905 4120 2249 4189 criticalium,
2285 4125 2851 4197 virtutemquanuhtm
2885 4130 3216 4184 diviniorem
3240 4145 3516 4202 accrpcret

1905 4229 2067 4282 aqua,
2118 4227 2172 4272 et
2224 4227 2517 4287 propterea
2574 4220 2803 4292 angelus
2846 4223 2912 4276 ad
2951 4239 3147 4292 aquam
3178 4233 3235 4279 ut
3279 4225 3513 4280 electam

1905 4304 2212 4369 accederet,
2245 4317 2298 4361 et
2333 4307 2655 4364 miraculum
2692 4321 3038 4381 operaretur.
3076 4314 3372 4370 Videbatur
3401 4319 3513 4370 uti-

1905 4414 2011 4469 que
2040 4400 2219 4454 divina
2253 4403 2525 4472 sapientia.
2557 4420 2586 4458 ιι
2627 4405 2788 4477 longe
2820 4407 2962 4460 viam
2998 4407 3178 4464 facere
3207 4408 3413 4468 Judmis
3441 4412 3512 4477 ad

1907 4492 2066 4546 fidem
2100 4494 2151 4547 in
2187 4493 2496 4561 Christum,
2547 4500 2973 4568 prmordinando
3026 4501 3353 4559 miraculum
3409 4505 3514 4576 pi-

189 4593 332 4662 πρὸς
377 4593 476 4664 τὴν
522 4594 602 4656 είς
638 4594 875 4662 Χριστὸν
919 4595 1124 4657 πίστιν,
1162 4595 1223 4647 τὸ
1266 4597 1361 4665 τῆς
1404 4596 1795 4668 κολυμϐήθρας

1910 4587 2093 4643 sciam.
2132 4586 2546 4659 Namquoniam
2579 4592 2853 4662 baptisma
2889 4596 3141 4650 daturmn
3189 4596 3357 4669 568
3390 4608 3514 4655 erat

187 4685 397 4756 ταύτης
441 4685 630 4754 θαῦμα
683 4689 1173 4758 προοικονομῆσαι.
1230 4689 1387 4742 Ἐπεὶ
1427 4690 1537 4760 γὰρ
1596 4691 1792 4760 ἔμελλε

190 4776 477 4847 βάπτισμα
508 4776 750 4829 δίδοσθαι
784 4777 988 4848 πολλὴν
1014 4777 1137 4845 ἕχον
1160 4777 1419 4847 δύναμιν,
1452 4779 1544 4830 καὶ
1580 4778 1792 4849 δωρεὰν

190 4870 478 4942 μεγίστην,
499 4865 588 4924 οἷα
621 4871 883 4940 καθαῖρον
906 4871 1206 4942 ἁμαρτίας,
1237 4873 1331 4924 καὶ
1357 4871 1658 4935 ζωοποιοῦν
1693 4871 1791 4935 τὰς

182 4964 388 5035 ψυχας,
428 4963 823 5034 προζωγραφεῐ
853 4964 986 5026 Θεὸς
1021 4967 1081 5016 τὸ
1117 4963 1406 5034 βάπτισμα
1427 4966 1615 5027 ἐντοῖς
1657 4965 1790 5018 Ἴου-

182 5056 396 5118 δαῖκοῖς
418 5096 433 5122 ,
491 5057 587 5109 καὶ
636 5055 818 5108 δίδωσι
853 5058 954 5125 μὲν
987 5057 1083 5109 καὶ
1115 5057 1259 5129 ὕδωρ
1289 5058 1476 5121 αὑτοῖς
1527 5050 1791 5129 καθαῖρον

186 5149 503 5219 panormi);
556 5149 618 5202 οὺ
661 5149 867 5219 κυρίως
897 5149 1081 5217 ὄντας,
1139 5150 1276 5203 ἀλλὰ
1327 5150 1644 5214 δοκοῦντας·
1678 5146 1790 5205 οἷον

179 5242 311 5306 τοὺς
362 5242 470 5295 ἀπὸ
508 5242 600 5296 τοῦ
657 5242 901 5313 ἅψασθαι
949 5243 1172 5313 νεκροῦ,
1222 5244 1516 5317 ἢλεπροῦ,
1553 5247 1648 5300 καὶ
1682 5247 1790 5300 τῶν

179 5333 445 5388 τοιούτων
472 5335 678 5404 ἐτέρων
703 5352 716 5364 ·
743 5333 934 5388 δίδωσι
963 5336 1021 5390 δὲ
1055 5337 1235 5389 καὶτὸ
1267 5339 1367 5407 τῆς
1394 5338 1789 5410 κολυμϐήθρας

178 5427 390 5498 ταύτης
422 5427 630 5498 θαῦμα,
667 5429 898 5499 όδηγοῦν
952 5431 1154 5494 αὐτοὺς
1200 5432 1282 5494 είς
1324 5431 1425 5502 τὴν
1464 5432 1788 5503 παραδοχὴν

178 5522 276 5574 τοῦ
319 5523 719 5592 βαπτίσματος.
768 5522 1039 5591 Ἀγγελος
1070 5523 1181 5594 γὰρ
1213 5523 1355 5578 κατὰ
1386 5524 1581 5595 καιρὸν
1609 5542 1786 5579 κατα-

178 5615 405 5677 ϐαίνων,
437 5616 762 5688 διετάρασσε
794 5617 854 5670 τὸ
886 5617 1056 5688 ὕδωρ,
1092 5619 1184 5673 καὶ
1225 5620 1525 5689 ίαματικὴν
1556 5621 1787 5675 ἐνετίθει

174 5709 356 5779 τούτῳ
399 5708 653 5778 δύναμιν.
701 5711 776 5764 Οὐ
810 5711 920 5781 γὰρ
946 5712 1121 5782 δήπου
1161 5713 1314 5782 ἢτοῦ
1353 5711 1549 5777 ὕδατος
1596 5713 1783 5784 φύσις,

177 5803 321 5872 αὑτὴ
351 5801 477 5856 καθ’
505 5803 704 5875 ἑαυτὴν
736 5805 854 5856 ἰᾶτο
883 5804 899 5874 (
926 5799 961 5876 ἦ
994 5806 1104 5876 γὰρ
1145 5807 1212 5861 ἂν
1247 5807 1336 5861 διὰ
1368 5808 1572 5873 παντὸς
1624 5807 1786 5862 τοῦτο

175 5895 433 5964 ἐγίνετο),
477 5895 593 5948 ἀλλ’
627 5897 720 5949 ἐπὶ
762 5900 829 5968 τῇ
859 5897 956 5951 τοῦ
1004 5899 1244 5967 ἀγγέλου
1282 5902 1536 5976 ἐνεργείᾳ
1565 5901 1626 5957 τὸ
1673 5904 1784 5959 πᾶν

427 5992 698 6052 Parnm“
746 5995 865 6054 Gtt.
907 5993 1191 6054 CXXlll.

1906 4695 2157 4744 magnam
2190 4681 2468 4748 virtutem,
2503 4693 2557 4737 et
2591 4688 2889 4739 maximum
2923 4686 3150 4753 domm),
3185 4699 3375 4760 ωροτε
3406 4706 3512 4760 plt-

1900 4769 2124 4825 rilicaus
2161 4781 2449 4841 peccatum
2503 4783 2557 4827 et
2588 4775 2873 4831 viviticans
2915 4779 3151 4845 animas,
3198 4781 3512 4851 prteligurat

1901 4862 2044 4918 Deus
2086 4864 2359 4935 baptisma
2423 4865 2475 4920 in
2523 4867 2690 4922 rebus
2732 4866 2996 4936 Judaicis,
3040 4882 3093 4924 et
3125 4871 3258 4941 ipsis
3291 4887 3509 4941 quoque

1898 4971 2095 5027 aquam
2131 4959 2366 5029 datquat
2401 4960 2656 5030 puriﬁcet
2689 4963 2904 5029 sordes,
2965 4978 3088 5033 quae
3144 4981 3253 5018 non
3313 4965 3507 5021 sordes

1897 5051 2118 5120 proprie
2168 5063 2349 5116 erant,
2397 5054 2493 5107 sed
2542 5054 2868 5110 videbantur
2907 5071 3030 5112 esse
3066 5074 3078 5109 :
3115 5064 3173 5110 ut
3205 5057 3249 5112 si
3283 5058 3504 5128 quando

1898 5143 2205 5215 tetigissent
2231 5157 2531 5215 mortuum,
2568 5149 2654 5203 vel
2688 5149 2990 5219 leprosum,
3027 5150 3114 5205 vel
3139 5150 3344 5221 aliquid
3374 5153 3507 5209 tale.

1899 5238 1999 5293 Dat
2049 5249 2232 5294 atttetn
2292 5248 2347 5296 et
2373 5240 2597 5310 piscina!
2633 5242 2797 5313 hujus
2828 5242 3182 5308 miraculum,
3238 5246 3382 5312 quod
3409 5245 3511 5301 dum

1895 5341 2044 5389 ceret
2094 5349 2188 5389 eos
2244 5333 2311 5388 ad
2364 5335 2774 5404 susceptionem
2832 5335 3200 5405 baptismatis.
3265 5338 3506 5410 Angelus

1895 5427 2038 5480 cnim
2094 5436 2339 5497 tempore
2388 5435 2698 5496 opportuno
2727 5427 3119 5493 descendebat,
3151 5439 3205 5484 et
3247 5434 3505 5485 turbabat

1895 5535 2117 5590 aquam,
2145 5532 2201 5574 et
2227 5520 2531 5575 sanativam
2568 5521 2640 5574 illi
2667 5521 2923 5577 virtutem
2954 5523 3192 5578 indebat.
3219 5524 3501 5595 Nusquam

1893 5614 2037 5668 enim
2083 5613 2188 5668 ista
2218 5624 2414 5668 natura
2441 5629 2595 5683 aqua:
2627 5626 2731 5683 est,
2774 5625 2832 5670 ut
2860 5633 2955 5688 per
2980 5633 3038 5673 se
3083 5629 3265 5686 sanet,
3297 5618 3502 5686 alioqui

1894 5708 1993 5761 hoc
2016 5717 2277 5778 perpetuo
2305 5708 2504 5774 ﬁeret;
2536 5709 2630 5763 sed
2660 5718 2831 5764 totum
2869 5712 2923 5765 in
2946 5711 3138 5782 angelo
3171 5713 3336 5766 silum
3363 5723 3505 5777 erat,

1891 5800 2153 5870 quidquid
2185 5811 2306 5855 erat
2351 5800 2628 5858 emcacize.
2687 5803 2764 5858 lta
2805 5815 2861 5859 et
2889 5804 3030 5874 apud
3067 5821 3166 5860 nos
3214 5821 3356 5875 aqua
3408 5804 3503 5859 ba-

1893 5894 2190 5969 ptismatis,
2227 5910 2367 5966 aqua
2411 5907 2494 5954 est
2528 5897 2896 5969 simpliciter:
2941 5916 3064 5955 cum
3092 5912 3276 5957 autem
3325 5915 3503 5959 acces-

3017 5996 3098 6062 40
