4078 6330
593 430 732 499 1259

588 543 726 600 serit
767 535 1008 611 Spiritus
1050 527 1222 587 sancti

591 634 725 700 Dei,
763 602 980 689 morbos
1031 621 1189 681 solvit
1238 619 1582 676 animarum;
1630 620 1685 665 et
1739 608 1785 664 si
1832 602 1957 674 quis
1997 614 2176 655 carcus

590 731 799 790 luisset,
829 717 1125 779 obcarcatis
1151 711 1325 770 oculis
1359 707 1555 763 animae
1573 719 1641 760 ne
1673 698 1847 773 possit
1867 692 2175 764 diiudicare

589 789 791 882 bonum,
817 837 849 875 a
878 817 1060 883 malo;
1094 822 1149 868 et
1174 811 1217 867 si
1251 807 1474 863 claudus
1521 799 1645 872 quis
1676 795 1892 858 fuisset,
1935 789 2026 859 qui
2061 800 2169 840 non

593 915 911 972 movebatur
943 910 1010 965 ad
1047 882 1380 962 iaciendum
1430 900 1632 953 bonum
1674 899 1726 946 et
1780 882 2171 958 proﬁciendum

570 1012 646 1064 vin
696 1007 928 1072 melius;
958 1010 1013 1057 et
1044 1000 1087 1056 si
1127 996 1309 1054 aridus
1335 1000 1389 1048 et
1418 984 1693 1059 desperati
1729 977 1953 1036 omnino
1977 973 2173 1029 fuisset

597 1100 799 1161 morbi.
835 1068 1145 1164 nniliusque
1167 1087 1292 1145 boni
1322 1083 1614 1157 particeps,
1646 1078 1714 1131 ab
1742 1085 1879 1144 aqua
1903 1068 1993 1164 illa
2024 1079 2181 1120 cura-

594 1195 772 1249 batur.
825 1190 890 1246 Et
919 1161 1372 1244 tunc—int‘trmitas
1423 1171 1758 1243 impediebat
1799 1161 2063 1236 quosdam
2108 1169 2178 1212 ne

596 1295 966 1341 sanarentur:
1004 1293 1145 1333 nunc
1196 1284 1375 1330 autem
1439 1270 1492 1324 in
1511 1263 1784 1334 baptismo
1832 1254 2039 1310 nullum
2097 1256 2184 1302 est

594 1376 958 1434 ubstaculum.
991 1371 1108 1426 Non
1144 1371 1288 1424 enim
1305 1378 1412 1420 uno
1440 1365 1636 1418 sanato
1671 1355 1759 1410 alii
1800 1349 2182 1417 relinquuntur

597 1488 702 1526 non
736 1470 942 1532 curati;
971 1465 1065 1520 sed
1089 1460 1300 1519 etiamsi
1333 1467 1477 1521 totus
1509 1453 1660 1508 orbis
1701 1447 2017 1505 conﬂueret,
2067 1449 2181 1490 non

598 1563 1013 1616 innuintteretur
1042 1556 1235 1628 gratia.

595 1652 1038 1726 θεραπευομένου
1068 1690 1083 1718 ,
1101 1649 1152 1701 oi

601 1755 777 1824 χάρις.

673 1806 841 1905 θέεις.
873 1843 991 1900 ΒοἸ.
1029 1860 1048 1893 ι
1086 1837 1216 1893 Erat
1241 1843 1422 1889 autem
1470 1827 1690 1898 quidam
1721 1823 1884 1877 homo
1934 1813 2043 1870 illic
2083 1806 2175 1879 qui

1420 499 1423 501 _
1482 401 2059 476 THEOPHYLACTI
2101 395 2514 460 BULGAIli/E
2555 391 2912 454 ARCHIEP.

1267 499 1460 600 gratia,
1514 528 1735 591 propter
1775 510 2179 570 invocationem

2296 507 2481 559 ἐκείτο.
2511 500 2702 563 Οὕτως
2721 494 2818 552 οὖν
2847 498 2941 552 καὶ
2972 499 3054 566 ἐφ’
3088 497 3217 566 ἡμῖν
3259 497 3315 548 τὺ
3362 492 3452 548 τοῦ
3487 490 3868 562 βαπτίσματος

2297 599 2304 600 ε
2324 598 2333 600 -
2509 593 2568 600 -Α
2709 593 2721 600 .
2803 592 2814 600 ι
2928 590 2940 600 ι
2997 589 3011 600 ι
3040 589 3060 599 -σ
3185 587 3208 600 α
3247 587 3270 600 ι·
3289 586 3300 600 ο
3517 583 3564 600 οι
3626 580 3671 600 7!
3716 599 3721 600 γ
3779 576 3868 600 ..-9

3715 377 3846 444 1260

2283 598 2450 666 ὕδωρ,
2509 593 2654 666 ὕδωρ
2706 592 2858 645 ἐστὶν
2917 589 3126 651 ἁπλῶς,
3181 586 3477 657 δεξάμενον
3511 583 3570 637 δέ
3619 580 3724 652 τὴν
3777 576 3872 635 τοῦ

2280 691 2606 760 Πνεύματος
2639 689 2804 760 χάριν
2837 685 2927 741 διὰ
2952 683 3061 738 τῶν
3085 683 3246 738 θείων
3274 681 3619 754 ἐπικλήσιων
3637 718 3654 742 ,
3677 678 3748 731 τὰ
3775 674 3875 748 ψυ-

2279 783 2409 854 χικά
2463 781 2751 851 νοσήματα
2805 777 2961 833 λύει·
2995 775 3100 832 κᾶν
3130 773 3330 845 τυφλὸς
3368 775 3453 844 εῐη
3496 787 3581 835 τις
3614 770 3749 833 τοὺς
3777 768 3876 837 τῆς

2279 875 2460 946 ψυχῆς
2487 871 2807 944 ὀφθαλμοὺς
2855 869 3281 940 πεπηρωμένος,
3314 866 3412 919 κιιή⁵
3446 864 3521 936 μὴ
3573 861 3876 932 δυνάμενος

2279 969 2560 1038 διακρῖναι
2591 968 2651 1021 τὸ
2690 967 2944 1038 κρεῖττον
2974 961 3083 1017 ἀπὸ
3119 958 3212 1013 τοῦ
3254 959 3522 1030 χείρονος,
3560 955 3666 1009 κᾶν
3682 952 3876 1026 χωλὸς,

2281 1059 2539 1129 ἀκίνητος
2575 1057 2710 1129 πρὸς
2740 1054 3006 1126 ἐργασίαν
3049 1053 3216 1108 καλοῦ
3242 1092 3257 1115 ,
3301 1049 3395 1104 καὶ
3438 1047 3732 1118 προκοπὴν
3784 1044 3880 1113 τὴν

2283 1155 2377 1208 ἐπὶ
2419 1151 2482 1206 τὸ
2526 1152 2810 1223 κρεῖττον,
2873 1147 2978 1203 κᾶν
3046 1147 3212 1218 ξηρὸς
3266 1143 3590 1197 παντάπασι
3631 1141 3734 1194 καὶ
3777 1139 3881 1192 ἁπ-

2283 1244 2654 1313 εγνωσμένος,
2688 1243 2782 1297 καὶ
2833 1240 3060 1313 μηδενὸς
3116 1237 3322 1308 ἀγαθοῦ
3364 1235 3664 1308 μετουσίαν
3715 1232 3877 1303 έχων,

2285 1338 2494 1400 πάντας
2520 1335 2582 1388 τὸ
2614 1334 2758 1406 θδωρ
2806 1333 2967 1388 τοῦτο
3010 1334 3178 1387 ίᾶται.
3214 1332 3326 1385 Καὶ
3368 1329 3492 1382 τότε
3521 1327 3622 1397 μὲν
3658 1326 3694 1396 η
3721 1322 3884 1378 63M—

2284 1445 2402 1482 νεια
2429 1427 2712 1492 ἐνεπόδιζέ
2740 1444 2852 1480 τισι
2879 1426 3018 1497 πρὸς
3042 1425 3139 1496 τὴν
3179 1422 3500 1494 θεραπείαν,
3530 1419 3628 1472 νῦν
3657 1417 3718 1472 δὲ
3749 1417 3885 1487 πρθς

2287 1521 2346 1575 τὸ
2382 1519 2753 1591 βαπτισθῆναι
2783 1521 2937 1575 οὐδὲν
2963 1519 3161 1592 ἔχομεν
3193 1517 3446 1587 κώλυμα.
3494 1515 3571 1568 υύ
3627 1515 3741 1582 γὰρ
3769 1511 3884 1571 ἐνὸς

1195 1605 1345 1702 sum
1384 1640 1750 1711 ἀθεραπευτοι
1797 1627 2031 1683 ἐῶνται·
2060 1617 2197 1675 ἀλλὰ
2234 1614 2338 1668 κᾶν
2385 1614 2532 1668 πᾶσα
2576 1615 2609 1683 ἡ
2661 1613 2960 1686 οἰκουμένη
3006 1611 3261 1685 συνέλθῃ,
3303 1611 3404 1664 οὐκ
3452 1605 3784 1661 ἐλαττοῦται
3844 1606 3875 1675 ή

2367 1804 2521 1863 «Ἦν
2591 1809 2647 1862 δέ
2725 1825 2809 1872 τις
2867 1806 3156 1877 ἄνθρωπος
3248 1806 3384 1868 ἐκεῖ,
3435 1802 3740 1875 τριάκοντα
3798 1795 3888 1850 καὶ

605 1944 821 2012 triginta
853 1947 907 1992 et
933 1946 1057 1990 octo
1080 1945 1251 1985 annos
1285 1925 1476 1982 morbo
1507 1919 1811 1975 tenebatur.
1862 1908 2018 1963 Hunc
2053 1915 2172 1957 cum

2296 1897 2432 1954 Ξκτὼ
2459 1901 2553 1970 ἔτη
2585 1893 2724 1972 ἔχων
2753 1901 2810 1954 ἐν
2831 1902 2896 1971 τῇ
2921 1898 3200 1970 ἀσθενείᾳ.
3225 1897 3427 1951 Τοῦτον
3459 1895 3585 1950 ίδὼν
3616 1893 3647 1945 6
3683 1888 3890 1962 Ἰησοῦς

2299 2010 2307 2012 Α
2346 2011 2351 2012 ,
2394 2011 2397 2012 ,
2518 1992 2600 2012 νηί
2649 2009 2701 2012 γ.
2773 1993 2837 2012 ...ι
2878 2010 2910 2012 __
2938 1993 2991 2012 ,_\
3024 2009 3038 2012 -
3098 1992 3170 2012 ς-.
3209 1990 3374 2012 __\9,-.
3405 1989 3503 2012 ιιι..
3532 1983 3860 2012 ..-ληΑηΙυρ-

606 1993 827 2090 vidisset
876 2028 1039 2084 Jesus
1087 2020 1498 2079 decumbentem
1528 2055 1540 2079 ,
1577 2021 1632 2066 et
1666 2001 2012 2078 cognovisset
2042 1993 2184 2064 quod

601 2135 713 2205 jam
736 2128 962 2184 multum
999 2121 1261 2191 temporis
1290 2113 1477 2170 morbo
1501 2114 1797 2169 teneretur,
1826 2100 1954 2156 dicit
1979 2097 2026 2151 ei
2056 2109 2068 2148 :
2097 2090 2188 2145 Vis

607 2190 773 2280 sanus
805 2216 964 2273 ﬁeri?
997 2190 1296 2282 Respondit
1325 2205 1373 2262 ei
1424 2200 1714 2273 languidus
1742 2214 1756 2251 :
1800 2191 2050 2253 Domine,
2089 2190 2188 2239 ho-

609 2318 809 2372 minem
838 2326 944 2367 non
968 2307 1161 2370 habeo,
1192 2312 1270 2370 ut,
1294 2315 1415 2356 cum
1451 2296 1665 2352 turbata
1695 2288 2040 2355 fueritaqua,
2067 2279 2191 2333 mit-

609 2418 690 2464 tat
709 2421 796 2462 me
827 2406 880 2458 in
918 2401 1220 2472 piscinam;
1244 2393 1338 2449 scd
1360 2389 1576 2445 interim
1601 2387 1727 2440 dum
1755 2396 1856 2450 ego
1884 2376 2060 2438 venio,
2079 2373 2191 2442 jam

609 2503 748 2556 alius
787 2469 1022 2552 anteme
1047 2487 1351 2546 descendit.
1389 2503 1408 2538 ι
1439 2479 1717 2552 Stupenda
1755 2469 2036 2546 paralytici
2064 2480 2193 2521 con-

597 2591 843 2648 stantia:
891 2599 1064 2642 annos
1095 2581 1328 2637 habebat
1372 2574 1592 2647 triginta
1629 2579 1776 2634 octo,
1809 2576 1864 2622 et
1899 2559 2192 2634 quotannis

611 2681 832 2741 liberari
880 2695 909 2733 a
946 2677 1135 2732 morbo
1167 2679 1488 2742 exsriectans
1529 2662 1824 2727 assidebat,
1849 2667 1902 2712 et
1930 2652 2194 2725 impedie-

609 2781 840 2834 batur.a
865 2767 1265 2845 potentioribus
1297 2770 1609 2834 praeventus
1631 2798 1646 2824 ,
1685 2769 1786 2808 nec
1809 2761 1987 2806 tamen
2029 2743 2195 2800 desti-

616 2867 686 2920 tit
719 2841 893 2933 ncque
942 2855 1272 2927 desperavit.
1327 2851 1449 2906 Ideo
1503 2857 1557 2904 et
1602 2843 1861 2902 Dominus
1901 2841 2198 2905 interrogat

605 2970 761 3018 eum,
796 2951 980 3006 volens
1009 2958 1316 3003 monstrare
1342 2940 1495 2997 nobis
1513 2934 1890 2994 fortitudinem
1927 2925 2195 2990 hominis;

611 3062 724 3104 non
759 3045 906 3101 enim
936 3041 1238 3108 interrogat
1260 3035 1414 3106 quasi
1459 3033 1670 3087 discere
1707 3024 1982 3098 quippiam
2014 3020 2196 3074 vellet.

620 3141 732 3194 lloc
761 3138 903 3193 enim
923 3149 1027 3190 non
1056 3131 1233 3188 solum
1252 3124 1577 3198 superﬂuum
1609 3130 1773 3184 esset,
1799 3117 1893 3174 sed
1914 3114 2195 3185 insipiens,

611 3243 859 3300 quatrere
887 3241 956 3282 an
983 3237 1123 3295 aeger
1153 3221 1281 3276 velit
1307 3216 1508 3275 sanari.
1537 3213 1765 3270 Factum
1793 3225 1923 3281 ergo
1953 3220 2014 3262 ut
2040 3221 2192 3261 mon-

617 3297 824 3378 stretur
877 3317 1040 3374 nobis
1092 3312 1328 3370 hominis
1372 3309 1659 3379 patientia.
1690 3304 1831 3372 Quid
1866 3297 2196 3372 igiturrille?

615 3414 784 3473 Multa
810 3428 932 3468 cum
964 3406 1378 3464 mansuetudine
1408 3401 1735 3470 respondet:
1773 3396 1968 3459 Etiam,
2002 3393 2196 3461 inquit,

622 3509 867 3574 Domine,
903 3504 1023 3560 volo
1056 3503 1300 3573 quidem,
1323 3497 1414 3554 sed
1459 3511 1566 3551 non
1599 3495 1771 3548 habeo
1799 3490 2074 3546 hominem
2108 3487 2197 3556 qui

611 3601 894 3671 possitme
927 3599 979 3652 in
1007 3597 1203 3665 aguam
1245 3591 1470 3647 inferre.
1507 3584 1654 3643 Nihil
1687 3582 2056 3652 blasphemnm
2088 3593 2201 3633 res-

621 3693 829 3763 pondit,
866 3705 973 3746 non
1004 3687 1183 3761 arguit
1209 3684 1486 3740 Christum
1535 3689 1594 3735 ut
1637 3677 1858 3734 stultam
1891 3675 2196 3740 interroga-

623 3788 824 3841 tionem
850 3784 1274 3852 interrogantem
1307 3793 1324 3844 ;
1360 3789 1464 3830 non
1499 3770 1778 3826 maledixit
1802 3767 1906 3823 diei
1940 3764 2199 3820 nativita-

625 3881 714 3946 tis,
740 3878 880 3934 sicut
899 3873 1272 3947 pusillanimes
1290 3864 1722 3933 l‘acimus,idque
1736 3876 1860 3916 cum
1882 3860 1937 3914 in
1971 3859 2201 3912 leviores

623 3971 844 4026 morbos
880 3943 1258 4029 inciderimus}
1290 3961 1382 4016 sed
1434 3966 1717 4014 mansuete
1751 3963 1806 4009 et
1827 3950 2041 4022 placide
2086 3963 2202 4002 res-

623 4078 847 4134 ponsum
882 4061 994 4125 dat,
1019 4056 1231 4113 tametsi
1261 4053 1493 4109 nesciret
1518 4050 1770 4119 quisnam
1810 4053 1954 4100 esset
1992 4043 2084 4112 qui
2120 4042 2200 4094 in-

627 4155 953 4224 terrogabat.
980 4150 1224 4220 Namque
1253 4149 1356 4204 hoc
1389 4144 1565 4202 solum
1591 4138 1923 4198 existimavit
1955 4136 2200 4193 utilitatis

623 4251 727 4305 sibi
762 4247 927 4320 569
956 4246 1211 4299 accedere
1245 4239 1519 4300 fortassis,
1571 4244 1635 4290 ut
1683 4233 1909 4287 inferret
1936 4229 2124 4298 ipsum.
2146 4227 2200 4280 in

623 4319 819 4413 aquam
844 4382 858 4407 ,
893 4349 947 4394 et
984 4345 1264 4408 prOpterea
1309 4331 1502 4386 blande
1529 4326 1750 4382 Christo
1789 4323 2046 4394 loquitur.
2086 4319 2201 4373 Non

622 4435 759 4488 dixit
806 4443 985 4485 autem
1033 4428 1304 4487 Christus,
1345 4421 1712 4480 Visisanabo
1736 4424 1810 4484 te,
1860 4424 1918 4470 ut
1949 4428 2014 4469 ne
2051 4413 2202 4468 vide-

624 4539 772 4582 retur
799 4523 1025 4593 gloriam
1056 4531 1324 4589 quaerere.

708 4787 862 4840 v’sns.
892 4781 1048 4841 8-l0.
1090 4799 1106 4833 ι
1149 4779 1290 4834 Dicit
1334 4777 1382 4833 ei
1407 4774 1606 4833 Jesns:
1651 4771 1848 4843 Surge,
1887 4769 2012 4824 tolle
2079 4784 2204 4840 gra-

626 4883 807 4937 batum
839 4890 985 4932 tuum
1013 4885 1066 4929 et
1100 4871 1335 4927 ambula.
1373 4871 1438 4924 Et
1482 4870 1666 4925 statim
1713 4881 1878 4920 sanus
1922 4863 2098 4919 factus
2124 4872 2208 4919 est

629 4979 788 5028 homo
824 4970 933 5037 ille,
969 4979 1022 5025 et
1074 4966 1293 5025 sustulit
1349 4965 1636 5035 grabatum
1672 4972 1828 5013 suum
1855 4967 1910 5013 et
1963 4955 2209 5011 ambula-

629 5063 902 5120 bat.Erat
949 5071 1129 5117 autem
1180 5043 1476 5116 Sabbatum
1532 5055 1585 5108 in
1639 5052 1728 5106 die
1781 5050 1894 5105 illo.
1951 5047 2208 5103 Dicebant

629 5171 758 5227 ergo
785 5155 952 5210 Judzei
984 5157 1031 5209 ei
1058 5154 1151 5223 qui
1205 5160 1423 5208 sanatus
1471 5147 1689 5202 fuerat:
1753 5143 2054 5198 Sabbatum
2102 5150 2205 5206 est,

629 5264 733 5303 non
766 5248 892 5302 licet
925 5246 1018 5300 tibi
1058 5245 1248 5300 tollere
1286 5242 1587 5313 grabatum.
1624 5255 1643 5289 ›
1673 5234 1835 5290 lubet
1875 5233 1986 5288 tolli
2039 5232 2211 5286 lectu-

629 5346 761 5411 lum,
792 5344 981 5399 volens
1010 5338 1324 5396 credibilius
1358 5334 1473 5389 ﬁeri
1501 5333 1820 5388 miraculum
1852 5328 1995 5399 quod
2042 5325 2209 5380 facie-

632 5439 1150 5506 bat,ne,pularetnr
1191 5446 1312 5486 esse
1364 5431 1688 5500 phantasma
1747 5423 2038 5495 quoddam.
2097 5419 2209 5473 Nisi

629 5529 774 5583 enim
839 5528 1077 5583 membra
1130 5524 1285 5579 ﬁrme
1351 5521 1584 5576 fuissent
1641 5517 1888 5582 solidata,
1952 5513 2212 5569 lectulum

632 5623 775 5677 ferre
818 5635 928 5674 non
971 5618 1253 5687 potuisset.
1295 5612 1413 5668 Non
1447 5623 1625 5664 autem
1659 5609 1834 5678 exegit
1860 5609 1926 5662 ab
1958 5621 2022 5661 eo
2053 5603 2211 5659 ﬁdem

634 5723 924 5781 antequam
958 5717 1224 5774 satiasset,
1268 5709 1410 5763 sicut
1453 5705 1505 5759 in
1538 5703 1658 5758 aliis
1689 5700 2015 5771 quibusdam
2045 5715 2058 5765 ;
2086 5696 2210 5767 quia

634 5813 775 5869 στερι-
815 5799 902 5852 ille
960 5798 1195 5852 nondum
1248 5797 1454 5852 viderat
1509 5809 1632 5848 eum
1689 5793 1842 5862 signa
1900 5790 2210 5844 facientem.

640 5892 845 5944 Etenim
884 5890 1142 5945 Dominus
1182 5890 1340 5944 ﬁdem
1375 5890 1592 5960 exigere
1625 5904 1728 5942 non
1765 5887 1969 5941 solclnt
1997 5887 2063 5939 ab
2105 5885 2214 5943 illis

2297 1992 2722 2062 κατακείμενον,
2750 1993 2845 2046 καὶ
2876 1993 3060 2060 γνοὺς,
3095 1992 3177 2044 ὅτι
3206 1990 3374 2044 πολὺν
3405 1989 3506 2059 ἤδη
3532 1986 3731 2058 χρόνον
3754 1983 3886 2053 ἔχει,

2291 2085 2442 2153 λέγει
2499 2085 2683 2158 αὐτῷ·
2749 2084 2937 2148 Θέλεις
2989 2083 3149 2156 ὑγιὴς
3205 2081 3500 2152 γενέσθαι;
3566 2076 3878 2150 Ἀπεκρίθη

2293 2178 2446 2249 αὐτῷ
2500 2181 2528 2232 6
2580 2177 2823 2233 ἀσθενῶν
2859 2193 2872 2206 ⁸
2912 2176 3111 2248 Κύριε,
3143 2175 3434 2246 ἄνθρωπον
3475 2172 3579 2226 οὐκ
3617 2170 3764 2240 ἔχω,
3805 2169 3889 2222 ίνα

2293 2273 2422 2328 ὅταν
2458 2273 2705 2346 ταραχθῇ
2748 2274 2811 2327 τὸ
2848 2272 3016 2344 ὕδωρ,
3047 2271 3222 2343 βάλλῃ
3257 2287 3324 2340 με
3356 2269 3435 2332 είς
3470 2268 3572 2337 τὴν
3605 2262 3889 2336 κολυμϐή-

2295 2367 2430 2440 θραν
2449 2382 2462 2398 ·
2494 2369 2552 2422 ἐν
2581 2359 2625 2436 ᾧ
2659 2368 2716 2421 δέ
2741 2366 2975 2439 ἔρχομαι
3031 2364 3163 2434 ἐγὼ,
3194 2363 3352 2427 ἄλλος
3379 2361 3489 2433 πρὸ
3532 2358 3671 2431 ἐμοῦ
3729 2373 3894 2412 κατα-

2295 2461 2492 2515 ϐαίνει.
2536 2480 2554 2512 ι
2607 2459 2987 2532 Ἐκπληκτικὴ
3024 2461 3058 2530 ἡ
3099 2457 3370 2529 καρτερία
3406 2453 3502 2509 τοῦ
3545 2451 3890 2523 παραλύων.

2300 2554 2442 2626 Ἐτη
2481 2555 2783 2626 τριάκοντα
2832 2553 2928 2608 καὶ
2973 2551 3120 2606 ὀκτὼ
3175 2546 3325 2622 εἶχε,
3377 2550 3473 2604 καὶ
3509 2548 3636 2604 καθ’
3665 2546 3896 2601 ἕκαστον

2295 2645 2544 2700 ἐνιαυτὸν
2574 2644 3063 2718 ἀπαλλαγήσεσθαι
3094 2643 3188 2697 τοῦ
3208 2644 3516 2712 νοσήματος
3541 2634 3886 2712 προσδοκῶν,

2298 2738 2617 2811 ἐνηδρεύετο
2667 2738 3104 2810 ἐμποδιζόμενος
3158 2731 3265 2790 ὑπὸ
3313 2735 3424 2789 τῶν
3470 2733 3892 2803 δυνατωτέρων.

2300 2833 2411 2887 Καὶ
2439 2834 2587 2902 ὅμως
2639 2834 2742 2887 οὐκ
2787 2833 3077 2900 ἀφίστατο,
3108 2831 3234 2885 οὐδὲ
3267 2831 3621 2900 ἀπεγίνωσκε
3649 2843 3664 2856 ·
3697 2826 3781 2881 διὸ
3803 2824 3897 2880 καὶ

2301 2928 2482 2998 ἐρωτᾷ
2508 2926 2671 2980 αὐτὸν
2707 2927 2734 2980 ὁ
2766 2925 2972 2997 Κύριος
2991 2967 3006 2994 ,
3037 2925 3207 2980 θέλων
3235 2925 3407 2989 δεῖξαι
3440 2924 3574 2994 ἡμῖν
3605 2921 3710 2992 τὴν
3758 2937 3890 2990 καρ-

2300 3019 2489 3090 τερίαν
2529 3018 2623 3074 τοῦ
2661 3018 2952 3091 ἀνθρώπου
2982 3035 2996 3049 ⁸
3046 3018 3108 3073 οὐ
3147 3017 3257 3088 γάρ
3289 3015 3352 3086 δὴ
3403 3014 3478 3079 ὼς
3511 3012 3894 3085 μαθησόμενος

2303 3111 2503 3182 ἐρωτᾷ.
2552 3112 2722 3165 Τοῦτο
2774 3111 2882 3182 γὰρ
2921 3111 2981 3165 οὐ
3047 3109 3207 3180 μόνον
3256 3107 3548 3176 περιττὸν,
3602 3104 3746 3162 ἀλλὰ
3798 3104 3889 3158 καὶ

2306 3205 2553 3276 ἀνόητον,
2592 3205 2652 3258 τὸ
2693 3204 2907 3275 ἐρωτᾷν
2936 3204 2983 3256 εί
3011 3202 3154 3256 θέλει
3185 3204 3213 3256 6
3238 3201 3692 3269 νοσῶνὺγιᾶναι.
3718 3201 3891 3269 Ὅπερ

2225 3263 2267 3322 C
2306 3293 2398 3350 οὖν
2428 3263 2608 3359 εἷπον,
2640 3263 2739 3347 ἵνα.
2759 3263 2913 3368 δείξῃ
2941 3296 3075 3365 ἡμῖν
3107 3293 3201 3365 τὴν
3225 3263 3522 3366 καρτερίαν
3545 3292 3645 3347 τοῦ
3686 3263 3896 3366 ἀνθρῦ-

2302 3404 2426 3450 που,
2457 3385 2545 3438 διὰ
2573 3384 2731 3439 τοῦτο
2752 3386 2953 3458 ἐρωτᾷ.
2986 3387 3050 3440 Τί
3078 3382 3170 3440 οὖν
3204 3386 3446 3452 ἐκεῖνοςς
3503 3385 3667 3441 Μετὰ
3699 3385 3894 3454 πολλῆς

2299 3477 2601 3542 ἐπιεικείας
2625 3478 3008 3552 ἀποκρίνεται·
3040 3479 3170 3544 Nai,
3197 3479 3352 3551 φησὶ,
3376 3479 3577 3551 Κύριε,
3608 3477 3754 3532 θέλω
3777 3480 3893 3550 μὲν,

2299 3568 2416 3622 ἀλλ’
2447 3569 2545 3623 οὐκ
2591 3569 2702 3639 ἔχω
2730 3569 3019 3642 ἄνθρωπον
3064 3573 3155 3626 τὸν
3177 3571 3476 3641 δυνάμενόν
3516 3587 3587 3642 με
3636 3571 3894 3642 ἐμϐαλεῖν

2298 3666 2375 3738 τῷ
2403 3666 2577 3720 ὕδατι.
2621 3668 2791 3721 Οὐδὲν
2838 3669 3168 3740 βλάσφημον
3217 3668 3599 3739 ἀπεκρίνατο,
3643 3668 3749 3723 οὐκ
3789 3669 3894 3723 ἀττ-

2302 3759 2592 3830 επέμψατο
2615 3759 2704 3811 τὸν
2735 3761 2992 3831 Χριστὸν,
3023 3763 3100 3826 ὡς
3131 3763 3487 3834 ἐρωτήσαντα
3519 3762 3735 3817 ἄτοπον
3759 3762 3895 3833 ἐρώ-

2301 3867 2467 3920 τημα,
2504 3851 2565 3904 οὐ
2604 3851 2961 3922 κατηράσατο
2997 3852 3101 3924 ’τὴν
3149 3853 3363 3924 ἡμέραν
3409 3851 3512 3922 τῆς
3557 3853 3895 3923 γεννήσεως,

2301 3939 2391 3998 οἷα
2415 3945 2463 3999 oi
2498 3945 2824 4016 μικρόψυχοι
2865 3946 3151 4018 ποιοῦμεν,
3183 3947 3276 4000 καὶ
3300 3944 3474 4000 ταῦτα
3507 3943 3896 4016 ἐλαφροτέρας

2303 4039 2576 4109 νοσήμασι
2607 4038 3054 4108 περιπίπτοντες,
3104 4039 3242 4094 ἀλλὰ
3275 4039 3467 4108 πράως
3506 4038 3604 4094 καὶ
3642 4038 3897 4106 δυσωπη-

2301 4131 2471 4196 τικῶς
2505 4133 2745 4192 ποιεῖται
2779 4131 2877 4204 τὴν
2907 4133 3231 4204 ἀπόκρισιν,
3277 4134 3456 4188 καίτοι
3506 4150 3572 4203 γε
3610 4134 3691 4204 μὴ
3723 4133 3895 4195 stam,

2301 4224 2450 4287 ὅστις
2483 4223 2613 4277 ποτὲ
2651 4217 2719 4295 ἦν
2750 4224 2778 4278 6
2820 4224 3067 4296 ἐρωτῶν,
3110 4225 3228 4284 ἀλλ’
3265 4228 3296 4301 ἢ
3326 4225 3490 4281 τοῦτο
3543 4226 3711 4297 μόνον
3765 4227 3893 4285 ἴσως

2304 4315 2546 4386 ἐνόμισε,
2571 4315 2978 4391 χρησιμεύει[ν]
3005 4318 3156 4390 αὐτῷ
3183 4319 3274 4373 τὸν
3306 4318 3546 4388 Χριστὸν
3566 4360 3582 4386 ,
3628 4317 3775 4374 ὥστε
3805 4319 3898 4386 ἐμ-

2306 4409 2490 4465 6αλεῖν
2509 4412 2674 4465 αὑτὸν
2700 4413 2780 4475 είς
2804 4412 2865 4465 τὸ
2886 4411 3053 4484 ὕδωρ,
3089 4415 3186 4467 καὶ
3219 4413 3310 4468 διὰ
3341 4413 3549 4467 τούτων
3586 4412 3900 4468 ἐπισπάσα-

2309 4501 2433 4556 σθαι
2497 4503 2592 4557 καὶ
2644 4503 2972 4576 δυσωπῆσαι
3002 4504 3114 4559 τῶν
3176 4505 3444 4578 ῥημάτων
3476 4504 3759 4574 βούλεται.
3792 4505 3900 4557 Οὐκ

2234 4615 2285 4675 ι)
2311 4589 2436 4648 εἷπε
2469 4593 2527 4648 δὲ
2559 4597 2588 4650 6
2625 4596 2886 4668 Χριστὸς,
2928 4596 3152 4665 Θέλεις;
3195 4597 3530 4669 θεραπεύσω
3570 4615 3670 4664 σε,
3709 4598 3800 4652 ῑνα
3831 4598 3901 4669 μὴ

2306 4686 2433 4761 δόξῃ
2482 4687 2808 4760 κομπάζειν.

2385 4799 2404 4832 ι
2439 4780 2602 4851 Λέγει
2625 4781 2776 4851 αὐτῷ
2806 4781 2834 4834 6
2861 4780 3068 4852 Ἰησοῦς
3090 4799 3102 4812 ·
3132 4781 3407 4853 Ἔγειραι,
3439 4775 3574 4851 ἆρον
3603 4781 3702 4833 τὸν
3736 4779 3904 4851 κράδ-

2309 4875 2474 4930 6ατόν
2545 4892 2676 4942 σου,
2733 4876 2828 4929 καὶ
2886 4876 3206 4947 περιπάτει.
3259 4874 3373 4930 Καὶ
3432 4873 3639 4938 εὐθέως
3689 4875 3904 4942 ἐγένετο

2309 4967 2468 5037 ὑγιής
2500 4968 2528 5019 6
2555 4968 2864 5038 ἄνθρωπος,
2898 4966 2994 5022 καὶ
3041 4962 3144 5039 ἦρε
3189 4967 3284 5022 τὸν
3341 4965 3659 5038 κράὸσατον
3712 4964 3900 5029 αὐτοῦ,

2311 5060 2406 5112 καὶ
2437 5059 2780 5127 περιεπάτει.
2810 5052 2918 5111 Ἦν
2950 5057 3008 5112 δὲ
3049 5058 3330 5113 Σάϐϐατον
3360 5058 3419 5112 ἐν
3443 5058 3640 5130 ἐκείνῃ
3666 5060 3737 5128 τῇ
3770 5059 3903 5129 ὴμέ-

2316 5167 2405 5222 ρα.
2465 5150 2692 5216 Ἔλεγον
2743 5148 2838 5204 οὖν
2889 5151 2939 5205 oi
2980 5151 3226 5208 Ἰουδαίοι
3275 5151 3356 5224 τῷ
3400 5149 3901 5220 τεθεραπευμένῳ·

2313 5241 2591 5296 Σάϐϐατόν
2617 5244 2764 5296 ἐστιν
2781 5257 2795 5273 ⁶
2825 5244 2924 5298 οὐκ
2946 5242 3125 5309 ἔξεστί
3158 5261 3240 5299 σοι
3263 5240 3394 5316 ἆραι
3418 5243 3510 5297 τὸν
3534 5243 3898 5314 κράὸὁατον.ι

2312 5334 2540 5389 Κελεύει
2572 5331 2702 5408 ἆραι
2733 5335 2794 5388 τὸ
2829 5336 3106 5404 κλινίδιον,
3155 5336 3539 5392 πιστώσασθαι
3572 5335 3902 5408 βουλόμενος

2312 5429 2371 5482 τὸ
2404 5429 2698 5499 γενόμενον
2729 5429 2935 5501 θαῦμα,
2953 5430 3096 5484 ὣστε
3119 5431 3322 5501 μηδένα
3343 5431 3568 5500 νομίσαι
3597 5429 3900 5498 φαντασίαν

2315 5522 2445 5575 αὐτὸ
2468 5517 2629 5578 εἶναι.
2664 5523 2737 5575 Οὐ
2772 5524 2879 5593 γὰρ
2909 5521 2996 5587 ἂν,
3047 5523 3096 5576 εί
3126 5524 3200 5593 μὴ
3240 5522 3478 5592 βεϐαίως
3548 5525 3650 5577 καὶ
3703 5522 3902 5593 σφόδρα

2316 5613 2597 5684 συνεπάγη
2629 5613 2779 5684 αὐτῷ
2806 5615 2874 5666 τά
2901 5615 3062 5684 μέλη,
3094 5615 3194 5684 τὴν
3221 5614 3409 5684 κλίνην
3437 5614 3632 5687 φέρειν
3656 5613 3898 5685 ἠδύνατο.

2315 5705 2430 5758 Οὐκ
2467 5706 2688 5758 άπαιτεί
2709 5704 2764 5757 δὲ
2791 5704 2953 5758 αὑτὸν
2977 5703 3082 5774 πρὸ
3104 5705 3200 5776 τῆς
3235 5704 3432 5768 ίάσεως
3479 5703 3694 5764 πίστιν,
3721 5700 3901 5772 (tam?

2317 5799 2410 5850 ἐπὶ
2439 5797 2614 5852 ἀλλων
2651 5797 2834 5861 τινῶν,
2863 5799 2946 5850 ὅτι
2981 5797 3193 5850 οὐδέπω
3220 5796 3382 5850 αὑτὸν
3420 5792 3566 5850 εἶδεν
3600 5799 3630 5850 6
3666 5795 3900 5850 ἀσθενῶν

2319 5894 2544 5962 σημεῖον
2575 5891 2934 5959 πεποιηκότα.
2965 5890 3072 5942 Καὶ
3105 5890 3211 5961 γὰρ
3267 5889 3583 5958 κᾶκείνους,
3621 5889 3717 5956 οὓς
3753 5891 3902 5944 “1:1:-
