4078 6330
146 475 280 544 1261

825 469 1273 533 ENARRATIO
1318 466 1401 528 IN
1442 460 1749 529 EVANGE

1858 460 1953 523 JM
1994 458 2340 522 JOANNIS.
2376 483 2447 495 -
2483 458 2642 520 CAP.
2690 460 2751 518 V.

3310 454 3448 520 1262

143 594 221 647 εεῖ
263 590 452 644 πίστιν
498 590 528 642 6
558 586 795 658 Κύριος,
849 584 909 639 οὐ
953 583 1061 655 πρὸ
1083 582 1193 635 τῶν
1221 580 1539 653 θαυμάτων,
1596 574 1733 631 ἀλλὰ

1858 583 2131 643 mtequam
2180 574 2233 627 in
2260 583 2555 643 conspectu
2581 585 2772 626 eorum
2806 569 3013 624 faceret
3036 565 3322 633 miracula,
3352 571 3449 623 sc.l

140 685 291 755 μετὰ
315 683 379 737 τὸ
410 679 638 750 ποιῆσαι
670 676 906 733 ἐνώπιον
936 676 1121 731 αὐτῶν
1146 675 1218 731 τὰ
1256 673 1539 746 θαύματα,
1564 672 1731 727 ἁπαι-

134 779 221 833 τετ
254 776 454 841 αὐτοὺς
498 772 602 845 τὴν
653 771 861 827 πίστιν.
914 771 1060 841 Ὅρα
1090 769 1149 825 δέ
1200 785 1293 841 μοι
1342 766 1460 830 πῶς
1498 765 1617 835 ἅμα
1674 782 1734 819 τε

134 871 343 943 ήκουσε
388 868 485 924 καὶ
516 865 862 922 ἐπίστευσεν.
902 865 979 918 Οὐ
1014 866 1126 933 γὰρ
1159 859 1414 931 διεκρίθη
1451 858 1575 913 καθ’
1606 858 1735 911 ἐαυέ

135 964 252 1032 τὸν,
286 961 382 1017 καὶ
401 956 559 1015 εἶπεν
579 975 592 989 ·
628 958 705 1014 οὐ
734 958 901 1031 λῆρος
926 948 1105 1021 οὖτος,
1130 954 1189 1019 δς
1217 953 1468 1025 αὑθωρὸν
1500 949 1728 1022 ἐγερθῆ-

136 1055 228 1111 ναί
264 1072 333 1127 με
359 1052 745 1124 ἐγκελεύεται;
801 1048 1101 1120 τριάκοντα
1130 1046 1277 1101 ὀκτὼ
1298 1046 1393 1117 ἐτη
1422 1045 1587 1116 ἔχων,
1634 1044 1737 1097 οὐκ

136 1148 408 1220 ἐπέτυχον
458 1147 675 1211 ἰάσεως,
733 1148 830 1200 καὶ
860 1142 1036 1207 οὕτως
1078 1140 1276 1215 ἀθρόον
1321 1139 1734 1211 ἐγερθήσομαις

136 1238 310 1295 Οὐδὲν
341 1237 607 1303 τοιοῦτον,
639 1235 778 1291 ἀλλὰ
838 1233 1143 1298 πιστεύσας
1187 1230 1430 1305 ἠγέρθη.
1475 1230 1565 1285 Ἐν
1596 1230 1738 1283 Σαϐ-

135 1332 294 1404 ϐάτῳ
320 1331 380 1387 δέ
424 1329 743 1404 θεραπεύει,
781 1328 1054 1385 διδάσκων
1080 1327 1210 1391 τοὺς
1249 1319 1576 1397 ἀνθρώπους
1614 1320 1739 1376 ιτε-

140 1441 252 1497 ρως
278 1424 421 1477 νοεῖν
450 1422 553 1485 τὰς
574 1420 672 1475 τοῦ
712 1420 882 1491 νόμου
934 1418 1378 1491 παρατηρήσεις,
1428 1417 1524 1470 καὶ
1566 1415 1643 1487 μὴ
1669 1417 1738 1488 τῇ
1772 1404 1779 1409 ’

138 1512 473 1587 σωματικῶς
502 1511 771 1583 νοουμένῃ
799 1509 974 1583 ἀργία
1020 1509 1202 1562 δοκεῖν
1226 1507 1397 1579 τιμᾷν
1436 1504 1498 1559 τὸ
1520 1503 1739 1562 Σαϐϐα-

136 1625 254 1674 τον,
284 1607 420 1662 ἀλλὰ
445 1609 512 1680 τῇ
545 1605 657 1661 τῶν
685 1603 876 1660 κακῶν
917 1603 1122 1676 ἀποχῇ.
1158 1600 1319 1656 Ἐπεὶ
1360 1597 1491 1671 τόγε
1538 1596 1743 1669 ἀγαθο-

139 1702 320 1756 ποιεῖν
348 1700 406 1754 ἐν
431 1698 719 1771 Σαϐϐάτῳ,
749 1697 852 1752 οὐκ
875 1694 943 1753 ἂν
967 1697 995 1750 6
1022 1696 1186 1768 νόμος
1213 1691 1445 1761 ἐκώλυε,
1470 1691 1635 1763 νόμος
1664 1689 1740 1745 ὢν

137 1792 237 1850 τοῦ
272 1792 412 1848 Θεοῦ
442 1791 535 1847 τοῦ
553 1790 1038 1861 ἀγαθοποιοῦντος.

217 1906 238 1940 ε
276 1885 580 1959 Ἀπεκρίθη
607 1885 828 1950 αὑτοίςο
870 1883 932 1938 '0
964 1883 1198 1956 ποιήσας
1227 1899 1295 1954 με
1330 1879 1484 1951 ὑγιῆ,
1530 1876 1742 1942 ἐκεῖνός

1838 677 2126 737 postquam
2158 666 2425 723 vidissent
2482 664 2774 730 miracula,
2813 662 3069 732 exigebat
3110 660 3298 717 iidem.
3350 661 3451 728 At-

1840 761 2000 815 tende
2047 767 2232 815 autem
2290 759 2434 829 quod
2483 758 2647 815 simul
2706 764 2871 828 atque
2916 755 3150 822 audivit,
3194 752 3450 810 credidit.

1836 852 1958 909 Non
2022 856 2170 912 enim
2227 867 2415 911 secum
2476 852 2863 915 murmuravit,
2920 860 2975 904 et
3021 848 3161 903 dixit
3207 846 3451 904 :Nonne

1838 959 2076 1022 nugatur
2103 951 2229 1016 iste,
2262 950 2355 1021 qui
2391 950 2585 1005 eodem
2623 954 2905 1002 momento
2956 958 3044 999 me
3096 956 3322 1013 surgere
3363 941 3456 1010 in-

1839 1046 1926 1100 bet
1951 1044 2075 1113 (a)?
2104 1042 2350 1114 Triginta
2402 1051 2462 1097 et
2491 1051 2616 1097 octo
2661 1054 2836 1095 annos
2873 1037 3109 1102 habens,
3164 1038 3451 1107 nunquam

1841 1137 2137 1191 sanitatem
2168 1145 2455 1191 assecutus
2496 1149 2641 1197 sum,
2690 1145 2746 1189 et
2777 1132 2855 1188 sic
2908 1142 3135 1203 repente
3190 1126 3453 1200 surgunt?

1842 1229 1989 1285 Nihil
2039 1230 2146 1284 tale
2187 1227 2469 1301 cogitavit,
2519 1228 2615 1283 sed
2672 1226 2905 1282 credidit
2958 1240 3024 1282 ac
3070 1227 3337 1283 surrexit.
3395 1224 3451 1279 In

1844 1322 2088 1378 Saltbato
2112 1331 2290 1387 sanat,
2330 1322 2535 1378 docens
2585 1321 2861 1378 hominem
2927 1320 3091 1377 aliter
3145 1319 3455 1391 intelligere

1844 1414 1978 1483 legis
2007 1415 2443 1478 observationes,
2483 1424 2539 1471 et
2574 1428 2696 1481 non
2744 1424 2938 1485 putare
2990 1412 3111 1470 coli’
3146 1411 3451 1468 Sabhatum

1842 1507 1957 1563 otio
1983 1508 2281 1579 corporali,
2306 1509 2403 1563 sed
2438 1505 2704 1562 malorum
2733 1505 3087 1562 abstinentia.
3118 1501 3256 1559 Nam
3286 1502 3457 1559 benc-

1845 1600 2028 1658 l‘acere
2086 1602 2247 1657 alicui
2285 1603 2339 1657 in
2397 1601 2639 1659 Sabbato
2687 1601 2774 1657 lex
2837 1616 2943 1657 non
2996 1598 3277 1671 prohibet,
3333 1612 3456 1669 qua:

1846 1694 1930 1750 lex
1966 1704 2053 1751 est
2084 1694 2182 1751 Dei
2238 1710 2456 1767 semper
2488 1695 2907 1753 henelacicntis.

1919 1878 2083 1934 Vens.
2112 1878 2205 1934 ll-
2240 1879 2322 1935 l3.
2358 1898 2374 1931 ι
2412 1878 2714 1946 Respondit
2742 1878 2822 1933 eis
2856 1894 2870 1933 :
2902 1874 3005 1943 Qui
3048 1890 3135 1931 me
3162 1888 3357 1931 sanum
3383 1872 3458 1928 fe-

142 1998 235 2053 μοι
261 1976 418 2036 εἶπεν
442 1996 458 2009 ⁸
487 1978 661 2051 *Δρον
679 1980 771 2034 τὸν
793 1978 1108 2052 κράϐϐατόν
1140 1994 1260 2041 σου,
1293 1979 1387 2030 καὶ
1416 1972 1735 2046 περιπάτει.

1858 1974 1940 2039 :it,
1971 1975 2016 2028 is
2056 1974 2189 2029 mihi
2234 1975 2403 2028 dixit:
2441 1972 2595 2029 Tolle
2654 1972 2943 2041 grabatum
2987 1979 3138 2024 tuum
3174 1976 3228 2025 et
3261 1968 3458 2024 ambu-

150 2067 482 2141 Ἠρώτησαν
511 2064 605 2125 οὖν
630 2069 825 2125 αὐτόν’
878 2069 976 2134 Τίς
1006 2070 1154 2123 ἐστιν
1193 2070 1221 2122 6
1273 2066 1571 2138 ἄνθρωπος
1604 2067 1633 2120 6
1662 2066 1742 2120 εί-

128 2162 261 2218 »πών
310 2180 426 2218 σοι·
456 2158 630 2235 Ἀρον
678 2162 771 2218 τὸν
807 2161 1124 2234 κράϐϐατόν
1149 2178 1269 2227 σου,
1293 2160 1390 2215 καὶ
1408 2159 1741 2233 περιπάτει;

120 2282 123 2285 -
150 2258 212 2309 ὐ
240 2257 299 2311 δὲ
357 2258 530 2322 ἰαθεὶς
558 2259 660 2312 οὐκ
690 2257 810 2329 ᾔδει
845 2257 928 2320 τίς
960 2258 1143 2310 ἐστιν’
1180 2257 1209 2310 6
1248 2257 1359 2328 γὰρ
1411 2252 1620 2326 Ἰησοῦς
1651 2252 1743 2319 ἐξ·

141 2351 369 2404 ἐνευσεν
392 2349 552 2421 δχλου
581 2351 733 2414 ὄντος
758 2352 817 2404 ἐν
850 2349 930 2420 τῷ
958 2348 1164 2420 τόπῳ.»
1184 2348 1307 2420 Χρὴ
1334 2348 1614 2419 Θαυμάσαι
1642 2346 1744 2418 τὴν

136 2444 237 2499 τοῦ
260 2443 556 2515 ἀνθρώπου
587 2445 724 2514 πρὸς
769 2442 1062 2507 Ἰουδαίους
1093 2442 1435 2514 παρρησίαν,
1462 2440 1582 2505 πῶς
1618 2440 1742 2493 ἐπι-

137 2538 415 2609 κειμένων
439 2536 589 2607 αὐτῷ
612 2536 709 2591 καὶ
735 2536 1029 2605 λεγόντων,
1085 2554 1103 2588 ι
1136 2534 1253 2589 Οὐκ
1284 2534 1463 2598 ἔξεστί
1497 2551 1581 2587 σοι
1608 2530 1744 2605 ἆραι

136 2632 233 2685 τὸν
272 2629 585 2701 κράϐϐατόν
617 2648 712 2685 σου
751 2630 842 2685 διὰ
876 2631 937 2685 τὸ
992 2631 1298 2697 Σάϐϐατον,
1330 2651 1349 2684 ι
1393 2631 1557 2694 αὐτὸς
1603 2629 1745 2701 μετὰ

137 2726 461 2799 παρρησίας
486 2726 821 2797 ἀνεκήρυττε
847 2712 1276 2799 τὺφεὺεργέτην
1296 2743 1311 2757 ·
1355 2744 1373 2777 ι
1421 2726 1481 2779 '0
1505 2727 1745 2796 ποιήσας

142 2837 214 2891 με
242 2817 401 2890 ὑγιῆ,
430 2819 596 2883 αὑτός
624 2837 715 2890 μοι
748 2816 906 2874 εἶπεν
931 2837 947 2853 ο
976 2840 1005 2875 »ι
1034 2820 1238 2876 ὡσανεὶ
1268 2819 1498 2875 τοιαῦτα
1526 2819 1705 2889 λέγων
1729 2834 1741 2847 ·

137 2913 396 2983 Ληρεῖτε,
448 2913 546 2966 καὶ
592 2912 961 2984 παραπαίετε,
994 2913 1318 2977 κελεύοντες
1350 2912 1424 2984 μὴ
1454 2911 1745 2966 πείθεσθαι

140 3004 223 3076 τῷ
266 3004 631 3077 ἀπδημακρᾶς
686 3004 831 3061 οὕτω
864 3006 957 3060 καὶ¹
990 3006 1239 3077 χαλεπῆς
1269 3022 1339 3075 με
1375 3007 1533 3059 νόσου
1570 3004 1749 3059 ἁπαλ-

140 3096 395 3165 λάξαντι.
447 3098 512 3152 Oi
543 3098 603 3151 δὲ
639 3098 885 3155 Ἰουδαῖοι
916 3100 1034 3155 ὀὐκ
1090 3099 1374 3171 ἐρωτῶσιν
1432 3098 1618 3167 αὐτὸν,
1650 3099 1747 3163 Τίς

142 3192 298 3245 ἐστιν
329 3193 358 3246 6
380 3192 619 3263 ποιήσας
651 3209 710 3246 σε
741 3192 911 3263 ὑγιῆ;
959 3192 1118 3259 ἀλλὰ,
1169 3193 1267 3256 Τίς
1310 3194 1461 3245 ἐστιν
1494 3194 1523 3245 6
1574 3190 1747 3245 είπών

1847 2068 1919 2121 la.
1956 2065 2432 2137 luterrOgaverunt
2484 2082 2616 2138 ergo
2654 2082 2776 2121 eum
2810 2082 2825 2121 :
2858 2064 2993 2133 Quis
3032 2071 3120 2119 est
3151 2060 3240 2117 ille
3287 2060 3457 2117 homo

1846 2160 1939 2229 qui
1987 2158 2124 2213 dixit
2168 2158 2310 2215 tibi:
2346 2157 2499 2215 Tolle
2537 2159 2824 2230 grabatum
2876 2166 3031 2213 tuum
3079 2164 3134 2213 et
3202 2152 3461 2211 ambula?

1849 2256 1902 2309 Is
1936 2262 2118 2308 autem
2161 2255 2252 2325 qui
2280 2269 2447 2310 sanus
2510 2255 2690 2310 [itcrat
2740 2252 2990 2319 allectus,
3017 2251 3303 2309 nesciebat
3334 2251 3459 2321 quis

1848 2357 2015 2406 esset.
2050 2348 2212 2406 Jesus
2239 2349 2382 2405 enim
2420 2349 2681 2406 subduxit
2713 2363 2795 2417 se,
2837 2349 2985 2417 quod
3025 2336 3183 2402 turba
3222 2355 3370 2402 esset
3403 2344 3458 2399 in

1848 2460 1915 2501 eo
1948 2446 2087 2501 loco.
2122 2463 2140 2496 ι
2177 2444 2452 2500 Admirari
2484 2444 2743 2500 convenit
2776 2442 3015 2523 hominis
3058 2454 3189 2511 erga
3240 2437 3461 2496 Iudaeos

1849 2538 1904 2593 in
1924 2537 2154 2595 dicendo
2172 2539 2504 2603 libertatem,
2544 2538 2765 2607 quando
2798 2536 3121 2607 urgentibus
3148 2534 3256 2591 iUis
3295 2542 3352 2593 et
3377 2534 3462 2589 di-

1848 2629 2123 2701 centibus,
2168 2650 2187 2685 ι
2236 2632 2351 2690 Νοη
2389 2632 2485 2688 tibi
2516 2633 2641 2688 licet
2686 2632 2883 2688 tollere
2941 2632 3231 2702 grabatum
3302 2639 3457 2687 tuum

1849 2740 1947 2794 per
1984 2722 2306 2793 Sabbatum,
2335 2746 2353 2779 ι
2402 2728 2517 2796 ipse
2564 2740 2691 2783 cum
2750 2724 2945 2781 ﬁducia
2990 2723 3162 2781 libere
3198 2723 3461 2795 pradicet

1850 2818 2296 2874 bencl'actorem:
2376 2837 2395 2872 ι
2451 2818 2556 2887 Qui
2619 2818 2749 2875 fecit
2800 2832 2888 2874 me
2934 2832 3156 2897 sanum,
3208 2816 3299 2874 ille
3326 2817 3459 2873 mihi

1852 2912 2011 2975 dixit,
2048 2931 2067 2965 ι
2102 2912 2265 2967 veluti
2306 2913 2613 2985 huiusmodi
2650 2913 2898 2984 quaedam
2950 2912 3239 2982 proferens
3274 2931 3289 2968 :
3327 2910 3463 2967 Deli-

1852 3008 1987 3063 ratis
2016 3017 2071 3063 et
2105 3008 2356 3078 desipitis
2384 3009 2643 3080 jubentes
2676 3024 2745 3065 ne
2785 3007 3036 3066 obediam
3073 3008 3123 3064 ei
3156 3007 3247 3078 qui
3294 3021 3383 3062 me
3431 3020 3460 3061 ε

1855 3106 1964 3153 tam
2026 3099 2285 3155 diuturno
2316 3109 2369 3155 et
2395 3100 2602 3156 dillicili
2645 3099 2837 3157 morbo
2867 3099 3142 3155 liberavit.
3177 3098 3251 3155 At
3278 3096 3460 3154 Judaei

1856 3207 1961 3246 non
1992 3189 2332 3263 interrogant
2365 3209 2529 3263 eum;
2568 3191 2705 3261 Quis
2738 3202 2820 3247 est
2850 3194 2939 3263 qui
2991 3202 3049 3248 te
3064 3206 3261 3248 sanum
3292 3192 3465 3248 fecit?

144 3299 262 3338 σοι·
295 3278 470 3355 *Αρον
500 3285 594 3337 τὸν
629 3285 980 3357 κράϐϐατον;
1018 3305 1039 3338 ι
1094 3284 1282 3349 Οὕτως
1325 3284 1434 3356 ἄρα
1480 3283 1617 3357 πρὸς
1646 3284 1747 3357 μὲν

1858 3286 1969 3350 sed,
2022 3286 2199 3352 «Quis
2234 3295 2319 3341 est
2366 3288 2457 3356 qui
2506 3288 2644 3340 dixit
2697 3286 2815 3351 tibi,
2865 3284 3021 3343 Tolle
3067 3285 3396 3358 grabatum?
3438 3304 3457 3338 ι

140 3378 206 3431 τὸ
262 3378 430 3433 καλὸν
480 3378 723 3433 ίιθιελοναιιι¹
787 3378 1153 3449 ἐτύφλωττον,
1217 3380 1319 3450 τὴν
1365 3380 1425 3433 δὲ
1476 3378 1747 3435 δοκοῦσαν

1858 3374 1940 3429 ita
1971 3376 2037 3429 ad
2067 3381 2266 3429 bonum
2308 3387 2503 3446 sponte
2548 3377 2991 3443 cxczecabautur,
3040 3386 3374 3449 sursumque
3400 3395 3465 3432 ac

145 3472 467 3543 παράϐασιν
496 3472 590 3527 τοῦ
622 3472 905 3529 Σαϐϐἀτου
943 3474 1054 3528 ἄνω
1085 3474 1179 3528 καὶ
1216 3474 1368 3528 κάτω
1398 3474 1710 3546 προέφερον
1730 3489 1745 3504 ο

146 3564 175 3617 6
208 3562 269 3617 δὲ
316 3562 525 3635 Ἰησοῦς
556 3562 828 3631 ἐξένευσε,
862 3564 1083 3635 πρῶτον
1112 3567 1234 3636 μὲν,
1271 3566 1358 3619 ἵνα
1389 3566 1623 3630 ἀπόντος
1651 3566 1750 3617 αὑ·

145 3654 245 3710 τοῦ
307 3658 620 3719 ἀνύποπτος
688 3656 915 3725 γένηται
968 3659 1002 3726 ή
1062 3656 1347 3730 μαρτυρία
1400 3658 1433 3727 ή
1482 3658 1612 3729 περὶ
1651 3656 1751 3729 τῆς

150 3746 367 3816 ὑγείας,
395 3749 488 3802 καὶ
517 3748 592 3819 μή
613 3747 743 3820 δόξῃ
771 3751 798 3802 6
828 3749 1121 3821 ἄνθρωπος
1152 3748 1625 3823 καταχαρίζεσθαι
1654 3750 1753 3804 αὑ·-

147 3841 251 3912 τῷ,
278 3840 417 3895 ἀλλὰ
448 3843 514 3911 τῇ
549 3841 782 3913 ἀληθείᾳ
803 3843 1287 3914 προσμαρτυρεῖν·
1322 3842 1537 3908 ἔπειτα,
1565 3842 1652 3895 ἵνα
1677 3840 1754 3914 μὴ

149 3936 249 3991 ἐπὶ
272 3934 459 3988 πλεῖον
488 3934 675 4007 ἀνάψη
698 3936 812 3999 τοῖς
832 3935 1109 3998 Ἰουδαίοις
1140 3933 1231 3989 τὸν
1266 3934 1460 4006 θυμόν.
1490 3930 1612 3989 υἷδε
1642 3934 1755 4007 γὰρ

151 4028 253 4082 καὶ
294 4026 421 4098 ὄψις
468 4028 608 4100 μόνη
656 4026 753 4081 τοῦ
782 4026 1275 4098 διαφθονουμένου,
1312 4030 1372 4083 οὺ
1414 4029 1611 4101 μικρὸν
1639 4031 1754 4094 τοῖς

152 4118 547 4190 βασκαίνουσιν
597 4118 802 4173 ὲνιὲναι
867 4118 1149 4191 σπινθῆρα
1178 4119 1417 4188 φθόνου*
1473 4120 1563 4173 διὰ
1596 4118 1757 4174 τοῦτο

150 4212 385 4283 ἀφίησιν
402 4210 534 4267 αὐτὸ
556 4211 682 4266 καθ’
700 4210 866 4267 ἐαυτδ
886 4213 949 4267 τὸ
970 4211 1131 4283 ἔργον
1152 4212 1530 4280 ἐξετάζεσθαι.
1557 4214 1621 4269 0i
1646 4214 1755 4287 γὰρ

152 4310 520 4383 ἐγκαλοῦντες
537 4311 808 4377 Ἰουδαῖοι,
837 4312 917 4375 είς
947 4310 1199 4376 ἐξέτασιν
1233 4312 1328 4364 καὶ
1356 4310 1553 4379 λόγους
1572 4312 1634 4366 τὸ
1660 4328 1755 4381 γε·

152 4404 317 4475 γονὺς
340 4404 624 4476 φέροντες,
651 4403 1013 4472 ἐξακουστότε
1023 4421 1116 4476 ρον
1144 4404 1276 4459 αὐτὸ
1308 4404 1579 4459 ποιοῦσιν.

236 4498 445 4555 «Μετὰ
500 4498 679 4553 ταῦτα
739 4497 989 4568 εὑρίσκει
1049 4498 1213 4551 αὐτὸν
1259 4500 1287 4553 ό
1351 4498 1557 4569 Ἰησοῦς
1592 4497 1759 4570 ἐντῷ

154 4591 319 4667 ίερῷ,
346 4594 441 4648 καὶ
466 4588 623 4648 εἶπεν
672 4590 859 4663 αὐτῷ·
898 4591 1005 4645 Ἴδε
1046 4591 1206 4663 ὑγιὴς
1246 4592 1511 4663 γέγονας·
1556 4594 1760 4665 μηκέτι

1853 3470 2109 3526 deorsum
2165 3472 2445 3541 rapiebant
2498 3472 2723 3529 Sahbati
2808 3472 3185 3539 violationcm,
3244 3482 3305 3529 ut.
3358 3473 3462 3528 sibi

1855 3562 2256 3617 videbatur.‘At
2287 3562 2449 3619 Jcsus
2474 3580 2533 3619 se
2569 3565 2940 3620 subduxerat:
2976 3566 3211 3634 primum
3240 3564 3462 3635 quidem

1856 3665 1913 3709 ut
1945 3656 2175 3711 absente
2222 3656 2340 3726 ipso
2389 3656 2762 3713 testimonium
2809 3659 3060 3713 sanitatis
3103 3657 3250 3713 illius
3279 3656 3465 3727 suspi-

1857 3748 2017 3804 cione
2047 3749 2222 3818 magis
2257 3757 2490 3815 careret,
2523 3758 2583 3805 et
2630 3765 2699 3806 ne
2740 3750 3023 3806 videretur
3061 3745 3361 3821 gratificari
3388 3751 3465 3812 ei,

1858 3841 1951 3897 sed
1986 3841 2270 3896 veritatem
2305 3840 2514 3896 testari.
2546 3840 2769 3913 insuper
2808 3851 2867 3898 ut
2896 3855 2962 3897 ne
3006 3841 3323 3900 Judaeorum
3378 3842 3468 3899 in-

1858 3934 2059 3990 vidiam
2096 3935 2271 4004 magis
2311 3936 2660 3990 accenderet.
2711 3934 2864 3991 Solet
2916 3937 3061 3992 enim
3116 3948 3171 3994 et
3211 3952 3469 4011 aspectus

1859 4026 1979 4099 ejus
2013 4032 2098 4084 cui
2157 4028 2451 4096 invidetur,
2490 4044 2599 4085 non
2653 4044 2879 4099 parvam
2916 4030 3134 4088 invidize
3186 4032 3465 4094 ﬂammant

1863 4123 2159 4178 immittere
2216 4122 2602 4178 invidentibus.
2654 4120 2822 4195 57o
2857 4122 3155 4194 Propterea
3202 4131 3473 4197 permittit

1863 4213 2067 4269 factum
2099 4214 2276 4279 ipsum
2302 4228 2397 4284 per
2432 4228 2491 4269 se
2514 4216 2838 4270 examinari.
2870 4215 3043 4273 Porro
3078 4217 3251 4274 Judaei
3280 4238 3472 4293 repre-

1864 4308 2163 4363 hendentes
2202 4323 2327 4362 cum
2359 4306 2561 4363 factum
2610 4309 2972 4379 inquirerent,
3020 4312 3211 4369 multis
3258 4330 3474 4371 sermo-

1864 4402 2027 4458 nibus
2061 4401 2333 4457 celebrius
2364 4400 2517 4456 illud
2549 4404 2805 4461 reddunt.

1938 4493 2104 4550 Vens.
2141 4493 2303 4549 ιιι-ιθ
2335 4513 2354 4546 ι
2390 4491 2585 4549 Postea
2618 4511 2743 4549 eum
2791 4496 2992 4565 reperit
3035 4494 3196 4553 Jesus
3229 4499 3280 4552 in
3328 4510 3470 4554 tem-

1866 4589 1978 4662 ιιιο,
2009 4598 2063 4643 et
2092 4587 2229 4643 dixit
2259 4588 2308 4642 ei
2336 4603 2351 4641 :
2388 4587 2528 4643 Ecce
2562 4603 2730 4645 sanus
2779 4586 2957 4644 factus
2983 4604 3045 4645 es
3088 4604 3105 4643 :
3133 4606 3201 4646 ne
3243 4594 3475 4663 pOstliac

153 4689 473 4759 ἁμάρτανε,
502 4686 591 4740 ἵνα
614 4684 691 4758 μὴ
719 4685 903 4757 χεῖρόν
926 4686 979 4739 τί
999 4702 1081 4740 σοι
1119 4685 1370 4757 γένηται.
1420 4686 1694 4758 ’Δπῆλθεν
1725 4689 1749 4741 6

1869 4685 2093 4755 pecces,
2152 4695 2221 4736 ne
2270 4680 2401 4752 quid
2462 4679 2707 4735 deterius
2774 4681 2869 4735 tibi
2948 4684 3255 4755 contingat.
3322 4686 3477 4742 Abiit

152 4778 474 4849 ἄνθρωπος,
500 4782 595 4834 καὶ
627 4778 935 4849 ἀπήγγειλε
964 4780 1077 4841 τοῖς
1100 4776 1404 4843 Ἰουδαίοις,
1435 4778 1519 4832 ὅτι
1543 4777 1758 4850 Ἰησοῦς

152 4877 313 4929 ἐστιν
364 4875 392 4928 6
420 4874 656 4944 ποιήσας
704 4871 869 4926 αὑτὸν
897 4872 1049 4943 ὑγιῆ.
1083 4873 1195 4926 Καὶ
1222 4872 1313 4927 διὰ
1341 4872 1501 4927 τοῦτο
1532 4872 1759 4927 ἐδίωκον

151 4968 252 5023 τὸν
273 4965 486 5037 Ἰησοῦν
516 4968 562 5019 οἱ
604 4965 869 5031 Ἰουδαῖοι,
894 4967 989 5022 καὶ
1018 4965 1245 5037 ἐζήτουν
1288 4965 1452 5020 αὑτὸν
1498 4967 1757 5021 ἀποκτεῖ-

152 5078 275 5127 ναι,
307 5059 393 5113 ὅτι
416 5058 591 5113 ταῦτα
640 5058 899 5131 ἐποίησεν
921 5060 978 5112 ἐν
1011 5058 1300 5127 Σαϐϐάτῳ.
1338 5078 1357 5112 ι
1410 5059 1508 5113 Ἐκ
1530 5059 1625 5113 τοῦ
1652 5058 1762 5129 φά·-

153 5169 253 5213 ναι
283 5152 377 5205 τὸν
398 5150 601 5224 Κύριον
624 5150 702 5223 τῷ
731 5150 1051 5223 παραλύτῳ,
1090 5170 1109 5202 ι
1144 5152 1274 5219 Ἴδε,
1307 5150 1467 5222 ὑγιής
1492 5152 1727 5219 γέγονας
1746 5168 1761 5183 ·

158 5243 372 5319 μηκέτι
406 5243 715 5315 ἁμάρτανε,
744 5262 763 5296 ι
802 5242 1156 5314 μανθάνομεν
1180 5244 1399 5314 πρῶτον
1434 5244 1557 5313 μὲν,
1590 5246 1674 5297 ὅτι
1705 5244 1765 5312 ἐξ

156 5338 455 5411 ἁμαρτιῶν
482 5337 687 5408 ἐτέχθη,
717 5336 795 5409 τῷ
821 5337 1098 5409 ἀνθρώπῳ
1123 5336 1184 5390 τὸ
1218 5338 1437 5409 νόσημα
1457 5354 1469 5367 ·
1504 5336 1766 5410 δεύτερον

156 5437 241 5501 δὲ,
268 5434 353 5488 ὅτι
387 5433 594 5506 ἀληθὴς
614 5436 641 5487 6
670 5435 799 5506 περὶ
832 5434 933 5503 τῆς
957 5433 1182 5502 γεέννης
1208 5432 1390 5501 λόγος,
1424 5436 1520 5489 καὶ
1552 5436 1637 5489 ὅτι
1673 5436 1765 5490 d1-

158 5530 281 5593 διός
311 5530 518 5599 ἐστινή
552 5529 813 5599 τιμωρία.
845 5527 957 5581 Ποῦ
988 5529 1098 5598 γὰρ
1128 5528 1220 5582 νῦν
1246 5530 1385 5582 είσιν
1407 5531 1457 5582 οἱ
1486 5530 1762 5599 λέγοντες,

154 5626 250 5683 ὖτι
294 5625 384 5678 Ἐν
415 5625 515 5696 μιᾷ.
541 5622 661 5695 ὥρᾳ
702 5623 1032 5695 ἐπόρνευσα,
1076 5626 1168 5677 καὶ
1218 5624 1335 5689 πῶς
1381 5624 1629 5679 ἀθάνατα
1671 5643 1765 5681 κο-

159 5717 555 5790 λασθήσομαι;
597 5716 729 5770 Ἰδοὺ
757 5718 867 5787 γὰρ
906 5719 998 5769 καὶ
1041 5712 1201 5779 οὗτος
1244 5719 1346 5771 οὐκ
1382 5721 1440 5772 ἐν
1483 5718 1764 5785 τοσούτοις

161 5814 423 5887 ῆμαρτεν
452 5810 655 5876 ἐτεσιν,
706 5811 764 5864 ἐν
794 5811 940 5874 ὅσοις
984 5812 1297 5879 ἐκολάζετο,
1329 5812 1446 5866 ἀλλ’
1470 5813 1768 5887 ὁλόκληρον

1865 4777 1953 4832 ille
1978 4779 2229 4841 homo,et
2255 4775 2526 4831 nuntiavit
2552 4773 2756 4831 Iudaeis
2790 4776 2936 4846 quod
2980 4775 3143 4835 Jesus
3186 4790 3333 4836 esset
3378 4784 3471 4852 qni

1865 4875 2041 4941 ipsum
2077 4871 2298 4928 fecisset
2325 4886 2543 4927 sanum.
2568 4871 2631 4927 Et
2662 4882 2885 4945 propter
2911 4874 3013 4929 hoc
3066 4876 3477 4945 persequeban-

1868 4978 1953 5021 tur
1982 4966 2154 5023 δυάωί
2184 4964 2395 5031 Iesum,
2428 4976 2481 5019 et
2511 4965 2834 5037 qnmrebant
2868 4980 2994 5021 eum
3026 4968 3299 5034 occidere,
3327 4970 3472 5039 quod

1867 5063 1972 5118 ista
2003 5060 2222 5117 fecisset
2254 5060 2309 5115 in
2337 5060 2633 5115 Sabbuto.»
2681 5059 2757 5114 Ex
2796 5076 2861 5115 eo
2888 5062 3033 5133 quod
3083 5063 3349 5119 Dominus
3382 5080 3477 5131 pa-

1868 5155 2098 5227 ralytico
2126 5154 2261 5207 dixit
2291 5172 2308 5211 :
2351 5172 2369 5205 ι
2404 5152 2557 5219 Vide,
2583 5168 2750 5208 sanus
2794 5154 2970 5211 iactus
2994 5170 3090 5217 es:
3132 5171 3199 5210 ne
3246 5158 3479 5227 posthac:

1869 5264 2083 5320 pecces,
2123 5267 2141 5299 ι
2190 5248 2425 5317 primum
2486 5248 2707 5318 quidem
2755 5249 3038 5317 discimus,
3109 5264 3179 5305 ex
3240 5253 3480 5321 peccatis

1870 5353 2027 5399 natos
2069 5342 2352 5398 hominum
2397 5342 2644 5409 morbos,
2681 5342 2879 5398 deinde
2926 5358 3057 5399 vera
3100 5345 3353 5401 enarrari
3411 5350 3479 5400 de

1872 5438 2141 5508 gelicuna,
2209 5446 2584 5506 aeternumque
2639 5451 2761 5492 esse
2812 5437 3162 5507 supplicium.
3219 5438 3339 5495 Jam
3386 5440 3479 5493 ulzi

1876 5548 2020 5587 nunc
2052 5541 2180 5588 sunt
2211 5533 2301 5603 qui
2331 5532 2517 5587 dicunt
2554 5548 2566 5583 :
2602 5532 2697 5601 ζΑιΙ
2731 5547 2891 5587 unam
2928 5533 3121 5589 horam
3161 5534 3360 5590 indulsi
3404 5534 3485 5590 τρι

1878 5641 2145 5692 venereae,
2204 5627 2479 5695 quomodo
2536 5628 2589 5679 in
2652 5637 2969 5697 perpetuum
3050 5630 3279 5697 puniar?
3342 5628 3488 5687 Ecce

1878 5723 2022 5777 enim
2058 5722 2228 5776 etiam
2263 5721 2351 5775 hic
2385 5736 2491 5775 non
2526 5728 2605 5776 tot
2633 5721 2792 5775 annis
2833 5734 3154 5792 peccaverat
3194 5735 3329 5794 quot
3380 5741 3489 5795 pn.

1882 5816 2158 5882 niebatur,
2222 5816 2318 5871 sed
2362 5814 2535 5871 ferme
2589 5814 2857 5886 integram
2927 5818 3166 5873 hominis
3216 5819 3385 5873 vitam
3430 5820 3484 5876 in

242 5936 319 6009 (α)
351 5932 493 6009 Edit.
520 5930 669 5994 Lut.,
713 5932 795 5986 Me
818 5934 969 6001 jnbes
1010 5949 1243 6009 surgere,
1266 5934 1354 6004 qui
1382 5948 1519 5988 nunc
1546 5934 1763 6006 triginta
1803 5946 1917 5991 octo
1946 5950 2113 5989 armos
2140 5930 2383 6001 habeam,
2449 5941 2497 5987 et
2528 5930 2753 5987 salutent
2790 5949 3060 6005 nunquam
3129 5934 3231 5990 sim
3276 5952 3490 5994 assecu-

169 6005 260 6065 tus
275 6005 371 6075 {et
400 6005 473 6062 sic
505 6014 711 6075 repente
740 6020 1005 6075 surgerent
1032 6007 1055 6058 ?
