4078 6330
648 409 665 474 ί
679 407 780 472 263

1539 408 2121 471 'l‘llliOPll'YLACTl
2165 409 2583 471 BULGARL‘E
2620 409 2975 472 ARCHIEP.

3786 404 3918 469 1284

622 525 873 595 supplicii
907 539 1211 580 mensuram
1244 524 1785 596 amplam}impendit.
1824 525 1968 580 Sane
1988 537 2209 595 peccata

2318 525 2612 595 ἀνθρώπου
2671 525 2788 597 βίον
2820 526 3006 598 σχεδὸν
3053 525 3332 595 ἡνάλωσεν
3383 528 3440 579 ἐν
3493 525 3568 595 τῷ
3620 524 3786 595 μήκ;ι
3827 529 3918 594 τῆς

625 632 730 669 non
777 617 1090 684 jtnlieantur
1133 625 1398 686 tempore,
1454 619 1548 673 sed
1598 617 1713 685 ipsa
1753 618 2077 673 delictorum
2116 634 2212 672 na-

624 717 766 762 tura.
797 708 936 772 Quin
993 707 1080 761 hic
1108 719 1159 762 et
1184 708 1314 764 illttd
1338 709 1623 776 discimus,
1657 710 1798 779 quod
1832 710 1958 766 licet
1989 727 2210 782 gravem

624 800 839 854 luamus
873 815 970 867 pro
1016 803 1204 870 primis
1231 804 1469 871 peccatis
1517 818 1754 871 paruam,
1787 803 1832 856 si
1869 804 2065 858 deinde
2114 804 2213 858 ite-

633 909 748 947 rum
787 894 836 946 in
875 895 1064 947 eadem
1101 894 1405 948 incidamus
1445 905 1690 964 peccata,
1742 897 1936 950 itermn
1965 897 2211 965 graviora

627 987 917 1056 patiemur,
953 987 1115 1055 idque
1164 988 1378 1042 merito.
1424 987 1525 1054 Qui
1556 991 1699 1044 enim
1749 990 1916 1057 priori
1949 991 2213 1059 supplicio

623 1096 726 1134 non
769 1081 1090 1135 emendatus
1133 1090 1236 1144 est,
1273 1083 1338 1134 ad
1388 1083 1592 1150 majora
1637 1092 1906 1138 tormenta
1961 1085 2210 1149 ducetur,

622 1185 878 1242 tanquam
910 1173 1219 1228 insensatus
1283 1183 1336 1228 et
1385 1185 1748 1245 contemplor.
1795 1177 1856 1230 Et
1891 1193 2079 1245 quare,
2128 1177 2215 1232 itt-

619 1267 755 1336 qnit,
803 1282 908 1320 non
950 1282 1142 1321 omnes
1199 1268 1276 1322 sic
1336 1268 1674 1336 puniuntur?
1734 1269 1946 1324 Etenim
2016 1271 2214 1326 multos

621 1358 987 1427 improborum
1019 1358 1263 1411 videmus
1322 1358 1458 1411 bene
1489 1358 1728 1415 valentes
1776 1375 2028 1430 corpore.
2062 1372 2116 1416 et
2158 1365 2211 1416 in

619 1449 829 1504 deliciis
867 1464 930 1504 ac
972 1449 1330 1518 prosperitate
1377 1449 1637 1507 viventes.
1701 1450 1894 1506 Verum
1935 1452 2078 1523 quod
2136 1453 2214 1508 illi

623 1540 754 1594 nihil
785 1540 871 1594 hic
899 1540 1202 1610 patimttur,
1237 1541 1493 1596 viaticum
1525 1543 1602 1597 eis
1628 1545 1731 1597 erit
1786 1544 1852 1598 ad
1887 1545 2212 1614 supplicium

618 1634 858 1704 gravius,
892 1639 1032 1705 quod
1066 1636 1190 1690 alibi
1237 1638 1432 1692 ferent.
1455 1638 1520 1692 Et
1557 1641 1656 1694 hoc
1691 1639 1889 1696 Paulus
1926 1641 2214 1696 manifeste

618 1730 831 1784 tliCebal
860 1748 871 1784 :
904 1748 922 1782 ι
973 1729 1106 1784 Cum
1167 1731 1310 1784 enim
1369 1731 1676 1801 judicamur
1705 1749 1733 1788 a
1765 1735 2014 1798 Domino,
2069 1753 2086 1786 ι
2129 1736 2214 1788 hic

619 1826 843 1887 scilicet,
887 1843 904 1876 ι
931 1825 1228 1890 erudimur,
1253 1835 1304 1878 ut
1335 1841 1400 1879 ne
1431 1841 1553 1880 cum
1598 1827 1697 1881 hoc
1721 1829 1920 1882 nmndo
1951 1829 2209 1881 condem-

2317 616 2611 687 τιμωρίας.
2643 617 2717 670 Οὐ
2751 617 2862 687 γὰρ
2906 616 3084 687 χρόνῳ
3115 615 3181 668 τὰ
3219 616 3606 686 ἁμαρτήματα
3644 616 3912 684 κρίνεται,

2317 709 2434 763 ἀλλ’
2465 709 2603 779 αὐτῇ
2651 711 2718 778 τῇ
2750 708 2911 778 φύσει
2963 708 3072 760 τῶν
3132 707 3714 778 πεπλημμελημένων,
3768 709 3915 761 Μετλι

2317 800 2520 854 τούτων
2553 803 2778 854 κακεῖνο
2811 801 3180 870 μανθάνομεν,
3215 801 3296 852 ὅτι
3330 801 3434 854 κᾶν
3466 800 3715 871 χαλεπὴν
3739 800 3915 865 δῶμεν

2319 893 2456 962 ὑπὲρ
2488 893 2594 944 τὼν
2630 893 2910 962 προτέρων
2953 892 3374 962 ἁμαρτημάτων
3406 892 3504 961 τὴν
3562 892 3747 962 δίκην.
3799 888 3915 944 εἶτα

2317 987 2425 1047 τοῖς
2461 984 2640 1047 αὐτοῖς
2677 985 3049 1054 ἁμαρτήμασι
3081 984 3246 1036 πάλιν
3280 985 3644 1055 ἐμφυρῶμεν,
3678 985 3917 1055 χαλεπω-

2316 1096 2448 1149 τερα
2475 1077 2638 1132 πάλιν
2686 1079 3027 1149 πεισόμεθα·
3068 1079 3162 1131 καὶ
3211 1079 3360 1149 μάλα
3413 1080 3670 1142 εἰκότως.
3717 1080 3778 1132 Ὀ
3814 1081 3916 1148 γὰρ

2321 1173 2457 1244 μηδὲ
2500 1175 2566 1242 τῇ
2599 1171 2844 1243 προτέρᾳ
2893 1172 3134 1243 τιμωρία
3168 1171 3510 1242 βελτιωθεὶς,
3564 1174 3658 1225 ἐπὶ
3698 1174 3919 1242 μείξεια.

2317 1265 2512 1329 ἄγεται
2546 1265 2907 1334 κολαστήρια,
2942 1263 3017 1326 ὡς
3052 1264 3384 1332 ἀναίσθητος
3420 1267 3514 1316 καὶ
3564 1282 3916 1335 καταφρονη-

2315 1361 2435 1430 τής.
2471 1361 2582 1412 Καὶ
2615 1359 2759 1421 τίνος
2789 1359 3002 1422 ἕνεκεν,
3038 1360 3226 1429 φησιν,
3258 1360 3318 1412 οὐ
3351 1359 3551 1422 πάντες
3585 1358 3734 1412 οὓτω
3757 1360 3917 1413 κολα-

2318 1453 2502 1517 ζονται
2527 1470 2541 1518 ;
2580 1452 2691 1506 Καὶ
2721 1452 2830 1523 γὰρ
2866 1451 3095 1515 πολλοὺς
3117 1452 3337 1522 ὁρῶμεν
3365 1451 3472 1504 τῶν
3497 1451 3720 1521 φαύλων
3759 1452 3919 1504 εὐσω-

2320 1544 2646 1614 ματοῦντας.
2668 1546 2762 1599 καὶ
2789 1545 3159 1616 σφριγῶντας,
3182 1546 3276 1597 καὶ
3298 1544 3731 1615 εὐημεροῦνταε.
3759 1545 3918 1598 Ἀλλὰ

2316 1639 2376 1691 τὸ
2407 1639 2575 1708 μηδὲν
2630 1640 2828 1702 αὐτοὺς
2878 1638 3072 1691 παθεῖν
3120 1636 3391 1702 ἐνταῦθα,
3449 1638 3664 1707 ἐφόδιον
3707 1639 3917 1704 γίνεται

2320 1731 2568 1802 μείζονος
2597 1734 2713 1785 ἐκεῖ
2743 1732 3016 1803 τιμωρίας
3037 1747 3051 1761 ·
3083 1733 3179 1785 καὶ
3228 1732 3387 1784 τοῦτο
3426 1731 3606 1801 δηλῶν
3642 1734 3671 1783 6
3705 1731 3913 1795 Παῦλος

2319 1825 2522 1892 ἔλεγεν,
2553 1826 2632 1876 ὅτι
2670 1825 3025 1894 «Κρινόμενυι
3054 1824 3156 1877 ὐπδ
3182 1824 3441 1895 Κυρίου,›
3466 1821 3705 1876 ἐνταῦθα
3729 1824 3916 1894 arﬁcu-

616 1935 812 1974 nentur
835 1920 900 1983 ’⁸,
942 1938 959 1970 ι
997 1918 1120 1971 alibi
1171 1919 1422 1972 videlicet
1451 1938 1462 1973 :
1518 1935 1638 1973 nam
1673 1936 1789 1988 quze
1815 1921 1900 1975 hic
1937 1921 2089 1986 ﬁunt,
2122 1924 2209 1974 ad-

2319 1918 2423 1981 ότι,
2485 1936 2502 1968 ι
2539 1917 2933 1983 παιδευόμεθα,
2965 1919 3051 1970 ἵνα
3090 1917 3165 1987 μὴ
3193 1919 3291 1970 σὺν
3320 1917 3397 1989 τῷ
3425 1918 3617 1986 κόσμῳ
3650 1934 3915 1987 κατακρι-

621 2012 938 2067 menitionis
985 2020 1151 2066 sunt:
1205 2026 1323 2079 qua:
1354 2021 1532 2066 autem
1588 2012 1736 2075 alibi,
1783 2013 2209 2082 suppliciorum.

620 2108 757 2174 Quid
795 2107 1000 2176 igitur?
1028 2104 1288 2174 numquid
1334 2120 1524 2159 omnes
1576 2106 1746 2160 morbi
1779 2117 1900 2159 sunt
1933 2123 1995 2159 ex
2022 2122 2212 2176 pecea-

622 2200 728 2253 tis?
760 2198 874 2252 Non
911 2213 1101 2253 omnes
1134 2197 1374 2266 quidem,
1425 2197 1518 2250 sed
1569 2197 1771 2267 plures.
1836 2198 2008 2252 Morbi
2066 2202 2212 2252 enim

623 2292 788 2361 aliqui
823 2299 1043 2362 propter
1067 2300 1290 2359 peccata
1321 2290 1597 2355 accidunt,
1635 2291 1779 2345 sicut
1833 2300 1888 2344 et
1914 2291 2073 2346 istius
2117 2307 2213 2358 pa-

622 2389 856 2461 ralytiei,
892 2400 944 2442 ct
976 2389 1026 2442 in
1057 2388 1210 2442 libris
1244 2387 1450 2458 Regum
1482 2387 1724 2440 videmus
1746 2386 2034 2456 quemdam
2066 2384 2214 2437 labo-

619 2493 831 2538 rantem
865 2481 1048 2536 dolore
1101 2481 1298 2550 pedum
1351 2490 1572 2550 prOpter
1623 2479 1990 2548 peccatum".
2035 2474 2212 2544 Aliqui

621 2582 802 2628 autem
839 2583 961 2628 sunt
999 2584 1221 2642 promer
1253 2571 1631 2644 probationem
1676 2581 1730 2626 et
1773 2569 2210 2639 praedicationem

619 2669 761 2722 sicut
794 2668 1016 2722 morbus
1042 2665 1167 2730 Job,
1194 2677 1252 2721 ut
1273 2672 1608 2720 monstretur
1660 2664 1774 2734 ejus
1834 2663 2024 2716 virtus.
2078 2660 2212 2727 Qui-

621 2762 747 2815 dam
781 2771 956 2814 antent
990 2761 1152 2814 etiam
1189 2760 1254 2812 ab
1275 2759 1488 2829 ignavia
1540 2758 1814 2819 oriuntur,
1866 2761 2055 2825 utpote
2093 2754 2212 2824 gula

621 2862 676 2908 et
694 2852 977 2907 ebrietate.
1002 2851 1139 2905 Sunt
1157 2860 1338 2904 autem
1366 2848 1608 2902 nonnulli
1635 2847 1724 2917 qui
1745 2847 2108 2913 conjecturam
2126 2860 2214 2898 su-

619 2955 777 3002 munt
831 2961 893 3000 ex
951 2945 1050 2999 hoc
1099 2944 1241 3012 quod
1309 2942 1569 2997 Dominus
1619 2941 1776 3003 dicit,
1807 2958 1824 2990 ‹
1869 2937 1948 2992 Ne
1991 2937 2214 3008 posthac

620 3051 818 3107 pecces
850 3055 861 3088 :
899 3054 916 3087 ι
953 3045 1005 3090 et
1034 3044 1285 3088 asserunt
1326 3031 1470 3103 quod
1515 3031 1772 3086 Dominus
1813 3028 2035 3083 sciverit
2068 3029 2212 3098 quod

614 3130 959 3201 vparalyticus
991 3127 1080 3181 ille
1135 3127 1466 3180 indicaturus
1512 3131 1657 3180 esset
1699 3130 1754 3178 et
1806 3119 2213 3190 signiﬁcaturus

620 3223 844 3290 Judwis,
893 3231 1176 3293 postquam
1235 3219 1526 3291 reperisset
1569 3233 1691 3271 eum
1752 3217 1807 3268 in
1858 3213 2096 3284 templo:
2159 3222 2214 3266 et

620 3326 906 3385 preptcrca
926 3314 1052 3367 dicit
1079 3329 1092 3364 :
1131 3332 1146 3362 ι
1180 3309 1256 3367 Ne
1285 3309 1424 3365 ultra
1449 3323 1659 3379 pecces.
1695 3325 1712 3357 ι
1739 3305 1845 3360 Sed
1876 3320 1978 3359 non
2007 3315 2086 3359 est
2119 3305 2211 3358 ita.

621 3408 846 3461 Videtur
867 3408 1010 3460 enim
1042 3406 1161 3475 pius
1201 3404 1364 3458 homo
1413 3417 1553 3457 esse.
1605 3398 1738 3454 Nam
1772 3418 1790 3451 ι
1835 3398 2032 3470 reperit
2066 3415 2210 3461 eum,

619 3501 816 3568 inquit,
858 3498 1016 3554 Jesus
1047 3497 1098 3550 in
1137 3495 1360 3563 templo,
1393 3512 1411 3546 ι
1445 3493 1545 3548 nisi
1579 3493 1720 3547 enim
1745 3492 1862 3559 pius
1891 3491 2097 3555 fuisset,
2121 3505 2216 3544 ex-

621 3593 892 3662 posuisset
921 3605 979 3644 se
1016 3588 1275 3657 voluptati
1313 3596 1365 3640 et
1389 3585 1595 3639 deliciis
1625 3585 1674 3638 itt
1702 3585 1922 3639 domum
1949 3597 2202 3647 currens,

620 3684 782 3756 571
815 3694 864 3736 et
917 3681 1191 3751 effugisset
1217 3679 1527 3736 Judmorum
1567 3678 1856 3743 insaniam,
1883 3691 1948 3729 ne
1983 3675 2089 3729 illis
2125 3690 2210 3728 ra—

621 3782 771 3833 tione
830 3776 1125 3830 redderet:
1183 3773 1276 3828 sed
1331 3772 1465 3825 nihil
1513 3773 1706 3826 horum
1763 3770 1956 3823 terruit
1985 3784 2107 3822 eum
2154 3776 2210 3820 ut

622 3871 911 3925 desistere:
942 3885 972 3920 a
1026 3865 1246 3935 templo;
1284 3864 1388 3918 Sed
1422 3874 1475 3918 et
1535 3872 1820 3932 postquam
1869 3860 2088 3929 agnovit
2120 3857 2209 3913 Je-

623 3981 769 4026 sum,
804 3965 924 4015 vide
977 3971 1177 4031 quanta
1229 3959 1565 4030 gratitudine
1613 3954 1974 4012 eum-Jutlreis
2013 3955 2210 4023 pra-di-

623 4065 728 4110 cet.
765 4053 880 4108 Non
916 4053 1057 4110 enim
1078 4051 1228 4117 dicit,
1255 4050 1411 4106 .lesus
1445 4059 1529 4105 est
1555 4049 1648 4119 qui
1680 4047 1820 4102 dixit
1859 4047 1989 4101 mihi
2019 4063 2032 4099 :
2060 4044 2210 4100 Tolle

622 4149 944 4216 grabatum;
996 4145 1047 4198 id
1105 4146 1248 4214 quod
1320 4143 1397 4197 illi
1459 4143 1650 4196 audire
1703 4141 1984 4205 volebant;
2032 4139 2124 4194 sed
2161 4140 2208 4192 is

622 4239 714 4307 qui
753 4238 925 4308 ipsum
964 4252 1153 4290 sanmn
1197 4235 1321 4289 fecit
1359 4252 1372 4288 :
1418 4234 1468 4288 id
1511 4233 1656 4304 quod
1693 4234 1879 4289 audire
1925 4248 2029 4286 non
2066 4233 2209 4286 fere-

624 4333 778 4395 bant,
819 4346 916 4397 pro
974 4330 1206 4384 crimine
1259 4327 1523 4382 habentes
1569 4325 1791 4381 Sabbali
1831 4325 2203 4379 violationem.

621 4421 776 4488 Quod
826 4432 1004 4474 autem
1036 4419 1204 4474 Judaei
1230 4421 1702 4489 persequebantur
1726 4418 2041 4483 Dominum,
2078 4419 2208 4484 quid

619 4524 908 4584 propterea
963 4514 1206 4584 peccavit
1265 4513 1423 4566 homo
1457 4497 1564 4583 qui
1601 4512 1750 4566 illum
1807 4513 1887 4566 eis
1930 4512 2209 4568 ostendit?

2317 2010 2522 2079 θῶμεν,
2567 2029 2582 2060 ι
2618 2011 2736 2062 ἐκεῖ
2771 2009 2973 2080 δηλαδή
3007 2027 3019 2040 ·
3050 2010 3118 2062 τὰ
3172 2011 3272 2080 μὲν
3317 2011 3424 2081 γὰρ
3462 2009 3704 2063 ἐνταῦθα
3737 2009 3916 2063 νουοεο

2319 2101 2458 2163 σίας.
2494 2101 2561 2153 τα
2591 2101 2647 2154 δὲ
2680 2103 2796 2153 ἐκεῖ
2838 2102 3108 2170 τιμωρίας
3151 2101 3288 2153 ἐστί.
3349 2102 3412 2154 Τί
3457 2099 3590 2168 οὗν;
3628 2104 3819 2156 Πάντα
3852 2106 3915 2154 τι

2317 2195 2602 2264 νοσήματα
2634 2194 2692 2257 ἐξ
2723 2195 3179 2265 ἀμαρτημὰτων;
3217 2196 3290 2248 Οὐ
3320 2197 3501 2249 πάντα
3542 2198 3666 2266 μὲν,
3693 2197 3829 2251 ἀλλα
3853 2201 3914 2250 τα

2318 2289 2560 2342 πλείονα.
2592 2287 2673 2340 Τὰ
2727 2288 2826 2355 μὲν
2860 2289 2966 2358 γὰρ
3002 2289 3067 2340 δι’
3117 2289 3519 2359 ἁμαρτήματα,
3577 2290 3773 2358 ὥσπερ
3830 2291 3916 2342 καὶ

2316 2379 2408 2432 τοῦ
2444 2381 2758 2451 παραλύτου
2799 2380 3020 2445 τούτου,
3074 2382 3172 2434 καὶ
3224 2383 3284 2434 ἐν
3331 2384 3450 2444 ταῖς
3509 2382 3831 2445 Βασιλείαις
3863 2382 3916 2435 δὲ

2315 2474 2529 2544 ὁρῶμέν
2559 2492 2681 2527 τινα
2709 2475 2976 2543 ποδαλγία
3003 2476 3375 2545 περιπεσόντα
3406 2475 3473 2528 δι’
3504 2477 3788 2545 ἁμαρτίας
3817 2493 3828 2505 ·
3853 2477 3917 2528 τα

2315 2570 2372 2622 δὲ
2424 2570 2491 2622 δι’
2529 2571 2884 2642 εὐδοκίμησιν
2923 2571 3014 2624 καὶ
3053 2571 3381 2642 ἀνάρρησιν,
3439 2571 3635 2641 ὥσπερ
3676 2571 3774 2625 ἐπὶ
3825 2569 3913 2624 τοῦ

2329 2660 2465 2725 Ἰὼϐ,
2491 2663 2576 2715 ἴνα
2598 2663 2780 2735 δειχθῇ
2816 2665 2846 2733 ἡ
2876 2663 3246 2735 ἀρετὴ-αὐτοῦ
3273 2680 3287 2696 ⁶
3321 2663 3565 2732 γίνονται
3596 2663 3655 2716 δέ
3685 2682 3808 2716 τινα
3828 2665 3915 2716 καὶ

2318 2755 2422 2806 ἀπὸ
2461 2755 2760 2826 ῥᾳθυμίας,
2796 2751 2907 2808 οἷον
2936 2756 3384 2827 γαστριμαργίας
3404 2757 3498 2808 καὶ
3538 2756 3736 2825 μέθης.
3764 2756 3914 2818 Τινὲς

2315 2846 2370 2900 δὲ
2399 2848 2504 2900 ἀπὸ
2536 2847 2629 2900 τοῦ
2666 2849 2839 2901 εἰπεῖν
2868 2850 2958 2901 τὸν
2983 2850 3210 2919 Κύριον,
3257 2869 3272 2898 ι
3309 2849 3523 2917 Μηκέτι
3548 2849 3860 2918 ἁμάρτανε,
3891 2865 3909 2899 ι

2318 2941 2712 3012 στοχαζόμενοι
2747 2943 3166 3010 ἀποφαίνονται,
3200 2943 3283 2995 ὅτι
3319 2941 3508 2994 τοῦτον
3537 2942 3631 2994 τὸν
3664 2941 3910 3010 παραλυ-

2314 3051 2405 3088 τον
2432 3035 2547 3106 ᾔδει
2591 3037 2618 3088 6
2651 3034 2856 3105 Κύριος
2914 3035 3178 3104 μέλλοντα
3239 3034 3517 3098 ὑποδεῖξαι
3567 3032 3758 3092 αὐτὸν,
3824 3032 3909 3083 καὶ

2317 3122 2705 3194 καταμηνῦσαι
2757 3127 2868 3187 τοῖς
2923 3125 3221 3188 Ἰουδαίοις,
3258 3125 3377 3195 μεθ’
3410 3127 3436 3178 ὃ
3465 3119 3628 3194 εὗρεν
3663 3123 3828 3177 αὐτὸν
3856 3126 3908 3178 ἐν

2316 3216 2393 3286 τῷ
2421 3215 2572 3286 ἱερῷ,
2616 3218 2708 3269 καὶ
2737 3215 2825 3269 διὰ
2855 3216 3014 3270 τοῦτό
3049 3236 3182 3288 φησι
3205 3235 3218 3249 ·
3258 3236 3276 3269 t
3306 3220 3522 3287 Μηκέτι
3550 3219 3856 3288 ἁμάρτανε.
3886 3236 3903 3269 ι

2332 3309 2472 3362 Ἀλλ’
2504 3311 2602 3364 οὐκ
2654 3310 2770 3363 ἐστι
2816 3310 2996 3365 τοῦτο.
3047 3311 3304 3365 Φαίνεται
3333 3312 3444 3382 γὰρ
3489 3312 3731 3383 εὐλαϐὴς
3761 3314 3788 3364 6
3822 3312 3910 3366 5v-

2322 3402 2564 3473 θρωπος.
2608 3422 2625 3455 ι
2667 3403 2928 3475 Εὐρίσκει
2971 3405 3079 3476 γὰρ
3108 3405 3293 3466 αὐτὸν,
3335 3406 3522 3475 φησιν,
3549 3407 3578 3457 6
3616 3405 3826 3474 Ἰησοῦς
3856 3406 3908 3457 ἐν

2315 3497 2393 3567 τῷ
2423 3497 2570 3567 ἱερῷ.
2596 3517 2613 3548 ι
2659 3498 2853 3551 Καίτοι
2887 3502 2933 3550 εἰ
2961 3499 3034 3568 μὴ
3066 3497 3301 3569 εὐλαϐὴς
3330 3493 3417 3569 ἦν,
3449 3500 3633 3552 ἀνέσει
3668 3500 3759 3551 καὶ
3785 3515 3909 3568 τρυ-

2315 3593 2386 3660 φῇ
2421 3591 2486 3643 ἂν
2520 3590 2783 3655 ἐξέδωκεν
2803 3592 3016 3655 ἑαυτὸν,
3039 3592 3221 3644 οἴκαδε
3248 3592 3493 3661 δραμὼν,
3524 3595 3622 3644 καὶ
3650 3591 3907 3660 ἐξέξυγεν

2314 3683 2380 3735 ἂν
2416 3683 2646 3750 τὴντῶν
2683 3685 2955 3736 Ἰουδαίων
2991 3685 3212 3756 μανίαν,
3247 3685 3339 3737 καὶ
3381 3684 3477 3747 τὰς
3512 3685 3904 3756 λογοπραγίας·

2313 3775 2428 3830 ἀλλ’
2460 3777 2614 3828 οὐδὲν
2642 3777 2847 3830 τούτων
2882 3778 3044 3830 αὐτὸν
3081 3779 3339 3847 ἐποίησεν
3368 3779 3677 3848 ἀποστῆναι
3719 3777 3814 3830 τοῦ
3840 3780 3907 3830 ἱε-

2317 3869 2444 3940 ροῦ·
2480 3871 2616 3925 ἀλλὰ
2653 3873 2744 3924 καὶ
2775 3872 2914 3939 μετὰ
2967 3873 3027 3925 τὸ
3064 3871 3367 3939 ἐπιγνῶναι
3395 3873 3486 3923 τὸν
3524 3870 3762 3940 Ἰησοῦν,
3809 3872 3905 3940 δρα

2314 3962 2427 4026 πῶς
2457 3963 2618 4016 αὐτὸν
2660 3965 3021 4034 εὐγνωμόνως
3054 3964 3424 4034 ἁνακηρύττει
3456 3965 3570 4025 τοῖς
3609 3965 3903 4027 Ίοσδαίοις.

2311 4057 2386 4110 Οὐ
2418 4057 2528 4125 γὰρ
2578 4056 2746 4125 λέγει,
2796 4059 2878 4110 ὅτι
2912 4057 3122 4127 Ἰησοῦς
3163 4059 3309 4110 ἐστιν
3358 4057 3386 4108 6
3429 4055 3601 4109 είπὼν
3655 4053 3790 4125 ἆραι
3824 4057 3905 4107 τζν

2310 4148 2643 4218 κράὸὄατον,
2684 4151 2820 4219 ὅπερ
2854 4152 3052 4202 ἐκεῖνοι
3082 4150 3273 4218 ἤθελον
3305 4149 3546 4210 ἀκούειν,
3577 4148 3696 4201 ἀλλ’
3733 4152 3759 4200 6
3792 4167 3903 4201 ποι-

2309 4240 2445 4310 ήσας
2480 4241 2644 4294 αὐτὸν
2677 4242 2824 4310 ὑγιῆ,
2849 4244 2985 4312 ὅπερ
3011 4242 3237 4307 ,ἀκούειν
3257 4244 3357 4293 οὐκ
3383 4242 3684 4310 ἠνείχοντο,
3713 4241 3906 4311 ἔγκληο

2312 4352 2388 4402 μα
2424 4333 2741 4404 ποιούμενοι
2785 4336 2882 4405 τὴν
2933 4335 3029 4389 τοῦ
3063 4335 3347 4388 Σαϐϐάτου
3385 4334 3722 4405 παράλυσιν,
3757 4336 3819 4388 El
3853 4336 3901 4388 δὲ

2323 4426 2564 4479 Ἰουδαῖοι
2613 4427 2838 4482 ἐδίωκον
2866 4429 2956 4480 τὸν
3003 4429 3231 4499 Κύριον,
3263 4429 3318 4480 τί
3346 4428 3497 4499 παρὰ
3525 4429 3694 4483 τοῦτο
3721 4429 3902 4500 ἦμαρ·

2309 4537 2399 4573 τεν
2433 4522 2460 4572 ὁ
2484 4518 2794 4590 ἄνθρωπος,
2834 4519 3122 4587 ὑποδείξας
3157 4519 3322 4576 αὐτὸν
3349 4521 3568 4586 αὐτοῑς;
3599 4523 3778 4585 Αὐτὸς
3813 4525 3901 4592 μὲν

620 4607 741 4678 Ipse
768 4610 911 4662 enim
940 4616 1093 4676 grata
1141 4616 1340 4669 mente,
1376 4615 1432 4659 ut
1462 4615 1516 4660 et
1570 4605 1704 4660 alios
1735 4605 1800 4659 ad
1832 4604 1994 4659 (idem
2036 4615 2205 4661 attra-

2315 4613 2420 4682 γὰρ
2453 4611 2547 4666 ἀπ’
2581 4612 2923 4684 εὐγνώμονος
2963 4613 3225 4679 διανοίας,
3279 4614 3368 4668 ἶνα
3399 4616 3493 4667 καὶ
3537 4614 3668 4678 τοὺς
3715 4615 3900 4676 ἄλλους

625 4703 801 4767 heret,
865 4701 1192 4770 przedicabat
1227 4700 1598 4754 Servatorem.
1642 4698 1711 4752 At
1749 4713 1868 4753 cum
1903 4698 1980 4752 illi
2023 4714 2207 4766 perse-

621 4802 923 4861 querentur
993 4792 1420 4859 benefactorem,
1498 4791 1740 4860 ipsorum
1797 4801 1918 4847 erat
1976 4794 2203 4847 crimen.

622 4886 792 4941 Porro
835 4900 930 4953 per
959 4886 1292 4954 probaticaut
1337 4886 1604 4955 piscinam
1642 4886 1880 4957 intellige
1913 4886 2201 4956 baptisma,

625 4981 680 5033 in
705 4995 813 5048 quo
853 4977 1013 5032 Jcsus
1039 4979 1301 5033 Dominus
1351 4990 1556 5043 noster,
1598 4979 1716 5034 ovis
1773 4979 1864 5033 illa
1901 4994 1998 5049 pro
2052 4981 2207 5035 nobis

623 5073 924 5136 immolata,
956 5071 1095 5126 lotus
1129 5081 1213 5127 est
1257 5083 1307 5127 et
1350 5073 1656 5143 baptizatus
1683 5088 1780 5142 pro
1827 5074 2002 5128 nobis.
2035 5073 2207 5139 Quin—

623 5180 728 5234 que
779 5175 958 5218 autem
1012 5165 1251 5232 porticus
1300 5167 1462 5220 habet
1521 5166 1621 5220 ista
1674 5167 1904 5235 piscina.
1965 5167 2206 5233 Quatuor

623 5258 767 5311 enim
799 5258 1048 5321 virtutes,
1082 5267 1134 5310 et
1165 5273 1267 5310 una
1302 5259 1740 5328 contemplativa,
1791 5259 1844 5314 in
1880 5261 2207 5329 baptismate

624 5358 906 5417 apparent.
942 5348 1112 5417 igitur
1139 5348 1376 5402 humana
1425 5362 1637 5418 natura,
1675 5354 1841 5406 veluti
1871 5353 2202 5423 paralytieus

622 5441 870 5509 quidam,
903 5439 1058 5508 cujus
1091 5458 1283 5496 omnes
1317 5444 1580 5499 animales
1605 5446 1830 5499 virtutes
1859 5447 2048 5500 morbo
2077 5463 2197 5500 eor-

621 5541 787 5600 repta:
845 5543 990 5595 sunt,
1035 5531 1182 5594 jacet
1239 5533 1458 5602 triginta
1516 5545 1640 5589 octo
1700 5538 1856 5590 annis
1905 5549 2198 5606 aegrotans.

622 5621 807 5691 Neque
844 5626 986 5676 enim
1039 5635 1184 5678 rec-te
1228 5640 1287 5680 se
1337 5627 1566 5681 habebat
1621 5628 1672 5681 in
1727 5629 1830 5683 lide
1891 5629 2198 5694 Trinitatis,

624 5730 802 5786 neque
837 5725 1087 5769 oetavnm
1121 5718 1400 5783 sagculum,
1462 5721 1913 5778 resurrectionem
1966 5723 2110 5788 dico,
2147 5733 2203 5778 et

711 5899 752 5926 ³⁸
788 5896 801 5948 ί
838 5899 962 5953 Cor.
1005 5902 1185 5965 11,32.

1264 5905 1306 5934 ’τ
1339 5901 1380 5956 ll
1411 5903 1539 5975 Reg.
1577 5904 1652 5957 is.

2310 4705 2678 4776 ἐφελκύσηται
2710 4707 2847 4776 πρὸς
2878 4707 3089 4774 πίστιν,
3109 4708 3376 4778 ἐκήρυττε
3401 4707 3494 4761 τὸν
3517 4708 3899 4780 θεραπευτήν-

2309 4799 2356 4850 εί
2401 4797 2456 4850 δὲ
2504 4799 2703 4851 ἐκεῖνοι
2758 4798 2980 4852 ἐδίωκον
3021 4800 3113 4852 τὸν
3169 4801 3504 4872 εὐεργέτην,
3569 4801 3802 4854 ἐκείνων
3849 4802 3900 4852 τὲ

2310 4890 2582 4960 ἔγκλημα.
2613 4892 2742 4945 Νόει
2766 4893 2822 4945 δέ
2849 4911 2938 4963 μοι
2974 4893 3323 4965 προϐατικὴν
3352 4894 3778 4965 κολυμϐήθραν,
3810 4896 3900 4960 τὴν

2308 4981 2404 5035 τοῦ
2455 4983 2832 5053 βαπτίσματος
2863 4989 3043 5055 χάριν,
3089 4988 3144 5038 ἐν
3192 4981 3314 5057 ᾖτὸ
3344 4985 3488 5058 ὑπὲρ
3529 4985 3694 5056 ἡμῶν
3749 4985 3898 5038 τυθὲν

2309 5077 2583 5148 πρόϐατον
2608 5077 2818 5146 Ἰησοῦς
2861 5080 2887 5130 6
2931 5078 3171 5150 Κύριος,
3218 5078 3426 5150 ἐπλύθη
3487 5079 3896 5149 βαπτισόμενος

2309 5172 2448 5242 ὑπὲρ
2472 5171 2649 5242 ἡμῶν.
2675 5173 2843 5223 Πέντε
2873 5171 2928 5224 δὲ
2956 5172 3114 5234 στοὰς
3139 5171 3251 5243 ἔχει
3278 5170 3420 5240 αὕτη
3448 5173 3483 5241 ἡ
3515 5170 3892 5242 κολυμϐήθρα.

2309 5266 2374 5317 Ai.
2400 5263 2507 5333 γὰρ
2536 5265 2798 5334 τέσσαρες
2826 5264 3042 5336 ἀρεταὶ,
3074 5266 3167 5318 καὶ
3197 5267 3256 5317 τδ
3280 5265 3622 5335 θεωρητικὸν
3674 5265 3770 5318 καὶ
3823 5265 3894 5315 δ’.-

2309 5356 2600 5426 γματικὸν,
2633 5354 2710 5425 τῷ
2735 5354 3071 5426 βαπτίσματι
3098 5356 3584 5430 συνεμφαίνονται.
3633 5356 3700 5408 ’11
3733 5356 3893 5407 τοίνυν

2311 5447 2626 5518 ἀνθρωπίνη
2659 5448 2843 5514 φύσις.
2875 5444 2964 5501 οἷά
2987 5466 3066 5512 τις
3091 5448 3427 5518 παράλυτος.
3458 5449 3645 5512 πάσας
3674 5451 3770 5511 τὰς

2311 5544 2469 5612 χικας
2495 5539 2760 5610 δυνάμεις
2788 5540 3113 5611 παρεθεῖσα,
3145 5541 3440 5594 κατέκειτο
3483 5545 3782 5611 τριάκοντα
3812 5539 3888 5590 καὶ

2311 5631 2591 5702 ὀκτὼ.ἒτη
2635 5629 2888 5684 νοσοῦσα.
2932 5630 3071 5684 Οὐτε
3121 5631 3232 5704 γὰρ
3267 5633 3325 5684 ἐν
3346 5635 3413 5703 τῇ
3457 5635 3540 5697 εἰς
3576 5632 3783 5704 Τριαδα
3815 5629 3889 5681 πί·

2312 5743 2425 5780 στει
2448 5725 2614 5790 ὐγιῶς
2649 5721 2816 5795 εἶχεν,
2847 5723 2970 5778 οὐτε
2997 5724 3182 5794 ὃγδοον
3205 5725 3398 5791 αἰῶνα,
3428 5725 3738 5779 ἀνάστασιν
3764 5721 3886 5789 λέγω
