4078 6330
624 295 758 359 31367

1511 294 1818 355 'I'lil-lill’il
1834 297 1964 355 ΗΔ
1979 296 2095 354 il'l‘l
2139 292 2552 354 UULGARLE
2593 296 2796 357 ARCII
2811 295 2953 358 ιΕιτ.

3753 297 3884 362 1'263

623 409 972 465 Providentia
1006 417 1054 464 et
1095 409 1145 462 in
1193 407 1435 463 Sabbato
1473 421 1568 461 sua
1605 421 1883 478 operatur.
1919 408 2094 478 Atque
2128 411 2198 463 ita

2308 406 2372 460 τὰ
2395 409 2570 462 οἰκεῖα
2603 411 2838 480 ἐνεργεῖ.
2886 410 3048 464 Ὥστε
3081 411 3202 465 επεὶ
3250 412 3278 465 6
3312 411 3499 482 [ἰατὴρ
3560 411 3884 482 ἐργάζεται,

620 504 747 572 quia
779 503 939 557 Pater
964 511 1239 572 operatur,
1275 511 1327 555 ct
1363 500 1414 554 in
1453 499 1693 556 Sabbalo
1746 510 2055 556 creaturam
2097 517 2194 569 gu-

624 599 669 650 b.
692 605 837 659 ruat,
866 593 1056 647 merito
1090 603 1145 648 et
1179 608 1300 664 ego,
1347 593 1544 664 inquit,
1578 593 1755 648 Filius
1803 591 1921 661 ejus
1974 608 2191 663 operor.

622 689 692 743 At
738 687 808 741 illi
855 685 1052 740 invidia
1100 689 1360 757 correpti,
1400 686 1713 758 quaerebant
1756 701 1877 742 enm
1923 687 2192 752 occidere,

626 797 732 834 non
787 780 961 836 solum
987 780 1130 851 quod
1159 779 1734 845 solverctSabbatum,
1769 779 1862 834 sed
1893 790 1946 834 et
1977 778 2194 834 Patrem

622 886 778 925 suum
814 871 1024 926 diceret
1052 870 1243 936 Deum,
1275 869 1540 941 aequalem
1579 884 1638 925 se
1668 869 1875 925 faciens
1901 870 2030 924 Deo.
2059 868 2194 923 Nam

624 965 746 1034 quia
768 979 826 1020 se
850 963 1046 1019 Filium
1077 964 1307 1030 dicebat,
1331 962 1857 1020 necessariohonore
1880 978 1938 1018 se
1966 963 2198 1018 faciebat

623 1075 804 1159 pag-em
841 1060 966 1115 Deo.
994 1058 1184 1114 Omnis
1219 1059 1362 1115 enim
1399 1057 1538 1113 filius
1589 1057 1832 1128 ejusdem
1885 1069 2092 1111 natura!
2113 1064 2197 1110 est

624 1147 743 1205 cu'm
785 1161 956 1218 patre.
1002 1149 1101 1206 Ubi
1136 1151 1236 1205 hoc
1264 1150 1381 1203 loco
1413 1159 1498 1204 est
1520 1147 1979 1218 Arius?profecto
2023 1162 2197 1202 eaet-us

628 1243 801 1296 far-tus
855 1253 937 1297 est
991 1243 1134 1298 circa
1193 1244 1397 1296 lumen.
1447 1242 1640 1296 Filium
1705 1242 1847 1296 enim
1912 1240 2198 1294 nominans

626 1334 906 1391 tjhristum
933 1332 1136 1402 Patris,
1163 1350 1268 1390 non
1302 1336 1394 1390 dat
1415 1336 1460 1391 ei
1488 1336 1630 1404 quod
1668 1334 1913 1388 eamdem
1946 1344 2195 1387 naturaut

627 1428 822 1482 haheat
873 1442 997 1488 cum
1034 1425 1223 1491 Patre,
1268 1429 1361 1482 sed
1411 1436 1720 1482 creaturam
1756 1424 1984 1480 inereati
2020 1423 2198 1479 Patris

625 1519 818 1573 l-‘ilium
862 1519 1100 1575 fatetur:
1133 1519 1345 1574 tametsi
1400 1517 1482 1572 vel
1538 1515 1757 1572 .Iudmos
1806 1516 2094 1585 Oportebat
2142 1516 2196 1569 in

627 1613 912 1683 magistros
953 1626 1256 1673 assumere,
1288 1610 1376 1680 qui
1413 1621 1634 1679 propter
1663 1610 1762 1664 hoc
1803 1609 2199 1677 persequeban-

625 1716 713 1758 tur
763 1704 1064 1767 Dominum,
1099 1702 1242 1773 quod
1287 1717 1346 1756 se.
1390 1702 1584 1757 Filium
1624 1702 1831 1756 diceret
1883 1700 1975 1756 Dei
2011 1718 2026 1753 :
2057 1701 2198 1754 unde

2307 501 2400 556 καὶ
2435 502 2493 554 ὲν
2521 501 2785 574 Σαϐϐάτῳ
2806 503 2905 575 τὴν
2936 503 3117 558 κτίσιν
3141 502 3495 574 διακυϐερνᾷ,
3544 503 3776 568 εἰκότως
3797 506 3888 557 κά·

2305 593 2406 662 γὼ,
2447 594 2634 664 φησιν,
2663 598 2692 649 6
2723 594 2851 659 Tib;
2875 594 3040 650 αὐτοῦ
3079 594 3407 667 ἐργάζομαι.
3432 596 3498 650 Ol
3526 595 3607 661 δὲ,
3629 595 3886 662 διατηκὸη

2309 700 2460 755 μενοι
2487 684 2564 756 τῷ
2593 685 2800 758 φθόνῳ,
2833 686 3062 756 ἐζήτουν
3096 687 3261 740 αὐτὸν
3293 687 3638 748 ἀποκτεῖναι,
3692 687 3755 739 οὐ
3793 686 3889 755 μό-

2305 790 2414 839 νον,
2471 774 2552 829 ὄτι
2599 775 2726 829 ἔλυε
2779 776 2842 831 τὸ
2875 776 3191 843 Σάδδατον,
3249 777 3366 831 ἀλλ’
3400 778 3483 832 ὅτι
3537 780 3633 832 καὶ
3667 777 3889 849 Πατέρα

2305 868 2470 922 αὐτοῦ
2505 867 2658 937 ἔλεγε
2689 871 2783 923 τδν
2836 870 2991 937 Θεὸν,
3039 873 3154 925 ἴσον
3206 871 3400 926 ἑαυτὸν
3439 871 3616 924 noqu
3645 870 3726 940 τῷ
3752 869 3888 941 Θεῷ.

2319 962 2475 1018 Ἐπεὶ
2502 965 2614 1035 γὰρ
2649 965 2775 1017 Υίδν
2818 964 3002 1034 ἔλεγεν
3029 965 3245 1030 ἑαυτὸν,
3291 964 3612 1033 ἀναγκαίως
3649 965 3893 1034 ισότιμον

2306 1056 2481 1110 ἐποίει
2516 1057 2708 1110 ἑαυτὸν
2736 1056 2810 1128 τῷ
2840 1057 2959 1126 Θεῷ
2980 1073 2995 1087 ·
3029 1059 3136 1122 πᾶς
3157 1058 3268 1129 γὰρ
3291 1057 3406 1122 υίὸς
3427 1057 3527 1127 τῆς
3560 1054 3741 1124 αὐτῆς
3777 1056 3892 1108 ἔστι

2305 1150 2522 1218 φύσεως
2548 1149 2624 1220 τῷ
2661 1151 2851 1222 πατρί.
2907 1150 3020 1205 Ποῦ
3067 1152 3284 1220 ⁸Ἄρειος
3341 1149 3612 1217 ὲνιαῦθα;
3687 1151 3895 1209 Ὄντως

2305 1243 2645 1314 τετύφλωται
2679 1246 2807 1316 περὶ
2847 1244 2908 1299 τὸ
2946 1244 3083 1316 φῶς.
3144 1245 3270 1300 Υίὸν
3310 1246 3419 1316 γὰρ
3470 1242 3763 1314 ὀνομάζων
3807 1243 3898 1295 τὸν

2305 1337 2541 1406 Χριστὸν
2568 1338 2663 1391 τοῦ
2698 1337 2928 1408 Πατρδς,
2983 1338 3083 1392 οὐκ
3132 1339 3304 1392 ἐδίδου
3358 1337 3507 1409 αὐτῷ
3543 1336 3607 1390 τὸ
3638 1338 3738 1390 καὶ
3797 1333 3896 1402 τὴν

2305 1428 2476 1498 αὐτὴν
2529 1428 2690 1498 φύσιν
2730 1429 2878 1499 ἔχειν
2910 1428 2989 1500 τῷ
3021 1431 3218 1502 Πατρὶ,
3254 1428 3390 1483 ἀλλά
3419 1427 3628 1499 κτίσμα
3675 1427 3770 1480 τὸν
3801 1425 3893 1480 τοῦ

2304 1519 2561 1574 ἀκτὶστου
2609 1521 2824 1594 [ἰατρὸς
2871 1522 2998 1576 Ttbv
3034 1523 3330 1594 ὡμολόγει.
3373 1522 3567 1577 Καίτοι
3599 1519 3893 1583 Ἰουδαίους

2306 1613 2437 1680 γοῦν
2494 1611 2600 1667 ἔδει
2657 1613 3012 1678 διδασκάλους
3066 1614 3426 1685 παραλαϐεῖν,
3488 1614 3539 1668 οἳ
3587 1613 3680 1667 διὰ
3735 1612 3896 1666 τοῦτο

2306 1703 2528 1758 ἐδίωκον
2561 1704 2654 1759 τὸν
2684 1706 2909 1777 Κύριον,
2946 1707 3031 1760 ὅτι
3057 1706 3194 1760 Υίδν
3225 1705 3418 1760 ἑαυτὸν
3445 1705 3598 1774 ελεγε
3619 1702 3717 1758 τοῦ
3731 1703 3892 1759 Θεοῦ.

626 1797 934 1851 necessario
977 1795 1302 1864 colligebant
1351 1794 1495 1866 quod
1549 1793 1774 1863 aequalis
1836 1802 1982 1848 esset
2039 1791 2191 1846 Deo:

2313 1791 2650 1863 ’Δναγκαίως
2681 1796 2792 1865 γὰρ
2823 1797 3105 1868 συνήγετο,
3141 1797 3234 1850 καὶ
3275 1795 3392 1861 ῐσος
3417 1791 3559 1850 εἶναι
3586 1793 3713 1866 Θεῷ
3736 1810 3751 1824 ·
3775 1794 3897 1846 ἐπεὶ

626 1887 879 1951 quoniam
909 1886 1012 1940 nisi
1053 1899 1241 1955 magna
1282 1885 1472 1940 fuisset
1500 1884 1624 1938 Filii
1659 1884 1899 1959 dignitas
1956 1891 2008 1937 et
2043 1882 2203 1938 fecis-

625 1990 708 2034 Sel
745 1994 804 2034 se
834 1977 1096 2048 aequalem
1133 1977 1261 2044 Deo,
1286 1992 1453 2047 quare
1487 1975 1756 2046 persecuti
1789 1974 2019 2030 fuissent
2053 1974 2200 2028 illum

626 2069 834 2128 Iudaei?

700 2165 862 2222 Vens.
890 2163 1076 2221 lii-il.
1103 2183 1120 2214 ι
1147 2163 1444 2233 Respondit
1466 2162 1648 2232 itaque
1665 2159 1820 2218 Jesns
1842 2170 1896 2218 et
1921 2161 2056 2216 dixit
2079 2162 2158 2215 eis
2186 2179 2197 2213 :

626 2260 817 2324 Amen,
852 2271 1009 2311 amen
1041 2255 1165 2312 dico
1197 2254 1373 2319 vobis,
1398 2269 1506 2308 non
1541 2261 1718 2322 potest
1751 2252 1922 2306 Filius
1954 2251 2135 2306 facere
2175 2267 2202 2302 a

624 2363 684 2404 se
736 2347 1034 2420 quidquam
1093 2347 1196 2401 nisi
1234 2345 1378 2415 quod
1410 2344 1606 2399 viderit
1639 2342 1856 2398 Patrem
1887 2342 2200 2398 facientem.

626 2445 975 2509 Qnmcunque
1013 2437 1157 2493 enim
1194 2437 1284 2493 ille
1311 2436 1522 2502 fecerit,
1555 2436 1665 2491 haec
1696 2435 1878 2490 itidem
1927 2444 1983 2490 et
2031 2433 2202 2489 Filius

625 2534 777 2588 facit.
805 2531 966 2588 Pater
990 2531 1133 2586 enim
1176 2511 1353 2599 diligit
1400 2525 1619 2593 Filium,
1658 2536 1713 2582 et
1763 2529 1944 2584 omnia
1974 2529 2198 2582 demon-

623 2635 761 2682 strat
789 2625 838 2681 ei
877 2638 998 2694 qua:
1031 2625 1148 2691 ipse
1179 2619 1310 2676 facit
1334 2637 1354 2677 :
1380 2629 1434 2676 et
1461 2619 1664 2690 majora
1684 2621 1769 2674 his
1807 2618 2202 2674 demonstrabit

625 2719 673 2773 ri
705 2733 897 2788 opera,
931 2726 989 2772 ut
1018 2731 1112 2771 vos
1141 2715 1434 2770 miremini.
1486 2712 1637 2767 Sicut
1662 2713 1806 2769 enim
1836 2712 1998 2764 Pater
2029 2710 2204 2764 suscio

627 2813 704 2860 tat
746 2815 990 2859 mortuos
1043 2813 1098 2858 et
1159 2803 1419 2867 vivificat,
1479 2802 1560 2856 sic
1615 2812 1671 2855 et
1698 2798 1866 2854 Filius
1912 2815 2049 2870 quos
2093 2799 2205 2854 vult

622 2897 881 2954 vivifit‘at.
918 2915 937 2948 ι
988 2925 1039 2937 -
1068 2913 1087 2946 ι
1116 2894 1235 2948 Νοη
1285 2903 1463 2966 potest
1485 2892 1656 2949 Filius
1713 2909 1743 2946 a
1787 2894 1968 2963 scipso
2024 2892 2202 2948 facere

626 2989 829 3061 aliquid
863 3007 882 3040 ι
922 2988 1220 3044 secundum
1269 2987 1411 3057 quod
1443 2985 1577 3041 nihil
1614 2985 1846 3040 alienum
1881 2985 1966 3040 vel
2000 2999 2198 3040 novum

626 3083 790 3140 habet
816 3070 977 3154 573
1007 3096 1034 3133 a
1073 3081 1252 3147 Patro,
1277 3081 1368 3134 sed
1403 3094 1496 3149 per
1527 3079 1707 3132 omnia
1741 3077 1932 3132 similis
1983 3086 2068 3132 est
2097 3075 2197 3131 Pa-
2227 3112 2270 3170 Ο

625 3175 695 3230 tri
729 3187 945 3245 :neque
993 3172 1155 3227 aliam
1211 3171 1374 3225 habet
1422 3169 1811 3232 substantiam,
1843 3180 1901 3223 nt
1941 3177 1995 3224 et
2037 3169 2199 3222 aliam

623 3268 884 3324 virtutem
938 3266 1166 3330 habeat,
1196 3274 1250 3319 et
1275 3277 1669 3334 consequenter
1731 3264 1891 3318 aliam
1932 3262 2204 3332 operatio-

630 3377 752 3416 nem
781 3378 797 3427 ;
830 3360 920 3416 sed
954 3360 1080 3430 quia
1109 3357 1354 3412 eamdem
1409 3359 1570 3412 habet
1620 3356 2006 3416 substantiam,
2055 3370 2204 3408 eam-

623 3457 745 3509 dem
780 3455 944 3509 habet
967 3461 1019 3507 et
1048 3453 1302 3507 virtutem
1339 3468 1354 3518 ;
1389 3460 1439 3504 et
1461 3460 1682 3520 propter
1703 3450 1804 3502 huc
1828 3449 1988 3502 etiam
2015 3447 2200 3500 eadem

625 3557 908 3618 operatur,
954 3557 1007 3600 et
1041 3561 1146 3599 non
1179 3554 1356 3613 poteSt
1395 3543 1539 3598 aliud
1592 3544 1722 3612 quid
1775 3544 1957 3597 facere
2008 3550 2204 3611 praeter

625 3645 675 3696 id
699 3640 842 3709 quod
864 3636 1023 3691 Pater
1055 3636 1204 3691 facit.
1226 3634 1340 3688 Non
1371 3636 1514 3688 enim
1543 3634 1703 3688 aliaat
1732 3634 1986 3688 virtutem
2019 3633 2198 3693 habet,

628 3734 713 3787 vel
776 3729 1115 3788 inferiorem,
1149 3725 1600 3796 veLsuperiorcm
1665 3733 1925 3793 paterna;
1965 3724 2058 3776 sed
2099 3737 2200 3776 una

625 3836 710 3881 est
741 3825 1072 3886 substantia,
1108 3837 1211 3874 una
1255 3820 1447 3885 virtus,
1494 3833 1594 3870 una
1641 3814 1882 3882 operatio
1932 3812 2111 3866 Patris
2150 3822 2204 3866 et

625 3920 769 3974 Filii.
803 3918 1077 3982 Profecto,
1115 3915 1309 3983 inquit,
1341 3912 1433 3966 sed
1486 3910 1649 3963 Pater
1688 3907 1841 3977 quasi
1869 3910 2058 3961 «loetor
2090 3907 2205 3973 qni-

624 4015 747 4066 dam
788 4020 872 4065 est
906 4008 1049 4074 Filii,
1092 4004 1492 4076 quodammodo
1538 4002 1586 4054 ei
1633 4001 2019 4053 demonstrans
2071 4013 2204 4066 quo-

624 4106 790 4160 modo
822 4109 1072 4170 oporteat
1099 4097 1335 4168 operari.
1365 4095 1500 4148 Nam
1535 4093 1634 4146 nisi
1671 4090 1842 4144 Filius
1879 4090 2070 4145 viderit
2100 4088 2202 4142 Pa-

625 4211 762 4252 trem
799 4194 1107 4255 facientem,
1143 4187 1274 4243 nihil
1329 4184 1486 4239 facit.
1520 4184 1688 4255 Igitur
1743 4183 2018 4253 interrogo
2072 4181 2199 4236 talia

627 4297 894 4357 uagantes
953 4283 1139 4338 Arium
1197 4289 1252 4334 et
1307 4275 1663 4340 Euztomium,
1717 4275 1987 4342 quentodo
2045 4275 2203 4328 docet

628 4381 785 4435 Pater
846 4374 1080 4432 Filium?
1118 4375 1168 4427 iu
1225 4371 1512 4441 sapientia,
1561 4370 1641 4423 vel
1689 4366 2095 4422 uon?0mnino
2142 4365 2200 4419 in

2303 1887 2352 1938 εἰ
2389 1885 2468 1958 μὴ
2495 1886 2640 1958 μέγα
2669 1883 2738 1958 ἦν
2755 1888 2816 1942 τὺ
2833 1886 2928 1942 τοῦ
2960 1887 3088 1942 Υίοῢ
3111 1887 3353 1958 ἀξίωμα,
3382 1887 3478 1942 καὶ
3501 1889 3582 1953 είς
3607 1887 3727 1941 ῐσον
3757 1880 3893 1958 ἦγεν

2305 1975 2494 2031 διυτδν
2523 1975 2600 2045 τῷ
2632 1976 2772 2047 θεῷ,
2805 1977 2948 2041 τίνος
2973 1978 3160 2033 ἕνεκεν
3183 1977 3407 2032 ἐδίωκον
3427 1977 3594 2032 αὐτόν
3617 1994 3634 2043 ;

2387 2172 2405 2203 ι
2433 2153 2790 2222 Ἀπεκρίνατο
2807 2152 2938 2207 οὒνδ
2951 2152 3178 2225 Ἰησοῦς,
3197 2147 3292 2207 καὶ
3302 2148 3454 2226 εἴπεν
3465 2153 3676 2216 αὐτοῖς*
3698 2150 3891 2222 ’Δμὴνν

2304 2243 2454 2316 ἀμὴν
2482 2244 2624 2314 λέγω
2652 2245 2802 2316 ὑμῖν,
2829 2246 2888 2299 οὐ
2916 2245 3142 2300 δύναται
3169 2249 3197 2300 6
3220 2247 3347 2312 Tib;
3370 2248 3547 2303 ποιεῖν
3569 2247 3667 2316 ἀφ’
3698 2245 3892 2300 ἑαυτοῦ

2303 2337 2476 2402 οὐδὲν,
2519 2338 2615 2391 ἐὰν
2670 2339 2828 2410 μήτι
2881 2339 3055 2412 βλέπῃ
3091 2340 3184 2394 τδν
3226 2341 3453 2413 Πατέρα
3503 2339 3792 2397 ποιοῦντα.
3831 2341 3896 2395 ’Δ

2304 2431 2413 2502 γὰρ
2439 2429 2506 2485 ἂν
2525 2430 2734 2497 ἐκεῖνος
2756 2434 2908 2503 ποιῇ,
2937 2433 3114 2487 ταῦτα
3149 2433 3246 2488 καὶ
3281 2434 3310 2489 δ
3331 2433 3461 2498 Tib;
3487 2432 3696 2504 ὁμοίως
3731 2435 3895 2489 ποιεῖ.

2315 2523 2373 2578 '0
2397 2523 2504 2597 γὰρ
2534 2524 2722 2596 Πατὴρ
2748 2525 2895 2595 φιλεῖ
2929 2526 3021 2579 τὸν
3049 2525 3202 2592 lev,
3253 2526 3349 2579 καὶ
3388 2524 3573 2580 πάντα
3617 2524 3898 2578 δείκνυσιν

2304 2615 2472 2687 αὐτῷ,
2498 2616 2534 2670 ἃ
2558 2617 2722 2680 αὐτὸς
2743 2620 2905 2685 ποιεῖ,
2931 2618 3026 2672 καὶ
3045 2617 3269 2688 μείζονα
3298 2615 3500 2671 τούτων
3526 2616 3700 2681 δείξει
3745 2615 3893 2686 αὐτῷ

2305 2706 2463 2778 ἔργα,
2483 2708 2570 2761 ἵνα
2591 2709 2746 2778 ὑμεῖς
2770 2705 3328 2780 θαυμάζητε.Ὥσπερ
3350 2707 3462 2778 γὰρ
3482 2709 3510 2762 6
3539 2707 3738 2778 Πατὴρ
3754 2705 3899 2776 ιγεί-

2309 2815 2390 2870 ρει
2418 2798 2544 2862 τοὺς
2573 2800 2825 2870 νεκροὺς,
2857 2799 2954 2852 καὶ
2980 2780 3269 2864 ζωοποιεῖ·
3293 2796 3548 2852 οὕτωκαὶ
3575 2800 3604 2851 6
3629 2797 3788 2864 Υίδς,
3806 2795 3897 2860 οὓς

2307 2888 2450 2942 θέλει
2467 2889 2738 2954 ζωοποιεῖ.
2754 2908 2878 2942 ›-ι
2891 2890 2964 2944 Οὐ
2981 2890 3205 2946 δύναται
3217 2893 3244 2944 6
3256 2890 3384 2954 Tib;
3396 2875 3571 2946 ποιεῖν
3587 2889 3686 2959 ἀφ’
3702 2889 3896 2945 ἑαυτοῦ

2304 2981 2512 3047 οὖδὲν,ι
2546 2982 2681 3037 καθὸ
2711 2982 2866 3037 οὐδὲν
2907 2983 3212 3054 ἀλλότριον,
3231 2982 3350 3036 οὐδὲ
3382 2982 3533 3049 ξένον
3553 2981 3651 3035 τοῦ
3682 2983 3896 3054 Πίερος

2304 3077 2440 3148 ἔχει,
2475 3076 2611 3133 ἀλλὰ
2637 3077 2814 3132 πάντα
2845 3077 2989 3132 ἔοικε
3005 3077 3082 3149 τῷ
3108 3077 3284 3150 Πατρί
3306 3094 3320 3108 ·
3354 3078 3450 3132 καὶ
3469 3077 3570 3131 οὐκ
3590 3076 3764 3148 ἄλλην
3787 3079 3895 3147 εχει

2311 3169 2523 3237 οὐσίαν,
2560 3170 2646 3223 ἵνα
2676 3171 2774 3225 καὶ
2812 3169 2980 3241 ἄλλην
3009 3165 3240 3242 δύναμιν
3271 3169 3391 3243 ἔχῃ,
3443 3170 3539 3223 καὶ
3581 3169 3896 3233 ἀκολούθως

2311 3263 2480 3333 ἄλλην
2525 3263 2808 3332 ἐνέργειαν
2832 3279 2844 3292 ·
2889 3261 3004 3316 ἀλλ’
3037 3263 3160 3316 ἐπεὶ
3187 3263 3288 3333 τὴν
3317 3262 3490 3330 αὐτὴν
3521 3260 3634 3334 ἔχει
3682 3262 3890 3326 οὐσίαν,

2311 3355 2410 3423 τὴν
2445 3355 2618 3424 αὐτὴν
2659 3354 2775 3425 ἔχει
2814 3355 2911 3409 καὶ
2964 3355 3221 3425 δύναμιν.
3263 3356 3362 3410 Διὰ
3391 3355 3552 3410 τοῦτο
3583 3355 3641 3410 δὲ
3691 3355 3788 3409 καὶ
3828 3355 3893 3408 τὰ

2312 3449 2451 3502 αὐτὰ
2482 3449 2717 3517 ἐνεργεῖ,
2749 3448 2845 3502 καὶ
2879 3449 2940 3502 οὐ
2975 3448 3202 3504 δύναται
3233 3449 3360 3505 ἄλλο
3389 3467 3440 3504 τι
3472 3449 3727 3520 ποιῆσαι,
3765 3452 3892 3514 παρ’

2310 3541 2338 3593 ὅ
2364 3543 2392 3595 6
2429 3541 2622 3611 Πατὴρ
2656 3543 2822 3593 ποιεῖ.
2858 3541 2932 3594 Οὐ
2959 3541 3070 3611 γὰρ
3092 3541 3263 3612 ἄλλην
3295 3539 3525 3611 δύναμιν
3548 3542 3667 3612 ἔχει
3703 3543 3738 3612 ἢ
3766 3542 3893 3594 ὑπο·

2310 3633 2686 3704 δεεστέραν,ῆ
2746 3633 3055 3705 ὑπερτέραν
3088 3634 3187 3704 τῆς
3241 3634 3548 3704 πατρικῆςο
3604 3633 3745 3688 ἀλλὰ
3799 3635 3893 3704 μία

2310 3727 2488 3792 οὐσία,
2543 3726 2642 3797 μία
2693 3725 2946 3796 δύναμις,
2992 3725 3092 3797 μία
3126 3728 3380 3797 ἐνέργεια
3420 3725 3602 3797 Ila-rp!
3632 3726 3730 3780 καὶ
3757 3726 3890 3796 Υίῷ.

2311 3819 2442 3884 Nai,
2467 3820 2652 3888 φησὶν,
2683 3818 2799 3872 ἀλλ’
2844 3812 2956 3872 οἷόν
2999 3836 3083 3882 τις
3111 3816 3435 3882 διδάσκαλός
3474 3820 3625 3872 ἐστιν
3648 3821 3678 3872 ὁ
3708 3820 3895 3888 Πατὴρ

2311 3913 2406 3965 τοῦ
2460 3911 2613 3975 Υἱοῢ,
2645 3910 3017 3965 ὑποδεικνύων
3056 3910 3228 3981 αὐτῷ,
3279 3911 3398 3975 πῶς
3425 3911 3507 3963 δεῖ
3535 3909 3890 3981 ἐργάζεσθαι.

2324 4006 2454 4058 Ἐὰν
2483 4005 2592 4073 γὰρ
2625 4005 2699 4076 μὴ
2733 4003 2908 4076 βλέπῃ
2949 4002 3042 4057 τὸν
3090 4002 3315 4073 Πατέρα
3359 4004 3388 4056 6
3435 4001 3564 4066 Tib;
3609 4001 3892 4064 ποιοῦντα,

2310 4097 2465 4152 οὐδὲν
2511 4099 2673 4152 ποιεῖ.
2728 4093 2941 4151 Οὐκοῦν
2967 4096 3159 4166 ἐρωτῶ
3210 4098 3429 4168 Ἀρειον
3473 4095 3571 4149 καὶ
3605 4095 3891 4165 Εὐνόμιον,

2308 4192 2436 4254 τοὺς
2485 4189 2659 4258 ταῦτα
2697 4188 3023 4261 ληροῦντας,
3076 4191 3196 4254 πῶς
3219 4188 3464 4242 διδάσκει
3511 4189 3541 4242 6
3579 4188 3773 4258 Πατὴρ
3806 4189 3891 4240 τὸν

2312 4284 2441 4337 Υἱόν
2469 4301 2485 4352 ;
2517 4285 2609 4336 'Ev
2637 4283 2822 4354 σοφίᾳ,
2854 4282 2888 4353 ἢ
2919 4281 2979 4336 οὗ
3010 4282 3273 4348 ;Πάντως
3306 4284 3364 4336 ἑν
3409 4281 3594 4353 σοφία.
3631 4281 3733 4344 Τίς
3773 4280 3832 4335 δὲ
3858 4282 3888 4349 ὴ

2312 4375 2476 4446 σοφία
2500 4374 2594 4428 τοῦ
2625 4374 2798 4441 Θεοῦ;
2829 4368 2958 4444 'Ap‘
3001 4375 3122 4446 οὐχὶ
3147 4375 3175 4428 6
3200 4374 3356 4441 TI6;;
3407 4374 3515 4427 Nai.
3557 4373 3800 4436 πάντως.
3835 4371 3891 4425 '0

625 4471 914 4543 sapientia.
951 4471 1081 4536 Quae
1125 4476 1303 4521 autem
1355 4463 1620 4532 sapientia
1682 4461 1809 4516 Dei?
1847 4460 2032 4514 Nonne
2089 4460 2200 4527 ipse

2313 4469 2443 4532 Tib;
2471 4467 2579 4540 ἄρα
2607 4467 2850 4522 διδάσκει
2881 4466 3102 4523 ἑαυτόν.
3137 4467 3314 4522 Βαόαὶ
3338 4467 3440 4537 τῆς
3474 4464 3662 4528 ἀνοίας
3700 4450 3888 4535 ΰμῶνί

630 4567 794 4620 Filius
810 4563 1025 4618 ?.Etiam
1051 4558 1311 4629 profecto.
1338 4555 1523 4624 Itaque
1547 4553 1710 4608 Filius
1740 4557 1896 4608 docet
1937 4552 2200 4622 scipsum.

629 4662 785 4728 Papae
846 4663 1047 4725 quanta
1103 4659 1282 4707 vestra
1334 4649 1676 4718 insipientia!
1711 4645 1990 4716 Siquidem
2047 4646 2201 4715 quasi

630 4765 852 4819 puerum
871 4747 1153 4818 quemdam
1183 4744 1398 4800 traditis
1430 4742 1570 4796 Patri
1603 4741 1796 4796 Filiqu
1823 4741 2198 4795 erudiendum.

631 4846 740 4914 ligo
780 4853 960 4897 autem
996 4855 1116 4894 cum
1152 4837 1244 4891 Dei
1275 4835 1538 4906 sapientia
1569 4848 1776 4896 assero,
1804 4832 1850 4886 si
1879 4833 2006 4903 quid
2034 4831 2204 4887 movit

626 4938 786 4991 Pater
817 4950 922 4989 non
953 4933 1069 4988 sine
1104 4930 1242 4984 Filio
1275 4929 1463 4983 movit.
1497 4926 1612 4997 Ipse
1646 4927 1788 4980 enim
1822 4936 1906 4980 est.
1936 4925 2201 4996 sapientia

623 5030 746 5097 eius
772 5045 782 5080 :
813 5027 857 5080 si
891 5026 1019 5092 quid
1057 5033 1232 5093 potest
1273 5022 1455 5089 Pater,
1486 5037 1588 5076 non
1625 5023 1743 5076 sine
1805 5017 1943 5073 Filio
2001 5028 2199 5088 potest.

627 5122 744 5189 Ipse
770 5117 914 5172 enim
944 5125 1028 5171 est
1058 5116 1175 5185 ejus
1206 5116 1467 5185 potentia.
1498 5115 1650 5180 Quod
1685 5123 1866 5167 autem
1909 5112 2023 5166 haec
2073 5125 2201 5164 vera

630 5213 759 5274 sint,
778 5210 902 5265 audi
927 5228 939 5262 :
962 5226 980 5260 ι
1006 5208 1142 5275 Quia
1175 5222 1513 5276 qumcunque
1534 5207 1663 5261 facit
1686 5205 1864 5271 Pater,
1885 5220 1948 5261 ea
1966 5203 2202 5260 etFiIius

629 5303 878 5358 similiter
901 5299 1046 5355 facit.
1090 5318 1108 5352 ι
1149 5297 1207 5354 Si
1239 5298 1399 5353 Pater
1421 5315 1542 5351 cum
1569 5309 1843 5368 potestate
1881 5306 1937 5353 et
1975 5301 2198 5364 virtute,

631 5405 682 5447 et
720 5393 889 5449 Filius
926 5393 1191 5448 similiter.
1230 5392 1343 5445 Non
1385 5392 1548 5459 igitur
1579 5390 1800 5446 inferior
1826 5393 1997 5449 Filius
2018 5394 2198 5448 Patre.

633 5486 780 5550 Qnozl
815 5493 993 5535 autem
1028 5483 1304 5536 humiliter
1333 5483 1476 5536 dicm
1507 5483 1638 5546 sint,
1676 5501 1696 5531 tt
1736 5481 1986 5538 Ostendit
2009 5487 2058 5539 ei
2083 5503 2200 5540 om-

631 5579 719 5630 nia
753 5591 766 5633 :
807 5595 823 5626 ι
863 5575 947 5636 Et,
982 5594 999 5625 ι
1041 5574 1236 5640 Maiora
1263 5574 1346 5627 his
1387 5576 1658 5636 ostendet,
1694 5593 1713 5626 ι
1747 5580 2199 5646 ιιοηοροτιειοιιο

634 5669 840 5719 mirari.
874 5665 1006 5720 Nam
1033 5669 1097 5718 ad
1125 5667 1369 5719 homines
1401 5666 1660 5734 loquitur,
1692 5669 1779 5735 qni
1813 5680 1998 5724 contra
2025 5672 2196 5740 ipsum

633 5763 955 5827 ti.at.;.:.'...;.tt,
1003 5768 1055 5814 et
1092 5772 1199 5828 piae
1252 5757 1454 5812 invidia
1509 5758 1939 5816 disseeaLaazur.
1982 5765 2041 5819 Et
2098 5766 2198 5821 nisi

2311 4561 2428 4629 οἵγε
2453 4561 2529 4624 ὡς
2563 4558 2734 4614 παῖδά
2771 4575 2896 4614 τινα
2924 4557 3288 4630 παραδιδόατε
3314 4557 3393 4629 τῷ
3433 4558 3613 4628 Πατρὶ
3637 4555 3732 4609 τὸν
3767 4554 3890 4609 Υίδν

2315 4655 2719 4726 μαθησόμενον.
2754 4651 2900 4722 Ἐγὼ
2946 4652 3003 4705 δὲ
3047 4652 3189 4722 μετὰ
3226 4653 3328 4722 τῆς
3373 4649 3468 4704 τοῦ
3513 4649 3648 4704 Θεοῦ
3700 4647 3889 4719 σοφίας

2310 4747 2707 4819 ἀποφαίνομαι,
2733 4747 2816 4799 ὅτι
2849 4747 2904 4798 εῐ
2925 4763 2977 4800 τι
3031 4741 3170 4800 οἶδεν
3198 4747 3225 4799 6
3250 4744 3461 4816 Πατὴρ,
3495 4745 3597 4798 οὐκ
3629 4743 3759 4797 ἄνευ
3795 4741 3887 4795 τοῦ

2312 4841 2445 4893 Υίοῦ
2477 4835 2618 4892 οἶδεν
2639 4855 2651 4868 ν
2702 4837 2865 4900 αὐτὸς
2919 4838 3030 4910 γάρ
3062 4839 3213 4892 ἐστιν
3245 4842 3279 4908 ὴ
3314 4838 3476 4907 σοφία
3506 4835 3698 4893 αὐτοῦ.
3744 4836 3813 4892 Εἴ
3839 4852 3888 4888 τι

2309 4929 2533 4983 δύναται
2568 4931 2596 4983 6
2621 4927 2833 4998 Πατὴρ,
2867 4927 2969 4982 οὑκ
2993 4929 3124 4984 ἄνευ
3144 4927 3239 4983 τοῦ
3270 4928 3401 4983 Υἱοῦ
3433 4927 3658 4982 δύναται
3678 4944 3694 4958 ο
3730 4928 3887 4990 αὐτὸς

2309 5023 2418 5095 γάρ
2447 5023 2594 5076 ἐστιν
2655 5059 2663 5092 ι
2699 5021 2931 5093 δύναμις
2964 5022 3151 5076 αὑτοῦ.
3190 5023 3310 5077 Ὀτι
3355 5021 3413 5076 δὲ
3458 5021 3639 5076 ταῦτα
3689 5022 3882 5093 ἀληθῆ,

2310 5117 2472 5171 ἄκουε
2497 5133 2511 5147 ο
2555 5135 2574 5167 ι
2620 5115 2688 5167 Ὅ
2720 5132 2773 5168 τι
2802 5116 2868 5168 ἂν
2895 5116 2923 5168 6
2954 5113 3144 5185 Πατὴρ
3183 5119 3336 5186 ποιῇ,
3365 5113 3544 5171 ταῦτα
3576 5115 3671 5168 καὶ
3708 5115 3738 5167 6
3766 5112 3886 5175 Tib;

2309 5207 2511 5279 ὁμοίως
2535 5207 2698 5261 ποιεῖ.
2737 5225 2756 5258 ι
2786 5207 2849 5258 Ei
2876 5208 2904 5259 6
2937 5206 3130 5277 Πατὴρ
3173 5207 3294 5277 μετ’
3325 5206 3577 5272 ἔξουσίας
3611 5206 3710 5260 καὶ
3732 5205 3884 5268 δυνά.-

2313 5319 2481 5372 μεως,
2515 5301 2612 5354 καὶ
2639 5304 2666 5354 6
2707 5300 2824 5363 Tib;
2858 5300 3082 5370 ὁμοίως.
3119 5301 3235 5355 Οὐκ
3271 5302 3378 5372 ἄρα
3429 5301 3822 5371 ὑποδεέστερος
3856 5302 3883 5352 6

2310 5395 2438 5459 Tib;
2464 5393 2561 5447 τοῦ
2597 5392 2832 5462 Πατρός.
2864 5393 2928 5446 El
2957 5393 3015 5445 δὲ
3045 5392 3320 5456 ταπεινῶς
3349 5394 3566 5464 εἴρηται
3589 5393 3671 5458 τὺ,
3719 5410 3739 5445 ι
3773 5391 3882 5445 Alio

2310 5503 2498 5542 κνυσιν
2531 5485 2681 5556 αὐτῷ
2721 5486 2919 5552 πάντα,
2964 5504 2982 5536 ι
3039 5484 3135 5562 καὶ
3171 5485 3253 5551 τὸ,
3310 5503 3329 5537 ι
3368 5487 3610 5550 Μείζονα
3680 5484 3879 5539 τούτων

2309 5583 2494 5648 δείξει,
2543 5600 2562 5633 ι
2618 5581 2678 5632 οὐ
2733 5579 2839 5650 γρὴ
2891 5577 3217 5648 θαυμάζειν.
3256 5579 3398 5650 "pb;
3427 5581 3535 5651 γὰρ
3565 5578 3880 5648 ἀνθρώπους

2309 5675 2612 5741 διαλέγεται
2642 5671 3102 5743 φωνοῦντας,κατ’
3130 5671 3317 5738 αὑτοῦ,
3349 5673 3444 5726 καὶ
3467 5670 3878 5742 διαπριομίνους

2311 5767 2389 5838 τῷ
2424 5765 2616 5835 ςῡόιῳ,
2663 5767 2765 5818 lia“.
2823 5767 2864 5817 tr?
2907 5767 2980 5836 τεὴ
3030 5765 3306 5836 πανταχοῦ
3340 5765 3661 5838 παρέπλεκε
3698 5763 3764 5819 τὰ
3791 5778 3878 5815 τα-
