4078 6330
226 324 365 391 Ῑίθθ

913 320 1363 384 ENAiiltATIO
1410 322 1489 385 IN
1527 321 2035 385 EVANGELIUM
2075 324 2426 389 JOANNIS.
2457 349 2525 365 -·
2564 326 2726 389 CAP.
2771 330 2835 391 V.

3405 324 3545 388 1270

226 440 395 494 πεινὲι
423 438 537 502 τοῖς
582 435 834 507 ὑψηλοῖς,
870 435 922 487 τί
951 435 1051 499 οὐκ
1089 436 1153 487 ἂν
1180 435 1423 496 ἐποίουν,
1453 433 1590 486 ὅπου
1640 446 1703 500 γε
1739 434 1831 483 καὶ

1947 434 2139 504 ultique
2187 436 2417 492 lmmilia
2477 435 2711 493 summis
2765 435 3204 501 interscrnisset,
3257 434 3388 505 quid
3439 451 3545 490 non

221 534 371 590 οὕτω
418 530 696 593 ταπεινῶς
746 530 813 583 τὰ
846 529 1019 581 πλείω
1068 527 1495 599 φθεγγομένου,
1546 526 1824 593 λυττῶσις

222 629 292 681 Τί
346 628 405 681 δέ
441 629 581 689 ἐστι,
634 623 713 688 τὸ,
752 640 769 673 ι
832 623 945 676 Καὶ
1005 620 1233 693 μείζονα
1295 620 1503 675 τούτων
1550 620 1757 687 δείξει;
1804 640 1822 672 ι

236 721 460 788 Ἐπειδὴ
511 716 830 788 παράλυτον
866 715 1116 786 ἔσφιγξε,
1176 714 1363 785 μέλλει
1410 715 1468 768 δὲ
1499 715 1595 769 καὶ
1631 713 1829 786 νεκρὸν

226 814 491 885 ἐγείρειν,
522 810 613 864 διὰ
638 808 802 863 τοῦτό
825 826 993 879 φησιν
1016 825 1029 839 ·
1059 808 1125 863 Ei
1176 806 1495 879 θαυμάζετε
1530 809 1614 861 ὅτι
1646 809 1830 878 παρά-

222 913 385 964 λυτον
423 907 553 977 ὑγιῆ
586 905 891 974 πεποίηκα,
930 902 1159 975 μείζονα
1193 902 1403 957 τούτων
1440 902 1663 973 δψεσθε.
1704 903 1829 958 Ὀτι

221 1002 281 1057 δὲ
314 1000 375 1055 τὺ
399 997 572 1065 δεῖξαι
600 1000 754 1069 ῥῆμα
774 998 1037 1051 ταπεινὸν
1055 997 1136 1063 ὃν,
1164 996 1288 1050 κατ’
1312 997 1628 1068 οἰκονομίαν
1649 992 1829 1062 εἶπεν,

222 1098 317 1150 ίνα
353 1093 454 1167 τὴν
488 1092 704 1166 μωρίαν
739 1090 924 1145 αὐτῶν
971 1090 1475 1163 παραμυθήσηται,
1514 1091 1679 1146 ἄκουε
1722 1090 1833 1145 τῶν

221 1190 449 1261 δερεξῆς,
508 1207 526 1241 ι
576 1186 667 1248 '0;
711 1185 822 1257 γὰρ
871 1185 899 1239 6
940 1185 1155 1259 Πατὴρ,
1211 1185 1400 1256 φησιν,
1451 1184 1663 1254 ἐγείρει
1705 1184 1832 1244 τοὺς

219 1283 479 1353 νεκροὺς,
523 1277 670 1333 οὕτω
716 1278 814 1331 καὶ
862 1277 891 1329 ὁ
945 1277 1077 1340 Υίδς
1138 1277 1233 1340 οὓς
1293 1276 1439 1331 θέλει
1492 1277 1771 1342 ζωοποιεῖ.
1809 1295 1827 1327 ι

236 1376 480 1447 Ἐγείρει
519 1372 620 1444 μὲν
654 1368 750 1427 οὖν
789 1372 819 1425 6
849 1371 1003 1435 Υἱὸς,
1052 1369 1248 1441 ῶσπερ
1286 1370 1315 1423 6
1356 1370 1569 1441 Πατὴρ,
1605 1370 1700 1423 καὶ
1744 1369 1834 1423 διὰ

223 1470 423 1523 τούτου
456 1467 704 1521 δείκνυσι
756 1466 818 1519 τὸ
871 1464 974 1534 τῆς
1014 1463 1302 1536 δυνάμεως
1357 1462 1789 1533 ἀπαράλλακτον
1816 1477 1829 1491 ο

224 1565 317 1618 διὰ
344 1564 401 1616 δὲ
424 1563 545 1627 τοῦ,
584 1580 603 1614 ι
645 1560 754 1625 Οὓς
784 1560 953 1625 θέλει,
987 1581 1005 1613 ι
1038 1561 1138 1630 τῆς
1170 1559 1424 1626 ἔξουσίας
1453 1557 1552 1628 τὴν
1586 1558 1831 1625 ἰσότητα.

224 1655 418 1710 Ταῦτα
446 1655 503 1709 δὲ
558 1656 739 1709 πάντα
778 1654 827 1706 οί
884 1653 986 1725 μὲν
1031 1652 1309 1723 Ἀρειανοὶ
1362 1650 1507 1717 κατὰ
1552 1650 1651 1718 τῆς
1700 1648 1834 1701 Υἱοῦ

224 1749 388 1823 δόξης
411 1748 881 1819 ὶκλαμϐἀνονται,
923 1747 973 1801 οἱ
1020 1746 1078 1801 δὲ
1113 1745 1393 1819 ὀρθόδοξοι
1437 1743 1583 1814 ὑπὲρ
1626 1743 1837 1814 ταύτης

222 1843 477 1915 νοοῦμεν.

302 1960 322 1993 ι
359 1939 496 1995 Οὑδὶ
552 1938 664 2009 γὰρ
719 1940 748 1992 6
783 1935 975 2007 Πατὴρ
1036 1936 1217 2006 κρίνει
1279 1934 1512 1999 οὐδένα,
1557 1932 1695 1986 ἀλλὰ
1736 1930 1839 2000 τὴν

225 2032 413 2104 κρίσιν
441 2034 627 2087 πᾶσαν
649 2030 854 2085 δέδωκε
880 2028 964 2101 τῷ
991 2028 1106 2099 Υίῷ
1127 2045 1141 2060 ο
1176 2028 1265 2083 ἵνα
1291 2030 1495 2091 πάντες
1521 2026 1727 2097 τιμῶσι
1745 2024 1837 2078 τὸν

225 2127 385 2195 Υίδν,
428 2124 615 2189 καθὼς
644 2124 850 2196 τιμῶσι
891 2112 1259 2196 τδνΠατὲρα.
1326 2123 1387 2176 Ὀ
1421 2120 1497 2192 μὴ
1527 2118 1705 2191 τιμῶν
1746 2118 1837 2173 τὸν

227 2220 381 2288 Υιδν,
431 2221 495 2275 οὐ
547 2220 688 2292 τιμᾷ
745 2219 839 2273 τὸν
890 2218 1115 2288 Πατέρα
1168 2217 1261 2271 τὸν
1299 2215 1598 2287 πέμψαντα
1648 2213 1833 2268 αὐτόν.

238 2312 440 2384 Ἀμὴν,
474 2311 626 2382 ἀμὴν
657 2310 805 2380 λέγω
838 2310 993 2380 ὑμῖν,
1030 2311 1058 2364 6
1089 2308 1201 2363 τῶν
1242 2308 1422 2377 λόγων
1466 2325 1568 2379 μου
1596 2306 1836 2371 ἀκούων,

225 2406 327 2461 καὶ
377 2404 657 2459 πιστεύων
692 2403 769 2476 τῷ
799 2400 1083 2475 πέμψαντί
1126 2420 1227 2473 με,
1274 2402 1389 2473 εχει
1419 2400 1566 2470 ζωὴν
1595 2386 1837 2463 αἰώνιον,

223 2500 327 2555 καὶ
353 2498 434 2563 είς
464 2496 651 2569 κρίσιν
674 2497 776 2551 οὐκ
798 2495 1046 2567 ἔρχεται,
1075 2494 1214 2549 ἀλλὰ
1243 2493 1627 2566 μετασῶηκεν
1655 2494 1720 2546 ἐκ
1743 2492 1837 2547 τοῦ

226 2593 466 2650 θανάτου
497 2592 576 2656 είς
603 2590 704 2663 τὴν
736 2589 907 2663 ζωήν.
954 2610 972 2643 ι
1014 2589 1263 2656 Ἔδειξεν
1294 2588 1488 2643 ἑαυτὸν
1519 2588 1834 2660 εὐεργετεῖν

221 2687 529 2757 δυνάμενον
564 2685 654 2740 διὰ
702 2686 814 2737 τῶν
861 2684 1079 2738 πολλῶν
1126 2682 1395 2756 σημείων,
1432 2676 1509 2738 ὧν
1553 2682 1836 2753 ἐποίησεν.

240 2779 397 2833 Ἐπεὶ
418 2778 477 2833 δὶ
498 2777 600 2831 οὐκ
632 2776 747 2849 (ἳο)
772 2776 1133 2846 ὲδυσώπησεν
1156 2776 1383 2841 αὐτοὺς,
1410 2778 1444 2848 ἢ
1478 2776 1839 2831 ἐπεσπάσατο

228 2872 373 2943 πρὸς
402 2872 464 2926 τὸ
514 2870 749 2943 τιμῆσαι
781 2870 971 2935 αὐτὸν,
1024 2870 1101 2935 ὡς
1154 2870 1307 2936 ἄξιον
1355 2865 1447 2940 ἦν,
1504 2872 1693 2949 φησὶν,
1756 2869 1840 2923 ὅτι

233 2984 256 3021 ι
290 2966 408 3036 Τὴν
463 2964 651 3037 κρίσιν
693 2967 876 3020 πᾶσαν
903 2966 930 3019 6
963 2965 1157 3037 Πατὴρ
1204 2964 1283 3035 τῷ
1340 2964 1458 3035 Υίῷ
1507 2964 1774 3029 δέδωκεν,
1816 2983 1833 3015 ι

227 3059 322 3113 ινα
350 3058 446 3112 καὶ
477 3060 504 3113 6
548 3058 713 3127 φόϐος
743 3058 847 3129 τῆς
901 3058 1141 3129 κρίσεως
1194 3060 1362 3131 πείσῃ
1416 3058 1620 3122 αὐτοὺς
1672 3058 1841 3130 τιμὴν

228 3151 374 3223 πρὸς
417 3150 584 3204 αὑτὸν
619 3150 984 3217 ἐνδείξασθαι.
1008 3150 1190 3206 Ettith
1202 3169 1303 3219 μεν
1320 3150 1431 3224 γὰρ
1454 3151 1503 3204 οἱ
1534 3150 1839 3223 ἄνθρωποι,

231 3245 328 3300 καὶ
364 3244 602 3316 μάλιστα
632 3245 683 3299 οἱ
717 3243 1075 3316 ἀλογώτεροι,
1108 3244 1264 3316 φόϐῳ
1299 3245 1503 3317 μᾶλλον
1547 3245 1580 3315 ἦ
1613 3230 1839 3317 εὐεργε-

232 3336 402 3400 σίαις,
431 3339 493 3391 τὸ
540 3335 658 3391 δέον
695 3336 1161 3409 μεταμανθάνειν.
1196 3336 1271 3390 Τὸ
1294 3336 1378 3402 δὲ,
1425 3355 1443 3389 ι
1497 3337 1711 3391 Ἔδωκε
1743 3337 1838 3407 τὴν

230 3431 418 3502 κρίσιν
446 3430 525 3503 τῷ
566 3430 684 3503 Υίῷ
712 3432 738 3484 6
782 3432 990 3503 Πατὴρ,
1024 3451 1042 3483 ι
1085 3430 1231 3486 οὕτω
1258 3430 1474 3501 νόησον,
1530 3432 1613 3484 ὅτι
1641 3432 1837 3503 κριτὴν

228 3525 401 3579 αὑτὸν
448 3526 769 3597 ἐγέννησεν,
830 3525 1022 3597 ὥσπερ
1057 3524 1285 3588 ἀκούεις
1324 3526 1424 3578 καὶ
1476 3526 1556 3592 τὸ,
1597 3545 1615 3577 ι
1682 3527 1839 3595 Ζωὴν

230 3619 435 3673 ἔδωκεν
465 3619 636 3691 αὐτῷ,
693 3638 711 3671 ι
753 3621 848 3674 καὶ
877 3622 1045 3684 νοεῖς,
1081 3619 1165 3672 ὅτι
1194 3618 1378 3682 ζῶντα
1406 3618 1572 3674 αὑτὸν
1615 3619 1839 3690 ἐγέννη-

231 3730 350 3767 σεν.
384 3712 541 3766 Ἐπεὶ
566 3715 677 3784 γὰρ
727 3716 754 3766 6
797 3713 991 3785 Πατήρ
1040 3714 1193 3766 ἐστιν
1242 3712 1419 3777 αἴτιος
1448 3711 1527 3783 τῷ
1582 3712 1698 3783 Υἰῷ
1742 3712 1837 3766 τοῦ

230 3800 398 3871 εἶναι,
434 3809 502 3858 τὰ
534 3806 740 3869 πάντα,
777 3804 881 3858 ὅσα
929 3805 1046 3875 ἔχει
1086 3803 1116 3856 6
1173 3804 1326 3869 Υἱὸς,
1378 3805 1599 3872 λέγεται
1650 3804 1839 3860 λαϐεῖν

232 3897 390 3970 παρὰ
418 3897 511 3952 τοῦ
544 3899 781 3971 Πατρὸς,
804 3898 881 3961 ὡς
912 3899 972 3964 ἐξ
996 3898 1165 3953 αὑτοῦ
1188 3900 1439 3967 φυσικῶς
1471 3901 1649 3956 ταῦτα
1675 3902 1835 3973 ἔχων.

232 3989 350 4045 Καὶ
378 3990 478 4063 τὴν
528 3994 711 4064 κρίσιν
744 3986 839 4047 οὖν
871 3992 988 4062 ἔχει
1029 3993 1092 4047 ἐκ
1126 3993 1223 4045 τοῦ
1262 3994 1481 4065 Πατρὸς
1527 3995 1724 4061 οὕτως,
1763 3998 1840 4061 ὡς

233 4084 352 4154 εχει
385 4084 558 4155 αὐτὴν
594 4087 623 4138 6
656 4086 874 4157 Πατήρ.
912 4086 1033 4139 Ἵνα
1077 4086 1189 4157 γὰρ
1232 4087 1309 4159 μὴ
1340 4090 1633 4153 ἀκούοντες
1667 4092 1841 4145 αίτιον

232 4176 379 4232 εἶναι
408 4180 499 4233 τὸν
527 4179 750 4251 Πατέρα
780 4180 875 4233 τοῦ
905 4180 1060 4243 Υίοῦ,
1081 4183 1371 4252 νοήσωμεν
1394 4185 1476 4236 ὃτι
1506 4178 1662 4249 οὗτός
1684 4187 1836 4239 ἐστιν

232 4273 415 4337 αἴτιος
466 4273 659 4338 αὐτοῦ,
705 4274 900 4346 ὥσπερ
946 4276 1043 4329 καὶ
1083 4276 1195 4329 τῶν
1229 4278 1568 4348 κτισμάτων,
1622 4280 1718 4335 καὶ
1752 4280 1843 4334 διὰ

233 4365 399 4420 τοῦτο
420 4367 518 4437 τῆς
543 4367 713 4437 τιμῆς
754 4368 1060 4422 ἐλάττωσιν
1104 4370 1521 4441 εἰσαγάγωμεν,
1556 4374 1725 4443 φησὶν
1756 4375 1839 4429 ὅτι

236 4457 474 4527 οὐδεμία
518 4457 850 4529 παραλλαγὴ
895 4458 973 4529 τῷ
1006 4461 1123 4531 Υίῷ
1156 4462 1295 4531 πρὸς
1344 4464 1437 4515 τὸν
1481 4464 1725 4536 Πατέρα.
1781 4466 1840 4519 '0

1929 531 2149 584 tandem
2201 529 2503 586 fecissent?
2548 530 3000 601 quandoquidem
3074 529 3359 585 insaniunt
3419 543 3542 584 cunt

1931 632 2041 676 tam
2091 622 2259 677 multa
2304 624 2588 679 humiliter
2646 623 2915 692 loquitur.
2982 620 3127 690 Quid
3181 634 3367 676 autem
3436 630 3545 683 est,

1936 738 1955 773 ι
1999 719 2064 774 Ει
2099 721 2309 791 majora
2357 722 2444 777 bis
2492 721 2832 778 ostendet?»
2875 720 3146 789 Quoniam
3185 718 3547 791 paralyticum

1933 814 2293 879 Solidaverat,
2314 816 2479 871 etiam
2509 823 2788 871 mortuum
2818 814 3184 871 suscitaturus
3210 822 3317 881 est,
3343 811 3552 867 idcirt-o

1934 907 2065 963 dicit
2093 926 2105 963 :
2136 906 2198 963 Si
2228 907 2582 964 admiramini
2616 908 2763 980 quod
2805 906 3166 980 paralyticum
3194 922 3388 964 sanum
3420 904 3550 971 feci,

1936 1001 2144 1071 majora
2175 1002 2263 1059 his
2297 1001 2578 1058 videbitis.
2613 1002 2772 1069 Quod
2812 1010 2997 1056 autem
3053 1009 3109 1056 et
3160 1000 3263 1057 hoc
3318 1000 3550 1056 verbum

1936 1093 2292 1156 monstrabit,
2328 1093 2534 1165 humile
2565 1094 2657 1158 sit,
2687 1103 2741 1149 et
2773 1109 2871 1163 per
2902 1093 3380 1164 dispensationem
3422 1092 3547 1146 die-

1938 1197 2073 1254 tum,
2110 1196 2169 1242 ut
2199 1187 2473 1243 insaniam
2504 1187 2728 1243 illorum
2764 1185 3124 1253 tientttlceret,
3157 1188 3283 1242 audi
3315 1203 3551 1256 sequen-

1938 1281 2031 1335 tia.
2060 1301 2077 1333 ι
2106 1280 2238 1335 Nam
2264 1282 2407 1336 sicut
2433 1278 2597 1337 Pater
2620 1280 2849 1337 suscitat
2874 1291 3147 1343 mortuos,
3176 1280 3249 1333 ita
3284 1291 3337 1334 et
3380 1280 3553 1334 Filius

1938 1390 2077 1444 quos
2127 1375 2263 1441 vnit,
2304 1376 2566 1430 vivilicat.
2599 1396 2618 1429 ι
2650 1376 2818 1446 lgitttr
2854 1375 3092 1432 suscitat
3124 1374 3343 1442 quidem
3380 1372 3553 1427 Filius

1938 1469 2085 1523 sient
2115 1466 2301 1533 Pater,
2336 1478 2392 1523 et
2423 1469 2546 1523 ideo
2586 1479 2861 1525 monstrat
2898 1478 3229 1536 potestatem
3280 1483 3435 1523 snam
3478 1467 3551 1520 nil

1938 1561 2304 1617 differentiam.
2330 1561 2437 1618 Sed
2464 1574 2516 1618 el
2545 1578 2641 1633 per
2672 1563 2925 1627 verbum,
2950 1577 3118 1631 «quos
3138 1560 3309 1623 vult,»
3347 1561 3557 1616 indicat

1941 1668 2058 1709 sua:
2081 1669 2207 1709 cum
2253 1653 2419 1710 Patre
2442 1655 2754 1724 potestatis
2787 1654 3187 1726 mqualitatem.
3215 1652 3553 1718 "meantem

1941 1750 2127 1803 omnia
2148 1747 2339 1803 Ariani
2371 1748 2594 1818 quidem
2630 1756 2914 1819 exponunt
2933 1757 3127 1803 contra
3154 1746 3387 1820 gloriam
3408 1746 3555 1812 Filii,

1944 1856 2043 1896 nos
2074 1851 2258 1896 autem
2297 1842 2594 1897 orthodoxi
2629 1856 2727 1909 pro
2756 1842 2848 1897 illa
2884 1842 3269 1915 intelligimus.

2016 1935 2187 1993 Vsus.
2212 1934 2406 1992 πει.
2432 1956 2475 1990 «ι
2523 1935 2710 2009 Neque
2744 1938 2890 1993 enim
2919 1934 3087 1993 Pater
3123 1936 3336 2007 juchat
3366 1951 3561 2008 quein-

1941 2044 2129 2096 quam,
2163 2028 2259 2083 sed
2294 2043 2459 2084 omne
2510 2027 2780 2099 judicium
2838 2028 2990 2084 dedit
3039 2026 3201 2092 Filio,
3260 2040 3319 2083 ut
3368 2044 3561 2082 omnes

1942 2122 2215 2176 honorent
2241 2119 2464 2186 Filium,
2512 2120 2658 2175 sicut
2711 2123 2989 2176 honorant
3032 2119 3267 2176 Patrem.
3310 2119 3412 2189 Qui
3449 2137 3557 2174 non

1942 2215 2177 2271 honorat
2234 2212 2457 2279 Filium,
2512 2228 2622 2269 nou
2681 2214 2913 2269 honorat
2969 2213 3188 2269 Patrem
3256 2215 3347 2284 qui
3413 2213 3563 2269 misit

1944 2307 2120 2364 illum.
2150 2308 2344 2373 Amen,
2378 2321 2537 2362 amen
2568 2307 2693 2363 dico
2718 2308 2897 2375 vobis,
2921 2307 3347 2379 quisermoncm
3378 2320 3559 2362 meum

1942 2406 2120 2475 audit,
2152 2416 2208 2462 et
2235 2406 2413 2462 credit
2446 2406 2495 2461 ei
2529 2404 2622 2476 qui
2657 2419 2744 2460 me
2781 2402 2949 2465 misit.
3001 2403 3171 2459 habet
3202 2402 3369 2457 vitam
3404 2408 3564 2457 teter-

1944 2518 2091 2569 nam,
2127 2513 2183 2558 et
2227 2503 2281 2556 in
2317 2499 2833 2557 condemnationem
2869 2497 3037 2571 57.5
3064 2514 3170 2553 non
3215 2496 3419 2561 veniet,
3469 2496 3563 2551 scd

1946 2592 2201 2650 transivit
2254 2608 2284 2648 a
2341 2602 2521 2649 morte
2557 2592 2610 2647 in
2647 2590 2837 2647 vitam.
2879 2610 2897 2642 ι
2937 2590 3275 2646 Monstrarat
3315 2588 3559 2658 seipsttm

1944 2701 2105 2757 posse
2135 2684 2463 2743 benefacere
2492 2700 2590 2755 per
2626 2687 2797 2741 multa
2832 2684 2988 2756 signa
3015 2698 3137 2754 qua:
3163 2681 3392 2738 fecerat.
3422 2677 3560 2748 Quia

1944 2786 2127 2832 autem
2161 2774 2561 2833 benefaciendo
2583 2790 2691 2832 non
2719 2775 2928 2847 placuit
2959 2788 3075 2841 eos,
3120 2786 3223 2827 nec
3256 2778 3563 2826 attraxerat

1946 2878 2005 2925 ut
2041 2884 2102 2924 se
2164 2868 2526 2934 honorarent,
2583 2868 2728 2923 sicut
2786 2865 3013 2936 dignum
3071 2873 3213 2930 erat,
3251 2862 3387 2917 dicit
3417 2862 3564 2933 quod

1952 2980 1970 3014 ι
2011 2960 2177 3017 Pater
2198 2975 2364 3016 omne
2390 2959 2658 3031 judicium
2688 2958 2904 3015 dederit
2934 2955 3096 3019 Filio,
3129 2974 3148 3008 ι
3182 2963 3243 3010 ut
3278 2952 3363 3009 vei
3400 2952 3567 3009 timor

1941 3052 2133 3123 judicii
2192 3050 2297 3106 illis
2355 3049 2687 3121 persuadeat
2743 3063 2851 3117 quo
2906 3048 3086 3118 ipsum
3120 3047 3331 3103 honore
3366 3059 3559 3116 prose-

1869 3148 1913 3208 ο
1954 3154 2217 3215 quantur.
2248 3140 2655 3198 Consuevimus
2689 3140 2835 3196 enim
2876 3153 2976 3195 nos
3021 3139 3295 3203 homines,
3327 3148 3563 3206 praescia.

1951 3240 2049 3293 tim
2086 3238 2140 3292 bi
2178 3236 2271 3307 qui
2328 3234 2601 3291 crassiore
2637 3243 2820 3289 mente
2868 3232 3080 3305 praediti
3146 3246 3374 3294 sumus,
3413 3239 3560 3285 metu

1949 3333 2131 3405 ponus
2161 3346 2325 3403 quam
2354 3329 2644 3387 beneﬂciis
2679 3329 2825 3400 quod
2855 3337 3073 3399 oportet
3102 3327 3408 3382 addiscere.
3440 3322 3561 3380 Jam

1950 3427 2094 3498 quod
2123 3424 2274 3493 dicit,
2316 3442 2335 3476 ι
2367 3422 2523 3479 Dedil
2544 3422 2811 3496 judicium
2845 3421 3010 3477 Pater
3040 3421 3203 3484 Filio,
3240 3439 3259 3472 ι
3287 3419 3368 3475 sic
3396 3421 3553 3473 iult-l~

1952 3523 2074 3595 lige,
2110 3521 2255 3593 quod
2303 3521 2544 3592 judiccm
2580 3535 2708 3577 eum
2781 3520 3073 3591 genuerit,
3122 3518 3202 3572 sic
3243 3515 3408 3570 etiam
3442 3530 3565 3569 cum

1950 3617 2108 3672 audis
2127 3616 2269 3685 quod
2292 3616 2457 3669 vitam
2474 3615 2687 3671 dederit
2711 3614 2807 3679 illi,
2832 3613 3111 3680 intelligas
3126 3613 3269 3681 quod
3294 3610 3563 3665 viventem

1952 3710 2101 3765 illum
2130 3708 2407 3779 genuerit.
2444 3708 2584 3776 Quia
2618 3708 2767 3763 enim
2798 3704 2962 3763 Pater
2986 3716 3179 3762 auctor
3212 3717 3297 3762 est
3332 3704 3471 3760 Filio
3504 3714 3566 3759 ut

1952 3808 2047 3871 sit,
2100 3804 2287 3863 omnia
2326 3816 2674 3877 quaecunque
2728 3802 2897 3859 habet
2950 3801 3143 3869 Filius,
3183 3801 3387 3859 dicitur
3418 3801 3565 3857 acci-

1952 3916 2083 3973 pere
2116 3917 2145 3955 a
2190 3899 2378 3964 Patre,
2414 3914 2481 3954 eo
2510 3900 2662 3969 quod
2696 3915 2762 3954 ex
2792 3898 2883 3953 illo
2919 3898 3247 3953 naturaliter
3298 3897 3417 3952 haec
3466 3896 3566 3950 ha-

1952 3998 2100 4051 beat.
2140 3992 2312 4065 lgitur
2340 4003 2396 4048 et
2426 3992 2696 4063 judicium
2732 3994 2895 4048 habet
2926 4009 2953 4046 a
2986 3992 3172 4058 Patre,
3210 3990 3355 4045 sicut
3406 3989 3569 4045 habet

1952 4088 2085 4144 illud
2121 4088 2320 4142 Pater:
2366 4096 2422 4141 ut
2456 4100 2525 4142 ne
2555 4087 2845 4142 audientes
2868 4095 3151 4142 auctorem
3190 4100 3315 4141 csse
3346 4083 3563 4139 Patrem

1952 4178 2100 4247 Filii,
2135 4177 2514 4249 intelligamus
2537 4177 2682 4248 quod
2716 4177 2794 4233 sic
2829 4180 2902 4233 sit
2928 4188 3126 4234 auctor
3152 4177 3302 4247 ejus,
3328 4178 3475 4233 sicut
3514 4192 3570 4230 (ιι

1952 4284 2355 4336 creaturarum,
2405 4282 2459 4327 et
2507 4281 2796 4342 propterea
2844 4272 3069 4329 honoris
3119 4272 3563 4328 imminutionem

1954 4366 2411 4423 introducanms:
2473 4366 2550 4421 ait
2574 4366 2721 4436 quod
2778 4366 3011 4434 inpullo
3046 4366 3227 4423 minor
3274 4367 3451 4423 Filius
3483 4376 3563 4421 cst

1954 4464 2139 4519 Patre.
2174 4461 2311 4516 Nam
2344 4462 2436 4530 qui
2465 4460 2629 4516 habet
2656 4469 2982 4532 potestatem
3020 4461 3285 4532 puniendi
3318 4473 3367 4517 et
3401 4462 3545 4516 bono

239 4526 643 4623 7597:5005th
690 4526 1145 4622 Extov'xoiio'té'ait.
1178 4526 1273 4609 καὶ
1297 4558 1491 4627 τιμᾷν,
1544 4526 1836 4629 ὡς’βούλε-

1958 4556 2109 4609 randi
2145 4556 2288 4609 sicut
2320 4554 2456 4621 vult,
2494 4554 2687 4610 eadem
2721 4562 2904 4623 potest
2935 4570 3055 4625 qua:
3104 4554 3289 4621 Pater,
3336 4554 3463 4611 ideo
3518 4565 3571 4609 ct

234 4665 351 4710 ται,
390 4646 563 4700 ταυτὰ
616 4645 845 4700 δύναται
879 4646 956 4716 τῷ
1009 4649 1217 4718 Πατρί’
1276 4649 1359 4702 διὸ
1400 4650 1494 4703 καὶ
1542 4653 1626 4705 δεῖ
1676 4653 1841 4709 αὐτὸν

234 4741 409 4811 τιμᾷν
447 4738 626 4803 οὕτως
679 4739 755 4803 ὡς
804 4740 895 4793 τὸν
950 4742 1195 4813 Πατέρα.
1249 4762 1267 4795 ι
1327 4745 1447 4796 Ἵνα
1496 4744 1628 4817 γὰρ,
1680 4748 1838 4817 φησὶ,

235 4834 445 4895 πάντες
464 4832 669 4904 τιμῶσι
697 4833 789 4886 τὸν
810 4833 964 4898 Υίὸν,
992 4833 1177 4899 καθὼς
1198 4837 1405 4906 τιμῶσι
1426 4838 1516 4891 τὸν
1538 4839 1784 4910 Πατέρα.
1817 4860 1834 4891 ι

233 4927 304 4979 Oi
334 4925 468 4994 γοῦν
498 4926 631 4999 περὶ
658 4926 751 4982 τὸν
786 4928 1034 4998 Ἀρειον,
1068 4930 1259 4998 ἐπειδὴ
1290 4930 1367 4994 ῶς
1415 4931 1625 5003 κτίσμα
1676 4936 1843 5006 τιμᾷν

234 5021 447 5077 οἴονται
479 5020 575 5074 τὸν
611 5020 765 5088 Υίδν,
798 5022 893 5075 καὶ
932 5024 1025 5075 τὸν
1064 5024 1285 5095 Πατέρα
1310 5024 1498 5079 λοιπὸν
1520 5026 1595 5091 ὼς
1633 5030 1845 5099 κτίσμα

235 5114 515 5183 τιμῶντες
544 5114 887 5184 ἐλέγχονται.
926 5116 997 5173 ’Ἡ
1050 5117 1161 5188 γὰρ
1214 5118 1276 5172 οὑ
1306 5119 1545 5188 τιμῶσιν
1576 5120 1713 5184 ὅλως
1748 5122 1841 5177 τὸν

237 5207 392 5264 Υἱδιν.
422 5208 516 5262 καὶ
555 5210 695 5277 μετὰ
723 5208 834 5262 τῶν
866 5210 1141 5264 Ἰουδαίων
1167 5213 1558 5268 ταττέσοωσαν
1579 5231 1594 5245 ·
1628 5215 1660 5288 ἢ
1685 5216 1842 5285 είπερ

233 5298 439 5371 τιμῶσι
492 5302 591 5371 μὲν
637 5302 823 5368 αὐτὸν,
865 5303 941 5367 ὡς
975 5305 1184 5375 κτίσμα
1212 5304 1292 5369 δὲ,
1328 5308 1534 5378 πρέπει
1570 5308 1627 5362 δὲ
1674 5311 1844 5382 τιμᾷν

235 5392 405 5447 αὑτὸν
448 5393 638 5467 ὥσπερ
690 5398 785 5449 καὶ
823 5398 917 5449 τὸν
970 5398 1218 5470 Πατέρα,
1270 5400 1587 5471 ἐλέγχονται
1624 5404 1843 5469 πάντως

233 5486 344 5543 καὶ
376 5487 471 5539 τὸν
513 5489 737 5562 Πατέρα
771 5491 847 5553 ὠς
894 5492 1105 5561 κτίσμα
1165 5494 1463 5561 τιμῶντες.
1523 5497 1636 5550 Καὶ
1665 5498 1843 5563 ἄλλως

231 5577 317 5641 δὲ,
350 5579 498 5631 κατὰ
526 5580 587 5634 τὸ
620 5581 968 5651 ἐπαγόμενον
994 5598 1005 5611 ·
1065 5582 1187 5647 πῶς
1223 5586 1429 5655 τιμῶσι
1460 5586 1552 5641 τὸν
1602 5589 1841 5660 Πατέρα,

1953 4658 2175 4714 Oportet
2212 4648 2367 4703 illum
2400 4648 2677 4704 honorare
2729 4649 2921 4705 eodem
2960 4650 3123 4705 modo
3170 4664 3280 4719 quo
3323 4648 3567 4703 Patrem.

1956 4743 2097 4798 Dicit
2153 4743 2324 4807 enim,
2370 4761 2388 4794 ι
2450 4740 2521 4797 Ut
2560 4757 2754 4800 omnes
2813 4746 3085 4798 honorent
3144 4744 3373 4808 Filium,
3422 4746 3571 4800 Sit'ltt

1955 4844 2231 4893 honorant
2265 4837 2508 4891 Patrem.
2552 4855 2568 4887 ι
2603 4836 2667 4891 Et
2706 4838 2781 4892 ita
2814 4837 2999 4893 Ariani
3031 4837 3160 4909 quia
3196 4837 3362 4893 veluti
3414 4855 3571 4893 crea-

1957 4943 2134 4986 turam
2171 4942 2367 5002 putant
2399 4931 2778 4986 honorandum
2816 4929 3041 4994 Filium,
3074 4939 3131 4987 et
3170 4930 3390 4987 Patrem
3426 4947 3566 5000 quo-

1956 5040 2064 5096 que
2114 5027 2260 5081 sicut
2301 5035 2617 5080 creaturam
2655 5026 2916 5080 honorari
2962 5026 3183 5089 debere,
3230 5028 3569 5097 redarguun-

1956 5130 2084 5176 tur:
2133 5122 2219 5177 vel
2278 5120 2503 5177 omnino
2562 5136 2670 5176 non
2722 5121 2997 5177 honorant
3054 5122 3277 5187 Filium,
3328 5132 3383 5179 et
3442 5140 3565 5179 cum

1953 5214 2156 5271 Judaeis
2187 5214 2536 5269 ordinantur.
2572 5212 2670 5270 Vel
2728 5215 2776 5269 si
2828 5215 3046 5285 quidem
3094 5218 3370 5272 honorant
3413 5232 3566 5278 eum.

1956 5311 2227 5366 honorant
2254 5326 2385 5365 vero
2420 5318 2478 5365 ut
2506 5321 2855 5375 creaturam,
2890 5311 3045 5366 decet
3076 5321 3259 5365 autem
3308 5312 3567 5366 honorari

1954 5405 2130 5473 ipsum
2190 5404 2335 5458 sicut
2386 5412 2441 5459 et
2488 5403 2748 5459 Patrem:
2789 5406 3198 5474 redarguuntnr
3238 5406 3466 5459 omnino
3516 5418 3571 5459 rt

1956 5494 2174 5552 Patrem
2211 5498 2353 5552 sicut
2394 5509 2708 5553 creaturam
2740 5500 3033 5555 honorare.
3066 5498 3133 5552 Et
3175 5499 3336 5553 aliter
3366 5514 3565 5555 secnn.

1954 5592 2083 5645 dum
2109 5594 2209 5645 huc
2241 5596 2383 5661 quod
2414 5594 2687 5661 subditur,
2715 5594 2988 5663 quomodo
3020 5599 3291 5650 honorant
3316 5592 3563 5657 Patrem,

1220 5744 1299 5801 1ίῖ
1332 5746 1658 5808 i'toiiitiit‘int
1716 5751 1901 5808 ιἰςιεσι,
1949 5755 2175 5814 vctu-i7
2331 5754 2523 5812 “qui

321 5866 433 5920 rem
468 5864 597 5922 (Iud.
639 5870 724 5933 ac,
768 5870 813 5897 τη
848 5868 951 5931 ,ηιξ
1017 5869 1030 5921 τῖ
