4078 6330
611 349 734 409 2:71

1530 347 1840 426 TllEUl’ll
1855 345 2114 405 YLAtI’l’l
2155 344 2250 403 BU
2263 341 2347 402 LG
2361 345 2398 400 Α
2415 346 2456 401 li
2473 343 2564 400 ΗΞ
2606 343 2646 399 Α
2659 341 2961 402 liClllEl’.

3729 333 3864 401 1272

586 454 674 520 nui
715 467 816 504 non
847 451 1112 502 hunnranl
1147 448 1390 502 Filium?
1426 449 1621 504 Sulnlit
1659 450 1828 514 enim,
1872 466 1888 498 ι
1925 448 2026 514 Qui
2062 463 2160 501 non

2276 445 2324 497 οἱ
2373 447 2447 515 μὴ
2503 444 2776 514 τιμῶντες
2815 444 2908 496 τὸν
2957 442 3120 508 Υίόν;
3165 441 3390 512 Ἐπάγει
3419 443 3558 515 γάρ·
3597 461 3616 496 ι
3671 443 3730 498 '0
3785 445 3860 515 μὴ

587 546 816 597 honorat
856 541 1072 606 Filium,
1132 558 1236 595 nun
1284 542 1513 596 honorat
1552 543 1787 597 Patrem.
1835 561 1852 593 ι
1908 542 2004 609 Qui
2059 559 2164 596 non

588 639 842 698 honorat,
875 633 1068 702 inquit,
1118 634 1189 687 ita
1227 643 1282 687 ut
1319 633 1452 698 dixi,
1485 635 1626 688 sicut
1663 645 1712 690 et
1756 635 1997 690 Putrem.
2029 633 2163 700 Quia

585 733 627 786 si
671 730 790 799 quis
839 727 987 782 dicat
1045 725 1185 795 quod
1248 736 1494 780 creatura
1564 728 1780 796 quidem
1845 726 2016 784 Filius
2073 729 2164 792 sit,

584 819 1041 879 excellentissima
1092 829 1272 876 autem
1338 821 1588 874 onmium
1647 831 2051 887 creaturarum,
2114 831 2168 876 et

583 921 832 982 «.p;nvtur
865 913 1027 968 tribui
1067 913 1205 970 Filio
1253 914 1448 969 falsum
1507 915 1656 970 illum
1712 925 1764 970 et
1814 931 2007 970 vanum
2065 918 2164 970 hn-

583 1023 793 1074 uorrm,
846 1005 1142 1061 inhonorut
1191 1006 1413 1061 omnino
1463 1018 1516 1062 et
1575 1006 1792 1062 Patrem
1877 1009 1967 1078 qui
2023 1008 2167 1063 misit

581 1099 748 1154 illum.
789 1095 930 1154 Dixit
963 1109 1144 1154 autem
1176 1117 1195 1151 ε
1229 1113 1350 1154 eum
1378 1099 1470 1171 qui
1519 1101 1684 1165 misit,
1721 1119 1739 1151 ι
1775 1116 1842 1156 ne
1879 1117 2166 1171 exasperao

579 1205 790 1252 rentur,
835 1190 978 1245 sicut
1035 1192 1404 1261 przediximus.
1437 1190 1570 1245 Nam
1605 1190 1908 1245 doctrinam
1943 1197 2023 1245 (ut
2070 1192 2163 1245 di-

587 1291 727 1338 etum
757 1285 861 1356 εει)
913 1284 1241 1343 mirabiliter
1293 1284 1576 1353 iinplectit.
1630 1282 1908 1338 interdum
1943 1285 2162 1354 quidem

581 1375 832 1432 sublimia
867 1378 932 1432 de
978 1392 1038 1432 se
1070 1376 1399 1438 testimonia,
1451 1387 1508 1432 ut
1549 1377 1766 1446 dignum
1820 1387 1954 1442 erat,
2015 1377 2160 1434 fert:

585 1469 858 1522 interdum
889 1478 1072 1523 autem
1130 1469 1374 1532 humilia,
1416 1479 1636 1538 propter
1673 1470 1940 1524 insaniam
1983 1471 2165 1525 inimi-

583 1574 770 1613 eorum
823 1556 1154 1615 Judazorum.
1215 1559 1346 1614 Nam
1403 1563 1448 1615 si
1502 1577 1622 1614 cum
1658 1573 1710 1616 et.
1751 1562 2078 1617 surrexisset
2131 1578 2162 1618 a

581 1651 830 1716 mortuis,
860 1664 912 1706 et
947 1654 1286 1709 ascendisset
1333 1655 1383 1708 in
1413 1655 1603 1725 cmlos,
1653 1666 1705 1709 et
1743 1671 1840 1726 per
1883 1657 2162 1725 apostolos

580 1759 732 1796 suam
789 1754 1144 1802 monstrasset
1184 1745 1480 1811 virtutem,
1531 1747 1948 1802 insurrexerunt
1998 1748 2158 1803 Arius

579 1846 626 1887 et
666 1835 961 1891 Eunomius
1005 1847 1192 1892 contra
1240 1837 1466 1908 gleriam
1504 1837 1640 1906 ejus,
1676 1847 1732 1894 et
1768 1839 1817 1892 in
1850 1849 2157 1895 creaturam

579 1926 755 1996 ipsum
781 1928 1165 1983 deduxemnt:
1200 1927 1368 1984 Judaei
1405 1931 1492 2000 qui
1529 1941 1654 1985 tunc
1681 1943 1861 1996 erant,
1892 1934 1982 2001 qui
2011 1933 2160 1986 vidc-

578 2025 709 2074 laut
761 2021 934 2090 ipsum
973 2023 1024 2076 in
1056 2037 1221 2076 carne
1270 2023 1550 2078 ambulare
1597 2041 1719 2079 cum
1775 2025 2077 2092 publicanis
2105 2036 2162 2080 et

581 2112 982 2176 meretricibus,
1037 2111 1198 2183 575
1230 2124 1283 2166 et
1317 2115 1607 2169 comedere
1659 2125 1712 2170 et
1767 2115 1953 2170 bibere
2017 2117 2161 2172 sicut

577 2220 743 2258 unum
770 2220 833 2259 ex
869 2205 1049 2259 multis
1075 2223 1089 2272 ;
1127 2205 1255 2274 quid
1285 2219 1389 2260 non
1418 2205 1679 2261 fecissent
1710 2208 1754 2262 si
1780 2208 1960 2262 omnia
1992 2208 2162 2264 sublic

577 2296 684 2349 mia
720 2296 785 2350 de
823 2313 880 2352 se
921 2297 1167 2364 dixisset,
1211 2309 1265 2353 et
1297 2313 1403 2352 non
1434 2299 1813 2355 admiscuisset
1848 2304 2010 2356 etiam
2057 2302 2160 2357 hn-

578 2389 770 2443 n.ilia?
804 2385 1008 2444 hleirco
1041 2401 1096 2445 et
1124 2389 1342 2445 subdit:
1374 2410 1392 2442 ι
1441 2389 1540 2457 Qui
1573 2391 1724 2446 audit
1763 2409 1912 2448 meos
1949 2409 2162 2449 sermo-

575 2498 694 2546 nes,
739 2491 792 2537 et
839 2483 1008 2538 credit
1041 2485 1088 2538 ei
1126 2485 1214 2551 qui
1255 2499 1338 2539 me
1374 2485 1540 2550 misit,
1591 2486 1750 2539 habet
1784 2486 1946 2540 vitam
1999 2498 2162 2541 aeter-

578 2589 723 2627 nam.
763 2592 780 2624 ι
816 2573 881 2628 Ει
914 2584 1122 2629 mentes
1149 2589 1336 2630 eorum
1379 2574 1541 2629 etiam
1588 2591 1685 2645 per
1725 2576 1825 2630 hoc
1870 2576 2155 2642 exliilarat,

552 2680 696 2730 cum
734 2666 959 2720 audiunt
997 2667 1141 2736 quod
1190 2667 1477 2723 audientes
1517 2682 1796 2722 sermones
1849 2669 2000 2739 ejus,
2049 2670 2161 2725 Deo

577 2759 687 2812 sint
715 2758 992 2812 credituri.
1025 2757 1139 2813 Non
1162 2759 1304 2814 enim
1332 2759 1484 2826 dixit,
1505 2760 1604 2827 Qui
1635 2761 1806 2815 credit
1842 2763 1971 2816 mihi
2004 2782 2015 2817 :
2042 2766 2158 2830 sed,

582 2869 602 2900 ο
645 2847 704 2903 Ei
742 2851 831 2919 qui
865 2866 952 2904 me
981 2851 1148 2906 misit.
1185 2870 1204 2903 ι
1235 2850 1402 2922 igitur
1433 2853 1524 2920 qui
1574 2855 1747 2907 credit
1776 2855 1874 2918 illi,
1919 2855 1970 2910 in
2015 2853 2163 2922 judi-

573 2943 746 3007 cium,
784 2943 885 2998 hoc
917 2953 1020 3011 est,
1074 2943 1127 2998 in
1166 2942 1491 3013 supplicium
1538 2960 1642 2998 non
1677 2947 1842 3010 venit,
1890 2949 1982 3002 sed
2033 2951 2162 3004 vivit

577 3036 745 3091 vitam
793 3042 1077 3104 aeternam,
1129 3053 1233 3093 non
1286 3038 1505 3095 subiens
1553 3049 1783 3096 mortem
1837 3043 2052 3108 animm,
2097 3060 2159 3098 ac

2273 538 2450 606 τιμῶν
2477 539 2568 590 τὸν
2601 539 2745 600 Υἰὸν.
2784 538 2845 590 οὐ
2877 538 3014 608 τιμᾷ
3067 537 3158 589 τὸν
3192 535 3433 607 Πατέρα.
3471 556 3492 589 ο
3555 535 3616 590 '0
3660 539 3738 608 μὴ
3780 555 3856 592 τι·

2275 631 2414 701 μῶν,
2463 633 2648 700 φησιν,
2685 629 2882 696 οὓτως,
2920 631 2994 693 ὡς
3034 625 3208 694 εἶπον,
3244 630 3426 692 καθὼς
3475 630 3569 682 καὶ
3613 630 3705 683 τὸν
3749 633 3831 685 Πα

2270 725 2562 795 τέραοὲπεὶ
2585 724 2636 776 εί
2657 741 2740 786 τις
2765 723 2934 791 λέγει,
2984 724 3064 776 ὅτι
3091 722 3293 794 κτίσμα
3329 724 3428 793 μὲν
3459 726 3485 776 ὁ
3512 723 3663 786 Υἱὸς,
3692 724 3852 793 ὑπερ-

2273 815 2410 883 έχων
2444 814 2499 866 δὲ
2531 815 2751 868 πάντων
2785 814 2892 866 τῶν
2925 815 3262 884 κτισμάτων,
3311 815 3406 867 καί⁵
3467 814 3658 884 δοκοίη
3703 815 3849 886 χαρί-

2272 905 2464 969 ζεσθαι
2499 905 2576 973 τῷ
2614 905 2729 976 Υἱῷ
2767 905 2936 975 ψευδῆ
2965 905 3170 975 ταύτην
3223 906 3317 959 καὶ
3363 907 3608 976 ματαίαν
3661 908 3847 978 τιμὴν,

2270 996 2530 1068 ἀτιμάζει
2575 1000 2792 1062 πάντως
2836 999 2930 1052 καὶ
2985 999 3079 1051 τὸν
3127 999 3348 1069 Πατέρα
3416 998 3510 1052 τὸν
3557 1000 3858 1070 πέμψαντα

2269 1092 2456 1147 αὐτόν.
2498 1091 2569 1144 Τὸ
2602 1092 2679 1154 δὲ,
2735 1111 2754 1144 ‹
2794 1092 3113 1161 πέμψαντα,
3152 1111 3169 1144 ι
3229 1086 3405 1155 εἶπεν,
3442 1094 3525 1146 ἵνα
3564 1093 3641 1163 μὴ
3697 1092 3859 1162 ἐκθη-

2276 1183 2542 1252 ριωθῶσι,
2579 1183 2724 1237 καοά
2776 1184 3137 1254 προείπομεν.
3172 1182 3283 1255 Τὴν
3328 1183 3436 1256 γάρ
3480 1183 3857 1248 διδασκαλίαν,

2266 1275 2339 1338 ὼς
2376 1278 2611 1346 εἴρηται,
2662 1276 2849 1330 πλέκει
2902 1276 3243 1347 Θαυμασίως,
3283 1277 3412 1330 ποτὲ
3446 1275 3546 1346 μὲν
3583 1278 3650 1328 τὶ
3678 1277 3860 1345 ὑιξηὶά

2269 1365 2449 1437 ἑαυτῷ
2496 1367 2961 1439 προσμαρτυρῶν,
3009 1367 3086 1431 ὡς
3132 1363 3201 1435 ἦν
3231 1369 3404 1433 ἄξιον,
3452 1369 3586 1420 ποτὲ
3632 1368 3715 1429 δὲ,
3769 1367 3853 1420 διὰ

2266 1460 2364 1530 τὴν
2410 1462 2608 1531 μανίαν
2641 1461 2747 1514 τῶν
2787 1461 2997 1532 ἐχθρῶν
3040 1462 3336 1527 Ἰουδαίων,
3387 1464 3454 1514 τά
3490 1462 3755 1516 ταπεινά.
3797 1460 3854 1514 El

2266 1553 2374 1623 γάρ
2428 1555 2520 1605 καὶ
2561 1553 2897 1616 ἀναστάντος
2939 1556 3000 1607 ὲκ
3039 1554 3274 1625 νεκρῶν,
3312 1555 3406 1607 καὶ
3446 1555 3754 1615 amcam;
3781 1557 3855 1614 εἰς

2265 1645 2545 1714 οὐρανοὺς,
2575 1645 2668 1698 καὶ
2695 1646 2781 1698 διὰ
2805 1645 2912 1699 τῶν
2948 1647 3261 1700 ἀποστόλων
3305 1646 3585 1712 δείξαντος
3646 1649 3747 1717 τὴν
3777 1649 3852 1698 ei-

2266 1735 2420 1789 κείαν
2452 1737 2708 1806 δύναμιν,
2763 1736 3147 1805 ἐπανέστησαν
3180 1738 3398 1806 Ἀρειος
3456 1737 3551 1788 val.
3587 1737 3854 1806 Εὐνόμιος

2267 1832 2331 1899 τῇ
2362 1829 2486 1899 δόξῃ
2522 1828 2709 1895 αὑτοῦ,
2746 1829 2838 1882 καὶ
2884 1830 2963 1892 είς
2988 1829 3194 1898 κτίσμα
3216 1829 3379 1882 αὑτὸν
3415 1831 3736 1897 κατήγαγον
3766 1845 3779 1860 '
3809 1831 3855 1881 el

2269 1923 2391 1975 τότε
2429 1921 2672 1976 Ἰουδαῖοι
2726 1921 3016 1991 βλέποντες
3067 1922 3231 1975 αὑτὸν
3289 1923 3344 1973 ὲν
3398 1921 3566 1990 σαρκὶ
3623 1937 3860 1990 περιπα-

2268 2015 2464 2070 τοῦντα
2492 2016 2629 2086 μετά
2652 2016 2758 2068 τῶν
2777 2017 3025 2068 τελωνῶν
3043 2018 3135 2068 καὶ
3163 2015 3404 2086 πορνῶν,
3439 2015 3531 2068 καὶ
3550 2013 3852 2084 τρώγοντα,

2268 2110 2364 2164 καὶ
2395 2111 2643 2176 πίνοντα,
2675 2110 2751 2173 ὡς
2792 2111 2891 2163 ἕνα
2923 2111 3032 2163 τῶν
3067 2109 3303 2172 πολλῶν,
3337 2109 3390 2160 τί
3436 2109 3535 2160 οὐκ
3573 2108 3642 2160 ἂν
3667 2110 3855 2177 ἐποίη-

2269 2220 2394 2267 σαν,
2423 2205 2470 2255 εί
2505 2203 2682 2256 πάντα
2725 2202 2906 2272 ὑψηλὰ
2972 2205 3098 2273 περὶ
3159 2200 3355 2256 ἑαυτοῦ
3398 2201 3579 2269 ἔλεγε,
3636 2203 3734 2254 καὶ
3786 2203 3856 2272 μὴ

2272 2296 2714 2364 συγκατεμίγνυε
2769 2297 2864 2348 καὶ
2911 2295 2978 2347 τὰ
3022 2295 3288 2359 ταπεινάς
3341 2295 3433 2346 Διδ
3479 2294 3575 2346 καὶ
3623 2292 3852 2360 ἐπάγει·

2276 2407 2292 2437 ι
2350 2388 2406 2439 Ὀ
2462 2387 2678 2440 ἁκούων
2730 2405 2829 2457 μου
2873 2388 3001 2450 τοὺς
3054 2387 3266 2454 λόγους,
3336 2388 3428 2439 καὶ
3461 2386 3742 2438 πιστεύων
3783 2385 3853 2453 τῷ

2270 2481 2547 2548 πέμψαντί
2581 2498 2669 2550 με,
2702 2481 2815 2551 ἔχει
2881 2481 3024 2551 ζωὴν
3058 2479 3295 2534 αἰώνιον.
3338 2500 3355 2532 ι
3392 2479 3503 2542 Τάς
3546 2479 3602 2533 δὲ
3633 2481 3853 2548 γνώμας

2269 2573 2451 2625 αὐτῶν
2503 2576 2596 2625 καὶ
2653 2572 2742 2626 διὰ
2804 2572 3013 2627 τούτων
3075 2571 3321 2644 ίλαρὺνει
3375 2572 3713 2635 ἀκουόντων,
3780 2571 3855 2622 ὅτι

2267 2665 2387 2736 Θεῴ
2419 2667 2674 2736 μέλλουσι
2720 2666 2999 2720 πιστεύειν
3030 2666 3322 2728 ἀκούοντες
3356 2667 3481 2728 τοὺς
3533 2663 3733 2733 λόγους
3761 2665 3855 2717 αὖ·

2268 2757 2383 2809 τοῦ.
2419 2760 2492 2810 Οὐ
2529 2759 2638 2829 γὰρ
2690 2752 2878 2823 εἶπεν,
2915 2757 2998 2810 ὅτι
3063 2756 3123 2810 '0
3167 2756 3441 2808 πιστεύων
3488 2756 3638 2824 ἐμοὶ,
3704 2755 3855 2817 ἀλλὰ,

2277 2870 2294 2904 σ
2333 2851 2423 2921 Τῷ
2448 2851 2725 2921 πέμψαντί
2761 2869 2849 2922 με.
2883 2871 2900 2902 ι
2946 2853 3005 2904 '0
3032 2853 3212 2906 τοίνυν
3242 2849 3516 2902 πιστεύων
3543 2847 3855 2917 ὲκείνῳ,εἰς

2269 2944 2474 3012 κρίσιν,
2494 2944 2613 3014 ἦτοι
2643 2946 2722 3007 είς
2753 2943 2992 3006 κόλασιν,
3014 2945 3112 2996 οὐκ
3145 2942 3393 3014 ἔρχεται,
3423 2941 3558 2994 ἀλλὰ
3593 2943 3659 3011 ζῇ
3690 2941 3854 2993 ἀῖδιον

2267 3037 2434 3106 ζωὴν,
2471 3038 2702 3090 θάνατον
2755 3037 2844 3090 τὸν
2898 3037 3129 3106 ψυχικὸν
3194 3038 3288 3089 καὶ
3346 3034 3568 3089 αἰώνιον
3631 3036 3711 3104 μὴ
3756 3037 3854 3104 ὑφ-

577 3137 862 3195 ιειοτηοηι,
915 3129 1130 3183 etiamsi
1182 3129 1482 3184 naturalem
1530 3141 1583 3185 ct
1637 3133 1990 3203 temporalem
2049 3151 2156 3190 non

2272 3131 2608 3200 ιστάμενος,
2642 3131 2689 3182 εἰ
2745 3130 2840 3182 καὶ
2898 3130 2989 3202 τὸν
3048 3129 3281 3198 φυσικὸν
3355 3131 3447 3184 τόν
3515 3133 3855 3200 πρόσκαιρον

576 3219 822 3290 effugiat.

650 3307 816 3363 Vens.
856 3307 1049 3365 25-29.
1089 3328 1105 3360 ι
1161 3311 1353 3378 Amen,
1409 3328 1567 3368 amen
1619 3313 1743 3369 dico
1790 3315 1962 3379 vobis,
2019 3318 2159 3386 quod

574 3403 724 3459 venit
774 3403 928 3468 hora,
981 3416 1035 3459 et
1101 3422 1244 3462 nunc
1298 3417 1404 3473 est,
1445 3410 1661 3476 quando
1711 3414 1905 3467 mortui
1941 3415 2162 3467 audient

575 3511 760 3551 vocem
819 3494 942 3552 Filii
996 3498 1121 3553 Dei:
1172 3511 1225 3554 et
1274 3499 1364 3570 qui
1413 3501 1707 3569 audierint,
1753 3505 1955 3560 vivent.
2009 3505 2161 3561 Sicut

575 3589 719 3644 enim
750 3586 908 3645 Pater
941 3592 1104 3646 habet
1138 3594 1299 3646 vitam
1345 3594 1399 3648 in
1431 3597 1753 3666 semetipso,
1792 3599 1873 3653 sic
1913 3600 2058 3653 dedit
2105 3609 2160 3654 et

577 3678 718 3739 Filio
765 3683 818 3737 in
868 3686 1161 3754 semetipso
1212 3688 1412 3743 habere
1458 3689 1671 3744 vitam:
1733 3702 1787 3746 et
1836 3702 2157 3760 potesratem

577 3773 729 3828 dedit
761 3775 1101 3842 eijudicandi
1141 3792 1382 3847 quoque,
1418 3782 1544 3848 quia
1577 3781 1745 3837 Filius
1773 3785 2005 3838 hominis
2053 3798 2157 3840 εει.

576 3863 755 3922 Nolite
801 3867 990 3922 mirari
1034 3869 1179 3934 hoc;
1214 3863 1340 3938 quia
1376 3871 1522 3926 venit
1554 3872 1687 3930 hora
1740 3875 1792 3927 in
1820 3890 1924 3943 qua
1972 3893 2162 3932 omnes

576 3958 668 4027 qui
711 3958 766 4012 in
811 3961 1180 4016 monumentis
1228 3972 1374 4027 sunt,
1426 3963 1647 4019 audient
1684 3981 1865 4021 vocem
1910 3967 2061 4037 ejus;
2109 3979 2162 4023 et

577 4052 869 4122 prodibunt
917 4055 1007 4124 qui
1059 4055 1200 4110 bona
1250 4056 1537 4122 fecerunt,
1595 4058 1647 4112 in
1704 4061 2157 4116 resurrectionem

575 4153 741 4218 vitae;
789 4151 882 4224 qui
924 4167 1051 4208 vero
1102 4153 1242 4210 male
1291 4163 1542 4224 egerunt.
1580 4155 1633 4210 in
1699 4158 2156 4215 resurrectionem

574 4243 1062 4299 condemnationis.
1106 4262 1124 4296 ι
1164 4244 1384 4300 Dixerat
1427 4246 1681 4314 superius
1713 4251 1857 4319 quod
1905 4252 1995 4320 qui
2051 4267 2159 4306 non

576 4335 810 4391 honorat
863 4335 1094 4402 Filium,
1145 4351 1251 4392 non
1310 4338 1544 4394 honorat
1597 4339 1849 4405 Patrem,
1907 4341 2159 4398 sublimia

575 4426 820 4495 quaadam
864 4417 929 4482 de
969 4444 1030 4485 se
1071 4429 1284 4484 locutus
1312 4447 1324 4482 :
1351 4445 1472 4499 qua:
1513 4439 1572 4484 ut
1617 4446 1687 4486 ne
1732 4431 2020 4486 videantur
2067 4448 2163 4501 per

2266 3225 2555 3292 ὑποσταίη.

2344 3338 2361 3370 ι
2409 3318 2613 3389 Ἀμὴν,
2650 3318 2797 3390 ἀμὴν
2829 3318 2974 3386 λέγω
3008 3319 3163 3390 ὑμῖν,
3198 3320 3280 3373 ὅτι
3315 3318 3537 3390 ἔρχεται
3575 3316 3729 3387 ὥρα,
3763 3317 3854 3370 καὶ

2265 3411 2360 3464 νῦν
2397 3414 2577 3478 ἐστιν,
2614 3413 2700 3465 ὅτε
2737 3414 2786 3466 οί
2824 3412 3008 3484 νεκροὶ
3041 3411 3368 3466 ἀκούσονται
3403 3411 3502 3479 τῆς
3540 3410 3729 3479 φωνῆς
3761 3407 3851 3461 τοῦ

2267 3504 2398 3558 Υἱοῦ
2433 3504 2525 3558 τοῦ
2561 3505 2718 3568 Θεοῦ,
2754 3507 2847 3560 καὶ
2882 3509 2930 3560 οἱ
2967 3507 3299 3570 ἀκούσαντες
3335 3505 3620 3582 ζήσονται.
3643 3505 3855 3572 ’Ὠσπερ

2265 3599 2370 3668 γὰρ
2406 3598 2432 3648 ό
2470 3597 2658 3667 Πατὴρ
2695 3597 2839 3668 ζωὴν
2873 3597 2985 3668 ἔχει
3021 3600 3078 3650 ὲν
3112 3597 3311 3668 ἐαυτῷ,
3346 3597 3520 3660 οὕτως
3558 3596 3728 3649 ἔδωκε
3761 3596 3852 3648 καὶ

2263 3691 2342 3757 τῷ
2387 3691 2498 3759 Υἱῴ
2543 3691 2686 3760 ζωὴν
2722 3689 2866 3760 ἔχειν
2899 3693 2954 3744 ὲν
2989 3691 3200 3760 ἑαυτῷ,
3235 3691 3332 3744 καὶ
3371 3689 3623 3755 ἐξουσίαν
3657 3689 3851 3742 ἔδωκεν

2265 3783 2412 3852 αὑτῷ
2441 3783 2534 3835 καὶ
2563 3783 2743 3852 κρίσιν
2769 3786 2938 3837 ποιεῖν
2967 3800 2979 3813 ⁶
3009 3785 3090 3837 ὃτι
3121 3783 3248 3847 Υἱὸς
3276 3781 3568 3852 ἀνθρώπου
3599 3782 3737 3836 ἐστί.
3763 3781 3852 3850 Μὴ

2266 3876 2575 3945 θαυμάζετε
2603 3876 2780 3942 τοῦτο,
2808 3879 2890 3930 ὅτι
2924 3878 3143 3948 ἔρχεται
3173 3877 3310 3950 ὥρα,
3339 3871 3452 3951 ὲνῇ
3485 3876 3689 3939 πάντες
3719 3876 3768 3929 οἱ
3798 3877 3853 3927 ἑν

2265 3972 2378 4031 τοῖς
2408 3971 2696 4040 μνημείοις
2725 3960 3049 4024 ἀκούσονται
3077 3972 3180 4040 τῆς
3207 3972 3390 4039 φωνῆς
3419 3969 3611 4034 αὑτοῦ,
3641 3969 3741 4022 καὶ
3769 3969 3856 4020 ὲκ-

2267 4061 2648 4130 πορεύσονται,
2679 4062 2727 4114 οἱ
2758 4063 2825 4115 τὰ
2856 4061 3037 4132 ἀγαθά
3069 4064 3414 4135 ποιήσαντες,
3447 4065 3528 4126 είς
3555 4064 3853 4117 ἀνάστασιν

2266 4155 2435 4224 ζωῆς,
2465 4156 2512 4206 οἱ
2543 4155 2598 4208 δὲ
2628 4155 2695 4208 τὰ
2727 4156 2908 4224 φαῦλα
2942 4155 3270 4225 πράξαντες,
3300 4159 3379 4219 εἰς
3411 4156 3715 4209 ἀνάστασιν
3741 4155 3852 4226 κρί-

2266 4264 2424 4310 σεως.
2460 4265 2477 4297 ›
2512 4246 2695 4300 Εἰπὼν
2722 4249 3002 4318 ἀνωτέρω.
3027 4249 3107 4302 ὅτι
3142 4265 3160 4299 ι
3189 4246 3257 4318 Ὀ
3288 4248 3361 4319 μὴ
3387 4248 3564 4318 τιμῶν
3591 4249 3683 4300 τὸν
3709 4249 3849 4308 Υἰδν.

2264 4339 2324 4390 οὐ
2349 4341 2483 4409 τιμᾷ
2509 4341 2598 4392 τὸν
2623 4340 2861 4409 Πατέρα,
2883 4342 2976 4395 καὶ
2997 4341 3179 4411 ὑψηλά
3200 4359 3322 4395 τινα
3345 4342 3474 4412 περί
3495 4339 3664 4394 αὐτοῦ
3692 4341 3852 4408 φοεγ-

2267 4430 2498 4499 ξάμενος
2517 4473 2530 4494 ,
2564 4432 2651 4484 ἶνα
2689 4431 2763 4502 μὴ
2797 4431 2921 4503 δόξῃ
2959 4433 3174 4502 κόμπος
3202 4428 3342 4486 εἶναι
3368 4431 3404 4485 ἃ.
3431 4432 3614 4499 λέγει,
3645 4436 3742 4487 καὶ
3768 4433 3854 4485 v.3-

575 4521 942 4592 arrogantiam
987 4533 1042 4577 et
1089 4523 1304 4578 inanem
1345 4523 1573 4595 gloriam
1609 4525 1786 4590 dicta,
1820 4525 2064 4596 adjungit
2110 4537 2160 4581 et

2271 4539 2368 4590 φος
2403 4524 2647 4587 διάκενος
2671 4565 2685 4587 ,
2720 4525 2950 4593 παρέχει
2987 4523 3080 4576 καὶ
3111 4522 3207 4595 τὴν
3242 4523 3330 4577 διὰ
3364 4523 3473 4577 τῶν
3506 4522 3688 4592 ἔργων
3721 4523 3853 4576 ἀπό-

575 4619 1095 4675 demonstrationem
1150 4635 1246 4689 per
1293 4634 1493 4691 opera,
1544 4619 1732 4676 dicens
1770 4639 1788 4672 ι
1819 4620 1971 4688 Quod
2016 4621 2161 4676 venit

575 4711 733 4767 hora.
764 4731 782 4764 ι
818 4713 1028 4767 Deinde
1081 4723 1140 4768 ut
1169 4729 1241 4769 ne
1289 4713 1507 4782 longum
1546 4715 1898 4783 suspicentur
1929 4725 2158 4801 tempus,

577 4807 750 4878 inquit
791 4826 807 4859 ι
851 4807 916 4862 Ει
965 4823 1110 4863 nunc
1172 4818 1280 4875 est,
1319 4809 1535 4879 quando
1566 4809 1768 4864 mortui
1813 4808 2038 4864 audient
2068 4828 2163 4866 vo-

577 4915 694 4957 cem
751 4900 872 4956 Filii
929 4901 1049 4966 Dei,
1089 4921 1106 4954 ι
1150 4902 1254 4956 hoc
1300 4912 1404 4967 est,
1471 4917 1644 4956 meam
1675 4942 1688 4968 ,
1737 4901 1829 4972 qui
1883 4903 2160 4959 vobiscum

577 5009 894 5050 conversor.
925 4995 1061 5049 Dicit
1089 5003 1268 5050 autem
1301 4997 1415 5051 haec
1439 4998 1504 5051 de
1538 4995 1603 5051 iis
1628 5011 1766 5066 quos
1795 4997 2161 5053 suscitaturus

577 5096 730 5152 erat;
766 5096 822 5140 ut
859 5088 924 5142 de
955 5086 1064 5143 lilio
1090 5088 1286 5153 viduae,
1320 5087 1429 5142 lilia
1455 5089 1868 5159 archisynagogi
1901 5099 1952 5144 et
1987 5089 2158 5144 Laza-

580 5195 663 5234 ro.
698 5178 900 5235 Deinde
925 5191 974 5234 et
1016 5181 1278 5235 rationem
1311 5179 1466 5235 aﬂ'ert
1511 5181 1780 5236 dictorum
1815 5183 2158 5237 demonstra-

579 5275 742 5327 tivam
772 5291 785 5338 ;
812 5272 943 5327 dicit
975 5274 1157 5328 enim:
1223 5292 1240 5325 ι
1277 5274 1426 5329 Sicut
1461 5273 1619 5329 Pater
1672 5276 1835 5330 vitam
1888 5276 2052 5330 habet
2106 5277 2158 5330 in

581 5363 893 5435 semetipso,
951 5366 1018 5420 itu
1085 5365 1228 5420 dedit
1287 5377 1341 5422 et
1403 5365 1538 5422 Filio
1596 5367 1760 5422 vitam
1817 5368 2020 5425 habere
2106 5370 2156 5424 in

582 5459 896 5527 semetipso,
940 5478 956 5510 ι
999 5468 1057 5512 ιιι
1083 5459 1313 5514 viviﬁcet
1349 5461 1630 5515 audientes
1654 5476 1841 5516 vocem
1878 5466 2016 5532 ejus.
2044 5463 2157 5517 Non

581 5549 755 5605 solum
788 5557 964 5604 autem
995 5559 1316 5619 potestatem
1352 5552 1496 5606 dedit
1531 5551 1580 5608 ei
1608 5553 1939 5617 viviﬁcandi,
1975 5557 2066 5609 sed
2107 5563 2158 5606 et

586 5643 814 5699 faciendi
854 5642 1115 5711 judicium
1153 5651 1207 5698 et
1241 5646 1518 5714 puniendi.
1559 5647 1716 5715 Saepe
1740 5657 1917 5701 autem
1967 5649 2018 5702 in
2048 5665 2157 5702 me-

581 5737 724 5790 dium
791 5739 946 5796 affert
1016 5755 1296 5795 sermones
1355 5739 1420 5794 de
1466 5741 1704 5810 judicio,
1771 5750 1828 5794 ut
1884 5743 2156 5797 auditores

582 5832 795 5885 excitet.
831 5833 926 5889 Cui
964 5833 1105 5888 enim
1149 5847 1464 5903 persuasum
1501 5844 1582 5889 est
1625 5834 1765 5904 quod
1812 5834 2158 5889 sustitandus

2269 4616 2433 4682 δειξιν
2462 4617 2655 4684 λέγων,
2683 4617 2764 4670 ὅτι
2797 4636 2814 4668 ι
2845 4619 3108 4687 Ἔρχεται
3134 4616 3272 4690 ὥρα·
3297 4637 3315 4669 ι
3350 4611 3493 4682 εἶτα,
3525 4617 3612 4670 ἵνα
3644 4617 3721 4688 μὴ
3751 4634 3849 4683 μα-

2269 4709 2397 4781 κρὸν
2419 4711 2849 4780 ὑποπτεύσωμεν
2870 4711 2960 4762 τὸν
2984 4712 3195 4781 χρόνον,
3223 4709 3375 4780 φησι·
3412 4713 3550 4765 «Καὶ
3570 4710 3666 4765 νῦν
3690 4711 3850 4772 ἒσπν.

2268 4807 2354 4859 ὅτε
2382 4806 2430 4859 οί
2455 4806 2639 4876 νεκροὶ
2664 4805 2986 4859 ἀκούσονται
3010 4809 3109 4876 τῆς
3137 4805 3322 4876 φωνῆς
3343 4805 3439 4859 τοῦ
3468 4804 3625 4871 Υίοῦ,
3657 4826 3676 4860 ι
3706 4825 3853 4860 τουτ-

2266 4903 2403 4964 έστι,
2434 4901 2529 4952 νῦν
2559 4900 2691 4970 ἐμοῦ
2725 4901 2844 4971 μεθ’
2869 4901 3023 4971 ὑμῶν
3051 4901 3441 4971 διατρίϐοντος.
3472 4901 3661 4958 Ταῦτα
3690 4903 3746 4957 δὲ
3772 4902 3853 4956 λέ-

2265 5013 2350 5062 γει
2384 4997 2510 5064 περι
2536 4989 2610 5048 ῶν
2634 4995 2856 5064 ἔμελλεν
2878 4995 3182 5066 ἀναστῆσαι
3210 4997 3442 5067 νεκρῶν,
3479 4992 3591 5050 οἷον
3612 4997 3710 5052 τοῦ
3740 4997 3849 5052 υἱοῦ

2265 5086 2364 5153 τῆς
2412 5087 2606 5156 χήρας,
2648 5087 2746 5156 τῆς
2791 5087 3060 5157 θυγατρὸς
3101 5086 3196 5140 τοῦ
3241 5088 3723 5158 ἀρχισυναγώγου,
3762 5091 3849 5144 καὶ

2265 5176 2358 5230 τοῦ
2391 5177 2662 5249 Λαζάρου.
2695 5175 2828 5233 Εἶτα
2855 5181 2949 5232 καὶ
2976 5179 3235 5249 λογισμὸν
3266 5181 3464 5249 ἐπάγει
3491 5181 3602 5233 τῶν
3632 5182 3849 5250 εἰρημέ-

2266 5289 2371 5323 νων
2414 5273 2815 5326 ἀποδεικτικόν.
2867 5291 2885 5325 t
2919 5273 3130 5343 ’Ὠσπερ
3176 5274 3305 5342 γὰρ,
3354 5275 3540 5341 φησὶν,
3588 5275 3617 5325 ό
3667 5273 3845 5342 Πατὴρ

2265 5365 2411 5435 ζωὴν
2443 5365 2556 5434 ἔχει
2593 5368 2650 5417 ἐν
2682 5365 2878 5434 ἑαυτῷ,
2911 5365 3085 5428 οὕτως
3117 5367 3284 5419 ἔδωκε
3320 5367 3416 5418 καὶ
3444 5366 3522 5436 τῷ
3560 5365 3673 5434 Υἰῴ
3708 5364 3843 5433 ξωῇν

2265 5459 2406 5528 ἔχειν
2437 5463 2492 5512 ἐν
2519 5459 2697 5529 ἑαυτῴ
2719 5477 2730 5488 ·
2770 5479 2786 5509 ι
2819 5460 2902 5514 ἵνα
2938 5460 3176 5531 ζωογονῇ
3203 5462 3327 5522 τοὺς
3356 5461 3658 5523 ἀκούοντας
3689 5458 3841 5514 αὑτοῦ

2265 5553 2358 5620 τῆς
2393 5552 2596 5620 φωνῆς.
2625 5553 2700 5604 Οὐ
2737 5552 2895 5620 μόνον
2921 5553 2976 5606 δὲ
3004 5551 3250 5617 ἐξουσίαν
3272 5553 3508 5606 δέδωκεν
3534 5552 3686 5622 αὐτῷ
3718 5553 3837 5617 ζωο-

2263 5649 2461 5713 γονεῖν,
2499 5646 2636 5700 ἀλλὰ
2685 5647 2778 5698 καὶ
2823 5647 3002 5718 κρίσιν
3040 5649 3233 5711 ποιεῖν,
3278 5646 3419 5700 ὥστε
3465 5646 3718 5710 κολάζειν
3757 5647 3839 5698 καὶ

2261 5739 2640 5811 τιμωρεῖσθαι.
2681 5739 2926 5808 Συνεχῶς
2961 5740 3016 5792 δὲ
3052 5742 3175 5804 τοὺς
3216 5742 3344 5812 περὶ
3384 5742 3619 5810 κρίσεως
3660 5741 3836 5805 λέγως

2265 5835 2337 5895 εἷς
2378 5835 2433 5887 te
2480 5834 2640 5904 μέσον
2683 5833 2823 5901 ἄγει,
2870 5834 2955 5889 ἵνα.
2996 5834 3117 5899 τοὺς
3157 5834 3431 5908 ἀκροατὰς
3475 5837 3832 5903 ἐπαγάγηται.
