  <div class='ocr_page' id='page_1' title='image "/cluster/home/n/w/nwhite01/storage/ocr_20150623/123/pst.000005714384/658.png"; bbox 0 0 4078 6330; ppageno 0'>
   <div class='ocr_carea' id='block_1_1' title="bbox 218 374 356 442">
    <p class='ocr_par' dir='ltr' id='par_1_1' title="bbox 218 374 356 442">
     <span class='ocr_line' id='line_1_1' title="bbox 218 374 356 442; baseline 0.007 -1"><span class='ocrx_word' id='word_1_1' title='bbox 218 374 356 442; x_wconf 77' lang='lat'><strong>1273</strong></span> 
     </span>
    </p>
   </div>
   <div class='ocr_carea' id='block_1_2' title="bbox 929 361 1841 437">
    <p class='ocr_par' dir='ltr' id='par_1_2' title="bbox 929 370 1841 437">
     <span class='ocr_line' id='line_1_2' title="bbox 929 370 1841 437; baseline -0.001 -2"><span class='ocrx_word' id='word_1_2' title='bbox 929 373 1376 437; x_wconf 60' lang='grc' dir='ltr'><strong>ΕῗῗᾹΒΙὶᾹΤῐΟ</strong></span> <span class='ocrx_word' id='word_1_3' title='bbox 1416 372 1498 435; x_wconf 86' lang='grc' dir='ltr'><strong>ΙΝ</strong></span> <span class='ocrx_word' id='word_1_4' title='bbox 1541 370 1841 435; x_wconf 80' lang='lat' dir='ltr'><strong>EVANGE</strong></span> 
     </span>
    </p>
   </div>
   <div class='ocr_carea' id='block_1_3' title="bbox 1947 361 2830 437">
    <p class='ocr_par' dir='ltr' id='par_1_3' title="bbox 1947 361 2830 433">
     <span class='ocr_line' id='line_1_3' title="bbox 1947 361 2830 433; baseline -0.015 0"><span class='ocrx_word' id='word_1_5' title='bbox 1947 370 2054 433; x_wconf 80' lang='lat' dir='ltr'><strong>UM</strong></span> <span class='ocrx_word' id='word_1_6' title='bbox 2088 365 2438 431; x_wconf 66' lang='lat' dir='ltr'><strong>JOANNIS.</strong></span> <span class='ocrx_word' id='word_1_7' title='bbox 2467 389 2535 400; x_wconf 92' lang='lat'>--</span> <span class='ocrx_word' id='word_1_8' title='bbox 2562 361 2724 425; x_wconf 83' lang='lat' dir='ltr'><strong>CAP.</strong></span> <span class='ocrx_word' id='word_1_9' title='bbox 2766 361 2830 421; x_wconf 76' lang='grc' dir='ltr'>ν.</span> 
     </span>
    </p>
   </div>
   <div class='ocr_carea' id='block_1_4' title="bbox 3399 348 3541 417">
    <p class='ocr_par' dir='ltr' id='par_1_4' title="bbox 3399 348 3541 417">
     <span class='ocr_line' id='line_1_4' title="bbox 3399 348 3541 417; baseline -0.021 0"><span class='ocrx_word' id='word_1_10' title='bbox 3399 348 3541 417; x_wconf 71' lang='grc'><strong>1274</strong></span> 
     </span>
    </p>
   </div>
   <div class='ocr_carea' id='block_1_5' title="bbox 222 464 1841 563">
    <p class='ocr_par' dir='ltr' id='par_1_5' title="bbox 222 487 1819 563">
     <span class='ocr_line' id='line_1_5' title="bbox 222 487 1819 563; baseline -0.006 -12"><span class='ocrx_word' id='word_1_11' title='bbox 222 495 285 551; x_wconf 85' lang='grc' dir='ltr'>Ὀ</span> <span class='ocrx_word' id='word_1_12' title='bbox 317 492 423 563; x_wconf 72' lang='grc' dir='ltr'><strong>γάρ</strong></span> <span class='ocrx_word' id='word_1_13' title='bbox 455 491 718 558; x_wconf 69' lang='grc' dir='ltr'>πεισθεὶς,</span> <span class='ocrx_word' id='word_1_14' title='bbox 750 491 831 545; x_wconf 78' lang='grc' dir='ltr'><strong>ὅτι</strong></span> <span class='ocrx_word' id='word_1_15' title='bbox 859 489 953 545; x_wconf 75' lang='grc' dir='ltr'><strong>καὶ</strong></span> <span class='ocrx_word' id='word_1_16' title='bbox 980 491 1375 561; x_wconf 69' lang='grc' dir='ltr'><strong>ἀναστήσεται,</strong></span> <span class='ocrx_word' id='word_1_17' title='bbox 1406 491 1503 543; x_wconf 72' lang='grc' dir='ltr'><strong>καὶ</strong></span> <span class='ocrx_word' id='word_1_18' title='bbox 1532 487 1684 559; x_wconf 79' lang='grc' dir='ltr'>αὐτῷ</span> <span class='ocrx_word' id='word_1_19' title='bbox 1714 487 1819 542; x_wconf 86' lang='grc' dir='ltr'><strong>δώ-</strong></span> 
     </span>
    </p>
   </div>
   <div class='ocr_carea' id='block_1_6' title="bbox 1947 464 3540 563">
    <p class='ocr_par' dir='ltr' id='par_1_6' title="bbox 1947 464 3540 552">
     <span class='ocr_line' id='line_1_6' title="bbox 1947 464 3540 552; baseline -0.009 -17"><span class='ocrx_word' id='word_1_20' title='bbox 1947 486 2003 540; x_wconf 75' lang='lat' dir='ltr'><strong>,it</strong></span> <span class='ocrx_word' id='word_1_21' title='bbox 2044 491 2365 552; x_wconf 76' lang='lat' dir='ltr'><strong>recepturus</strong></span> <span class='ocrx_word' id='word_1_22' title='bbox 2395 476 2720 532; x_wconf 83' lang='lat' dir='ltr'><strong>delictorum</strong></span> <span class='ocrx_word' id='word_1_23' title='bbox 2748 484 2939 544; x_wconf 74' lang='lat' dir='ltr'><strong>pmnas</strong></span> <span class='ocrx_word' id='word_1_24' title='bbox 2963 509 2976 531; x_wconf 88' lang='lat'><strong>,</strong></span> <span class='ocrx_word' id='word_1_25' title='bbox 3013 466 3240 522; x_wconf 86' lang='lat' dir='ltr'><strong>omnino</strong></span> <span class='ocrx_word' id='word_1_26' title='bbox 3266 465 3438 519; x_wconf 91' lang='lat' dir='ltr'><strong>currit</strong></span> <span class='ocrx_word' id='word_1_27' title='bbox 3471 464 3540 520; x_wconf 73' lang='lat' dir='ltr'><strong>ad</strong></span> 
     </span>
    </p>
   </div>
   <div class='ocr_carea' id='block_1_7' title="bbox 212 563 1821 652">
    <p class='ocr_par' dir='ltr' id='par_1_7' title="bbox 212 563 1821 652">
     <span class='ocr_line' id='line_1_7' title="bbox 212 563 1821 652; baseline -0.006 -13"><span class='ocrx_word' id='word_1_28' title='bbox 212 602 299 639; x_wconf 81' lang='grc' dir='ltr'><strong>σει</strong></span> <span class='ocrx_word' id='word_1_29' title='bbox 337 583 437 647; x_wconf 77' lang='grc' dir='ltr'><strong>τὰς</strong></span> <span class='ocrx_word' id='word_1_30' title='bbox 478 583 711 646; x_wconf 66' lang='grc' dir='ltr'>εὐθύνας</span> <span class='ocrx_word' id='word_1_31' title='bbox 752 581 864 634; x_wconf 85' lang='grc' dir='ltr'>τῶν</span> <span class='ocrx_word' id='word_1_32' title='bbox 906 563 1492 652; x_wconf 81' lang='grc' dir='ltr'>πεπλημμελημὲνων,</span> <span class='ocrx_word' id='word_1_33' title='bbox 1538 578 1821 649; x_wconf 75' lang='grc' dir='ltr'>προσδρα-</span> 
     </span>
    </p>
   </div>
   <div class='ocr_carea' id='block_1_8' title="bbox 214 669 1820 749">
    <p class='ocr_par' dir='ltr' id='par_1_8' title="bbox 214 669 1820 749">
     <span class='ocr_line' id='line_1_8' title="bbox 214 669 1820 749; baseline -0.004 -19"><span class='ocrx_word' id='word_1_34' title='bbox 214 680 399 748; x_wconf 82' lang='grc' dir='ltr'>μεῖται</span> <span class='ocrx_word' id='word_1_35' title='bbox 440 677 657 740; x_wconf 77' lang='grc' dir='ltr'>πάντως</span> <span class='ocrx_word' id='word_1_36' title='bbox 700 673 873 749; x_wconf 74' lang='grc' dir='ltr'>αὐτῷ,</span> <span class='ocrx_word' id='word_1_37' title='bbox 915 672 1293 744; x_wconf 80' lang='grc' dir='ltr'>ὲξιλεούμενος</span> <span class='ocrx_word' id='word_1_38' title='bbox 1334 671 1524 736; x_wconf 69' lang='grc' dir='ltr'>αὑτὸν,</span> <span class='ocrx_word' id='word_1_39' title='bbox 1565 671 1641 735; x_wconf 84' lang='grc' dir='ltr'><strong>ὡς</strong></span> <span class='ocrx_word' id='word_1_40' title='bbox 1687 669 1820 742; x_wconf 82' lang='grc' dir='ltr'>μέλ·</span> 
     </span>
    </p>
   </div>
   <div class='ocr_carea' id='block_1_9' title="bbox 210 762 1821 837">
    <p class='ocr_par' dir='ltr' id='par_1_9' title="bbox 210 762 1821 837">
     <span class='ocr_line' id='line_1_9' title="bbox 210 762 1821 837; baseline -0.005 -15"><span class='ocrx_word' id='word_1_41' title='bbox 210 770 376 823; x_wconf 87' lang='grc' dir='ltr'>λοντα</span> <span class='ocrx_word' id='word_1_42' title='bbox 408 767 575 821; x_wconf 71' lang='grc' dir='ltr'>αὐτοῦ</span> <span class='ocrx_word' id='word_1_43' title='bbox 612 767 807 837; x_wconf 82' lang='grc' dir='ltr'>κριτὴν</span> <span class='ocrx_word' id='word_1_44' title='bbox 840 765 1085 820; x_wconf 75' lang='grc' dir='ltr'>ἔσεσθαι.</span> <span class='ocrx_word' id='word_1_45' title='bbox 1122 765 1214 835; x_wconf 79' lang='grc' dir='ltr'><strong>Μὴ</strong></span> <span class='ocrx_word' id='word_1_46' title='bbox 1250 763 1564 834; x_wconf 78' lang='grc' dir='ltr'>θαυμάζετε</span> <span class='ocrx_word' id='word_1_47' title='bbox 1610 762 1665 815; x_wconf 78' lang='grc' dir='ltr'>δὲ</span> <span class='ocrx_word' id='word_1_48' title='bbox 1688 804 1704 827; x_wconf 92' lang='grc'><strong>,</strong></span> <span class='ocrx_word' id='word_1_49' title='bbox 1736 762 1821 815; x_wconf 85' lang='grc' dir='ltr'>ὄτι</span> 
     </span>
    </p>
   </div>
   <div class='ocr_carea' id='block_1_10' title="bbox 1926 555 3541 648">
    <p class='ocr_par' dir='ltr' id='par_1_10' title="bbox 1926 555 3541 648">
     <span class='ocr_line' id='line_1_10' title="bbox 1926 555 3541 648; baseline -0.015 -14"><span class='ocrx_word' id='word_1_50' title='bbox 1926 579 2106 648; x_wconf 80' lang='lat' dir='ltr'><strong>ipsum</strong></span> <span class='ocrx_word' id='word_1_51' title='bbox 2160 574 2450 644; x_wconf 78' lang='lat' dir='ltr'><strong>placatque</strong></span> <span class='ocrx_word' id='word_1_52' title='bbox 2501 577 2558 623; x_wconf 82' lang='lat' dir='ltr'><strong>ut</strong></span> <span class='ocrx_word' id='word_1_53' title='bbox 2611 574 2772 623; x_wconf 87' lang='lat' dir='ltr'><strong>suum</strong></span> <span class='ocrx_word' id='word_1_54' title='bbox 2827 563 3071 618; x_wconf 81' lang='lat' dir='ltr'><strong>futurum</strong></span> <span class='ocrx_word' id='word_1_55' title='bbox 3143 558 3409 629; x_wconf 77' lang='lat' dir='ltr'><strong>judicent.</strong></span> <span class='ocrx_word' id='word_1_56' title='bbox 3464 555 3541 610; x_wconf 76' lang='lat' dir='ltr'><strong>Ne</strong></span> 
     </span>
    </p>
   </div>
   <div class='ocr_carea' id='block_1_11' title="bbox 1925 653 3539 731">
    <p class='ocr_par' dir='ltr' id='par_1_11' title="bbox 1925 653 3539 731">
     <span class='ocr_line' id='line_1_11' title="bbox 1925 653 3539 731; baseline -0.016 -5"><span class='ocrx_word' id='word_1_57' title='bbox 1925 667 2274 726; x_wconf 82' lang='lat' dir='ltr'><strong>admiremini</strong></span> <span class='ocrx_word' id='word_1_58' title='bbox 2310 675 2491 719; x_wconf 91' lang='lat' dir='ltr'><strong>autem</strong></span> <span class='ocrx_word' id='word_1_59' title='bbox 2541 660 2685 731; x_wconf 90' lang='lat' dir='ltr'><strong>quod</strong></span> <span class='ocrx_word' id='word_1_60' title='bbox 2731 656 2903 712; x_wconf 86' lang='lat' dir='ltr'><strong>Filius</strong></span> <span class='ocrx_word' id='word_1_61' title='bbox 2940 653 3177 710; x_wconf 87' lang='lat' dir='ltr'><strong>hominis</strong></span> <span class='ocrx_word' id='word_1_62' title='bbox 3243 661 3372 711; x_wconf 86' lang='lat' dir='ltr'><strong>est;</strong></span> <span class='ocrx_word' id='word_1_63' title='bbox 3411 663 3539 702; x_wconf 90' lang='lat' dir='ltr'><strong>nam</strong></span> 
     </span>
    </p>
   </div>
   <div class='ocr_carea' id='block_1_12' title="bbox 1926 740 3541 833">
    <p class='ocr_par' dir='ltr' id='par_1_12' title="bbox 1926 740 3541 833">
     <span class='ocr_line' id='line_1_12' title="bbox 1926 740 3541 833; baseline -0.017 -13"><span class='ocrx_word' id='word_1_64' title='bbox 1926 760 2179 833; x_wconf 83' lang='lat' dir='ltr'><strong>quamvis</strong></span> <span class='ocrx_word' id='word_1_65' title='bbox 2214 758 2388 813; x_wconf 83' lang='lat' dir='ltr'><strong>Filius</strong></span> <span class='ocrx_word' id='word_1_66' title='bbox 2432 753 2693 817; x_wconf 89' lang='lat' dir='ltr'><strong>hominis,</strong></span> <span class='ocrx_word' id='word_1_67' title='bbox 2728 760 2811 805; x_wconf 91' lang='lat' dir='ltr'><strong>est</strong></span> <span class='ocrx_word' id='word_1_68' title='bbox 2843 759 3030 805; x_wconf 86' lang='lat' dir='ltr'><strong>tamen</strong></span> <span class='ocrx_word' id='word_1_69' title='bbox 3077 755 3124 799; x_wconf 86' lang='lat' dir='ltr'><strong>el</strong></span> <span class='ocrx_word' id='word_1_70' title='bbox 3168 744 3331 799; x_wconf 91' lang='lat' dir='ltr'><strong>Deus.</strong></span> <span class='ocrx_word' id='word_1_71' title='bbox 3370 741 3437 796; x_wconf 85' lang='lat' dir='ltr'><strong>Et</strong></span> <span class='ocrx_word' id='word_1_72' title='bbox 3467 740 3541 796; x_wconf 86' lang='lat' dir='ltr'><strong>ita</strong></span> 
     </span>
    </p>
   </div>
   <div class='ocr_carea' id='block_1_13' title="bbox 213 835 1841 930">
    <p class='ocr_par' dir='ltr' id='par_1_13' title="bbox 213 835 1820 930">
     <span class='ocr_line' id='line_1_13' title="bbox 213 835 1820 930; baseline -0.006 -13"><span class='ocrx_word' id='word_1_73' title='bbox 213 861 345 926; x_wconf 78' lang='grc' dir='ltr'>Υἱὸς</span> <span class='ocrx_word' id='word_1_74' title='bbox 388 835 687 930; x_wconf 78' lang='grc' dir='ltr'>ἀνθρώπου</span> <span class='ocrx_word' id='word_1_75' title='bbox 732 835 899 915; x_wconf 72' lang='grc' dir='ltr'>ἐστίν.</span> <span class='ocrx_word' id='word_1_76' title='bbox 951 860 1013 913; x_wconf 84' lang='grc' dir='ltr'><strong>Εἰ</strong></span> <span class='ocrx_word' id='word_1_77' title='bbox 1058 858 1169 929; x_wconf 80' lang='grc' dir='ltr'>γὰρ</span> <span class='ocrx_word' id='word_1_78' title='bbox 1215 860 1308 911; x_wconf 78' lang='grc' dir='ltr'><strong>καὶ</strong></span> <span class='ocrx_word' id='word_1_79' title='bbox 1352 856 1480 921; x_wconf 79' lang='grc' dir='ltr'>Υἱὸς</span> <span class='ocrx_word' id='word_1_80' title='bbox 1526 855 1820 925; x_wconf 80' lang='grc' dir='ltr'>ἀνθρώπου</span> 
     </span>
    </p>
   </div>
   <div class='ocr_carea' id='block_1_14' title="bbox 1947 835 3540 930">
    <p class='ocr_par' dir='ltr' id='par_1_14' title="bbox 1953 835 3540 909">
     <span class='ocr_line' id='line_1_14' title="bbox 1953 835 3540 909; baseline -0.014 -2"><span class='ocrx_word' id='word_1_81' title='bbox 1953 856 2199 909; x_wconf 84' lang='lat' dir='ltr'><strong>udicium</strong></span> <span class='ocrx_word' id='word_1_82' title='bbox 2234 850 2431 907; x_wconf 89' lang='lat' dir='ltr'><strong>merito</strong></span> <span class='ocrx_word' id='word_1_83' title='bbox 2466 849 2631 905; x_wconf 88' lang='lat' dir='ltr'><strong>habet</strong></span> <span class='ocrx_word' id='word_1_84' title='bbox 2666 847 2809 901; x_wconf 89' lang='lat' dir='ltr'><strong>sicut</strong></span> <span class='ocrx_word' id='word_1_85' title='bbox 2845 843 3017 899; x_wconf 85' lang='lat' dir='ltr'><strong>Filius</strong></span> <span class='ocrx_word' id='word_1_86' title='bbox 3072 840 3189 894; x_wconf 88' lang='lat' dir='ltr'><strong>Dei.</strong></span> <span class='ocrx_word' id='word_1_87' title='bbox 3246 835 3304 892; x_wconf 90' lang='lat' dir='ltr'><strong>Si</strong></span> <span class='ocrx_word' id='word_1_88' title='bbox 3357 845 3540 891; x_wconf 88' lang='lat' dir='ltr'><strong>autem</strong></span> 
     </span>
    </p>
   </div>
   <div class='ocr_carea' id='block_1_15' title="bbox 213 945 1821 1022">
    <p class='ocr_par' dir='ltr' id='par_1_15' title="bbox 213 945 1821 1022">
     <span class='ocr_line' id='line_1_15' title="bbox 213 945 1821 1022; baseline -0.005 -14"><span class='ocrx_word' id='word_1_89' title='bbox 213 953 403 1019; x_wconf 73' lang='grc' dir='ltr'>ἐστὶν,</span> <span class='ocrx_word' id='word_1_90' title='bbox 438 953 573 1007; x_wconf 68' lang='grc' dir='ltr'>ἀλλὰ</span> <span class='ocrx_word' id='word_1_91' title='bbox 608 954 702 1007; x_wconf 79' lang='grc' dir='ltr'>καὶ</span> <span class='ocrx_word' id='word_1_92' title='bbox 738 953 873 1017; x_wconf 79' lang='grc' dir='ltr'>Θεός</span> <span class='ocrx_word' id='word_1_93' title='bbox 905 954 1055 1005; x_wconf 75' lang='grc' dir='ltr'>ἐστιν</span> <span class='ocrx_word' id='word_1_94' title='bbox 1082 966 1096 980; x_wconf 83' lang='lat'>&#39;</span> <span class='ocrx_word' id='word_1_95' title='bbox 1132 951 1275 1007; x_wconf 83' lang='grc' dir='ltr'>ὥστε</span> <span class='ocrx_word' id='word_1_96' title='bbox 1308 949 1410 1022; x_wconf 82' lang='grc' dir='ltr'><strong>τὴν</strong></span> <span class='ocrx_word' id='word_1_97' title='bbox 1446 947 1635 1021; x_wconf 85' lang='grc' dir='ltr'>κρίσιν</span> <span class='ocrx_word' id='word_1_98' title='bbox 1669 945 1821 1000; x_wconf 84' lang='grc' dir='ltr'>είκό-</span> 
     </span>
    </p>
   </div>
   <div class='ocr_carea' id='block_1_16' title="bbox 215 1037 1824 1117">
    <p class='ocr_par' dir='ltr' id='par_1_16' title="bbox 215 1037 1824 1117">
     <span class='ocr_line' id='line_1_16' title="bbox 215 1037 1824 1117; baseline -0.005 -18"><span class='ocrx_word' id='word_1_99' title='bbox 215 1063 324 1110; x_wconf 86' lang='grc' dir='ltr'><strong>τως</strong></span> <span class='ocrx_word' id='word_1_100' title='bbox 358 1046 508 1117; x_wconf 76' lang='grc' dir='ltr'>ἔχει,</span> <span class='ocrx_word' id='word_1_101' title='bbox 540 1044 617 1109; x_wconf 85' lang='grc' dir='ltr'><strong>ὡς</strong></span> <span class='ocrx_word' id='word_1_102' title='bbox 648 1044 776 1109; x_wconf 58' lang='lat' dir='ltr'><strong>rte;</strong></span> <span class='ocrx_word' id='word_1_103' title='bbox 808 1043 969 1097; x_wconf 80' lang='grc' dir='ltr'>Θεοῦ.</span> <span class='ocrx_word' id='word_1_104' title='bbox 1002 1044 1064 1096; x_wconf 88' lang='grc' dir='ltr'>Εί</span> <span class='ocrx_word' id='word_1_105' title='bbox 1093 1043 1151 1097; x_wconf 75' lang='grc' dir='ltr'>δὲ</span> <span class='ocrx_word' id='word_1_106' title='bbox 1181 1044 1275 1099; x_wconf 56' lang='grc' dir='ltr'><strong>καὶ⁹</strong></span> <span class='ocrx_word' id='word_1_107' title='bbox 1304 1041 1597 1113; x_wconf 78' lang='grc' dir='ltr'>ἄνθρωπος</span> <span class='ocrx_word' id='word_1_108' title='bbox 1628 1037 1824 1106; x_wconf 64' lang='grc' dir='ltr'>φαίνει</span> 
     </span>
    </p>
   </div>
   <div class='ocr_carea' id='block_1_17' title="bbox 213 1131 1824 1210">
    <p class='ocr_par' dir='ltr' id='par_1_17' title="bbox 213 1131 1824 1210">
     <span class='ocr_line' id='line_1_17' title="bbox 213 1131 1824 1210; baseline -0.006 -17"><span class='ocrx_word' id='word_1_109' title='bbox 213 1156 329 1202; x_wconf 88' lang='grc' dir='ltr'>ται,</span> <span class='ocrx_word' id='word_1_110' title='bbox 366 1138 443 1210; x_wconf 78' lang='grc' dir='ltr'>μὴ</span> <span class='ocrx_word' id='word_1_111' title='bbox 475 1138 815 1208; x_wconf 76' lang='grc' dir='ltr'>θαυμάζετε.</span> <span class='ocrx_word' id='word_1_112' title='bbox 845 1135 968 1207; x_wconf 83' lang='grc' dir='ltr'><strong>Χρὴ</strong></span> <span class='ocrx_word' id='word_1_113' title='bbox 997 1135 1056 1189; x_wconf 83' lang='grc' dir='ltr'>δὲ</span> <span class='ocrx_word' id='word_1_114' title='bbox 1085 1137 1404 1205; x_wconf 83' lang='grc' dir='ltr'>γινώσκειν,</span> <span class='ocrx_word' id='word_1_115' title='bbox 1436 1136 1517 1188; x_wconf 84' lang='grc' dir='ltr'>ὅτι</span> <span class='ocrx_word' id='word_1_116' title='bbox 1551 1131 1767 1194; x_wconf 74' lang='grc' dir='ltr'>Πειῦλος</span> <span class='ocrx_word' id='word_1_117' title='bbox 1796 1131 1824 1184; x_wconf 88' lang='grc' dir='ltr'><strong>ό</strong></span> 
     </span>
    </p>
   </div>
   <div class='ocr_carea' id='block_1_18' title="bbox 216 1222 1827 1301">
    <p class='ocr_par' dir='ltr' id='par_1_18' title="bbox 216 1222 1827 1301">
     <span class='ocr_line' id='line_1_18' title="bbox 216 1222 1827 1301; baseline -0.004 -18"><span class='ocrx_word' id='word_1_118' title='bbox 216 1230 594 1301; x_wconf 78' lang='grc' dir='ltr'>Σαμοσατεὺς,</span> <span class='ocrx_word' id='word_1_119' title='bbox 644 1229 799 1300; x_wconf 77' lang='grc' dir='ltr'>ψιλὸν</span> <span class='ocrx_word' id='word_1_120' title='bbox 845 1228 1137 1299; x_wconf 77' lang='grc' dir='ltr'>ἄνθρωπον</span> <span class='ocrx_word' id='word_1_121' title='bbox 1180 1226 1529 1298; x_wconf 73' lang='grc' dir='ltr'><strong>δογματίζων</strong></span> <span class='ocrx_word' id='word_1_122' title='bbox 1571 1223 1663 1278; x_wconf 80' lang='grc' dir='ltr'><strong>τὸν</strong></span> <span class='ocrx_word' id='word_1_123' title='bbox 1707 1222 1827 1279; x_wconf 80' lang='grc' dir='ltr'><strong>Κύ-</strong></span> 
     </span>
    </p>
   </div>
   <div class='ocr_carea' id='block_1_19' title="bbox 220 1315 1827 1393">
    <p class='ocr_par' dir='ltr' id='par_1_19' title="bbox 220 1315 1827 1393">
     <span class='ocr_line' id='line_1_19' title="bbox 220 1315 1827 1393; baseline -0.004 -19"><span class='ocrx_word' id='word_1_124' title='bbox 220 1338 371 1393; x_wconf 87' lang='grc' dir='ltr'>ριον,</span> <span class='ocrx_word' id='word_1_125' title='bbox 418 1320 593 1385; x_wconf 77' lang='grc' dir='ltr'>οὕτως</span> <span class='ocrx_word' id='word_1_126' title='bbox 645 1320 985 1389; x_wconf 83' lang='grc' dir='ltr'>ἀνεγίνωσκε</span> <span class='ocrx_word' id='word_1_127' title='bbox 1028 1319 1190 1374; x_wconf 74' lang='grc' dir='ltr'>τοῦτο</span> <span class='ocrx_word' id='word_1_128' title='bbox 1236 1319 1298 1372; x_wconf 86' lang='grc' dir='ltr'><strong>τὸ</strong></span> <span class='ocrx_word' id='word_1_129' title='bbox 1347 1317 1587 1390; x_wconf 83' lang='grc' dir='ltr'><strong>χωρίον·</strong></span> <span class='ocrx_word' id='word_1_130' title='bbox 1639 1334 1657 1368; x_wconf 87' lang='grc' dir='ltr'><strong>ι</strong></span> <span class='ocrx_word' id='word_1_131' title='bbox 1713 1315 1827 1371; x_wconf 75' lang='grc' dir='ltr'><strong>Καὶ</strong></span> 
     </span>
    </p>
   </div>
   <div class='ocr_carea' id='block_1_20' title="bbox 217 1409 1828 1482">
    <p class='ocr_par' dir='ltr' id='par_1_20' title="bbox 217 1409 1828 1482">
     <span class='ocr_line' id='line_1_20' title="bbox 217 1409 1828 1482; baseline -0.003 -16"><span class='ocrx_word' id='word_1_132' title='bbox 217 1413 473 1482; x_wconf 65' lang='grc' dir='ltr'>ἔξουσίαν</span> <span class='ocrx_word' id='word_1_133' title='bbox 508 1413 709 1467; x_wconf 73' lang='grc' dir='ltr'>ἔδωκεν</span> <span class='ocrx_word' id='word_1_134' title='bbox 746 1411 933 1482; x_wconf 81' lang='grc' dir='ltr'>αὐτῷ,</span> <span class='ocrx_word' id='word_1_135' title='bbox 969 1412 1065 1467; x_wconf 67' lang='grc' dir='ltr'><strong>καλ¹</strong></span> <span class='ocrx_word' id='word_1_136' title='bbox 1107 1412 1292 1481; x_wconf 78' lang='grc' dir='ltr'>κρίσιν</span> <span class='ocrx_word' id='word_1_137' title='bbox 1329 1413 1535 1475; x_wconf 80' lang='grc' dir='ltr'>ποιεῖν,</span> <span class='ocrx_word' id='word_1_138' title='bbox 1574 1410 1656 1463; x_wconf 79' lang='grc' dir='ltr'><strong>ὅτι</strong></span> <span class='ocrx_word' id='word_1_139' title='bbox 1696 1409 1828 1473; x_wconf 74' lang='grc' dir='ltr'>Υἱὸς</span> 
     </span>
    </p>
   </div>
   <div class='ocr_carea' id='block_1_21' title="bbox 219 1501 1829 1577">
    <p class='ocr_par' dir='ltr' id='par_1_21' title="bbox 219 1501 1829 1577">
     <span class='ocr_line' id='line_1_21' title="bbox 219 1501 1829 1577; baseline -0.006 -15"><span class='ocrx_word' id='word_1_140' title='bbox 219 1506 517 1577; x_wconf 82' lang='grc' dir='ltr'>ἀνθρώπου</span> <span class='ocrx_word' id='word_1_141' title='bbox 552 1508 747 1560; x_wconf 64' lang='grc' dir='ltr'>ἐστίν’</span> <span class='ocrx_word' id='word_1_142' title='bbox 804 1525 822 1557; x_wconf 80' lang='grc' dir='ltr'><strong>ι</strong></span> <span class='ocrx_word' id='word_1_143' title='bbox 870 1504 1111 1561; x_wconf 76' lang='grc' dir='ltr'>ἐνταῦθα</span> <span class='ocrx_word' id='word_1_144' title='bbox 1154 1504 1213 1558; x_wconf 80' lang='grc' dir='ltr'>δὲ</span> <span class='ocrx_word' id='word_1_145' title='bbox 1262 1503 1493 1571; x_wconf 78' lang='grc' dir='ltr'>στίζων,</span> <span class='ocrx_word' id='word_1_146' title='bbox 1541 1501 1637 1558; x_wconf 82' lang='grc' dir='ltr'>ἀπ’</span> <span class='ocrx_word' id='word_1_147' title='bbox 1660 1501 1829 1571; x_wconf 80' lang='grc' dir='ltr'>ἄλλης</span> 
     </span>
    </p>
   </div>
   <div class='ocr_carea' id='block_1_22' title="bbox 217 1594 1830 1671">
    <p class='ocr_par' dir='ltr' id='par_1_22' title="bbox 217 1594 1830 1671">
     <span class='ocr_line' id='line_1_22' title="bbox 217 1594 1830 1671; baseline -0.005 -16"><span class='ocrx_word' id='word_1_148' title='bbox 217 1600 400 1671; x_wconf 82' lang='grc' dir='ltr'>ἀρχῆς</span> <span class='ocrx_word' id='word_1_149' title='bbox 431 1599 764 1669; x_wconf 77' lang='grc' dir='ltr'>ἀνεγίνωσκε</span> <span class='ocrx_word' id='word_1_150' title='bbox 791 1598 871 1665; x_wconf 77' lang='grc' dir='ltr'>τὸ,</span> <span class='ocrx_word' id='word_1_151' title='bbox 898 1617 916 1651; x_wconf 84' lang='grc' dir='ltr'><strong>ι</strong></span> <span class='ocrx_word' id='word_1_152' title='bbox 937 1597 1361 1669; x_wconf 69' lang='grc' dir='ltr'>Μὴθαυμάζετε</span> <span class='ocrx_word' id='word_1_153' title='bbox 1389 1596 1600 1650; x_wconf 66' lang='lat' dir='ltr'><strong>ito-31:0.)</strong></span> <span class='ocrx_word' id='word_1_154' title='bbox 1639 1594 1830 1664; x_wconf 85' lang='grc' dir='ltr'>Ἀνόη-</span> 
     </span>
    </p>
   </div>
   <div class='ocr_carea' id='block_1_23' title="bbox 218 1687 1831 1758">
    <p class='ocr_par' dir='ltr' id='par_1_23' title="bbox 218 1687 1831 1758">
     <span class='ocr_line' id='line_1_23' title="bbox 218 1687 1831 1758; baseline -0.001 -15"><span class='ocrx_word' id='word_1_155' title='bbox 218 1706 317 1743; x_wconf 87' lang='grc' dir='ltr'><strong>τον</strong></span> <span class='ocrx_word' id='word_1_156' title='bbox 345 1690 403 1744; x_wconf 72' lang='grc' dir='ltr'>δὲ</span> <span class='ocrx_word' id='word_1_157' title='bbox 430 1690 653 1753; x_wconf 77' lang='grc' dir='ltr'><strong>τελείως</strong></span> <span class='ocrx_word' id='word_1_158' title='bbox 680 1690 799 1743; x_wconf 68' lang='grc' dir='ltr'>ἐστὶ</span> <span class='ocrx_word' id='word_1_159' title='bbox 823 1690 885 1743; x_wconf 79' lang='grc' dir='ltr'>τὸ</span> <span class='ocrx_word' id='word_1_160' title='bbox 914 1689 1090 1752; x_wconf 71' lang='grc' dir='ltr'>οὕτως</span> <span class='ocrx_word' id='word_1_161' title='bbox 1122 1687 1544 1758; x_wconf 71' lang='grc' dir='ltr'><strong>ἀναγινώσκειν.</strong></span> <span class='ocrx_word' id='word_1_162' title='bbox 1576 1687 1690 1758; x_wconf 84' lang='grc' dir='ltr'><strong>Τὴν</strong></span> <span class='ocrx_word' id='word_1_163' title='bbox 1721 1687 1831 1755; x_wconf 79' lang='grc' dir='ltr'>γὰρ</span> 
     </span>
    </p>
   </div>
   <div class='ocr_carea' id='block_1_24' title="bbox 218 1781 1833 1856">
    <p class='ocr_par' dir='ltr' id='par_1_24' title="bbox 218 1781 1833 1856">
     <span class='ocr_line' id='line_1_24' title="bbox 218 1781 1833 1856; baseline -0.004 -17"><span class='ocrx_word' id='word_1_164' title='bbox 218 1783 407 1855; x_wconf 84' lang='grc' dir='ltr'>κρίσιν</span> <span class='ocrx_word' id='word_1_165' title='bbox 433 1784 634 1839; x_wconf 82' lang='grc' dir='ltr'>δέδωκε</span> <span class='ocrx_word' id='word_1_166' title='bbox 661 1784 739 1854; x_wconf 82' lang='grc' dir='ltr'><strong>τῷ</strong></span> <span class='ocrx_word' id='word_1_167' title='bbox 773 1783 889 1854; x_wconf 85' lang='grc' dir='ltr'><strong>Υἱῷ</strong></span> <span class='ocrx_word' id='word_1_168' title='bbox 917 1785 945 1836; x_wconf 83' lang='grc' dir='ltr'>ὁ</span> <span class='ocrx_word' id='word_1_169' title='bbox 977 1784 1188 1856; x_wconf 80' lang='grc' dir='ltr'>Πατὴρ,</span> <span class='ocrx_word' id='word_1_170' title='bbox 1217 1784 1317 1855; x_wconf 74' lang='grc' dir='ltr'>οὐχ</span> <span class='ocrx_word' id='word_1_171' title='bbox 1345 1784 1428 1837; x_wconf 84' lang='grc' dir='ltr'>ὃτι</span> <span class='ocrx_word' id='word_1_172' title='bbox 1458 1782 1587 1846; x_wconf 73' lang='grc' dir='ltr'>Υἱὸς</span> <span class='ocrx_word' id='word_1_173' title='bbox 1620 1781 1833 1852; x_wconf 82' lang='grc' dir='ltr'>ἀνθρὼ-</span> 
     </span>
    </p>
   </div>
   <div class='ocr_carea' id='block_1_25' title="bbox 1927 932 3539 1014">
    <p class='ocr_par' dir='ltr' id='par_1_25' title="bbox 1927 932 3539 1014">
     <span class='ocr_line' id='line_1_25' title="bbox 1927 932 3539 1014; baseline -0.017 -9"><span class='ocrx_word' id='word_1_174' title='bbox 1927 960 1983 1013; x_wconf 85' lang='lat' dir='ltr'><strong>et</strong></span> <span class='ocrx_word' id='word_1_175' title='bbox 2010 949 2176 1003; x_wconf 87' lang='lat' dir='ltr'><strong>homo</strong></span> <span class='ocrx_word' id='word_1_176' title='bbox 2206 950 2491 1014; x_wconf 85' lang='lat' dir='ltr'><strong>appareat,</strong></span> <span class='ocrx_word' id='word_1_177' title='bbox 2524 954 2592 994; x_wconf 91' lang='lat' dir='ltr'><strong>ne</strong></span> <span class='ocrx_word' id='word_1_178' title='bbox 2622 935 2997 993; x_wconf 78' lang='lat' dir='ltr'><strong>admiremini.</strong></span> <span class='ocrx_word' id='word_1_179' title='bbox 3027 932 3325 987; x_wconf 82' lang='lat' dir='ltr'><strong>Sciendum</strong></span> <span class='ocrx_word' id='word_1_180' title='bbox 3353 936 3539 982; x_wconf 87' lang='lat' dir='ltr'><strong>autem</strong></span> 
     </span>
    </p>
   </div>
   <div class='ocr_carea' id='block_1_26' title="bbox 1928 1026 3543 1115">
    <p class='ocr_par' dir='ltr' id='par_1_26' title="bbox 1928 1026 3543 1115">
     <span class='ocr_line' id='line_1_26' title="bbox 1928 1026 3543 1115; baseline -0.015 -18"><span class='ocrx_word' id='word_1_181' title='bbox 1928 1045 2073 1115; x_wconf 90' lang='lat' dir='ltr'><strong>quod</strong></span> <span class='ocrx_word' id='word_1_182' title='bbox 2107 1038 2310 1094; x_wconf 89' lang='lat' dir='ltr'><strong>Paulus</strong></span> <span class='ocrx_word' id='word_1_183' title='bbox 2338 1037 2735 1092; x_wconf 74' lang='lat' dir='ltr'><strong>Samosatenus</strong></span> <span class='ocrx_word' id='word_1_184' title='bbox 2781 1031 2987 1101; x_wconf 82' lang='lat' dir='ltr'><strong>docens</strong></span> <span class='ocrx_word' id='word_1_185' title='bbox 3019 1026 3313 1081; x_wconf 84' lang='lat' dir='ltr'><strong>Dominum</strong></span> <span class='ocrx_word' id='word_1_186' title='bbox 3348 1035 3543 1090; x_wconf 87' lang='lat' dir='ltr'><strong>purum</strong></span> 
     </span>
    </p>
   </div>
   <div class='ocr_carea' id='block_1_27' title="bbox 1928 1115 3547 1196">
    <p class='ocr_par' dir='ltr' id='par_1_27' title="bbox 1928 1115 3547 1196">
     <span class='ocr_line' id='line_1_27' title="bbox 1928 1115 3547 1196; baseline -0.017 -4"><span class='ocrx_word' id='word_1_187' title='bbox 1928 1149 2051 1192; x_wconf 89' lang='lat' dir='ltr'><strong>esse</strong></span> <span class='ocrx_word' id='word_1_188' title='bbox 2083 1130 2385 1195; x_wconf 85' lang='lat' dir='ltr'><strong>hominem,</strong></span> <span class='ocrx_word' id='word_1_189' title='bbox 2415 1128 2494 1182; x_wconf 89' lang='lat' dir='ltr'><strong>sic</strong></span> <span class='ocrx_word' id='word_1_190' title='bbox 2529 1126 2661 1196; x_wconf 83' lang='lat' dir='ltr'><strong>legit</strong></span> <span class='ocrx_word' id='word_1_191' title='bbox 2697 1125 2842 1179; x_wconf 91' lang='lat' dir='ltr'><strong>hunc</strong></span> <span class='ocrx_word' id='word_1_192' title='bbox 2870 1126 3054 1176; x_wconf 86' lang='lat' dir='ltr'><strong>locum</strong></span> <span class='ocrx_word' id='word_1_193' title='bbox 3090 1136 3103 1173; x_wconf 96' lang='lat'>:</span> <span class='ocrx_word' id='word_1_194' title='bbox 3148 1136 3166 1168; x_wconf 79' lang='grc' dir='ltr'><strong>ι</strong></span> <span class='ocrx_word' id='word_1_195' title='bbox 3207 1115 3271 1171; x_wconf 86' lang='grc' dir='ltr'>Ει</span> <span class='ocrx_word' id='word_1_196' title='bbox 3302 1122 3547 1186; x_wconf 83' lang='lat' dir='ltr'><strong>potesta-</strong></span> 
     </span>
    </p>
   </div>
   <div class='ocr_carea' id='block_1_28' title="bbox 1932 1206 3548 1292">
    <p class='ocr_par' dir='ltr' id='par_1_28' title="bbox 1932 1206 3548 1292">
     <span class='ocr_line' id='line_1_28' title="bbox 1932 1206 3548 1292; baseline -0.016 -8"><span class='ocrx_word' id='word_1_197' title='bbox 1932 1238 2039 1284; x_wconf 88' lang='lat' dir='ltr'><strong>tem</strong></span> <span class='ocrx_word' id='word_1_198' title='bbox 2071 1225 2220 1280; x_wconf 81' lang='lat' dir='ltr'><strong>dedit</strong></span> <span class='ocrx_word' id='word_1_199' title='bbox 2245 1222 2293 1277; x_wconf 92' lang='lat' dir='ltr'><strong>ei</strong></span> <span class='ocrx_word' id='word_1_200' title='bbox 2321 1220 2592 1292; x_wconf 87' lang='lat' dir='ltr'><strong>judicium</strong></span> <span class='ocrx_word' id='word_1_201' title='bbox 2632 1215 2892 1279; x_wconf 82' lang='lat' dir='ltr'><strong>faciendi,</strong></span> <span class='ocrx_word' id='word_1_202' title='bbox 2927 1212 3053 1283; x_wconf 82' lang='lat' dir='ltr'><strong>quia</strong></span> <span class='ocrx_word' id='word_1_203' title='bbox 3081 1210 3255 1266; x_wconf 86' lang='lat' dir='ltr'><strong>Filius</strong></span> <span class='ocrx_word' id='word_1_204' title='bbox 3305 1206 3548 1264; x_wconf 85' lang='lat' dir='ltr'><strong>hominis</strong></span> 
     </span>
    </p>
   </div>
   <div class='ocr_carea' id='block_1_29' title="bbox 1930 1297 3549 1377">
    <p class='ocr_par' dir='ltr' id='par_1_29' title="bbox 1930 1297 3549 1377">
     <span class='ocr_line' id='line_1_29' title="bbox 1930 1297 3549 1377; baseline -0.018 0"><span class='ocrx_word' id='word_1_205' title='bbox 1930 1328 2034 1377; x_wconf 86' lang='lat' dir='ltr'><strong>est.</strong></span> <span class='ocrx_word' id='word_1_206' title='bbox 2073 1337 2093 1371; x_wconf 72' lang='grc' dir='ltr'><strong>ι</strong></span> <span class='ocrx_word' id='word_1_207' title='bbox 2145 1313 2260 1370; x_wconf 84' lang='lat' dir='ltr'><strong>Hoc</strong></span> <span class='ocrx_word' id='word_1_208' title='bbox 2305 1321 2488 1367; x_wconf 84' lang='lat' dir='ltr'><strong>autem</strong></span> <span class='ocrx_word' id='word_1_209' title='bbox 2529 1309 2649 1365; x_wconf 92' lang='lat' dir='ltr'><strong>loco</strong></span> <span class='ocrx_word' id='word_1_210' title='bbox 2710 1316 2975 1377; x_wconf 86' lang='lat' dir='ltr'><strong>punctum</strong></span> <span class='ocrx_word' id='word_1_211' title='bbox 3033 1302 3262 1363; x_wconf 83' lang='lat' dir='ltr'><strong>faciens,</strong></span> <span class='ocrx_word' id='word_1_212' title='bbox 3322 1298 3390 1352; x_wconf 84' lang='lat' dir='ltr'><strong>ab</strong></span> <span class='ocrx_word' id='word_1_213' title='bbox 3439 1297 3549 1351; x_wconf 87' lang='lat' dir='ltr'><strong>alio</strong></span> 
     </span>
    </p>
   </div>
   <div class='ocr_carea' id='block_1_30' title="bbox 1932 1390 3547 1482">
    <p class='ocr_par' dir='ltr' id='par_1_30' title="bbox 1932 1390 3547 1482">
     <span class='ocr_line' id='line_1_30' title="bbox 1932 1390 3547 1482; baseline -0.015 -17"><span class='ocrx_word' id='word_1_214' title='bbox 1932 1408 2207 1482; x_wconf 88' lang='lat' dir='ltr'><strong>principio</strong></span> <span class='ocrx_word' id='word_1_215' title='bbox 2230 1405 2382 1475; x_wconf 81' lang='lat' dir='ltr'><strong>legit,</strong></span> <span class='ocrx_word' id='word_1_216' title='bbox 2420 1421 2440 1454; x_wconf 80' lang='grc' dir='ltr'><strong>ι</strong></span> <span class='ocrx_word' id='word_1_217' title='bbox 2470 1399 2552 1456; x_wconf 87' lang='lat' dir='ltr'><strong>Ne</strong></span> <span class='ocrx_word' id='word_1_218' title='bbox 2584 1397 2931 1455; x_wconf 83' lang='lat' dir='ltr'><strong>admiremini</strong></span> <span class='ocrx_word' id='word_1_219' title='bbox 2959 1395 3082 1449; x_wconf 90' lang='lat' dir='ltr'><strong>hoc.</strong></span> <span class='ocrx_word' id='word_1_220' title='bbox 3112 1412 3130 1445; x_wconf 76' lang='grc' dir='ltr'><strong>ι</strong></span> <span class='ocrx_word' id='word_1_221' title='bbox 3163 1390 3337 1449; x_wconf 73' lang='lat' dir='ltr'><strong>Valde</strong></span> <span class='ocrx_word' id='word_1_222' title='bbox 3364 1398 3547 1442; x_wconf 88' lang='lat' dir='ltr'><strong>autem</strong></span> 
     </span>
    </p>
   </div>
   <div class='ocr_carea' id='block_1_31' title="bbox 1932 1481 3550 1567">
    <p class='ocr_par' dir='ltr' id='par_1_31' title="bbox 1932 1481 3550 1567">
     <span class='ocr_line' id='line_1_31' title="bbox 1932 1481 3550 1567; baseline -0.017 -6"><span class='ocrx_word' id='word_1_223' title='bbox 1932 1481 2159 1561; x_wconf 81' lang='lat' dir='ltr'><strong>stultum</strong></span> <span class='ocrx_word' id='word_1_224' title='bbox 2189 1508 2273 1555; x_wconf 87' lang='lat' dir='ltr'><strong>est</strong></span> <span class='ocrx_word' id='word_1_225' title='bbox 2300 1499 2380 1554; x_wconf 85' lang='lat' dir='ltr'><strong>sic</strong></span> <span class='ocrx_word' id='word_1_226' title='bbox 2405 1498 2609 1567; x_wconf 82' lang='lat' dir='ltr'><strong>legere.</strong></span> <span class='ocrx_word' id='word_1_227' title='bbox 2638 1494 2755 1548; x_wconf 85' lang='lat' dir='ltr'><strong>Non</strong></span> <span class='ocrx_word' id='word_1_228' title='bbox 2804 1493 2950 1546; x_wconf 89' lang='lat' dir='ltr'><strong>enim</strong></span> <span class='ocrx_word' id='word_1_229' title='bbox 3003 1489 3150 1543; x_wconf 84' lang='lat' dir='ltr'><strong>dedit</strong></span> <span class='ocrx_word' id='word_1_230' title='bbox 3197 1486 3363 1539; x_wconf 87' lang='lat' dir='ltr'><strong>Pater</strong></span> <span class='ocrx_word' id='word_1_231' title='bbox 3411 1481 3550 1537; x_wconf 86' lang='lat' dir='ltr'><strong>Filio</strong></span> 
     </span>
    </p>
   </div>
   <div class='ocr_carea' id='block_1_32' title="bbox 1928 1576 3546 1664">
    <p class='ocr_par' dir='ltr' id='par_1_32' title="bbox 1928 1576 3546 1664">
     <span class='ocr_line' id='line_1_32' title="bbox 1928 1576 3546 1664; baseline -0.015 -13"><span class='ocrx_word' id='word_1_232' title='bbox 1928 1596 2194 1664; x_wconf 87' lang='lat' dir='ltr'><strong>judicium</strong></span> <span class='ocrx_word' id='word_1_233' title='bbox 2227 1593 2372 1663; x_wconf 90' lang='lat' dir='ltr'><strong>quod</strong></span> <span class='ocrx_word' id='word_1_234' title='bbox 2403 1590 2578 1647; x_wconf 80' lang='lat' dir='ltr'><strong>Filius</strong></span> <span class='ocrx_word' id='word_1_235' title='bbox 2618 1586 2857 1643; x_wconf 85' lang='lat' dir='ltr'><strong>hominis</strong></span> <span class='ocrx_word' id='word_1_236' title='bbox 2908 1583 3000 1648; x_wconf 87' lang='lat' dir='ltr'><strong>sit,</strong></span> <span class='ocrx_word' id='word_1_237' title='bbox 3056 1581 3151 1635; x_wconf 89' lang='lat' dir='ltr'><strong>sed</strong></span> <span class='ocrx_word' id='word_1_238' title='bbox 3207 1578 3333 1648; x_wconf 84' lang='lat' dir='ltr'><strong>quia</strong></span> <span class='ocrx_word' id='word_1_239' title='bbox 3375 1576 3546 1630; x_wconf 68' lang='lat' dir='ltr'><strong>heus.</strong></span> 
     </span>
    </p>
   </div>
   <div class='ocr_carea' id='block_1_33' title="bbox 1935 1670 3554 1764">
    <p class='ocr_par' dir='ltr' id='par_1_33' title="bbox 1935 1670 3554 1764">
     <span class='ocr_line' id='line_1_33' title="bbox 1935 1670 3554 1764; baseline -0.018 -16"><span class='ocrx_word' id='word_1_240' title='bbox 1935 1691 2103 1764; x_wconf 81' lang='lat'><strong>576</strong></span> <span class='ocrx_word' id='word_1_241' title='bbox 2150 1687 2307 1745; x_wconf 86' lang='lat' dir='ltr'><strong>Unde</strong></span> <span class='ocrx_word' id='word_1_242' title='bbox 2357 1685 2449 1740; x_wconf 88' lang='lat' dir='ltr'><strong>ille</strong></span> <span class='ocrx_word' id='word_1_243' title='bbox 2507 1698 2615 1737; x_wconf 90' lang='lat' dir='ltr'><strong>non</strong></span> <span class='ocrx_word' id='word_1_244' title='bbox 2673 1678 2888 1748; x_wconf 85' lang='lat' dir='ltr'><strong>patiens</strong></span> <span class='ocrx_word' id='word_1_245' title='bbox 2920 1686 2980 1730; x_wconf 89' lang='lat' dir='ltr'><strong>ut</strong></span> <span class='ocrx_word' id='word_1_246' title='bbox 3025 1672 3283 1727; x_wconf 81' lang='lat' dir='ltr'><strong>Christus</strong></span> <span class='ocrx_word' id='word_1_247' title='bbox 3337 1670 3554 1723; x_wconf 73' lang='lat' dir='ltr'><strong>dicatur</strong></span> 
     </span>
    </p>
   </div>
   <div class='ocr_carea' id='block_1_34' title="bbox 1939 1759 3552 1846">
    <p class='ocr_par' dir='ltr' id='par_1_34' title="bbox 1939 1759 3552 1846">
     <span class='ocr_line' id='line_1_34' title="bbox 1939 1759 3552 1846; baseline -0.016 -11"><span class='ocrx_word' id='word_1_248' title='bbox 1939 1759 2103 1846; x_wconf 68' lang='grc' dir='ltr'>ὗέιιξ,</span> <span class='ocrx_word' id='word_1_249' title='bbox 2132 1778 2226 1833; x_wconf 84' lang='lat' dir='ltr'><strong>sed</strong></span> <span class='ocrx_word' id='word_1_250' title='bbox 2249 1775 2420 1831; x_wconf 90' lang='lat' dir='ltr'><strong>Filius</strong></span> <span class='ocrx_word' id='word_1_251' title='bbox 2445 1771 2704 1835; x_wconf 87' lang='lat' dir='ltr'><strong>hominis,</strong></span> <span class='ocrx_word' id='word_1_252' title='bbox 2734 1768 2814 1823; x_wconf 86' lang='lat' dir='ltr'><strong>sic</strong></span> <span class='ocrx_word' id='word_1_253' title='bbox 2840 1766 3113 1837; x_wconf 83' lang='lat' dir='ltr'><strong>cogitabat</strong></span> <span class='ocrx_word' id='word_1_254' title='bbox 3134 1762 3372 1834; x_wconf 82' lang='lat' dir='ltr'><strong>judicem</strong></span> <span class='ocrx_word' id='word_1_255' title='bbox 3400 1759 3552 1811; x_wconf 87' lang='lat' dir='ltr'><strong>illum</strong></span> 
     </span>
    </p>
   </div>
   <div class='ocr_carea' id='block_1_35' title="bbox 219 1849 1841 1947">
    <p class='ocr_par' dir='ltr' id='par_1_35' title="bbox 219 1849 1831 1947">
     <span class='ocr_line' id='line_1_35' title="bbox 219 1849 1831 1947; baseline 0 -20"><span class='ocrx_word' id='word_1_256' title='bbox 219 1849 328 1927; x_wconf 73' lang='grc' dir='ltr'><strong>που</strong></span> <span class='ocrx_word' id='word_1_257' title='bbox 362 1874 542 1939; x_wconf 72' lang='grc' dir='ltr'>ἐστὶν,</span> <span class='ocrx_word' id='word_1_258' title='bbox 576 1875 693 1928; x_wconf 80' lang='grc' dir='ltr'>ἀλλ’</span> <span class='ocrx_word' id='word_1_259' title='bbox 712 1849 799 1929; x_wconf 69' lang='grc' dir='ltr'><strong>δτι</strong></span> <span class='ocrx_word' id='word_1_260' title='bbox 832 1849 985 1938; x_wconf 61' lang='grc' dir='ltr'>ὀεός.</span> <span class='ocrx_word' id='word_1_261' title='bbox 1026 1849 1264 1941; x_wconf 63' lang='grc' dir='ltr'>Ἐκεῖνος</span> <span class='ocrx_word' id='word_1_262' title='bbox 1285 1849 1403 1945; x_wconf 59' lang='grc' dir='ltr'>μὲν</span> <span class='ocrx_word' id='word_1_263' title='bbox 1436 1874 1531 1928; x_wconf 78' lang='grc' dir='ltr'><strong>οὖν</strong></span> <span class='ocrx_word' id='word_1_264' title='bbox 1568 1873 1642 1947; x_wconf 80' lang='grc' dir='ltr'><strong>μὴ</strong></span> <span class='ocrx_word' id='word_1_265' title='bbox 1675 1849 1831 1944; x_wconf 74' lang='grc' dir='ltr'>δεχό-</span> 
     </span>
    </p>
   </div>
   <div class='ocr_carea' id='block_1_36' title="bbox 1947 1849 3552 1947">
    <p class='ocr_par' dir='ltr' id='par_1_36' title="bbox 1947 1850 3552 1940">
     <span class='ocr_line' id='line_1_36' title="bbox 1947 1850 3552 1940; baseline -0.017 -9"><span class='ocrx_word' id='word_1_266' title='bbox 1947 1889 2080 1940; x_wconf 76' lang='lat' dir='ltr'><strong>esse,</strong></span> <span class='ocrx_word' id='word_1_267' title='bbox 2119 1888 2226 1928; x_wconf 90' lang='lat' dir='ltr'><strong>non</strong></span> <span class='ocrx_word' id='word_1_268' title='bbox 2259 1879 2315 1926; x_wconf 89' lang='lat' dir='ltr'><strong>ut</strong></span> <span class='ocrx_word' id='word_1_269' title='bbox 2364 1869 2559 1927; x_wconf 90' lang='lat' dir='ltr'><strong>Deum.</strong></span> <span class='ocrx_word' id='word_1_270' title='bbox 2611 1864 2705 1920; x_wconf 83' lang='lat' dir='ltr'><strong>sed</strong></span> <span class='ocrx_word' id='word_1_271' title='bbox 2754 1870 2813 1917; x_wconf 90' lang='lat' dir='ltr'><strong>ut</strong></span> <span class='ocrx_word' id='word_1_272' title='bbox 2866 1859 3067 1915; x_wconf 86' lang='lat' dir='ltr'><strong>Filium</strong></span> <span class='ocrx_word' id='word_1_273' title='bbox 3120 1854 3383 1912; x_wconf 82' lang='lat' dir='ltr'><strong>hominis.</strong></span> <span class='ocrx_word' id='word_1_274' title='bbox 3440 1850 3552 1905; x_wconf 82' lang='lat' dir='ltr'><strong>Nos</strong></span> 
     </span>
    </p>
   </div>
   <div class='ocr_carea' id='block_1_37' title="bbox 227 1968 1829 2040">
    <p class='ocr_par' dir='ltr' id='par_1_37' title="bbox 227 1968 1829 2040">
     <span class='ocr_line' id='line_1_37' title="bbox 227 1968 1829 2040; baseline 0.003 -22"><span class='ocrx_word' id='word_1_275' title='bbox 227 1982 392 2035; x_wconf 84' lang='grc' dir='ltr'>μενος</span> <span class='ocrx_word' id='word_1_276' title='bbox 423 1969 599 2021; x_wconf 75' lang='grc' dir='ltr'>εἰπεῖν</span> <span class='ocrx_word' id='word_1_277' title='bbox 627 1968 720 2021; x_wconf 83' lang='grc' dir='ltr'><strong>τὸν</strong></span> <span class='ocrx_word' id='word_1_278' title='bbox 749 1969 989 2040; x_wconf 72' lang='grc' dir='ltr'>Χριστὸν</span> <span class='ocrx_word' id='word_1_279' title='bbox 1018 1969 1172 2034; x_wconf 73' lang='grc' dir='ltr'>θεὸν,</span> <span class='ocrx_word' id='word_1_280' title='bbox 1208 1969 1326 2023; x_wconf 86' lang='grc' dir='ltr'>ἀλλ’</span> <span class='ocrx_word' id='word_1_281' title='bbox 1350 1969 1479 2023; x_wconf 75' lang='grc' dir='ltr'>Υίδν</span> <span class='ocrx_word' id='word_1_282' title='bbox 1512 1970 1829 2040; x_wconf 83' lang='grc' dir='ltr'>ἀνθρώπου,</span> 
     </span>
    </p>
   </div>
   <div class='ocr_carea' id='block_1_38' title="bbox 226 2054 1832 2131">
    <p class='ocr_par' dir='ltr' id='par_1_38' title="bbox 226 2054 1832 2131">
     <span class='ocr_line' id='line_1_38' title="bbox 226 2054 1832 2131; baseline 0.002 -22"><span class='ocrx_word' id='word_1_283' title='bbox 226 2054 404 2121; x_wconf 74' lang='grc' dir='ltr'>οὕτως</span> <span class='ocrx_word' id='word_1_284' title='bbox 448 2058 591 2111; x_wconf 80' lang='grc' dir='ltr'>ὲνόει</span> <span class='ocrx_word' id='word_1_285' title='bbox 630 2060 826 2129; x_wconf 79' lang='grc' dir='ltr'>κριτὴν</span> <span class='ocrx_word' id='word_1_286' title='bbox 862 2060 1026 2113; x_wconf 79' lang='grc' dir='ltr'>αὑτὸν</span> <span class='ocrx_word' id='word_1_287' title='bbox 1059 2054 1225 2124; x_wconf 72' lang='grc' dir='ltr'>εἶναι,</span> <span class='ocrx_word' id='word_1_288' title='bbox 1259 2060 1358 2131; x_wconf 77' lang='grc' dir='ltr'>οὐχ</span> <span class='ocrx_word' id='word_1_289' title='bbox 1401 2059 1477 2123; x_wconf 85' lang='grc' dir='ltr'>ὼς</span> <span class='ocrx_word' id='word_1_290' title='bbox 1520 2059 1677 2126; x_wconf 82' lang='grc' dir='ltr'>Θεὸν,</span> <span class='ocrx_word' id='word_1_291' title='bbox 1714 2059 1832 2112; x_wconf 82' lang='grc' dir='ltr'>ἀλλ’</span> 
     </span>
    </p>
   </div>
   <div class='ocr_carea' id='block_1_39' title="bbox 222 2148 1836 2225">
    <p class='ocr_par' dir='ltr' id='par_1_39' title="bbox 222 2148 1836 2225">
     <span class='ocr_line' id='line_1_39' title="bbox 222 2148 1836 2225; baseline 0.002 -22"><span class='ocrx_word' id='word_1_292' title='bbox 222 2148 302 2214; x_wconf 84' lang='grc' dir='ltr'>ὡς</span> <span class='ocrx_word' id='word_1_293' title='bbox 328 2150 458 2205; x_wconf 79' lang='grc' dir='ltr'>Υίὸν</span> <span class='ocrx_word' id='word_1_294' title='bbox 489 2151 812 2224; x_wconf 84' lang='grc' dir='ltr'>ἀνθρώπου·</span> <span class='ocrx_word' id='word_1_295' title='bbox 841 2154 1005 2223; x_wconf 83' lang='grc' dir='ltr'><strong>ἡμεῖς</strong></span> <span class='ocrx_word' id='word_1_296' title='bbox 1034 2153 1092 2207; x_wconf 83' lang='grc' dir='ltr'>δὲ</span> <span class='ocrx_word' id='word_1_297' title='bbox 1121 2152 1267 2207; x_wconf 80' lang='grc' dir='ltr'>οὕτω</span> <span class='ocrx_word' id='word_1_298' title='bbox 1290 2152 1412 2207; x_wconf 80' lang='grc' dir='ltr'>νοού</span> <span class='ocrx_word' id='word_1_299' title='bbox 1425 2170 1547 2224; x_wconf 87' lang='grc' dir='ltr'>μεν,</span> <span class='ocrx_word' id='word_1_300' title='bbox 1574 2153 1649 2217; x_wconf 85' lang='grc' dir='ltr'>ὡς</span> <span class='ocrx_word' id='word_1_301' title='bbox 1680 2153 1836 2225; x_wconf 80' lang='grc' dir='ltr'>εἴρη-</span> 
     </span>
    </p>
   </div>
   <div class='ocr_carea' id='block_1_40' title="bbox 223 2242 1831 2318">
    <p class='ocr_par' dir='ltr' id='par_1_40' title="bbox 223 2242 1831 2318">
     <span class='ocr_line' id='line_1_40' title="bbox 223 2242 1831 2318; baseline 0.001 -23"><span class='ocrx_word' id='word_1_302' title='bbox 223 2260 341 2298; x_wconf 88' lang='grc' dir='ltr'>ται.</span> <span class='ocrx_word' id='word_1_303' title='bbox 391 2242 573 2297; x_wconf 74' lang='grc' dir='ltr'>Εἰπὼν</span> <span class='ocrx_word' id='word_1_304' title='bbox 614 2243 672 2298; x_wconf 79' lang='grc' dir='ltr'>δὲ</span> <span class='ocrx_word' id='word_1_305' title='bbox 715 2245 848 2316; x_wconf 75' lang='grc' dir='ltr'>περὶ</span> <span class='ocrx_word' id='word_1_306' title='bbox 890 2246 990 2315; x_wconf 75' lang='grc' dir='ltr'>τῆς</span> <span class='ocrx_word' id='word_1_307' title='bbox 1033 2246 1270 2318; x_wconf 77' lang='grc' dir='ltr'>μερικῆς</span> <span class='ocrx_word' id='word_1_308' title='bbox 1316 2245 1692 2308; x_wconf 81' lang='grc' dir='ltr'><strong>ἀναστάσεως,</strong></span> <span class='ocrx_word' id='word_1_309' title='bbox 1738 2244 1831 2299; x_wconf 78' lang='grc' dir='ltr'><strong>τού</strong></span> 
     </span>
    </p>
   </div>
   <div class='ocr_carea' id='block_1_41' title="bbox 221 2335 1837 2412">
    <p class='ocr_par' dir='ltr' id='par_1_41' title="bbox 221 2335 1837 2412">
     <span class='ocr_line' id='line_1_41' title="bbox 221 2335 1837 2412; baseline -0.001 -20"><span class='ocrx_word' id='word_1_310' title='bbox 221 2335 508 2408; x_wconf 78' lang='grc' dir='ltr'>Λαζάρου,</span> <span class='ocrx_word' id='word_1_311' title='bbox 557 2338 724 2409; x_wconf 76' lang='grc' dir='ltr'>φημὶ,</span> <span class='ocrx_word' id='word_1_312' title='bbox 774 2340 870 2393; x_wconf 77' lang='grc' dir='ltr'>καὶ</span> <span class='ocrx_word' id='word_1_313' title='bbox 914 2339 1023 2393; x_wconf 78' lang='grc' dir='ltr'>τῶν</span> <span class='ocrx_word' id='word_1_314' title='bbox 1069 2340 1270 2403; x_wconf 79' lang='grc' dir='ltr'>ἄλλων,</span> <span class='ocrx_word' id='word_1_315' title='bbox 1319 2340 1369 2393; x_wconf 81' lang='grc' dir='ltr'>οἳ</span> <span class='ocrx_word' id='word_1_316' title='bbox 1415 2337 1588 2395; x_wconf 88' lang='grc' dir='ltr'>πάλαι</span> <span class='ocrx_word' id='word_1_317' title='bbox 1632 2338 1837 2412; x_wconf 76' lang='grc' dir='ltr'>δηλαδὴ</span> 
     </span>
    </p>
   </div>
   <div class='ocr_carea' id='block_1_42' title="bbox 222 2430 1834 2505">
    <p class='ocr_par' dir='ltr' id='par_1_42' title="bbox 222 2430 1834 2505">
     <span class='ocr_line' id='line_1_42' title="bbox 222 2430 1834 2505; baseline 0.002 -22"><span class='ocrx_word' id='word_1_318' title='bbox 222 2430 450 2493; x_wconf 68' lang='grc' dir='ltr'>ἔθανον,</span> <span class='ocrx_word' id='word_1_319' title='bbox 480 2430 576 2486; x_wconf 81' lang='grc' dir='ltr'>νῦν</span> <span class='ocrx_word' id='word_1_320' title='bbox 606 2432 758 2501; x_wconf 79' lang='grc' dir='ltr'>λέγει</span> <span class='ocrx_word' id='word_1_321' title='bbox 795 2436 924 2505; x_wconf 79' lang='grc' dir='ltr'>περὶ</span> <span class='ocrx_word' id='word_1_322' title='bbox 954 2433 1055 2503; x_wconf 83' lang='grc' dir='ltr'>τῆς</span> <span class='ocrx_word' id='word_1_323' title='bbox 1088 2433 1325 2489; x_wconf 75' lang='grc' dir='ltr'><strong>καθόλου</strong></span> <span class='ocrx_word' id='word_1_324' title='bbox 1348 2448 1364 2463; x_wconf 87' lang='grc'><strong>·</strong></span> <span class='ocrx_word' id='word_1_325' title='bbox 1406 2452 1426 2486; x_wconf 83' lang='grc' dir='ltr'><strong>ι</strong></span> <span class='ocrx_word' id='word_1_326' title='bbox 1456 2434 1575 2487; x_wconf 89' lang='grc' dir='ltr'>Ὅτι</span> <span class='ocrx_word' id='word_1_327' title='bbox 1612 2433 1834 2505; x_wconf 77' lang='grc' dir='ltr'>ἔρχεται</span> 
     </span>
    </p>
   </div>
   <div class='ocr_carea' id='block_1_43' title="bbox 221 2521 1835 2601">
    <p class='ocr_par' dir='ltr' id='par_1_43' title="bbox 221 2521 1835 2601">
     <span class='ocr_line' id='line_1_43' title="bbox 221 2521 1835 2601; baseline 0.001 -22"><span class='ocrx_word' id='word_1_328' title='bbox 221 2523 347 2593; x_wconf 78' lang='grc' dir='ltr'>ὥρα</span> <span class='ocrx_word' id='word_1_329' title='bbox 368 2567 382 2591; x_wconf 90' lang='grc'><strong>,</strong></span> <span class='ocrx_word' id='word_1_330' title='bbox 416 2526 475 2578; x_wconf 70' lang='grc' dir='ltr'>ὲν</span> <span class='ocrx_word' id='word_1_331' title='bbox 572 2528 621 2581; x_wconf 80' lang='grc' dir='ltr'>οἱ</span> <span class='ocrx_word' id='word_1_332' title='bbox 657 2529 714 2581; x_wconf 77' lang='grc' dir='ltr'><strong>ἐν</strong></span> <span class='ocrx_word' id='word_1_333' title='bbox 744 2530 857 2591; x_wconf 83' lang='grc' dir='ltr'>τοῖς</span> <span class='ocrx_word' id='word_1_334' title='bbox 892 2531 1187 2599; x_wconf 80' lang='grc' dir='ltr'>μνημείοις</span> <span class='ocrx_word' id='word_1_335' title='bbox 1220 2527 1550 2583; x_wconf 83' lang='grc' dir='ltr'>ἀκούσονται</span> <span class='ocrx_word' id='word_1_336' title='bbox 1582 2531 1681 2601; x_wconf 80' lang='grc' dir='ltr'>τῆς</span> <span class='ocrx_word' id='word_1_337' title='bbox 1718 2546 1835 2585; x_wconf 67' lang='grc' dir='ltr'><strong>φω-</strong></span> 
     </span>
    </p>
   </div>
   <div class='ocr_carea' id='block_1_44' title="bbox 224 2614 1838 2702">
    <p class='ocr_par' dir='ltr' id='par_1_44' title="bbox 224 2614 1838 2702">
     <span class='ocr_line' id='line_1_44' title="bbox 224 2614 1838 2702; baseline 0.003 -33"><span class='ocrx_word' id='word_1_338' title='bbox 224 2619 328 2702; x_wconf 74' lang='grc' dir='ltr'><strong>νης</strong></span> <span class='ocrx_word' id='word_1_339' title='bbox 358 2617 454 2671; x_wconf 80' lang='grc' dir='ltr'><strong>τοῦ</strong></span> <span class='ocrx_word' id='word_1_340' title='bbox 494 2614 633 2673; x_wconf 80' lang='grc' dir='ltr'>Θεοῦ</span> <span class='ocrx_word' id='word_1_341' title='bbox 663 2636 676 2649; x_wconf 89' lang='grc'><strong>·</strong></span> <span class='ocrx_word' id='word_1_342' title='bbox 722 2637 742 2671; x_wconf 85' lang='grc'><strong>›</strong></span> <span class='ocrx_word' id='word_1_343' title='bbox 787 2621 919 2691; x_wconf 62' lang='grc' dir='ltr'><strong>περ)¹</strong></span> <span class='ocrx_word' id='word_1_344' title='bbox 962 2622 1057 2693; x_wconf 84' lang='grc' dir='ltr'><strong>τῆς</strong></span> <span class='ocrx_word' id='word_1_345' title='bbox 1099 2621 1405 2692; x_wconf 81' lang='grc' dir='ltr'>καθολικῆς</span> <span class='ocrx_word' id='word_1_346' title='bbox 1445 2621 1557 2693; x_wconf 82' lang='grc' dir='ltr'><strong>γάρ</strong></span> <span class='ocrx_word' id='word_1_347' title='bbox 1596 2622 1838 2676; x_wconf 80' lang='grc' dir='ltr'>ἀναστά-</span> 
     </span>
    </p>
   </div>
   <div class='ocr_carea' id='block_1_45' title="bbox 227 2710 1838 2786">
    <p class='ocr_par' dir='ltr' id='par_1_45' title="bbox 227 2710 1838 2786">
     <span class='ocr_line' id='line_1_45' title="bbox 227 2710 1838 2786; baseline 0.003 -23"><span class='ocrx_word' id='word_1_348' title='bbox 227 2728 370 2774; x_wconf 79' lang='grc' dir='ltr'>σεως</span> <span class='ocrx_word' id='word_1_349' title='bbox 399 2711 638 2768; x_wconf 68' lang='grc' dir='ltr'>ὶνταῦθά</span> <span class='ocrx_word' id='word_1_350' title='bbox 668 2729 858 2784; x_wconf 80' lang='grc' dir='ltr'>φησιν.</span> <span class='ocrx_word' id='word_1_351' title='bbox 892 2713 1114 2786; x_wconf 77' lang='grc' dir='ltr'><strong>Ἐπειδὴ</strong></span> <span class='ocrx_word' id='word_1_352' title='bbox 1144 2714 1203 2770; x_wconf 78' lang='grc' dir='ltr'><strong>δὲ</strong></span> <span class='ocrx_word' id='word_1_353' title='bbox 1236 2710 1391 2769; x_wconf 72' lang='grc' dir='ltr'>εἶπεν</span> <span class='ocrx_word' id='word_1_354' title='bbox 1423 2714 1723 2785; x_wconf 76' lang='grc' dir='ltr'>ἀνωτέρω,</span> <span class='ocrx_word' id='word_1_355' title='bbox 1755 2715 1838 2768; x_wconf 85' lang='grc' dir='ltr'>ὃτι</span> 
     </span>
    </p>
   </div>
   <div class='ocr_carea' id='block_1_46' title="bbox 234 2805 1839 2880">
    <p class='ocr_par' dir='ltr' id='par_1_46' title="bbox 234 2805 1839 2880">
     <span class='ocr_line' id='line_1_46' title="bbox 234 2805 1839 2880; baseline 0.001 -22"><span class='ocrx_word' id='word_1_356' title='bbox 234 2821 255 2857; x_wconf 79' lang='grc' dir='ltr'><strong>ι</strong></span> <span class='ocrx_word' id='word_1_357' title='bbox 292 2805 352 2859; x_wconf 87' lang='grc' dir='ltr'>Ὀ</span> <span class='ocrx_word' id='word_1_358' title='bbox 384 2805 681 2870; x_wconf 78' lang='grc' dir='ltr'>πιστεύων,</span> <span class='ocrx_word' id='word_1_359' title='bbox 716 2811 796 2872; x_wconf 86' lang='grc' dir='ltr'><strong>είς</strong></span> <span class='ocrx_word' id='word_1_360' title='bbox 828 2806 1013 2878; x_wconf 88' lang='grc' dir='ltr'>κρίσιν</span> <span class='ocrx_word' id='word_1_361' title='bbox 1041 2808 1145 2862; x_wconf 84' lang='grc' dir='ltr'><strong>οὐκ</strong></span> <span class='ocrx_word' id='word_1_362' title='bbox 1177 2808 1423 2880; x_wconf 74' lang='grc' dir='ltr'>ἔρχεται,</span> <span class='ocrx_word' id='word_1_363' title='bbox 1464 2826 1482 2859; x_wconf 79' lang='grc' dir='ltr'><strong>ι</strong></span> <span class='ocrx_word' id='word_1_364' title='bbox 1520 2808 1609 2862; x_wconf 87' lang='grc' dir='ltr'>ἴνα</span> <span class='ocrx_word' id='word_1_365' title='bbox 1643 2807 1718 2878; x_wconf 82' lang='grc' dir='ltr'>μὴ</span> <span class='ocrx_word' id='word_1_366' title='bbox 1751 2824 1839 2860; x_wconf 89' lang='grc' dir='ltr'>νο-</span> 
     </span>
    </p>
   </div>
   <div class='ocr_carea' id='block_1_47' title="bbox 232 2897 1841 2974">
    <p class='ocr_par' dir='ltr' id='par_1_47' title="bbox 232 2897 1841 2974">
     <span class='ocr_line' id='line_1_47' title="bbox 232 2897 1841 2974; baseline 0.002 -24"><span class='ocrx_word' id='word_1_367' title='bbox 232 2897 504 2970; x_wconf 79' lang='grc' dir='ltr'>μίσωμεν,</span> <span class='ocrx_word' id='word_1_368' title='bbox 531 2900 615 2954; x_wconf 86' lang='grc' dir='ltr'>ὅτι</span> <span class='ocrx_word' id='word_1_369' title='bbox 644 2902 677 2972; x_wconf 73' lang='grc' dir='ltr'>ἡ</span> <span class='ocrx_word' id='word_1_370' title='bbox 710 2902 900 2966; x_wconf 75' lang='grc' dir='ltr'>πίστις</span> <span class='ocrx_word' id='word_1_371' title='bbox 933 2904 1070 2974; x_wconf 65' lang='grc' dir='ltr'>μόνη</span> <span class='ocrx_word' id='word_1_372' title='bbox 1105 2903 1184 2966; x_wconf 84' lang='grc' dir='ltr'><strong>είς</strong></span> <span class='ocrx_word' id='word_1_373' title='bbox 1221 2900 1499 2972; x_wconf 79' lang='grc' dir='ltr'><strong>σωτηρίαν</strong></span> <span class='ocrx_word' id='word_1_374' title='bbox 1524 2902 1707 2972; x_wconf 83' lang='grc' dir='ltr'>ἀρκεῖ,</span> <span class='ocrx_word' id='word_1_375' title='bbox 1736 2918 1841 2972; x_wconf 79' lang='grc' dir='ltr'><strong>φη-</strong></span> 
     </span>
    </p>
   </div>
   <div class='ocr_carea' id='block_1_48' title="bbox 230 2993 1841 3067">
    <p class='ocr_par' dir='ltr' id='par_1_48' title="bbox 230 2993 1841 3067">
     <span class='ocr_line' id='line_1_48' title="bbox 230 2993 1841 3067; baseline 0.001 -21"><span class='ocrx_word' id='word_1_376' title='bbox 230 2995 342 3060; x_wconf 72' lang='grc' dir='ltr'>σὶν,</span> <span class='ocrx_word' id='word_1_377' title='bbox 370 2993 454 3047; x_wconf 84' lang='grc' dir='ltr'>ὅτι</span> <span class='ocrx_word' id='word_1_378' title='bbox 487 3011 507 3047; x_wconf 81' lang='grc' dir='ltr'><strong>ι</strong></span> <span class='ocrx_word' id='word_1_379' title='bbox 546 2994 995 3067; x_wconf 80' lang='grc' dir='ltr'>Ἀναστήσονται,</span> <span class='ocrx_word' id='word_1_380' title='bbox 1023 2996 1074 3049; x_wconf 81' lang='lat' dir='ltr'><strong>oi</strong></span> <span class='ocrx_word' id='word_1_381' title='bbox 1102 2996 1171 3049; x_wconf 84' lang='grc' dir='ltr'><strong>τά</strong></span> <span class='ocrx_word' id='word_1_382' title='bbox 1201 2995 1385 3066; x_wconf 80' lang='grc' dir='ltr'>φαῦλα</span> <span class='ocrx_word' id='word_1_383' title='bbox 1418 2995 1731 3064; x_wconf 79' lang='grc' dir='ltr'>πράξαντες</span> <span class='ocrx_word' id='word_1_384' title='bbox 1760 2995 1841 3058; x_wconf 88' lang='grc' dir='ltr'><strong>είς</strong></span> 
     </span>
    </p>
   </div>
   <div class='ocr_carea' id='block_1_49' title="bbox 230 3086 1841 3158">
    <p class='ocr_par' dir='ltr' id='par_1_49' title="bbox 230 3086 1841 3158">
     <span class='ocr_line' id='line_1_49' title="bbox 230 3086 1841 3158; baseline 0.001 -19"><span class='ocrx_word' id='word_1_385' title='bbox 230 3086 534 3141; x_wconf 84' lang='grc' dir='ltr'>ἀνάστασιν</span> <span class='ocrx_word' id='word_1_386' title='bbox 581 3087 856 3158; x_wconf 86' lang='grc' dir='ltr'>κρίσεως,</span> <span class='ocrx_word' id='word_1_387' title='bbox 910 3091 960 3142; x_wconf 78' lang='grc' dir='ltr'>οἱ</span> <span class='ocrx_word' id='word_1_388' title='bbox 1008 3088 1080 3143; x_wconf 86' lang='grc' dir='ltr'><strong>τά</strong></span> <span class='ocrx_word' id='word_1_389' title='bbox 1132 3088 1353 3158; x_wconf 68' lang='grc' dir='ltr'>ἀγαθὰ,</span> <span class='ocrx_word' id='word_1_390' title='bbox 1405 3089 1488 3153; x_wconf 84' lang='grc' dir='ltr'><strong>είς</strong></span> <span class='ocrx_word' id='word_1_391' title='bbox 1537 3088 1841 3142; x_wconf 78' lang='grc' dir='ltr'>ἀνάστασιν</span> 
     </span>
    </p>
   </div>
   <div class='ocr_carea' id='block_1_50' title="bbox 1936 1950 3552 2034">
    <p class='ocr_par' dir='ltr' id='par_1_50' title="bbox 1936 1950 3552 2034">
     <span class='ocr_line' id='line_1_50' title="bbox 1936 1950 3552 2034; baseline -0.016 -11"><span class='ocrx_word' id='word_1_392' title='bbox 1936 1977 2118 2023; x_wconf 84' lang='lat' dir='ltr'><strong>autem</strong></span> <span class='ocrx_word' id='word_1_393' title='bbox 2150 1967 2233 2023; x_wconf 91' lang='lat' dir='ltr'><strong>sic</strong></span> <span class='ocrx_word' id='word_1_394' title='bbox 2273 1961 2655 2034; x_wconf 72' lang='lat' dir='ltr'><strong>intelligimus,</strong></span> <span class='ocrx_word' id='word_1_395' title='bbox 2711 1970 2771 2012; x_wconf 91' lang='lat' dir='ltr'><strong>ut</strong></span> <span class='ocrx_word' id='word_1_396' title='bbox 2836 1957 3041 2012; x_wconf 87' lang='lat' dir='ltr'><strong>dictum</strong></span> <span class='ocrx_word' id='word_1_397' title='bbox 3090 1960 3200 2008; x_wconf 82' lang='lat' dir='ltr'><strong>est.</strong></span> <span class='ocrx_word' id='word_1_398' title='bbox 3256 1950 3552 2015; x_wconf 76' lang='lat' dir='ltr'><strong>PoStquam</strong></span> 
     </span>
    </p>
   </div>
   <div class='ocr_carea' id='block_1_51' title="bbox 1937 2039 3553 2126">
    <p class='ocr_par' dir='ltr' id='par_1_51' title="bbox 1937 2039 3553 2126">
     <span class='ocr_line' id='line_1_51' title="bbox 1937 2039 3553 2126; baseline -0.016 -10"><span class='ocrx_word' id='word_1_399' title='bbox 1937 2070 2118 2116; x_wconf 90' lang='lat' dir='ltr'><strong>autem</strong></span> <span class='ocrx_word' id='word_1_400' title='bbox 2177 2059 2313 2114; x_wconf 80' lang='lat' dir='ltr'><strong>dixit</strong></span> <span class='ocrx_word' id='word_1_401' title='bbox 2358 2060 2422 2111; x_wconf 88' lang='lat' dir='ltr'><strong>de</strong></span> <span class='ocrx_word' id='word_1_402' title='bbox 2485 2052 2806 2126; x_wconf 87' lang='lat' dir='ltr'><strong>particulari</strong></span> <span class='ocrx_word' id='word_1_403' title='bbox 2845 2048 3282 2110; x_wconf 83' lang='lat' dir='ltr'><strong>resurrectione,</strong></span> <span class='ocrx_word' id='word_1_404' title='bbox 3360 2039 3553 2095; x_wconf 84' lang='lat' dir='ltr'><strong>Lazari</strong></span> 
     </span>
    </p>
   </div>
   <div class='ocr_carea' id='block_1_52' title="bbox 1938 2140 3556 2218">
    <p class='ocr_par' dir='ltr' id='par_1_52' title="bbox 1938 2140 3556 2218">
     <span class='ocr_line' id='line_1_52' title="bbox 1938 2140 3556 2218; baseline -0.014 -10"><span class='ocrx_word' id='word_1_405' title='bbox 1938 2155 2197 2210; x_wconf 82' lang='lat' dir='ltr'><strong>videlicet</strong></span> <span class='ocrx_word' id='word_1_406' title='bbox 2235 2162 2292 2208; x_wconf 91' lang='lat' dir='ltr'><strong>et</strong></span> <span class='ocrx_word' id='word_1_407' title='bbox 2316 2152 2552 2205; x_wconf 90' lang='lat' dir='ltr'><strong>aliorum</strong></span> <span class='ocrx_word' id='word_1_408' title='bbox 2587 2148 2679 2218; x_wconf 85' lang='lat' dir='ltr'><strong>qui</strong></span> <span class='ocrx_word' id='word_1_409' title='bbox 2709 2146 2909 2200; x_wconf 90' lang='lat' dir='ltr'><strong>iterum</strong></span> <span class='ocrx_word' id='word_1_410' title='bbox 2943 2140 3146 2195; x_wconf 90' lang='lat' dir='ltr'><strong>mortui</strong></span> <span class='ocrx_word' id='word_1_411' title='bbox 3195 2146 3323 2192; x_wconf 87' lang='lat' dir='ltr'><strong>sunt</strong></span> <span class='ocrx_word' id='word_1_412' title='bbox 3352 2152 3364 2187; x_wconf 91' lang='lat'>:</span> <span class='ocrx_word' id='word_1_413' title='bbox 3413 2147 3556 2187; x_wconf 85' lang='lat' dir='ltr'><strong>nunc</strong></span> 
     </span>
    </p>
   </div>
   <div class='ocr_carea' id='block_1_53' title="bbox 1937 2226 3542 2307">
    <p class='ocr_par' dir='ltr' id='par_1_53' title="bbox 1937 2226 3542 2307">
     <span class='ocr_line' id='line_1_53' title="bbox 1937 2226 3542 2307; baseline -0.017 -5"><span class='ocrx_word' id='word_1_414' title='bbox 1937 2248 2070 2302; x_wconf 87' lang='lat' dir='ltr'><strong>dicit</strong></span> <span class='ocrx_word' id='word_1_415' title='bbox 2107 2246 2177 2302; x_wconf 89' lang='lat' dir='ltr'><strong>de</strong></span> <span class='ocrx_word' id='word_1_416' title='bbox 2203 2242 2538 2301; x_wconf 80' lang='lat' dir='ltr'><strong>universali:</strong></span> <span class='ocrx_word' id='word_1_417' title='bbox 2587 2258 2606 2292; x_wconf 80' lang='grc' dir='ltr'><strong>ι</strong></span> <span class='ocrx_word' id='word_1_418' title='bbox 2643 2237 2785 2307; x_wconf 87' lang='lat' dir='ltr'><strong>Quia</strong></span> <span class='ocrx_word' id='word_1_419' title='bbox 2840 2235 2987 2289; x_wconf 88' lang='lat' dir='ltr'><strong>venit</strong></span> <span class='ocrx_word' id='word_1_420' title='bbox 3038 2235 3169 2288; x_wconf 89' lang='lat' dir='ltr'><strong>hora</strong></span> <span class='ocrx_word' id='word_1_421' title='bbox 3224 2230 3277 2283; x_wconf 90' lang='lat' dir='ltr'><strong>in</strong></span> <span class='ocrx_word' id='word_1_422' title='bbox 3316 2242 3422 2298; x_wconf 86' lang='lat' dir='ltr'><strong>qua</strong></span> <span class='ocrx_word' id='word_1_423' title='bbox 3484 2226 3542 2278; x_wconf 91' lang='lat' dir='ltr'><strong>hi</strong></span> 
     </span>
    </p>
   </div>
   <div class='ocr_carea' id='block_1_54' title="bbox 1937 2316 3555 2409">
    <p class='ocr_par' dir='ltr' id='par_1_54' title="bbox 1937 2316 3555 2409">
     <span class='ocr_line' id='line_1_54' title="bbox 1937 2316 3555 2409; baseline -0.017 -13"><span class='ocrx_word' id='word_1_424' title='bbox 1937 2341 2029 2409; x_wconf 91' lang='lat' dir='ltr'><strong>qui</strong></span> <span class='ocrx_word' id='word_1_425' title='bbox 2059 2341 2111 2395; x_wconf 87' lang='lat' dir='ltr'><strong>in</strong></span> <span class='ocrx_word' id='word_1_426' title='bbox 2149 2335 2525 2395; x_wconf 86' lang='lat' dir='ltr'><strong>monumentis</strong></span> <span class='ocrx_word' id='word_1_427' title='bbox 2553 2341 2705 2395; x_wconf 86' lang='lat' dir='ltr'><strong>sunt,</strong></span> <span class='ocrx_word' id='word_1_428' title='bbox 2732 2329 2962 2384; x_wconf 89' lang='lat' dir='ltr'><strong>audient</strong></span> <span class='ocrx_word' id='word_1_429' title='bbox 2986 2340 3171 2379; x_wconf 85' lang='lat' dir='ltr'><strong>vocem</strong></span> <span class='ocrx_word' id='word_1_430' title='bbox 3207 2322 3323 2377; x_wconf 83' lang='lat' dir='ltr'><strong>Dei.</strong></span> <span class='ocrx_word' id='word_1_431' title='bbox 3360 2339 3379 2371; x_wconf 72' lang='grc' dir='ltr'><strong>ι</strong></span> <span class='ocrx_word' id='word_1_432' title='bbox 3410 2316 3555 2370; x_wconf 77' lang='lat' dir='ltr'><strong>Nam</strong></span> 
     </span>
    </p>
   </div>
   <div class='ocr_carea' id='block_1_55' title="bbox 1942 2413 3555 2490">
    <p class='ocr_par' dir='ltr' id='par_1_55' title="bbox 1942 2413 3555 2490">
     <span class='ocr_line' id='line_1_55' title="bbox 1942 2413 3555 2490; baseline -0.017 0"><span class='ocrx_word' id='word_1_433' title='bbox 1942 2436 2009 2490; x_wconf 90' lang='lat' dir='ltr'><strong>de</strong></span> <span class='ocrx_word' id='word_1_434' title='bbox 2039 2424 2335 2488; x_wconf 78' lang='lat' dir='ltr'><strong>universali</strong></span> <span class='ocrx_word' id='word_1_435' title='bbox 2383 2427 2785 2485; x_wconf 86' lang='lat' dir='ltr'><strong>resurrectione</strong></span> <span class='ocrx_word' id='word_1_436' title='bbox 2837 2422 2923 2475; x_wconf 89' lang='lat' dir='ltr'><strong>hic</strong></span> <span class='ocrx_word' id='word_1_437' title='bbox 2975 2418 3239 2489; x_wconf 77' lang='lat' dir='ltr'><strong>loquitur.</strong></span> <span class='ocrx_word' id='word_1_438' title='bbox 3284 2413 3555 2485; x_wconf 74' lang='lat' dir='ltr'><strong>Quoniam</strong></span> 
     </span>
    </p>
   </div>
   <div class='ocr_carea' id='block_1_56' title="bbox 1943 2511 3556 2597">
    <p class='ocr_par' dir='ltr' id='par_1_56' title="bbox 1943 2511 3556 2597">
     <span class='ocr_line' id='line_1_56' title="bbox 1943 2511 3556 2597; baseline -0.015 -12"><span class='ocrx_word' id='word_1_439' title='bbox 1943 2529 2158 2585; x_wconf 80' lang='lat' dir='ltr'><strong>dixerat</strong></span> <span class='ocrx_word' id='word_1_440' title='bbox 2216 2514 2490 2597; x_wconf 62' lang='lat' dir='ltr'><strong>supei‘ius,</strong></span> <span class='ocrx_word' id='word_1_441' title='bbox 2536 2542 2554 2574; x_wconf 77' lang='grc' dir='ltr'><strong>ι</strong></span> <span class='ocrx_word' id='word_1_442' title='bbox 2589 2520 2694 2589; x_wconf 87' lang='lat' dir='ltr'><strong>Qui</strong></span> <span class='ocrx_word' id='word_1_443' title='bbox 2756 2518 2955 2582; x_wconf 85' lang='lat' dir='ltr'><strong>credit,</strong></span> <span class='ocrx_word' id='word_1_444' title='bbox 3020 2517 3071 2569; x_wconf 89' lang='lat' dir='ltr'><strong>in</strong></span> <span class='ocrx_word' id='word_1_445' title='bbox 3122 2511 3389 2580; x_wconf 88' lang='lat' dir='ltr'><strong>judicium</strong></span> <span class='ocrx_word' id='word_1_446' title='bbox 3448 2520 3556 2561; x_wconf 89' lang='lat' dir='ltr'><strong>non</strong></span> 
     </span>
    </p>
   </div>
   <div class='ocr_carea' id='block_1_57' title="bbox 1941 2601 3557 2687">
    <p class='ocr_par' dir='ltr' id='par_1_57' title="bbox 1941 2601 3557 2687">
     <span class='ocr_line' id='line_1_57' title="bbox 1941 2601 3557 2687; baseline -0.014 -12"><span class='ocrx_word' id='word_1_447' title='bbox 1941 2622 2129 2687; x_wconf 81' lang='lat' dir='ltr'><strong>venit,</strong></span> <span class='ocrx_word' id='word_1_448' title='bbox 2192 2639 2211 2671; x_wconf 77' lang='grc' dir='ltr'><strong>ι</strong></span> <span class='ocrx_word' id='word_1_449' title='bbox 2255 2634 2323 2673; x_wconf 91' lang='lat' dir='ltr'><strong>ne</strong></span> <span class='ocrx_word' id='word_1_450' title='bbox 2374 2628 2628 2687; x_wconf 89' lang='lat' dir='ltr'><strong>putemus</strong></span> <span class='ocrx_word' id='word_1_451' title='bbox 2652 2613 2798 2682; x_wconf 89' lang='lat' dir='ltr'><strong>quod</strong></span> <span class='ocrx_word' id='word_1_452' title='bbox 2852 2610 2986 2664; x_wconf 81' lang='lat' dir='ltr'><strong>ﬁdes</strong></span> <span class='ocrx_word' id='word_1_453' title='bbox 3043 2606 3155 2661; x_wconf 88' lang='lat' dir='ltr'><strong>sola</strong></span> <span class='ocrx_word' id='word_1_454' title='bbox 3209 2605 3275 2656; x_wconf 87' lang='lat' dir='ltr'><strong>ad</strong></span> <span class='ocrx_word' id='word_1_455' title='bbox 3324 2601 3557 2657; x_wconf 83' lang='lat' dir='ltr'><strong>salutem</strong></span> 
     </span>
    </p>
   </div>
   <div class='ocr_carea' id='block_1_58' title="bbox 1940 2692 3559 2779">
    <p class='ocr_par' dir='ltr' id='par_1_58' title="bbox 1940 2692 3559 2779">
     <span class='ocr_line' id='line_1_58' title="bbox 1940 2692 3559 2779; baseline -0.015 -9"><span class='ocrx_word' id='word_1_456' title='bbox 1940 2713 2199 2779; x_wconf 81' lang='lat' dir='ltr'><strong>sulliciat,</strong></span> <span class='ocrx_word' id='word_1_457' title='bbox 2251 2710 2385 2766; x_wconf 91' lang='lat' dir='ltr'><strong>dicit</strong></span> <span class='ocrx_word' id='word_1_458' title='bbox 2418 2706 2561 2779; x_wconf 90' lang='lat' dir='ltr'><strong>quod</strong></span> <span class='ocrx_word' id='word_1_459' title='bbox 2598 2724 2617 2758; x_wconf 80' lang='grc' dir='ltr'><strong>ι</strong></span> <span class='ocrx_word' id='word_1_460' title='bbox 2656 2703 2967 2774; x_wconf 78' lang='lat' dir='ltr'><strong>Resurgent</strong></span> <span class='ocrx_word' id='word_1_461' title='bbox 2997 2699 3053 2754; x_wconf 92' lang='lat' dir='ltr'><strong>hi</strong></span> <span class='ocrx_word' id='word_1_462' title='bbox 3092 2698 3184 2768; x_wconf 88' lang='lat' dir='ltr'><strong>qui</strong></span> <span class='ocrx_word' id='word_1_463' title='bbox 3218 2694 3359 2748; x_wconf 89' lang='lat' dir='ltr'><strong>mala</strong></span> <span class='ocrx_word' id='word_1_464' title='bbox 3409 2692 3559 2748; x_wconf 78' lang='lat' dir='ltr'><strong>lece-</strong></span> 
     </span>
    </p>
   </div>
   <div class='ocr_carea' id='block_1_59' title="bbox 1944 2790 3557 2872">
    <p class='ocr_par' dir='ltr' id='par_1_59' title="bbox 1944 2790 3557 2872">
     <span class='ocr_line' id='line_1_59' title="bbox 1944 2790 3557 2872; baseline -0.015 -11"><span class='ocrx_word' id='word_1_465' title='bbox 1944 2815 2096 2872; x_wconf 89' lang='lat' dir='ltr'><strong>runt,</strong></span> <span class='ocrx_word' id='word_1_466' title='bbox 2132 2806 2184 2859; x_wconf 94' lang='lat' dir='ltr'><strong>in</strong></span> <span class='ocrx_word' id='word_1_467' title='bbox 2211 2801 2676 2859; x_wconf 86' lang='lat' dir='ltr'><strong>resurrectionem</strong></span> <span class='ocrx_word' id='word_1_468' title='bbox 2702 2791 3182 2852; x_wconf 87' lang='lat' dir='ltr'><strong>condemnationis</strong></span> <span class='ocrx_word' id='word_1_469' title='bbox 3209 2807 3224 2854; x_wconf 89' lang='lat'><strong>;</strong></span> <span class='ocrx_word' id='word_1_470' title='bbox 3249 2790 3341 2859; x_wconf 87' lang='lat' dir='ltr'><strong>qui</strong></span> <span class='ocrx_word' id='word_1_471' title='bbox 3375 2795 3557 2841; x_wconf 88' lang='lat' dir='ltr'><strong>autem</strong></span> 
     </span>
    </p>
   </div>
   <div class='ocr_carea' id='block_1_60' title="bbox 1946 2879 3559 2963">
    <p class='ocr_par' dir='ltr' id='par_1_60' title="bbox 1946 2879 3559 2963">
     <span class='ocr_line' id='line_1_60' title="bbox 1946 2879 3559 2963; baseline -0.014 -8"><span class='ocrx_word' id='word_1_472' title='bbox 1946 2901 2111 2963; x_wconf 83' lang='lat' dir='ltr'><strong>bona,</strong></span> <span class='ocrx_word' id='word_1_473' title='bbox 2167 2898 2221 2953; x_wconf 90' lang='lat' dir='ltr'><strong>in</strong></span> <span class='ocrx_word' id='word_1_474' title='bbox 2274 2892 2740 2952; x_wconf 86' lang='lat' dir='ltr'><strong>resurrectionem</strong></span> <span class='ocrx_word' id='word_1_475' title='bbox 2788 2890 2933 2943; x_wconf 61' lang='lat' dir='ltr'><strong>vitae.</strong></span> <span class='ocrx_word' id='word_1_476' title='bbox 2974 2906 2993 2939; x_wconf 77' lang='grc' dir='ltr'><strong>ι</strong></span> <span class='ocrx_word' id='word_1_477' title='bbox 3042 2884 3159 2939; x_wconf 86' lang='lat' dir='ltr'><strong>Non</strong></span> <span class='ocrx_word' id='word_1_478' title='bbox 3216 2883 3387 2953; x_wconf 76' lang='lat' dir='ltr'><strong>igitur</strong></span> <span class='ocrx_word' id='word_1_479' title='bbox 3441 2879 3559 2935; x_wconf 86' lang='lat' dir='ltr'><strong>sola</strong></span> 
     </span>
    </p>
   </div>
   <div class='ocr_carea' id='block_1_61' title="bbox 1945 2974 3557 3060">
    <p class='ocr_par' dir='ltr' id='par_1_61' title="bbox 1945 2974 3557 3060">
     <span class='ocr_line' id='line_1_61' title="bbox 1945 2974 3557 3060; baseline -0.015 -10"><span class='ocrx_word' id='word_1_480' title='bbox 1945 2994 2081 3050; x_wconf 78' lang='lat' dir='ltr'><strong>ﬁdes</strong></span> <span class='ocrx_word' id='word_1_481' title='bbox 2111 2991 2319 3060; x_wconf 88' lang='lat' dir='ltr'><strong>absque</strong></span> <span class='ocrx_word' id='word_1_482' title='bbox 2353 2986 2615 3060; x_wconf 87' lang='lat' dir='ltr'><strong>operibus</strong></span> <span class='ocrx_word' id='word_1_483' title='bbox 2655 2982 2952 3056; x_wconf 81' lang='lat' dir='ltr'><strong>justiﬁcat,</strong></span> <span class='ocrx_word' id='word_1_484' title='bbox 3006 2978 3100 3035; x_wconf 89' lang='lat' dir='ltr'><strong>sed</strong></span> <span class='ocrx_word' id='word_1_485' title='bbox 3145 2983 3361 3047; x_wconf 90' lang='lat' dir='ltr'><strong>oportet</strong></span> <span class='ocrx_word' id='word_1_486' title='bbox 3392 2974 3557 3029; x_wconf 88' lang='lat' dir='ltr'><strong>etiam</strong></span> 
     </span>
    </p>
   </div>
   <div class='ocr_carea' id='block_1_62' title="bbox 1945 3067 3563 3155">
    <p class='ocr_par' dir='ltr' id='par_1_62' title="bbox 1945 3067 3563 3155">
     <span class='ocr_line' id='line_1_62' title="bbox 1945 3067 3563 3155; baseline -0.012 -13"><span class='ocrx_word' id='word_1_487' title='bbox 1945 3100 2111 3155; x_wconf 87' lang='lat' dir='ltr'><strong>opera</strong></span> <span class='ocrx_word' id='word_1_488' title='bbox 2162 3083 2383 3147; x_wconf 84' lang='lat' dir='ltr'><strong>adesse,</strong></span> <span class='ocrx_word' id='word_1_489' title='bbox 2432 3088 2563 3135; x_wconf 89' lang='lat' dir='ltr'><strong>tunc</strong></span> <span class='ocrx_word' id='word_1_490' title='bbox 2592 3076 2738 3133; x_wconf 90' lang='lat' dir='ltr'><strong>enim</strong></span> <span class='ocrx_word' id='word_1_491' title='bbox 2800 3073 3023 3145; x_wconf 84' lang='lat' dir='ltr'><strong>proprie</strong></span> <span class='ocrx_word' id='word_1_492' title='bbox 3081 3070 3217 3127; x_wconf 80' lang='lat' dir='ltr'><strong>ﬁdes</strong></span> <span class='ocrx_word' id='word_1_493' title='bbox 3266 3080 3371 3125; x_wconf 84' lang='lat' dir='ltr'><strong>est.</strong></span> <span class='ocrx_word' id='word_1_494' title='bbox 3425 3067 3563 3122; x_wconf 80' lang='lat' dir='ltr'><strong>Vide</strong></span> 
     </span>
    </p>
   </div>
   <div class='ocr_carea' id='block_1_63' title="bbox 230 3163 1841 3279">
    <p class='ocr_par' dir='ltr' id='par_1_63' title="bbox 230 3176 1838 3279">
     <span class='ocr_line' id='line_1_63' title="bbox 230 3176 1838 3279; baseline -0.001 -45"><span class='ocrx_word' id='word_1_495' title='bbox 439 3198 458 3232; x_wconf 73' lang='grc' dir='ltr'><strong>ι</strong></span> <span class='ocrx_word' id='word_1_496' title='bbox 487 3180 602 3235; x_wconf 82' lang='grc' dir='ltr'>Οὐκ</span> <span class='ocrx_word' id='word_1_497' title='bbox 629 3181 738 3251; x_wconf 74' lang='grc' dir='ltr'>ἄρα</span> <span class='ocrx_word' id='word_1_498' title='bbox 765 3182 800 3250; x_wconf 80' lang='grc' dir='ltr'>ἡ</span> <span class='ocrx_word' id='word_1_499' title='bbox 833 3181 1018 3246; x_wconf 81' lang='grc' dir='ltr'>πίστις</span> <span class='ocrx_word' id='word_1_500' title='bbox 1049 3183 1188 3253; x_wconf 88' lang='grc' dir='ltr'>μόνη</span> <span class='ocrx_word' id='word_1_501' title='bbox 1216 3182 1387 3253; x_wconf 79' lang='grc' dir='ltr'>χωρὶς</span> <span class='ocrx_word' id='word_1_502' title='bbox 1414 3180 1594 3252; x_wconf 74' lang='grc' dir='ltr'>ἔργων</span> <span class='ocrx_word' id='word_1_503' title='bbox 1617 3180 1838 3242; x_wconf 83' lang='grc' dir='ltr'>δικαιοῖ,</span> 
     </span>
    </p>
   </div>
   <div class='ocr_carea' id='block_1_64' title="bbox 1947 3163 3563 3279">
    <p class='ocr_par' dir='ltr' id='par_1_64' title="bbox 1950 3163 3563 3279">
     <span class='ocr_line' id='line_1_64' title="bbox 1950 3163 3563 3251; baseline -0.012 -14"><span class='ocrx_word' id='word_1_504' title='bbox 1950 3193 2130 3238; x_wconf 87' lang='lat' dir='ltr'><strong>autem</strong></span> <span class='ocrx_word' id='word_1_505' title='bbox 2162 3179 2436 3251; x_wconf 72' lang='lat' dir='ltr'><strong>geminam</strong></span> <span class='ocrx_word' id='word_1_506' title='bbox 2462 3176 2772 3231; x_wconf 83' lang='lat' dir='ltr'><strong>doctrinam</strong></span> <span class='ocrx_word' id='word_1_507' title='bbox 2812 3172 2929 3227; x_wconf 76' lang='lat' dir='ltr'><strong>fieri</strong></span> <span class='ocrx_word' id='word_1_508' title='bbox 2960 3185 3058 3239; x_wconf 91' lang='lat' dir='ltr'><strong>per</strong></span> <span class='ocrx_word' id='word_1_509' title='bbox 3091 3177 3301 3223; x_wconf 90' lang='lat' dir='ltr'><strong>metum</strong></span> <span class='ocrx_word' id='word_1_510' title='bbox 3336 3174 3392 3221; x_wconf 87' lang='lat' dir='ltr'><strong>et</strong></span> <span class='ocrx_word' id='word_1_511' title='bbox 3422 3163 3563 3221; x_wconf 72' lang='lat' dir='ltr'><strong>laeti-</strong></span> 
     </span>
     <span class='ocr_line' id='line_1_65' title="bbox 1978 3255 3536 3279; baseline 0 0"><span class='ocrx_word' id='word_1_512' title='bbox 1978 3276 1987 3279; x_wconf 80' lang='lat'><strong>-</strong></span> <span class='ocrx_word' id='word_1_513' title='bbox 2140 3270 2186 3279; x_wconf 80' lang='lat'><strong>-.</strong></span> <span class='ocrx_word' id='word_1_514' title='bbox 2495 3268 2527 3279; x_wconf 74' lang='grc' dir='ltr'><strong>ι.</strong></span> <span class='ocrx_word' id='word_1_515' title='bbox 2571 3267 2604 3279; x_wconf 79' lang='grc' dir='ltr'>ο.</span> <span class='ocrx_word' id='word_1_516' title='bbox 2770 3264 2785 3279; x_wconf 74' lang='grc' dir='ltr'>ι</span> <span class='ocrx_word' id='word_1_517' title='bbox 2862 3278 2866 3279; x_wconf 64' lang='lat'><strong><em>,</em></strong></span> <span class='ocrx_word' id='word_1_518' title='bbox 2932 3277 2943 3279; x_wconf 66' lang='lat'><strong><em>_</em></strong></span> <span class='ocrx_word' id='word_1_519' title='bbox 2966 3278 2969 3279; x_wconf 67' lang='lat'>,</span> <span class='ocrx_word' id='word_1_520' title='bbox 2991 3260 3003 3279; x_wconf 71' lang='grc' dir='ltr'><strong>ε</strong></span> <span class='ocrx_word' id='word_1_521' title='bbox 3048 3259 3097 3279; x_wconf 60' lang='lat'><strong>2,-</strong></span> <span class='ocrx_word' id='word_1_522' title='bbox 3127 3259 3209 3279; x_wconf 67' lang='lat'><strong>-2-</strong></span> <span class='ocrx_word' id='word_1_523' title='bbox 3270 3255 3536 3279; x_wconf 72' lang='grc' dir='ltr'><strong>ι’--ξ-..ι,.-</strong></span> 
     </span>
    </p>
   </div>
   <div class='ocr_carea' id='block_1_65' title="bbox 231 3273 1842 3349">
    <p class='ocr_par' dir='ltr' id='par_1_65' title="bbox 231 3273 1842 3349">
     <span class='ocr_line' id='line_1_66' title="bbox 231 3273 1842 3349; baseline -0.002 -18"><span class='ocrx_word' id='word_1_524' title='bbox 231 3273 376 3331; x_wconf 86' lang='grc' dir='ltr'><strong>ἀλλά</strong></span> <span class='ocrx_word' id='word_1_525' title='bbox 398 3276 495 3331; x_wconf 70' lang='grc' dir='ltr'>καὶ</span> <span class='ocrx_word' id='word_1_526' title='bbox 514 3275 584 3330; x_wconf 77' lang='grc' dir='ltr'>τὰ</span> <span class='ocrx_word' id='word_1_527' title='bbox 608 3276 744 3348; x_wconf 75' lang='grc' dir='ltr'>ἔργα</span> <span class='ocrx_word' id='word_1_528' title='bbox 772 3280 1058 3349; x_wconf 85' lang='grc' dir='ltr'>προσεῖναι</span> <span class='ocrx_word' id='word_1_529' title='bbox 1083 3276 1197 3331; x_wconf 82' lang='grc' dir='ltr'>δεῖ·</span> <span class='ocrx_word' id='word_1_530' title='bbox 1225 3277 1350 3330; x_wconf 87' lang='grc' dir='ltr'>τότε</span> <span class='ocrx_word' id='word_1_531' title='bbox 1375 3277 1488 3349; x_wconf 81' lang='grc' dir='ltr'>γὰρ</span> <span class='ocrx_word' id='word_1_532' title='bbox 1513 3276 1607 3330; x_wconf 73' lang='grc' dir='ltr'>καὶ</span> <span class='ocrx_word' id='word_1_533' title='bbox 1634 3273 1842 3345; x_wconf 82' lang='grc' dir='ltr'>κυρίως</span> 
     </span>
    </p>
   </div>
   <div class='ocr_carea' id='block_1_66' title="bbox 231 3366 1842 3440">
    <p class='ocr_par' dir='ltr' id='par_1_66' title="bbox 231 3366 1842 3440">
     <span class='ocr_line' id='line_1_67' title="bbox 231 3366 1842 3440; baseline 0.001 -20"><span class='ocrx_word' id='word_1_534' title='bbox 231 3366 421 3432; x_wconf 84' lang='grc' dir='ltr'>πίστις</span> <span class='ocrx_word' id='word_1_535' title='bbox 458 3367 626 3422; x_wconf 74' lang='grc' dir='ltr'>ἐστίν.</span> <span class='ocrx_word' id='word_1_536' title='bbox 652 3368 796 3440; x_wconf 88' lang='grc' dir='ltr'>Ὅρα</span> <span class='ocrx_word' id='word_1_537' title='bbox 836 3367 894 3422; x_wconf 77' lang='grc' dir='ltr'>δὲ</span> <span class='ocrx_word' id='word_1_538' title='bbox 940 3367 1137 3437; x_wconf 83' lang='grc' dir='ltr'>διπλῆν</span> <span class='ocrx_word' id='word_1_539' title='bbox 1170 3367 1271 3439; x_wconf 79' lang='grc' dir='ltr'><strong>τὴν</strong></span> <span class='ocrx_word' id='word_1_540' title='bbox 1300 3367 1657 3422; x_wconf 81' lang='grc' dir='ltr'>διδασκαλίαν</span> <span class='ocrx_word' id='word_1_541' title='bbox 1692 3384 1842 3435; x_wconf 84' lang='grc' dir='ltr'>γινο-</span> 
     </span>
    </p>
   </div>
   <div class='ocr_carea' id='block_1_67' title="bbox 236 3459 1845 3533">
    <p class='ocr_par' dir='ltr' id='par_1_67' title="bbox 236 3459 1845 3533">
     <span class='ocr_line' id='line_1_68' title="bbox 236 3459 1845 3533; baseline -0.002 -19"><span class='ocrx_word' id='word_1_542' title='bbox 236 3459 431 3531; x_wconf 75' lang='grc' dir='ltr'>μένην,</span> <span class='ocrx_word' id='word_1_543' title='bbox 457 3459 548 3514; x_wconf 77' lang='grc' dir='ltr'>διὰ</span> <span class='ocrx_word' id='word_1_544' title='bbox 578 3460 745 3529; x_wconf 73' lang='grc' dir='ltr'>φόϐου</span> <span class='ocrx_word' id='word_1_545' title='bbox 799 3462 893 3515; x_wconf 75' lang='grc' dir='ltr'><strong>καὶ</strong></span> <span class='ocrx_word' id='word_1_546' title='bbox 927 3461 1269 3533; x_wconf 76' lang='grc' dir='ltr'>ἱλαρότητος.</span> <span class='ocrx_word' id='word_1_547' title='bbox 1297 3461 1371 3514; x_wconf 76' lang='grc' dir='ltr'><strong>Τὸ</strong></span> <span class='ocrx_word' id='word_1_548' title='bbox 1407 3460 1508 3533; x_wconf 84' lang='grc' dir='ltr'><strong>μὲν</strong></span> <span class='ocrx_word' id='word_1_549' title='bbox 1534 3461 1645 3533; x_wconf 72' lang='grc' dir='ltr'>γὰρ</span> <span class='ocrx_word' id='word_1_550' title='bbox 1676 3476 1845 3515; x_wconf 78' lang='grc' dir='ltr'>κατα-</span> 
     </span>
    </p>
   </div>
   <div class='ocr_carea' id='block_1_68' title="bbox 1954 3255 3559 3329">
    <p class='ocr_par' dir='ltr' id='par_1_68' title="bbox 1954 3255 3559 3329">
     <span class='ocr_line' id='line_1_69' title="bbox 1954 3255 3559 3329; baseline -0.013 0"><span class='ocrx_word' id='word_1_551' title='bbox 1954 3276 2104 3329; x_wconf 87' lang='lat' dir='ltr'><strong>tiam.</strong></span> <span class='ocrx_word' id='word_1_552' title='bbox 2140 3270 2279 3327; x_wconf 85' lang='lat' dir='ltr'><strong>Nam</strong></span> <span class='ocrx_word' id='word_1_553' title='bbox 2306 3284 2430 3326; x_wconf 89' lang='lat' dir='ltr'><strong>cum</strong></span> <span class='ocrx_word' id='word_1_554' title='bbox 2476 3267 2611 3324; x_wconf 89' lang='lat' dir='ltr'><strong>dicit</strong></span> <span class='ocrx_word' id='word_1_555' title='bbox 2645 3260 3005 3321; x_wconf 88' lang='lat' dir='ltr'><strong>condemnari</strong></span> <span class='ocrx_word' id='word_1_556' title='bbox 3048 3259 3215 3328; x_wconf 89' lang='lat' dir='ltr'><strong>impia</strong></span> <span class='ocrx_word' id='word_1_557' title='bbox 3270 3255 3559 3320; x_wconf 80' lang='lat' dir='ltr'><strong>iacientes,</strong></span> 
     </span>
    </p>
   </div>
   <div class='ocr_carea' id='block_1_69' title="bbox 1952 3350 3563 3426">
    <p class='ocr_par' dir='ltr' id='par_1_69' title="bbox 1952 3350 3563 3426">
     <span class='ocr_line' id='line_1_70' title="bbox 1952 3350 3563 3426; baseline -0.012 -5"><span class='ocrx_word' id='word_1_558' title='bbox 1952 3369 2217 3422; x_wconf 89' lang='lat' dir='ltr'><strong>deterret.</strong></span> <span class='ocrx_word' id='word_1_559' title='bbox 2250 3364 2385 3421; x_wconf 87' lang='lat' dir='ltr'><strong>Cum</strong></span> <span class='ocrx_word' id='word_1_560' title='bbox 2422 3371 2604 3416; x_wconf 87' lang='lat' dir='ltr'><strong>autem</strong></span> <span class='ocrx_word' id='word_1_561' title='bbox 2637 3358 2771 3413; x_wconf 89' lang='lat' dir='ltr'><strong>dicit</strong></span> <span class='ocrx_word' id='word_1_562' title='bbox 2819 3368 3110 3426; x_wconf 78' lang='lat' dir='ltr'><strong>resurgere</strong></span> <span class='ocrx_word' id='word_1_563' title='bbox 3164 3352 3232 3406; x_wconf 87' lang='lat' dir='ltr'><strong>ad</strong></span> <span class='ocrx_word' id='word_1_564' title='bbox 3262 3350 3431 3405; x_wconf 88' lang='lat' dir='ltr'><strong>vitam</strong></span> <span class='ocrx_word' id='word_1_565' title='bbox 3466 3363 3563 3405; x_wconf 85' lang='lat' dir='ltr'><strong>eos</strong></span> 
     </span>
    </p>
   </div>
   <div class='ocr_carea' id='block_1_70' title="bbox 1956 3448 3317 3533">
    <p class='ocr_par' dir='ltr' id='par_1_70' title="bbox 1956 3448 3317 3533">
     <span class='ocr_line' id='line_1_71' title="bbox 1956 3448 3317 3533; baseline -0.009 -20"><span class='ocrx_word' id='word_1_566' title='bbox 1956 3460 2051 3531; x_wconf 91' lang='lat' dir='ltr'><strong>qui</strong></span> <span class='ocrx_word' id='word_1_567' title='bbox 2086 3460 2227 3515; x_wconf 87' lang='lat' dir='ltr'><strong>bona</strong></span> <span class='ocrx_word' id='word_1_568' title='bbox 2260 3457 2535 3533; x_wconf 78' lang='lat' dir='ltr'><strong>fecerunt,</strong></span> <span class='ocrx_word' id='word_1_569' title='bbox 2564 3470 2661 3527; x_wconf 89' lang='lat' dir='ltr'><strong>per</strong></span> <span class='ocrx_word' id='word_1_570' title='bbox 2688 3450 2939 3507; x_wconf 68' lang='lat' dir='ltr'><strong>laetitiam</strong></span> <span class='ocrx_word' id='word_1_571' title='bbox 2970 3448 3317 3503; x_wconf 76' lang='lat' dir='ltr'><strong>exhortatur.</strong></span> 
     </span>
    </p>
   </div>
   <div class='ocr_carea' id='block_1_71' title="bbox 235 3530 3565 3631">
    <p class='ocr_par' dir='ltr' id='par_1_71' title="bbox 235 3530 3565 3631">
     <span class='ocr_line' id='line_1_72' title="bbox 235 3530 3565 3631; baseline -0.005 -25"><span class='ocrx_word' id='word_1_572' title='bbox 235 3552 496 3622; x_wconf 76' lang='grc' dir='ltr'>κριθῆναι</span> <span class='ocrx_word' id='word_1_573' title='bbox 526 3553 654 3617; x_wconf 83' lang='grc' dir='ltr'>τοὺς</span> <span class='ocrx_word' id='word_1_574' title='bbox 688 3554 771 3631; x_wconf 19' lang='grc' dir='ltr'>τάλ</span> <span class='ocrx_word' id='word_1_575' title='bbox 796 3554 978 3624; x_wconf 79' lang='grc' dir='ltr'>φαῦλα</span> <span class='ocrx_word' id='word_1_576' title='bbox 1012 3530 1352 3626; x_wconf 74' lang='grc' dir='ltr'>πράξαντας,</span> <span class='ocrx_word' id='word_1_577' title='bbox 1388 3530 1657 3626; x_wconf 25' lang='grc' dir='ltr'>ἐκφοϐεῖν·</span> <span class='ocrx_word' id='word_1_578' title='bbox 1710 3553 1774 3607; x_wconf 81' lang='grc' dir='ltr'>τὸ</span> <span class='ocrx_word' id='word_1_579' title='bbox 1839 3553 1896 3608; x_wconf 72' lang='grc' dir='ltr'><strong>ἢ</strong></span> <span class='ocrx_word' id='word_1_580' title='bbox 1943 3530 2023 3619; x_wconf 80' lang='grc' dir='ltr'><strong>είς</strong></span> <span class='ocrx_word' id='word_1_581' title='bbox 2065 3554 2212 3625; x_wconf 76' lang='grc' dir='ltr'>ζωὴν</span> <span class='ocrx_word' id='word_1_582' title='bbox 2247 3530 2555 3621; x_wconf 78' lang='grc' dir='ltr'>ἀναστῆναι</span> <span class='ocrx_word' id='word_1_583' title='bbox 2594 3548 2724 3609; x_wconf 79' lang='grc' dir='ltr'>τοὺς</span> <span class='ocrx_word' id='word_1_584' title='bbox 2772 3543 2841 3597; x_wconf 89' lang='grc' dir='ltr'><strong>τά</strong></span> <span class='ocrx_word' id='word_1_585' title='bbox 2884 3540 3068 3611; x_wconf 82' lang='grc' dir='ltr'>ἀγαθά</span> <span class='ocrx_word' id='word_1_586' title='bbox 3112 3538 3457 3611; x_wconf 75' lang='grc' dir='ltr'>πράξαντας,</span> <span class='ocrx_word' id='word_1_587' title='bbox 3496 3530 3565 3588; x_wconf 81' lang='grc' dir='ltr'>δι’</span> 
     </span>
    </p>
   </div>
   <div class='ocr_carea' id='block_1_72' title="bbox 238 3647 993 3722">
    <p class='ocr_par' dir='ltr' id='par_1_72' title="bbox 238 3647 993 3722">
     <span class='ocr_line' id='line_1_73' title="bbox 238 3647 993 3722; baseline 0 -20"><span class='ocrx_word' id='word_1_588' title='bbox 238 3647 562 3722; x_wconf 70' lang='grc' dir='ltr'>ἱλαρότητος</span> <span class='ocrx_word' id='word_1_589' title='bbox 594 3649 993 3721; x_wconf 78' lang='grc' dir='ltr'>προτρέπεται.</span> 
     </span>
    </p>
   </div>
   <div class='ocr_carea' id='block_1_73' title="bbox 321 3744 1850 3819">
    <p class='ocr_par' dir='ltr' id='par_1_73' title="bbox 321 3744 1850 3819">
     <span class='ocr_line' id='line_1_74' title="bbox 321 3744 1850 3819; baseline -0.001 -19"><span class='ocrx_word' id='word_1_590' title='bbox 321 3766 340 3800; x_wconf 84' lang='grc' dir='ltr'><strong>ι</strong></span> <span class='ocrx_word' id='word_1_591' title='bbox 368 3747 442 3801; x_wconf 74' lang='grc' dir='ltr'><strong>Οὐ</strong></span> <span class='ocrx_word' id='word_1_592' title='bbox 469 3746 706 3819; x_wconf 85' lang='grc' dir='ltr'>δύναμαι</span> <span class='ocrx_word' id='word_1_593' title='bbox 733 3746 845 3815; x_wconf 76' lang='grc' dir='ltr'><strong>ἐγὼ</strong></span> <span class='ocrx_word' id='word_1_594' title='bbox 871 3747 1047 3801; x_wconf 85' lang='grc' dir='ltr'>ποιεῖν</span> <span class='ocrx_word' id='word_1_595' title='bbox 1067 3746 1425 3819; x_wconf 80' lang='grc' dir='ltr'>ἀπ’ὲμαυτοῦ</span> <span class='ocrx_word' id='word_1_596' title='bbox 1449 3746 1627 3801; x_wconf 74' lang='grc' dir='ltr'>οὐδέν·</span> <span class='ocrx_word' id='word_1_597' title='bbox 1656 3744 1850 3810; x_wconf 89' lang='grc' dir='ltr'>καθὼς</span> 
     </span>
    </p>
   </div>
   <div class='ocr_carea' id='block_1_74' title="bbox 237 3838 1851 3912">
    <p class='ocr_par' dir='ltr' id='par_1_74' title="bbox 237 3838 1851 3912">
     <span class='ocr_line' id='line_1_75' title="bbox 237 3838 1851 3912; baseline -0.001 -17"><span class='ocrx_word' id='word_1_598' title='bbox 237 3838 447 3904; x_wconf 82' lang='grc' dir='ltr'>ἀκούω,</span> <span class='ocrx_word' id='word_1_599' title='bbox 480 3838 673 3911; x_wconf 79' lang='grc' dir='ltr'>κρίνω,</span> <span class='ocrx_word' id='word_1_600' title='bbox 703 3842 800 3893; x_wconf 77' lang='grc' dir='ltr'>καὶ</span> <span class='ocrx_word' id='word_1_601' title='bbox 829 3840 864 3911; x_wconf 77' lang='grc' dir='ltr'><strong>ἠ</strong></span> <span class='ocrx_word' id='word_1_602' title='bbox 895 3838 1076 3912; x_wconf 86' lang='grc' dir='ltr'>κρίσις</span> <span class='ocrx_word' id='word_1_603' title='bbox 1105 3843 1139 3912; x_wconf 83' lang='grc' dir='ltr'>ή</span> <span class='ocrx_word' id='word_1_604' title='bbox 1168 3840 1277 3912; x_wconf 78' lang='grc' dir='ltr'><strong>ἐμὴ</strong></span> <span class='ocrx_word' id='word_1_605' title='bbox 1306 3841 1494 3895; x_wconf 88' lang='grc' dir='ltr'>δικαία</span> <span class='ocrx_word' id='word_1_606' title='bbox 1523 3840 1673 3896; x_wconf 72' lang='grc' dir='ltr'>ἐστίν</span> <span class='ocrx_word' id='word_1_607' title='bbox 1705 3858 1721 3874; x_wconf 77' lang='grc' dir='ltr'><strong>ο</strong></span> <span class='ocrx_word' id='word_1_608' title='bbox 1765 3840 1851 3894; x_wconf 80' lang='grc' dir='ltr'>ὅτι</span> 
     </span>
    </p>
   </div>
   <div class='ocr_carea' id='block_1_75' title="bbox 240 3930 1849 4004">
    <p class='ocr_par' dir='ltr' id='par_1_75' title="bbox 240 3930 1849 4004">
     <span class='ocr_line' id='line_1_76' title="bbox 240 3930 1849 4004; baseline -0.001 -19"><span class='ocrx_word' id='word_1_609' title='bbox 240 3932 307 3986; x_wconf 84' lang='grc' dir='ltr'><strong>οὐ</strong></span> <span class='ocrx_word' id='word_1_610' title='bbox 350 3930 502 4004; x_wconf 77' lang='grc' dir='ltr'><strong>ζητῶ</strong></span> <span class='ocrx_word' id='word_1_611' title='bbox 545 3930 607 3984; x_wconf 80' lang='grc' dir='ltr'>τὸ</span> <span class='ocrx_word' id='word_1_612' title='bbox 650 3931 865 4002; x_wconf 74' lang='grc' dir='ltr'>θέλημα</span> <span class='ocrx_word' id='word_1_613' title='bbox 906 3931 968 3985; x_wconf 84' lang='grc' dir='ltr'><strong>τὸ</strong></span> <span class='ocrx_word' id='word_1_614' title='bbox 1008 3932 1165 4002; x_wconf 72' lang='grc' dir='ltr'>ἐμὸν,</span> <span class='ocrx_word' id='word_1_615' title='bbox 1213 3932 1352 3987; x_wconf 75' lang='grc' dir='ltr'>ἀλλὰ</span> <span class='ocrx_word' id='word_1_616' title='bbox 1394 3932 1456 3985; x_wconf 79' lang='grc' dir='ltr'>τὸ</span> <span class='ocrx_word' id='word_1_617' title='bbox 1501 3932 1718 4003; x_wconf 83' lang='grc' dir='ltr'>θέλημα</span> <span class='ocrx_word' id='word_1_618' title='bbox 1753 3930 1849 3985; x_wconf 80' lang='grc' dir='ltr'>τοῦ</span> 
     </span>
    </p>
   </div>
   <div class='ocr_carea' id='block_1_76' title="bbox 241 4022 1849 4097">
    <p class='ocr_par' dir='ltr' id='par_1_76' title="bbox 241 4022 1849 4097">
     <span class='ocr_line' id='line_1_77' title="bbox 241 4022 1849 4097; baseline 0.001 -19"><span class='ocrx_word' id='word_1_619' title='bbox 241 4022 565 4096; x_wconf 74' lang='grc' dir='ltr'>πέμψαντός</span> <span class='ocrx_word' id='word_1_620' title='bbox 598 4041 665 4094; x_wconf 82' lang='grc' dir='ltr'><strong>με</strong></span> <span class='ocrx_word' id='word_1_621' title='bbox 701 4025 937 4097; x_wconf 86' lang='grc' dir='ltr'>Πατρός.</span> <span class='ocrx_word' id='word_1_622' title='bbox 975 4043 993 4076; x_wconf 77' lang='grc' dir='ltr'><strong>ι</strong></span> <span class='ocrx_word' id='word_1_623' title='bbox 1031 4026 1193 4079; x_wconf 86' lang='grc' dir='ltr'>Καθά</span> <span class='ocrx_word' id='word_1_624' title='bbox 1225 4026 1318 4079; x_wconf 74' lang='grc' dir='ltr'><strong>καὶ</strong></span> <span class='ocrx_word' id='word_1_625' title='bbox 1351 4027 1409 4079; x_wconf 82' lang='grc' dir='ltr'>ὲν</span> <span class='ocrx_word' id='word_1_626' title='bbox 1436 4026 1549 4090; x_wconf 89' lang='grc' dir='ltr'>τοῖς</span> <span class='ocrx_word' id='word_1_627' title='bbox 1584 4024 1849 4097; x_wconf 83' lang='grc' dir='ltr'>ἀνωτέρω</span> 
     </span>
    </p>
   </div>
   <div class='ocr_carea' id='block_1_77' title="bbox 242 4116 1850 4191">
    <p class='ocr_par' dir='ltr' id='par_1_77' title="bbox 242 4116 1850 4191">
     <span class='ocr_line' id='line_1_78' title="bbox 242 4116 1850 4191; baseline 0.001 -20"><span class='ocrx_word' id='word_1_628' title='bbox 242 4116 529 4181; x_wconf 75' lang='grc' dir='ltr'>λέλεκται,</span> <span class='ocrx_word' id='word_1_629' title='bbox 558 4117 659 4188; x_wconf 81' lang='grc' dir='ltr'><strong>τὴν</strong></span> <span class='ocrx_word' id='word_1_630' title='bbox 691 4116 1111 4188; x_wconf 81' lang='grc' dir='ltr'>ἀπαραλλαξίαν</span> <span class='ocrx_word' id='word_1_631' title='bbox 1140 4118 1237 4173; x_wconf 79' lang='grc' dir='ltr'>τοῦ</span> <span class='ocrx_word' id='word_1_632' title='bbox 1269 4118 1404 4173; x_wconf 86' lang='grc' dir='ltr'>Υίοῦ</span> <span class='ocrx_word' id='word_1_633' title='bbox 1438 4120 1577 4191; x_wconf 82' lang='grc' dir='ltr'>πρὸς</span> <span class='ocrx_word' id='word_1_634' title='bbox 1606 4118 1699 4173; x_wconf 76' lang='grc' dir='ltr'><strong>τὸν</strong></span> <span class='ocrx_word' id='word_1_635' title='bbox 1730 4121 1850 4173; x_wconf 83' lang='grc' dir='ltr'><strong>Πα-</strong></span> 
     </span>
    </p>
   </div>
   <div class='ocr_carea' id='block_1_78' title="bbox 245 4209 1851 4287">
    <p class='ocr_par' dir='ltr' id='par_1_78' title="bbox 245 4209 1851 4287">
     <span class='ocr_line' id='line_1_79' title="bbox 245 4209 1851 4287; baseline -0.001 -21"><span class='ocrx_word' id='word_1_636' title='bbox 245 4212 383 4287; x_wconf 68' lang='grc' dir='ltr'>τέρα</span> <span class='ocrx_word' id='word_1_637' title='bbox 415 4210 786 4277; x_wconf 73' lang='grc' dir='ltr'>ἐνδείκνυνται</span> <span class='ocrx_word' id='word_1_638' title='bbox 821 4209 996 4264; x_wconf 81' lang='grc' dir='ltr'>ταῦτα</span> <span class='ocrx_word' id='word_1_639' title='bbox 1031 4210 1101 4265; x_wconf 78' lang='grc' dir='ltr'>τὰ</span> <span class='ocrx_word' id='word_1_640' title='bbox 1137 4214 1380 4283; x_wconf 76' lang='grc' dir='ltr'>ῥήματα,</span> <span class='ocrx_word' id='word_1_641' title='bbox 1416 4211 1496 4277; x_wconf 81' lang='grc' dir='ltr'><strong>τὸ,</strong></span> <span class='ocrx_word' id='word_1_642' title='bbox 1528 4230 1546 4264; x_wconf 81' lang='grc' dir='ltr'><strong>ι</strong></span> <span class='ocrx_word' id='word_1_643' title='bbox 1575 4213 1650 4265; x_wconf 84' lang='grc' dir='ltr'><strong>υύ</strong></span> <span class='ocrx_word' id='word_1_644' title='bbox 1685 4211 1851 4267; x_wconf 85' lang='grc' dir='ltr'>δύνα-</span> 
     </span>
    </p>
   </div>
   <div class='ocr_carea' id='block_1_79' title="bbox 246 4301 1856 4374">
    <p class='ocr_par' dir='ltr' id='par_1_79' title="bbox 246 4301 1856 4374">
     <span class='ocr_line' id='line_1_80' title="bbox 246 4301 1856 4374; baseline 0.002 -20"><span class='ocrx_word' id='word_1_645' title='bbox 246 4319 349 4374; x_wconf 83' lang='grc' dir='ltr'><strong>μαι</strong></span> <span class='ocrx_word' id='word_1_646' title='bbox 371 4301 481 4370; x_wconf 71' lang='grc' dir='ltr'>ἐγὼ</span> <span class='ocrx_word' id='word_1_647' title='bbox 502 4305 675 4357; x_wconf 84' lang='grc' dir='ltr'>ποιεῖν</span> <span class='ocrx_word' id='word_1_648' title='bbox 695 4301 792 4357; x_wconf 82' lang='grc' dir='ltr'><strong>ἀπ’</strong></span> <span class='ocrx_word' id='word_1_649' title='bbox 816 4302 1061 4373; x_wconf 79' lang='grc' dir='ltr'>ὲμαυτοῦ</span> <span class='ocrx_word' id='word_1_650' title='bbox 1083 4304 1262 4368; x_wconf 83' lang='grc' dir='ltr'>οὐδὲν,</span> <span class='ocrx_word' id='word_1_651' title='bbox 1305 4324 1323 4355; x_wconf 72' lang='grc' dir='ltr'><strong>ι</strong></span> <span class='ocrx_word' id='word_1_652' title='bbox 1361 4304 1453 4358; x_wconf 75' lang='grc' dir='ltr'><strong>καὶ</strong></span> <span class='ocrx_word' id='word_1_653' title='bbox 1481 4305 1582 4359; x_wconf 82' lang='grc' dir='ltr'>ὅσα</span> <span class='ocrx_word' id='word_1_654' title='bbox 1612 4305 1856 4359; x_wconf 87' lang='grc' dir='ltr'>τοιουτό-</span> 
     </span>
    </p>
   </div>
   <div class='ocr_carea' id='block_1_80' title="bbox 244 4394 1859 4468">
    <p class='ocr_par' dir='ltr' id='par_1_80' title="bbox 244 4394 1859 4468">
     <span class='ocr_line' id='line_1_81' title="bbox 244 4394 1859 4468; baseline 0.001 -19"><span class='ocrx_word' id='word_1_655' title='bbox 244 4411 447 4465; x_wconf 85' lang='grc' dir='ltr'>τροπα.</span> <span class='ocrx_word' id='word_1_656' title='bbox 484 4394 652 4448; x_wconf 74' lang='grc' dir='ltr'>Οὐδὲν</span> <span class='ocrx_word' id='word_1_657' title='bbox 689 4396 799 4466; x_wconf 76' lang='grc' dir='ltr'><strong>γάρ</strong></span> <span class='ocrx_word' id='word_1_658' title='bbox 844 4394 994 4460; x_wconf 81' lang='grc' dir='ltr'>ξένον</span> <span class='ocrx_word' id='word_1_659' title='bbox 1035 4397 1132 4449; x_wconf 70' lang='grc' dir='ltr'><strong>καὶ</strong></span> <span class='ocrx_word' id='word_1_660' title='bbox 1178 4396 1463 4467; x_wconf 79' lang='grc' dir='ltr'>ἀλλότριον</span> <span class='ocrx_word' id='word_1_661' title='bbox 1501 4397 1599 4451; x_wconf 79' lang='grc' dir='ltr'>τοῦ</span> <span class='ocrx_word' id='word_1_662' title='bbox 1642 4397 1859 4468; x_wconf 80' lang='grc' dir='ltr'>Πατρὸς</span> 
     </span>
    </p>
   </div>
   <div class='ocr_carea' id='block_1_81' title="bbox 2024 3725 3567 3813">
    <p class='ocr_par' dir='ltr' id='par_1_81' title="bbox 2024 3725 3567 3813">
     <span class='ocr_line' id='line_1_82' title="bbox 2024 3725 3567 3813; baseline -0.015 -15"><span class='ocrx_word' id='word_1_663' title='bbox 2024 3742 2191 3799; x_wconf 75' lang='lat' dir='ltr'><strong>Vens.</strong></span> <span class='ocrx_word' id='word_1_664' title='bbox 2219 3740 2368 3813; x_wconf 57' lang='grc' dir='ltr'>δοκι</span> <span class='ocrx_word' id='word_1_665' title='bbox 2412 3738 2530 3795; x_wconf 79' lang='lat' dir='ltr'><strong>Non</strong></span> <span class='ocrx_word' id='word_1_666' title='bbox 2576 3751 2799 3809; x_wconf 82' lang='lat' dir='ltr'><strong>possum</strong></span> <span class='ocrx_word' id='word_1_667' title='bbox 2847 3749 2949 3805; x_wconf 76' lang='lat' dir='ltr'><strong>ego</strong></span> <span class='ocrx_word' id='word_1_668' title='bbox 2994 3747 3056 3786; x_wconf 81' lang='lat' dir='ltr'><strong>ex</strong></span> <span class='ocrx_word' id='word_1_669' title='bbox 3118 3729 3325 3798; x_wconf 77' lang='lat' dir='ltr'><strong>meipso</strong></span> <span class='ocrx_word' id='word_1_670' title='bbox 3385 3725 3567 3780; x_wconf 75' lang='lat' dir='ltr'><strong>facere</strong></span> 
     </span>
    </p>
   </div>
   <div class='ocr_carea' id='block_1_82' title="bbox 1948 3821 3564 3907">
    <p class='ocr_par' dir='ltr' id='par_1_82' title="bbox 1948 3821 3564 3907">
     <span class='ocr_line' id='line_1_83' title="bbox 1948 3821 3564 3907; baseline -0.013 -15"><span class='ocrx_word' id='word_1_671' title='bbox 1948 3836 2287 3907; x_wconf 84' lang='lat' dir='ltr'><strong>quidquam:</strong></span> <span class='ocrx_word' id='word_1_672' title='bbox 2335 3832 2479 3889; x_wconf 86' lang='lat' dir='ltr'><strong>sicut</strong></span> <span class='ocrx_word' id='word_1_673' title='bbox 2523 3831 2707 3893; x_wconf 89' lang='lat' dir='ltr'><strong>audio,</strong></span> <span class='ocrx_word' id='word_1_674' title='bbox 2732 3826 2947 3896; x_wconf 84' lang='lat' dir='ltr'><strong>judico.</strong></span> <span class='ocrx_word' id='word_1_675' title='bbox 3002 3834 3055 3879; x_wconf 91' lang='lat' dir='ltr'><strong>et</strong></span> <span class='ocrx_word' id='word_1_676' title='bbox 3083 3821 3349 3894; x_wconf 71' lang='lat' dir='ltr'><strong>judicium</strong></span> <span class='ocrx_word' id='word_1_677' title='bbox 3384 3832 3564 3871; x_wconf 87' lang='lat' dir='ltr'><strong>meum</strong></span> 
     </span>
    </p>
   </div>
   <div class='ocr_carea' id='block_1_83' title="bbox 1943 3917 3558 4001">
    <p class='ocr_par' dir='ltr' id='par_1_83' title="bbox 1943 3917 3558 4001">
     <span class='ocr_line' id='line_1_84' title="bbox 1943 3917 3558 4001; baseline -0.015 -15"><span class='ocrx_word' id='word_1_678' title='bbox 1943 3931 2156 4001; x_wconf 88' lang='lat' dir='ltr'><strong>justum</strong></span> <span class='ocrx_word' id='word_1_679' title='bbox 2193 3936 2318 3995; x_wconf 89' lang='lat' dir='ltr'><strong>est;</strong></span> <span class='ocrx_word' id='word_1_680' title='bbox 2370 3925 2495 3996; x_wconf 85' lang='lat' dir='ltr'><strong>quia</strong></span> <span class='ocrx_word' id='word_1_681' title='bbox 2551 3938 2657 3978; x_wconf 92' lang='lat' dir='ltr'><strong>non</strong></span> <span class='ocrx_word' id='word_1_682' title='bbox 2710 3936 2897 3992; x_wconf 80' lang='lat' dir='ltr'><strong>quer</strong></span> <span class='ocrx_word' id='word_1_683' title='bbox 2960 3917 3299 3973; x_wconf 77' lang='lat' dir='ltr'><strong>voluntatem</strong></span> <span class='ocrx_word' id='word_1_684' title='bbox 3353 3926 3558 3974; x_wconf 87' lang='lat' dir='ltr'><strong>meam,</strong></span> 
     </span>
    </p>
   </div>
   <div class='ocr_carea' id='block_1_84' title="bbox 1953 4004 3565 4088">
    <p class='ocr_par' dir='ltr' id='par_1_84' title="bbox 1953 4004 3565 4088">
     <span class='ocr_line' id='line_1_85' title="bbox 1953 4004 3565 4088; baseline -0.012 -7"><span class='ocrx_word' id='word_1_685' title='bbox 1953 4024 2048 4080; x_wconf 83' lang='lat' dir='ltr'><strong>sed</strong></span> <span class='ocrx_word' id='word_1_686' title='bbox 2078 4022 2413 4087; x_wconf 68' lang='lat' dir='ltr'><strong>voluntatem</strong></span> <span class='ocrx_word' id='word_1_687' title='bbox 2447 4018 2586 4087; x_wconf 88' lang='lat' dir='ltr'><strong>ejus,</strong></span> <span class='ocrx_word' id='word_1_688' title='bbox 2614 4017 2706 4088; x_wconf 87' lang='lat' dir='ltr'><strong>qui</strong></span> <span class='ocrx_word' id='word_1_689' title='bbox 2741 4012 2899 4070; x_wconf 89' lang='lat' dir='ltr'><strong>misit</strong></span> <span class='ocrx_word' id='word_1_690' title='bbox 2945 4027 3031 4066; x_wconf 89' lang='lat' dir='ltr'><strong>me</strong></span> <span class='ocrx_word' id='word_1_691' title='bbox 3082 4009 3287 4065; x_wconf 86' lang='lat' dir='ltr'><strong>Patris.</strong></span> <span class='ocrx_word' id='word_1_692' title='bbox 3330 4026 3348 4059; x_wconf 74' lang='grc' dir='ltr'><strong>ι</strong></span> <span class='ocrx_word' id='word_1_693' title='bbox 3405 4004 3565 4062; x_wconf 89' lang='lat' dir='ltr'><strong>Sicut</strong></span> 
     </span>
    </p>
   </div>
   <div class='ocr_carea' id='block_1_85' title="bbox 1951 4099 3569 4184">
    <p class='ocr_par' dir='ltr' id='par_1_85' title="bbox 1951 4099 3569 4184">
     <span class='ocr_line' id='line_1_86' title="bbox 1951 4099 3569 4184; baseline -0.012 -14"><span class='ocrx_word' id='word_1_694' title='bbox 1951 4126 2007 4171; x_wconf 90' lang='lat' dir='ltr'><strong>et</strong></span> <span class='ocrx_word' id='word_1_695' title='bbox 2060 4115 2115 4170; x_wconf 91' lang='lat' dir='ltr'><strong>in</strong></span> <span class='ocrx_word' id='word_1_696' title='bbox 2180 4111 2561 4184; x_wconf 90' lang='lat' dir='ltr'><strong>superioribus</strong></span> <span class='ocrx_word' id='word_1_697' title='bbox 2616 4108 2823 4163; x_wconf 88' lang='lat' dir='ltr'><strong>dictum</strong></span> <span class='ocrx_word' id='word_1_698' title='bbox 2886 4116 2994 4170; x_wconf 87' lang='lat' dir='ltr'><strong>cst,</strong></span> <span class='ocrx_word' id='word_1_699' title='bbox 3040 4103 3229 4159; x_wconf 88' lang='lat' dir='ltr'><strong>eadem</strong></span> <span class='ocrx_word' id='word_1_700' title='bbox 3294 4099 3472 4157; x_wconf 80' lang='lat' dir='ltr'><strong>Patris</strong></span> <span class='ocrx_word' id='word_1_701' title='bbox 3511 4109 3569 4155; x_wconf 87' lang='lat' dir='ltr'><strong>et</strong></span> 
     </span>
    </p>
   </div>
   <div class='ocr_carea' id='block_1_86' title="bbox 1955 4194 3566 4280">
    <p class='ocr_par' dir='ltr' id='par_1_86' title="bbox 1955 4194 3566 4280">
     <span class='ocr_line' id='line_1_87' title="bbox 1955 4194 3566 4280; baseline -0.012 -14"><span class='ocrx_word' id='word_1_702' title='bbox 1955 4209 2077 4266; x_wconf 85' lang='lat' dir='ltr'><strong>Filii</strong></span> <span class='ocrx_word' id='word_1_703' title='bbox 2103 4217 2350 4280; x_wconf 86' lang='lat' dir='ltr'><strong>potestas</strong></span> <span class='ocrx_word' id='word_1_704' title='bbox 2378 4203 2691 4261; x_wconf 90' lang='lat' dir='ltr'><strong>ostenditur</strong></span> <span class='ocrx_word' id='word_1_705' title='bbox 2720 4202 2873 4257; x_wconf 89' lang='lat' dir='ltr'><strong>hisce</strong></span> <span class='ocrx_word' id='word_1_706' title='bbox 2894 4197 3102 4264; x_wconf 79' lang='lat' dir='ltr'><strong>verbis,</strong></span> <span class='ocrx_word' id='word_1_707' title='bbox 3139 4216 3158 4249; x_wconf 81' lang='grc' dir='ltr'><strong>ι</strong></span> <span class='ocrx_word' id='word_1_708' title='bbox 3194 4194 3313 4250; x_wconf 78' lang='lat' dir='ltr'><strong>Non</strong></span> <span class='ocrx_word' id='word_1_709' title='bbox 3345 4209 3566 4265; x_wconf 89' lang='lat' dir='ltr'><strong>possum</strong></span> 
     </span>
    </p>
   </div>
   <div class='ocr_carea' id='block_1_87' title="bbox 1957 4293 3569 4374">
    <p class='ocr_par' dir='ltr' id='par_1_87' title="bbox 1957 4293 3569 4374">
     <span class='ocr_line' id='line_1_88' title="bbox 1957 4293 3569 4374; baseline -0.014 -14"><span class='ocrx_word' id='word_1_710' title='bbox 1957 4317 2060 4374; x_wconf 78' lang='lat' dir='ltr'><strong>ego</strong></span> <span class='ocrx_word' id='word_1_711' title='bbox 2100 4301 2282 4357; x_wconf 79' lang='lat' dir='ltr'><strong>facere</strong></span> <span class='ocrx_word' id='word_1_712' title='bbox 2327 4313 2394 4353; x_wconf 83' lang='lat' dir='ltr'><strong>ex</strong></span> <span class='ocrx_word' id='word_1_713' title='bbox 2447 4296 2659 4365; x_wconf 89' lang='lat' dir='ltr'><strong>meipso</strong></span> <span class='ocrx_word' id='word_1_714' title='bbox 2701 4293 3043 4365; x_wconf 86' lang='lat' dir='ltr'><strong>quidquam:</strong></span> <span class='ocrx_word' id='word_1_715' title='bbox 3088 4308 3107 4342; x_wconf 79' lang='grc' dir='ltr'><strong>ι</strong></span> <span class='ocrx_word' id='word_1_716' title='bbox 3140 4296 3193 4342; x_wconf 86' lang='lat' dir='ltr'><strong>ct</strong></span> <span class='ocrx_word' id='word_1_717' title='bbox 3223 4298 3569 4358; x_wconf 80' lang='lat' dir='ltr'><strong>quaecunque</strong></span> 
     </span>
    </p>
   </div>
   <div class='ocr_carea' id='block_1_88' title="bbox 1958 4377 3571 4467">
    <p class='ocr_par' dir='ltr' id='par_1_88' title="bbox 1958 4377 3571 4467">
     <span class='ocr_line' id='line_1_89' title="bbox 1958 4377 3571 4467; baseline -0.015 -16"><span class='ocrx_word' id='word_1_718' title='bbox 1958 4394 2125 4467; x_wconf 81' lang='lat' dir='ltr'><strong>hujus</strong></span> <span class='ocrx_word' id='word_1_719' title='bbox 2148 4392 2371 4464; x_wconf 78' lang='lat' dir='ltr'><strong>generis</strong></span> <span class='ocrx_word' id='word_1_720' title='bbox 2413 4396 2561 4445; x_wconf 89' lang='lat' dir='ltr'><strong>sunt.</strong></span> <span class='ocrx_word' id='word_1_721' title='bbox 2598 4386 2744 4441; x_wconf 76' lang='lat' dir='ltr'><strong>Nihil</strong></span> <span class='ocrx_word' id='word_1_722' title='bbox 2775 4385 2924 4441; x_wconf 88' lang='lat' dir='ltr'><strong>enim</strong></span> <span class='ocrx_word' id='word_1_723' title='bbox 2962 4383 3200 4437; x_wconf 84' lang='lat' dir='ltr'><strong>alienum</strong></span> <span class='ocrx_word' id='word_1_724' title='bbox 3235 4390 3283 4433; x_wconf 90' lang='lat' dir='ltr'><strong>el</strong></span> <span class='ocrx_word' id='word_1_725' title='bbox 3321 4377 3571 4448; x_wconf 73' lang='lat' dir='ltr'><strong>peregri-</strong></span> 
     </span>
    </p>
   </div>
   <div class='ocr_carea' id='block_1_89' title="bbox 246 4466 1841 4562">
    <p class='ocr_par' dir='ltr' id='par_1_89' title="bbox 246 4466 1841 4562">
     <span class='ocr_line' id='line_1_90' title="bbox 246 4466 1841 4562; baseline 0 -19"><span class='ocrx_word' id='word_1_726' title='bbox 246 4489 487 4560; x_wconf 87' lang='grc' dir='ltr'>δύναμαι</span> <span class='ocrx_word' id='word_1_727' title='bbox 526 4489 639 4558; x_wconf 73' lang='grc' dir='ltr'><strong>ἐγὼ</strong></span> <span class='ocrx_word' id='word_1_728' title='bbox 681 4492 885 4545; x_wconf 81' lang='grc' dir='ltr'>ποιεῖν·</span> <span class='ocrx_word' id='word_1_729' title='bbox 923 4489 1051 4544; x_wconf 71' lang='grc' dir='ltr'>οὔτε</span> <span class='ocrx_word' id='word_1_730' title='bbox 1086 4491 1195 4561; x_wconf 69' lang='grc' dir='ltr'><strong>γὰρ</strong></span> <span class='ocrx_word' id='word_1_731' title='bbox 1232 4491 1446 4562; x_wconf 83' lang='grc' dir='ltr'>θέλημα</span> <span class='ocrx_word' id='word_1_732' title='bbox 1490 4490 1603 4562; x_wconf 75' lang='grc' dir='ltr'>ἔχω</span> <span class='ocrx_word' id='word_1_733' title='bbox 1644 4466 1841 4545; x_wconf 74' lang='grc' dir='ltr'>ἀλλοῖοι</span> 
     </span>
    </p>
   </div>
   <div class='ocr_carea' id='block_1_90' title="bbox 1947 4466 3573 4562">
    <p class='ocr_par' dir='ltr' id='par_1_90' title="bbox 1962 4466 3573 4552">
     <span class='ocr_line' id='line_1_91' title="bbox 1962 4466 3573 4552; baseline -0.013 -12"><span class='ocrx_word' id='word_1_734' title='bbox 1962 4466 2095 4541; x_wconf 89' lang='lat' dir='ltr'><strong>num</strong></span> <span class='ocrx_word' id='word_1_735' title='bbox 2126 4500 2154 4538; x_wconf 91' lang='lat' dir='ltr'><strong>a</strong></span> <span class='ocrx_word' id='word_1_736' title='bbox 2178 4482 2342 4546; x_wconf 75' lang='lat' dir='ltr'><strong>Patre</strong></span> <span class='ocrx_word' id='word_1_737' title='bbox 2364 4494 2465 4552; x_wconf 76' lang='lat' dir='ltr'><strong>ego</strong></span> <span class='ocrx_word' id='word_1_738' title='bbox 2492 4493 2712 4551; x_wconf 87' lang='lat' dir='ltr'><strong>possum</strong></span> <span class='ocrx_word' id='word_1_739' title='bbox 2738 4475 2921 4531; x_wconf 87' lang='lat' dir='ltr'><strong>facere</strong></span> <span class='ocrx_word' id='word_1_740' title='bbox 2950 4493 2964 4542; x_wconf 91' lang='lat'><strong>;</strong></span> <span class='ocrx_word' id='word_1_741' title='bbox 2989 4486 3166 4543; x_wconf 90' lang='lat' dir='ltr'><strong>neque</strong></span> <span class='ocrx_word' id='word_1_742' title='bbox 3196 4470 3344 4524; x_wconf 89' lang='lat' dir='ltr'><strong>enim</strong></span> <span class='ocrx_word' id='word_1_743' title='bbox 3374 4466 3573 4523; x_wconf 87' lang='lat' dir='ltr'><strong>volun-</strong></span> 
     </span>
    </p>
   </div>
   <div class='ocr_carea' id='block_1_91' title="bbox 250 4583 1853 4657">
    <p class='ocr_par' dir='ltr' id='par_1_91' title="bbox 250 4583 1853 4657">
     <span class='ocr_line' id='line_1_92' title="bbox 250 4583 1853 4657; baseline 0.001 -19"><span class='ocrx_word' id='word_1_744' title='bbox 250 4584 404 4654; x_wconf 81' lang='grc' dir='ltr'><strong>παρά</strong></span> <span class='ocrx_word' id='word_1_745' title='bbox 434 4583 497 4637; x_wconf 88' lang='grc' dir='ltr'><strong>τδ</strong></span> <span class='ocrx_word' id='word_1_746' title='bbox 540 4584 827 4655; x_wconf 79' lang='grc' dir='ltr'>πατρικὸν,</span> <span class='ocrx_word' id='word_1_747' title='bbox 863 4584 989 4639; x_wconf 74' lang='grc' dir='ltr'>οὔτε</span> <span class='ocrx_word' id='word_1_748' title='bbox 1032 4585 1287 4657; x_wconf 86' lang='grc' dir='ltr'>δύναμιν.</span> <span class='ocrx_word' id='word_1_749' title='bbox 1324 4584 1527 4649; x_wconf 81' lang='grc' dir='ltr'>Καθὼς</span> <span class='ocrx_word' id='word_1_750' title='bbox 1567 4585 1626 4639; x_wconf 81' lang='grc' dir='ltr'>δὲ</span> <span class='ocrx_word' id='word_1_751' title='bbox 1668 4584 1853 4640; x_wconf 81' lang='grc' dir='ltr'>ἀκούω</span> 
     </span>
    </p>
   </div>
   <div class='ocr_carea' id='block_1_92' title="bbox 249 4676 1852 4755">
    <p class='ocr_par' dir='ltr' id='par_1_92' title="bbox 249 4676 1852 4755">
     <span class='ocr_line' id='line_1_93' title="bbox 249 4676 1852 4755; baseline 0.001 -23"><span class='ocrx_word' id='word_1_752' title='bbox 249 4678 407 4749; x_wconf 73' lang='grc' dir='ltr'>παρὰ</span> <span class='ocrx_word' id='word_1_753' title='bbox 448 4676 541 4731; x_wconf 76' lang='grc' dir='ltr'>τοῦ</span> <span class='ocrx_word' id='word_1_754' title='bbox 590 4677 827 4749; x_wconf 78' lang='grc' dir='ltr'>Πατρδς,</span> <span class='ocrx_word' id='word_1_755' title='bbox 873 4678 1018 4733; x_wconf 71' lang='grc' dir='ltr'>οὕτω</span> <span class='ocrx_word' id='word_1_756' title='bbox 1062 4678 1238 4751; x_wconf 87' lang='grc' dir='ltr'>κρίνω</span> <span class='ocrx_word' id='word_1_757' title='bbox 1258 4694 1279 4755; x_wconf 21' lang='grc' dir='ltr'><strong>’Δ</strong></span> <span class='ocrx_word' id='word_1_758' title='bbox 1319 4679 1628 4745; x_wconf 80' lang='grc' dir='ltr'>τουτέστιν,</span> <span class='ocrx_word' id='word_1_759' title='bbox 1663 4679 1742 4742; x_wconf 87' lang='grc' dir='ltr'>ὡς</span> <span class='ocrx_word' id='word_1_760' title='bbox 1784 4678 1852 4733; x_wconf 83' lang='grc' dir='ltr'><strong>ἂν</strong></span> 
     </span>
    </p>
   </div>
   <div class='ocr_carea' id='block_1_93' title="bbox 249 4771 1852 4842">
    <p class='ocr_par' dir='ltr' id='par_1_93' title="bbox 249 4771 1852 4842">
     <span class='ocr_line' id='line_1_94' title="bbox 249 4771 1852 4842; baseline -0.002 -15"><span class='ocrx_word' id='word_1_761' title='bbox 249 4771 416 4835; x_wconf 78' lang='grc' dir='ltr'>αὐτὸς</span> <span class='ocrx_word' id='word_1_762' title='bbox 448 4772 476 4823; x_wconf 85' lang='grc' dir='ltr'>ὁ</span> <span class='ocrx_word' id='word_1_763' title='bbox 511 4771 703 4841; x_wconf 82' lang='grc' dir='ltr'>Πατὴρ</span> <span class='ocrx_word' id='word_1_764' title='bbox 737 4774 957 4842; x_wconf 87' lang='grc' dir='ltr'>κρίνει,</span> <span class='ocrx_word' id='word_1_765' title='bbox 991 4772 1138 4827; x_wconf 70' lang='grc' dir='ltr'>οὕτω</span> <span class='ocrx_word' id='word_1_766' title='bbox 1173 4772 1348 4841; x_wconf 82' lang='grc' dir='ltr'>κάγώ.</span> <span class='ocrx_word' id='word_1_767' title='bbox 1384 4772 1576 4827; x_wconf 78' lang='grc' dir='ltr'>Ταῦτα</span> <span class='ocrx_word' id='word_1_768' title='bbox 1609 4772 1666 4826; x_wconf 83' lang='grc' dir='ltr'>δὲ</span> <span class='ocrx_word' id='word_1_769' title='bbox 1701 4772 1852 4841; x_wconf 82' lang='grc' dir='ltr'>λέγει</span> 
     </span>
    </p>
   </div>
   <div class='ocr_carea' id='block_1_94' title="bbox 248 4863 1853 4939">
    <p class='ocr_par' dir='ltr' id='par_1_94' title="bbox 248 4863 1853 4939">
     <span class='ocr_line' id='line_1_95' title="bbox 248 4863 1853 4939; baseline 0 -19"><span class='ocrx_word' id='word_1_770' title='bbox 248 4863 342 4921; x_wconf 83' lang='grc' dir='ltr'>διὰ</span> <span class='ocrx_word' id='word_1_771' title='bbox 363 4865 426 4919; x_wconf 73' lang='grc' dir='ltr'><strong>τὸ</strong></span> <span class='ocrx_word' id='word_1_772' title='bbox 450 4864 644 4932; x_wconf 80' lang='grc' dir='ltr'>δεῖξαι,</span> <span class='ocrx_word' id='word_1_773' title='bbox 669 4865 745 4929; x_wconf 88' lang='grc' dir='ltr'>ὡς</span> <span class='ocrx_word' id='word_1_774' title='bbox 777 4866 1040 4931; x_wconf 80' lang='grc' dir='ltr'>πολλάκις</span> <span class='ocrx_word' id='word_1_775' title='bbox 1072 4866 1307 4939; x_wconf 81' lang='grc' dir='ltr'>ἔφημεν,</span> <span class='ocrx_word' id='word_1_776' title='bbox 1334 4868 1395 4923; x_wconf 85' lang='grc' dir='ltr'><strong>τὸ</strong></span> <span class='ocrx_word' id='word_1_777' title='bbox 1421 4867 1853 4939; x_wconf 82' lang='grc' dir='ltr'>ἀπαράλλακτον</span> 
     </span>
    </p>
   </div>
   <div class='ocr_carea' id='block_1_95' title="bbox 249 4957 1852 5033">
    <p class='ocr_par' dir='ltr' id='par_1_95' title="bbox 249 4957 1852 5033">
     <span class='ocr_line' id='line_1_96' title="bbox 249 4957 1852 5033; baseline 0 -19"><span class='ocrx_word' id='word_1_778' title='bbox 249 4960 347 5014; x_wconf 79' lang='grc' dir='ltr'>καὶ</span> <span class='ocrx_word' id='word_1_779' title='bbox 378 4961 436 5013; x_wconf 80' lang='grc' dir='ltr'>ὲν</span> <span class='ocrx_word' id='word_1_780' title='bbox 460 4957 673 5029; x_wconf 71' lang='grc' dir='ltr'>ἔργοις,</span> <span class='ocrx_word' id='word_1_781' title='bbox 704 4958 800 5013; x_wconf 73' lang='grc' dir='ltr'>καὶ</span> <span class='ocrx_word' id='word_1_782' title='bbox 830 4958 1032 5028; x_wconf 62' lang='grc' dir='ltr'>λόγοις,</span> <span class='ocrx_word' id='word_1_783' title='bbox 1067 4959 1162 5012; x_wconf 75' lang='grc' dir='ltr'><strong>καὶ</strong></span> <span class='ocrx_word' id='word_1_784' title='bbox 1194 4959 1463 5029; x_wconf 80' lang='grc' dir='ltr'>κρίσεσιν.</span> <span class='ocrx_word' id='word_1_785' title='bbox 1485 4959 1604 5014; x_wconf 88' lang='grc' dir='ltr'>Ἵνα</span> <span class='ocrx_word' id='word_1_786' title='bbox 1635 4960 1742 5032; x_wconf 80' lang='grc' dir='ltr'>γὰρ</span> <span class='ocrx_word' id='word_1_787' title='bbox 1778 4961 1852 5033; x_wconf 81' lang='grc' dir='ltr'>μή</span> 
     </span>
    </p>
   </div>
   <div class='ocr_carea' id='block_1_96' title="bbox 247 5050 1850 5123">
    <p class='ocr_par' dir='ltr' id='par_1_96' title="bbox 247 5050 1850 5123">
     <span class='ocr_line' id='line_1_97' title="bbox 247 5050 1850 5123; baseline -0.001 -16"><span class='ocrx_word' id='word_1_788' title='bbox 247 5069 430 5117; x_wconf 85' lang='grc' dir='ltr'>τινες,</span> <span class='ocrx_word' id='word_1_789' title='bbox 480 5050 770 5123; x_wconf 76' lang='grc' dir='ltr'>ἄνθρωπον</span> <span class='ocrx_word' id='word_1_790' title='bbox 817 5051 1059 5123; x_wconf 82' lang='grc' dir='ltr'>ὁρῶντες</span> <span class='ocrx_word' id='word_1_791' title='bbox 1110 5053 1295 5119; x_wconf 78' lang='grc' dir='ltr'>αὑτὸν,</span> <span class='ocrx_word' id='word_1_792' title='bbox 1354 5051 1850 5121; x_wconf 78' lang='grc' dir='ltr'>σκανδαλίζωνται,</span> 
     </span>
    </p>
   </div>
   <div class='ocr_carea' id='block_1_97' title="bbox 250 5145 1856 5219">
    <p class='ocr_par' dir='ltr' id='par_1_97' title="bbox 250 5145 1856 5219">
     <span class='ocr_line' id='line_1_98' title="bbox 250 5145 1856 5219; baseline -0.001 -18"><span class='ocrx_word' id='word_1_793' title='bbox 250 5145 372 5211; x_wconf 83' lang='grc' dir='ltr'>πῶς</span> <span class='ocrx_word' id='word_1_794' title='bbox 416 5146 444 5199; x_wconf 87' lang='grc' dir='ltr'><strong>ό</strong></span> <span class='ocrx_word' id='word_1_795' title='bbox 488 5146 818 5215; x_wconf 78' lang='grc' dir='ltr'>φαινόμενος</span> <span class='ocrx_word' id='word_1_796' title='bbox 863 5145 1155 5216; x_wconf 73' lang='grc' dir='ltr'>ἄνθρωπος</span> <span class='ocrx_word' id='word_1_797' title='bbox 1201 5146 1421 5201; x_wconf 82' lang='grc' dir='ltr'>δικαίαν</span> <span class='ocrx_word' id='word_1_798' title='bbox 1468 5146 1653 5219; x_wconf 87' lang='grc' dir='ltr'>κρίσιν</span> <span class='ocrx_word' id='word_1_799' title='bbox 1695 5148 1856 5218; x_wconf 82' lang='grc' dir='ltr'>ποιή-</span> 
     </span>
    </p>
   </div>
   <div class='ocr_carea' id='block_1_98' title="bbox 250 5238 1854 5311">
    <p class='ocr_par' dir='ltr' id='par_1_98' title="bbox 250 5238 1854 5311">
     <span class='ocr_line' id='line_1_99' title="bbox 250 5238 1854 5311; baseline 0.001 -18"><span class='ocrx_word' id='word_1_800' title='bbox 250 5254 433 5305; x_wconf 83' lang='grc' dir='ltr'>σειεν,</span> <span class='ocrx_word' id='word_1_801' title='bbox 472 5238 567 5293; x_wconf 75' lang='grc' dir='ltr'>τοῦ</span> <span class='ocrx_word' id='word_1_802' title='bbox 609 5240 775 5293; x_wconf 76' lang='grc' dir='ltr'>Δαυῒδ</span> <span class='ocrx_word' id='word_1_803' title='bbox 819 5241 1102 5305; x_wconf 75' lang='grc' dir='ltr'>εἰπόντος,</span> <span class='ocrx_word' id='word_1_804' title='bbox 1154 5258 1171 5291; x_wconf 85' lang='grc' dir='ltr'><strong>ι</strong></span> <span class='ocrx_word' id='word_1_805' title='bbox 1228 5241 1341 5301; x_wconf 80' lang='grc' dir='ltr'>Πᾶς</span> <span class='ocrx_word' id='word_1_806' title='bbox 1390 5239 1679 5311; x_wconf 79' lang='grc' dir='ltr'>ἄνθρωπος</span> <span class='ocrx_word' id='word_1_807' title='bbox 1720 5240 1854 5309; x_wconf 67' lang='grc' dir='ltr'>ψεύ-</span> 
     </span>
    </p>
   </div>
   <div class='ocr_carea' id='block_1_99' title="bbox 250 5330 1857 5404">
    <p class='ocr_par' dir='ltr' id='par_1_99' title="bbox 250 5330 1857 5404">
     <span class='ocr_line' id='line_1_100' title="bbox 250 5330 1857 5404; baseline 0.001 -19"><span class='ocrx_word' id='word_1_808' title='bbox 250 5349 390 5399; x_wconf 69' lang='grc' dir='ltr'>στης</span> <span class='ocrx_word' id='word_1_809' title='bbox 414 5348 428 5363; x_wconf 78' lang='grc' dir='ltr'><strong><em>ο</em></strong></span> <span class='ocrx_word' id='word_1_810' title='bbox 467 5351 484 5384; x_wconf 77' lang='grc' dir='ltr'><strong>ι</strong></span> <span class='ocrx_word' id='word_1_811' title='bbox 523 5331 727 5400; x_wconf 73' lang='grc' dir='ltr'>ἔφθασε</span> <span class='ocrx_word' id='word_1_812' title='bbox 764 5332 862 5404; x_wconf 80' lang='grc' dir='ltr'><strong>μὲν</strong></span> <span class='ocrx_word' id='word_1_813' title='bbox 890 5333 1081 5398; x_wconf 77' lang='grc' dir='ltr'>εἰπὼν,</span> <span class='ocrx_word' id='word_1_814' title='bbox 1114 5333 1197 5387; x_wconf 77' lang='grc' dir='ltr'><strong>ὅτι</strong></span> <span class='ocrx_word' id='word_1_815' title='bbox 1229 5330 1321 5404; x_wconf 81' lang='grc' dir='ltr'><strong>Μὴ</strong></span> <span class='ocrx_word' id='word_1_816' title='bbox 1354 5334 1693 5402; x_wconf 76' lang='grc' dir='ltr'>θαυμάζετε,</span> <span class='ocrx_word' id='word_1_817' title='bbox 1720 5334 1857 5387; x_wconf 68' lang='grc' dir='ltr'>διότι</span> 
     </span>
    </p>
   </div>
   <div class='ocr_carea' id='block_1_100' title="bbox 255 5421 1855 5503">
    <p class='ocr_par' dir='ltr' id='par_1_100' title="bbox 255 5421 1855 5503">
     <span class='ocr_line' id='line_1_101' title="bbox 255 5421 1855 5503; baseline 0.001 -26"><span class='ocrx_word' id='word_1_818' title='bbox 255 5422 385 5487; x_wconf 80' lang='grc' dir='ltr'>Υἱὸς</span> <span class='ocrx_word' id='word_1_819' title='bbox 414 5421 854 5503; x_wconf 39' lang='grc' dir='ltr'>ἁνθρὼπουὶείμί</span> <span class='ocrx_word' id='word_1_820' title='bbox 885 5439 896 5453; x_wconf 93' lang='grc'><strong>·</strong></span> <span class='ocrx_word' id='word_1_821' title='bbox 931 5423 1082 5493; x_wconf 81' lang='grc' dir='ltr'>λέγει</span> <span class='ocrx_word' id='word_1_822' title='bbox 1111 5424 1169 5478; x_wconf 84' lang='grc' dir='ltr'>δὲ</span> <span class='ocrx_word' id='word_1_823' title='bbox 1204 5425 1301 5478; x_wconf 76' lang='grc' dir='ltr'><strong>καὶ</strong></span> <span class='ocrx_word' id='word_1_824' title='bbox 1331 5424 1446 5489; x_wconf 81' lang='grc' dir='ltr'>νῦν,</span> <span class='ocrx_word' id='word_1_825' title='bbox 1478 5428 1563 5480; x_wconf 86' lang='grc' dir='ltr'>ὄτι</span> <span class='ocrx_word' id='word_1_826' title='bbox 1595 5425 1792 5479; x_wconf 83' lang='grc' dir='ltr'>Δικαία</span> <span class='ocrx_word' id='word_1_827' title='bbox 1822 5426 1855 5496; x_wconf 82' lang='grc' dir='ltr'>ἡ</span> 
     </span>
    </p>
   </div>
   <div class='ocr_carea' id='block_1_101' title="bbox 254 5514 1861 5589">
    <p class='ocr_par' dir='ltr' id='par_1_101' title="bbox 254 5514 1861 5589">
     <span class='ocr_line' id='line_1_102' title="bbox 254 5514 1861 5589; baseline -0.001 -17"><span class='ocrx_word' id='word_1_828' title='bbox 254 5514 442 5586; x_wconf 79' lang='grc' dir='ltr'>κρίσις</span> <span class='ocrx_word' id='word_1_829' title='bbox 473 5515 574 5585; x_wconf 85' lang='grc' dir='ltr'><strong>μού</strong></span> <span class='ocrx_word' id='word_1_830' title='bbox 607 5519 755 5580; x_wconf 73' lang='grc' dir='ltr'>ἐστι,</span> <span class='ocrx_word' id='word_1_831' title='bbox 788 5515 926 5570; x_wconf 76' lang='grc' dir='ltr'>καθὸ</span> <span class='ocrx_word' id='word_1_832' title='bbox 958 5518 1163 5589; x_wconf 86' lang='grc' dir='ltr'>κρίνω,</span> <span class='ocrx_word' id='word_1_833' title='bbox 1194 5518 1270 5581; x_wconf 85' lang='grc' dir='ltr'><strong>ὡς</strong></span> <span class='ocrx_word' id='word_1_834' title='bbox 1299 5518 1486 5573; x_wconf 86' lang='grc' dir='ltr'>ἀκούω</span> <span class='ocrx_word' id='word_1_835' title='bbox 1512 5517 1607 5571; x_wconf 85' lang='grc' dir='ltr'>τοῦ</span> <span class='ocrx_word' id='word_1_836' title='bbox 1642 5518 1861 5589; x_wconf 87' lang='grc' dir='ltr'>Πατρός</span> 
     </span>
    </p>
   </div>
   <div class='ocr_carea' id='block_1_102' title="bbox 257 5609 1857 5682">
    <p class='ocr_par' dir='ltr' id='par_1_102' title="bbox 257 5609 1857 5682">
     <span class='ocr_line' id='line_1_103' title="bbox 257 5609 1857 5682; baseline 0.001 -19"><span class='ocrx_word' id='word_1_837' title='bbox 257 5626 364 5682; x_wconf 70' lang='grc' dir='ltr'><strong>μου</strong></span> <span class='ocrx_word' id='word_1_838' title='bbox 399 5609 700 5678; x_wconf 85' lang='grc' dir='ltr'>κρίνοντος.</span> <span class='ocrx_word' id='word_1_839' title='bbox 732 5611 827 5680; x_wconf 79' lang='grc' dir='ltr'><strong>Μὴ</strong></span> <span class='ocrx_word' id='word_1_840' title='bbox 862 5611 970 5680; x_wconf 83' lang='grc' dir='ltr'><strong>γὰρ</strong></span> <span class='ocrx_word' id='word_1_841' title='bbox 1000 5610 1062 5663; x_wconf 78' lang='grc' dir='ltr'><strong>τὸ</strong></span> <span class='ocrx_word' id='word_1_842' title='bbox 1097 5610 1230 5681; x_wconf 78' lang='grc' dir='ltr'>ἐμὸν</span> <span class='ocrx_word' id='word_1_843' title='bbox 1261 5610 1478 5682; x_wconf 77' lang='grc' dir='ltr'>θέλημα</span> <span class='ocrx_word' id='word_1_844' title='bbox 1514 5611 1683 5682; x_wconf 78' lang='grc' dir='ltr'>ζητῶ,</span> <span class='ocrx_word' id='word_1_845' title='bbox 1718 5609 1857 5665; x_wconf 83' lang='grc' dir='ltr'>ἀλλὰ</span> 
     </span>
    </p>
   </div>
   <div class='ocr_carea' id='block_1_103' title="bbox 262 5700 1853 5777">
    <p class='ocr_par' dir='ltr' id='par_1_103' title="bbox 262 5700 1853 5777">
     <span class='ocr_line' id='line_1_104' title="bbox 262 5700 1853 5777; baseline 0 -20"><span class='ocrx_word' id='word_1_846' title='bbox 262 5703 318 5757; x_wconf 72' lang='lat' dir='ltr'><strong>:r‘)</strong></span> <span class='ocrx_word' id='word_1_847' title='bbox 344 5700 437 5757; x_wconf 82' lang='grc' dir='ltr'>τοῦ</span> <span class='ocrx_word' id='word_1_848' title='bbox 471 5702 706 5773; x_wconf 81' lang='grc' dir='ltr'>Πατρός.</span> <span class='ocrx_word' id='word_1_849' title='bbox 735 5703 797 5757; x_wconf 88' lang='lat'><strong>&#39;0</strong></span> <span class='ocrx_word' id='word_1_850' title='bbox 827 5704 926 5774; x_wconf 74' lang='grc' dir='ltr'><strong>μὲν</strong></span> <span class='ocrx_word' id='word_1_851' title='bbox 952 5702 1125 5759; x_wconf 82' lang='grc' dir='ltr'>θέλων</span> <span class='ocrx_word' id='word_1_852' title='bbox 1148 5705 1209 5761; x_wconf 80' lang='grc' dir='ltr'><strong>τὸ</strong></span> <span class='ocrx_word' id='word_1_853' title='bbox 1240 5704 1439 5760; x_wconf 76' lang='grc' dir='ltr'>ἑαυτοῦ</span> <span class='ocrx_word' id='word_1_854' title='bbox 1471 5704 1721 5777; x_wconf 72' lang='grc' dir='ltr'>βούλημα.</span> <span class='ocrx_word' id='word_1_855' title='bbox 1754 5722 1853 5759; x_wconf 82' lang='grc' dir='ltr'>κυ-</span> 
     </span>
    </p>
   </div>
   <div class='ocr_carea' id='block_1_104' title="bbox 332 5882 907 5950">
    <p class='ocr_par' dir='ltr' id='par_1_104' title="bbox 332 5882 907 5950">
     <span class='ocr_line' id='line_1_105' title="bbox 332 5882 907 5950; baseline -0.003 -10"><span class='ocrx_word' id='word_1_856' title='bbox 332 5882 575 5939; x_wconf 59' lang='grc' dir='ltr'><strong>ηἸἪΙ.</strong></span> <span class='ocrx_word' id='word_1_857' title='bbox 634 5900 759 5950; x_wconf 77' lang='lat' dir='ltr'><strong>cxv,</strong></span> <span class='ocrx_word' id='word_1_858' title='bbox 822 5885 907 5941; x_wconf 82' lang='lat' dir='ltr'><strong>ll.</strong></span> 
     </span>
    </p>
   </div>
   <div class='ocr_carea' id='block_1_105' title="bbox 1885 4550 3571 4643">
    <p class='ocr_par' dir='ltr' id='par_1_105' title="bbox 1885 4550 3571 4643">
     <span class='ocr_line' id='line_1_106' title="bbox 1885 4550 3571 4643; baseline -0.012 -8"><span class='ocrx_word' id='word_1_859' title='bbox 1885 4550 1934 4608; x_wconf 73' lang='grc' dir='ltr'><strong>θ</strong></span> <span class='ocrx_word' id='word_1_860' title='bbox 1965 4590 2133 4635; x_wconf 84' lang='lat' dir='ltr'><strong>tatem</strong></span> <span class='ocrx_word' id='word_1_861' title='bbox 2166 4577 2331 4632; x_wconf 82' lang='lat' dir='ltr'><strong>aliam</strong></span> <span class='ocrx_word' id='word_1_862' title='bbox 2361 4550 2540 4630; x_wconf 76' lang='lat' dir='ltr'><strong>habeo</strong></span> <span class='ocrx_word' id='word_1_863' title='bbox 2588 4580 2787 4643; x_wconf 69' lang='lat' dir='ltr'><strong>praeter</strong></span> <span class='ocrx_word' id='word_1_864' title='bbox 2831 4578 3140 4637; x_wconf 84' lang='lat' dir='ltr'><strong>paternam,</strong></span> <span class='ocrx_word' id='word_1_865' title='bbox 3188 4577 3370 4634; x_wconf 88' lang='lat' dir='ltr'><strong>neque</strong></span> <span class='ocrx_word' id='word_1_866' title='bbox 3405 4560 3571 4616; x_wconf 86' lang='lat' dir='ltr'><strong>aliam</strong></span> 
     </span>
    </p>
   </div>
   <div class='ocr_carea' id='block_1_106' title="bbox 1964 4657 3571 4747">
    <p class='ocr_par' dir='ltr' id='par_1_106' title="bbox 1964 4657 3571 4747">
     <span class='ocr_line' id='line_1_107' title="bbox 1964 4657 3571 4747; baseline -0.012 -17"><span class='ocrx_word' id='word_1_867' title='bbox 1964 4682 2320 4747; x_wconf 83' lang='lat' dir='ltr'><strong>potestatem.</strong></span> <span class='ocrx_word' id='word_1_868' title='bbox 2344 4668 2549 4725; x_wconf 82' lang='lat' dir='ltr'><strong>Verum</strong></span> <span class='ocrx_word' id='word_1_869' title='bbox 2582 4667 2727 4721; x_wconf 91' lang='lat' dir='ltr'><strong>sicut</strong></span> <span class='ocrx_word' id='word_1_870' title='bbox 2761 4663 2928 4719; x_wconf 92' lang='lat' dir='ltr'><strong>audio</strong></span> <span class='ocrx_word' id='word_1_871' title='bbox 2957 4677 2986 4716; x_wconf 89' lang='lat' dir='ltr'><strong>a</strong></span> <span class='ocrx_word' id='word_1_872' title='bbox 3015 4660 3200 4727; x_wconf 80' lang='lat' dir='ltr'><strong>Patre,</strong></span> <span class='ocrx_word' id='word_1_873' title='bbox 3236 4659 3311 4713; x_wconf 88' lang='lat' dir='ltr'><strong>ita</strong></span> <span class='ocrx_word' id='word_1_874' title='bbox 3343 4657 3571 4729; x_wconf 85' lang='lat' dir='ltr'><strong>judico:</strong></span> 
     </span>
    </p>
   </div>
   <div class='ocr_carea' id='block_1_107' title="bbox 1966 4750 3574 4833">
    <p class='ocr_par' dir='ltr' id='par_1_107' title="bbox 1966 4750 3574 4833">
     <span class='ocr_line' id='line_1_108' title="bbox 1966 4750 3574 4833; baseline -0.012 -9"><span class='ocrx_word' id='word_1_875' title='bbox 1966 4769 2072 4825; x_wconf 91' lang='lat' dir='ltr'><strong>hoc</strong></span> <span class='ocrx_word' id='word_1_876' title='bbox 2103 4777 2209 4831; x_wconf 88' lang='lat' dir='ltr'><strong>est,</strong></span> <span class='ocrx_word' id='word_1_877' title='bbox 2241 4765 2385 4822; x_wconf 87' lang='lat' dir='ltr'><strong>sicut</strong></span> <span class='ocrx_word' id='word_1_878' title='bbox 2434 4763 2550 4833; x_wconf 88' lang='lat' dir='ltr'><strong>ipse</strong></span> <span class='ocrx_word' id='word_1_879' title='bbox 2591 4760 2753 4815; x_wconf 82' lang='lat' dir='ltr'><strong>Pater</strong></span> <span class='ocrx_word' id='word_1_880' title='bbox 2791 4756 3025 4829; x_wconf 86' lang='lat' dir='ltr'><strong>judicat,</strong></span> <span class='ocrx_word' id='word_1_881' title='bbox 3082 4755 3157 4810; x_wconf 88' lang='lat' dir='ltr'><strong>ita</strong></span> <span class='ocrx_word' id='word_1_882' title='bbox 3201 4764 3256 4808; x_wconf 91' lang='lat' dir='ltr'><strong>et</strong></span> <span class='ocrx_word' id='word_1_883' title='bbox 3288 4768 3411 4823; x_wconf 84' lang='lat' dir='ltr'><strong>ego.</strong></span> <span class='ocrx_word' id='word_1_884' title='bbox 3446 4750 3574 4806; x_wconf 64' lang='lat' dir='ltr'><strong>llaec</strong></span> 
     </span>
    </p>
   </div>
   <div class='ocr_carea' id='block_1_108' title="bbox 1968 4844 3573 4919">
    <p class='ocr_par' dir='ltr' id='par_1_108' title="bbox 1968 4844 3573 4919">
     <span class='ocr_line' id='line_1_109' title="bbox 1968 4844 3573 4919; baseline -0.012 -3"><span class='ocrx_word' id='word_1_885' title='bbox 1968 4871 2152 4916; x_wconf 89' lang='lat' dir='ltr'><strong>autem</strong></span> <span class='ocrx_word' id='word_1_886' title='bbox 2187 4858 2324 4915; x_wconf 89' lang='lat' dir='ltr'><strong>dicit</strong></span> <span class='ocrx_word' id='word_1_887' title='bbox 2373 4866 2435 4914; x_wconf 91' lang='lat' dir='ltr'><strong>ut</strong></span> <span class='ocrx_word' id='word_1_888' title='bbox 2488 4853 2780 4919; x_wconf 83' lang='lat' dir='ltr'><strong>ostendat,</strong></span> <span class='ocrx_word' id='word_1_889' title='bbox 2821 4852 2965 4906; x_wconf 87' lang='lat' dir='ltr'><strong>sicut</strong></span> <span class='ocrx_word' id='word_1_890' title='bbox 3020 4862 3167 4918; x_wconf 62' lang='lat' dir='ltr'><strong>sa‘pe</strong></span> <span class='ocrx_word' id='word_1_891' title='bbox 3205 4847 3465 4909; x_wconf 78' lang='lat' dir='ltr'><strong>diximus,</strong></span> <span class='ocrx_word' id='word_1_892' title='bbox 3521 4844 3573 4897; x_wconf 88' lang='lat' dir='ltr'><strong>in</strong></span> 
     </span>
    </p>
   </div>
   <div class='ocr_carea' id='block_1_109' title="bbox 1970 4938 3575 5021">
    <p class='ocr_par' dir='ltr' id='par_1_109' title="bbox 1970 4938 3575 5021">
     <span class='ocr_line' id='line_1_110' title="bbox 1970 4938 3575 5021; baseline -0.011 -10"><span class='ocrx_word' id='word_1_893' title='bbox 1970 4956 2119 5011; x_wconf 90' lang='lat' dir='ltr'><strong>nullo</strong></span> <span class='ocrx_word' id='word_1_894' title='bbox 2145 4954 2249 5009; x_wconf 86' lang='lat' dir='ltr'><strong>sibi</strong></span> <span class='ocrx_word' id='word_1_895' title='bbox 2288 4954 2481 5008; x_wconf 89' lang='lat' dir='ltr'><strong>deesse</strong></span> <span class='ocrx_word' id='word_1_896' title='bbox 2508 4948 2717 5021; x_wconf 87' lang='lat' dir='ltr'><strong>aliquid</strong></span> <span class='ocrx_word' id='word_1_897' title='bbox 2748 4962 2777 5001; x_wconf 89' lang='lat' dir='ltr'><strong>a</strong></span> <span class='ocrx_word' id='word_1_898' title='bbox 2810 4945 3000 5011; x_wconf 87' lang='lat' dir='ltr'><strong>Patre,</strong></span> <span class='ocrx_word' id='word_1_899' title='bbox 3033 4945 3152 5000; x_wconf 89' lang='lat' dir='ltr'><strong>sive</strong></span> <span class='ocrx_word' id='word_1_900' title='bbox 3201 4941 3254 4996; x_wconf 91' lang='lat' dir='ltr'><strong>in</strong></span> <span class='ocrx_word' id='word_1_901' title='bbox 3301 4938 3575 4995; x_wconf 86' lang='lat' dir='ltr'><strong>sermoni-</strong></span> 
     </span>
    </p>
   </div>
   <div class='ocr_carea' id='block_1_110' title="bbox 1968 5034 3575 5115">
    <p class='ocr_par' dir='ltr' id='par_1_110' title="bbox 1968 5034 3575 5115">
     <span class='ocr_line' id='line_1_111' title="bbox 1968 5034 3575 5115; baseline -0.012 -10"><span class='ocrx_word' id='word_1_902' title='bbox 1968 5050 2091 5113; x_wconf 88' lang='lat' dir='ltr'><strong>bus,</strong></span> <span class='ocrx_word' id='word_1_903' title='bbox 2128 5048 2245 5103; x_wconf 83' lang='lat' dir='ltr'><strong>sive</strong></span> <span class='ocrx_word' id='word_1_904' title='bbox 2274 5046 2326 5100; x_wconf 87' lang='lat' dir='ltr'><strong>in</strong></span> <span class='ocrx_word' id='word_1_905' title='bbox 2368 5045 2650 5115; x_wconf 87' lang='lat' dir='ltr'><strong>operibus,</strong></span> <span class='ocrx_word' id='word_1_906' title='bbox 2693 5041 2809 5096; x_wconf 87' lang='lat' dir='ltr'><strong>sive</strong></span> <span class='ocrx_word' id='word_1_907' title='bbox 2842 5040 2894 5094; x_wconf 90' lang='lat' dir='ltr'><strong>in</strong></span> <span class='ocrx_word' id='word_1_908' title='bbox 2933 5037 3182 5110; x_wconf 79' lang='lat' dir='ltr'><strong>judiciis.</strong></span> <span class='ocrx_word' id='word_1_909' title='bbox 3219 5034 3460 5114; x_wconf 77' lang='lat' dir='ltr'><strong>Natuut</strong></span> <span class='ocrx_word' id='word_1_910' title='bbox 3508 5046 3575 5085; x_wconf 86' lang='lat' dir='ltr'><strong>uc</strong></span> 
     </span>
    </p>
   </div>
   <div class='ocr_carea' id='block_1_111' title="bbox 1968 5132 3579 5214">
    <p class='ocr_par' dir='ltr' id='par_1_111' title="bbox 1968 5132 3579 5214">
     <span class='ocr_line' id='line_1_112' title="bbox 1968 5132 3579 5214; baseline -0.014 -15"><span class='ocrx_word' id='word_1_911' title='bbox 1968 5143 2194 5214; x_wconf 88' lang='lat' dir='ltr'><strong>quidam</strong></span> <span class='ocrx_word' id='word_1_912' title='bbox 2218 5139 2497 5196; x_wconf 88' lang='lat' dir='ltr'><strong>hominem</strong></span> <span class='ocrx_word' id='word_1_913' title='bbox 2533 5136 2787 5192; x_wconf 81' lang='lat' dir='ltr'><strong>videntes</strong></span> <span class='ocrx_word' id='word_1_914' title='bbox 2817 5150 2943 5190; x_wconf 89' lang='lat' dir='ltr'><strong>eum</strong></span> <span class='ocrx_word' id='word_1_915' title='bbox 2974 5132 3406 5192; x_wconf 81' lang='lat' dir='ltr'><strong>ollemlerentur,</strong></span> <span class='ocrx_word' id='word_1_916' title='bbox 3440 5142 3579 5197; x_wconf 85' lang='lat' dir='ltr'><strong>quo-</strong></span> 
     </span>
    </p>
   </div>
   <div class='ocr_carea' id='block_1_112' title="bbox 1971 5221 3575 5305">
    <p class='ocr_par' dir='ltr' id='par_1_112' title="bbox 1971 5221 3575 5305">
     <span class='ocr_line' id='line_1_113' title="bbox 1971 5221 3575 5305; baseline -0.014 -13"><span class='ocrx_word' id='word_1_917' title='bbox 1971 5236 2134 5292; x_wconf 91' lang='lat' dir='ltr'><strong>modo</strong></span> <span class='ocrx_word' id='word_1_918' title='bbox 2167 5250 2291 5292; x_wconf 89' lang='lat' dir='ltr'><strong>eum</strong></span> <span class='ocrx_word' id='word_1_919' title='bbox 2320 5242 2581 5305; x_wconf 85' lang='lat' dir='ltr'><strong>appareat</strong></span> <span class='ocrx_word' id='word_1_920' title='bbox 2614 5230 2801 5293; x_wconf 89' lang='lat' dir='ltr'><strong>homo,</strong></span> <span class='ocrx_word' id='word_1_921' title='bbox 2844 5226 3055 5297; x_wconf 88' lang='lat' dir='ltr'><strong>justum</strong></span> <span class='ocrx_word' id='word_1_922' title='bbox 3088 5224 3256 5279; x_wconf 79' lang='lat' dir='ltr'><strong>iaciat</strong></span> <span class='ocrx_word' id='word_1_923' title='bbox 3285 5221 3575 5291; x_wconf 86' lang='lat' dir='ltr'><strong>judicium,</strong></span> 
     </span>
    </p>
   </div>
   <div class='ocr_carea' id='block_1_113' title="bbox 1967 5315 3568 5387">
    <p class='ocr_par' dir='ltr' id='par_1_113' title="bbox 1967 5315 3568 5387">
     <span class='ocr_line' id='line_1_114' title="bbox 1967 5315 3568 5387; baseline -0.016 1"><span class='ocrx_word' id='word_1_924' title='bbox 1967 5347 2091 5387; x_wconf 84' lang='lat' dir='ltr'><strong>cum</strong></span> <span class='ocrx_word' id='word_1_925' title='bbox 2151 5329 2321 5385; x_wconf 87' lang='lat' dir='ltr'><strong>David</strong></span> <span class='ocrx_word' id='word_1_926' title='bbox 2368 5330 2553 5384; x_wconf 85' lang='lat' dir='ltr'><strong>dicat:</strong></span> <span class='ocrx_word' id='word_1_927' title='bbox 2592 5345 2610 5377; x_wconf 83' lang='grc' dir='ltr'><strong>ι</strong></span> <span class='ocrx_word' id='word_1_928' title='bbox 2651 5323 2844 5378; x_wconf 89' lang='lat' dir='ltr'><strong>Omnis</strong></span> <span class='ocrx_word' id='word_1_929' title='bbox 2903 5322 3067 5375; x_wconf 91' lang='lat' dir='ltr'><strong>homo</strong></span> <span class='ocrx_word' id='word_1_930' title='bbox 3119 5316 3353 5373; x_wconf 80' lang='lat' dir='ltr'><strong>mendax</strong></span> <span class='ocrx_word' id='word_1_931' title='bbox 3381 5315 3485 5380; x_wconf 66' lang='lat'><strong>&#39;8&#39;;</strong></span> <span class='ocrx_word' id='word_1_932' title='bbox 3551 5331 3568 5363; x_wconf 75' lang='grc' dir='ltr'><strong>ι</strong></span> 
     </span>
    </p>
   </div>
   <div class='ocr_carea' id='block_1_114' title="bbox 1967 5410 3576 5493">
    <p class='ocr_par' dir='ltr' id='par_1_114' title="bbox 1967 5410 3576 5493">
     <span class='ocr_line' id='line_1_115' title="bbox 1967 5410 3576 5493; baseline -0.013 -13"><span class='ocrx_word' id='word_1_933' title='bbox 1967 5423 2236 5493; x_wconf 64' lang='lat' dir='ltr'><strong>praevenit</strong></span> <span class='ocrx_word' id='word_1_934' title='bbox 2283 5421 2546 5492; x_wconf 87' lang='lat' dir='ltr'><strong>quidem,</strong></span> <span class='ocrx_word' id='word_1_935' title='bbox 2607 5418 2834 5474; x_wconf 88' lang='lat' dir='ltr'><strong>dicens:</strong></span> <span class='ocrx_word' id='word_1_936' title='bbox 2886 5414 2967 5470; x_wconf 78' lang='lat' dir='ltr'><strong>Ne</strong></span> <span class='ocrx_word' id='word_1_937' title='bbox 2997 5410 3347 5468; x_wconf 88' lang='lat' dir='ltr'><strong>admiremini</strong></span> <span class='ocrx_word' id='word_1_938' title='bbox 3401 5410 3467 5463; x_wconf 89' lang='lat' dir='ltr'><strong>de</strong></span> <span class='ocrx_word' id='word_1_939' title='bbox 3510 5424 3576 5460; x_wconf 86' lang='lat' dir='ltr'><strong>eo</strong></span> 
     </span>
    </p>
   </div>
   <div class='ocr_carea' id='block_1_115' title="bbox 1966 5498 3579 5587">
    <p class='ocr_par' dir='ltr' id='par_1_115' title="bbox 1966 5498 3579 5587">
     <span class='ocr_line' id='line_1_116' title="bbox 1966 5498 3579 5587; baseline -0.009 -19"><span class='ocrx_word' id='word_1_940' title='bbox 1966 5515 2108 5587; x_wconf 90' lang='lat' dir='ltr'><strong>quod</strong></span> <span class='ocrx_word' id='word_1_941' title='bbox 2142 5514 2314 5569; x_wconf 87' lang='lat' dir='ltr'><strong>Filius</strong></span> <span class='ocrx_word' id='word_1_942' title='bbox 2345 5511 2588 5568; x_wconf 89' lang='lat' dir='ltr'><strong>hominis</strong></span> <span class='ocrx_word' id='word_1_943' title='bbox 2616 5525 2735 5565; x_wconf 89' lang='lat' dir='ltr'><strong>sum</strong></span> <span class='ocrx_word' id='word_1_944' title='bbox 2767 5526 2781 5577; x_wconf 88' lang='lat'><strong>;</strong></span> <span class='ocrx_word' id='word_1_945' title='bbox 2811 5523 2938 5563; x_wconf 89' lang='lat' dir='ltr'><strong>nam</strong></span> <span class='ocrx_word' id='word_1_946' title='bbox 2977 5517 3031 5560; x_wconf 91' lang='lat' dir='ltr'><strong>et</strong></span> <span class='ocrx_word' id='word_1_947' title='bbox 3061 5505 3204 5558; x_wconf 84' lang='lat' dir='ltr'><strong>Deus</strong></span> <span class='ocrx_word' id='word_1_948' title='bbox 3240 5517 3385 5556; x_wconf 86' lang='lat' dir='ltr'><strong>sum.</strong></span> <span class='ocrx_word' id='word_1_949' title='bbox 3433 5498 3579 5553; x_wconf 83' lang='lat' dir='ltr'><strong>Dicit</strong></span> 
     </span>
    </p>
   </div>
   <div class='ocr_carea' id='block_1_116' title="bbox 1966 5600 3576 5675">
    <p class='ocr_par' dir='ltr' id='par_1_116' title="bbox 1966 5600 3576 5675">
     <span class='ocr_line' id='line_1_117' title="bbox 1966 5600 3576 5675; baseline -0.011 -9"><span class='ocrx_word' id='word_1_950' title='bbox 1966 5618 2191 5666; x_wconf 81' lang='lat' dir='ltr'><strong>autem:</strong></span> <span class='ocrx_word' id='word_1_951' title='bbox 2247 5607 2311 5663; x_wconf 86' lang='lat' dir='ltr'><strong>Et</strong></span> <span class='ocrx_word' id='word_1_952' title='bbox 2353 5622 2500 5662; x_wconf 89' lang='lat' dir='ltr'><strong>nunc</strong></span> <span class='ocrx_word' id='word_1_953' title='bbox 2550 5605 2758 5675; x_wconf 88' lang='lat' dir='ltr'><strong>justum</strong></span> <span class='ocrx_word' id='word_1_954' title='bbox 2813 5600 3080 5673; x_wconf 89' lang='lat' dir='ltr'><strong>judicium</strong></span> <span class='ocrx_word' id='word_1_955' title='bbox 3126 5612 3307 5654; x_wconf 91' lang='lat' dir='ltr'><strong>meum</strong></span> <span class='ocrx_word' id='word_1_956' title='bbox 3355 5601 3459 5657; x_wconf 86' lang='lat' dir='ltr'><strong>est,</strong></span> <span class='ocrx_word' id='word_1_957' title='bbox 3508 5608 3576 5649; x_wconf 82' lang='lat' dir='ltr'><strong>eo</strong></span> 
     </span>
    </p>
   </div>
   <div class='ocr_carea' id='block_1_117' title="bbox 1967 5680 3569 5777">
    <p class='ocr_par' dir='ltr' id='par_1_117' title="bbox 1967 5680 3569 5777">
     <span class='ocr_line' id='line_1_118' title="bbox 1967 5680 3569 5777; baseline -0.008 -17"><span class='ocrx_word' id='word_1_958' title='bbox 1967 5704 2114 5777; x_wconf 90' lang='lat' dir='ltr'><strong>quod</strong></span> <span class='ocrx_word' id='word_1_959' title='bbox 2156 5702 2345 5776; x_wconf 88' lang='lat' dir='ltr'><strong>judico</strong></span> <span class='ocrx_word' id='word_1_960' title='bbox 2371 5703 2515 5760; x_wconf 90' lang='lat' dir='ltr'><strong>sicut</strong></span> <span class='ocrx_word' id='word_1_961' title='bbox 2546 5680 2709 5757; x_wconf 80' lang='lat' dir='ltr'><strong>audio</strong></span> <span class='ocrx_word' id='word_1_962' title='bbox 2736 5699 2955 5755; x_wconf 85' lang='lat' dir='ltr'><strong>Patrem</strong></span> <span class='ocrx_word' id='word_1_963' title='bbox 2998 5710 3177 5753; x_wconf 86' lang='lat' dir='ltr'><strong>meum</strong></span> <span class='ocrx_word' id='word_1_964' title='bbox 3206 5691 3569 5765; x_wconf 75' lang='lat' dir='ltr'><strong>iudicantem.</strong></span> 
     </span>
    </p>
   </div>
  </div>
