4078 6330
580 324 722 391 1275

1493 294 2076 405 THEOPHYLACTI
2118 321 2531 385 summm
2574 322 2932 383 Attumne.

3690 317 3821 383 1275

579 453 604 491 ι
645 434 759 489 Non
786 434 928 490 enim
959 448 1133 489 meam
1166 431 1498 488 voluntatem
1531 449 1734 505 quam,
1766 436 1860 491 sed
1885 436 2085 491 Patris.
2124 455 2141 487 ο

2261 436 2449 505 ρῶται,
2495 436 2625 499 ίσως
2672 434 2739 488 ἂν
2785 433 3172 505 ὑποπτευθείη,
3220 432 3296 497 ὡς
3346 430 3742 504 παραφθείρων
3786 428 3846 485 τδ

576 527 711 583 Nam
735 528 994 597 quisuam
1020 526 1251 583 voluerit
1284 528 1554 593 stabilire,
1590 527 1839 583 fortassis
1868 538 2152 599 suspectus

578 620 709 687 erit,
736 619 879 689 quod
926 628 1241 689 corrumpat
1269 620 1412 689 quod
1438 618 1647 687 justum
1689 629 1810 675 est:
1846 621 1939 689 qui
1973 631 2155 676 autem

583 727 687 767 non
721 725 818 766 sua
861 719 1093 780 spectat,
1142 726 1248 780 quo
1272 718 1535 779 praetextu
1566 720 1749 781 posset
1784 712 1984 782 injuste
2007 714 2158 782 judi-

580 801 757 857 care?
800 801 913 872 Ego
968 801 1135 871 igitur
1184 817 1289 856 non
1332 814 1524 872 quaero
1566 803 1901 859 voluntatem
1959 820 2155 871 meam,

582 907 757 964 neque
787 894 932 949 enim
967 909 1069 965 ego
1100 909 1277 951 meam
1310 898 1482 951 habeo
1508 894 1865 963 voluntatem,
1891 897 1984 953 sed
2018 901 2159 968 quod

579 984 695 1039 vult
724 982 910 1051 Pater,
940 984 1070 1040 illud
1104 994 1158 1039 et
1185 1000 1305 1055 ego.

655 1072 817 1129 Vsus.
846 1074 1031 1131 ’ὀί-55.
1072 1093 1090 1127 ι
1133 1074 1189 1130 Si
1248 1088 1345 1144 ego
1400 1076 1768 1132 teStimonium
1813 1078 2157 1149 perhiberem

578 1169 645 1222 de
684 1167 911 1237 meipso,
946 1166 1315 1223 testimonium
1365 1184 1542 1224 meum
1582 1184 1691 1225 non
1746 1178 1893 1226 esset
1948 1184 2156 1226 verum.

578 1261 733 1317 Alius
757 1271 841 1317 est
870 1263 959 1333 qui
984 1263 1357 1319 testimonium
1388 1264 1642 1334 perhibet
1667 1263 1735 1320 de
1767 1278 1875 1320 me.
1926 1264 1990 1320 Et
2045 1264 2159 1321 scio

579 1370 768 1411 verum
800 1370 921 1411 esse
961 1356 1335 1412 testimonium
1364 1356 1505 1425 quod
1541 1365 1772 1412 testatur
1800 1358 1869 1413 de
1910 1372 2014 1413 me.
2054 1356 2158 1413 Vos

580 1447 805 1501 misistis
831 1447 899 1501 ad
947 1445 1236 1514 Joannem,
1286 1457 1342 1505 et
1392 1450 1439 1505 is
1493 1449 1863 1504 testimonium
1925 1449 2160 1505 reddidit

579 1536 821 1592 veritati.
857 1536 1017 1608 577
1052 1538 1162 1610 Ego
1195 1550 1375 1595 autem
1423 1556 1527 1596 non
1562 1541 1631 1597 ab
1664 1541 1884 1597 homine
1912 1544 2189 1599 teslimoo-

578 1629 728 1684 nium
776 1632 1031 1699 accipio;
1067 1635 1161 1687 sed
1213 1633 1329 1689 haec
1374 1633 1520 1697 dico.
1560 1643 1619 1689 ut
1648 1649 1742 1690 vos
1797 1635 1934 1691 salvi
1992 1634 2154 1690 ﬁalis.

578 1719 671 1775 ille
700 1730 818 1775 erat
874 1721 1089 1777 lucerna
1125 1725 1320 1780 ardens
1348 1733 1404 1779 et
1449 1724 1658 1792 lucens,
1711 1740 1809 1780 vos
1853 1734 2032 1781 autem
2061 1741 2157 1781 vo-

581 1810 762 1867 luistis
792 1811 860 1865 ad
897 1823 1107 1881 tempus
1135 1816 1409 1871 exsultare
1445 1817 1497 1871 in
1533 1817 1653 1874 luce
1682 1819 1820 1890 ejus.
1861 1839 1882 1873 ι
1917 1819 2156 1890 Apparet

583 1903 676 1959 hic
704 1906 976 1959 contraria
1007 1906 1190 1961 dicere
1218 1906 1503 1966 Dominus.
1536 1907 1749 1967 Etenim
1773 1913 1972 1969 alicubi
2004 1915 2156 1970 vide-

580 2005 669 2048 tur
708 1998 892 2049 testari
931 1997 997 2051 de
1023 2011 1102 2063 se,
1136 1999 1276 2053 sicut
1308 1999 1665 2057 Samaritanae.
1698 2004 1950 2060 dicebat:
1988 2026 2007 2059 ι
2038 2007 2153 2078 Ego

576 2099 693 2137 sum
723 2084 1012 2141 Christus:
1046 2106 1065 2138 ι
1098 2100 1153 2142 et
1178 2104 1341 2153 caeco,
1367 2092 1568 2147 etalias
1587 2110 1748 2164 saepe.
1777 2095 1832 2150 Si
1854 2096 2016 2168 igitur
2042 2098 2157 2154 inec

578 2174 711 2231 falsa
745 2188 892 2243 sunt,
924 2193 1046 2250 qme
1080 2181 1237 2236 nobis
1266 2182 1460 2239 salutis
1491 2186 1661 2255 spes?
1690 2185 1805 2241 Non
1829 2199 2009 2244 autem
2043 2190 2159 2247 haec

575 2269 691 2323 sola
747 2269 964 2326 videtur
1022 2286 1144 2329 esse
1207 2278 1589 2342 contrarietas,
1645 2281 1737 2334 sed
1792 2291 1847 2335 et
1903 2282 2008 2337 alia
2052 2300 2156 2339 non

580 2360 779 2417 minor.
819 2361 955 2417 Nam
986 2373 1041 2419 et
1071 2365 1124 2419 in
1166 2381 1456 2438 progressu
1490 2370 1662 2426 dicit:
1719 2391 1738 2424 ι
1775 2372 1830 2427 Si
1863 2388 1964 2445 ego
1999 2376 2158 2432 teSti-

576 2454 815 2508 monium
845 2456 1105 2525 perhiheo
1151 2459 1215 2514 de
1272 2462 1503 2530 meipso,
1560 2463 1933 2523 testimonium
1976 2481 2155 2521 meum

579 2559 763 2600 verum
815 2547 982 2601 est".
1020 2564 1039 2598 ι
1102 2547 1381 2613 Quomodo
1424 2552 1595 2621 igitur
1650 2556 1976 2611 convenient
2038 2574 2157 2629 qua;

577 2648 820 2705 pugnare
865 2635 1166 2691 videntur?
1206 2638 1259 2692 Id
1289 2640 1505 2707 quidem
1540 2644 1681 2713 quod
1710 2645 1859 2713 dicit,
1900 2665 1918 2698 ι
1950 2647 2007 2702 Si
2057 2664 2158 2720 ego

578 2724 841 2781 testiﬁcor
877 2726 942 2781 de
994 2730 1219 2798 meipso,
1277 2731 1647 2789 testimonium
1700 2750 1878 2791 meum
1927 2755 2033 2795 non
2076 2750 2159 2796 est

579 2831 790 2882 verum,
836 2836 855 2871 ι
895 2819 1029 2873 dicit
1076 2822 1142 2873 ad
1186 2823 1501 2891 opinionem
1536 2825 1869 2898 Judmorum,
1899 2835 2156 2901 quoniam

576 2912 722 2967 enim
755 2912 829 2967 illi
858 2914 1053 2969 dicturi
1088 2926 1244 2971 erant
1271 2916 1319 2970 ei
1346 2933 1359 2970 :
1393 2917 1473 2973 Tu
1498 2924 1869 2980 testimonium
1904 2928 2158 2997 perhibes

575 3005 645 3058 de
677 3005 880 3075 teipso;
918 3007 1098 3063 nullus
1150 3019 1329 3065 autem
1356 3014 1449 3083 qui
1477 3016 1543 3069 de
1572 3030 1630 3070 se
1654 3016 1772 3088 ipso
1804 3022 2152 3090 testiﬁcatur,

2256 528 2499 583 δίκαιονο
2543 528 2570 579 6
2612 527 2671 581 δὲ
2720 526 2795 597 μὴ
2836 527 2903 580 τὰ
2948 526 3145 581 ἑαυτοῦ
3192 524 3431 590 σκοπῶν,
3472 524 3597 579 τίνα
3646 525 3713 579 ἂν
3750 523 3845 595 ἔχῃ

2258 620 2533 691 πρόφασιν
2560 618 2654 673 τοῦ
2691 619 2764 691 μὴ
2790 620 2860 673 τὰ
2890 618 3070 673 δίκαια
3095 616 3459 693 ψηφίζεσθαις
3493 615 3642 685 Ἐγὼ
3668 616 3847 670 τοίνυν

2257 713 2319 765 οὑ
2350 711 2497 781 ζητῶ
2525 712 2587 764 τὸ
2619 711 2830 781 θέλημα
2860 712 2921 765 τὸ
2952 712 3085 783 ἐμόν
3110 726 3125 742 ’
3156 710 3280 764 οὑδὶ
3310 711 3421 781 γὰρ
3450 711 3562 781 ἔχω
3592 710 3729 780 ἐμὸν
3757 710 3845 763 Θέ-

2260 805 2411 875 λημα
2432 820 2445 834 '
2476 803 2595 857 ἀλλ’
2615 802 2644 857 6
2672 804 2818 858 θέλει
2846 804 2874 858 6
2904 803 3120 875 Πατὴρ,
3150 805 3329 858 ἐκεῖνο
3357 804 3536 873 κάγώ.

2338 1089 2357 1120 ι
2388 1070 2485 1123 “Av
2524 1068 2637 1137 ἑγὼ
2687 1068 2952 1141 μαρτυρῶ
2994 1085 3123 1141 περι
3170 1070 3436 1139 εμαυτοῦ,
3483 1072 3519 1140 ἡ
3570 1073 3845 1142 μαρτυρία

2263 1177 2365 1231 μου
2392 1162 2494 1215 οὑκ
2518 1161 2666 1214 ἐστιν
2692 1160 2921 1231 ἀληθής.
2948 1161 3139 1226 Ἀλλος
3163 1162 3313 1216 ἐστίν
3334 1165 3363 1217 6
3390 1164 3695 1234 μαρτυρῶν
3722 1164 3846 1231 περὶ

2259 1252 2415 1323 ιμοῦ,
2445 1253 2539 1307 καὶ
2568 1248 2687 1308 οῖδα
2716 1254 2798 1309 ὅτι
2828 1253 3039 1323 ἀληθής
3066 1257 3213 1308 ἐστιν
3238 1255 3272 1325 ἡ
3303 1255 3583 1327 μαρτυρία
3615 1258 3683 1327 ἢν
3710 1274 3848 1327 μαρ-

2259 1348 2415 1414 τυρεῖ
2439 1345 2569 1415 περὶ
2594 1347 2752 1414 ἐμοῦ.
2779 1345 2967 1416 Ὑμεῖς
2993 1347 3375 1401 ἀπεστάλκατε
3403 1348 3540 1417 πρὸς
3566 1349 3844 1419 Ἰωάννην,

2260 1437 2354 1491 καὶ
2387 1436 2784 1509 μεμαρτύρηκε
2814 1439 2880 1507 τῇ
2910 1436 3161 1509 ἀληθείᾳ.
3194 1436 3335 1506 Ἐγὼ
3364 1438 3421 1491 δὲ
3454 1439 3609 1510 παρὰ
3638 1439 3849 1511 ἀνθρώ-

2260 1545 2365 1581 που
2399 1529 2499 1595 τὴν
2534 1526 2842 1598 μαρτυρίαν
2870 1526 2932 1580 οὑ
2968 1526 3232 1597 λαμϐάνω
3256 1543 3270 1557 ·
3309 1527 3445 1581 ἀλλὰ
3472 1528 3651 1581 ταῦτα
3688 1528 3845 1597 λέγω,

2261 1620 2348 1675 ἵνα
2374 1621 2534 1691 ὑμεῖς
2561 1621 2793 1692 σωθῆτε.
2832 1620 3073 1684 Ἐκεῖνος
3098 1615 3167 1693 ἦν
3189 1621 3218 1674 6
3243 1620 3438 1692 λύχνος
3464 1623 3491 1676 6
3520 1622 3843 1693 καιόμενος,

2261 1713 2355 1766 καὶ
2383 1712 2611 1782 φαίνων,
2642 1713 2801 1783 ὑμεῖς
2823 1714 2883 1767 δὲ
2909 1712 3213 1785 ἠθελήσατε
3240 1712 3679 1785 ὰγαλλιασθῆναι
3711 1718 3847 1787 πρὸς

2260 1806 2409 1875 ὤραν
2436 1808 2493 1860 ὲν
2522 1806 2599 1876 τῷ
2632 1807 2771 1875 φωτὶ
2801 1806 2988 1860 αὑτοῦ.
3025 1825 3044 1859 ι
3076 1806 3330 1860 Φαίνεται
3362 1805 3599 1861 ἐνταῦθα
3629 1808 3847 1861 ἐναντία

2260 1898 2432 1967 λέγων
2462 1902 2491 1952 6
2525 1898 2749 1970 Κύριος.
2794 1899 2902 1955 Καὶ
2939 1898 3047 1970 γὰρ
3075 1898 3338 1969 πολλαχοῦ
3371 1898 3618 1966 φαίνεται
3644 1916 3851 1969 μαρτυο

2261 1992 2434 2063 ρήσας
2476 1992 2686 2059 ἑαυτῷ,
2723 1989 2917 2063 ῶσπερ
2949 1993 3017 2061 τῇ
3061 1990 3416 2061 Σαμαρείτιδι
3459 1990 3604 2060 ἔφη·
3648 2012 3666 2044 ι
3712 1992 3849 2060 Ἐγώ

2259 2087 2373 2153 εἰμι
2404 2085 2432 2135 6
2464 2083 2700 2153 Χριστός
2725 2098 2739 2112 ·
2779 2101 2797 2134 ι
2836 2082 2931 2135 καὶ
2959 2081 3039 2153 τῷ
3067 2081 3254 2152 τυφλῷ
3274 2119 3289 2144 ,
3324 2082 3417 2137 καὶ
3450 2082 3687 2153 ἑτέρωθι
3718 2083 3848 2135 πολ-

2260 2177 2447 2248 λαχοῦ.
2487 2177 2613 2231 Ἐὰν
2641 2173 2736 2232 οὖν
2761 2176 2938 2231 ταῦτα
2969 2169 3073 2229 ῶσι
3104 2175 3309 2246 ψευδῆ,
3341 2177 3473 2230 ποία
3504 2177 3640 2247 ἡμῖν
3673 2194 3846 2248 σωτη-

2263 2271 2387 2343 ρίας
2430 2270 2620 2336 ὲλπίς;
2671 2270 2746 2325 Οὑ
2787 2268 2946 2323 τοῦτο
2987 2268 3045 2323 δὲ
3094 2269 3257 2339 μόνον
3305 2269 3455 2323 δοκεῖ
3500 2270 3847 2338 ἐναντίωμα,

2263 2363 2395 2416 ἀλλὰ
2431 2363 2526 2415 καὶ
2560 2362 2747 2432 ἕτερον
2780 2362 2884 2415 οὑκ
2922 2361 3169 2417 ἔλαττον.
3208 2360 3426 2432 Προϊὼν
3461 2361 3569 2431 γὰρ
3591 2401 3606 2423 ,
3648 2363 3848 2431 φησὶν,

2260 2457 2363 2520 ὅτι,
2393 2475 2409 2507 ι
2436 2455 2553 2509 Κᾶν
2584 2454 2695 2522 ἐγὼ
2733 2452 2999 2525 μαρτυρῶ
3036 2454 3165 2525 περὶ
3197 2454 3458 2524 ἐμαυτοῦ,
3496 2455 3529 2519 ὴ
3571 2454 3851 2523 μαρτυρία

2266 2566 2367 2617 μου
2392 2548 2601 2618 ἀληθής
2625 2550 2767 2601 ἐστι.
2802 2566 2820 2599 ι
2850 2547 2973 2610 Πῶς
2994 2542 3087 2601 οὖν
3112 2545 3656 2617 συμϐιϐασθήσονται
3680 2546 3852 2599 ταῦτα

2261 2643 2521 2697 δοκοῦντα
2542 2642 2846 2713 μάχεσθαις
2873 2644 2939 2695 Ὀ
2962 2642 3063 2714 μὲν
3087 2642 3258 2710 λέγει,
3284 2643 3367 2694 ὅτι
3398 2660 3415 2692 ι
3443 2643 3539 2695 Ἂν
3569 2642 3686 2711 ἐγὼ
3716 2660 3852 2713 μαρο

2262 2736 2412 2807 τυρῶ
2446 2738 2572 2807 περὶ
2608 2735 2872 2807 ἐμαυτοῦ,
2901 2738 2933 2808 ἡ
2966 2735 3245 2806 μαρτυρία
3280 2753 3381 2805 μου
3414 2736 3515 2788 οὑκ
3545 2735 3699 2789 ἔστιν
3726 2736 3851 2806 ἀληο

2264 2828 2393 2896 θὴς,
2438 2846 2457 2878 ι
2496 2827 2646 2895 λέγει
2681 2828 2757 2891 ὼς
2794 2826 2931 2896 πρὸς
2964 2826 3067 2898 τὴν
3100 2826 3372 2894 ὑπόληψιν
3406 2827 3514 2877 τῶν
3554 2824 3845 2878 Ἰουδαίων.

2275 2920 2427 2981 Ἐπεὶ
2458 2922 2567 2993 γὰρ
2596 2922 2820 2991 ἔμελλον
2852 2923 3049 2975 ἐκεῖνοι
3084 2920 3213 2984 τσως
3242 2921 3417 2974 εἰπεῖν
3448 2918 3601 2989 αὑτῷ
3620 2961 3635 2982 ,
3664 2919 3751 2973 ὅτι
3784 2920 3848 2971 Σὺ

2266 3017 2564 3085 μαρτυρεῖς
2592 3016 2722 3084 περὶ
2750 3013 3002 3075 σεαυτοῦ,
3032 3013 3210 3076 οὐδεὶς
3237 3013 3293 3065 δὲ
3323 3012 3621 3083 μαρτυρῶν
3646 3010 3847 3079 ἑαυτῷ,

578 3093 685 3150 [ide
730 3096 925 3164 dignus
956 3109 1060 3153 est.
1100 3098 1241 3155 Dicit
1278 3104 1524 3172 urgendo
1558 3107 1719 3165 illos:
1756 3109 1871 3167 Non
1910 3116 2151 3171 testimo-

2261 3108 2571 3175 ἀξιόπιστός
2603 3108 2741 3170 ἐστι,
2773 3108 2941 3177 φησὶν
2966 3107 3324 3170 ένστατικῶς,
3352 3108 3433 3160 ὅτι
3466 3106 3541 3158 υὺ
3582 3104 3847 3176 μαρτυρῶ

579 3187 731 3241 nium
758 3189 1021 3257 perhibeo
1045 3206 1144 3262 ego
1165 3193 1233 3249 de
1261 3196 1490 3265 meipso,
1515 3199 1715 3272 alioqui
1738 3202 1891 3272 juxta
1918 3217 2156 3265 vestram

2262 3200 2371 3269 ὲγὼ
2414 3201 2543 3271 περὶ
2589 3200 2829 3271 ἐμαυτοῦ
2854 3216 2868 3231 ο
2914 3196 2949 3273 ἦ
2994 3200 3103 3269 γὰρ
3146 3199 3211 3252 ἂν
3253 3198 3395 3251 κατὰ
3430 3197 3531 3267 τὴν
3574 3197 3847 3268 ὑμετέραν

580 3280 901 3335 sententiam
934 3298 1039 3337 non
1056 3284 1250 3355 dignus
1276 3302 1455 3345 essem
1486 3296 1571 3347 cui
1592 3298 1927 3353 crederetur.
1960 3320 1978 3353 ι
2009 3302 2156 3357 Alius

2261 3293 2486 3364 γνώμην
2504 3292 2767 3357 οὑκᾶξιος
2786 3294 2904 3363 εῖην
2940 3292 3316 3346 πιστεύεσθαι.
3355 3313 3373 3345 ι
3409 3292 3605 3354 ’Λλλος
3642 3293 3791 3345 ἐστὶν
3822 3292 3848 3344 6

579 3372 723 3425 enim
739 3374 928 3444 estqui
958 3376 1321 3435 testimonium
1352 3382 1417 3437 de
1450 3400 1536 3439 me
1564 3389 1836 3458 perhibet,
1869 3409 1889 3443 ι
1922 3390 2160 3451 Joannes

580 3465 807 3519 scilicet.
843 3468 993 3533 Quod
1018 3479 1199 3526 autem
1225 3473 1375 3539 dicit,
1414 3493 1434 3527 ι
1471 3477 1600 3533 Etsi
1653 3495 1754 3552 ego
1790 3485 2158 3542 testimonium

581 3556 859 3626 petitibm.
878 3562 1242 3619 teatimonium
1270 3581 1447 3622 meum
1479 3586 1664 3627 verum
1687 3585 1791 3639 est,
1818 3595 1836 3627 ι
1860 3582 2158 3636 secundum

582 3655 989 3711 concessionem
1020 3660 1171 3713 dicit.
1203 3661 1481 3717 Accedeus
1505 3665 1651 3719 enim
1678 3671 1916 3725 sermoni
1948 3669 2159 3729 Judmo—

584 3760 726 3810 rum,
755 3746 926 3803 dicit:
964 3749 1092 3806 Esto
1122 3755 1264 3821 quod
1312 3770 1411 3825 ego
1455 3752 1823 3816 testimonium
1852 3763 1919 3818 de
1952 3768 2158 3838 meipso

582 3838 933 3907 perhibeam;
968 3855 1020 3895 et
1055 3845 1097 3897 si
1125 3856 1227 3913 ego
1253 3846 1416 3917 igitur
1452 3854 1819 3910 testimonium
1853 3857 1919 3913 de
1953 3862 2159 3929 mcipso

582 3930 917 3999 perhibcam,
976 3938 1341 3995 testimonium
1401 3958 1581 3998 meum
1630 3960 1822 4001 verum
1871 3944 2158 4008 estham

578 4036 703 4075 cum
734 4021 875 4080 Deus
912 4028 1036 4095 sim,
1071 4030 1174 4085 ﬁde
1206 4032 1403 4103 dignus
1444 4051 1587 4091 smn.
1611 4041 1786 4111 Atque
1822 4044 1892 4098 ita
1926 4047 2156 4114 primum

580 4115 718 4170 dixit
747 4117 868 4173 illos
904 4124 1166 4190 urgendo,
1200 4141 1305 4180 non
1338 4142 1437 4197 ego
1469 4131 1839 4188 testimouimn
1873 4137 2156 4206 perhiheo,

580 4208 675 4259 sed
708 4205 1043 4265 Prmcursor.
1077 4211 1388 4271 Secundum
1434 4230 1614 4274 autem
1656 4238 1716 4277 se
1749 4224 1853 4280 illis
1879 4205 2159 4296 opponené

582 4294 671 4359 do,
702 4296 785 4350 vel
819 4298 981 4352 etiam
1012 4304 1382 4371 concedendo,
1426 4308 1655 4369 dicens:
1702 4330 1720 4362 ι
1772 4313 1828 4368 Si
1864 4294 2030 4371 etiam
2059 4334 2159 4389 ego

583 4387 951 4445 trstimonium
979 4394 1315 4462 perhibeam,
1355 4400 1725 4458 testimonium
1762 4421 1940 4461 meum
1969 4387 2157 4465 verum

2264 3384 2563 3458 μαρτυρῶν
2605 3386 2734 3458 περὶ
2779 3383 2938 3458 ἐμοῦ,
2965 3403 2985 3438 ι
3028 3387 3056 3439 6
3089 3383 3362 3457 Ἰωάννης.
3396 3387 3461 3438 ⁸0
3486 3385 3544 3437 δὲ
3571 3384 3744 3451 λέγει,
3770 3386 3847 3438 ὅτι

2268 3495 2286 3530 ι
2322 3477 2441 3530 Κᾶν
2463 3478 2575 3547 ιγὼ
2603 3477 2944 3548 μαρτυρῶ,ή
2978 3478 3255 3548 μαρτυρία
3285 3494 3387 3547 μου
3416 3476 3626 3545 ἀληθής
3654 3479 3793 3537 ἐστι,
3824 3496 3840 3525 ι

2260 3570 2401 3623 κατὰ
2436 3570 2745 3641 συνδρομὴν
2777 3570 2957 3639 λέγει,
2998 3568 3312 3640 συντρέχων
3347 3560 3454 3638 γὰρ
3489 3570 3569 3639 τῷ
3603 3569 3846 3639 λογισμῴ

2258 3666 2366 3718 τῶν
2402 3664 2693 3727 Ἰουδαίων,
2732 3664 2920 3733 φησὶν,
2955 3664 3037 3717 ὅτι
3064 3663 3265 3727 Ἔστω,
3301 3665 3382 3717 ὃτι
3426 3664 3539 3731 ἐγὼ
3585 3662 3848 3735 μαρτυρῶ

2258 3758 2388 3829 περὶ
2434 3756 2698 3829 ἐμαυτοῦ.
2749 3756 2870 3811 Κᾶν
2915 3756 3026 3825 ἐγὼ
3070 3756 3251 3810 τοίνυν
3298 3757 3585 3827 μαρτυρῶ,
3640 3756 3845 3826 ἀληθής

2260 3853 2409 3903 ἐστιν
2452 3852 2485 3919 ἡ
2533 3848 2810 3921 μαρτυρία
2855 3866 2999 3920 μουο
3047 3850 3182 3909 Θεὸς
3229 3850 3337 3919 γὰρ
3382 3848 3480 3913 ῶν,
3530 3848 3843 3914 uictima-.6;

2260 3941 2579 4010 εἰμι.Ὦστε
2602 3941 2662 3992 τὸ
2689 3941 2788 4008 μὲν
2814 3940 3029 4010 πρῶτον
3054 3940 3389 4003 ἑνστατικῶς
3416 3937 3594 4001 εἶπεν,
3622 3940 3707 3993 ὅτι
3735 3942 3844 3992 υὺι

2260 4033 2372 4103 ἐγὼ
2413 4032 2713 4105 μαρτυρῶ,
2750 4032 2871 4085 ἀλλ’
2896 4033 2924 4084 ὁ
2966 4032 3284 4101 Πρὸδρομος
3310 4050 3321 4058 ·
3357 4032 3417 4084 τὸ
3457 4032 3515 4085 6‘3
3556 4031 3842 4105 δεύτερον,

2261 4127 2399 4181 κατὰ
2440 4126 2928 4197 ἀντιπαράστασιν,
2973 4126 3092 4197 ἦτοι
3139 4126 3465 4197 συνδρομὴν,
3511 4126 3595 4179 ὅτι
3660 4147 3679 4177 ι
3731 4128 3843 4180 Κᾶν

2260 4220 2369 4288 ἐγὼ
2396 4219 2682 4292 μαρτυρῶ,
2707 4219 2914 4289 ἀληθής
2940 4220 3086 4272 ἐστιν
3109 4220 3141 4289 ή
3172 4218 3450 4289 μαρτυρία
3476 4236 3604 4289 μου.
3638 4238 3657 4269 ι
3685 4220 3843 4289 Τρεῖς

2261 4312 2385 4378 οὖν,
2424 4314 2616 4385 φησὶν,
2655 4314 2765 4383 ἔχω
2804 4313 3122 4383 μάρτυρας,
3156 4312 3247 4365 τὸν
3285 4312 3570 4381 Ἰωάννην,
3605 4314 3675 4366 τὰ
3711 4315 3842 4383 ἔργα

2267 4425 2367 4475 μου
2390 4449 2405 4474 ,
2432 4408 2524 4460 τὸν
2552 4407 2772 4475 Πατέρα
2808 4422 2932 4475 μου.
2964 4406 3074 4459 Καὶ
3108 4404 3326 4475 πρῶτον
3358 4405 3449 4457 τὸν
3482 4405 3739 4475 Ἰωάννην
3767 4407 3841 4458 τί·

578 4486 681 4533 est.
717 4498 738 4533 ι
789 4478 961 4537 Porro
995 4488 1116 4549 tria,
1163 4487 1360 4557 inquit,
1409 4490 1584 4549 habeo
1625 4497 1959 4565 testimonia,
1991 4500 2156 4558 Joan-

2264 4502 2441 4572 θησιν,
2478 4501 2566 4554 ἵνα
2604 4501 2765 4571 μήτις
2800 4502 2927 4570 εῖπῃ
2962 4497 3109 4567 αὑτῷ
3131 4512 3147 4529 °
3181 4497 3246 4549 Τί
3275 4496 3389 4559 οὖν,
3413 4498 3686 4561 είὲκεῖνος
3711 4499 3841 4562 πρὶς

583 4587 727 4639 ucm,
763 4589 923 4642 opera
967 4593 1107 4641 mea,
1164 4580 1375 4637 Patrem
1406 4602 1605 4643 meum.
1638 4588 1702 4643 Et
1743 4592 1974 4659 primum
2007 4598 2158 4665 ponit

577 4661 865 4723 Joannem.
910 4669 979 4725 Ut
1016 4687 1081 4725 ne
1110 4674 1232 4741 quis
1256 4676 1401 4729 dicat
1425 4680 1497 4743 ei,
1523 4680 1663 4746 Quid
1697 4682 1860 4752 igitur
1893 4686 1937 4739 si
1969 4661 2057 4743 ille
2089 4691 2156 4745 ad

580 4757 807 4823 gratiam
844 4762 1161 4817 testiﬁcatus
1188 4774 1271 4819 est
1308 4768 1448 4820 tibi?
1474 4771 1626 4839 dicit,
1658 4773 1762 4829 Vos
1793 4775 1896 4845 ipsi
1932 4782 2155 4838 misistis

576 4848 643 4901 ad
674 4847 961 4906 Joannem.
993 4852 1226 4910 Omnino
1269 4870 1448 4915 autem
1498 4879 1604 4919 non
1660 4868 1945 4927 misissetis
1985 4874 2155 4929 inter-

577 4951 853 5009 rogantes,
892 4945 995 5000 uisi
1022 4963 1144 5003 eum
1200 4950 1301 5007 ﬁde
1329 4954 1551 5025 dignum
1588 4960 1937 5020 habuissetis.
1975 4969 2150 5038 Atque

575 5033 647 5087 ita
687 5036 850 5088 etiam
887 5053 983 5093 vos
1029 5041 1127 5110 ipsi
1178 5054 1341 5101 testes
1388 5049 1551 5115 estis,
1598 5056 1739 5121 quod
1786 5072 1947 5113 verax
1991 5033 2152 5118 fuerit

574 5124 849 5185 Joannes:
891 5138 1139 5200 quamvis
1165 5152 1264 5207 ego
1299 5142 1540 5209 quidem,
1576 5162 1697 5202 cum
1734 5149 1874 5205 Deus
1896 5154 2018 5219 sim,
2048 5156 2150 5210 hu-

576 5236 738 5275 mano
764 5224 1074 5282 testimonio
1117 5245 1253 5299 opus
1306 5249 1411 5289 non
1470 5238 1718 5307 habeam,
1785 5253 1839 5299 et
1886 5246 2149 5305 Dominus

575 5317 718 5367 servi
756 5320 1086 5376 testimonio.
1139 5324 1279 5391 Quia
1346 5339 1525 5385 autem
1555 5348 1647 5389 vos
1671 5337 1970 5406 digniorem
1998 5342 2151 5398 illum

576 5409 831 5473 putastis,
873 5422 928 5465 et
980 5413 1083 5482 ipsi
1138 5420 1310 5487 magis
1345 5436 1508 5490 quam
1550 5428 1683 5481 mihi
1738 5433 2061 5502 attendistis,
2097 5446 2153 5493 et

576 5500 645 5552 mi
708 5499 855 5555 illum
904 5507 1123 5574 quidem
1176 5515 1507 5581 accessisus,
1562 5521 1689 5574 mihi
1742 5534 1919 5580 autem
1973 5543 2151 5599 neque

580 5592 844 5649 miracula
885 5596 1100 5655 [ιοὶθηιὶ
1136 5605 1395 5665 creditis:
1444 5620 1725 5680 propterea
1764 5618 1916 5674 vobis
1952 5618 2004 5676 in
2034 5592 2149 5680 mc-

656 5784 699 5813 ²⁹
743 5782 893 5841 1mm.
938 5804 1047 5850 \‘lll,
1113 5790 1192 5843 Il.

2263 4597 2422 4666 χάριν
2452 4592 2805 4665 ἐμαρτύρησε
2840 4608 2959 4659 σοι;
2989 4592 3177 4661 φησὶν,
3208 4591 3291 4643 ὅτι
3320 4591 3510 4661 Ὑμεῖς
3544 4593 3699 4644 αὐτοὶ
3732 4593 3836 4644 ὰπ-

2260 4689 2536 4743 εστείλατε
2568 4688 2706 4758 πρὸς
2736 4686 3011 4752 Ἰωάννην.
3038 4685 3264 4749 Πάντως
3292 4685 3348 4738 δὲ
3374 4685 3474 4737 οὐκ
3501 4686 3568 4737 ἂν
3593 4686 3840 4738 amarci-

2259 4784 2386 4837 λατε
2423 4782 2758 4851 ἐρωτῶντες.
2791 4780 2839 4832 εί
2876 4778 2952 4849 μὴ
2987 4778 3306 4842 ἀξιόπιστον
3338 4778 3503 4830 αὑτὸν
3536 4778 3835 4847 ἐνομίζετε.

2261 4878 2426 4930 Ὥστε
2462 4875 2558 4930 καὶ
2591 4876 2751 4944 ὑμεῖς
2786 4873 2943 4928 αὑτοὶ
2980 4872 3332 4944 μαρτυρεῖτε,
3365 4872 3446 4924 ὅτι
3476 4870 3691 4943 ἀληθὴς
3720 4866 3786 4942 ἦν
3811 4872 3839 4922 ὁ

2276 4971 2551 5039 Ἰωάννης.
2582 4968 2776 5021 Καίτοι
2810 4965 2923 5035 ἐγὼ
2958 4966 3082 5035 μὲν,
3113 4962 3201 5018 οἶα
3234 4964 3298 5034 δὴ
3331 4963 3465 5026 Θεὸς
3496 4962 3594 5029 ῶν,
3629 4963 3689 5017 οὑ
3725 4963 3836 5017 δέο-

2267 5082 2360 5135 μαι
2390 5063 2739 5133 ἀνθρωπίνης
2770 5061 3099 5132 μαρτυρίας,
3124 5060 3224 5128 τῆς
3250 5059 3347 5112 τοῦ
3372 5057 3561 5112 δούλου
3588 5059 3618 5111 6
3644 5057 3839 5111 Δεσπό-

2259 5175 2380 5227 της.
2416 5156 2569 5210 Ἐπεὶ
2605 5156 2661 5209 δὲ
2701 5156 2859 5225 ὑμεῖς
2903 5152 3066 5207 αὑτὸν
3104 5151 3555 5223 ἀξιοπιστότερον
3594 5150 3834 5221 ἡγεῖσθε,

2262 5252 2357 5306 καὶ
2385 5250 2537 5321 αὑτῷ
2570 5249 2771 5321 μᾶλλον
2796 5247 3095 5319 προσέχετε
3124 5247 3269 5317 ἥπερ
3296 5246 3444 5317 ἐμοὶ,
3471 5247 3714 5318 κάκείνῳ
3746 5246 3838 5317 μὲν

2265 5343 2709 5415 προσεδράμετε,
2754 5340 2879 5411 ἐμοὶ
2921 5339 2977 5391 δὲ
3021 5338 3144 5392 οὐδὲ
3192 5337 3709 5408 θαυματουργοῢντι
3750 5354 3832 5390 πι-

2263 5434 2503 5488 στεύετε⁸
2537 5432 2625 5487 διὰ
2655 5431 2813 5485 τοῦτο
2842 5431 3247 5501 ἀναμιμνήσκω
3275 5429 3375 5498 τῆς
3408 5429 3663 5484 Ἰωάννου
3698 5446 3832 5499 μσρ-

2259 5532 2475 5599 τυρίας,
2507 5528 2602 5581 καὶ
2633 5524 2812 5581 πάντα
2844 5526 3003 5589 ποιῶ,
3034 5527 3130 5580 καὶ
3156 5523 3489 5595 ἀναδέχομαι
3522 5523 3618 5577 καὶ
3645 5524 3713 5576 τὰ
3743 5524 3832 5575 άν-

2262 5626 2383 5692 άξια
2415 5624 2514 5692 τῆς
2554 5622 2693 5693 ἰμῆς
2732 5620 3005 5691 θεότητος,
3040 5619 3126 5673 ἴνα
3166 5618 3324 5690 ὑμεῖς
3367 5618 3600 5689 σωθῆτε.
3639 5618 3829 5687 Λύχνιιν
