4078 6330
253 314 390 383 1277

964 324 1410 387 ΕΝΛΗΒΑἸἹΟ
1457 328 1534 387 ιΝ
1578 278 2082 393 EVANGELlUdl
2123 334 2468 398 JOANNIS.
2509 362 2572 373 --
2614 337 2774 398 CAP.
2818 338 2882 398 V.

3435 339 3453 401 Ῑ
3464 338 3571 404 278

254 432 314 487 δὲ
349 433 639 502 καιόμενον
676 433 763 486 τὸν
800 434 1055 505 Ἰωάννην
1090 438 1259 507 φησὶ,
1294 438 1479 501 καθὼς
1514 442 1609 492 καὶ
1646 442 1710 492 ἐκ
1745 440 1849 509 γῆς

1958 448 2187 499 Ittorintn
2225 448 2425 503 reduco
2458 447 2686 503 Joannis
2727 447 3143 515 testimonium;
3181 448 3366 504 omnia
3417 450 3558 502 tario

254 520 373 597 εῐ-χε
394 525 493 595 τὴν
518 524 827 590 διάπλασιν,
859 528 955 580 καὶ
982 530 1082 583 οὐκ
1108 531 1321 583 οἴκοθεν
1346 533 1405 584 τὸ
1435 531 1575 601 φῶς,
1603 532 1721 585 ἀλλ’
1745 532 1851 585 ἀπὸ

253 619 359 687 τῆς
380 617 476 672 τοῦ
508 619 827 689 Πνεύματος
853 622 1077 690 χάριτος
1107 624 1201 675 καὶ
1233 623 1765 694 πρόσκαιρον.”Αμα
1787 642 1847 677 τε

254 711 367 780 γὰρ
406 711 580 782 ἐφάνη
622 712 655 782 ἡ
696 712 791 764 τοῦ
839 715 1045 784 Κυρίου
1089 715 1303 785 ἡμέρα,
1338 716 1458 786 ἦτοι
1503 716 1848 780 διδασκαλία,

254 807 353 858 καὶ
390 804 682 875 ἀπεκρύδη
717 807 746 858 6
781 805 997 878 λύχνος.
1036 806 1228 876 Ὑμεῖς
1262 808 1319 861 δὲ
1343 850 1357 873 ,
1392 808 1530 880 πρὸς
1565 808 1717 881 ὥραν
1754 792 1875 879 μὲν

250 895 585 961 ἀπεδέξασθε
626 897 696 951 τᾶ
738 899 1007 969 ειρημένα
1047 900 1179 971 παρ’
1213 900 1403 965 αὑτοῦ,
1450 904 1544 955 καὶ
1584 903 1853 973 ἠγαλλιά-

255 989 424 1063 σθητε
455 991 513 1043 ιν
542 989 694 1064 αὐτῷ
715 1006 728 1020 ·
763 986 886 1045 εἶτα
914 991 1301 1063 ἐπιλαθόμενοι
1333 987 1409 1046 ὧν
1440 994 1572 1065 περὶ
1602 994 1739 1064 ἐ.μοῦ
1773 990 1851 1047 εἷ-

254 1100 381 1161 πεν,
423 1084 677 1154 ὲμείνατε
717 1087 812 1138 ἐπὶ
851 1087 950 1157 τῆς
991 1088 1268 1158 προτέρας
1310 1088 1594 1152 ἀπιστίας.
1638 1087 1701 1140 Ei
1742 1088 1850 1159 γὰρ

206 1226 209 1227 ,
252 1176 451 1245 ἐκείνῳ
483 1175 631 1245 ἅπαξ
668 1177 904 1247 βεϐαίως
939 1179 1325 1242 ἐπιστεύσατε,
1357 1180 1571 1252 ταχέως
1605 1182 1673 1236 ἂν
1704 1183 1851 1253 ὑμᾶς

252 1268 393 1339 πρὸς
419 1269 519 1342 τὴν
548 1269 686 1341 ἐμὴν
719 1268 1132 1341 ἐχειρωγώγησε
1165 1270 1372 1327 πίστιν.

332 1579 353 1613 σ
403 1559 545 1628 Ἐγὼ
578 1560 636 1614 δὲ
672 1558 781 1631 ἔχω
811 1559 913 1631 τὴν
954 1560 1265 1632 μαρτυρίαν
1301 1536 1477 1633 μειέω
1508 1561 1604 1616 τοῦ
1650 1560 1839 1615 ’ῐωάν-

249 1667 369 1704 νου.
414 1651 494 1704 Τά
540 1651 651 1721 γὰρ
702 1651 840 1720 ἔργα
887 1652 924 1706 δ.
964 1651 1134 1707 ἔδωκέ
1169 1670 1261 1724 μοι
1310 1655 1339 1707 6
1387 1652 1599 1724 Πατὴρ,
1634 1652 1722 1705 ἵνα
1758 1669 1849 1705 τε-

1958 552 2009 594 et
2040 541 2246 611 recipio
2280 542 2445 596 etiam
2496 542 2718 613 indigna
2772 557 2890 597 mea
2924 542 3147 608 deitate,
3182 554 3239 595 ut
3286 556 3383 597 vos
3432 542 3567 595 salvi

1958 634 2125 689 ﬁalis.
2158 633 2463 689 Lucernam
2497 644 2679 690 autem
2732 636 3015 688 ardentem
3072 632 3343 689 Joannem
3396 634 3567 696 dicit,

1956 743 2023 783 eo
2052 730 2195 797 quod
2232 731 2297 782 de
2332 739 2476 784 terra
2508 729 2675 784 habet
2705 728 3116 793 formationem,
3148 737 3206 782 et
3234 744 3340 783 non
3376 744 3473 797 per
3506 742 3569 782 se

1957 824 2134 893 ipsum
2169 830 2254 879 est
2288 823 2495 886 lumen,
2531 823 2627 878 sed
2660 838 2689 875 a
2724 823 2899 891 gratia
2945 822 3211 891 Spiritus,
3255 835 3319 874 ac
3353 829 3568 890 tempo-

1956 918 2187 973 rarium.
2252 918 2324 971 At
2370 918 2461 972 ubi
2523 916 2775 987 apparuit
2832 916 2950 970 dies
3008 913 3251 977 Domini.
3301 914 3405 969 hoc
3456 923 3567 976 est,

1956 1013 2229 1077 doctrina,
2265 1010 2483 1067 occulta
2530 1019 2617 1064 est
2668 1008 2919 1064 lucerna.
2956 1006 3127 1079 578
3155 1007 3429 1062 Caeterum
3465 1021 3562 1061 vos

1956 1108 2024 1162 ad
2062 1107 2253 1161 horam
2279 1104 2500 1173 quidem
2544 1102 2833 1169 recepistis
2882 1115 2945 1154 ea
2997 1114 3119 1169 quae
3158 1099 3228 1154 ab
3278 1098 3373 1153 illo
3424 1098 3565 1155 dicta

1954 1206 2103 1261 sunt,
2140 1204 2190 1250 et
2228 1193 2518 1250 exultastis
2558 1191 2612 1245 itt
2663 1191 2808 1260 ipso,
2849 1197 2903 1244 et
2945 1189 3141 1246 deinde
3170 1188 3324 1244 obliti
3371 1202 3565 1244 eorum

1954 1306 2079 1359 qua:
2112 1290 2180 1343 de
2210 1303 2295 1342 nte
2333 1286 2507 1348 dixit,
2543 1284 2830 1340 mansistis
2867 1282 2920 1337 in
2954 1280 3127 1351 priori
3156 1280 3562 1337 incredulitate.

1952 1381 2094 1435 Nam
2142 1380 2189 1434 si
2245 1378 2318 1433 illi
2354 1376 2524 1432 semel
2582 1374 2816 1431 ﬁrmiter
2843 1372 3245 1440 credidissetis,
3287 1371 3567 1442 quampri-

1953 1490 2101 1529 mum
2140 1487 2237 1527 vos
2260 1470 2327 1526 ad
2359 1484 2535 1525 meam
2562 1466 2879 1524 adduxisset
2910 1467 3095 1521 ﬁdem.
3246 1540 3251 1546 ἡ

2024 1566 2192 1623 Vens.
2224 1564 2416 1621 56-38.
2456 1582 2475 1617 ι
2510 1564 2578 1619 At
2618 1577 2721 1634 ego
2753 1558 3133 1617 testimonium
3167 1557 3346 1613 habeo
3374 1553 3551 1623 majus

1954 1658 2272 1714 testimonio
2320 1656 2569 1712 Joannis.
2622 1654 2800 1726 Opera
2844 1653 2991 1708 enim
3035 1666 3158 1721 quae
3189 1708 3192 1717 λ
3219 1649 3368 1704 dedit
3428 1647 3562 1703 mihi

251 1744 469 1800 λειώσω
521 1746 683 1812 αὐτὰ,
721 1746 863 1800 αὐτὰ
891 1747 961 1800 τὰ
993 1748 1131 1818 ἔργα
1169 1747 1207 1803 ἀ
1234 1746 1347 1816 ἐγὼ
1379 1749 1541 1811 ποιῶ,
1581 1749 1851 1817 μαρτυρεῖ

1963 1753 2123 1808 Pater
2174 1763 2235 1807 ut
2302 1750 2583 1823 perﬁciam
2630 1764 2717 1814 ea,
2773 1748 2887 1816 ipsa
2935 1760 3101 1814 opera
3148 1758 3283 1814 "qua:
3343 1758 3445 1811 ego
3487 1742 3564 1793 ia-

250 1840 384 1911 περὶ
430 1838 589 1909 ἐμοῦ,
661 1839 745 1891 ὅτι
800 1840 829 1892 6
884 1840 1079 1912 Πατήρ
1138 1857 1207 1911 με
1261 1839 1619 1893 ἀπέσταλκεο
1660 1838 1757 1892 κα)⁸
1825 1841 1852 1891 6

251 1930 483 2004 πέμψας
515 1948 585 2001 με
621 1931 838 2002 Πατὴρ,
880 1933 1043 1997 αὐτὸς
1075 1932 1474 2004 μεμαρτύρηκε
1507 1932 1638 2002 περὶ
1668 1930 1803 1999 ἐμοῦ
1835 1947 1849 1961 ⁶

249 2022 379 2082 οὔτε
425 2024 613 2094 φωνὴν
658 2023 825 2078 αὑτοῦ
881 2025 1161 2091 ἀκηκόατε
1209 2024 1472 2089 πώποτε,
1535 2023 1661 2078 οὗτε
1712 2019 1854 2087 εἶδος

248 2116 421 2172 αὐτοῦ
467 2116 776 2187 ἑωράκατε,
836 2118 931 2171 καὶ
978 2117 1072 2171 τὸν
1122 2117 1284 2185 λόγον
1316 2117 1483 2170 αὑτοῦ
1539 2117 1642 2171 οὐκ
1699 2114 1854 2187 ἔχετε

252 2211 487 2285 μένοντα
535 2212 595 2264 ιν
646 2210 777 2283 ὑμῖν
801 2226 815 2241 ·
851 2211 937 2264 ὅτι
978 2210 1038 2264 ὃν
1078 2210 1369 2265 ἀπέστειλε
1406 2210 1636 2275 ἐκεῖνος,
1674 2208 1855 2277 τούτῳ

249 2306 414 2376 ὑμεῖς
460 2305 520 2358 οὐ
574 2302 887 2358 πιστεύετε.
946 2322 966 2357 ι
1027 2303 1419 2377 Ἐμαρτύρησε
1481 2302 1606 2375 μὲν,
1660 2301 1852 2372 φησὶν,

261 2395 523 2468 Ἰωάννης
580 2397 712 2469 περὶ
765 2393 927 2467 ἐμοῦ,
1004 2395 1261 2466 Ἰωάννης
1321 2399 1351 2450 ὁ
1408 2396 1632 2458 πάντων
1672 2392 1854 2469 δοκῶν

251 2491 387 2562 ὑμῖν
414 2467 887 2558 ἀξιοπιστότατος.
933 2489 1089 2542 Ἐπεὶ
1119 2488 1178 2542 δὲ
1202 2488 1351 2553 εἰκὸς
1377 2467 1851 2560 εὑρεθῆναίτινας

252 2584 625 2655 συκοφάντας,
673 2581 723 2635 οἳ
764 2581 929 2653 τυχὸν
976 2580 1188 2655 ἐροῦσιο
1244 2582 1359 2636 Καὶ
1402 2582 1456 2635 τι
1489 2582 1628 2651 πρὸς
1669 2580 1850 2650 inde;

264 2676 525 2748 Ἰωάννης
568 2674 859 2748 ἐχαρίζετο
907 2693 1011 2742 σοι,
1060 2674 1156 2729 καὶ
1201 2673 1291 2729 διὰ
1332 2674 1492 2729 τοῦτο
1526 2674 1595 2727 τὰ
1622 2673 1855 2745 χρηστά⁸

246 2786 387 2840 τερα
445 2765 849 2839 ἐπεμαρτύριιο
904 2765 1343 2837 ’Υμεϊς,“φησὶν,
1382 2764 1669 2836 ἐπέμψατε
1715 2765 1852 2835 πρὸς

265 2862 546 2933 Ἰωάννην,
596 2863 695 2915 καὶ⁵
722 2860 1069 2931 ἠρωτήσατε,
1098 2858 1277 2932 ἀληθῆ
1310 2859 1531 2923 πάντως
1572 2858 1734 2912 αὑτὸν
1766 2874 1853 2911 νο-

256 2955 532 3028 μίζοντες.
577 2955 725 3023 Πλὴν
778 2954 886 3025 ἔχω
936 2953 1035 3007 καὶ
1091 2952 1262 3023 ἄλλην
1314 2952 1624 3024 μαρτυρίαν
1677 2950 1851 3021 μείζω

248 3046 347 3102 τοῦ
390 3046 657 3101 Ἰωάννου.
693 3046 775 3099 Τὰ
806 3044 943 3116 ἔργα
983 3046 1079 3099 καὶ
1135 3044 1173 3100 ἃ
1204 3044 1379 3099 ἔδωκέ
1430 3063 1520 3116 μοι
1557 3046 1586 3098 6
1632 3042 1848 3114 Πατὴρ,

1960 1847 2076 1909 cio,
2132 1843 2506 1900 testimonium
2576 1840 2867 1911 perhibent
2916 1840 2998 1893 de-
3032 1852 3151 1901 me,
3211 1838 3355 1905 quod
3407 1834 3567 1889 Pater

1959 1956 2045 1996 me
2102 1937 2337 1993 miserit.
2398 1936 2462 1989 Et
2518 1935 2607 2004 qui
2677 1932 2827 1987 misit
2888 1946 2975 1986 me
3027 1928 3225 1991 Pater.
3290 1929 3408 1997 ipse
3483 1935 3566 1980 te-

1959 2041 2135 2089 status
2177 2039 2263 2085 est
2309 2032 2377 2084 de
2418 2041 2543 2082 me:
2591 2040 2767 2095 neque
2797 2038 2988 2078 vocem
3037 2022 3158 2092 ejus
3189 2034 3428 2089 unquam
3464 2032 3566 2073 au-

1958 2126 2142 2190 distis,
2186 2137 2363 2192 nequ:
2407 2119 2645 2189 speciem
2679 2116 2797 2188 ejus
2852 2116 3088 2182 vidistis,
3141 2122 3198 2168 et
3255 2124 3567 2167 sermonem

1958 2218 2075 2285 ejus
2108 2231 2217 2270 non
2269 2214 2485 2268 habetis
2532 2212 2588 2267 in
2641 2210 2799 2266 vobis
2839 2217 3183 2271 manentem,
3235 2205 3365 2276 quia
3401 2216 3565 2273 quem

1958 2308 2105 2365 misit
2134 2307 2245 2373 ille,
2299 2288 2367 2363 ei.
2397 2319 2495 2360 vos
2527 2289 2641 2359 non.
2686 2301 2934 2358 creditis.
2973 2317 2994 2351 ι
3043 2298 3305 2353 Testatus
3344 2293 3566 2365 quidem

1956 2412 2042 2461 cst
2071 2400 2313 2457 Joannes
2346 2400 2414 2455 de
2452 2412 2539 2454 me
2574 2395 2668 2467 qui
2711 2393 2869 2451 vobis
2906 2392 3154 2449 omnium
3188 2389 3432 2444 maxime
3463 2384 3569 2441 lide

1961 2498 2158 2565 dignus
2192 2493 2525 2549 videbatur:
2566 2496 2951 2545 verumtamen
2989 2483 3118 2553 quia
3149 2479 3451 2538 verisimile
3483 2487 3573 2534 est

1957 2590 2076 2645 fore
2107 2585 2376 2658 quosdam
2410 2583 2782 2656 sycophantas
2825 2578 2920 2649 qui
2962 2574 3221 2633 fortassis
3252 2571 3460 2634 dicent,
3503 2569 3570 2623 Et

1961 2684 2090 2753 quid
2116 2682 2183 2735 ad
2220 2678 2363 2735 nos?
2390 2678 2435 2733 si
2465 2674 2707 2732 Joannes
2730 2669 3033 2745 gratiﬁcari
3072 2669 3173 2724 tibi
3207 2666 3481 2724 voluerat.
3514 2672 3589 2717 et

1955 2788 2247 2849 propterea
2292 2770 2582 2828 blandiora
2631 2766 2882 2839 quaedam
2927 2770 3221 2819 attestatus
3261 2758 3381 2814 est?
3432 2752 3567 2821 Vos,

1956 2869 2155 2938 inquit,
2188 2865 2420 2922 misistis
2446 2866 2513 2918 ad
2541 2861 2837 2925 Joannem,
2878 2866 2936 2914 et
2960 2851 3367 2921 interrogastis,
3410 2864 3571 2905 vera-

1954 2979 2074 3020 cetn
2106 2977 2205 3033 per
2241 2959 2428 3017 omnia
2454 2956 2607 3015 illum
2636 2954 3047 3010 existimantes.
3084 2946 3484 3003 Verumtamen
3512 2954 3571 2996 et

1953 3076 2054 3131 ego
2081 3059 2225 3114 aliud
2256 3052 2627 3113 testimonium
2666 3049 2845 3106 habeo
2887 3045 3065 3116 majus
3117 3040 3348 3100 Joanne.
3389 3037 3571 3100 Opera

249 3140 584 3205 τουτέστιν,ο
605 3138 857 3195 Ἀνέθετό
891 3158 980 3210 μοι
1014 3141 1042 3193 6
1084 3138 1298 3213 Πατὴρ,
1331 3140 1418 3194 ἵνα
1454 3137 1730 3194 τελειώσω
1749 3139 1850 3191 αύ-

1958 3128 2103 3207 enim
2138 3162 2262 3219 quae
2295 3144 2446 3203 dedit
2489 3138 2625 3200 mihi
2682 3140 2869 3207 Pater,
2912 3137 3019 3194 hoc
3066 3142 3173 3201 est,
3208 3146 3334 3204 qua:
3378 3128 3575 3186 statuit

248 3231 343 3298 τὰ,
374 3230 714 3303 μαρτυροῦσι
746 3230 876 3301 περὶ
919 3228 1080 3300 ἐμοῦ.
1109 3230 1273 3297 Λέγει
1302 3230 1359 3283 δέ
1389 3229 1548 3299 ἔργα,
1605 3229 1673 3282 τὰ
1722 3228 1853 3285 Θαύ-

252 3341 405 3396 ματα
435 3324 633 3395 δήπου,
666 3316 779 3375 οἷον
806 3323 907 3391 τὴν
930 3320 1026 3375 τοῦ
1053 3320 1373 3392 παραλύτου
1406 3321 1733 3393 ἀνόρθωσιν,
1755 3322 1853 3373 καὶ

249 3416 323 3471 τά
350 3416 536 3470 λοιπά.
580 3415 735 3468 Ἐπεὶ
764 3415 823 3469 δέ
851 3415 1145 3470 ἐνεκάλουν
1172 3415 1236 3467 αἱ
1250 3414 1345 3485 τῷ,
1372 3414 1455 3467 ὅτι
1483 3414 1541 3467 ἐν
1582 3404 1852 3484 Σαϐὅὰτῳ

247 3508 424 3563 ταῦτα
454 3510 628 3573 ποιεῖ,
657 3508 928 3577 λέγοντες,
959 3507 1041 3561 ὅτι
1071 3525 1091 3557 ι
1127 3508 1243 3560 Ούκ
1278 3507 1427 3560 ἐστιν
1468 3508 1532 3560 ἐκ
1566 3506 1663 3559 τοῦ
1692 3504 1848 3570 Θεοῦ,

245 3604 331 3658 ὅτι
350 3602 412 3656 τὺ
440 3601 717 3656 Σάεδατον
760 3601 820 3655 οὐ
849 3604 1009 3672 τηρεῖ
1028 3616 1077 3653 ο»
1106 3601 1378 3655 δείκνυσιν
1422 3602 1627 3667 αὐτοῖς,
1675 3602 1756 3654 ὅτι
1782 3600 1854 3654 τὰ

248 3692 329 3767 τῷ
363 3693 538 3764 Πατρὶ⁵
566 3692 717 3761 δεδογ
727 3692 863 3762 μένα
890 3694 1054 3757 ποιεῖ,
1074 3694 1168 3746 καὶ
1193 3693 1275 3746 ὅτι
1306 3693 1506 3763 μᾶλλον
1525 3694 1588 3746 ἐκ
1605 3692 1695 3745 τοῦ
1714 3691 1852 3745 Θεοῦ

250 3791 394 3853 ἐστι,
427 3785 613 3848 καθὼς
642 3785 713 3840 τά
743 3785 898 3856 παρά
919 3785 1015 3839 τοῦ
1046 3784 1184 3839 Θεοῦ
1216 3784 1478 3857 δεδομένα
1527 3784 1679 3857 αὐτῷ
1713 3784 1853 3855 ἔργα

247 3877 429 3970 τελεῖς
457 3894 477 3929 ς
514 3877 597 3970 Τά
623 3875 734 3947 γὰρ
772 3875 933 3947 ἐργα,
967 3876 1154 3970 φησιν,
1186 3874 1223 3930 ἃ
1253 3875 1423 3930 ἔδωκὲ
1458 3893 1549 3946 μοι
1574 3877 1603 3929 6
1634 3877 1851 3970 Πατὴρ(

248 3971 343 4026 ἶνα
361 3969 638 4025 τελειώσω
659 3968 820 4021 αὐτὰ.
853 3985 872 4020 ι
906 3968 1065 4021 Ἐπεὶ
1086 3964 1180 4021 οὖν
1206 3970 1235 4022 6
1263 3968 1457 4039 Πατὴρ
1484 3966 1687 4022 δέδωκε
1720 3964 1853 4021 ταῦέ

246 4082 341 4131 τα,
394 4065 553 4135 ὑμεῖς
585 4066 710 4116 ἐστε
735 4062 979 4115 ἀντίθεοι
1020 4062 1069 4115 οἱ
1096 4061 1505 4131 ἐναντιούμενοι
1532 4063 1643 4124 τοῖς
1677 4061 1854 4115 τοιαύ-

247 4174 367 4221 τοις
396 4155 631 4228 ἔργοισι
670 4156 785 4207 Καὶ
806 4154 833 4205 6
857 4155 1081 4224 πέμψα-
1112 4172 1181 4224 με
1206 4156 1419 4226 Πατὴρ,
1449 4154 1610 4216 αὐτὸς
1639 4171 1854 4225 μεμαρ-

247 4252 458 4323 τύρηκε
488 4251 615 4320 ἐερὶ
640 4247 799 4321 ἐμοῦ.
833 4267 851 4301 ι
882 4249 992 4302 Ποῦ
1013 4250 1039 4302 δ
1100 4248 1499 4322 μεμαρτύρηκε
1532 4248 1663 4319 περὶ
1684 4248 1852 4302 αὐτοῦ

250 4346 282 4400 6
306 4344 534 4416 Πατήρς
566 4342 726 4406 Τινές
755 4343 857 4412 μὲν
877 4342 1035 4411 λέγον
1085 4360 1154 4411 ιν,
1188 4344 1264 4407 ὡς
1294 4344 1386 4397 ἐπὶ
1406 4341 1502 4397 τοῦ
1534 4342 1856 4415 βαπτίσμα-

248 4455 366 4505 τος,
412 4439 544 4493 ὅταν
578 4432 765 4490 εἶπεν*
815 4456 834 4489 ς
892 4431 1021 4491 Οῦτ(
1096 4438 1245 4490 ἐστιν
1290 4436 1318 4487 6
1345 4436 1475 4500 Υἱός
1510 4453 1615 4507 μου
1654 4436 1683 4489 6
1716 4436 1856 4503 ἀγα-

1957 3245 2089 3300 mihi
2143 3242 2308 3298 Pater
2375 3248 2436 3293 ut
2512 3234 2821 3308 perﬁciam,
2870 3246 2934 3287 ea
2996 3235 3277 3285 testantur
3338 3223 3408 3279 de
3459 3236 3569 3277 me.

1959 3337 2103 3394 Dicit
2155 3345 2339 3389 autem
2394 3343 2584 3401 opera,
2633 3324 2907 3383 mirabilia
2960 3323 3053 3377 illa
3107 3320 3344 3379 ‘scilicet,
3407 3314 3573 3387 quale

1958 3428 2067 3485 fuit
2120 3423 2410 3497 paralytici
2468 3420 2771 3483 restitutio,
2814 3426 2924 3472 etc.
2984 3413 3378 3470 Verumtamen
3438 3406 3573 3479 quia

1957 3520 2259 3590 arguebant
2287 3532 2410 3571 eum
2436 3513 2581 3584 qttod
2616 3514 2670 3568 in
2702 3510 2948 3566 Sabbato
2975 3509 3089 3563 hate
3115 3505 3322 3561 faceret
3370 3504 3562 3559 dicen-

1960 3625 2083 3671 tes:
2134 3630 2155 3663 t
2196 3610 2298 3667 llic
2354 3624 2458 3663 non
2490 3614 2573 3662 est
2621 3620 2687 3661 et
2739 3604 2873 3668 Deo,
2909 3604 3037 3675 quia
3092 3600 3396 3655 Sabbatum
3450 3611 3558 3649 non

1959 3713 2142 3763 Servat
2175 3704 2242 3769 '°,
2276 3722 2296 3755 ι
2327 3700 2569 3756 ostendit
2604 3699 2686 3753 eis
2713 3698 2857 3769 quod
2887 3696 3055 3752 iaciat
3084 3710 3147 3749 ea
3179 3707 3300 3761 quae
3331 3706 3359 3745 a
3395 3690 3561 3744 Patre

1959 3800 2201 3855 decreta.
2228 3803 2284 3849 et
2328 3792 2473 3862 quod
2497 3792 2671 3860 magis
2702 3804 2732 3844 a
2770 3790 2885 3844 Deo
2923 3788 3016 3853 sit,
3048 3800 3112 3841 eo
3150 3785 3298 3856 quod
3327 3777 3571 3853 injuucta

1960 3891 2064 3947 sibi
2098 3904 2128 3943 a
2160 3888 2276 3944 Deo
2315 3900 2483 3957 opera
2512 3882 2700 3940 l‘aciat.
2740 3901 2760 3935 ι
2793 3882 2970 3950 Opera
3004 3881 3178 3948 enim,
3222 3877 3423 3948 inquit,
3452 3892 3576 3943 qum

1960 3980 2111 4036 dedit
2151 3978 2284 4034 mihi
2338 3979 2505 4031 Pater
2554 3984 2614 4029 ut
2661 3973 2947 4045 perﬁciam
2995 3987 3082 4027 ea.
3145 3990 3164 4023 ›
3228 3969 3368 4037 Quia
3405 3968 3577 4040 igitur

1964 4073 2127 4127 Pater
2148 4070 2303 4127 dedit
2334 4070 2469 4123 mihi
2518 4067 2633 4132 illa,
2669 4082 2763 4122 vos
2798 4067 2932 4121 estis
2967 4066 3078 4121 Deo
3113 4062 3439 4125 adversarii,
3476 4062 3570 4131 qui

1960 4166 2065 4222 illis
2104 4163 2358 4234 operibus
2390 4160 2795 4226 adversamini;
2846 4167 2903 4213 et
2940 4158 3034 4229 qui
3077 4155 3229 4211 misit
3273 4169 3359 4209 me
3389 4152 3574 4215 Pater,

1958 4260 2076 4326 ipse
2114 4263 2348 4309 testatur
2377 4254 2444 4308 de
2486 4268 2597 4308 me.
2630 4250 2735 4307 Ubi
2776 4258 2959 4305 autem
3007 4256 3247 4303 testatus
3277 4255 3362 4300 est
3397 4247 3464 4298 de
3503 4260 3571 4299 co

1960 4347 2165 4405 Pater?
2196 4345 2432 4414 Quidam
2471 4346 2658 4401 dicunt
2697 4343 2845 4413 quod
2875 4341 2927 4396 in
2965 4339 3327 4411 baptismate,
3351 4337 3574 4407 quando

1962 4443 2195 4498 dixitzt
2250 4439 2351 4495 llic
2395 4438 2683 4495 estFilius
2729 4452 2883 4491 meus
2930 4435 3164 4491 dilectus
3185 4434 3255 4488 ⁸¹.
3303 4450 3323 4483 ι
3364 4430 3577 4501 Opinor

248 4530 451 4602 πητύς.
502 4549 521 4583 ι
576 4532 847 4599 Κρεῖττον
894 4529 952 4583 δὲ
1001 4524 1156 4601 οἶμαι
1198 4530 1363 4593 νοεῖν,
1415 4528 1499 4583 ὅτι
1545 4527 1638 4582 διὰ
1670 4528 1853 4598 πάσης

1966 4531 2319 4605 autemquod
2358 4530 2532 4602 magis
2567 4529 2839 4601 intelligat
2863 4528 3007 4598 quod
3041 4541 3143 4598 per
3168 4534 3388 4581 omnem
3420 4524 3574 4580 Scri-

250 4623 355 4693 τῆς
389 4621 615 4692 Γραφῆς
650 4620 1008 4692 ἐμαρτύρησε
1055 4622 1187 4690 περὶ
1219 4619 1389 4675 αὑτοῦ
1425 4621 1453 4673 6
1485 4619 1641 4685 Θεὸς,
1678 4620 1767 4674 διά
1797 4637 1857 4673 τε

250 4715 350 4770 τοῦ
382 4715 550 4786 νόμου
584 4716 682 4767 καὶ
720 4713 832 4769 τῶν
870 4714 1192 4785 προφητῶν.
1252 4713 1395 4767 Ἀλλ’
1426 4716 1609 4785 ὑμεῖς,
1666 4716 1854 4784 φησιν,

253 4806 384 4861 οὔτε
436 4806 623 4875 φωνὴν
678 4804 850 4857 αὑτοῦ
894 4804 1197 4874 ἀκηκόατε,
1250 4804 1345 4858 τοῦ
1413 4805 1627 4875 [ἰατρὸς
1687 4805 1856 4873 λέγω,

250 4899 385 4955 οὔτε
449 4896 594 4961 εἶδος
655 4897 825 4951 αὐτοῦ
897 4897 1219 4967 ἑωράκατε,
1299 4896 1439 4950 ἀλλὰ
1502 4897 1857 4951 παντάπασιν

249 4994 533 5062 ἄγνωστος
582 4989 712 5060 ὑμῖν
756 4992 897 5043 ἐστι’
932 4989 1071 5043 διότι
1118 4990 1334 5043 καὶτὸν
1359 4988 1519 5059 λογον
1560 4987 1727 5045 αὐτοῦ
1757 4989 1859 5043 οὐκ

252 5070 408 5152 ἔχετε
444 5080 680 5151 μένοντα
725 5079 784 5131 ἐν
817 5079 951 5149 ὑμῖν
972 5097 987 5111 ο
1028 5081 1304 5147 τουτέστι,
1356 5082 1468 5144 Τὰς
1500 5081 1729 5153 Γραφάς
1758 5082 1859 5146 τάς

251 5174 385 5246 περὶ
428 5170 569 5243 ἐμοῦ
624 5172 1019 5242 μαρτυρούσας
1058 5174 1161 5226 οὐκ
1190 5173 1396 5238 οἴδατε,
1442 5176 1491 5228 εἰ
1518 5176 1615 5228 καὶ
1646 5174 1857 5230 δοκεῖτε

252 5266 337 5319 δτι
380 5264 589 5327 οἴδατε,
619 5264 719 5319 καὶ
772 5265 1079 5335 καυχᾶσθε,
1123 5266 1199 5331 ὡς
1242 5268 1310 5320 τὰ
1360 5268 1535 5335 Λόγια
1565 5267 1663 5323 τοῦ
1715 5267 1856 5322 Θεοῦ

253 5355 740 5427 ἐμπιστευθέντες.
796 5356 971 5417 Πόθεν
1008 5358 1188 5428 δῆλον,
1244 5362 1327 5413 ὅτι
1372 5361 1475 5415 οὑκ
1525 5362 1706 5417 οἴδατε
1752 5360 1855 5427 τὰς

248 5449 509 5521 Γωφάςο
544 5467 565 5500 ι
603 5450 730 5504 Ὀτι
761 5448 822 5503 6v
846 5451 1169 5505 ἀπέστειλεν
1199 5454 1431 5521 ἐκεῖνος,
1477 5455 1656 5526 τούτῳ
1692 5457 1851 5527 ὑμεῖς

252 5541 316 5597 ού
348 5540 661 5595 πιστεύετε.
696 5560 717 5592 ι
759 5542 975 5614 Ὠσπερ
1008 5542 1103 5598 οὖν
1132 5545 1257 5597 οὔτε
1300 5546 1487 5618 φωνὴν
1519 5548 1657 5601 Θεοῦ
1690 5549 1849 5618 ἠκού-

255 5652 390 5691 σατε
424 5636 507 5705 (οὐ
555 5635 664 5705 γὰρ
696 5635 809 5705 ἔχει
852 5638 1039 5707 φωνὴν
1084 5638 1111 5687 6
1162 5638 1293 5701 Θεὸς
1350 5640 1663 5712 αἰσθητὴν),
1717 5642 1843 5697 οὔτε

330 5818 374 5850 δι’
420 5816 575 5873 Joan.
619 5833 692 5878 Ix,
737 5819 813 5874 lli.
900 5822 935 5852 ³³
969 5820 1129 5875 λῐλτιῐ·
1188 5837 1292 5876 xm
1354 5822 1407 5871 ἓν

1960 4637 2179 4698 ptnram
2231 4633 2469 4681 testatus
2522 4624 2597 4678 sit
2651 4624 2717 4677 de
2765 4638 2831 4675 eo
2868 4620 3033 4687 Deus,
3093 4631 3202 4673 tam
3251 4635 3347 4689 per
3395 4618 3574 4688 legem

1962 4736 2123 4791 quam
2152 4736 2250 4791 per
2282 4720 2602 4789 prophetas.
2642 4736 2658 4767 ι
2720 4715 2827 4772 Sed
2867 4731 2987 4778 vos,
3036 4715 3237 4784 inquit,
3271 4728 3449 4783 neque
3481 4730 3576 4767 vo-

1962 4829 2081 4869 cem
2116 4814 2237 4883 ejus
2281 4811 2537 4872 audistis,
2578 4810 2779 4876 Patris,
2839 4811 3085 4880 inquam,
3118 4823 3297 4879 neque
3330 4809 3572 4878 speciem

1962 4905 2085 4975 ejus
2137 4904 2369 4958 vidistis.
2432 4920 2451 4954 »
2517 4900 2645 4957 ldeo
2697 4901 2956 4956 omnibus
3016 4900 3197 4957 modis
3261 4900 3577 4969 incognitus

1966 4997 2126 5054 vobis
2150 5006 2259 5053 est.
2306 4995 2433 5053 ideo
2472 5004 2528 5052 et
2560 5010 2875 5052 sermonem
2917 4994 3039 5065 ejus
3076 5008 3184 5048 non
3219 4992 3432 5049 habetis
3455 5006 3577 5047 ma-

1962 5100 2186 5148 nentem
2236 5090 2291 5146 in
2330 5088 2522 5157 vobis;
2574 5089 2679 5145 hoc
2712 5096 2818 5151 est,
2862 5087 3180 5157 Scripturas
3226 5101 3349 5155 quae
3376 5084 3445 5141 de
3490 5099 3577 5141 me

1963 5192 2259 5250 testantur,
2294 5180 2557 5238 nescitis:
2599 5179 2818 5235 tametsi
2854 5177 3152 5233 videamini
3201 5177 3346 5232 scire
3371 5184 3427 5232 et
3460 5176 3576 5247 glo-

1962 5274 2095 5328 riari
2149 5273 2206 5329 in
2241 5272 2475 5343 eloquiis
2530 5272 2624 5327 Dei
2678 5286 2799 5340 qua!
2844 5270 2998 5325 vobis
3051 5269 3367 5324 concredita
3419 5277 3569 5322 sunt.

1966 5364 2109 5421 ilinc
2145 5374 2328 5420 autem
2385 5362 2769 5419 manislestum
2821 5363 2966 5433 quod
3004 5361 3268 5418 nesciatis
3321 5360 3575 5430 Scriptu-

1961 5473 2073 5523 ras,
2104 5459 2228 5529 quia
2264 5476 2282 5510 ι
2306 5457 2353 5513 ei
2382 5471 2542 5525 quem
2607 5456 2695 5510 ille
2733 5456 2902 5520 misit,
2932 5470 3039 5509 non
3067 5452 3313 5507 creditis.
3352 5470 3372 5504 ι
3400 5450 3571 5521 Igitur

1962 5552 2108 5608 sicut
2148 5565 2325 5623 neque
2365 5566 2553 5605 vocem
2591 5550 2685 5605 Dei
2723 5548 3014 5605 audivistis
3048 5548 3181 5618 (non
3213 5547 3361 5603 enim
3405 5546 3571 5601 habet

1961 5646 2105 5703 Deus
2127 5660 2314 5703 vocem
2348 5644 2711 5715 scnsibilem),
2767 5658 2943 5714 neque
2982 5643 3219 5713 speciem
3278 5639 3395 5711 ejus
3428 5638 3565 5695 vidi-
