4078 6330
247 398 380 466 1281

918 383 1364 449 ENARRATIO
1407 383 1487 446 ΙΝ
1529 377 2037 445 EVANGELIUM
2075 373 2422 440 JUANNIS.
2465 395 2526 408 -·
2554 370 2725 434 CAP.
2770 369 2886 434 VI.

3427 362 3565 429 1:282

253 512 425 579 σῦνης
461 504 695 576 ἐκκόψαι
740 499 1090 574 βουλὸ;.·.ενος)
1122 515 1136 529 ·
1186 496 1345 560 ἄλλος
1393 494 1450 550 δὲ
1481 494 1790 557 ἐλεύσεται,
1828 492 1857 545 ὁ

1981 505 2113 546 'em.
2146 489 2301 544 Alius
2337 494 2516 540 autem
2547 482 2751 556 veniet,
2787 478 3168 536 Antichristus
3207 474 3441 541 scilicet,
3474 473 3565 547 qui

253 603 631 673 Ἀντίχριστος
665 594 931 667 δηλονότι,
983 591 1042 654 ὃς
1092 589 1276 660 μέλλει
1319 584 1736 649 ἀποδεικνύναι,
1767 585 1852 637 ὅτι

252 697 418 752 αὑτός
445 696 563 746 ἐστι
593 689 754 761 μόνος
790 686 943 748 Θεός.
978 683 1112 753 Ἐμέ
1148 684 1246 752 μὲν
1277 675 1371 734 οῦν
1402 679 1494 732 τὸν
1528 679 1586 732 ἐν
1622 677 1852 748 ὀνόματι

249 787 352 840 τοῦ
381 783 596 854 Πατρὸς
620 780 868 843 ἐλθόντα,
901 777 1173 839 τουτέστι,
1198 773 1290 826 τὸν
1324 771 1554 840 λέγοντα
1577 769 1730 841 παρὰ
1755 769 1852 823 τοῦ

253 879 471 949 Πατρὸς
502 871 866 937 ἀπεστάλθαι,
903 871 965 921 οὐ
999 867 1246 937 δέχεσθε,
1283 867 1491 918 ἐκεῖνον
1523 863 1580 917 δὲ
1606 862 1852 929 δέξεσθε.

255 970 430 1024 Τοῦτο
457 968 512 1019 δὲ
553 965 844 1035 συμϐαίνει
891 962 1045 1031 ὑμῖν,
1083 960 1217 1013 διότι
1250 961 1458 1020 ἐκεῖνος
1497 957 1597 1028 μὲν
1625 957 1726 1026 τὴν
1756 954 1851 1008 τοῦ

259 1062 378 1132 βίου
423 1058 582 1123 δόξαν
633 1056 762 1127 ὑμῖν
815 1052 1231 1121 ἐπαγγελεῖται,
1281 1051 1350 1122 ἢν
1399 1051 1560 1120 ὑμεῖς
1614 1050 1854 1119 ζητεῖτε,

259 1153 512 1215 θέλοντες
560 1151 661 1220 τὴν
713 1147 866 1218 παρά
906 1146 1153 1216 ἀλλήλων
1193 1145 1355 1209 δόξαν
1400 1143 1727 1215 λαμὸάνειν,
1761 1143 1856 1196 καὶ

255 1245 358 1316 τὴν
399 1245 550 1316 παρά
574 1243 668 1296 τοῦ
697 1241 859 1311 μόνου
882 1238 1019 1292 Θεοῦ
1043 1237 1399 1301 ὁιαπτύοντες
1427 1254 1441 1267 ·
1475 1236 1586 1304 ἐγὼ
1615 1237 1671 1290 δὲ
1701 1236 1858 1289 οὐδὲν

258 1342 320 1392 ἐν
355 1337 455 1406 βίῳ
501 1333 865 1404 περίϐλεπτον
913 1333 1043 1400 ὑμῖν
1077 1328 1514 1399 ἐπαγγέλλομαι,
1557 1327 1694 1382 ἀλλὰ
1726 1325 1859 1379 πολ-

259 1433 360 1502 λὴν
398 1432 623 1500 ἐνορᾶτε
676 1425 967 1479 δυσκολίαν
1016 1425 1130 1486 τοῖς
1171 1421 1262 1475 ὑπ’
1321 1421 1458 1491 ἐμοῦ
1511 1419 1857 1490 λεγομένοις.

261 1525 366 1577 Διὰ
390 1521 551 1575 τοῦτο
580 1515 694 1581 οὖν,
720 1520 905 1587 φησὶν,
935 1517 1058 1585 ἐμοὶ
1102 1515 1163 1567 οὐ
1217 1513 1504 1566 πιστεύετε
1532 1528 1544 1542 ·
1570 1511 1722 1565 οὐδὲν
1749 1509 1860 1578 γάρ

260 1613 496 1686 τερπνὸν
545 1610 803 1680 βιωτικὸν
851 1607 1188 1679 προσδοκᾶτε
1231 1605 1374 1668 ἕξειν
1409 1604 1502 1656 ἀπ’
1543 1601 1704 1674 ἐμοῦ.
1751 1602 1861 1655 Καὶ

261 1706 444 1766 ἄλλως
495 1702 551 1754 δέ
581 1717 596 1731 °
643 1720 659 1752 ι
692 1700 767 1753 Οὐ
806 1695 1093 1751 πιστεύετέ
1137 1711 1251 1761 μοι,
1289 1694 1364 1755 ὡς
1391 1692 1548 1756 δόξαν
1582 1692 1681 1761 τὴν
1707 1689 1862 1762 παρὰ

262 1797 512 1866 ἀλλήλων
547 1795 851 1857 θέλοντες.»
895 1793 1194 1859 Ἀρχοντες
1227 1789 1324 1858 μὲν
1351 1788 1456 1858 γὰρ
1486 1788 1579 1840 καὶ
1605 1786 1857 1840 διδάσκα-

1957 599 2020 640 se
2050 588 2461 636 monstraturus
2485 584 2570 632 est
2588 576 2732 646 quod
2753 574 2874 644 ipse
2908 570 3061 627 solus
3090 571 3164 626 sit
3197 570 3361 625 Deus.
3396 567 3570 640 igitur

1959 691 2046 731 me
2076 675 2319 745 quidem,
2359 672 2452 742 qui
2507 671 2564 724 in
2610 670 2834 723 nomine
2877 665 3060 720 Patris
3109 663 3258 728 veni,
3311 662 3414 716 hoc
3462 669 3571 728 est,

1959 770 2082 825 dico
2114 783 2199 822 me
2244 767 2477 821 missum
2513 781 2540 818 a
2591 762 2777 829 Patre,
2829 777 2936 816 non
2969 758 3238 827 recipitis,
3279 755 3429 809 illum
3475 767 3570 806 an-

1960 875 2066 918 tem
2112 861 2416 931 recipietis.
2452 859 2623 914 Porro
2651 858 2756 912 hoc
2788 855 2914 910 ideo
2962 855 3185 910 eveniet
3229 848 3407 912 vobis,
3440 849 3568 918 quia

1959 956 2125 1027 580
2181 953 2270 1009 ille
2319 951 2475 1008 vobis
2524 950 2757 1020 gloriam
2817 947 2942 1001 vita:
2983 943 3351 1016 pollicebilur,
3407 955 3571 1009 quam

1963 1065 2058 1104 vos
2086 1046 2355 1118 qumritis,
2387 1045 2672 1115 cupientes
2714 1042 2946 1113 gloriam
2995 1047 3244 1094 mutuum
3293 1036 3570 1105 accipere,

1959 1153 2014 1197 et
2041 1148 2376 1210 respuentes
2405 1153 2593 1193 veram
2640 1135 2896 1206 gloriam,
2937 1149 3059 1204 quae
3097 1148 3124 1185 a
3159 1131 3276 1187 solo
3313 1129 3422 1183 Deo
3463 1137 3569 1182 est.
3656 1195 3658 1199 ι

1961 1238 2075 1309 Ego
2106 1246 2290 1294 autem
2322 1235 2459 1292 nihil
2506 1235 2831 1306 praeclarum
2885 1231 3042 1286 vobis
3081 1231 3130 1283 in
3168 1229 3271 1284 hac
3299 1227 3412 1282 vita
3459 1224 3574 1294 pol-

1961 1334 2156 1398 liceor,
2199 1332 2294 1387 sed
2325 1330 2524 1386 videtis
2555 1329 2784 1383 multam
2818 1324 3197 1381 diﬂicultatem
3237 1320 3292 1374 in
3337 1319 3422 1374 his
3453 1332 3575 1388 qua:

1963 1442 1993 1480 a
2026 1440 2111 1480 me
2139 1425 2400 1479 dicuntur
2432 1439 2448 1486 ;
2477 1431 2534 1477 et
2557 1431 2847 1493 propterea
2890 1417 3091 1485 inquit.
3129 1414 3261 1468 mihi
3308 1429 3416 1467 non
3450 1425 3576 1465 crc-

1964 1518 2117 1573 dilis.
2151 1515 2296 1571 Nihil
2335 1516 2482 1570 enim
2521 1515 2665 1583 quod
2712 1510 3018 1580 jucundum
3063 1517 3147 1562 est
3181 1507 3233 1559 in
3291 1505 3393 1558 hac
3438 1503 3574 1568 vita,

1963 1613 2300 1683 exspectatis
2333 1625 2429 1665 vos
2474 1609 2762 1664 habituros
2813 1621 2842 1660 a
2894 1621 2999 1659 me.
3039 1602 3105 1657 Et
3152 1601 3358 1655 aliter:
3407 1620 3422 1648 ι
3457 1595 3576 1651 Non

1965 1707 2193 1762 creditis
2228 1707 2384 1771 mihi,
2421 1705 2514 1774 qui
2563 1703 2794 1773 gloriam
2842 1716 2870 1754 a
2901 1699 3058 1753 vobis
3098 1695 3332 1752 invicem
3375 1690 3578 1760 accipi-

1968 1803 2060 1856 tis.
2100 1819 2118 1851 ι
2168 1798 2302 1854 Nam
2336 1796 2618 1869 principes
2668 1793 2889 1864 quidem
2923 1802 2978 1845 ct
3031 1787 3281 1860 magistri
3333 1785 3436 1855 ipsi
3476 1784 3576 1837 soli

263 1892 348 1942 λοι
376 1889 533 1940 αὐτοὶ
563 1888 713 1955 μόνοι
750 1882 999 1944 θέλοντες
1040 1882 1218 1933 δοκεῖν
1253 1878 1406 1946 παρὰ
1433 1877 1512 1946 τῷ
1544 1878 1764 1947 πλήθει,
1798 1877 1860 1930 οὐ

1981 1894 2220 1948 volentes
2249 1889 2440 1945 haberi
2476 1887 2619 1958 apud
2650 1886 2868 1957 vulgus,
2909 1897 3015 1936 non
3048 1881 3328 1948 accipiunt
3366 1893 3472 1941 me,
3513 1889 3581 1928 ne

265 1981 518 2052 δέχονταί
554 1997 641 2050 με,
676 1978 764 2030 ἴνα
799 1977 876 2047 μὴ
901 1973 1232 2044 ἐλαττωθείη
1270 1971 1455 2034 αὐτοῖς
1483 1974 1514 2041 ἡ
1548 1971 1678 2037 δόξα
1701 1988 1713 2001 ·
1744 1972 1868 2024 λαοὶ

266 2074 349 2136 δὲ,
399 2073 499 2142 τὴν
535 2070 690 2140 παρά
743 2068 856 2122 τῶν
883 2068 1163 2137 ἀρχόντων
1194 2064 1418 2133 ἀγάπην
1450 2063 1768 2134 ζητοῦντες,
1804 2063 1866 2115 οὐ

267 2167 489 2221 θέλουσι
539 2164 919 2235 προσδραμεῖν
961 2162 1119 2231 ἐμοὶ,
1166 2159 1255 2211 ἴνα
1290 2159 1365 2228 μὴ
1400 2157 1503 2227 τῆς
1553 2157 1708 2226 παρὰ
1757 2155 1868 2207 τῶν

265 2260 549 2331 ἀρχόντων
576 2257 746 2328 τιμῆς
784 2255 852 2309 δι’
878 2256 977 2325 ἐμὲ
1013 2256 1344 2306 ἐκπέσωσιν.
1371 2250 1530 2303 Ἐπεὶ
1557 2250 1612 2302 δέ
1652 2248 1747 2301 καὶ
1779 2248 1869 2301 τὸν

266 2353 516 2420 Μωῦσῆν
555 2352 670 2405 ἀνω
696 2350 792 2402 καὶ
833 2350 984 2403 κάτω
1017 2347 1345 2417 προέφερον,
1394 2344 1584 2413 φησὶν,
1635 2343 1716 2394 ὅτι
1762 2343 1872 2394 Αὑ-

269 2447 363 2508 ea;
412 2444 787 2514 κατηγορήσει
852 2441 1043 2511 ὑμῶν·
1107 2441 1238 2508 περὶ
1293 2439 1403 2507 γὰρ
1462 2435 1600 2504 ἐμοῦ
1658 2435 1870 2496 ἐκεῖνος

271 2540 502 2610 ἔγραψε.
564 2536 672 2590 Ποῦ
738 2535 797 2589 δέ
857 2534 1064 2604 ἔγραψε
1101 2530 1229 2603 περὶ
1270 2528 1463 2594 aurai;
1491 2528 1602 2582 Καὶ
1642 2529 1698 2578 ἐν
1736 2525 1868 2577 πολ-

271 2634 386 2696 λοῖς
423 2632 520 2701 μὲν
551 2629 731 2692 ἄλλοις
761 2627 879 2686 (καὶ
926 2625 1036 2695 γὰρ
1065 2624 1145 2687 τὸ,
1184 2641 1202 2674 ι
1238 2621 1533 2693 Προφήτην
1574 2620 1703 2688 ὑμῖν
1737 2621 1871 2671 ἀνα-

279 2728 473 2797 στήσει
502 2722 728 2793 Κύριος,
771 2739 791 2774 ι
821 2721 953 2789 περὶ
978 2715 1218 2787 Χριστοῦ
1243 2710 1338 2784 ἦν,
1365 2715 1460 2766 καὶ
1491 2712 1626 2766 ἀλλα
1671 2711 1867 2774 πολλὰ,

276 2821 351 2872 τὰ
386 2819 486 2889 μέν
518 2819 577 2869 ἐν
620 2815 824 2884 λόγοις,
851 2814 922 2866 τὰ
955 2811 1012 2865 δέ
1056 2813 1112 2865 ἐν
1145 2809 1397 2879 σημείοις
1423 2808 1518 2860 καὶ
1549 2803 1870 2875 συμϐόλοις,

277 2905 392 2965 οῗον
443 2911 504 2963 τὸ
551 2912 652 2979 τῆς
710 2909 875 2978 βάτου
937 2904 1162 2973 θαῦμαο
1219 2900 1316 2954 καὶ
1362 2899 1472 2970 γὰρ
1521 2898 1632 2967 πῦρ
1681 2897 1780 2967 μὲν
1839 2897 1873 2966 ὴ

281 3000 473 3067 θεότης
500 3015 514 3027 ·
551 2999 714 3069 βάτος
744 2998 800 3049 δὲ
840 2994 1184 3062 ἀκανθώδης,
1228 2993 1260 3060 ἡ
1307 2989 1638 3059 ἁμαρτωλὸς
1685 2986 1871 3055 φύσις,

281 3090 350 3166 ἦς
375 3093 773 3161 ἐπιλαϐόμενον
801 3089 862 3141 τὸ
888 3088 1000 3159 πῦρ
1028 3087 1126 3156 τῆς
1154 3086 1430 3155 θεότητος,
1456 3081 1876 3150 ἀκατάφλεκτον

1972 1984 2338 2039 imminuatur
2359 1994 2550 2034 eorum
2583 1978 2777 2050 gloria.
2813 1974 3004 2045 Populi
3041 1984 3222 2025 autem
3265 1978 3580 2039 ancrcntes

1971 2078 2119 2148 diligi
2157 2092 2185 2130 a
2221 2073 2584 2145 principibus,
2629 2086 2734 2125 non
2769 2085 2855 2125 me
2882 2067 3149 2123 accedere
3181 2065 3390 2126 volunt,
3427 2072 3482 2115 ut
3512 2073 3581 2113 ne

1971 2171 2229 2225 excidant
2256 2177 2481 2238 propter
2506 2181 2591 2222 me
2621 2167 2688 2221 ab
2729 2167 2939 2219 honore
2972 2176 3138 2232 quem
3173 2174 3200 2210 a
3239 2157 3582 2226 principibus

1972 2262 2198 2316 habent.
2253 2258 2527 2325 Quoniam
2583 2265 2765 2310 autem
2809 2267 2864 2309 et
2905 2254 3091 2308 Mosen
3139 2250 3366 2304 multmn
3400 2248 3580 2318 jacta—

1974 2355 2126 2418 bant,
2162 2355 2358 2423 inquit,
2414 2353 2534 2424 ipse
2591 2351 2875 2407 accusabit
2919 2364 3039 2413 vos,
3082 2363 3210 2402 nam
3247 2348 3313 2401 de
3359 2360 3444 2400 me
3493 2344 3584 2396 ille

1973 2449 2215 2519 scripsit.
2251 2447 2350 2502 Ubi
2383 2457 2567 2500 autem
2615 2445 2836 2515 scripsit
2881 2445 2945 2497 de
2981 2442 3085 2495 eo?
3132 2440 3344 2494 Etenim
3375 2436 3581 2490 dictum

1974 2541 2096 2606 hoc,
2129 2560 2146 2591 ι
2186 2538 2514 2608 Ριοιιιιοιοηι
2555 2536 2841 2592 suscitabit
2884 2534 3038 2588 vobis
3078 2531 3425 2594 Dominus",
3458 2547 3476 2580 ι
3515 2530 3584 2581 de

1975 2633 2198 2685 Christo
2226 2639 2369 2694 erat,
2412 2639 2466 2683 et
2495 2629 2600 2681 alia
2636 2627 2810 2680 multa
2861 2635 2971 2679 tam
3009 2624 3061 2677 in
3107 2623 3289 2676 verbis
3332 2633 3494 2689 qnam
3529 2617 3584 2670 in

1975 2724 2147 2794 signis
2193 2731 2248 2776 et
2298 2721 2587 2794 symbolis,
2633 2728 2690 2773 ut
2749 2716 3081 2772 miraculum
3135 2713 3281 2769 rttbi.
3341 2707 3475 2764 Nam
3529 2716 3584 2762 et

1980 2817 2124 2887 ignis
2153 2816 2398 2886 quidem,
2446 2813 2656 2868 deitas:
2705 2811 2872 2866 rubus
2916 2821 3098 2863 autem
3156 2808 3434 2875 spinosus,
3463 2817 3590 2872 pce-

1977 2911 2155 2964 catrix
2209 2918 2428 2974 natura,
2464 2921 2625 2975 quam
2679 2903 2925 2974 suscepit
2973 2903 3114 2972 ignis
3157 2899 3353 2962 deitas,
3407 2908 3462 2951 et
3503 2895 3592 2949 in-

1981 3004 2326 3059 combustam
2357 3000 2600 3056 servavit
2631 3001 2750 3053 luce
2782 2996 3080 3066 fulgidam;
3114 3003 3167 3047 et
3199 3007 3327 3045 suos
3367 2989 3588 3060 quidem

1982 3097 2166 3151 radios
2208 3095 2286 3150 illi
2336 3093 2792 3166 communicavit,
2834 3088 3285 3162 imperfectiones
3316 3096 3496 3139 autem
3526 3084 3593 3138 il-

283 3187 490 3256 ταύτην
539 3187 776 3256 ἐτήρησε
810 3224 825 3250 ,
872 3182 952 3251 τῷ
1007 3181 1146 3249 φωτὶ
1194 3178 1548 3249 λαμπρὺναν,
1613 3178 1710 3229 καὶ
1764 3174 1874 3228 τῶν

1988 3189 2094 3243 lius
2125 3188 2256 3241 inse
2285 3202 2392 3241 non
2423 3186 2685 3256 suscepit.
2714 3185 2890 3239 Etiam
2915 3183 3019 3237 hoc
3046 3183 3225 3236 Most-5
3257 3179 3417 3242 dixit,
3445 3177 3592 3248 quod

283 3278 504 3331 οἰκείων
540 3277 638 3346 μὲν
659 3275 997 3345 αὐχημάτων
1026 3271 1420 3343 μεταδεδωκὺς,
1438 3268 1548 3323 τῶν
1573 3269 1629 3322 δὲ
1656 3268 1874 3337 ἐκείνης

283 3370 692 3441 ἐλαττωμάτων
755 3369 829 3438 μὴ
886 3365 1258 3438 μετειληφδς),
1292 3364 1390 3434 οὐχ
1436 3363 1640 3434 ἣκιστα
1685 3361 1742 3415 δέ
1786 3361 1882 3414 καὶ

283 3464 444 3516 τοῦτο
486 3462 694 3531 Μωσῆς
745 3461 994 3530 εἴρηκεν,
1028 3461 1108 3521 εἰς
1153 3457 1252 3527 τὴν
1289 3454 1384 3508 τοῦ
1418 3452 1658 3524 Χριστοῦ
1696 3452 1882 3504 πίστιν

289 3557 763 3628 συμϐαλλόμενον.
795 3555 924 3608 Ἐὰν
964 3554 1093 3623 γὰρ,
1134 3551 1288 3622 φησὶ,
1326 3551 1616 3621 προφήτης
1646 3548 1882 3616 ἀναστῇ,

289 3652 495 3721 σημεῖα
527 3649 724 3711 ποιῶν,
768 3649 866 3706 καὶ
906 3645 1151 3715 ἀφιστῶν
1187 3643 1295 3697 ἀπὸ
1334 3642 1494 3726 Θερῦ,
1537 3642 1612 3712 μὴ
1656 3639 1883 3692 πιστεύ-

291 3758 423 3810 σητε
479 3739 663 3808 αὐτῷ·
726 3733 838 3800 οἷός
889 3739 1038 3790 ἐστιν
1092 3737 1120 3788 ὁ
1195 3735 1593 3810 Ἀντίχριστος.
1643 3731 1772 3784 Ἐὰν
1826 3730 1885 3783 δὲ

292 3809 500 3904 ἀναστῇ
536 3831 832 3903 προφήτης
865 3831 1071 3898 σημεῖα
1103 3826 1300 3888 ποιῶν,
1333 3809 1428 3879 καὶ
1463 3825 1599 3896 πρὸς
1633 3823 1722 3876 τὸν
1753 3823 1887 3876 Θεὸν

291 3928 386 3980 καὶ
419 3925 637 3996 Πατέρα
661 3924 834 3993 ἄγων,
873 3922 1075 3994 μᾶλλον
1099 3923 1198 3975 οὐκ
1225 3920 1471 3989 ἀφιστῶν
1497 3917 1687 3984 αὑτοῦ,
1711 3917 1887 3988 τούτῳ

293 4018 650 4072 πιστεύσατε.
692 4018 752 4069 ’0
781 4016 1012 4085 Χριστὸς
1043 4010 1136 4068 οὖν
1182 4016 1240 4067 ἐν
1269 4013 1497 4083 ὀνόματι
1527 4013 1622 4064 τοῦ
1670 4011 1889 4081 Πατρός

293 4109 487 4172 ἐλθὼν,
517 4109 612 4160 καὶ
641 4108 846 4176 σημεῖα
877 4107 976 4176 μὲν
1008 4105 1199 4171 ποιῶν,
1229 4103 1303 4175 μὴ
1333 4104 1568 4172 ἀπάγων
1601 4103 1659 4156 δέ
1687 4105 1888 4166 αὐτοὺς

293 4202 399 4272 τῆς
453 4200 786 4266 θεοσεϐείας,
840 4199 1003 4261 αὐτὸς
1050 4193 1118 4269 ἦν
1147 4201 1175 4252 ὁ
1228 4197 1383 4266 παρά
1429 4197 1624 4250 Μωσεϊ
1674 4212 1889 4266 προφη-

293 4293 612 4365 τευόμενος.
669 4311 688 4345 ι
747 4292 810 4345 El
864 4287 958 4346 οῦν
993 4294 1106 4354 τοῖς
1136 4291 1417 4353 Μωῦσέως
1459 4290 1791 4360 γράμμασιν
1825 4290 1886 4342 οὐ

295 4384 612 4450 πιστεύετε,
661 4382 782 4447 πῶς
828 4385 944 4446 τοῖς
1001 4384 1156 4454 ἐμοῖς
1216 4383 1424 4453 ῥήμασι
1459 4383 1822 4446 πιστεύσετε;
1863 4401 1881 4433 ι

305 4477 567 4544 Ἐκεῖνος,
601 4476 788 4548 φησίν,
822 4473 1055 4548 ἔγραψε,
1087 4475 1183 4528 καὶ
1215 4475 1474 4544 πάρεισιν
1503 4474 1634 4544 ὑμῖν
1663 4475 1750 4527 ἀεὶ
1781 4476 1889 4546 πρὸ

1983 3279 2328 3335 conducebat
2364 3279 2524 3333 valde
2561 3278 2628 3331 ad
2667 3276 2829 3332 ﬁdem
2860 3275 3066 3332 Christi
3098 3293 3110 3328 :
3148 3291 3273 3328 nam
3305 3274 3484 3343 inquit
3522 3271 3592 3331 ³³.

1989 3393 2008 3426 ι
2055 3373 2110 3429 Si
2147 3373 2408 3444 propheta
2442 3372 2748 3428 surrexerit
2783 3372 2941 3442 signa
2972 3370 3204 3434 faciens,
3241 3375 3297 3423 et
3337 3365 3596 3421 recedere

1984 3469 2199 3523 iaciens
2244 3483 2272 3521 a
2318 3466 2452 3532 Deo,
2502 3482 2574 3520 ne
2624 3465 2869 3520 credatis
2928 3463 3030 3527 illi,
3079 3462 3262 3532 qualis
3309 3462 3416 3516 erit
3443 3458 3600 3512 Anti-

1985 3562 2230 3617 chrislns
2261 3580 2274 3616 :
2312 3559 2369 3615 Si
2397 3571 2580 3614 autem
2611 3559 2855 3615 surrexit
2877 3558 3146 3628 propheta
3174 3554 3385 3610 faciens
3416 3553 3595 3624 signa,

1986 3664 2041 3709 et
2069 3653 2136 3707 ad
2171 3655 2337 3708 Deum
2373 3666 2426 3708 et
2460 3653 2676 3707 Patrem
2712 3653 2944 3716 ducens,
2985 3661 3041 3706 et
3071 3666 3179 3705 non
3218 3647 3478 3704 recedere
3512 3644 3598 3698 fa-

1988 3747 2164 3810 ciens,
2205 3745 2278 3799 illi
2311 3745 2546 3800 credite.
2588 3763 2605 3795 ι
2639 3742 2815 3815 igitur
2847 3745 3104 3800 Christus
3138 3741 3190 3796 in
3235 3741 3459 3796 nomine
3493 3738 3601 3793 Pa.

1994 3838 2094 3892 tris
2121 3837 2292 3903 venit,
2324 3846 2380 3891 et
2401 3836 2557 3908 signa
2585 3835 2810 3906 quidem
2843 3834 3074 3898 faciens,
3107 3844 3164 3888 et
3201 3848 3310 3887 non
3339 3829 3601 3888 recedere

1985 3927 2185 3996 jubens
2216 3943 2310 3983 eos
2350 3942 2380 3980 a
2413 3926 2508 3982 Dei
2557 3927 2731 3990 cultu,
2776 3926 2892 3996 ipse
2926 3934 3046 3980 erat
3081 3925 3175 3996 qui
3217 3940 3246 3978 a
3282 3924 3431 3979 Mose
3461 3938 3603 3992 pm-

1991 4023 2197 4077 dictus.
2269 4039 2287 4072 ι
2347 4021 2537 4090 Itaque
2592 4021 2636 4075 si
2691 4019 2823 4074 Mosi
2880 4018 3102 4090 scriptis
3158 4032 3267 4072 non
3346 4016 3597 4081 creditis,

1993 4116 2268 4184 quomodo
2321 4115 2457 4168 meis
2484 4115 2664 4166 verbis
2716 4111 2996 4167 credetis?
3050 4129 3068 4162 ι
3121 4109 3240 4177 Ille,
3294 4109 3492 4180 inquit,
3544 4118 3602 4162 et

1993 4208 2234 4277 scripsit,
2271 4216 2326 4260 et
2369 4216 2501 4261 sunt
2536 4204 2659 4260 libri
2711 4218 2930 4276 semper
2960 4214 3090 4261 ante
3139 4203 3329 4260 oculos
3362 4213 3598 4269 vestros,

1994 4314 2051 4360 et
2095 4304 2167 4357 ita
2225 4304 2486 4359 utetiam
2531 4302 2574 4358 si
2633 4302 3070 4369 obliviscamini,
3123 4301 3348 4373 possitis
3398 4301 3602 4357 iterum

1997 4398 2160 4452 facile
2191 4397 2244 4452 in
2278 4397 2600 4451 memoriam
2639 4396 2927 4452 reducere.
2961 4396 3218 4451 Attamen
3247 4412 3354 4450 non
3376 4393 3605 4451 creditis

1997 4489 2237 4557 scriptis,
2269 4498 2323 4544 et
2353 4488 2630 4559 quomodo
2663 4487 2902 4544 credetis
2935 4487 3119 4543 verbis
3148 4487 3287 4542 meis
3319 4501 3428 4542 non
3463 4485 3607 4542 scri-

293 4568 592 4641 ὀφθαλμῶν
620 4569 688 4622 τὰ
737 4567 938 4638 βιϐλία,
971 4567 1135 4628 ὥστε,
1165 4568 1273 4620 κᾶν
1321 4566 1695 4632 ἐπιλάθοισθε,
1738 4567 1875 4638 ἐχειι

2000 4583 2143 4653 ptis?
2173 4581 2283 4636 Cur
2331 4582 2498 4653 igitur
2531 4583 2647 4637 haec
2676 4583 2836 4647 dicis,
2875 4596 2907 4636 ο
2949 4579 3204 4645 Domine,
3253 4595 3377 4634 cum
3427 4579 3606 4636 scires

293 4663 459 4716 πάλιν
515 4660 706 4732 ῥᾳδίαν
756 4661 857 4731 τὴν
915 4660 1261 4731 ἀνάμνησιν·
1326 4659 1422 4714 καὶ
1488 4660 1639 4728 ὅμως
1690 4661 1751 4714 οὐ
1799 4677 1895 4713 πι-

295 4748 521 4802 στεύετε
567 4751 681 4812 τοῖς
726 4750 1142 4820 γεγραμμένοις
1171 4765 1184 4779 ο
1232 4750 1330 4802 καὶ
1388 4749 1504 4813 πῶς
1567 4752 1896 4805 πιστεύσετε

295 4844 410 4904 τοῖς
443 4843 597 4912 ἐμοῖς
626 4841 901 4912 ἀγράφοις
935 4842 1146 4912 ῥήμασι
1176 4859 1190 4908 ;
1233 4841 1298 4893 Τί
1345 4838 1440 4895 οὖν
1471 4841 1646 4896 ταῦτα
1690 4843 1893 4912 λέγεις,

296 4928 343 4988 ὦ
374 4935 574 5005 Κύριε,
611 4936 738 4990 ἐπεὶ
779 4931 949 5000 οἶδας,
983 4935 1065 4988 ὅτι
1121 4936 1180 4988 οὐ
1227 4917 1647 5001 πιστεύσουσινζ
1694 4937 1756 4989 Εἰ
1801 4937 1898 4990 καὶ

296 5025 436 5096 οῖδα,
485 5029 673 5097 φησὶν,
732 5031 814 5084 ὅτι
863 5027 1332 5100 παρακούσουσιν,
1381 5031 1500 5082 ἀλλ’
1544 5031 1694 5100 ὅμως
1727 5029 1892 5098 λέγω,

299 5121 389 5175 ἵνα
428 5123 504 5193 μὴ
538 5119 768 5192 ὕστερον
814 5121 1288 5192 προφασίζωνται,
1325 5123 1410 5175 ὅτι
1446 5121 1507 5175 Εἰ
1549 5118 1734 5185 εἶπας,
1775 5125 1898 5178 ἐπι-

300 5214 635 5284 στεύσαμεν.
673 5215 884 5279 Ἀλλως
906 5232 990 5279 τε,
1020 5217 1224 5268 ἐκεῖνοι
1250 5214 1349 5284 μὲν
1375 5215 1422 5266 οἱ
1451 5214 1594 5279 τότε,
1614 5209 1704 5268 οἵα
1725 5214 1900 5283 ἀγνώ-

1996 4677 2142 4744 quod
2179 4690 2284 4729 non
2319 4675 2582 4729 credituri
2614 4674 2838 4730 essent?
2867 4673 3131 4741 Quamvis
3172 4673 3367 4742 sciam,
3401 4672 3603 4742 inquit,

1996 4764 2144 4835 quod
2205 4781 2312 4819 non
2371 4764 2624 4831 credant,
2675 4765 2797 4820 dico
2857 4777 3062 4831 tamen,
3127 4774 3187 4820 ut
3238 4780 3306 4820 ne
3368 4765 3607 4821 habeant

1997 4869 2182 4928 postea
2223 4859 2368 4929 quod
2403 4867 2728 4927 praetexam,
2768 4859 2825 4913 Si
2860 4859 3115 4924 dixisses,
3148 4859 3603 4914 credidissemus.

1997 4943 2064 4998 Et
2089 4945 2284 4999 aliter:
2320 4946 2400 5000 Illi
2423 4947 2644 5016 quidem
2673 4949 2766 5017 qui
2794 4958 2922 5002 tunc
2955 4958 3135 5012 erant,
3160 4959 3347 5016 utpote
3383 4949 3606 5020 ingrati,

2000 5050 2109 5089 non
2143 5036 2477 5090 credebant:
2526 5036 2593 5090 ab
2625 5035 2711 5090 bis
2743 5045 2925 5090 autem
2964 5035 3057 5103 qui
3097 5042 3287 5102 postea
3321 5035 3605 5098 credituri,

2006 5143 2113 5181 non
2154 5138 2270 5182 erat
2307 5139 2742 5184 consentaneum
2781 5143 2957 5198 neque
2988 5128 3201 5198 jusmm
3236 5126 3444 5182 auferri
3488 5143 3610 5183 vero

2009 5220 2204 5275 borum
2235 5221 2440 5276 Christi
2469 5223 2791 5276 utilitatem.

307 5322 486 5375 μονες,
522 5307 625 5360 οὐκ
653 5307 943 5360 ἐπίστευον
967 5325 980 5338 ·
1013 5312 1140 5370 τοὺς
1175 5308 1233 5361 δέ
1269 5306 1566 5377 μετέπειτα
1593 5308 1890 5378 μέλλοντας
1933 5312 2234 5380 πιστεύειν,
2307 5315 2410 5369 οὐκ
2484 5310 2554 5387 ἦν
2600 5315 2769 5381 εἰκὸς,
2822 5314 2944 5368 οὑδέ
2987 5313 3198 5367 δίκαιον
3220 5356 3234 5380 ,
3275 5308 3624 5384 στερηθῆναι-¹

301 5399 406 5470 τῆς
437 5402 544 5457 ἀπὸ
589 5401 698 5454 τῶν
732 5401 828 5454 τοῦ
860 5401 1102 5474 Χριστοῦ
1139 5402 1404 5473 ῥημάτων
1427 5401 1720 5472 ὡφελείας.

920 5518 1173 5572 trama.
1214 5519 1304 5585 ς’.

304 5634 447 5704 Περὶ
471 5633 591 5689 τῶν
612 5635 790 5689 πέντε
820 5633 1013 5704 ἀρτων
1043 5633 1140 5686 καὶ
1178 5631 1295 5704 δύο
1322 5632 1564 5704 ἰχθύων.
1595 5632 1732 5704 Περὶ
1793 5633 1904 5701 τῆς

375 5701 813 5776 ἀναχωρήσεως
851 5701 956 5759 ἑοῦ
1018 5701 1244 5771 Ἰησοῦ,
1275 5703 1374 5755 ἵνα
1412 5703 1498 5772 μὴ
1562 5703 1904 5774 ποιήσωσιν

380 5869 425 5902 ⁸⁸
453 5867 610 5924 Deut.
641 5882 793 5933 xvrtt,
1019 5868 1064 5900 ³³
1096 5871 1250 5921 Deut.
1283 5881 1394 5931 xm,
1433 5866 1485 5922 1.

2613 5515 2774 5587 531
2811 5512 3039 5570 CAPUT
3076 5511 3161 5569 \‘l.

2016 5629 2091 5685 De
2121 5630 2350 5700 quinque
2374 5630 2599 5696 panibus
2646 5640 2692 5684 et
2724 5629 2928 5683 duobus
2963 5627 3218 5700 piscibus.
3245 5624 3319 5678 De
3363 5622 3617 5700 secessio-

2086 5693 2148 5757 ne
2183 5693 2384 5758 Christi
2411 5719 2475 5757 ne
2503 5703 2738 5771 facerent
2779 5717 2897 5756 eum
2951 5693 3143 5769 regem.
3195 5693 3615 5753 Deambulatioo
