4078 6330
551 382 689 450 1283

1367 369 1947 439 'I‘HEOPllYLACTI
1992 364 2406 428 BULGARI/E
2448 362 2808 430 ARCIIIEI‘.

3670 353 3808 422 1284

604 508 668 545 ne
699 508 855 559 supra
885 505 1049 559 mare.
1076 488 1167 543 .De
1197 487 1353 543 turba
1389 502 1505 553 qua:
1540 484 1825 539 Dominum
1867 481 2118 559 sequeba-

2293 473 2796 559 “"‘°'_ﬁ‘!mé“:
2824 472 2963 559 ιέερι
2990 469 3104 559 ξοθ
3130 471 3199 559 ἐν
3223 469 3810 559 vastissimi?

602 576 689 614 tur
723 552 778 615 in
802 558 1037 613 nuribus.
1069 559 1142 613 De
1167 559 1323 611 turba
1364 552 1570 626 signum
1617 566 1833 623 petente.
1864 552 1944 626 με
1972 567 2141 626 pane.

601 634 689 699 qui
732 634 796 684 de
840 629 1278 699 caelouescenrlit.
1302 627 1375 681 De
1411 620 1683 699 discipulis
1720 625 1810 695 qui
1851 620 2122 677 Christum

604 696 943 769 reliquerant.
969 697 1047 753 De
1074 697 1399 769 confessione
1430 696 1601 751 Petri.

613 1010 776 1066 Vsus.
814 1008 931 1063 1-4.
964 1028 982 1061 ι
1022 1007 1149 1063 Post
1202 1008 1317 1065 luce
1371 1008 1503 1063 abiit
1556 1007 1714 1063 Jesus
1765 1018 1919 1062 trans
1973 1020 2124 1061 mare

535 1105 791 1168 Galilaea,
831 1099 974 1172 quod
1020 1112 1102 1157 est
1130 1092 1480 1167 ‘Tiberiadis,
1507 1111 1564 1154 et
1612 1100 1943 1175 sequebatur
1997 1112 2121 1154 eum

546 1199 700 1252 turba
740 1196 930 1257 multa,
958 1187 1092 1264 quia.
1115 1195 1375 1249 videbant.
1391 1194 1509 1264 ejus
1539 1196 1690 1261 signa
1725 1208 1843 1262 qua:
1885 1190 2124 1246 faciebat

547 1307 712 1362 super
740 1291 825 1346 his
850 1289 941 1358 qui
972 1289 1409 1364 infirmabantur.
1438 1287 1617 1342 Subiit
1659 1296 1842 1365 autem
1880 1284 1933 1340 in
1964 1300 2121 1339 nion-

546 1398 655 1438 lt'm
687 1382 863 1447 Jesus,
887 1378 1041 1435 etibi
1067 1370 1299 1435 sedebat
1332 1395 1455 1434 cum
1501 1378 1782 1450 discipulis
1814 1378 1947 1433 suis.
1993 1375 2125 1431 Erat

542 1486 722 1530 autem
758 1489 923 1543 prope
966 1472 1201 1537 Pascha,
1225 1474 1340 1527 dies
1376 1474 1543 1526 festus
1571 1462 1902 1526 Iudaeorum.
1930 1488 1950 1523 ι
1976 1467 2126 1523 Post-

542 1582 704 1635 quam
752 1566 1021 1621 Dominus
1072 1566 1285 1621 locutus
1311 1576 1393 1620 est
1421 1563 1622 1619 Judreis
1655 1562 1971 1617 durioribus
2002 1577 2125 1615 ver.-

546 1659 651 1719 bis,
677 1655 874 1725 quibus
913 1656 964 1707 in
991 1654 1249 1709 invidiam
1282 1652 1721 1709 accendebantur
1749 1660 1801 1706 et
1827 1651 2127 1706 stomacha-

547 1751 761 1811 bantur,
787 1745 1052 1800 demulcet
1080 1760 1223 1799 nunc
1255 1746 1703 1810 eossecedendo,
1730 1752 1782 1798 ct
1815 1742 1949 1798 abiit
1977 1752 2124 1797 trans

2296 566 2425 604 του.
2459 537 2597 619 Περὶ
2626 545 2731 619 τοῦ
2758 537 2948 619 ὄχλορ
2977 540 3278 619 ῥπομένρυ
3323 539 3406 619 εῷ
3426 538 3631 607 Ἰησοῦ
3684 537 3809 619 εοῖς

2295 609 2649 686 πλοιαριοις.
2674 609 2948 686 Περῖτοῦ
2979 609 3167 686 ὄχλρυ
3191 609 3508 686 ζητοῦντος
3513 609 3804 686 ﬁrm-18703.

2293 690 2432 758 Περὶ
2472 678 2621 741 ’τοῦ’
2653 678 2835 758 ὁρίου
2890 684 2960 758 ἐκ
3004 678 3117 758 τοῦ
3149 678 3447 758 οὐρανοῦ.
3479 678 3649 758 ,Περὶ
3688 678 3809 758 τῷν

2294 748 2545 814 ποῖιλῶν
2591 748 2900 829 ,μαὶζητῶνΑ
2930 748 3318 829 ἀπελθόττξη·
3375 750 3499 805 ἀπὸ
3541 749 3651 829 τοᾷ
3692 748 3811 829 ’1ης

2294 831 2432 885 σοῦ.
2467 820 2615 897 Περῖ
2644 820 2756 895 τῆς
2789 826 3029 897 γνώμης
3081 824 3186 880 τοῦ
3212 822 3447 891 Πέτρου
3500 820 3641 890 περὶ
3695 820 3802 874 τοῦ

2296 899 2574 970 Χριστοῦ.

2300 1031 2318 1064 ι
2359 1011 2514 1067 Μετὰ
2562 1008 2738 1064 ταῦτα
2780 1007 3027 1078 ἀπῆλθεν
3058 1006 3087 1059 δ
3110 1004 3319 1077 Ἰησοῦς
3350 1005 3529 1073 πέραν
3577 1003 3685 1073 τῆς
3718 1000 3814 1055 θα·-

2224 1106 2430 1175 λάσσης
2455 1104 2555 1172 τῆς
2585 1101 2878 1169 Γαλιλαίας
2909 1100 3011 1169 τῆς
3039 1098 3383 1167 Τιϐεριάδος.
3427 1094 3539 1150 Καὶ
3574 1090 3810 1165 ἠκολού-

2226 1197 2391 1269 θησεν
2427 1193 2577 1265 αὑτῷ
2614 1192 2770 1263 ὄχλος
2810 1190 3004 1255 πολὺς,
3034 1190 3118 1243 ὅτι
3145 1187 3359 1259 ,ἑώρων
3393 1185 3561 1241 αὐτοῦ
3607 1184 3680 1237 τὰ
3711 1199 3805 1253 οη·

2228 1293 2355 1362 μεῖα
2386 1288 2423 1343 ἃ.
2454 1287 2629 1341 ἐποίει
2658 1286 2750 1339 ἐπὶ
2788 1283 2898 1337 τῶν
2950 1282 3348 1337 ἀσθενούντων.
3384 1276 3609 1365 ’Δνῆλθι
3631 1276 3691 1331 δι
3730 1277 3810 1340 εις

2224 1381 2286 1434 τὸ
2329 1379 2451 1449 ὅρος
2482 1379 2512 1430 ὁ
2546 1374 2771 1446 Ἰησοῦς,
2802 1377 2896 1429 καὶ
2922 1376 3041 1428 ἐκεῖ
3060 1371 3294 1442 ἐκάθητο
3332 1370 3469 1442 μετά
3494 1368 3606 1423 τῶν
3631 1365 3811 1439 μαθηο

2225 1472 2335 1527 τῶν
2386 1470 2576 1526 αὑτοῦ.
2609 1466 2718 1523 Ἦν
2758 1469 2815 1523 δὲ
2858 1469 3029 1538 ἐγγὺς
3080 1469 3140 1519 τὸ
3180 1466 3395 1535 Πάσχα,
3426 1465 3469 1535 ἡ
3498 1463 3664 1533 ἑορτὴ
3701 1461 3813 1514 τῶν

2239 1563 2530 1618 Ἰουδαίων.
2574 1579 2592 1612 t
2642 1559 2961 1630 Διαλεχθεὶς
3022 1559 3132 1620 τοῖς
3179 1556 3459 1619 Ἰουδαίοις
3510 1553 3812 1625 σκληρότε-

2231 1673 2319 1727 ρον
2348 1658 2376 1710 ὁ
2396 1654 2621 1726 Κύριος,
2646 1653 2836 1723 ἐπειδὴ
2862 1652 2925 1705 ἐκ
2950 1649 3059 1705 τῶν
3086 1648 3348 1702 τοιούτων
3374 1644 3661 1719 ῥημάτων
3683 1643 3807 1714 φθό-

2227 1765 2315 1800 νον
2347 1749 2441 1799 xa‘t
2470 1746 2643 1816 θυμὸν
2686 1745 2938 1813 ἐκίνησεν
2972 1744 3031 1795 ὲν
3050 1742 3275 1805 αὐτοῖς,
3302 1736 3690 1809 καταπραύνει
3719 1736 3813 1789 αι’)-

548 1852 695 1891 niare
734 1836 1055 1891 Tiberiadis.
1082 1836 1229 1891 Mare
1264 1847 1442 1890 autem
1500 1837 1630 1892 dicit
1680 1846 1951 1906 stagnum.
1978 1835 2120 1890 Con-

2228 1840 2349 1903 τοὺς
2383 1837 2471 1891 διά
2499 1838 2597 1908 τῆς
2626 1834 3054 1906 ἀναχωρήσεως,
3082 1834 3178 1885 καὶ
3208 1830 3381 1901 πέραν
3405 1828 3508 1892 τῆς
3534 1826 3812 1897 θαλάσσης

546 1929 887 1994 gregationes
924 1927 1067 1981 enim
1110 1927 1414 1995 aquarum}
1470 1927 1637 1982 maria
1680 1927 1890 1981 vocavit
1945 1925 2124 1981 divina

547 2019 850 2089 Scriptura.
884 2020 946 2073 Et
975 2019 1130 2074 aliter
1157 2037 1170 2070 :
1202 2018 1417 2074 Transit
1446 2016 1515 2073 de
1544 2018 1662 2073 loco
1690 2018 1744 2073 in
1781 2018 1979 2085 locum,
2005 2033 2127 2087 pro-

547 2116 679 2165 bans
714 2110 1077 2165 multitudinis
1128 2110 1392 2165 studium.
1429 2108 1737 2179 ignaviores
1766 2111 1911 2166 enim
1948 2124 2127 2165 mane-

547 2209 676 2255 bant
708 2204 759 2256 in
788 2202 902 2257 suis
937 2202 1091 2269 locis,
1122 2201 1482 2261 studiosiores
1532 2212 1713 2258 autem
1762 2202 2127 2272 sequebantur

545 2310 690 2350 cum.
722 2293 1105 2351 Verumtamen
1138 2296 1257 2350 vide
1289 2298 1431 2366 quod
1464 2296 1627 2350 etiam
1685 2304 1976 2363 sequentes
2018 2311 2123 2348 non

547 2397 763 2456 propter
792 2388 1113 2453 doctrinam,
1153 2390 1244 2443 sed
1278 2397 1495 2457 propter
1525 2388 1859 2457 corporalem
1893 2390 2128 2443 miracu-

550 2483 720 2532 lormn
755 2479 1044 2533 utilitatem
1086 2481 1258 2533 secuti
1289 2489 1436 2533 sunt.
1466 2476 1602 2531 Nam
1634 2476 1915 2548 prepterea
1946 2479 2076 2532 dicit
2108 2495 2122 2533 :

551 2589 569 2621 ι
609 2571 743 2636 Quia
778 2571 1035 2625 videbant
1061 2570 1208 2639 signa
1259 2586 1379 2641 quae
1424 2570 1656 2627 faciebat
1701 2586 1863 2641 super
1903 2572 1986 2626 his
2035 2571 2125 2640 qui

551 2664 985 2719 infirmabanlur.
1023 2683 1041 2717 ι
1081 2663 1329 2719 Meliores
1360 2673 1541 2719 autem
1573 2671 1701 2718 sunt
1742 2676 1796 2719 et
1852 2663 2127 2733 sapientia}

550 2756 817 2810 avidiores
847 2757 912 2810 de
939 2756 1139 2825 quibus
1162 2754 1447 2811 Mattbteus
1476 2756 1558 2809 ’δι
1592 2776 1609 2808 ι
1658 2755 2130 2825 Obstupescebant

550 2848 951 2917 enim,inquit,
980 2850 1032 2901 in
1080 2848 1337 2913 doctrina
1396 2849 1534 2918 ejus,
1560 2850 1683 2918 quia
1738 2849 1964 2905 docebat
2012 2851 2129 2906 illos

547 2953 805 3014 tanquam
852 2950 1172 3014 potestatem
1227 2944 1452 3000 habens.
1489 2963 1509 2998 ι
1540 2932 1824 3002 Ἀεοοιιίίίι
1857 2958 2039 3006 autem
2073 2950 2126 3003 in

550 3046 785 3090 montem
845 3046 1063 3107 propter
1112 3037 1433 3092 miraculum
1493 3034 1757 3093 futurum.
1809 3038 1923 3093 Non
1981 3034 2124 3094 enim

547 3136 809 3197 arro‘gans
840 3122 982 3196 e‘rat,
1010 3138 1064 3185 et
1092 3143 1243 3184 vana:
1275 3131 1461 3197 πίοι-ίαν
1489 3131 1737 3201 cupidus,
1762 3141 1816 3184 ut
1848 3133 1899 3184 in
1933 3132 2123 3187 mediis

546 3220 860 3277 civitatibus
916 3212 1171 3276 miracula
1228 3230 1549 3291 Operaretur
1582 3242 1595 3276 :
1631 3226 1724 3275 sed
1774 3222 1984 3291 fugiens
2033 3238 2124 3275 va-

547 3326 672 3368 nam
734 3313 1014 3368 hominum
1101 3314 1351 3385 gloriam,
1400 3315 1748 3369 solitudinem
1826 3316 2124 3385 qnzerehat,

546 3405 711 3462 etiam
748 3422 846 3460 nos
883 3405 1027 3461 istud
1082 3408 1361 3461 erudiens.
1392 3402 1619 3478 Insuper
1671 3407 1859 3461 volens
1896 3410 2125 3479 mystica

548 3498 793 3566 quantum
828 3491 1111 3563 discipulis
1133 3490 1562 3564 centmunicare,
1607 3498 1847 3553 ascendit
1898 3499 1949 3551 in
1986 3513 2129 3553 mon-

551 3596 681 3650 tem,
714 3587 763 3640 id
792 3588 937 3656 quod
964 3587 1178 3656 scmper
1228 3588 1439 3642 solebat
1484 3590 1681 3651 facere,
1728 3589 1851 3658 quia
1900 3598 1953 3650 et
1986 3604 2122 3658 epos

550 3688 632 3734 est
666 3688 725 3731 ut
750 3680 817 3733 ab
848 3673 996 3733 omni
1030 3671 1258 3735 tumultu
1312 3678 1590 3743 liberetur,
1616 3691 1665 3735 et
1706 3680 1879 3734 locum
1914 3689 2123 3750 quaerat

550 3771 619 3825 ab
648 3770 1058 3838 omnistrepitu
1105 3772 1393 3841 purum,sl
1444 3772 1564 3839 quis
1614 3772 1741 3825 talia
1775 3771 1921 3840 loqui
1974 3771 2117 3826 velit.

559 3877 579 3912 ι
612 3857 741 3913 Erat
772 3860 917 3914 enim
955 3874 1146 3929 prope,
1176 3841 1371 3928 iiiqnit,
1404 3859 1630 3926 Pascha,
1659 3860 1774 3915 dies
1822 3860 1989 3916 feStus
2037 3860 2119 3914 Ju-

552 3953 811 4007 dicorum.
843 3970 862 4003 ι
916 3951 1029 4007 Nec
1066 3963 1246 4007 tamen
1300 3954 1565 4018 ascendit,
1596 3952 1688 4008 sed
1731 3952 1800 4006 'in
1849 3952 2123 4008 Galilaeam

550 4028 933 4110 tliseedii,nen
969 4047 1112 4101 enim
1172 4045 1307 4100 ultra
1356 4048 1643 4116 prwceptis
1696 4042 1958 4116 legalibus
2006 4056 2124 4100 erat

550 4141 839 4200 obnoxius,
871 4146 1013 4193 utet
1044 4136 1211 4194 festos
1264 4139 1383 4193 dies
1418 4138 1550 4208 legis
1580 4139 1889 4218 perliceret.
1920 4140 1985 4195 Et
2035 4141 2127 4193 ali-

547 4219 673 4285 ter:
703 4224 1057 4301 persequente
1088 4233 1263 4300 ipsum
1294 4231 1495 4285 malitia
1517 4231 2123 4300 Judaica,occasi0nem

552 4322 908 4393 apprehendit
944 4331 1001 4377 ut
1036 4322 1291 4391 paulatim
1345 4314 1516 4393 legem
1552 4326 1801 4393 abroget,
1836 4329 2125 4381 ostendens

538 4416 1111 4472 ‘anlmadve‘rtentib‘us
1158 4428 1405 4476 cessasse
1443 4416 1668 4489 figuram
1702 4428 1759 4472 ut
1790 4418 2009 4473 advenit
2042 4434 2126 4473 ve-

541 4498 701 4564 ritas.
728 4507 971 4565 Observa
1034 4518 1213 4565 autem
1271 4513 1412 4580 quod
1465 4510 1661 4565 festum
1713 4511 1874 4566 fuerit
1919 4509 2125 4566 Judaeu-

2226 1934 2324 2001 τῆς
2355 1929 2672 2000 Τιϐεριάδος
2719 1929 3041 1997 ἀπέρχεται.
3080 1920 3370 1978 Θάλασσαν
3422 1920 3479 1974 δὲ
3531 1920 3685 1988 λέγει
3716 1918 3811 1991 τὴν

2230 2024 2427 2094 λίμνην
2463 2039 2475 2052 ·
2510 2020 2577 2074 τὰ
2608 2021 2718 2092 γὰρ
2752 2020 3079 2089 συστήματα
3110 2016 3217 2069 τῶν
3268 2015 3505 2075 ὑδάτων,
3534 2010 3812 2075 θαλάσσας

2228 2117 2542 2186 ἐκάλεσενή
2575 2114 2694 2169 θεία
2714 2113 2927 2184 Γραφή.
2964 2112 3173 2175 ’Δλλως
3200 2110 3258 2163 δέ
3290 2127 3301 2139 ·
3336 2106 3680 2163 Μετασαίνει
3710 2105 3815 2160 ἀπὸ

2228 2210 2393 2262 τόπου
2426 2210 2505 2271 είς
2534 2206 2721 2273 τόπον,
2748 2203 3059 2273 δοκιμάζων
3088 2204 3188 2273 τὴν
3224 2201 3320 2255 τοῦ
3344 2201 3584 2271 πλήθους
3613 2198 3811 2271 προαί-

2232 2319 2380 2372 ρεσιν
2412 2317 2426 2329 ·
2457 2299 2565 2352 τῶν
2583 2298 2691 2371 γὰρ
2719 2296 3108 2369 ρᾳθυμοτέρωσ
3139 2294 3281 2347 κατά
3309 2294 3494 2365 χώραν
3521 2292 3816 2361 μενόντων,

2228 2396 2276 2447 οί
2326 2393 2735 2463 σπουδαιότεροι
2762 2389 3141 2461 ἠκολούθησαν
3176 2387 3346 2455 αὐτῷ.
3380 2386 3528 2455 Πλὴν
3582 2386 3709 2455 ὅρα,
3737 2388 3816 2438 ὅτι

2230 2486 2325 2539 καὶ
2357 2486 2408 2538 οί
2445 2482 2894 2547 ἀκολουθοῦντες,
2922 2482 2982 2535 ού
3018 2480 3107 2534 διὰ
3147 2481 3245 2551 τὴν
3270 2478 3651 2542 διδασκαλίαν,
3680 2476 3815 2531 ἀλλά

2228 2578 2315 2631 διὰ
2337 2579 2435 2646 τὴν
2465 2576 2527 2629 ὲκ
2554 2574 2665 2627 τῶν
2693 2574 2993 2642 θαυμάτων
3025 2570 3342 2642 σωματικὴν
3386 2568 3663 2639 ὠφέλειαν
3689 2568 3818 2638 ἡκο-

2229 2669 2475 2722 λούθουν.
2525 2686 2542 2718 t
2587 2667 2731 2720 Διὸτι
2778 2668 2915 2737 γὰρ,
2948 2665 3134 2735 φησὶν,
3167 2663 3356 2732 ἑώρων
3398 2662 3466 2715 τὰ
3518 2662 3745 2731 σημεῖα,
3783 2659 3818 2713 ἃ

2230 2761 2403 2815 ἐποίει
2428 2760 2651 2832 ἐπὶοτῶν
2676 2759 3065 2813 ἀσθενούντων.
3095 2776 3113 2807 ι
3142 2755 3468 2826 Κρείττονες
3504 2755 3562 2808 δέ
3600 2757 3742 2808 εἰσιν
3768 2754 3816 2807 ei

2232 2852 2382 2923 παρὰ
2414 2849 2491 2923 τῷ
2518 2851 2785 2921 Ματθαίῳ
2829 2851 2925 2904 καὶ
2964 2846 3407 2923 φιλοσοφώτεροι.
3448 2865 3466 2898 ι
3520 2844 3815 2915 Ἐξεπλήσ-

2232 2960 2387 2999 σοντο
2409 2944 2539 3014 γὰρ,
2562 2944 2747 3015 φησὶν,
2770 2944 2863 2997 ἐπὶ
2892 2944 2958 3013 τῇ
2987 2941 3176 3013 διδαχῇ
3198 2940 3385 3008 αὑτοῦ,
3420 2940 3501 2992 ὅτι
3531 2939 3815 2992 ἐδίδασκεν

2231 3038 2429 3100 αὐτοὺς
2457 3037 2532 3101 ὡς
2558 3036 2809 3102 ἐξουσίαν
2836 3035 2994 3107 ἔχων.
3034 3053 3054 3087 ι
3091 3034 3305 3089 Ἀνεισι
3347 3032 3404 3088 δὲ
3455 3033 3538 3096 είς
3564 3031 3627 3085 τὸ
3688 3031 3810 3103 δρος

2231 3128 2319 3185 διά
2353 3130 2413 3182 τὸ
2440 3128 2629 3200 μέλλον
2657 3127 2903 3197 γίνεσθαι
2953 3128 3195 3198 σημεῖον.
3218 3126 3293 3180 Οὐ
3340 3124 3451 3197 γὰρ
3476 3123 3813 3195 φιλόκομπός

2226 3240 2309 3286 τις
2342 3223 2437 3276 καὶ
2468 3221 2838 3291 φιλενδείκτης
2864 3216 2952 3291 ἦν,
2987 3219 3073 3273 ἴνα
3107 3220 3164 3271 ὲν
3215 3219 3408 3286 μέσαις
3448 3217 3642 3271 πόλεσι
3677 3220 3808 3270 θαυ-

2231 3318 2513 3387 ματουργῇ
2544 3332 2557 3347 ο
2590 3313 2724 3386 ἀλλά
2758 3313 2978 3384 φεύγων
3008 3314 3105 3382 τὴν
3141 3311 3305 3382 κενὴν
3347 3311 3458 3365 τῶν
3487 3310 3705 3387 πολλῶν
3732 3309 3814 3364 δό-

2229 3409 2345 3475 ξαν,
2370 3408 2604 3483 ᾔσυχίαν
2639 3406 2812 3477 ζητεῖ.
2846 3406 2956 3460 Kal.
2988 3406 3134 3477 ἡμᾶς
3166 3404 3325 3458 τοῦτο
3360 3404 3665 3469 παιδεύων,
3698 3402 3815 3474 ἅμα

2226 3502 2282 3556 δὲ
2318 3505 2413 3557 καὶ
2450 3503 2557 3564 τοῖς
2583 3501 2855 3569 μαθηταῖς
2886 3497 3130 3567 μυστικά
3159 3514 3283 3550 τινα
3311 3496 3480 3549 θέλων
3498 3496 3816 3567 κοινολογη-

2230 3592 2450 3658 σασθαι,
2500 3592 2562 3645 τὸ
2598 3590 2722 3661 ὅρος
2760 3591 2936 3660 ζητεῖ.
2981 3588 3094 3641 Ἀεὶ
3138 3589 3249 3659 γὰρ
3286 3587 3445 3641 τοῦτο
3497 3586 3621 3653 ἔθος
3667 3586 3816 3657 αὐτῷ

2227 3686 2404 3737 ποιεῖν
2434 3699 2450 3715 ο
2484 3682 2671 3754 ἐπειδὴ
2702 3682 2795 3735 καὶ
2842 3681 2922 3735 δεῖ
2953 3682 3136 3751 πάσης
3164 3681 3415 3751 ταραχῆς
3444 3679 3812 3751 ἀπηλλάχθαι,

2226 3779 2321 3831 καὶ
2345 3776 2509 3829 τόπον
2540 3775 2724 3846 ζητεῖν
2753 3774 2957 3837 παντὸς
2984 3773 3217 3843 θορύϐου
3266 3772 3529 3844 καθαρὸν,
3565 3772 3660 3827 τὸν
3707 3790 3815 3827 τοι·

2227 3868 2368 3941 αὔτα
2396 3866 2805 3935 διαλεξόμενον.
2823 3884 2842 3917 ι
2871 3859 2980 3919 Ἦν
3005 3864 3083 3932 δὲ,
3106 3865 3293 3937 φησὶν,
3324 3865 3489 3934 ἐγγὺς
3521 3865 3815 3937 ⁴τὸΠᾶισχα,

2228 3965 2262 4033 ἡ
2324 3962 2485 4034 ἑορτὴ
2529 3961 2636 4013 τῶν
2679 3958 2973 4016 Ἰουδαίων.
3001 3975 3019 4009 ι
3057 3959 3167 4012 Καὶ
3190 3960 3339 4029 ὅμως
3366 3960 3470 4013 οὐκ
3505 3960 3814 4025 ἀναϐαίνει,

2227 4054 2344 4108 ἀλλ’
2376 4056 2456 4117 είς
2484 4052 2585 4123 τὴν
2623 4050 2918 4105 Γαλιλαίαν
2950 4050 3228 4123 ἀναχωρεῖ
3265 4066 3279 4081 θ
3309 4050 3372 4103 ού
3419 4050 3529 4122 γὰρ
3586 4051 3668 4105 ἔτι
3703 4053 3817 4115 τοῖς

2224 4146 2315 4199 τοῦ
2349 4148 2515 4215 νόμου
2538 4144 2912 4213 διατάγμασιν
2944 4142 3224 4209 ὑπέκειτο,
3259 4142 3347 4197 ίνα
3376 4144 3472 4197 καὶ
3506 4143 3610 4207 τὰς
3661 4161 3818 4215 νομι-

2226 4240 2326 4303 κάς
2350 4240 2475 4310 τελῇ
2509 4238 2724 4308 ἑορτάς.
2752 4238 2962 4302 Ἄλλως
2995 4254 3077 4303 τε,
3110 4238 3329 4310 καὶτῆς
3354 4237 3655 4309 Ἰουδαϊκῆς
3709 4256 3811 4293 πο-

2223 4333 2419 4403 νηρίας
2473 4330 2779 4401 διωκούσης
2820 4330 3007 4395 αὑτὸν,
3043 4330 3301 4402 ἀφορμὴν
3368 4330 3575 4397 λαϐὼν,
3630 4334 3817 4405 ἡρέμα

2225 4422 2485 4477 ύπεκλύει
2517 4423 2608 4475 τὸν
2632 4423 2798 4493 νόμον
2836 4440 2851 4454 ·
2884 4421 3150 4478 δεικνύων
3178 4426 3292 4488 τοῖς
3318 4423 3707 4495 προσέχουσιν,
3734 4428 3818 4483 δτι

2230 4519 2508 4570 πέπαυται
2556 4516 2584 4568 ὁ
2616 4499 2787 4580 τύπός
2811 4516 2915 4587 τῆς
2940 4515 3200 4588 ἀληθείας
3244 4517 3530 4590 ἐλθούσης.
3546 4520 3717 4592 ’⁸ορα
3758 4520 3817 4575 δὲ

553 4616 695 4663 rum,
731 4608 835 4655 nun
894 4612 1073 4657 autem
1122 4592 1299 4659 fuerit
1342 4602 1459 4659 dies
1512 4601 1685 4659 festus
1736 4604 1957 4673 Christi,
2002 4621 2124 4660 cum

2233 4610 2327 4661 καὶ
2357 4608 2437 4676 τὸ,
2470 4628 2489 4661 r
2558 4608 2623 4663 Ἠ
2681 4580 3326 4680 ἑορτὴπῶνςιουδαίων.
3360 4631 3380 4664 ι
3559 4580 3675 4685 γὰρ
3720 4613 3815 4669 τοῦ

545 4687 796 4745 Christus
824 4703 888 4745 eo
918 4686 1026 4745 non
1057 4692 1381 4760 ascenderit,
1410 4693 1504 4748 sed
1534 4692 1635 4747 soli
1663 4691 1855 4748 Judtei.

623 4889 786 4947 Vsus.
816 4890 925 4947 5-9.
956 4908 974 4943 ι
1013 4887 1145 4946 Cum
1184 4892 1493 4949 sustulisset
1541 4908 1670 4964 ergo
1714 4894 1903 4949 oculos
1944 4892 2124 4959 Jesus,

551 4991 605 5035 et
645 4982 871 5035 vidisset
924 4983 1067 5050 quod
1129 4984 1297 5037 multa
1338 4985 1491 5040 turba
1544 4985 1755 5041 veniret
1788 4985 1852 5040 ad
1886 5000 1967 5052 se,
1995 4986 2127 5041 dicit

549 5072 617 5128 ad
661 5071 969 5141 Philippum
996 5092 1012 5127 :
1041 5074 1194 5129 Unde
1248 5091 1492 5132 ememus
1519 5093 1685 5148 panes
1721 5088 1778 5133 ut
1802 5077 1966 5133 edant
1996 5080 2126 5134 isti?

552 5161 667 5217 Hoc
696 5171 871 5217 autem
909 5165 1118 5218 dicebat
1154 5176 1363 5222 tentans
1390 5183 1546 5234 eum;
1571 5169 1685 5239 ipse
1727 5169 1874 5225 enim
1917 5171 2123 5226 sciebat

551 5252 712 5322 582
740 5254 867 5322 quid
906 5262 1053 5309 esset
1090 5252 1350 5311 facturus.
1376 5254 1681 5328 Respondit
1720 5260 1769 5313 ei
1801 5258 2119 5330 Philippus:

552 5343 915 5399 Ducentorum
946 5346 1292 5399 denariorum
1322 5364 1491 5418 panes
1544 5365 1650 5405 non
1699 5349 1973 5406 sumciunt
2018 5352 2120 5418 eis,

553 5444 610 5488 ut
649 5438 1020 5505 unusquisque
1066 5437 1319 5507 pusillum
1358 5440 1633 5511 quippiam
1687 5444 1939 5513 accipiat.
1989 5443 2124 5499 Dicit

546 5527 598 5580 ei
633 5540 771 5581 unus
799 5543 863 5581 ex
892 5529 1167 5598 disCipulis
1204 5530 1390 5598 ipsius,
1417 5530 1659 5589 Andreas
1686 5534 1853 5588 frater
1884 5534 2122 5590 Simonis

550 5614 694 5670 Petri
732 5634 744 5669 :
774 5616 867 5671 Est
898 5633 1031 5687 puer
1060 5635 1200 5675 unus
1232 5621 1340 5686 hic,
1370 5622 1458 5691 qui
1495 5624 1654 5680 habet
1677 5626 1919 5696 quinque
1952 5641 2119 5695 panes

554 5708 879 5763 hordeaceus
910 5716 965 5762 et
997 5709 1130 5767 duos
1161 5713 1339 5792 pisces
1372 5731 1387 5769 :
1423 5714 1517 5771 sed
1546 5715 1658 5773 haec
1692 5716 1821 5787 quid
1853 5726 1979 5773 sunt
2033 5716 2120 5773 in-

619 5822 657 5854 δ*
698 5824 880 5878 Matth.
909 5841 945 5891 ι,
974 5827 1064 5881 ss.

2232 4700 2469 4772 Χριστοῦ
2510 4696 2580 4771 ἦν
2628 4701 2789 4771 ἑορτὴ
2845 4702 2984 4774 (πῶς
3017 4704 3126 4774 γὰρ
3157 4703 3252 4757 τοῦ
3304 4701 3381 4776 μὴ
3430 4705 3815 4779 ἀναϐαίνοντος

2230 4796 2311 4856 είς
2342 4794 2513 4861 αὐτήν
2534 4793 2597 4865 ς),
2622 4794 2760 4849 ἀλλά
2792 4796 2971 4865 μόνων
3000 4795 3109 4848 τῶν
3131 4796 3423 4852 Ἰουδαίων.
3461 4811 3469 4841 ῖ

2306 4904 2324 4937 r
2365 4886 2611 4957 Ἐπάρας
2637 4886 2729 4941 οὖν
2758 4886 3007 4958 δΊησοῦς
3035 4890 3163 4955 τοὺς
3188 4890 3529 4962 ὀφθαλμοὺς,
3562 4894 3663 4948 καὶ
3697 4894 3812 4950 Osa-

2229 4979 2487 5050 σάμενος,
2518 4979 2601 5033 ὅτι
2632 4981 2798 5044 πολὺς
2825 4980 2983 5051 δχλος
3006 4981 3165 5055 Ξρχετ
3178 5002 3235 5038 αι
3269 4985 3409 5058 πρὸς
3434 4986 3621 5054 αὑτὸν,
3660 4989 3812 5057 λέγει

2232 5070 2368 5141 πρὸς
2393 5071 2485 5125 τὸν
2512 5070 2778 5125 Φίλιππον
2812 5088 2826 5103 ·
2859 5073 3037 5127 Πόθεν
3083 5075 3437 5147 ἀγοράσομεν
3469 5078 3693 5150 ἄρτους,
3727 5082 3812 5137 [va

2233 5164 2481 5232 φάγωσιν
2541 5155 2717 5231 οὗτος
2752 5162 2924 5218 Τοῦτο
2963 5164 3020 5218 δὲ
3067 5166 3222 5235 ἔλεγε
3270 5169 3551 5240 πειράζων
3605 5173 3808 5227 αὐτόν’

2228 5255 2392 5319 αὐτὸς
2440 5254 2549 5325 γὰρ
2582 5255 2721 5327 ⁴ᾔδει,
2759 5256 2811 5309 τί
2865 5256 3056 5327 ἔμελλε
3090 5263 3283 5316 ποιεῖν.
3310 5262 3615 5334 ’Δπεκρίθη
3662 5266 3812 5339 αὐτῷ

2227 5349 2491 5411 Φίλιππος
2517 5366 2529 5381 ·
2560 5350 2857 5404 Διακοσίων
2892 5350 3160 5424 δηναρίων
3189 5354 3343 5425 ἄρτοι
3394 5358 3498 5411 οὐκ
3546 5357 3811 5429 ἀρκοῦσιν

2229 5439 2549 5503 αύτοῖς,ῐνα
2598 5438 2830 5503 ἕκαστος
2872 5441 3054 5495 αὐτῶν
3114 5442 3289 5515 βραχύ
3347 5456 3400 5499 τι
3458 5445 3808 5520 λάδῃ.Λέτει

2230 5534 2379 5602 αὐτῷ
2400 5526 2478 5595 εἷς
2505 5534 2569 5585 ἐκ
2591 5532 2699 5585 τῶν
2734 5529 2992 5605 μαθητῶν
3017 5536 3204 5603 αὐτοῦ,
3224 5536 3502 5611 Ἀνδρέας,
3526 5541 3554 5593 δ
3585 5542 3809 5613 ἀδελφὸς

2232 5626 2473 5696 Σίμωνος
2530 5627 2740 5697 Πέτρου
2766 5646 2780 5659 ’
2814 5629 2973 5682 Ἔστι
3030 5630 3317 5704 παιδάριον
3369 5632 3429 5686 ἓν
3464 5625 3589 5701 ὧδε,
3620 5634 3650 5689 δ
3695 5636 3805 5708 εχει

2232 5721 2393 5774 πέντε
2422 5720 2621 5791 ἄρτους
2644 5719 2943 5790 κριθίνους,
2977 5722 3072 5777 καὶ
3096 5722 3188 5777 δύο
3209 5723 3413 5796 ὀψάρια
3440 5743 3455 5759 ·
3480 5723 3619 5782 ἀλλά
3637 5725 3804 5783 ταῦτα
