4078 6330
239 421 382 488 1285

961 413 1412 507 ΕΝΛΒΒΑἸἹΟ
1457 415 1534 476 [Ν
1576 411 1838 476 ΕνΛΝΘ.

1943 386 2089 471 tum
2129 407 2478 472 JOANNIS.
2509 405 2762 468 --C.\P.
2807 405 2902 470 Vi.

3424 400 3567 470 1286

231 543 291 598 τί
324 545 476 597 ἔστιν
503 540 580 603 εἰς
606 534 894 600 τοσούτους
919 553 934 602 ;
961 555 980 587 ι
1006 533 1163 599 Τίνος
1184 518 1632 598 ἓνεκενέίπε,τὸ,
1656 549 1675 583 ι
1693 531 1838 586 Ἀνα⁴

1964 537 2046 583 ter
2101 537 2215 584 tam
2265 525 2464 582 multos
2486 523 2513 579 τ
2539 542 2559 578 ι
2594 523 2779 591 Quare
2827 521 2985 588 dixit,
3013 539 3033 575 ι
3069 518 3205 578 Cum
3256 522 3570 582 sustulisset

239 633 452 706 ϐλέψας
464 635 581 696 τοῖς
605 631 950 702 ὀφθαλμοῖςὸ
977 629 1219 703 ’1ησοῦς;
1259 650 1280 684 ι
1302 631 1426 687 Ἵνα
1452 631 1841 702 μάθωμενιότι

231 716 338 782 οὒκ
369 723 644 797 ἐρέμϐετο
693 724 824 786 τοὺς
874 722 1196 794 ὀφθαλμοὺς
1226 723 1354 795 τῇδε
1389 726 1620 779 κάκεῖσε
1657 739 1672 756 '
1719 721 1841 778 ἀλλ’

233 822 331 877 ἐπὶ
348 820 602 884 συννοίας
625 816 942 891 καθήμενος
978 820 1074 874 καὶ
1095 819 1373 893 προσοχῆς
1394 821 1492 900 καὶ
1522 819 1840 892 ἀκριϐείας,

231 911 325 971 οἷα
357 914 423 986 δὴ
451 915 562 978 τοῖς
599 911 873 984 μαθηταῖς
909 915 1042 986 περί
1070 931 1235 968 τινων
1260 911 1551 986 θειοτέρων
1587 913 1840 983 διαλεγό-

234 1024 421 1079 μενος,
457 1006 615 1072 τέλος
667 1006 935 1077 ἀνέϐλεψε
992 1009 1108 1071 τοῖς
1155 1007 1484 1080 ὀφθαλμοῖς,
1512 1008 1608 1063 καὶ
1658 1008 1844 1079 ἐρωτᾷ

231 1101 366 1171 περὶ
395 1099 489 1155 τοῦ
550 1100 734 1171 ὄχλου,
768 1100 937 1156 ¹ιιπόθεν
985 1100 1451 1175 διατραφήσεται.
1505 1102 1622 1156 οὐκ
1679 1103 1841 1158 ἄλλον

229 1195 292 1248 δὲ
317 1197 520 1267 ἐρωτᾷ,
555 1195 693 1250 ἀλλὰ
742 1194 1034 1250 Φίλιππον.
1061 1193 1236 1261 Οὗτος
1273 1198 1386 1268 γάρ
1412 1191 1482 1268 ἦν
1528 1199 1557 1251 6
1588 1194 1842 1261 πλείονος

229 1286 488 1358 δεόμενος
509 1287 886 1356 διδασκαλίας,
917 1291 946 1344 6
970 1289 1112 1359 μετά
1152 1290 1329 1345 ταῦτα
1353 1289 1529 1360 λέγων
1559 1305 1576 1320 ο
1610 1309 1630 1344 ι
1657 1289 1841 1356 Δεῖξον

232 1382 372 1452 ἡμῖν
395 1382 489 1437 τὸν
519 1383 764 1454 Πατέρα,
788 1382 886 1438 καὶ
916 1383 1083 1455 ἀρκεῖ
1127 1386 1284 1456 ἡμῖν.
1326 1402 1347 1436 ι
1377 1383 1480 1438 Διά
1512 1382 1676 1439 τοῦτο
1731 1385 1842 1453 πρὸ

233 1473 438 1530 πολλοῦ
505 1475 673 1531 αὐτὸν
729 1476 1011 1548 ῥυθμίζει,
1039 1477 1137 1532 καὶ
1197 1476 1290 1533 διά
1347 1477 1452 1549 τῆς
1486 1477 1842 1549 ⁵ιρωτήσεως

230 1568 422 1638 ἐνάγει
455 1567 621 1624 αὐτὸν
655 1569 739 1635 είς
773 1568 835 1623 τὺ
871 1569 961 1624 ἀεὶ
986 1571 1361 1642 μνημονεύειν
1385 1568 1482 1623 τοῦ
1528 1569 1838 1641 θαύματος.

231 1660 300 1714 Εί
326 1660 424 1731 μὲν
450 1659 562 1733 γὰρ
612 1659 804 1725 ἁπλῶς
829 1660 891 1716 τδ
924 1663 1155 1733 σημεῖον
1188 1660 1431 1730 ἐγένετο,
1472 1660 1578 1715 οὐκ
1614 1659 1682 1714 ἂν
1707 1675 1839 1714 τοσ-

230 1751 393 1807 οῦτον
449 1753 627 1825 έφάνη
667 1753 728 1808 τὸ
779 1751 969 1826 θαῦμα
999 1770 1016 1787 ⁸
1059 1755 1181 1810 νυνὶ
1232 1754 1292 1810 δὲ
1346 1754 1620 1825 πρότερον
1675 1753 1843 1809 αὐτὸν

153 1898 156 1902 .
232 1848 544 1917 ἀναγκάζει
591 1848 932 1918 ὁμολογῆσαι
959 1847 1061 1919 τὴν
1119 1848 1340 1914 σπάνιν,
1377 1849 1467 1902 ίνα
1509 1847 1838 1919 ἀκριϐέστε-

239 1956 338 2010 ρον
371 1937 666 2012 καταμάθῃ
691 1939 788 1994 τοῦ
835 1940 1124 2012 μέλλοντος
1161 1937 1413 2009 γίνεσθαι
1460 1938 1744 2012 θαύματος
1779 1939 1841 1995 τὸ

237 2033 495 2106 μέγεθος,
522 2036 620 2090 καὶ
651 2035 728 2108 μή
762 2033 973 2107 ’δυνηθῇ
1015 2033 1205 2089 λοιπὸν
1239 2035 1498 2101 ἐκϐαλεῖν
1525 2034 1628 2108 τὴν
1693 2036 1840 2107 μνή-

235 2144 352 2199 μην
384 2127 494 2183 τῶν
532 2129 1002 2201 ὁμολογηθέντων.
1037 2129 1139 2182 Διὰ
1180 2127 1342 2184 τοῦτό
1388 2146 1523 2201 φησι
1553 2145 1570 2160 ·
1603 2147 1642 2186 ι.
1666 2129 1841 2185 Πόθεν

231 2221 588 2294 άγοράσομεν
626 2223 853 2296 ἄρτους,
891 2223 979 2278 ἵνα
999 2224 1252 2295 φάγωσιν
1275 2217 1458 2287 οῦτοις
1503 2242 1524 2278 ι
1552 2223 1730 2293 Λέγει
1782 2223 1841 2278 δὲ

231 2316 412 2371 ταῦτα
432 2318 710 2389 πειράζων
729 2319 821 2372 τὸν
843 2319 1132 2385 Φίλιππον,
1164 2318 1442 2384 τουτέστι,
1477 2316 1652 2372 θέλων
1674 2317 1840 2371 αὐτὸν

232 2406 517 2480 γνώριμον
541 2409 917 2480 καταστῆσαι,
948 2408 1073 2463 τίνα
1119 2409 1304 2462 πίστιν
1334 2407 1470 2480 ἔχει.
1499 2408 1576 2462 Οὐ
1605 2408 1716 2480 γάρ
1773 2409 1838 2478 δὴ

230 2499 311 2564 ὡς
340 2500 554 2569 ἀγνοῶν
591 2501 756 2565 αὐτὸς
780 2501 879 2572 τὴν
910 2502 1004 2555 τοῦ
1060 2500 1336 2556 Φιλίππου
1369 2484 1624 2574 γνῶμην,
1655 2502 1840 2573 ἐρωτᾷ

232 2592 438 2660 αὑτὸν,
463 2591 600 2648 άλλά
630 2594 744 2657 τοῖς
776 2593 956 2658 ἄλλοις
987 2592 1157 2649 θέλων
1185 2593 1359 2662 δεῖξαι
1381 2594 1566 2649 αὐτόν.
1617 2613 1637 2647 ι
1663 2594 1841 2658 Αὐτὸς

232 2683 390 2753 γὰρὸ
416 2685 644 2757 Κύριος,
672 2685 792 2758 ᾔδει
817 2685 871 2740 τί
899 2684 1095 2755 ἔμελλε
1124 2687 1322 2742 ποιεῖν.
1355 2705 1374 2740 ι
1403 2686 1507 2741 Τδν
1525 2685 1622 2741 οῦν
1649 2686 1841 2741 Φίλιπ-

234 2792 339 2830 “rc-3v
371 2781 642 2849 πειράσας
661 2777 778 2847 είγε
805 2779 993 2832 πίστιν
1024 2777 1163 2848 ἔχει,
1193 2778 1289 2831 καὶ
1321 2777 1501 2849 εὑρὼν
1535 2777 1701 2832 αὐτὸν
1742 2779 1840 2833 άν-

233 2871 531 2942 Ορωπὶνως
563 2871 644 2924 ἔτι
663 2871 1029 2942 διακείμενον,
1056 2871 1145 2925 ναὶ
1177 2875 1288 2943 μὴν
1314 2873 1411 2924 καὶ
1440 2866 1534 2926 τοῦ
1579 2871 1840 2944 ’Λνδρέαν

235 2964 488 3034 εὑρίσκει
510 2964 774 3019 τοιοῦτον.
809 2965 872 3018 Εἰ
910 2965 1020 3034 γὰρ
1053 2965 1149 3020 καὶ
1170 2964 1511 3036 ὑψηλότερον
1541 2983 1596 3018 τι
1616 2965 1714 3018 τοῦ
1739 2965 1840 3017 litt-

236 3056 445 3109 λίππου
475 3054 791 3126 ὲφαντάσθη
832 3055 1067 3126 (ἐκείνου
1093 3054 1206 3126 γὰρ
1236 3055 1506 3121 εἰπόντος,
1536 3054 1619 3107 ὅτι
1655 3073 1673 3105 ι
1711 3055 1842 3108 Δια-

1875 1891 1917 1949 Β

1946 621 2135 678 ocuios
2182 635 2310 677 suos
2348 620 2372 676 i
2404 616 2519 674 tUt
2556 619 2834 674 discamus
2882 617 3028 689 quod
3083 632 3193 672 non
3245 615 3442 674 solitus
3493 617 3571 674 sit

1947 716 2076 772 hinc
2104 726 2159 770 et
2187 713 2315 770 inde
2347 713 2532 785 vagari
2570 710 2765 775 oculis,
2790 710 2886 766 sed
2919 708 3259 780 compositus
3286 718 3560 766 etatten-

1947 819 2035 866 tus
2063 808 2281 872 sedere.
2311 818 2501 877 utpote
2532 805 2738 860 docens
2768 802 3069 874 discipulos
3100 801 3368 857 diviniora
3404 816 3559 873 quae-

1945 904 2093 961 dam.
2151 903 2401 973 Denique
2452 901 2675 967 sustulit
2731 901 2924 956 oculos
2951 907 3009 954 et
3066 906 3220 970 rogat
3278 897 3346 954 de
3395 897 3558 954 turba

1931 999 2217 1070 “quomodo
2265 996 2459 1051 alenda
2494 995 2585 1051 sit.
2636 992 2753 1048 Non
2803 991 2969 1046 alium
3018 1001 3202 1046 autem
3253 989 3562 1062 interrogat

1945 1107 2110 1163 quam
2141 1091 2475 1161 Philippum.
2500 1087 2623 1158 ipse
2651 1085 2798 1142 enim
2837 1084 3028 1154 majori
3067 1083 3345 1154 indigebat
3373 1083 3562 1153 erudi-

1949 1184 2119 1247 tione,
2146 1183 2240 1252 qui
2275 1191 2461 1254 postea
2500 1179 2716 1236 dicebat
2746 1190 2762 1238 :
2797 1195 2816 1230 ι
2854 1175 3097 1234 Ostende
3124 1176 3287 1230 nobis
3313 1173 3557 1242 Patrem,

1945 1293 2011 1333 ac
2049 1276 2247 1333 suiiicit
2293 1275 2454 1331 nobis
2473 1274 2542 1330 ³⁸.
2575 1293 2594 1326 ι
2626 1274 2693 1327 Ει
2731 1283 3018 1343 prepterea
3069 1280 3232 1326 antea
3263 1267 3412 1324 illum
3450 1269 3562 1325 ins-

1948 1372 2100 1436 trttit,
2130 1383 2187 1426 et
2215 1385 2317 1441 per
2340 1367 2828 1439 interrogationem
2873 1364 3085 1420 inducit
3127 1378 3280 1429 eum,
3302 1371 3364 1417 ut
3392 1363 3562 1417 mira-

1945 1463 2056 1521 culi
2092 1477 2310 1533 semper
2339 1463 2414 1517 sit
2445 1474 2676 1518 memor.
2702 1457 2838 1514 Nam
2889 1458 2936 1514 si
2971 1457 3194 1529 quidem
3230 1456 3558 1513 miraculum

1945 1556 2271 1628 simpliciter
2340 1553 2537 1610 fuisset
2575 1551 2807 1616 factum.
2852 1566 2959 1607 non
2992 1566 3172 1622 usque
3220 1551 3358 1606 adeo
3377 1549 3556 1606 visum

1947 1650 2146 1707 fuisset
2208 1648 2291 1705 illi
2354 1646 2679 1703 miraculum
2730 1662 2747 1701 :
2799 1661 2948 1702 nunc
3000 1656 3183 1703 autem
3231 1645 3556 1717 priusquam

1950 1747 2129 1811 lieret,
2155 1745 2308 1802 illum
2338 1740 2620 1814 compellit
2659 1739 2822 1796 fateri
2874 1738 3212 1812 paucitatem
3248 1743 3472 1807 panum,
3497 1748 3559 1793 ut

1947 1833 2259 1906 evidentius
2289 1838 2539 1896 addiscat
2571 1835 2741 1894 futuri
2797 1835 3051 1892 miraculi
3089 1833 3555 1906 magnitudinem,

1947 1952 2004 1993 et
2061 1951 2167 1992 non
2203 1949 2234 1989 e
2271 1933 2536 1990 memoria
2593 1931 2812 2004 rejieiat
2857 1945 2922 1986 ea
2956 1945 3080 1999 quae
3113 1927 3405 1986 confessus
3449 1937 3555 1983 est.

1944 2027 2155 2084 idcirco
2205 2027 2344 2084 dicit
2374 2044 2388 2082 :
2426 2046 2445 2078 ι
2483 2024 2646 2083 Unde
2681 2014 2931 2080 entemus
2967 2037 3140 2094 panes
3170 2030 3232 2078 ut
3264 2020 3561 2079 comedunt

1945 2122 2047 2178 hii.
2079 2140 2097 2175 ι
2132 2121 2274 2177 Dicit
2321 2130 2506 2176 autem
2540 2121 2657 2176 haec
2685 2127 2907 2182 tentans
2940 2115 3277 2188 Philippum,
3304 2115 3410 2172 hoc
3439 2125 3546 2182 est,

1943 2215 2137 2279 volens
2176 2224 2366 2272 notum
2400 2214 2609 2280 facere,
2641 2228 2811 2286 quam
2843 2212 3073 2268 haberet
3103 2210 3194 2266 ille
3223 2210 3410 2267 fidem.
3430 2205 3548 2265 Ne-

1945 2323 2052 2378 que
2100 2308 2248 2365 enim
2285 2318 2344 2363 ut
2386 2307 2652 2379 ignorans
2686 2306 2754 2361 de
2785 2303 3062 2363 sententia
3110 2302 3350 2375 Philippi
3384 2306 3558 2367 inter-

1945 2405 2199 2473 rogabat,
2247 2404 2342 2460 sed
2393 2403 2518 2459 aliis
2575 2410 2889 2459 monstrare
2941 2399 3180 2457 volebat.
3213 2416 3233 2452 ι
3264 2396 3405 2454 Nam
3438 2396 3559 2469 ipse

1946 2499 2209 2555 Dominus
2265 2497 2470 2554 sciebat
2526 2497 2656 2569 quid
2711 2495 2958 2552 facturus
3007 2502 3176 2551 esset.
3227 2510 3246 2545 ι
3279 2489 3452 2562 igitur
3499 2505 3560 2557 ιιι

1945 2591 2171 2647 tentavit
2218 2589 2528 2662 Philippum
2577 2587 2845 2661 numquid
2884 2588 3116 2643 haberet
3151 2585 3242 2642 ille
3275 2584 3466 2649 iidem,
3498 2585 3560 2639 el

1945 2684 2152 2741 invenit
2187 2683 2366 2756 ipsum
2404 2682 2582 2738 adhuc
2609 2679 2862 2737 ail‘cctum
2892 2669 3254 2762 ut’hominem
3286 2693 3301 2751 ι
3330 2677 3561 2747 insuper

1942 2784 2000 2831 et
2027 2775 2306 2831 Andream
2362 2787 2582 2844 quoque
2623 2773 2789 2828 talem
2845 2771 3078 2838 invenit,
3109 2768 3332 2824 tametsi
3383 2766 3560 2825 subii-

1945 2869 2087 2924 mius
2138 2860 2400 2939 quiddam
2434 2865 2688 2936 Philippo
2723 2865 3082 2922 sentientem.
3117 2862 3214 2918 illo
3265 2859 3413 2917 enim
3465 2859 3557 2921 tli-

1945 2970 2103 3015 cente
2160 2960 2306 3029 quod
2360 2943 2737 3014 ducentorum
2795 2955 3154 3012 denariorum
3218 2958 3392 3024 pane‘s
3445 2967 3555 3010 non

1944 3053 2240 3122 suliiciunt,
2287 3052 2382 3108 ille
2430 3051 2673 3122 quinque
2726 3064 2901 3121 panes
2955 3048 3291 3104 hordeaceus
3331 3055 3388 3103 et
3418 3047 3557 3102 duos

233 3147 439 3203 moin
468 3148 742 3221 δηναρίων
775 3149 931 3220 ἄρτοι
951 3149 1053 3204 οὐκ
1083 3149 1373 3222 ἀρκοῦσιν,
1413 3169 1432 3201 ι
1469 3149 1633 3213 αὐτὸς
1669 3149 1838 3204 πέντε

1947 3151 2127 3218 pisces
2156 3148 2636 3210 commonstravit,
2683 3145 2932 3216 cogitans
2966 3142 3108 3199 iorte
3159 3142 3554 3214 prOphetarum

234 3244 436 3321 ἄρτους
485 3242 786 3313 κριθίνους,
821 3243 916 3296 καὶ
957 3242 1052 3298 δύο
1099 3243 1304 3314 ὀψάρια
1353 3237 1720 3309 ὑποδεικνύει,
1750 3247 1836 3298 ὲν-

1947 3241 2230 3304 miracula,
2257 3250 2315 3294 ut
2359 3239 2538 3295 Elis-xi
2595 3239 2650 3294 in
2690 3236 2925 3309 panibus
2962 3237 3204 3306 signum.
3237 3254 3255 3284 ι
3290 3249 3413 3292 cum
3455 3233 3558 3291 Sa-

231 3341 441 3406 νοήσας
474 3336 608 3400 ίσως
639 3338 735 3391 καὶ
779 3335 850 3391 τὰ
878 3337 989 3392 τῶν
1037 3337 1339 3408 προφητῶν
1371 3337 1657 3410 θαύματα,
1690 3339 1842 3403 ὅπως

1947 3335 2121 3388 maria
2157 3335 2211 3388 in
2264 3345 2570 3389 extremam
2604 3333 2852 3388 venisset
2903 3331 3152 3402 inepiam
3181 3331 3248 3385 ³ο.
3285 3348 3303 3382 ι
3339 3328 3555 3386 Redar-

231 3426 264 3479 6
290 3424 594 3487 Ἐλισσαῖος
653 3425 827 3480 ἐποὲει
858 3427 920 3480 τὸ
965 3427 1059 3481 ἐπὶ
1085 3426 1195 3481 τῶν
1227 3427 1409 3498 ἄρτων
1465 3430 1716 3500 σημεῖον,
1747 3429 1838 3482 ὅτε

1944 3431 2131 3500 guitur
2163 3438 2345 3484 tamen
2371 3438 2426 3482 et
2454 3427 2706 3482 Andreas
2729 3425 3111 3494 nihildignum
3140 3423 3374 3478 Domino
3407 3422 3558 3493 cogi-

235 3521 272 3589 ἡ
302 3519 590 3588 Σαμάρεια
628 3519 709 3583 είς
744 3519 974 3591 ἔσχατον
1000 3519 1279 3585 ἀπωλείας
1309 3516 1524 3592 ἦλθεν),
1557 3521 1840 3592 ἀλλ’ὃμως

233 3612 334 3664 καὶ
371 3609 632 3681 Ἀνδρέας
660 3611 966 3683 ἐλέγχεται,
1003 3612 1175 3684 μηδὲν
1205 3611 1429 3679 ἐπάξιον
1477 3614 1573 3667 τοῦ
1627 3615 1840 3686 Κυρίου

231 3705 523 3776 ἐννοήσας.
542 3705 680 3775 Φησὶ
710 3704 839 3776 γάρ’
873 3724 892 3757 ι
916 3704 1078 3760 Ἀλλά
1094 3705 1272 3760 ταῦτα
1297 3705 1352 3761 τί
1379 3707 1530 3762 ἐστιν
1558 3707 1640 3771 είς
1655 3708 1842 3761 τοσού-

231 3813 396 3864 τους;
441 3815 461 3850 ι
508 3795 762 3868 Ἐνὸμισε
797 3797 1032 3867 γὰρ,ὄτι
1090 3796 1321 3869 αὐξήσει
1356 3797 1457 3869 μὲν
1483 3801 1616 3864 ίσως
1645 3801 1673 3854 6
1721 3800 1840 3853 Κύ-

235 3908 356 3963 ριος
379 3891 509 3955 τοὺς
543 3891 766 3965 ἄρτους,
796 3891 910 3945 ἀλλ’
941 3891 1038 3976 id:
1065 3886 1210 3964 ἦσαν
1237 3893 1506 3961 πλείονες,
1539 3894 1744 3949 πλείων
1770 3893 1838 3950 ἂν

232 3983 333 4040 καὶ
367 3982 652 4056 ήαθξησις
682 3983 916 4054 ἐγίνετο,
950 3984 1277 4056 ἐπισφαλῶς
1315 3986 1540 4051 πάντως
1567 3987 1726 4042 νοῶν.
1776 3987 1836 4042 ὐ

230 4079 346 4150 γάρ
380 4077 586 4150 Κύριος
617 4077 713 4132 καὶ
741 4080 808 4132 ὲκ
835 4077 911 4150 μὴ
939 4077 1111 4133 ὄντων
1143 4078 1378 4150 ἠδύνατο
1406 4079 1608 4151 ἄρτους
1660 4084 1839 4136 ποιεῖν

231 4169 315 4241 τῷ
338 4169 536 4242 πλήθει
560 4169 879 4241 ἀρκοῦντας
919 4186 932 4201 ·
958 4172 1110 4242 ὅμως
1152 4172 1239 4225 ἵνα
1297 4171 1373 4243 μὴ
1407 4169 1537 4245 δόξῃ
1566 4173 1599 4244 ὴ
1653 4173 1838 4238 κτίσις

230 4259 490 4334 ἀλλοτρία
515 4255 660 4317 εἶναι
685 4261 786 4331 τῆς
804 4261 971 4315 αὑτοῦ
1007 4261 1225 4330 σοφίας,
1249 4263 1387 4334 αὐτῇ
1417 4264 1484 4335 τῇ
1531 4263 1709 4318 κτίσει
1746 4263 1839 4318 κέ·

229 4369 436 4425 χρηται
464 4353 602 4424 πρὸς
618 4352 727 4424 τὴν
752 4352 1012 4407 ὑπόθεσιν
1033 4353 1144 4408 τῶν
1166 4352 1469 4425 θαυμάτων
1494 4370 1510 4386 ⁸
1539 4357 1634 4410 καὶ
1657 4357 1837 4428 ἀφορ..

231 4447 344 4518 μὴν
394 4445 576 4501 λαϐὼν
617 4447 743 4509 τοὺς
783 4438 1007 4519 ἄρτους,
1053 4446 1248 4518 ὥσπερ
1290 4447 1427 4520 ὓλην
1475 4451 1622 4518 τινά,
1649 4449 1829 4516 οὕτως

1946 3521 2254 3578 tans.Dicit
2280 3522 2465 3576 enim:
2493 3540 2511 3574 ι
2552 3519 2660 3576 Sed
2690 3522 2806 3576 llch
2835 3519 3057 3590 quidem
3089 3527 3218 3573 sunt
3250 3518 3393 3572 inter
3442 3528 3555 3571 tam

1944 3615 2186 3670 multos?
2218 3633 2237 3668 ι
2275 3613 2654 3669 Existimabat-
2692 3613 2840 3668 enim
2877 3613 3023 3682 quod
3081 3609 3554 3681 tuultiplicaturus

1942 3711 2162 3779 quidem
2189 3724 2358 3778 panes
2394 3717 2542 3764 esset
2577 3706 2857 3772 Dominus,
2887 3705 2984 3774 sed
3025 3703 3070 3759 si
3102 3712 3296 3759 essent
3332 3702 3547 3774 plures,

1942 3803 2119 3875 major
2169 3814 2227 3858 et
2281 3800 2668 3871 multiplicatio
2703 3797 2886 3854 futura
2935 3808 3104 3864 esset,
3131 3811 3161 3850 a
3196 3805 3346 3852 recto
3385 3809 3555 3852 sensu

1942 3913 2172 3970 prorsus
2227 3897 2519 3952 aherrans.
2568 3891 2708 3949 Nam
2761 3892 3031 3950 Dominus
3051 3891 3344 3947 ~etiamex
3377 3889 3557 3947 nihilo

1940 3992 2212 4062 potuisset
2249 4005 2421 4060 panes
2451 3991 2657 4053 iacere,
2680 3986 2771 4059 qui
2810 3985 2983 4056 turbae
3026 3983 3345 4042 sumcerent
3371 4003 3388 4040 :
3412 3991 3552 4039 atta-

1943 4097 2066 4138 tren
2101 4097 2169 4138 ne
2201 4084 2480 4138 videretur
2524 4088 2779 4136 creatura
2812 4093 2924 4135 non
2958 4091 3080 4134 esse
3129 4092 3197 4134 ex
3245 4077 3418 4147 ipsius
3460 4089 3555 4133 sa—

1941 4176 2171 4245 pientia,
2202 4177 2321 4245 ipsa
2375 4182 2633 4230 creatura
2666 4189 2798 4229 usus
2833 4182 2921 4228 est
2949 4172 3005 4228 in
3053 4171 3342 4226 materiam
3380 4170 3552 4240 mira-

1941 4269 2282 4336 culorum,et
2319 4267 2566 4337 acceptis
2599 4267 2842 4336 quinque
2881 4264 3120 4335 panibus
3171 4262 3252 4317 uti
3305 4262 3543 4319 materia

1939 4366 2197 4435 quadam,
2223 4360 2543 4432 praeclarum
2582 4360 2727 4416 istud
2759 4358 3084 4415 miraculum
3118 4355 3273 4414 fecit.
3293 4354 3551 4414 Confun-

1940 4456 2146 4511 dantur
2198 4453 2506 4522 Manichael,
2538 4453 2786 4510 dicentes
2828 4451 2980 4522 quod
3028 4453 3188 4522 panis
3245 4461 3303 4507 et
3353 4463 3552 4508 omnes

230 4539 495 4593 εἰδοποιεϊ
547 4541 610 4594 τὸ
663 4538 874 4609 θαῦμα.
927 4526 1387 4612 Αἰσχυνέσθωσαν
1443 4543 1492 4597 οἱ
1538 4543 1836 4616 Μανιχαῖοι

1943 4557 2212 4604 creatum
2268 4547 2427 4615 facta:
2481 4547 2652 4603 sinta
2685 4543 3119 4601 malo‘Deozet
3147 4551 3440 4616 propterea
3500 4542 3551 4601 si

231 4629 511 4698 λέγοντες,
539 4630 622 4683 ὅτι
670 4633 699 4684 ὁ
736 4631 923 4702 ἄρτος,
951 4631 1047 4684 καὶ¹
1085 4631 1266 4686 πάντα
1288 4632 1359 4685 τὰ
1415 4633 1475 4688 ὲν
1505 4637 1570 4704 τῇ
1633 4636 1832 4700 κτίσει,

227 4720 330 4776 τοῦ
348 4720 587 4792 πονηροῦ
612 4721 752 4775 Θεοῦ
781 4724 890 4775 εἰσι
913 4721 1380 4794 δημιουργήματα
1399 4740 1415 4758 ο
1441 4725 1538 4778 καὶ
1558 4724 1648 4779 διά
1674 4726 1836 4780 τοῦτο

230 4815 333 4871 ἑάν
359 4831 446 4878 τις
475 4814 662 4879 αὐτοῖς
686 4812 801 4886 δῴη
825 4814 1015 4886 ἄρτον,
1047 4815 1122 4887 μὴ
1174 4814 1546 4887 λαμϐάνοντες
1584 4817 1750 4874 αὐτὸν
1771 4819 1836 4874 ὲκ

228 4905 344 4963 τῶν
373 4905 588 4961 ἐκείνου
617 4906 844 4977 χειρῶν,
866 4907 1006 4962 ἀλλὰ
1042 4908 1326 4981 πόρρωθεν
1364 4910 1464 4981 μὲν
1484 4911 1650 4968 αὑτὸν
1679 4912 1838 4985 ῥίψαι

231 4999 641 5069 έπιτάττοντες,
690 4998 972 5070 ἱστάμενοι
1034 5001 1093 5055 δὲ
1158 5004 1254 5057 καὶ
1313 5005 1701 5077 καταρώμενοι
1756 5007 1837 5079 τῷ

229 5096 379 5150 δόντι
411 5111 426 5127 ⁸
466 5093 525 5149 '0
587 5093 821 5166 σπείρας
909 5110 995 5160 σε,
1050 5099 1334 5170 σπαρείη’
1388 5101 1417 5153 6
1466 5099 1676 5171 άλήσας
1745 5118 1830 5169 σε,

235 5180 496 5260 άλεσθείη
515 5187 615 5252 τὰς
649 5187 883 5258 σάρκας,
916 5188 1015 5242 καὶ
1040 5188 1140 5243 ὅσα
1163 5192 1580 5265 τοιουτότροπα.
1609 5194 1837 5265 Αἰσχυν-

1939 4643 2065 4714 quis
2121 4639 2337 4701 dederit
2387 4639 2470 4696 eis
2520 4654 2744 4710 panem,
2776 4655 2884 4695 non
2942 4638 3226 4709 accipiunt
3275 4637 3430 4693 illum
3479 4637 3551 4694 de

1941 4732 2193 4789 manibus
2227 4731 2392 4798 illius,
2419 4731 2516 4789 sed
2564 4732 2756 4804 procul
2789 4731 3016 4804 quidem
3067 4720 3239 4786 illum
3261 4729 3423 4800 abjici
3451 4728 3549 4803 ju-

1940 4825 2094 4893 beut,
2138 4833 2350 4881 stantes
2383 4835 2590 4894 autem,
2618 4831 2674 4880 et
2725 4824 3114 4881 maledicentes
3147 4824 3200 4880 ei
3242 4823 3335 4895 qui
3371 4822 3548 4894 dedit,

1939 4918 2132 4975 dicunt
2165 4937 2180 4974 :
2212 4918 2317 4988 Qui
2350 4919 2647 4976 seminavit
2674 4929 2746 4983 te,
2783 4918 3134 4990 dispergatur
3168 4934 3182 4974 :
3221 4928 3278 4974 et
3309 4916 3402 4988 qui
3434 4919 3551 4987 pitt-

1942 5010 2053 5067 suit
2094 5021 2165 5076 te,
2192 5011 2448 5080 pinsatur
2491 5025 2680 5077 carne,
2712 5021 2769 5065 et
2799 5008 3020 5065 similia.
3074 5006 3239 5082 583
3293 5005 3548 5062 Coniun-

1940 5107 2141 5162 dantur
2178 5105 2362 5177 itaque
2394 5107 2683 5160 audientes
2718 5103 2862 5174 quod
2893 5102 3022 5159 boni
3059 5101 3153 5157 Dei
3187 5101 3360 5158 Filius
3387 5099 3550 5158 Chri-

1937 5209 2055 5255 stus
2083 5214 2254 5269 panes
2289 5196 2685 5269 multiplicarit.
2723 5195 2857 5251 Nam
2891 5197 2936 5252 si
2969 5197 3115 5252 maia
3148 5195 3350 5252 fuisset
3387 5209 3546 5252 crea-

231 5280 483 5335 έσθωσαν
536 5279 632 5337 οὖν
694 5284 987 5347 ἀκούοντες
1013 5322 1029 5348 ,
1065 5285 1148 5338 ὅτι
1191 5286 1222 5339 6
1274 5284 1370 5338 τοῦ
1428 5286 1639 5355 ἀγαθοῦ
1688 5287 1827 5343 Θεοῦ

1943 5302 2084 5358 tura,
2107 5291 2283 5348 bonus
2315 5292 2462 5362 quod
2492 5291 2692 5346 tnalum
2728 5300 2876 5346 esset
2916 5291 3108 5361 utique
3139 5305 3248 5346 non
3284 5288 3548 5361 multipli-

229 5374 364 5462 Υἱὸς
417 5376 447 5428 6
480 5375 739 5454 Χριστὸς,
792 5379 994 5451 ἄρτους
1057 5378 1383 5451 ἐπλήθυνεν.
1428 5381 1493 5435 El
1558 5381 1616 5435 δὲ
1660 5384 1832 5439 κακὸν

1943 5393 2118 5440 casset
2151 5403 2163 5439 :
2199 5395 2256 5438 ut
2314 5395 2525 5441 taceam
2593 5385 2839 5451 interim,
2891 5385 3040 5456 quod
3090 5394 3146 5439 et
3198 5385 3315 5462 ipse
3372 5397 3546 5453 panes

226 5460 373 5537 ἦσαν
404 5467 636 5537 κτίσμα,
676 5469 776 5522 οὐκ
808 5470 875 5524 ἂν
914 5470 943 5522 6
971 5470 1176 5540 ἀγαθὸς
1200 5471 1263 5525 τὸ
1298 5473 1470 5528 κακὸν
1501 5476 1826 5549 ἐπλήθυνεν,

231 5557 321 5610 ἵνα
352 5555 428 5630 μὴ
459 5557 604 5626 λέγω
630 5559 727 5613 καὶ
759 5559 923 5624 αὐτὸς
958 5561 1158 5632 ἄρτους
1189 5563 1403 5635 ήσθιεν.
1435 5566 1579 5621 Ἀλλ’
1608 5570 1827 5642 ὲρωτήο

1939 5477 2200 5534 comedit.
2231 5476 2504 5530 Caeterum
2537 5476 2581 5530 si
2615 5476 2736 5546 quis
2764 5473 3212 5545 interrogaverit,
3241 5488 3372 5529 num
3401 5473 3545 5530 idem

1941 5574 2013 5626 sit
2070 5570 2172 5623 hoc
2237 5570 2564 5624 miraculum
2637 5584 2838 5639 panum
2887 5583 3011 5624 cum
3077 5582 3145 5624 eo
3195 5567 3342 5639 quod
3397 5566 3547 5637 apud

232 5665 317 5703 σοι
371 5648 440 5704 ἄν
495 5667 580 5716 τις
623 5667 638 5682 ο
674 5646 821 5723 Ἀρα
844 5653 1002 5708 τοῦτο
1046 5655 1108 5709 τὸ
1141 5657 1252 5711 τῶν
1280 5659 1463 5730 ἄρτων
1523 5661 1733 5735 θαῦμα,
1767 5667 1830 5721 τὸ

1943 5663 2256 5723 Μίιιιὶιιευιυ
2321 5665 2696 5724 describitur?
2725 5664 2986 5731 dicimus,
3030 5661 3196 5720 Certe
3235 5661 3379 5718 idem
3434 5666 3546 5720 est.

309 5833 352 5866 "
373 5834 528 5890 Joan.
565 5854 674 5901 xw,
706 5838 759 5900 8,
783 5838 832 5889 .‘l.
915 5839 958 5870 3‘
983 5839 1045 5893 ill
1074 5841 1200 5911 Reg.
1236 5862 1310 5913 tv,
1336 5848 1425 5903 58.
