4078 6330
590 378 610 441 1
627 376 722 440 257

1505 357 2092 424 TlllEl‘)PllYl.ACTl
2135 347 2545 412 BUIBARL’E
2587 344 2943 405 ARClllEP.

3720 333 3857 399 1288

589 490 850 558 Quamvis
883 499 1058 543 autem
1089 485 1212 538 illnc
1236 480 1488 551 discipuli
1524 478 1789 533 accedunt
1816 475 2174 528 admonentes

2279 465 2412 519 αὐτό
2440 467 2556 515 ἐστι
2586 461 2665 531 τῷ
2695 460 2843 530 παρᾶ
2869 458 2945 526 τῷ
2974 453 3241 524 Ματθαίῳ
3279 453 3435 526 ('29.);
3471 451 3544 505 Τὸ
3575 451 3714 504 αὐτο
3744 452 3874 502 ἐστι.

589 588 654 636 de
689 581 838 634 tui-ba
881 588 940 634 ut
978 578 1307 639 dimittatur,
1336 575 1439 627 hoc
1472 580 1648 623 autem
1703 569 1820 620 loco
1854 569 1966 635 ipse
2010 563 2168 618 Jesus

590 677 884 741 interrogat
911 672 1052 724 unde
1103 677 1356 738 pascatur
1388 682 1400 717 :
1436 680 1543 717 non
1575 677 1712 731 opus
1764 670 1846 712 est
1891 658 2168 710 admirari.

591 765 899 819 Verisimile
975 765 1116 816 enim
1181 769 1260 815 est
1313 766 1604 824 utrumque
1655 751 1859 806 factum
1922 765 2063 810 esse,
2119 759 2174 803 et

589 859 878 925 discipulos
911 857 1062 925 prius
1095 855 1443 907 admonuisse
1475 847 1760 901 Dominum
1785 846 1853 898 de
1889 842 2059 897 turbis
2093 842 2172 892 di-

589 950 889 1012 mittendis,
929 959 983 1000 ct
1031 959 1157 1000 tunc
1210 941 1515 1010 Philippum
1559 938 1947 1007 interrogatum
1985 937 2170 990 esse'a

590 1044 813 1097 Domino
846 1043 984 1095 unde
1011 1041 1247 1094 alantur.

657 1327 824 1380 Vens.
860 1325 1045 1381 lO-l3.
1086 1342 1109 1374 υ
1150 1321 1292 1377 Dixit
1325 1332 1502 1377 autem
1534 1320 1690 1377 Jesus
1722 1336 1734 1372 :
1777 1316 1958 1371 Facite
1993 1324 2050 1368 ut
2078 1315 2171 1369 ho-

593 1421 769 1473 mines
797 1416 1164 1471 discumhant.
1195 1414 1326 1467 Erat
1372 1423 1552 1466 autem
1589 1425 1814 1482 gramen
1849 1406 2074 1459 multum
2121 1405 2172 1457 in

587 1527 652 1564 eo
682 1511 819 1562 loco.
861 1506 1255 1562 Discubuerunt
1282 1520 1412 1571 ergo
1433 1504 1531 1556 viri
1562 1516 1787 1556 nmncro
1818 1502 1989 1553 ferme
2016 1497 2176 1566 quin-

589 1603 744 1668 quies
803 1601 968 1654 mille.
1024 1600 1249 1666 Accepit
1279 1605 1456 1649 autem
1491 1609 1659 1664 panes
1705 1591 1884 1654 Jcsns,
1939 1604 2174 1656 cumque

589 1699 790 1767 gratias
822 1697 1040 1764 egisset,
1077 1694 1356 1747 distribuit
1393 1690 1710 1758 discipulis;
1745 1684 1989 1755 discipuli
2023 1681 2173 1747 vero,

590 1787 1079 1842 dianmbcntibus.
1129 1783 1392 1839 Similiter
1424 1793 1477 1834 et
1529 1796 1590 1832 ex
1637 1777 1873 1848 piscibus
1910 1786 2171 1844 quantum

595 1878 863 1931 volebant.
893 1876 958 1930 Ut
982 1885 1159 1928 autem
1190 1871 1556 1939 impleti,sunt,
1583 1865 2008 1931 dicitdiscipulis
2028 1861 2172 1916 suis:

589 1970 832 2039 Colligite
853 1983 968 2037 qum
986 1965 1370 2034 superfuerunt
1397 1966 1722 2031 fragmenta,
1745 1975 1808 2011 ne
1824 1957 1949 2028 quid
1970 1966 2178 2026 pereat.

592 2060 937 2127 (Jollcgerunt
960 2071 1110 2124 ergo,
1140 2065 1190 2107 et
1228 2053 1587 2120 impleverunt
1611 2048 1894 2102 duodecim
1919 2046 2180 2114 c0phinos

593 2151 1016 2219 fragincntornm
1055 2163 1118 2200 ex
1153 2146 1392 2215 quinque
1425 2144 1651 2212 panibus
1683 2141 2021 2204 hordeaceis,
2058 2154 2179 2208 qua:

594 2243 976 2310 superfuerant
1002 2240 1084 2292 his
1111 2238 1198 2306 qui
1231 2237 1602 2291 comederaut.
1637 2253 1652 2285 ι
1686 2232 1852 2287 Jussit
1882 2247 1976 2286 eos
2004 2233 2180 2285 facere

593 2337 960 2395 discumbere,
999 2331 1154 2402 quasi
1202 2340 1388 2400 parata
1435 2343 1643 2382 mensa.
1696 2325 1948 2393 Discipuli
1999 2333 2177 2376 autem

595 2429 842 2496 quamvis
884 2426 1031 2495 prius
1067 2423 1351 2486 increduli,
1385 2432 1623 2473 attamen
1679 2418 1930 2472 alacriter
1967 2431 2179 2469 recuru-

594 2520 721 2574 bere
747 2518 948 2573 faciunt
979 2518 1244 2571 homines.
1281 2534 1298 2567 ι
1333 2515 1461 2567 Erat
1494 2521 1672 2566 autem
1702 2525 1945 2579 gramen.
1981 2529 1998 2560 ι
2028 2507 2175 2588 Quo-

595 2613 740 2666 niam
779 2626 872 2665 ver
898 2619 1016 2664 erat
1047 2627 1060 2662 :
1093 2617 1210 2661 erat
1241 2610 1406 2672 enim,
1446 2605 1643 2675 inquit,
1679 2603 1912 2668 Pascha,
1949 2589 2092 2672 quod
2123 2602 2174 2655 in

595 2703 770 2771 primo
832 2713 1018 2754 mense
1078 2700 1221 2751 veris
1269 2696 1668 2766 perficiebatur.
1705 2692 1875 2746 Porro
1919 2693 2020 2746 soli
2076 2692 2176 2744 viri

596 2803 956 2850 numerantur
987 2792 1055 2845 ab
1089 2790 1438 2858 evangelista,
1472 2789 1560 2857 qui
1596 2787 1730 2856 legis
1759 2788 2005 2855 sequitur
2043 2800 2176 2839 con-

593 2889 956 2945 suetudinem.
1007 2885 1219 2941 Etenim
1277 2893 1330 2937 et.
1379 2882 1550 2936 Moses
1582 2896 1610 2933 a
1661 2881 1920 2947 vigesimo
1955 2891 2096 2931 anno
2123 2885 2176 2928 ct

595 2996 757 3050 supra
807 2977 1115 3032 muneravit
1164 2974 1442 3045 populum,
1505 2973 1647 3027 nulla
1709 2971 1981 3024 mentione
2035 2968 2173 3020 facta

597 3072 879 3124 mulierum
915 3083 929 3121 :
959 3082 1065 3136 quo
1108 3067 1329 3119 docetur
1361 3079 1521 3118 omne
1552 3063 1694 3131 quod
1745 3061 1897 3114 virile
1935 3069 1988 3112 et
2013 3057 2172 3126 juve-

2278 560 2340 612 Εί
2367 557 2424 609 δὲ
2458 557 2573 608 ἐκεῖ
2599 553 2701 622 μὲν
2724 553 3118 624 προσέρχονται
3147 551 3198 602 oi
3245 547 3492 616 μαθηταὶ
3564 545 3874 613 ὑπομιμνή-

2297 667 2516 712 σκοντες
2548 650 2675 717 περὶ
2725 647 2817 699 τοῦ
2859 646 3040 715 δχλου,
3075 645 3158 696 ἵνα
3215 642 3588 703 ἀπολυθῶσιν,
3650 638 3881 690 ἐνταῦθα

2275 745 2331 797 δὲ
2362 744 2519 804 αὐτὸς
2555 743 2581 794 ὁ
2616 740 2824 809 Ἰησοῦς
2864 740 3063 808 ἐρωτᾷ.
3102 738 3264 789 πόθεν
3293 735 3665 805 διατρεφεῖεν,
3695 733 3756 784 οὐ
3782 731 3882 800 χρὴ

2280 833 2604 904 θαυμάζειν.
2671 831 2832 893 Εἰκὸς
2871 833 2980 901 γάρ
3044 833 3190 881 ἐστιν
3246 827 3538 896 ἀμφότερα
3595 825 3878 892 γενέσθαι,

2275 932 2368 981 καὶ
2396 929 2502 981 τῶν
2530 926 2789 995 μαθητῶν
2832 925 3101 993 πρότερον
3149 922 3591 991 ύπομνησάντων
3640 917 3737 970 τὸν
3769 915 3878 969 Κύ-

2280 1039 2392 1091 ριον
2426 1018 2553 1086 περὶ
2578 1015 2671 1068 τοῦ
2709 1015 3051 1084 ἀπολυθῆναι
3088 1015 3214 1074 τοὺς
3277 1012 3493 1080 ὄχλους,
3530 1007 3880 1077 ἐρωτηθῆναι

2277 1111 2368 1163 τὸν
2393 1110 2664 1161 Φίλιππον
2707 1105 2812 1158 ὐπὸ
2847 1104 2942 1157 τοῦ
2993 1097 3226 1174 Κῦρίου,
3257 1102 3426 1155 ποθεν
3476 1101 3881 1168 διατραφήσον-

2276 1223 2386 1256 ται.

2353 1316 2371 1348 ‹
2418 1291 2553 1349 Εἷπε
2591 1293 2647 1345 δὲ
2686 1294 2712 1345 ὁ
2746 1289 2958 1362 Ἰησοῦς
2987 1307 2998 1318 ·
3068 1289 3339 1356 Ποιήσατε
3379 1286 3505 1348 τοὺς
3549 1283 3880 1354 ἀνθρώπους

2279 1389 2594 1441 ἀναπεσεῖν.
2621 1382 2729 1437 Ἦν
2753 1385 2808 1436 δὲ
2839 1383 3030 1453 χόρτος
3052 1381 3220 1442 πολὺς
3256 1381 3313 1432 ὲν
3341 1378 3418 1449 τῷ
3447 1380 3622 1447 τόπῳ.
3658 1377 3879 1431 Ἀνέπε-

2281 1499 2374 1533 σον
2409 1480 2504 1533 οῦν
2535 1480 2582 1532 ol
2615 1478 2809 1548 ἄνδρες
2851 1475 2942 1528 τὸν
2973 1473 3208 1544 ἀριθμὸν
3244 1472 3378 1525 ὡσεὶ
3411 1470 3873 1540 πεντακισχίλιοι.

2281 1571 2480 1625 Ἕλαὸε
2509 1571 2564 1623 δὲ
2587 1572 2714 1633 τοὺς
2749 1571 2948 1639 ἄρτους
2975 1571 3003 1620 ὁ
3041 1565 3274 1636 Ἰησοῦς,
3309 1567 3398 1617 καῖ
3441 1565 3875 1634 εὐχαριστήσας,

2277 1664 2508 1718 διέδωκε
2551 1665 2664 1724 τοῖς
2702 1661 3002 1732 μαθηταῖς,
3027 1659 3077 1712 οι
3112 1657 3167 1710 δὲ
3210 1657 3452 1728 μαθηταὶ
3503 1660 3617 1718 τοῖς
3647 1656 3870 1709 ἀνακει·

2283 1754 2504 1825 μένοις·
2534 1752 2739 1823 ὁμοίως
2789 1752 2886 1804 καὶ
2939 1753 3003 1803 ὲκ
3044 1752 3154 1802 τῶν
3205 1749 3449 1819 ὀψαρίων
3502 1749 3629 1800 ὅσον
3663 1748 3872 1816 ἦθελον.

2209 1831 2250 1885 Β
2297 1846 2382 1908 Ὠς
2411 1846 2464 1898 δὲ
2510 1841 2942 1912 ἐνεπλήσθησαν,
2983 1840 3141 1907 λέγει
3179 1841 3291 1901 τοῖς
3327 1839 3602 1909 μαθηταῖς
3659 1834 3827 1889 αὐτοῦ
3851 1851 3866 1868 ν

2283 1940 2632 2005 Συναγάγετε
2673 1935 2747 1987 τὰ
2800 1931 3233 2004 περιττεύσαντα
3285 1929 3602 2000 κλάσματα,
3661 1929 3750 1980 ἵνα
3801 1930 3873 1996 μή

2281 2049 2333 2084 τι
2365 2029 2655 2098 ἀπόληται.
2693 2027 3006 2095 Συνήγαγον
3037 2023 3154 2087 οῦν,
3203 2023 3297 2075 καὶ
3349 2022 3616 2089 ἐγέμισαν
3663 2019 3876 2072 δώδεκα

2282 2123 2538 2192 κοφίνους
2596 2119 2933 2187 κλασμάτων
2993 2117 3059 2168 ἐκ
3111 2114 3221 2167 τῶν
3295 2114 3461 2166 πέντε
3533 2112 3722 2182 ἀρτων
3769 2112 3872 2166 τῶν

2283 2216 2567 2288 κριθίνων,
2602 2213 2638 2266 ὰ.
2689 2211 3054 2280 ὲπερίσσευσε
3100 2209 3213 2269 τοῖς
3270 2206 3634 2276 βεϐρωκόσιν.
3701 2223 3721 2256 ι
3789 2204 3873 2264 Ὠς

2283 2309 2499 2376 ἑτοίμου
2554 2306 2652 2376 τῆς
2707 2303 2991 2375 τραπέζης
3064 2299 3255 2370 οὔσης,
3305 2299 3620 2370 ,ἐκέλευσεν
3675 2297 3872 2357 αὐτοὺς

2282 2397 2483 2459 εὐθέως
2515 2396 2838 2449 ἀναπεσεῖν.
2880 2394 2943 2445 Οί
2977 2391 3035 2444 δὲ
3070 2389 3340 2460 μαθηταὶ,
3382 2391 3563 2441 καίτοι
3604 2388 3873 2458 πρότερον

2282 2490 2665 2554 ἀπιστοῦντες,
2716 2489 2865 2556 ὅμως
2929 2483 3231 2556 προθύμως
3289 2480 3685 2536 κατακλίνουσι
3746 2482 3870 2543 τοὺς

2280 2581 2622 2651 ἀνθρώπους.
2655 2598 2672 2629 ι
2707 2574 2814 2630 Ἶιν
2843 2577 2899 2630 δὲ
2925 2577 3173 2647 χόρτος»,
3211 2573 3366 2644 ἔαρος
3395 2573 3569 2634 ὄντος.
3601 2567 3710 2623 Ἦν
3741 2572 3867 2640 γάρ,

2281 2674 2413 2743 φησὶ
2435 2713 2450 2736 ,
2480 2672 2540 2724 τὸ
2576 2671 2768 2739 Πάσχα
2797 2685 2809 2697 ·
2843 2668 3004 2720 τοῦτο
3033 2666 3089 2718 δὲ
3122 2669 3179 2717 ὲν
3223 2665 3300 2733 τῷ
3334 2662 3540 2734 πρώτῳ
3569 2661 3665 2714 τοῦ
3706 2662 3866 2733 ἔαρος

2284 2767 2415 2837 μηνὶ
2446 2765 2702 2818 ἐτελεῖτο.
2741 2763 2911 2816 Μόνοι
2943 2761 2998 2813 δὲ
3023 2763 3069 2812 οί
3099 2758 3296 2828 ἄνδρες
3325 2757 3690 2827 ἀριθμοῦνται
3724 2755 3872 2825 παρά

2278 2857 2373 2910 τοῦ
2396 2854 2813 2925 εὐαγγελιστοῦ,
2838 2856 2905 2924 τῇ
2927 2854 3126 2922 νομικῇ
3149 2849 3402 2922 συνηθείᾳ.
3420 2848 3868 2910 ἀκολουθοῦντος.

2278 2952 2391 3004 Καὶ
2422 2951 2530 3018 γὰρ
2563 2948 2659 3002 καὶ
2708 2947 2916 3016 Μωσῆς
2960 2945 3070 2998 ἀπὸ
3101 2943 3450 3005 είκοσαετοῦς
3481 2944 3579 2995 καὶ
3611 2943 3872 3012 ἀνωτέρω

2274 3043 2551 3114 ἠρίθμησε
2589 3041 2680 3093 τὸν
2732 3039 2882 3103 λαὸν,
2922 3037 3165 3108 μηδόλως
3240 3035 3631 3106 μνημονεύσας
3688 3053 3873 3104 γυναι-

600 3164 706 3218 uile
741 3171 844 3226 est,
879 3161 1098 3229 dignum
1124 3158 1335 3212 censeri
1367 3167 1424 3210 ut
1454 3166 1771 3211 numeretur
1807 3156 1944 3222 apud
1981 3154 2168 3208 Deum.

2280 3135 2391 3189 κῶν
2413 3152 2427 3167 ο
2461 3133 2751 3206 δηλοῦντος
2798 3131 2893 3184 τοῦ
2928 3131 3114 3199 λόγου,
3145 3130 3227 3183 ὅτι
3277 3131 3385 3182 πᾶν
3420 3131 3545 3181 ὅσον
3603 3129 3874 3200 ἀνδρῶδες

598 3254 664 3309 Et
728 3254 966 3317 acceptis
1005 3251 1234 3320 panibus
1266 3249 1471 3319 gratias
1524 3248 1650 3315 agit,
1705 3245 1996 3300 ostendens
2029 3247 2174 3315 quod

595 3354 720 3400 ante
774 3344 953 3398 cibum
1007 3343 1194 3411 gratim
1229 3339 1450 3410 agenda:
1479 3338 1587 3391 sint
1631 3338 1760 3391 Deo.
1795 3337 2015 3406 Insuper
2047 3341 2173 3408 quia

603 3440 761 3490 turba
786 3445 927 3501 erat,
959 3436 1079 3488 ideo
1103 3448 1286 3487 coram
1320 3431 1473 3485 turba
1509 3431 1710 3499 gratias
1743 3431 1874 3498 agit,
1906 3438 1962 3482 ut
1997 3431 2176 3486 omni-

599 3529 699 3582 bus
766 3529 1092 3596 persuadeat
1144 3526 1286 3596 quod
1351 3523 1645 3578 secundum
1704 3523 2030 3578 voluntatem
2080 3524 2170 3578 Dei

597 3617 896 3681 advenerit,
921 3627 975 3671 et
1000 3618 1140 3686 quod
1176 3632 1279 3670 non
1310 3616 1378 3669 sit
1410 3614 1752 3668 adversarius
1782 3612 1912 3677 Deo,
1941 3615 2032 3669 sed
2050 3630 2173 3670 om-

602 3713 692 3766 nia
723 3711 926 3765 referat
957 3713 1007 3763 in
1043 3708 1282 3763 Patrem.
1318 3706 1449 3759 Nam
1491 3706 1708 3775 quando
1771 3721 2011 3758 seorsum
2047 3705 2175 3760 facit

601 3804 947 3862 tuiraculum,
983 3803 1110 3855 nihil
1140 3801 1244 3854 tale
1274 3799 1426 3864 facit,
1455 3798 1667 3853 etiamsi
1701 3795 1872 3863 majus
1902 3799 2172 3865 quoddam

598 3895 765 3951 faciat
791 3913 803 3947 :
833 3895 1045 3961 quando
1074 3903 1470 3945 antem°coram
1497 3891 1677 3943 nmltis
1709 3888 2024 3943 miraculum
2049 3905 2176 3958 ope-

599 3994 772 4052 ratur,
801 3997 925 4038 tunc
955 3987 1017 4036 ad
1062 3983 1230 4036 Deum
1269 3983 1510 4052 respicit.
1542 3980 1789 4036 Ostendit
1818 3989 1996 4034 autem
2031 3980 2171 4049 quod

601 4091 708 4130 non
762 4090 826 4129 ex
855 4074 1171 4128 infirmitate
1201 4074 1305 4127 hoc
1337 4073 1518 4137 faciat,
1553 4071 1645 4126 sed
1678 4079 1901 4141 pr0pler
1953 4071 2172 4140 dispen-

599 4167 866 4221 sationem
913 4181 1072 4234 quam
1103 4165 1358 4230 diximus,
1389 4180 1454 4218 ex
1485 4181 1550 4220 eo
1579 4166 1721 4233 quod
1767 4163 1972 4233 majora
2011 4162 2173 4217 faciat

600 4261 927 4314 auctoritate
975 4257 1230 4325 quadam,
1264 4265 1319 4312 et
1357 4268 1609 4324 tanquam
1645 4257 1923 4310 Dominus.
1981 4256 2176 4310 Dicunt

602 4348 822 4416 insuper
878 4346 1096 4416 quidam
1140 4347 1280 4416 quod
1314 4346 1478 4401 etiam
1537 4356 1756 4415 propter
1818 4346 1920 4400 hoc
1976 4345 2176 4414 gratias

598 4439 790 4509 egerit,
848 4445 904 4492 ut
961 4438 1355 4506 ignoraretura
1392 4438 1633 4506 principe
1674 4436 1857 4489 mundi
1900 4450 2068 4506 USqIIe
2106 4436 2173 4489 ad

2287 3230 2382 3282 καὶ
2407 3228 2681 3291 νεανικὸν,
2717 3226 2923 3296 τίμιον,
2959 3226 3051 3276 καὶ
3085 3223 3235 3287 ἀξιον
3267 3221 3506 3292 ἀριθμοῦ
3550 3222 3707 3293 παρά
3735 3222 3870 3292 Θεῷ.

2285 3321 2481 3377 Λαὸὼν
2519 3321 2578 3374 δὲ
2607 3321 2732 3383 τοὺς
2761 3319 2962 3390 ἄρτους
2993 3317 3331 3386 εὐχαριστεῖ,
3376 3315 3620 3379 δεικνὺς,
3653 3317 3737 3368 ὅτι
3771 3312 3874 3384 πρὸ

2282 3415 2490 3486 τροφῆς
2525 3415 2868 3484 εὐχαριστεῖν
2895 3412 2975 3464 δεῖ
3007 3411 3085 3480 τῷ
3119 3408 3237 3479 Θεῷ
3261 3426 3272 3437 ·
3317 3409 3435 3478 ἅμα
3467 3409 3524 3461 δὲ
3555 3409 3655 3462 καὶ
3686 3407 3874 3478 ἐπειδὴ

2281 3507 2435 3577 ὄχλος
2476 3503 2564 3578 ἦν,
2613 3506 2702 3559 διὰ
2744 3503 2904 3557 τοῦτο
2935 3504 3255 3574 εὐχαριστεί
3292 3503 3526 3556 ἐνώπιον
3563 3501 3658 3555 τοῦ
3691 3500 3871 3570 ὄχλου,

2283 3601 2372 3655 ἵνα
2407 3597 2672 3653 πεισθῶσι
2703 3598 2925 3661 πάντες,
2989 3598 3072 3648 ὅτι
3106 3595 3248 3648 κατά
3291 3595 3520 3664 γνώμην
3556 3594 3696 3647 Θεοῦ
3735 3611 3874 3664 παρ-

2282 3692 2522 3761 εγένετο,
2552 3691 2647 3744 καὶ
2669 3690 2746 3752 ὼς
2773 3690 2873 3741 οὐκ
2901 3689 3047 3740 ἐστιν
3070 3687 3338 3750 ἀντίθεος,
3369 3686 3506 3740 ἀλλὰ
3533 3686 3715 3740 πάντα
3738 3686 3874 3758 πρὸς

2283 3785 2377 3838 τὸν
2424 3783 2647 3854 Πατέρα
2697 3781 2982 3852 ἀναφέρει.
3049 3780 3180 3832 Ὅτε
3234 3780 3332 3849 μὲν
3375 3779 3483 3851 γὰρ
3515 3781 3661 3832 κατὰ
3707 3779 3875 3849 μόνας

2285 3878 2433 3929 ποιεῖ
2481 3878 2718 3945 σημεῖα,
2761 3875 2913 3926 οὐδὲν
2958 3871 3202 3926 τοιοῦτον
3254 3876 3417 3936 ποιεῖ,
3471 3874 3654 3925 καίτοι
3704 3871 3874 3942 μείζω

2283 3968 2455 4023 τελῶν
2482 3983 2496 3998 ⁸
2528 3969 2659 4021 ὅταν
2691 3967 2748 4020 δὲ
2785 3963 3020 4019 ἐνώπιον
3049 3964 3262 4019 πολλῶν
3297 3966 3721 4035 θαυματουργῇ,
3749 3965 3870 4016 τότε

2284 4061 2418 4130 πρὸς
2473 4059 2567 4113 τὸν
2620 4059 2756 4112 Θεὸν
2813 4057 3139 4114 ἀναϐλέπει.
3199 4057 3455 4109 Δείκνυσι
3511 4057 3591 4121 δὲ,
3655 4057 3740 4109 ὅτι
3779 4057 3873 4108 οὐκ

2282 4152 2539 4224 ἀσθενείᾳ
2571 4150 2732 4205 τοῦτο
2763 4153 2926 4216 ποιεῖ,
2972 4150 3108 4204 ἀλλά
3148 4151 3219 4205 δι’
3245 4148 3588 4218 οἰκονομίαν,
3627 4150 3697 4220 ἣν
3723 4149 3873 4201 εἶπο-

2287 4262 2410 4313 μεν,
2451 4246 2516 4296 ὲκ
2549 4244 2640 4296 τοῦ
2676 4242 2745 4296 τὰ
2783 4242 3008 4311 μείζονα
3045 4244 3383 4305 δεσποτικῶς
3411 4244 3504 4295 καὶ
3534 4239 3873 4303 αὐθεντικῶς

2284 4339 2479 4389 ποιεῖν.
2507 4335 2743 4404 Λέγουσι
2765 4335 2823 4390 δέ
2848 4352 2993 4398 τινες
3014 4335 3101 4388 διὰ
3122 4335 3283 4390 τοῦτο
3308 4335 3474 4388 αὐτὸν
3501 4335 3868 4405 εὐχαριστεῖν,

2286 4433 2372 4484 ἵνα
2399 4430 2538 4502 λάθῃ
2567 4430 2658 4484 τὸν
2685 4429 2780 4484 τοῦ
2816 4429 3026 4500 κόσμου
3055 4432 3296 4500 ἄρχοντα
3323 4431 3453 4499 ἀχρι
3489 4429 3587 4483 καὶ
3626 4428 3725 4482 τοῦ
3756 4446 3872 4480 και-

602 4540 813 4598 tempus
843 4531 1133 4599 passionis,
1154 4541 1206 4583 et
1230 4545 1293 4583 ex
1335 4530 1435 4583 hoc
1457 4529 1667 4582 daamon
1691 4544 1794 4581 non
1825 4534 2174 4598 cognosceret

2285 4519 2381 4592 ροῦ
2407 4521 2502 4572 τοῦ
2538 4519 2765 4586 πάθους,
2817 4521 2912 4573 καὶ
2948 4521 3024 4592 μὴ
3060 4521 3313 4575 ἐντεῦθεν
3347 4523 3447 4593 ήδη
3497 4521 3716 4591 οίηθείη
3775 4521 3870 4573 αὐ-

601 4622 776 4690 ipsum
808 4636 925 4676 esse
950 4621 1139 4684 Deum,
1185 4624 1280 4674 sed
1325 4621 1684 4688 deciperetur,
1732 4628 1783 4672 et
1825 4618 2178 4682 inescaretnr,

600 4725 762 4783 atque
780 4714 856 4767 sic
883 4729 974 4779 per
1001 4728 1214 4767 crucem
1241 4712 1614 4766 conficeretur.
1635 4711 1898 4776 Οωιετιιηι
1918 4709 2184 4780 permittit

603 4807 864 4862 Dominus
894 4815 950 4859 ut
991 4804 1267 4874 supersint
1322 4812 1398 4856 tot
1451 4802 1772 4872 fragmenta,
1829 4818 1931 4854 non
1965 4813 2181 4870 propter

603 4898 1041 4960 ostentationem,
1077 4897 1218 4950 absit
1254 4913 1267 4950 :
1318 4897 1411 4950 sed
1472 4909 1539 4949 ne
1584 4895 1965 4962 credatur_per
2009 4893 2180 4961 phan-

605 4996 834 5042 tasmata
862 4989 1083 5043 satiatos
1104 5002 1222 5041 esse
1246 4988 1514 5049 homines,
1543 4994 1796 5056 appareat
1819 4996 1993 5038 autem
2015 4983 2177 5056 584

604 5080 855 5137 omnibus
903 5081 1043 5150 quod
1073 5095 1197 5135 vere
1225 5081 1402 5136 satiati
1449 5078 1670 5141 fuerint,
1737 5080 2174 5146 quandoquidem

607 5179 685 5225 tot
737 5169 953 5224 residua
998 5168 1238 5222 fuerint:
1294 5179 1453 5236 atque
1500 5177 1718 5238 propter
1764 5171 1903 5223 hanc
1957 5185 2173 5223 causam

605 5258 763 5313 iussit
789 5259 953 5313 etiam
989 5257 1295 5326 fragmenta
1321 5258 1518 5325 colligi,
1545 5269 1602 5311 ut
1633 5258 1879 5313 videntes
1907 5273 1993 5324 ea,
2013 5260 2179 5311 mira-

605 5349 709 5404 culi
735 5350 859 5404 lacti
887 5350 1056 5420 magis
1086 5355 1266 5403 essent
1293 5363 1581 5403 memores.
1613 5347 1838 5418 Oportet
1864 5359 2042 5404 autem
2071 5367 2176 5403 non

604 5443 776 5498 solum
810 5442 994 5496 mirari
1012 5441 1155 5510 quod
1179 5442 1564 5509 superfuerint,
1593 5447 1683 5497 sed
1709 5442 1870 5495 etiam
1897 5442 2037 5512 quod
2070 5459 2175 5496 non

603 5534 786 5607 plures
841 5548 1016 5604 neque
1067 5534 1372 5602 pauciores,
1419 5548 1582 5600 quam
1627 5536 1715 5604 qui
1757 5550 1980 5588 numero
2020 5551 2177 5604 pares

2282 4617 2376 4670 τὸν
2402 4616 2556 4679 Θεὸν,
2597 4613 2715 4668 ἀλλ’
2768 4615 3052 4685 ἁπατηθῇ,
3087 4616 3183 4667 καὶ
3234 4613 3521 4683 ἅλεασθῇ,
3584 4615 3682 4665 καὶ
3735 4613 3872 4665 οὕτω

2281 4706 2368 4759 διὰ
2398 4705 2491 4758 τοῦ
2545 4705 2783 4775 σταυροῦ
2821 4704 3150 4774 νεκρωθείη.
3187 4706 3473 4775 Συγχωρεῖ
3501 4705 3561 4760 δὲ
3593 4708 3620 4759 ὁ
3671 4705 3868 4774 Κύριος

2281 4799 2642 4870 περισσεῦσαι
2695 4799 2808 4870 (’25)
2863 4801 2991 4862 τοὺς
3035 4799 3260 4869 ἄρτους,
3321 4799 3382 4851 οὐ
3459 4799 3528 4852 δι’
3586 4797 3866 4862 ἐπίδειξιν

2280 4892 2493 4960 ἄπα-γει
2526 4892 2640 4946 ἀλλ’
2675 4893 2817 4946 ὥστε
2857 4892 2934 4963 μὴ
2980 4893 3259 4963 φαντασίᾳ
3308 4891 3642 4962 νομισθῆναι
3675 4892 3738 4944 τὸ
3786 4909 3872 4944 λο-

2283 4981 2541 5052 ρεσθῆναι
2591 4984 2720 5046 τοὺς
2749 4981 3099 5054 ἀνθρώπους,
3139 4982 3276 5036 ἀλλά
3309 4983 3443 5036 πᾶσι
3491 4982 3760 5053 φανῆναι,
3795 4982 3872 5035 ὅτι

2277 5073 2534 5128 τοσοῦτον
2551 5075 2763 5144 ἀληθῶς
2782 5075 3174 5146 ἐκορέσθησαν,
3193 5074 3336 5130 ὥστε
3352 5075 3450 5129 καὶ
3466 5076 3869 5146 ἐπερίσσευσαν

2279 5167 2525 5219 τοσαῦτα
2545 5182 2558 5197 ο
2603 5167 2693 5219 διά
2719 5167 2929 5237 ταύτην
2955 5165 3012 5219 δὲ
3039 5167 3140 5238 τὴν
3163 5167 3347 5221 αἰτίαν
3373 5169 3472 5220 καὶ
3493 5167 3566 5219 τὰ
3583 5166 3872 5235 κλάσματα

2281 5258 2497 5313 κελεύει
2527 5259 2886 5330 συναχθῆναι,
2919 5259 3006 5313 ἴνα
3033 5259 3272 5330 ὁρῶντες
3298 5257 3497 5325 ταῦτα,
3534 5258 3629 5312 τοῦ
3654 5260 3873 5328 γεγονῦ-

2279 5369 2369 5415 τος
2400 5354 2934 5423 ἀναμιμνήσκωνται
2974 5351 3255 5422 θαύματος
3289 5354 3384 5406 ἐπὶ
3417 5352 3603 5408 πλέον.
3650 5349 3770 5423 Χρὴ
3819 5350 3871 5404 δὲ

2279 5446 2339 5498 οὐ
2371 5446 2534 5514 μόνον
2568 5445 2873 5516 θαυμάσαι,
2905 5447 2987 5500 ὅτι
3011 5446 3435 5517 ἐπερίσσευσαν,
3459 5445 3596 5500 ἀλλά
3630 5447 3746 5510 καὶ,
3777 5444 3871 5516 τὴν

2279 5537 2573 5608 ἁκρίὸειαν
2600 5538 2695 5590 τοῦ
2734 5538 3204 5610 περισσεύματος,
3235 5540 3320 5593 ὅτι
3349 5537 3476 5592 οὕτε
3506 5538 3720 5606 πλεῖον,
3748 5537 3868 5591 οὐτε

1553 5650 1642 5710 Ex
1681 5650 2022 5712 collatione
2055 5652 2243 5715 codd.
2280 5655 2510 5717 Venet.
2551 5656 2612 5717 S.
2646 5655 2863 5716 Marci.

679 5778 791 5842 (Ἡ)
819 5777 950 5831 Cntl.
988 5777 1046 5831 51
1067 5777 1171 5841 ,Τὸ
1196 5775 1326 5828 αὑτό
1357 5777 1472 5848 ἐστι
1496 5773 1570 5843 τῷ
1606 5775 1752 5848 παρα
1778 5774 1852 5844 τῷ
1882 5775 2175 5848 Ματοαίῳς
2215 5776 2461 5848 Λέγομεν
2483 5774 2597 5843 οὖν,
2627 5779 2707 5833 ὅτι
2742 5778 2843 5832 καὶ
2871 5781 2930 5832 τὸ
2948 5779 3080 5834 αὐτὸ
3111 5779 3278 5832 ἐστιν,

680 5849 792 5919 (‘23)
825 5849 968 5905 idem
1001 5850 1142 5915 cud.,
1185 5845 1549 5916 Περισσεῦσαι
1579 5845 1812 5898 malum
1852 5847 2160 5914 κλάςμαῖν.
