4078 6330
201 333 343 403 1289

920 340 1373 405 ENARRATIO
1409 337 1504 406 1N
1540 332 2054 403 EVANGELIUM
2094 332 2443 399 JOANNIS.
2474 362 2543 371 -
2570 338 2737 403 CAP.
2762 335 2865 406 VI.

3396 347 3539 422 1290

193 450 443 513 ἔλαττον,
487 452 606 507 ἀλλ’
639 451 969 524 ἰσαρίθμους
1027 456 1140 508 τῶν
1169 456 1441 528 μαθητῶν
1475 450 1603 519 τοὺς
1651 451 1782 522 κοφί

1923 457 2110 504 essent
2174 448 2463 517 discipulis
2505 451 2727 518 cophiui
2792 451 3175 526 reliquiarum,
3232 469 3295 517 ut
3348 477 3541 525 omnes

191 558 323 606 νους
352 544 464 598 τῶν
488 543 756 615 λειψάνων
778 547 1006 615 ἐποίησε
1040 549 1403 621 περιττεῦσαι
1432 567 1445 581 ο
1473 549 1563 603 ἵνα
1595 547 1801 610 πάντες

190 636 659 714 βαστάσὼσιηκαὶ
685 639 822 711 μηδὲ
847 643 875 694 ό
893 642 1100 706 Ἰούδας
1127 643 1360 714 ἄμοιρος
1378 642 1799 713 καταλειφθείη,

187 726 309 781 ἀλλ’
340 730 439 802 ἔχῃ
486 708 584 785 καὶ
637 708 799 787 τοῦτο
827 733 890 787 τὸ
928 708 1449 805 θαῦμαδεικτικὸν
1508 708 1801 789 τοῦ-εἷναι

185 821 324 875 Θεὸν
356 826 448 879 τὸν
480 824 650 879 αὑτοῦ
682 827 1027 896 διδάσκαλον,
1056 830 1156 884 καὶ
1192 829 1508 903 ὠφεληθείη
1531 831 1643 884 κάκ
1669 828 1797 882 τού·

182 930 305 981 του,
340 917 446 971 κᾶν
478 918 567 973 διὰ
601 919 703 990 τὴν
736 921 903 975 αὑτοῦ
941 924 1145 977 κακίαν
1178 925 1259 988 εἰς
1295 926 1627 996 κατάκρισιν
1659 922 1797 992 μᾶλ-

184 1010 278 1061 λον
316 1010 483 1065 αὐτοῦ
513 1013 674 1068 τοῦτο
705 1015 899 1084 γέγονε
923 1031 937 1045 ⁸
969 1018 1062 1071 τὸν
1093 1019 1204 1090 γὰρ
1234 1018 1476 1073 τοσαῦτα
1508 1016 1799 1090 περιττεύ-

184 1116 339 1169 ματα
377 1106 709 1174 ποιήσαντα,
746 1109 806 1177 ἐξ
837 1103 912 1163 ὧν
943 1111 1040 1164 καὶ
1062 1112 1227 1172 αὐτὸς
1251 1112 1472 1182 κόφινον
1500 1110 1796 1175 ἐϐάστασε,

177 1190 376 1245 τοῦτον
419 1196 785 1266 προδέδωκεν.
824 1200 900 1253 Οὐ
934 1204 1042 1272 γὰρ
1085 1202 1151 1274 δή
1192 1204 1376 1275 μάτην
1408 1206 1521 1266 τοῖς
1560 1202 1796 1256 ἀποστό-

177 1282 297 1347 λοις
334 1289 646 1355 προσέταξε
690 1290 964 1362 βαστάσαι
1023 1297 1153 1358 τοὺς
1189 1297 1475 1367 κοφίνους,
1536 1295 1655 1349 ἀλλ’
1706 1293 1796 1348 ἵνα

175 1375 269 1430 ἀεὶ
320 1380 861 1454 ἀναμιμνήσκωνται
901 1386 997 1440 τοῦ
1028 1388 1336 1459 θαύματος,
1386 1389 1463 1453 ὡς
1502 1388 1795 1461 μέλλοντες

172 1465 408 1523 ἔσεσθαι
464 1471 780 1529 διδάσκαλοι
831 1478 932 1556 τῆς
993 1481 1348 1552 οἰκουμένης.
1403 1480 1479 1533 Τὸ
1530 1481 1631 1551 μὲν
1681 1480 1793 1551 γὰρ

176 1560 416 1632 πλῆθος,
444 1564 607 1620 οὐδὲν
638 1568 783 1636 μέγα
816 1570 1047 1640 ἔμελλον
1081 1572 1525 1644 καρπώσασθαι*
1572 1588 1794 1643 παραυ·

172 1651 312 1706 τίκα
353 1656 465 1727 γὰρ
514 1659 851 1715 ἐπελάθοντο
908 1662 1003 1716 τοῦ
1057 1662 1362 1735 θαύματος,
1421 1663 1597 1729 οὕτως
1647 1660 1791 1735 ἦσαν

172 1747 440 1819 ἀνόητοιο
489 1752 539 1805 οἰ
600 1752 659 1806 δὲ
713 1755 981 1827 μαθηταὶ,
1031 1759 1093 1810 ού
1145 1758 1215 1812 τὰ
1266 1758 1505 1830 τυχόντα
1556 1756 1788 1830 ἔμελλον

1916 551 2155 610 gestent,
2207 551 2261 597 et
2290 556 2473 611 neque
2517 541 2688 599 Judas
2742 546 2860 616 ipse
2909 565 3110 622 cchrs
3170 555 3539 631 relinquatur,

1912 636 2008 691 sed
2058 635 2270 691 habens
2319 637 2485 691 etiam
2527 639 2629 693 hoc
2667 641 2997 698 mineuluut
3060 652 3205 719 quod
3270 664 3543 712 monstret

1911 728 2018 783 sibi
2052 726 2226 783 Deum
2269 744 2394 784 esse
2421 732 2770 801 magistrum,
2818 735 2945 793 inde
2976 740 3270 799 utilitatem
3314 748 3536 817 capiat:

1911 823 2166 891 quamvis
2215 826 2384 879 etiam
2440 825 2541 880 hoc
2593 838 2819 899 prapter
2856 832 3121 890 malitiam
3155 838 3275 910 ejus
3310 840 3363 897 in
3404 858 3541 900 con-

1911 915 2321 972 demnationcm
2362 919 2535 987 ipsius
2574 924 2839 991 cesserit;
2870 941 2995 981 eum
3021 930 3172 985 enim
3217 934 3310 1002 qui
3357 946 3539 996 lautas

1915 1007 2182 1079 reliquias
2242 1011 2472 1079 fecerat,
2508 1014 2577 1069 de
2604 1016 2805 1085 quibus
2828 1028 2883 1074 et
2919 1019 3035 1090 ipse
3077 1025 3374 1094 cophiuum
3412 1046 3540 1102 por-

1912 1102 2069 1166 tavit,
2097 1103 2361 1173 prodidit.
2402 1103 2519 1159 Non
2551 1110 2697 1162 enim
2726 1110 2845 1163 sine
2879 1126 3044 1167 causa
3069 1116 3364 1187 imperarit
3399 1138 3538 1196 spu-

1910 1195 2071 1253 stolis
2100 1203 2159 1252 ut
2190 1199 2460 1269 cophinos
2488 1208 2910 1271 gestarenl,sed
2933 1217 2991 1263 ut
3014 1223 3237 1281 semper
3261 1195 3538 1275 memores

1906 1302 2094 1347 essent
2138 1294 2416 1362 miraculi,
2469 1306 2659 1368 utpote
2689 1300 2943 1372 magistri
2984 1306 3139 1361 orhis
3165 1304 3362 1365 futuri.
3394 1310 3533 1367 Nam

1908 1384 2205 1444 multitudo
2245 1388 2469 1461 quidem
2516 1407 2627 1448 non
2665 1409 2923 1466 magnam
2983 1400 3280 1458 utilitatem
3347 1421 3537 1476 perce-

1905 1486 2067 1545 ptura
2101 1491 2244 1548 erat,
2274 1481 2465 1537 statim
2506 1484 2654 1540 enim
2680 1486 3115 1547 obliviscebatur
3152 1496 3443 1567 miraculi;
3480 1511 3538 1558 at

1906 1569 2157 1642 discipuli
2192 1591 2302 1630 non
2358 1577 2585 1647 vulgare
2616 1579 2832 1636 lucrum
2874 1582 3001 1641 inde
3056 1585 3301 1647 habituri
3349 1607 3534 1653 erant.

1910 1660 2207 1723 Discamus
2254 1668 2385 1725 item
2436 1684 2504 1726 ex
2544 1671 2650 1728 hoc
2696 1674 2965 1733 miraculo
3026 1694 3095 1735 ue
3150 1684 3533 1752 pusillanimes

1904 1754 2083 1812 simus
2103 1758 2158 1812 in
2185 1761 2455 1831 angustiis
2480 1772 2534 1818 et
2567 1774 2917 1836 paupertate,
2948 1785 3128 1843 neque
3152 1774 3327 1832 timidi
3358 1778 3531 1837 simus

171 1840 518 1911 κερδαίνειν.
561 1846 929 1918 Μανθάνομεν
987 1849 1046 1903 δι
1090 1849 1201 1904 ἀπὸ
1230 1850 1325 1904 τοῦ
1369 1850 1660 1921 γεγονότος
1711 1849 1783 1921 μὴ

1906 1846 1960 1902 in
2016 1850 2396 1921 hospitalitate
2462 1865 2516 1911 et
2581 1840 3167 1931 communionejsed
3238 1872 3533 1932 credamus

172 1936 547 2009 μικροψυχεῖν
580 1940 639 1993 ὲν
668 1943 790 2005 ταῖς
824 1946 1217 2015 στενοχωρίαις
1241 1945 1342 2016 τῆς
1390 1946 1620 2014 πενίας,“
1650 1945 1789 2017 μηδὲ

166 2028 379 2102 δειλιᾷν
414 2032 552 2106 πρὸς
583 2035 901 2105 φιλοξενίαν
966 2019 1061 2093 καὶ
1119 2040 1436 2111 μετάδοσιν,
1489 2022 1642 2095 ’ἀλλὰ
1696 2052 1791 2093 πι-

170 2120 414 2190 στεύειν,
457 2126 540 2180 ὂτι
570 2128 676 2182 κᾶν
710 2128 807 2184 ἕνα
834 2129 1001 2202 ἄρτον
1040 2131 1281 2204 ἔχωμεν,
1309 2131 1574 2204 πληθυνεί
1595 2132 1789 2187 τοῦτον

166 2215 198 2267 ὁ
234 2217 302 2270 τὰ
337 2219 579 2275 τοσαῦτα
620 2226 983 2295 περιττεῦσαι
1019 2228 1256 2299 ποιήσας
1292 2228 1357 2281 ὲκ
1381 2226 1547 2282 πέντε
1574 2228 1784 2299 ἄρτων.

169 2311 316 2365 Κατ’
355 2312 696 2387 ἀλληγορίαν
727 2318 805 2387 δὲ,
846 2320 937 2373 ὅτε
979 2321 1355 2393 ἐκπεφοίτηκε
1400 2322 1511 2377 τῶν
1552 2322 1788 2394 ἰεροσο⁴

166 2402 363 2477 λύμων
389 2409 417 2461 ό
459 2410 692 2480 Κύριος,
725 2413 869 2465 κατὰ
900 2412 961 2466 τὸ
996 2414 1056 2468 ἐν
1098 2417 1415 2487 προφήταις
1464 2417 1785 2490 εἰρημένον,

171 2515 194 2548 ε
251 2499 731 2568 Ἐγκαταλέλοιπα
761 2505 854 2559 τὸν
886 2500 1039 2561 οἶκόν
1071 2525 1196 2579 μου,
1234 2509 1421 2580 ἀφῆκα
1450 2509 1549 2580 τὴν
1579 2510 1784 2583 κληρο-

166 2595 368 2658 νομίαν
400 2613 529 2665 μύ,
571 2617 590 2649 ι
637 2599 761 2652 τότε
789 2600 853 2671 δὴ
898 2604 977 2665 εἰς
1007 2602 1107 2672 τὴν
1145 2602 1444 2659 Γαλιλαίαν
1476 2603 1586 2659 τῶν
1609 2604 1784 2659 ἐθνῶν

161 2684 431 2756 ἄπεισιν,
501 2692 629 2756 τοὺς
692 2693 943 2758 ἐθνικοὺς
995 2696 1635 2769 προσλαμϐανόμενος·,
1688 2699 1785 2753 καὶ

166 2779 333 2852 ὄχλος
364 2782 519 2850 αὐτῷ
552 2786 726 2851 πολὺς
753 2788 1065 2844 ἀκολουθεῖ.
1108 2791 1319 2846 Ἀνεισι
1339 2791 1396 2845 δὲ
1426 2793 1507 2856 εἰς
1536 2790 1597 2846 τὸ
1632 2792 1781 2863 ὅρος,

160 2874 289 2947 ἦτοι
339 2878 423 2941 εἰς
480 2879 571 2933 τον
624 2883 879 2953 σταυρὸν,
948 2884 1039 2939 ἵνα
1095 2883 1309 2950 πάντας
1382 2884 1589 2960 ἐλκύσῃ
1618 2885 1783 2958 ,πρὸς

161 2969 384 3036 ἑαυτὸν,
428 2971 570 3043 ῆείς
621 2973 713 3027 τὸν
753 2976 1003 3045 οὐρανὸν,
1074 2980 1156 3041 εἰς
1195 2979 1295 3050 τὴν
1356 2979 1640 3052 θεοπρεπῆ
1672 2998 1783 3051 grt-

167 3062 281 3134 μὴν
331 3066 423 3118 καί
459 3064 643 3133 δόξαν.
712 3068 1077 3139 Ἀναληφθεὶς
1120 3071 1231 3141 γὰρ
1265 3074 1345 3132 εἰς
1398 3072 1654 3145 οὐρανὸν,
1687 3075 1784 3129 καὶ

157 3153 241 3217 ὡς
282 3154 415 3219 Θεὸς
466 3158 601 3230 παρ’
638 3160 802 3231 ήμῶν
869 3162 1279 3233 δοξαζόμενος,
1333 3164 1429 3218 καὶ
1485 3166 1559 3236 μὴ
1623 3166 1781 3235 ψιλὸς

159 3248 482 3321 ἅνθρωπος,
520 3254 601 3317 εἰς
642 3253 771 3325 ὅρος
801 3255 1049 3309 ἀνελθεῖν
1082 3256 1305 3326 λέγεται
1332 3274 1347 3289 ο
1388 3259 1420 3329 ή
1455 3259 1564 3331 γὰρ
1594 3259 1775 3332 ὑψηλὴ

159 3345 297 3417 περὶ
325 3346 492 3400 αὐτοῦ
526 3348 728 3413 ἔννοια,
759 3350 909 3419 ὅρος.
936 3351 1226 3405 Διαδίδωσι
1250 3352 1307 3406 δὲ
1340 3354 1475 3423 ήμίν
1504 3354 1619 3417 τοῖς
1652 3356 1777 3418 ταῖς

158 3434 332 3488 πέντε
396 3438 724 3509 αἰσθήσεσιν
812 3441 1283 3509 ὑποπεπτωκόσι,
1334 3446 1462 3508 τοὺς
1520 3443 1776 3512 λογικοὺς

156 3527 365 3600 ιρτους
399 3533 563 3587 πέντε
596 3534 690 3587 καὶ
716 3535 913 3600 αὐτοὺς
941 3534 1125 3600 ὄντας.
1162 3537 1402 3609 Ἐκάστῃ
1438 3539 1549 3609 γὰρ
1574 3539 1774 3609 αἰσθή-

160 3640 249 3675 σει
284 3624 375 3676 τδν
408 3625 728 3697 πρόσφορον
758 3628 925 3697 ἄρτον
948 3628 1158 3693 δίδωσι,
1202 3630 1327 3700 ἦτοι
1349 3630 1441 3683 τὸν
1470 3631 1632 3700 λόγον
1653 3648 1666 3662 ο
1697 3630 1775 3696 ὡς

155 3718 258 3770 καὶ
283 3718 492 3782 Παῦλος
517 3720 687 3789 λέγει·
723 3740 741 3773 ι
775 3722 927 3776 Θέλω
950 3724 1114 3777 πέντε
1148 3722 1342 3794 λόγους
1371 3728 1429 3779 ὲν
1473 3725 1776 3799 Ἐκκλησία

155 3810 419 3881 λαλῆσαι,
475 3815 604 3877 τοὺς
646 3817 768 3878 ταῖς
813 3815 977 3869 πέντε
1010 3816 1215 3889 δηλαδὴ
1244 3818 1570 3890 αἰσθήσεσιν
1597 3821 1775 3891 ἁρμό-

155 3906 358 3970 ζοντας
376 3908 508 3978 πρὸς
527 3907 838 3980 διόρθωσιν.
864 3928 884 3962 ι
914 3911 989 3963 Οὐ
1022 3911 1210 3982 μέντοι
1238 3912 1523 3983 δυνάμεθα
1546 3912 1774 3977 τούτους

155 4001 292 4058 τοὺς
330 4001 494 4054 πέντε
541 4004 738 4071 λόγους
772 4005 929 4070 ὅλους
962 4010 1333 4077 καταφαγεῖν,
1376 4008 1516 4062 ἀλλὰ
1544 4011 1640 4062 καὶ
1677 4026 1775 4061 πε·

156 4094 526 4165 ριττεύουσιν.
583 4099 658 4149 oo
708 4098 818 4170 γάρ
851 4117 934 4163 τις
974 4099 1203 4155 δύναται
1250 4103 1414 4174 ήμῶν
1473 4103 1629 4167 ὅλους
1676 4100 1772 4157 τοῦ

163 4189 478 4259 μυστηρίου
515 4193 642 4254 τοὺς
668 4191 862 4261 λόγους
897 4194 1171 4265 χωρῆσαι,
1205 4195 1347 4251 ἀλλὰ
1394 4196 1466 4249 τὰ
1496 4197 1629 4269 ἡμῖν
1657 4200 1773 4261 τοῖς

160 4278 523 4351 ὑλικωτέροις
547 4283 817 4353 ἀνέφικτα
850 4286 946 4339 καὶ
984 4286 1213 4359 ἄϐρωτα
1258 4289 1308 4341 οἰ
1338 4287 1631 4343 ἀπόστολοι
1676 4290 1772 4362 βα-

1896 1943 2042 2012 quod
2099 1946 2265 2001 etiam
2321 1950 2365 2003 si
2414 1966 2582 2023 unum
2647 1964 2861 2011 tantum
2939 1974 3135 2031 panem
3204 1963 3527 2038 habeamus,

1895 2034 2047 2092 illum
2090 2038 2562 2111 multiplicaturus
2614 2047 2708 2113 sit,
2758 2050 2849 2119 qui
2876 2064 2943 2105 cx
2994 2054 3242 2126 quinque
3288 2034 3529 2129 panibus

1894 2134 2106 2186 tantum
2137 2149 2429 2205 superesse
2465 2136 2614 2193 fecit.
2672 2138 2781 2196 Per
2828 2143 3147 2215 allegoriam
3181 2159 3369 2209 autem
3416 2154 3527 2215 Do—

1895 2223 2079 2281 miuus
2111 2229 2333 2297 quando
2375 2231 2548 2286 exivit
2590 2230 2999 2308 Hierosolyma,
3039 2245 3344 2302 secundum
3377 2254 3524 2321 quod

1893 2315 1951 2372 in
1997 2322 2284 2391 prophetis
2344 2322 2554 2380 dictum
2604 2339 2691 2383 est
2716 2328 2810 2385 ’τι
2874 2349 2895 2383 ι
2962 2333 3240 2411 Dereliqui
3296 2315 3524 2403 domum

1893 2426 2097 2482 meam,
2138 2416 2335 2488 reliqui
2382 2419 2765 2480 hatreditatem
2814 2441 3041 2485 meam:
3076 2448 3097 2484 ι
3151 2442 3281 2492 tunc
3302 2430 3524 2497 sane'in

1893 2503 2182 2563 Galilaeam
2239 2513 2487 2580 gentium
2554 2517 2731 2582 vadit,
2776 2520 3014 2591 gent'les
3075 2527 3411 2599 suscipiens,
3467 2547 3527 2592 et

1892 2599 2054 2655 turba
2102 2601 2255 2659 illum
2308 2622 2504 2677 magna
2559 2614 2834 2683 sequitur.
2907 2617 3177 2676 Ascendit
3223 2634 3410 2682 autem
3466 2629 3521 2685 in

1890 2703 2158 2761 montem,
2208 2698 2315 2754 hoc
2360 2711 2446 2757 est
2476 2717 2724 2773 crucem,
2784 2715 2846 2763 ut
2878 2713 2947 2765 ad
2998 2727 3059 2769 se
3089 2716 3271 2787 rapiat
3323 2735 3521 2782 omnes

1892 2786 1977 2841 vel
2008 2787 2061 2842 in
2094 2789 2321 2860 cmlum,
2359 2796 2426 2850 ad
2459 2794 2729 2855 honorem
2775 2809 2831 2857 et
2863 2803 3097 2876 gloriam
3124 2786 3239 2866 Deo
3272 2813 3519 2885 dignam.

1895 2876 1965 2935 Ut
2004 2883 2151 2937 enim
2206 2889 2456 2944 ascendit
2509 2891 2563 2945 in
2603 2893 2777 2950 caelos
2831 2906 2887 2953 et
2934 2900 3233 2969 gloriﬁcari
3294 2876 3521 2981 cmpita

1896 2976 2058 3031 nobis
2088 2989 2147 3032 ut
2186 2978 2354 3048 Deus,
2395 2992 2452 3037 et
2492 3001 2598 3041 non
2628 2999 2685 3041 ut
2721 2989 2902 3048 nudus
2936 2992 3126 3063 homo,
3189 2998 3244 3054 in
3274 2976 3518 3062 montem

1894 3070 2213 3127 ascendisse
2249 3074 2475 3130 dicitur.
2533 3076 2805 3138 Sublimis
2858 3085 3005 3141 enim
3054 3088 3122 3143 de
3147 3090 3244 3146 illo
3306 3096 3519 3165 opinio,

1893 3176 2051 3221 mons
2095 3174 2200 3220 est.
2254 3166 2356 3222 Dat
2412 3181 2596 3227 autem
2650 3175 2831 3244 nobis,
2884 3181 3205 3254 quicunque
3260 3190 3521 3250 sensibus

1890 3252 2123 3322 subjecti
2167 3271 2383 3326 sumus,
2425 3265 2724 3323 rationales
2757 3285 2928 3340 panes
2978 3252 3431 3352 quiuqtte,.quia
3464 3300 3521 3344 et

1886 3346 1991 3414 ipsi
2023 3348 2271 3421 quinque
2301 3363 2430 3410 sunt
2469 3373 2483 3411 :
2522 3359 2822 3431 unicuique
2855 3365 3002 3421 enim
3058 3346 3244 3429 sensui
3306 3393 3514 3439 conve‘

1887 3440 2134 3496 nientem
2187 3459 2382 3513 panem
2419 3447 2533 3517 dat,
2586 3452 2692 3508 hoc
2737 3464 2825 3511 est
2855 3472 3173 3520 sermonem
3210 3484 3225 3523 :
3271 3471 3415 3527 sicut
3459 3487 3519 3531 et

1846 3614 1857 3628 .
1888 3534 2090 3593 Paulus
2112 3539 2247 3595 dicit
2276 3540 2356 3595 ":
2388 3560 2408 3595 ι
2448 3542 2582 3600 Volo
2606 3548 2851 3619 quinque
2878 3567 3167 3614 sermones
3192 3560 3245 3615 in
3267 3560 3514 3624 Ecclesia

1886 3628 2035 3701 loqui
2060 3634 2151 3703 qui
2175 3636 2419 3706 quinque
2440 3653 2701 3697 sensuum
2721 3644 3075 3705 tedilicationi
3105 3659 3461 3718 conveniant.
3490 3684 3510 3716 ι

1884 3722 2008 3781 Non
2044 3741 2343 3797 possumus
2390 3741 2575 3789 autem
2623 3738 2870 3810 quinque
2924 3757 3214 3806 sermones
3265 3752 3514 3826 integros

1886 3833 2111 3889 capere,
2143 3825 2239 3879 sed
2290 3838 2359 3880 ex
2394 3826 2475 3880 eis
2508 3829 2792 3888 abundant
2826 3835 3093 3908 reliquiae.
3134 3842 3332 3903 Nullus
3357 3825 3510 3908 enim

1889 3924 2071 3983 p0test
2098 3916 2344 3985 integros
2373 3922 2769 3990 mysteriorum
2826 3942 3117 3989 sermones
3154 3950 3380 4008 capere,
3413 3949 3509 4000 sed

1885 4024 2008 4079 quae
2047 4025 2146 4064 nos
2196 4025 2396 4081 capere
2438 4022 2493 4068 et
2524 4019 2817 4077 comedere
2871 4034 3063 4097 utpote
3114 4034 3369 4092 carnales
3402 4055 3509 4094 nou

1885 4118 2202 4173 possumus,
2231 4106 2460 4175 apostoli
2486 4118 2729 4179 gestant,
2760 4117 2917 4185 quasi
2950 4120 3004 4176 in
3041 4123 3287 4198 quinque
3313 4130 3512 4200 cophio

1886 4198 1993 4265 uis,
2025 4200 2146 4255 suis
2189 4199 2354 4269 justis
2390 4202 2705 4260 animabus,
2735 4206 2970 4281 Cuphini
3002 4228 3068 4268 ex
3095 4219 3268 4276 ramis
3297 4198 3508 4291 palma.

1888 4305 2010 4347 rum
2045 4301 2171 4344 sunt
2198 4309 2212 4358 ;
2254 4309 2273 4342 ι
2299 4288 2492 4348 Justus
2523 4305 2783 4353 autumat
2809 4301 2989 4370 palma
3018 4288 3312 4369 ﬂorebit”.
3334 4331 3357 4370 ι

156 4378 483 4446 στάζουσιν,
529 4381 747 4454 ὥσπερ,
791 4382 848 4437 ἔν
879 4402 990 4438 τισι
1052 4386 1319 4454 κοφίνοις,
1381 4390 1502 4450 ταῖς
1565 4389 1779 4443 ἑαυτῶν
1818 4388 2062 4454 δικαίαις
2089 4389 2318 4462 ψυχαῖς.
2361 4392 2427 4445 Ol
2491 4392 2604 4464 γὰρ
2645 4394 2884 4467 κόφινοι,
2918 4399 2983 4455 ἐκ
3030 4401 3205 4474 βαΐων
3265 4414 3504 4481 φοινικί-
3568 4406 3569 4409 “

152 4492 267 4529 νων
292 4494 305 4507 ·
342 4497 360 4530 ι
400 4478 619 4544 Δίκαιος
643 4480 721 4545 δὲ,
761 4481 837 4544 ὡς
860 4484 1051 4550 ,φοῖνιξ
1079 4483 1326 4551 ἀνθήσει.
1362 4504 1383 4539 s

237 4595 257 4628 ι
298 4578 364 4631 Oi
398 4577 490 4632 οὖν
509 4578 816 4651 ἄνθρωποι,
858 4581 1058 4646 ἰδόντες
1084 4582 1144 4635 τὸ
1185 4586 1420 4655 σημεῖον
1450 4585 1478 4639 ὃ
1513 4586 1774 4659 ἐποίησεν

1957 4583 2126 4641 Vens.
2172 4585 2262 4649 14,
2296 4584 2385 4639 15.
2426 4584 2564 4656 ιζΙΙΙί
2595 4600 2727 4657 ergo
2772 4586 3027 4649 homines
3071 4610 3195 4651 cum
3233 4598 3504 4681 vidissent

152 4670 189 4723 ὁ
229 4669 463 4741 Ἰησοῦς,
494 4670 684 4741 ἔλεγον
707 4674 812 4741 ὅτι,
847 4667 1015 4741 Οὗτός
1055 4676 1203 4729 ἐστιν
1244 4677 1463 4748 ἀληθῶς
1496 4680 1523 4732 ὁ
1550 4682 1767 4751 προφή-

153 4778 261 4833 της
291 4763 319 4813 ὁ
366 4764 661 4835 ἐρχόμενος
700 4768 783 4830 εἰς
816 4767 907 4819 τὸν
938 4768 1167 4839 κόσμον.
1216 4771 1429 4841 Ἰησοῦς
1461 4766 1575 4837 οὖν,
1604 4773 1768 4842 γνοὺς

152 4856 241 4910 ὅτι
282 4857 576 4925 μέλλουσιν
623 4858 905 4931 ἔρχεσθαι,
968 4861 1069 4914 καὶ
1126 4862 1397 4935 ἁρπάζειν
1444 4863 1631 4929 αὑτὸν,
1678 4865 1768 4919 ἴνα

152 4952 463 5021 ποιήσωσιν
523 4953 688 5006 αὐτὸν
721 4953 973 5023 βασιλέα,
1022 4954 1342 5027 ἀνεχώρησε
1384 4956 1551 5009 πάλιν
1595 4958 1676 5022 εἰς
1708 4958 1767 5011 τὸ

146 5044 284 5117 βρος
317 5044 481 5108 αὐτὸς
535 5045 719 5116 μόνος.
766 5065 785 5099 ι
822 5047 967 5119 Ὅρα
1027 5046 1126 5120 τὴν
1178 5050 1637 5120 γαστριμαργίαν
1671 5051 1765 5105 τοῦ

150 5138 437 5209 πλήθουςσ
483 5140 655 5212 μυρία
715 5139 976 5213 θαύματα
1035 5144 1372 5215 ποιήσαντος
1424 5144 1519 5199 τοῦ
1565 5145 1764 5215 Ἰησοῦ,

150 5235 252 5287 καὶ
314 5233 765 5305 θαυμασιώτερα,
803 5238 905 5289 οὐκ
961 5235 1309 5307 ἐθαύμαζον·
1354 5240 1449 5291 καὶ
1506 5238 1615 5292 ἰδοὺ
1678 5241 1767 5292 διὰ

159 5326 265 5399 τὴν
306 5325 535 5397 βρῶσιν,
590 5346 609 5379 ι
648 5322 819 5392 Οὗτος
844 5371 857 5395 ,
912 5331 1100 5397 φασὶν,
1138 5330 1285 5384 ἔστιν
1317 5332 1345 5383 ό
1386 5333 1699 5403 προφήτης.
1743 5352 1759 5383 ι

150 5421 273 5472 Οὐκ
304 5419 386 5472 ἔτι
418 5420 569 5490 αύτῴ
609 5422 739 5491 περὶ
774 5422 875 5491 τῆς
924 5423 1019 5476 τοῦ
1078 5425 1365 5479 Σαὸὗὰτου
1394 5427 1767 5497 παραϐάσεως

151 5514 507 5583 ἐγκαλοῦσιν,
540 5517 640 5569 οὐκ
669 5514 747 5566 ἔτι
786 5516 876 5568 τὸν
901 5518 1067 5587 νόμον
1103 5520 1417 5573 ὲκδικοῦσιν
1446 5538 1458 5549 '
1497 5522 1632 5574 ἀλλὰ
1672 5539 1763 5574 το-

151 5608 350 5663 σοῦτον
401 5609 489 5663 διὰ
534 5612 663 5673 τοὺς
709 5611 908 5684 ἄρτους
962 5612 1127 5664 αὑτὸν
1183 5614 1440 5681 τιμῶσιν,
1495 5614 1639 5667 ὥστε
1698 5616 1759 5667 ού

152 5705 319 5775 μόνον
345 5705 634 5781 προφήτην
669 5703 1125 5774 ἀναγορεύουσιν,
1159 5707 1295 5759 ἀλλὰ
1348 5710 1441 5761 καί
1477 5707 1762 5776 βασιλείας

1875 4681 2020 4752 quod
2062 4679 2226 4736 Iesus
2265 4678 2473 4735 fecerat
2507 4680 2750 4751 signum,
2790 4684 3089 4745 dicebant:
3131 4689 3231 4749 llie
3260 4705 3347 4773 est
3374 4678 3504 4756 vere

1879 4774 2148 4846 propheta
2192 4773 2281 4829 ille
2317 4772 2411 4843 qui
2469 4785 2740 4833 venturus
2794 4790 2879 4835 est
2915 4782 2966 4836 in
3018 4772 3307 4853 mundum.
3340 4790 3504 4852 Jesus

1880 4884 2011 4939 ergo
2050 4883 2175 4924 cum
2228 4869 2586 4937 cognovisset
2647 4873 2792 4941 quod
2825 4877 3044 4933 venturi
3076 4892 3284 4951 essent,
3320 4901 3386 4943 ac
3417 4904 3504 4945 ra-

1875 4971 2025 5031 pturt
2090 4960 2269 5031 ipsum
2335 4968 2396 5016 ut
2450 4960 2700 5018 facerent
2756 4963 2934 5034 ipsum
2997 4984 3206 5043 regem,
3265 4983 3503 5038 secessit

1878 5052 2075 5108 iterum
2108 5052 2227 5119 ipse
2275 5052 2326 5107 in
2370 5063 2615 5109 montem
2660 5056 2833 5113 solus.
2877 5078 2896 5110 ι
2935 5061 3073 5119 Vide
3101 5066 3283 5136 gulam
3328 5073 3497 5145 vulgi,

1876 5144 2239 5218 cumﬂecisset
2259 5146 2542 5202 innumera
2568 5150 2856 5219 miracula,
2879 5154 3110 5229 et585
3132 5144 3497 5232 mirabiliora.

1877 5256 1983 5293 non
2029 5240 2471 5307 admirabantur,
2514 5252 2571 5299 et
2598 5258 2727 5299 ecce
2784 5259 3009 5318 propter
3048 5252 3234 5311 cibum
3286 5260 3494 5327 dicunt,

1882 5348 1900 5381 ι
1932 5329 2029 5385 llic
2056 5342 2139 5385 est
2175 5332 2267 5386 ille
2292 5333 2581 5401 propheta.
2622 5353 2642 5387 ι
2676 5334 2794 5391 Νοιι
2832 5340 3066 5410 amplius
3100 5358 3225 5401 eum
3254 5348 3320 5405 de
3357 5348 3501 5408 Sab-

1876 5425 1989 5479 bati
2032 5424 2324 5481 violatione
2352 5439 2613 5495 arguunt,
2659 5445 2765 5485 non
2798 5431 2938 5488 ultra
2975 5435 3149 5508 legem
3188 5441 3496 5512 vindicant,

1879 5519 1971 5574 sed
2006 5519 2143 5575 adeo
2180 5520 2331 5574 illum
2370 5531 2593 5592 propter
2616 5539 2785 5593 panes
2814 5527 3021 5594 colunt,
3054 5542 3112 5585 ut
3149 5543 3203 5588 et
3236 5550 3360 5593 eum
3387 5556 3493 5597 non

1878 5615 2053 5668 solum
2098 5616 2421 5685 pmphetam
2464 5619 2782 5686 praedicent,
2826 5623 2920 5678 sed
2971 5633 3027 5681 et
3059 5625 3281 5699 dignum
3329 5648 3497 5704 rcguu

1877 5720 2162 5765 censeant.
2197 5710 2267 5765 At
2299 5709 2387 5767 ille
2416 5708 2574 5783 fugit,
2604 5715 2864 5773 erudiens
2889 5732 2993 5775 nos
3029 5723 3337 5783 mundanas
3366 5744 3503 5785 con-

222 5893 269 5928 "
299 5889 507 5948 Jercm.
546 5908 645 5958 xtl,
678 5891 730 5946 7.
808 5893 853 5924 ³⁸
879 5891 1045 5947 lCor.
1081 5908 1193 5955 xiv.
1238 5891 1326 5947 l9.
1407 5893 1450 5925 ³⁸
1481 5892 1626 5950 Petti.
1666 5909 1778 5960 CXI,
1817 5893 1903 5949 15.

464 5986 743 6049 ΡΑΤΙιΟι.
788 5986 911 6050 Gtt.
961 5986 1224 6050 CXXIII
1242 6030 1258 6049 .

3056 5995 3128 6059 41
