4078 6330
619 390 750 456 1291

1545 373 2132 443 THEOPHYLACTI
2176 365 2594 432 BULGARIE
2634 363 2993 426 ARCHIEP.

3766 343 3907 410 1292

615 513 859 558 temnere
889 496 1201 570 dignitates.
1229 512 1260 560 ¹ι
1303 491 1524 549 Secedit
1550 500 1730 547 autem
1759 490 1814 543 in
1832 495 2074 542 montem
2097 484 2212 554 ipse

2323 480 2472 546 ἄξιον
2507 476 2738 532 οἴονται.
2782 472 2925 527 ’Λλλ’
2951 469 3162 530 ἐκεῖνος
3191 464 3411 536 φεύγει,
3445 458 3728 516 παιδεύων
3766 456 3909 527 ἡμᾶς

614 595 787 660 solus,
823 611 843 646 ι
876 590 1022 647 nullo
1055 585 1442 658 discipulorum
1491 591 1792 653 assumpto,
1833 593 1941 652 quo
1990 577 2204 634 illorum

615 686 871 760 probaret
908 681 1266 748 desiderium,
1306 693 1436 735 num
1495 676 1700 732 ferrent
1753 674 1834 730 sui
1875 669 2202 728 absentiam.

682 956 851 1013 Vsus.
887 954 1078 1014 16-21.
1119 973 1138 1007 ι
1181 951 1252 1009 At
1284 950 1374 1009 ubi
1419 950 1531 1020 jam
1608 961 1836 1018 vespera
1883 953 2048 1009 esset,
2111 942 2207 996 de-

615 1052 948 1108 scenderunt
1003 1045 1261 1120 discipuli
1309 1043 1428 1115 ejus
1481 1043 1548 1097 ad
1599 1054 1782 1106 mare,
1813 1049 1867 1093 et
1912 1049 2204 1091 conscensa

614 1146 773 1210 ttavi,
808 1148 1078 1197 venerunt
1127 1135 1358 1207 traiecto
1399 1135 1537 1191 mari
1573 1134 1642 1186 ad
1688 1129 1944 1201 oppidum
1998 1123 2205 1196 Caper-

615 1254 802 1293 naum.
847 1234 1078 1302 Jamque
1117 1231 1355 1286 t‘enebra:
1388 1233 1579 1292 erant,
1613 1237 1713 1279 nec
1747 1227 1972 1276 venerat
2009 1219 2076 1272 ad
2113 1230 2207 1271 eos

612 1325 796 1381 Jesus.
830 1326 976 1379 Mare
1009 1336 1189 1377 autem
1231 1328 1397 1375 vento
1443 1330 1640 1387 magno
1681 1313 1847 1369 ﬂante
1879 1312 2210 1367 intumesce—

617 1421 729 1490 bat.
785 1416 922 1471 Cum
981 1413 1340 1484 remig’assent
1386 1425 1515 1481 ergo
1561 1408 1737 1464 ferme
1787 1406 1960 1462 stadia
2015 1403 2206 1474 viginti

617 1512 857 1580 quinque
906 1517 1001 1562 aut
1054 1506 1308 1576 triginta,
1367 1503 1552 1559 vident
1600 1501 1784 1557 Jesum
1834 1497 2208 1554 ambulantem

617 1617 781 1670 super
825 1614 977 1654 mare
1025 1608 1080 1653 et
1124 1597 1652 1668 apprOpiuquantem
1688 1593 1813 1647 navi
1839 1634 1854 1656 ,
1891 1606 1955 1646 ac
2009 1591 2209 1644 timue-

617 1710 764 1748 i'ltlil.
811 1693 902 1746 ille
931 1701 1107 1745 autem
1142 1689 1274 1744 dicit
1303 1690 1418 1743 eis:
1456 1688 1566 1757 Ego
1600 1701 1743 1750 sum,
1781 1684 1950 1739 nolite
1994 1681 2206 1736 timere.

623 1785 925 1841 Voluerunt
973 1799 1103 1855 ergo
1158 1783 1401 1852 recipere
1435 1796 1559 1836 eum
1609 1782 1662 1833 in
1712 1779 1916 1839 navim,
1959 1786 2012 1831 et
2065 1774 2207 1829 illico

620 1879 771 1933 navis
812 1845 1094 1948 appulerat
1136 1845 1297 1930 terrae
1329 1874 1394 1926 ad
1441 1887 1601 1943 quam
1650 1872 1821 1925 ibant.
1877 1888 1895 1920 ι
1941 1866 2208 1921 Dominus
2239 1845 2283 1900 Β

621 1965 838 2038 quidem
876 1962 1190 2020 ascenditin
1216 1970 1450 2018 montem
1471 1961 1738 2027 solus,ut,
1772 1961 1912 2016 sicut
1940 1958 2210 2023 diximus,

619 2061 810 2127 probet
840 2056 1172 2113 desiderium
1211 2053 1602 2124 discipulorum
1643 2067 1710 2107 an
1748 2050 2027 2122 inquirant
2058 2065 2205 2105 eum.

617 2154 691 2207 At
739 2151 814 2204 illi
853 2147 1249 2218 exspectabant
1282 2161 1457 2218 usque
1503 2146 1570 2200 ad
1614 2159 1895 2214 vesperam
1927 2151 2210 2212 sperantes

619 2255 906 2300 venturum
944 2242 1124 2312 ipsum
1181 2257 1195 2293 :
1234 2250 1284 2295 et
1321 2253 1444 2293 cum
1486 2252 1593 2292 non
1631 2237 1878 2300 veniret,
1926 2251 2031 2290 non
2077 2234 2211 2288 tole-

621 2338 842 2402 rabant,
878 2334 971 2389 sed
1013 2318 1286 2389 desiderio
1319 2330 1596 2401 quaerendi
1639 2328 1793 2384 illum
1837 2326 2052 2383 accensi
2085 2341 2215 2380 con-

621 2429 892 2487 scendunt
922 2427 975 2481 in
1006 2425 1210 2504 navim.
1236 2423 1354 2480 Non
1384 2425 1528 2480 enim
1558 2432 1761 2478 temere
1792 2432 1846 2476 et
1877 2420 2019 2475 forte
2041 2434 2213 2474 evan-

621 2523 811 2594 gelista
844 2530 1060 2590 tempus
1097 2515 1504 2582 manifestavit,
1533 2516 1626 2570 sed
1658 2529 1753 2585 per
1796 2513 1896 2568 hnc
1922 2517 2213 2567 vehemen-

625 2626 733 2668 tem
795 2611 1008 2666 illorutn
1072 2610 1398 2666 charitatem
1455 2605 1789 2671 declaravit,
1838 2603 1984 2674 quod
2040 2616 2215 2671 neque

626 2718 854 2774 vespera
884 2717 979 2758 eos
1013 2701 1324 2762 retinuerit.
1364 2699 1616 2755 Permisit
1647 2709 1831 2752 autem
1883 2711 1977 2752 eos
2008 2706 2218 2765 tempe-

627 2805 771 2852 state
819 2794 1155 2866 periclitari,
1202 2803 1263 2849 ut
1303 2792 1446 2849 facta
1492 2801 1616 2862 post
1654 2799 2030 2859 tempestatem
2069 2799 2220 2842 tran-

628 2886 918 2957 quillitate,
945 2885 1214 2941 miraculo
1252 2884 1424 2954 magis
1454 2882 1790 2947 laztarentur,
1825 2892 1881 2937 et
1915 2880 2221 2936 indelebilis

630 2977 895 3033 m’emoria
935 2975 1037 3044 sui,
1069 2973 1280 3028 illorum
1331 2969 1643 3043 pectoribus
1678 2968 1955 3025 insideret.
1993 2965 2221 3022 Assistit

631 3075 809 3122 autem
834 3066 943 3121 illis
957 3080 1079 3120 cum
1102 3070 1393 3134 tempestas
1413 3071 1582 3128 esset,
1627 3069 1682 3116 et
1696 3075 1949 3116 sermone
1967 3059 2219 3114 timorem

631 3158 857 3229 ejiciens
891 3166 945 3212 et
970 3154 1422 3227 tranquillitatem
1450 3153 1504 3207 in
1531 3151 1669 3206 mari
1695 3151 1919 3215 faciens,
1945 3150 2216 3221 duplicem

634 3249 1288 3319 serenitatemoperatur,
1312 3244 1556 3300 sedando
1586 3253 1694 3297 tam
1731 3241 2034 3298 animarum
2055 3257 2218 3312 quam

634 3341 801 3397 maris
846 3340 1233 3396 turbationem.
1265 3338 1444 3394 Porro
1495 3336 1549 3391 in
1603 3350 1797 3391 navem
1833 3350 1942 3390 non
1979 3336 2225 3390 ascendit

637 3434 959 3490 miraculum
995 3431 1168 3501 majus
1198 3429 1378 3486 facere
1409 3431 1616 3485 volens.
1653 3427 1786 3484 Vide
1812 3430 1956 3483 enim
1989 3429 2091 3482 tria
2122 3429 2226 3482 nti-

633 3526 818 3582 racula
853 3543 868 3581 :
900 3539 1092 3592 unum,
1119 3523 1264 3594 quod
1304 3522 1596 3578 ambularit
1626 3536 1790 3592 super
1819 3534 2002 3587 mare;
2029 3536 2227 3576 secun-

635 3620 800 3685 dum,
847 3617 989 3687 quod
1046 3616 1449 3687 compescuerit
1502 3614 1736 3680 ﬂuctus;
1785 3615 2042 3680 tertium,
2079 3614 2224 3683 quod

637 3709 821 3764 statim
858 3723 1049 3763 navem
1088 3706 1279 3763 fecerit
1317 3721 1439 3761 esse
1476 3706 1529 3760 in
1564 3716 1710 3760 terra
1754 3706 1806 3760 in
1843 3720 2005 3774 quam
2038 3706 2224 3770 ibant,

637 3801 888 3871 quamvis
933 3799 1162 3854 multum
1198 3799 1416 3855 abesset
1443 3813 1472 3851 a
1515 3807 1662 3854 terra
1698 3812 1820 3853 cum
1852 3797 2135 3852 assisteret
2176 3797 2226 3852 ei

641 3892 918 3947 Dominus.
974 3891 1146 3960 Igitur
1183 3891 1524 3945 tra’nsierunt
1592 3890 1808 3959 quidem
1857 3888 2026 3945 Judazi
2077 3902 2227 3942 mare

640 3984 905 4049 Rubrum,
961 3985 1095 4036 duce
1124 3979 1274 4036 Mose
1297 3979 1368 4047 ”;
1428 3995 1617 4035 verum
1644 3979 1732 4034 ille
1751 3991 1812 4034 ut
1834 3993 2023 4035 servus
2043 3979 2228 4034 omnia

640 4075 872 4129 iaciebat
904 4083 957 4127 et
989 4073 1341 4143 precabatur;
1387 4079 1443 4126 at
1476 4071 1565 4126 hic
1596 4071 1743 4126 omni
1775 4085 1900 4124 eum
1933 4080 2224 4138 potestate.

641 4164 707 4219 Et
741 4164 845 4218 illic
868 4162 1031 4220 tlaute
1054 4170 1242 4216 austro
1272 4161 1498 4216 cedebat
1530 4174 1692 4230 aqua,
1724 4169 1784 4214 ut
1809 4161 1964 4231 quasi
1993 4161 2048 4215 in
2077 4161 2227 4215 arida

641 4260 798 4315 daret
827 4257 1149 4321 transitum;
1197 4257 1301 4310 hoc
1337 4265 1516 4310 autem
1550 4254 1669 4310 loco
1700 4253 1876 4322 majus
1908 4253 2230 4310 miraculum

642 4353 721 4406 lit.
760 4350 982 4405 Mauens
1013 4349 1156 4402 enim
1190 4351 1244 4402 in
1277 4363 1376 4402 sua
1413 4355 1607 4402 natura
1637 4361 1815 4411 mare,
1853 4347 1908 4402 itt
1943 4347 2231 4416 superlicie

637 4459 736 4500 sua
765 4441 976 4498 ferebat
1000 4442 1307 4506 Dominum,
1331 4451 1389 4495 ut
1416 4440 1732 4510 impleretur
1752 4442 2127 4511 propheticum
2146 4441 2190 4473 "
2214 4459 2227 4496 :

2309 573 2421 626 τῶν
2472 569 2761 642 κοσμικῶν
2790 563 3162 635 καταφρονεῖν
3199 559 3560 630 ἀξιωμάτων.
3602 552 3910 623 ’Δναχωρεῐ

2309 665 2367 719 δὲ
2402 666 2482 728 είς
2531 663 2594 716 τὸ
2621 663 2749 733 ὄρος
2789 659 2954 721 αὐτὸς
2998 655 3183 726 μόνος,
3233 651 3440 723 μηδένα
3487 645 3603 702 τῶν
3654 643 3911 725 μαθητῷν

2311 755 2646 831 παραλαϐών
2673 771 2686 785 ο
2719 753 2793 815 ὡς
2827 750 2894 804 ἂν
2931 747 3116 831 αύτῶν
3154 745 3246 799 τὸν
3277 742 3445 796 πόθον
3476 738 3788 810 δοκιμάσῃ,
3822 735 3911 788 καὶ

2311 852 2359 904 εί
2500 849 2735 920 φέρουσι
2763 842 2872 913 τὴν
2903 824 3071 897 αὐτοῦ
3100 838 3384 909 στέρησιν.

2387 964 2407 996 ι
2459 942 2549 1006 Ὠς
2599 941 2656 995 δὲ
2713 940 2842 1009 ὀψία
2893 935 3147 1006 ἐγένετο,
3194 929 3512 1000 κατέϐησαν
3560 929 3611 980 oi
3658 922 3911 997 μαθηταὶ

2309 1034 2473 1089 αὐτοῦ
2500 1035 2579 1096 εἰς
2610 1032 2709 1102 τὴν
2737 1031 3038 1085 θάλασσαν.
3070 1025 3180 1081 Καὶ
3203 1023 3476 1094 ἐμϐάντες
3509 1021 3593 1083 είς
3616 1018 3680 1072 τὸ
3707 1019 3911 1079 πλοῖον,

2310 1132 2541 1202 ἤρχοντο
2574 1128 2749 1197 πέραν
2779 1125 2879 1196 τῆς
2923 1122 3204 1191 θαλάσσης
3244 1120 3326 1182 εἰς
3360 1112 3769 1187 Καπερναούμ.
3807 1110 3918 1164 Καὶ

2313 1223 2505 1276 σκοτία
2535 1221 2638 1292 ἠδη
2683 1218 2961 1287 ἐγεγόνει,
2996 1214 3093 1268 καὶ
3119 1214 3219 1266 οὐκ
3251 1209 3503 1280 ἐληλύθει
3534 1207 3680 1278 πρὸς
3719 1205 3918 1266 αὐτοὺς

2310 1318 2338 1371 ό
2385 1314 2622 1386 Ἰησοῦς.
2662 1315 2735 1366 Ἦ
2785 1328 2845 1364 τε
2876 1310 3128 1364 θάλασσα
3164 1305 3370 1374 ἀνέμου
3411 1301 3675 1363 πνέοντος
3708 1298 3920 1386 διηγείτ

2313 1379 2462 1481 ρετοί
2519 1405 2878 1476 Ἐληλακὸτες
2919 1402 3012 1455 οῦν
3055 1400 3130 1464 ὼς
3183 1398 3434 1459 σταδίους
3487 1391 3839 1447 εἰκοσιπέντε
3887 1379 3920 1458 ἢ

2310 1503 2640 1572 τριάκοντα,
2686 1494 2956 1568 θεωροῦσι
2990 1493 3084 1547 τὸν
3142 1489 3352 1560 Ἰησοῦν
3384 1484 3800 1560 περιπατοῦντα
3830 1481 3922 1535 επὶ

2310 1594 2412 1664 τῆς
2442 1591 2722 1662 θαλάσσης
2746 1630 2759 1653 ,
2795 1589 2892 1642 καὶ
2924 1586 3096 1656 ἐγγὺς
3119 1584 3212 1638 τοῦ
3242 1581 3430 1636 πλοίου
3468 1578 3803 1649 γενόμενον·
3829 1576 3921 1626 καὶ

2310 1685 2685 1755 ἐφοϐήθησαν.
2737 1681 2798 1735 '0
2832 1682 2890 1735 δὲ
2936 1679 3087 1748 λέγει
3127 1679 3352 1740 αὐτοῖς’
3418 1671 3566 1740 Ἐγώ
3627 1671 3791 1740 εἰμι,
3848 1665 3920 1737 μὴ

2313 1779 2593 1848 φοϐεῖσθε.
2647 1773 2882 1829 Ἥθελον
2911 1769 3008 1827 οὖν
3037 1771 3226 1825 λαϐεῖν
3268 1767 3430 1824 αὐτὸν
3466 1767 3548 1828 είς
3588 1764 3654 1816 τὺ
3696 1762 3918 1823 πλοῖον,

2312 1872 2409 1926 καὶ
2436 1870 2638 1932 εὐθέως
2667 1869 2730 1922 τὸ
2758 1866 2943 1920 πλοῖον
2975 1863 3193 1934 ἐγένετο
3209 1863 3307 1915 ’ἐπὶ
3327 1861 3428 1929 τῆς
3455 1859 3558 1927 γῆς
3585 1857 3669 1920 εἰς
3691 1857 3763 1927 ἣν
3786 1854 3920 1921 ὑπῆ-

2313 1984 2433 2038 γον.
2466 1987 2485 2021 ι
2542 1967 2600 2022 '0
2639 1966 2738 2038 μὲν
2768 1965 2975 2037 Κύριος
3005 1963 3214 2018 ἄνεισιν
3237 1962 3316 2021 εἰς
3340 1957 3403 2011 τὸ
3438 1956 3564 2027 ὅρος
3596 1955 3786 2025 μόνος,
3817 1951 3922 2014 ἵνα.

2314 2061 2501 2126 καθὼς
2540 2061 2811 2131 εἴπωμεν,
2841 2055 3116 2128 δοκιμάσῃ
3152 2055 3245 2107 τὸν
3275 2051 3438 2107 πόθον
3478 2048 3590 2104 τῶν
3627 2044 3923 2119 μαθητῶν.

2315 2158 2363 2209 εί
2396 2153 2751 2225 ἐπιζητοῦσιν
2787 2151 2972 2206 αὐτόν.
3011 2151 3076 2204 Οἱ
3116 2147 3197 2210 δὲ,
3233 2142 3593 2216 περιμένουσι
3630 2141 3736 2209 μὲν
3768 2137 3928 2192 αὑτὸν

2314 2247 2476 2320 ἄχρις
2515 2247 2676 2318 ὀψίας
2697 2288 2712 2310 ,
2749 2243 3163 2315 προσδοκῶντες
3192 2238 3346 2310 ἥξειν
3371 2235 3537 2291 αὑτόν
3559 2249 3574 2264 ⁶
3619 2231 3698 2304 μὴ
3729 2229 3927 2284 ιλθόν-

2315 2355 2407 2399 τις
2445 2339 2500 2392 δὲ
2522 2379 2534 2403 ,
2563 2338 2663 2390 οὐκ
2696 2336 2981 2406 άνέχςνται
3015 2373 3031 2396 ,
3060 2330 3197 2385 ἀλλὰ
3228 2327 3364 2398 πρὸς
3390 2328 3623 2397 ζήτησιν
3653 2321 3826 2378 αὑτοῦ
3854 2321 3930 2391 τῷ

2317 2430 2469 2500 πόθῳ
2520 2427 2918 2497 κεντούμενοι,
2979 2421 3336 2494 ἐμϐαίνουσιν
3377 2420 3460 2482 είς
3501 2418 3562 2471 τὸ
3600 2416 3815 2471 πλοῖον.
3855 2415 3927 2467 Οὐ

2316 2524 2427 2595 γὰρ
2461 2521 2670 2589 ἁπλῶς,
2706 2521 2802 2574 καὶ
2831 2519 2907 2582 ὡς
2954 2518 3169 2588 ἔτυχεν,
3200 2517 3228 2568 ὁ
3252 2510 3650 2582 εύαγγελιστὴς
3678 2509 3776 2562 τδν
3812 2525 3930 2562 και-

2323 2617 2412 2687 ρὸν
2446 2616 2740 2686 ἐδήλωσεν,
2773 2612 2911 2666 ἀλλὰ
2938 2610 3027 2664 διὰ
3069 2609 3263 2662 τούτου
3289 2605 3388 2676 τὴν
3419 2602 3664 2673 σφοδρὰν
3705 2602 3930 2668 ἀγάπην

2319 2709 2503 2765 αὐτῶν
2528 2708 2844 2779 ἐμφαίνων,
2876 2706 2958 2758 ὅτι
2991 2703 3114 2758 οὐδὲ
3154 2700 3367 2770 ἑσπέρα
3400 2697 3600 2760 αὐτοὺς
3636 2694 3929 2761 κατέσχεν.

2334 2798 2552 2868 Ἀφίησι
2601 2798 2657 2850 δὲ
2691 2798 2890 2860 αὐτοὺς
2923 2793 3331 2866 χειμασθῆναι,
3368 2790 3456 2843 ἵνα
3487 2790 3554 2841 ὲκ
3590 2785 3692 2840 τοῦ
3725 2783 3933 2838 κλύδωο

2322 2907 2413 2953 νος
2469 2889 2714 2959 γαλήνης
2773 2885 3175 2955 ἐπιγενομένης
3200 2922 3214 2944 ,
3269 2881 3350 2952 τῷ
3401 2877 3658 2948 γεγονότι
3732 2874 3934 2945 μᾶλλον

2322 2981 2789 3054 ὲπευφρανθῶσι,
2841 2979 2938 3033 καὶ
2991 2974 3357 3044 ἀνεπίληστος
3396 2973 3431 3042 ἡ
3491 2971 3691 3040 μνήμη
3741 2969 3933 3020 τούτου

2323 3077 2444 3139 ταῖς
2482 3075 2665 3129 αὐτῶν
2708 3069 2960 3144 καρδίαις
2992 3069 3338 3140 ὲνσημανθῇ.
3383 3066 3711 3134 Ἐφίσταται
3745 3063 3806 3117 δὶ
3835 3063 3933 3116 αύ-

2248 3199 2291 3259 C
2324 3173 2439 3232 τοῖς
2466 3168 2891 3239 χειμαζομένοις
2914 3205 2930 3232 ,
2962 3163 3058 3218 καὶ
3090 3162 3179 3216 διὰ
3209 3161 3303 3214 τοῦ
3331 3160 3496 3259 λόγου
3529 3157 3625 3212 τόν
3666 3173 3728 3259 τε
3771 3155 3936 3259 φὶϐον

2328 3259 2618 3325 ἐκϐάλλει,
2672 3259 2768 3311 καὶ
2805 3258 2924 3326 ἅμα
2979 3255 3223 3325 γαλήνην
3263 3253 3331 3321 τῇ
3367 3248 3619 3321 Θαλάσσῃ
3669 3248 3932 3314 ἐμποιεῖ·

2329 3354 2423 3407 καὶ
2449 3351 2645 3420 διπλῆν
2676 3348 2858 3402 εὐδίαν
2899 3347 3196 3418 ἐργάζεται
3223 3383 3238 3406 ,
3263 3343 3375 3396 τῶν
3416 3359 3476 3396 τε
3529 3341 3728 3412 ψυχῶν
3757 3340 3937 3394 αὐτῶν

2330 3444 2426 3498 καὶ
2453 3445 2552 3513 τῆς
2586 3441 2864 3512 θαλάσσης
2894 3437 3143 3510 πραΰνας
3186 3437 3282 3508 τὴν
3307 3437 3571 3505 ταραχήν.
3615 3433 3738 3487 Ούκ
3768 3433 3932 3503 ἀνέϐη

2327 3537 2386 3589 δὲ
2434 3535 2515 3598 εἰς
2566 3534 2630 3586 τὸ
2685 3532 2903 3596 πλοίον,
2957 3529 3021 3583 τὸ
3066 3529 3254 3597 θαῦμα
3301 3528 3486 3598 μεῖζον
3534 3524 3934 3598 umquam

2333 3627 2680 3698 βουλόμενος.
2741 3624 2885 3693 ’θρα
2932 3622 3042 3691 γὰρ
3093 3625 3223 3691 τρία
3269 3620 3338 3673 τὰ
3386 3619 3690 3690 θαύματα·
3726 3616 3826 3682 ἓν,
3858 3621 3936 3670 ὅτι

2332 3718 2658 3791 περιεπάτει
2691 3718 2782 3770 ἐπὶ
2825 3719 2926 3788 τῆς
2953 3714 3229 3784 θαλάσσης
3253 3731 3269 3745 ο
3303 3713 3594 3784 δεύτερον,
3648 3713 3735 3766 ὅτι
3779 3729 3937 3765 κατεο

2333 3811 2575 3882 στὼρεσε
2625 3809 2696 3862 τὰ
2740 3809 2964 3877 κύματα
2991 3823 3004 3837 ⁸
3063 3806 3288 3876 τρίτον.
3342 3805 3402 3858 τὸ
3462 3804 3674 3865 εὐθέως
3715 3803 3938 3872 ποιῆσαι

2337 3899 2594 3968 γενέσθαι
2645 3899 2706 3951 τὸ
2755 3898 2944 3950 πλοῖον
2998 3896 3094 3949 ἐπὶ
3128 3896 3229 3964 τὴν
3267 3894 3412 3964 γῆν.
3449 3897 3528 3954 είς
3573 3897 3644 3964 ῆν
3687 3894 3936 3963 ὑπῆγον.

2333 3994 2512 4048 καίτοι
2560 3991 2700 4045 πολὺ
2751 3991 2949 4056 ἀπεῖχε
2996 3988 3094 4057 τῆς
3140 3988 3287 4056 γῆς,
3320 3988 3410 4039 ὅτε
3447 3987 3624 4057 τούτῳ
3672 3985 3886 4052 ἐπέστη
3914 3986 3941 4036 ό

2334 4085 2561 4156 Κύριος.
2602 4081 2873 4151 Διέϐησαν
2920 4080 3020 4150 μὲν
3052 4079 3147 4132 οῦν
3188 4081 3282 4132 καὶ
3327 4078 3572 4132 Ἰουδαῖοι
3609 4077 3718 4150 τὴν
3783 4079 3938 4147 Ἐρυο

2334 4176 2508 4246 θρὰν,
2555 4174 2804 4237 Μωσέως
2861 4171 3198 4241 ἡγουμένου.
3269 4171 3385 4224 ἀλλ’
3435 4172 3649 4234 ἐκεῐνος
3727 4170 3835 4239 μὲν
3873 4174 3938 4229 ὡς

2335 4267 2519 4328 δοῦλος
2572 4266 2750 4320 πάντα
2799 4264 3091 4335 εἰργάζετο
3129 4266 3224 4316 καὶ
3254 4264 3552 4333 εὐχόμενος
3578 4279 3594 4293 ⁶
3630 4260 3800 4328 οὗτος
3847 4265 3935 4325 δὲ,

2341 4361 2460 4432 μετ’
2488 4359 2738 4424 ἐξουσίας
2772 4357 3014 4428 ἁπάσης.
3050 4358 3231 4412 Κάκεῖ
3264 4358 3362 4428 μὲν
3391 4358 3547 4412 νότου
3577 4357 3939 4423 πνεύσαντος.

2337 4450 2446 4520 εἶξε
2488 4453 2550 4505 τὸ
2600 4450 2768 4522 ὓδωρ,
2810 4451 2954 4505 ὥστε
2993 4449 3087 4502 ἐπὶ
3139 4450 3310 4522 ξηρᾶς
3347 4453 3572 4522 ποιῆσαι
3608 4450 3938 4522 παρελθεῖν·

647 4555 666 4588 ι
707 4537 807 4602 Qui
847 4536 1091 4590 ambulat
1125 4550 1290 4605 super
1319 4550 1468 4590 mare
1495 4545 1551 4589 ut
1580 4549 1744 4605 super
1768 4536 2160 4605 pavimentum.
2202 4556 2220 4590 ι

2337 4545 2574 4601 ἐνταῦθα
2606 4547 2686 4611 δὲ,
2739 4545 2925 4616 μεῖζον
2957 4547 3019 4600 τὸ
3051 4545 3240 4618 θαῦμα
3268 4545 3505 4613 ἐγένετο.
3535 4544 3805 4598 Μένουσα
3843 4545 3940 4612 γάρ

640 4628 794 4684 Multi
832 4638 1014 4683 autem
1045 4639 1096 4684 et
1143 4643 1286 4683 nunc
1322 4644 1510 4684 sumus
1554 4629 1606 4682 in
1651 4627 2026 4697 spiritualibus
2071 4639 2225 4684 tene-

643 4723 755 4774 bris
777 4757 793 4784 ,
823 4728 877 4773 et
909 4719 1284 4788 periclitamur
1320 4720 1373 4772 in
1424 4720 1694 4790 splrituali
1748 4721 1885 4776 mari
1917 4722 2226 4792 submergi;

641 4814 739 4869 sed
779 4813 1113 4881 excipiamus
1158 4811 1432 4867 Christum
1460 4851 1474 4877 ,
1531 4821 1585 4868 et
1627 4816 1851 4869 omnino
1901 4829 1930 4868 a
1971 4815 2231 4884 periculis

641 4908 993 4962 salvabimnr.
1059 4905 1125 4959 Et
1176 4905 1424 4973 quamvis
1480 4919 1622 4976 saepe
1680 4906 1943 4962 tumultus
1994 4907 2232 4961 excitent

645 4999 800 5054 uobis
817 4998 1061 5067 quidam,
1086 4997 1167 5053 vel
1191 4997 1412 5065 diaboli,
1437 4996 1518 5052 vel
1539 4998 1786 5054 homines
1805 5007 2076 5053 tentantes
2105 5012 2228 5063 nos,

643 5102 698 5148 et
755 5108 850 5161 per
899 5102 1140 5148 terrores
1195 5093 1483 5148 molientes
1543 5093 1710 5165 586
1760 5107 1859 5148 nos
1903 5105 2230 5159 concutere,

642 5186 928 5241 audiamus
959 5195 1136 5241 tamen
1168 5185 1446 5242 Christum
1466 5187 1830 5243 clamantem:
1870 5205 1889 5239 ι
1927 5185 2007 5241 Ne
2037 5187 2230 5242 timea-

647 5281 745 5345 tis,
773 5293 873 5348 ego
905 5293 1046 5332 sum.
1088 5298 1105 5329 ι
1141 5278 1293 5345 Quod
1323 5289 1503 5334 autem
1539 5279 1692 5342 dicit,
1737 5278 1880 5335 hunc
1911 5278 2075 5335 habet
2106 5295 2232 5335 sen-

642 5385 763 5427 sum
797 5388 811 5424 :
847 5369 1134 5424 Terribilia
1170 5371 1385 5440 quidem
1415 5380 1763 5442 praetereunt,
1792 5373 1912 5430 ideo
1945 5390 2011 5430 ne
2035 5375 2226 5430 timea-

646 5462 714 5516 tis
753 5475 816 5516 ea
845 5477 966 5531 quae
1008 5471 1339 5530 praetereunt
1387 5479 1399 5515 :
1438 5459 1551 5530 Ego
1578 5471 1758 5517 autem
1795 5481 1934 5532 sum,
1993 5467 2096 5522 hoc
2147 5476 2229 5522 est

646 5561 864 5626 semper
919 5569 1176 5619 manens,
1229 5564 1285 5608 et
1324 5555 1465 5610 sicut
1503 5553 1645 5611 Deus
1690 5571 1792 5628 ego
1843 5575 1963 5614 sum
2010 5560 2098 5616 ille
2139 5561 2227 5630 qui

646 5658 747 5705 eet.
784 5649 969 5718 itaque
1002 5646 1132 5716 quia
1164 5646 1430 5704 terribilia
1460 5649 1679 5718 quidem
1712 5653 2040 5723 temporaria
2082 5663 2230 5721 sunt,

715 5826 762 5858 ιο
795 5825 969 5881 Exod.
1011 5843 1121 5895 xtv,
1144 5829 1234 5885 99.
1314 5829 1356 5862 ⁸¹
1386 5830 1530 5887 Psal.
1563 5850 1689 5900 μιν,
1731 5836 1784 5888 6.

2336 4642 2431 4695 ἐπὶ
2479 4640 2581 4710 τῆς
2632 4641 2842 4705 οἰκείας
2884 4640 3104 4711 φύσεως
3145 4642 3180 4713 ἠ
3225 4639 3514 4704 θάλασσα,
3551 4638 3735 4704 οὕτως
3768 4640 3938 4712 ,ἔφερε

2337 4733 2428 4790 τὸν
2459 4733 2739 4807 Δεσπότην
2770 4733 2863 4788 ent
2900 4735 3013 4790 τῶν
3040 4734 3229 4789 νώτων
3251 4777 3266 4803 ,
3298 4733 3384 4787 ἵνα
3419 4732 3689 4806 πληρωθῇ
3715 4734 3782 4788 τὸ
3815 4749 3942 4806 προ-

2339 4828 2567 4898 φητικόν
2588 4843 2601 4857 ·
2643 4846 2660 4878 ι
2694 4830 2751 4881 ’0
2777 4829 3098 4899 περιπατῶν
3138 4829 3231 4881 ἐπὶ
3259 4826 3540 4897 θαλάσσης
3567 4827 3648 4892 ὡς
3681 4829 3780 4882 ἐπὶ
3827 4829 3940 4884 ἐδά-

2338 4937 2494 4990 φους.
2540 4939 2560 4971 ι
2597 4919 2790 4974 Πολλοὶ
2829 4922 2926 4974 καὶ
2961 4919 3061 4974 νῦν
3095 4920 3265 4991 ἐσμεν
3306 4921 3366 4973 ὲν
3398 4921 3579 4991 σκότῳ
3613 4920 3696 4992 τῷ
3730 4920 3937 4992 νοητῷ.

2337 5013 2433 5065 καὶ
2468 5011 2856 5082 κινδυνεύομεν
2893 5013 2952 5066 ἐν
2985 5016 3053 5084 τῇ
3086 5013 3335 5084 θαλάσσῃ
3365 5014 3434 5084 τῇ
3461 5014 3631 5084 νοητῇ
3674 5016 3941 5068 statumi-

2336 5103 2530 5172 γεσθαι
2558 5120 2570 5132 ’
2623 5103 2740 5156 ἀλλ’
2791 5101 3184 5173 ὑποδεξάψεθα
3233 5104 3508 5174 Χριστὸν.
3572 5102 3676 5157 καὶ
3725 5103 3938 5166 πάντως

2338 5194 2701 5264 σωθησόμεθα
2754 5195 2865 5249 ἀπὸ
2899 5195 3010 5249 τῶν
3039 5195 3305 5250 κινδύνων
3328 5213 3343 5225 ·
3388 5195 3493 5251 κᾶν
3539 5196 3815 5260 πολλάκις
3845 5199 3934 5266 φό-

2337 5289 2464 5352 ϐους
2495 5290 2870 5358 ἐπεισάγωσιν
2911 5287 3046 5361 ἡμῖν
3085 5307 3266 5358 τινες,
3314 5292 3679 5363 πειράζοντες
3723 5291 3934 5362 madet

2334 5383 2589 5453 δαίμονες
2615 5426 2627 5449 ,
2657 5385 2690 5454 ἢ
2717 5384 2998 5454 ἄνθρωποι
3021 5427 3036 5452 ,
3071 5385 3167 5438 καὶ
3189 5384 3280 5438 διὰ
3312 5385 3404 5440 τὸν
3435 5384 3606 5455 φόϐον
3635 5386 3934 5457 πειρῶνται

2339 5477 2485 5547 ἡμᾶς
2515 5478 2863 5544 κατασείειν,
2893 5479 3219 5551 ἀκούσωμεν
3245 5477 3341 5533 τοῦ
3377 5480 3621 5552 Χριστοῦ
3657 5480 3890 5549 βοῶντος
3915 5495 3929 5510 ’

2348 5589 2366 5621 ι
2408 5569 2500 5642 Μὴ
2542 5569 2834 5639 φοϐεῖσθε,
2866 5571 2980 5641 ἐγώ
3012 5573 3152 5644 εἰμι.
3209 5590 3228 5624 ι
3269 5573 3336 5626 ⁸0
3368 5571 3425 5626 δὲ
3466 5571 3658 5640 λέγει,
3701 5572 3937 5628 τοιοῦτόν

2341 5661 2491 5714 ἐστι’
2533 5661 2614 5717 Τὰ
2653 5665 2752 5734 μὲν
2785 5662 2994 5735 φοϐερὰ
3023 5663 3418 5736 παρέρχονται,
3464 5664 3548 5720 διὸ
3580 5665 3658 5738 μὴ
3690 5666 3932 5736 φοϐεῖσθε
