4078 6330
224 413 363 483 1293

933 404 1389 473 ENARRATIO
1425 403 1514 467 ἸΝ
1552 391 2071 467 EVANGELIUM
2105 385 2353 453 JOANN
2363 385 2456 446 IS.
2484 405 2556 421 -ν
2590 380 2755 443 CAP.
2779 375 2884 441 VI.

3417 369 3565 441 1294

216 531 287 587 τά
345 525 761 602 παρερχόμενα.
824 522 978 591 ἐγω
1033 519 1093 573 δέ
1150 518 1310 590 ειμι,
1375 514 1695 579 τουτέστιν,
1746 507 1838 565 ἀεὶ

1954 511 2002 561 et
2027 517 2134 558 non
2162 512 2295 556 vere
2328 505 2481 563 sunt,
2523 508 2625 565 ego
2664 501 2848 548 autem
2898 503 3043 557 sum,
3080 487 3185 544 hoc
3225 496 3313 543 est
3342 503 3566 557 Illalt80,

2499 596 2510 602 -
2629 600 2641 602 -
2734 593 2778 602 _.
2835 596 2960 602 ____-
3009 596 3122 602 ____-
3216 595 3283 602 ,,,
3319 579 3563 602 ,.,,,.,,.ε,

221 628 393 700 μένω,
425 622 525 678 καὶ
552 620 631 684 ώς
661 615 940 687 Θεδςοέγὼ
966 613 1228 687 τυγχάνω
1267 614 1294 667 6
1323 610 1421 667 ὢν.
1468 608 1624 663 Ἐπεὶ
1647 606 1830 661 τοίνυν

216 718 290 775 τά
316 718 430 790 ,μὶν
477 711 690 786 φοϐερὰ
718 708 1074 784 πρόσκαιρα,
1122 707 1220 761 καὶ
1258 706 1360 759 οὐκ
1410 702 1631 775 ἀληθῶς
1661 700 1827 790 ὄντα,

220 787 342 883 Exib-
363 808 423 863 δέ
452 809 600 876 είμι,
644 802 768 857 ἀντὶ
800 798 897 854 τοῦ
917 841 932 865 ,
968 798 1120 870 μένω
1139 836 1155 863 ,
1184 795 1282 851 καὶ
1308 792 1570 848 οὐδέποτε
1614 787 1833 883 παρέρς-

218 879 387 975 χομαι
409 942 424 964 ,
456 898 574 965 ἀλλ’
605 894 827 969 άληθῶς
867 895 987 965 είμι
1010 932 1027 959 ,
1065 891 1141 963 μὴ
1182 888 1433 962 προδῶτε
1463 887 1564 957 τὴν
1604 884 1687 947 είς
1728 879 1830 953 ἐμὲ

219 996 408 1050 πίστιν
435 992 526 1047 διὰ
554 989 624 1045 τὰ
659 989 1001 1061 πρόσκαιρα.
1036 983 1183 1056 Ὅρα
1213 982 1271 1036 δέ
1310 997 1402 1054 μοι
1426 1021 1443 1046 ,
1484 977 1605 1042 πῶς
1635 976 1735 1031 οὑκ
1773 975 1833 1027 ἐν

218 1087 370 1158 ἀρχῇ
396 1083 493 1138 τοῦ
525 1080 800 1146 κινδύνου,
834 1079 951 1134 ἀλλ’
982 1078 1041 1153 ἐν
1071 1076 1226 1148 ἀκμῇ
1254 1072 1607 1143 ἐπιφαίνεται
1638 1071 1667 1124 6
1696 1068 1834 1139 Χρι-

221 1179 389 1244 στὸς,
420 1177 519 1231 καὶ
550 1176 668 1229 λύει
705 1174 798 1227 τὸν
846 1172 1034 1242 φόϐον.
1074 1169 1173 1240 Ἐᾷ
1194 1168 1304 1240 γὰρ
1336 1166 1488 1239 ἡμᾶς
1533 1167 1593 1219 ἐν
1645 1162 1835 1234 μέσοις

214 1270 476 1341 γενέσθαι
508 1271 623 1333 τοῖς
674 1267 872 1330 δεινοῖς
894 1305 910 1330 ,
961 1263 1052 1318 ῖνα
1103 1262 1479 1323 παλαίσαντες
1511 1260 1577 1330 τῇ
1611 1255 1793 1325 θλίψει
1814 1296 1831 1321 ,

214 1367 315 1422 καὶ
374 1364 733 1428 πιεσθέντες,
789 1356 1158 1430 δοκιμώτεροι
1203 1353 1541 1427 γενώμεθαο
1593 1351 1692 1407 καὶ
1744 1351 1833 1405 ῖνα

214 1460 547 1530 κινήσαντες
576 1456 763 1513 πᾶσαν
787 1453 888 1525 τὴν
912 1450 1197 1523 ἡμετέραν
1219 1448 1459 1518 δύναμιν
1480 1447 1579 1501 καὶ
1610 1444 1831 1516 σοφίαν,

215 1556 318 1607 καὶ⁸
348 1550 606 1625 εὑρόντες
645 1544 1086 1620 αὑτὴνάσθενῆ,
1120 1544 1259 1614 πρὸς
1308 1542 1523 1596 ἐκεῖνον
1553 1538 1836 1607 καταφεύ-

216 1662 410 1716 γωμεν
445 1644 633 1714 μόνον,
666 1643 761 1696 τὸν
796 1639 862 1705 ἐξ
892 1637 1328 1711 ἀπροσδοκήτων
1367 1633 1566 1701 σώζειν
1593 1632 1836 1701 δυνάμε-

217 1722 333 1810 νον.
375 1736 510 1791 Ὅτε
550 1736 664 1807 γὰρ
701 1737 729 1789 6
766 1732 1115 1804 ἀνθρώπινος
1151 1730 1421 1801 ᾁποκάμῃ
1460 1727 1609 1795 νοῦς,
1638 1725 1764 1781 τότε
1801 1726 1835 1797 ἡ

216 1838 287 1890 ἐκ
314 1833 452 1889 Θεοῦ
485 1830 736 1905 σωτηρία
757 1830 955 1902 ἀθρόον
984 1828 1381 1900 ἐπιγενομένη,
1411 1823 1836 1898 παρασκευάζει

1936 604 1993 653 et
2046 606 2329 662 nunquam
2380 596 2691 659 praetereo,
2726 593 2781 640 et
2834 596 2965 638 vere
3006 596 3165 648 sum,
3216 595 3287 635 ne
3319 579 3566 649 prodatis

1934 696 2181 745 vestram
2224 687 2279 741 in
2328 698 2416 739 me
2448 680 2611 737 ﬁdem
2643 691 2871 751 propter
2903 674 3256 747 temporalia.
3286 672 3422 728 Vide
3466 688 3567 727 au-

1937 794 2071 843 tem,
2116 780 2368 843 obsecro,
2401 774 2681 848 quomodo
2727 788 2836 829 non
2868 772 3059 825 statim
3107 768 3177 823 ab
3218 768 3378 823 initio
3414 767 3568 838 peri-

1935 874 2083 939 culi,
2124 874 2220 928 sed
2256 871 2310 926 in
2345 870 2562 924 fervore
2600 874 2835 937 apparet
2863 862 3123 919 Christus
3158 870 3213 915 et
3255 852 3424 915 solvit
3458 874 3572 914 tne-

1937 978 2077 1024 tum.
2130 965 2277 1021 Sinit
2319 963 2485 1019 enim-
2509 976 2611 1017 nos
2646 961 2698 1016 in
2757 957 2953 1013 mediis
2997 971 3121 1012 esse
3153 952 3455 1025 periculis,
3506 962 3566 1007 ut

1938 1076 2064 1119 cum
2109 1057 2519 1117 certaverimus
2564 1053 2619 1108 in
2667 1049 3022 1107 tribulatione
3071 1056 3128 1103 et
3173 1048 3357 1119 pressi
3397 1044 3566 1100 fueri-

1938 1169 2095 1220 mus,
2152 1151 2501 1223 probatiores
2563 1145 2793 1210 fiamus,
2840 1152 2897 1197 et
2938 1149 2997 1196 ιιι
3044 1156 3169 1196 cum
3222 1138 3567 1195 moverimus

1937 1260 2157 1303 onmem
2203 1254 2452 1300 nostram
2484 1240 2747 1295 virtutem
2784 1248 2838 1292 et
2869 1236 3201 1309 sapientiam
3224 1277 3238 1297 ,
3282 1232 3564 1289 inveneri-

1940 1356 2175 1411 musque
2207 1353 2330 1393 eam
2366 1335 2643 1392 infirmam
2668 1373 2686 1399 ,
2736 1333 2805 1386 ad
2841 1331 2995 1386 illum
3042 1328 3432 1399 confugiamus
3484 1342 3569 1383 so.

1940 1436 2077 1501 lum,
2110 1436 2203 1507 qui
2232 1448 2299 1488 ex
2340 1422 2736 1501 inexspectatis
2759 1427 2977 1482 salvarc
3008 1423 3236 1494 poterit.
3269 1421 3408 1477 Nam
3443 1436 3568 1477 cum

1942 1531 2185 1586 humana
2219 1541 2375 1583 mens
2413 1524 2644 1596 fatigata
2674 1520 2865 1587 fuerit,
2896 1528 3026 1575 tunc
3065 1519 3251 1573 divina
3294 1516 3443 1571 salus
3481 1528 3570 1569 re-

1941 1634 2105 1695 pente
2153 1622 2442 1686 subvenit,
2486 1635 2552 1675 ac
2606 1623 2765 1689 parat
2820 1630 2921 1671 nos
2974 1622 3033 1669 ut
3067 1612 3137 1669 ad
3181 1613 3334 1668 illum
3386 1611 3568 1666 solum

1942 1718 2256 1790 fugiamus,
2316 1716 2415 1787 qui
2469 1712 2683 1771 salvare
2726 1720 2947 1780 potest,
3002 1719 3057 1765 et
3102 1724 3216 1764 non
3268 1707 3570 1776 nobisipsis

1942 1812 2287 1869 ascribamus
2335 1810 2593 1866 salutem.
2650 1808 2711 1863 Si
2749 1807 3087 1863 voluerimus
3135 1814 3323 1859 autem
3374 1813 3430 1858 et
3468 1816 3571 1859 nos

217 1928 373 1999 ἡμᾶς
404 1927 540 1999 πρὸς
571 1893 782 1979 ἐκεῖνον
813 1893 1108 1977 πέτασθαί
1120 1893 1285 1993 μόνον
1316 1893 1410 1975 τδν
1442 1893 1711 1984 σώζοντα,
1739 1918 1837 1972 καὶ

1954 1910 2000 1965 in
2047 1908 2231 1963 navim
2290 1915 2540 1963 nostram
2594 1904 2882 1975 suscipere
2924 1900 3243 1966 Christum,
3295 1901 3401 1955 ltoc
3472 1906 3567 1956 est

222 2022 304 2093 μὴ
335 2019 550 2082 ἑαυτοῖς
569 2019 672 2091 τὴν
704 2016 985 2091 σωτηρίαν
1015 2012 1458 2086 ἐπιγράφεσθαι.
1497 2012 1563 2066 Εἰ
1590 2010 1838 2083 θελήσω-

220 2130 331 2187 μεν
359 2113 419 2170 δέ
459 2111 557 2167 καὶ
594 2112 676 2176 είς
705 2110 767 2165 τδ
799 2110 987 2165 πλοῖον
1015 2108 1177 2181 ἡμῶν
1206 2106 1398 2162 λαϐεῖν
1443 2106 1537 2162 τὸν
1562 2103 1836 2178 Χριστὸν,

217 2208 514 2268 τουτέστι,
575 2204 897 2259 κατοικίσαι
948 2202 1042 2258 τδν
1101 2201 1341 2275 Χριστὸν
1404 2204 1468 2256 ἐν
1516 2204 1586 2275 τῇ
1635 2200 1839 2273 καρδίᾳ

218 2299 406 2373 ἡμῶν,
440 2298 607 2362 εὐθὺς
637 2293 1059 2368 εὑρεθησόμεθα
1090 2295 1151 2349 ἐν
1174 2296 1243 2367 τῇ
1283 2297 1380 2367 γῇ,
1406 2296 1486 2357 είς
1527 2294 1597 2365 ἢν
1625 2293 1841 2362 ἀπαγό-

226 2389 400 2463 μεθα.
432 2389 572 2452 Ποία
611 2387 732 2459 δέή
776 2386 849 2457 γῆ
890 2388 1043 2440 ἐστιν
1075 2384 1255 2455 αῦτης
1302 2380 1383 2439 Ἦ
1430 2384 1649 2448 πάντως
1687 2385 1722 2453 ἡ
1767 2383 1840 2455 γῆ

219 2486 327 2557 τῆς
356 2481 721 2553 ἐπαγγελίας,
748 2481 778 2534 6
808 2478 1067 2551 οὐρανὸς,
1091 2462 1134 2550 ,ἡ
1178 2478 1253 2550 γῆ
1295 2476 1410 2533 τῶν
1455 2476 1705 2549 πραέων,
1745 2475 1842 2531 καὶ

220 2582 337 2635 ἀπὺ
363 2578 546 2651 πάσης
572 2575 771 2639 κακίας
798 2573 1261 2647 είρηνευσάντων.

310 2692 329 2727 ι
368 2673 449 2745 Τῇ
481 2671 750 2744 ἐπαύριον
788 2670 817 2723 6
851 2668 1012 2741 ὄχλος
1041 2668 1071 2721 6
1113 2664 1369 2740 ἑστηκὼς
1403 2666 1586 2739 πέραν
1612 2666 1716 2739 τῆς
1747 2666 1844 2722 θα·

223 2768 462 2838 λάσσης,
496 2763 657 2829 είδὼς
687 2764 772 2819 ὅτι
796 2762 1085 2833 πλοιάριον
1121 2760 1253 2831 ἄλλο
1276 2760 1380 2816 οὐκ
1406 2755 1477 2833 ἦν
1513 2762 1653 2829 ἐκεῖ,
1686 2763 1734 2815 εί
1766 2762 1844 2834 μὴ

225 2858 293 2915 ιν
326 2860 509 2914 ἐκεῖνο
546 2857 629 2922 είς
658 2856 687 2910 6
713 2842 997 2927 ἀνέϐησαν
1024 2856 1082 2909 ‘oi
1119 2854 1364 2926 μαθηταὶ
1398 2853 1589 2921 αὑτοῦ,
1630 2854 1727 2909 καὶ
1760 2855 1844 2908 ὅτι

226 2952 295 3007 οὗ
336 2949 658 3022 συνεισῆλθε
687 2949 805 3015 τοῖς
830 2948 1109 3021 μαθηταῖς
1148 2947 1317 3001 αὑτοῦ
1357 2948 1385 3001 6
1430 2945 1641 3018 Ἰησοῦς
1669 2948 1751 3011 είς
1781 2947 1844 3001 1:6

227 3046 539 3117 πλοιάριον,
586 3042 728 3098 ἀλλὰ
776 3043 933 3113 μόνοι
975 3043 1026 3095 οί
1072 3041 1317 3112 μαθηταί⁵
1351 3040 1522 3096 αὐτοῦ
1573 3041 1843 3113 ἀπῆλθον.

225 3139 375 3198 ἀλλα
418 3138 477 3193 δέ
516 3134 647 3211 ἦλθε
695 3134 952 3206 πλοιάρια
1000 3136 1066 3189 ἐκ
1115 3134 1221 3206 τῆς
1276 3133 1605 3206 Τιϐεριάδος
1672 3134 1846 3204 ἐγγὺς

1943 1992 2355 2059 Μιιίιίιιίοίιεηι
2389 2000 2524 2055 dare
2559 1997 2783 2055 Christo
2822 1996 2879 2052 in
2913 1994 3082 2052 corde
3125 2003 3337 2062 nostro,
3374 1993 3571 2050 statim

1944 2094 2294 2151 inveniemur
2338 2094 2394 2149 in
2426 2102 2573 2149 terra
2626 2092 2683 2148 in
2716 2106 2882 2163 quam
2924 2090 3160 2145 abimus.
3206 2088 3345 2156 Qua:
3374 2097 3563 2143 autem

1947 2200 2094 2245 terra
2132 2188 2281 2245 ista?
2307 2186 2546 2245 Omnino
2576 2196 2724 2243 terra
2757 2178 3161 2257 promissionis,
3194 2185 3421 2251 cmlum,
3445 2198 3570 2255 qua:

1944 2293 2029 2340 est
2059 2292 2203 2339 terra
2240 2283 2480 2351 mitium,
2522 2291 2580 2339 et
2610 2296 2803 2339 eorum
2850 2281 2943 2352 qui
2991 2280 3213 2338 liberati
3252 2294 3284 2336 a
3317 2278 3565 2348 malitia,

1945 2376 2001 2435 in
2031 2391 2169 2449 pace
2198 2376 2413 2433 vivunt.

2025 2662 2193 2719 ἵεις.
2248 2660 2449 2718 22-26.
2508 2680 2529 2716 ι
2586 2661 2815 2718 Postero
2848 2660 2972 2727 die,
3024 2660 3182 2717 turba
3221 2676 3349 2731 quae
3387 2660 3574 2717 stalzat

1952 2768 2106 2813 trans
2139 2770 2328 2822 mare,
2367 2756 2504 2812 vidit
2548 2756 2695 2827 quod
2744 2754 2998 2811 navicula
3031 2754 3136 2809 alia
3173 2770 3279 2809 non
3316 2763 3467 2811 esset
3498 2756 3575 2811 ibi

1948 2852 2055 2908 nisi
2082 2866 2191 2908 una
2216 2850 2308 2905 illa
2342 2851 2396 2906 in
2422 2865 2588 2922 quam
2620 2850 2857 2921 ingressi
2887 2851 3108 2907 fuerant
3137 2850 3394 2920 discipuli
3428 2850 3573 2921 ejus,

1950 2955 2006 3001 et
2036 2944 2179 3015 quod
2215 2958 2327 3000 non
2363 2944 2646 3000 introisset
2673 2942 2835 2999 Jesus
2879 2960 3003 3000 cum
3038 2941 3325 3016 discipulis
3356 2945 3474 3000 suis
3516 2945 3573 3000 in

1952 3042 2259 3097 naviculam
2286 3080 2302 3107 ,
2354 3040 2452 3096 sed
2491 3039 2593 3097 soli
2634 3040 2889 3109 discipuli
2941 3039 3065 3113 ejus
3106 3041 3395 3097 abiisseut.
3436 3040 3574 3097 Alia:

1951 3150 2084 3193 vero
2142 3146 2586 3207 supervenerunt
2642 3135 2915 3217 navicula:
2972 3152 3003 3191 a
3072 3136 3366 3193 Tiberiade
3417 3140 3580 3208 juxta

228 3232 331 3288 τοῦ
361 3232 556 3298 τόπου,
588 3230 726 3285 ὅπου
759 3228 966 3300 εφαγον
991 3227 1085 3282 τὸν
1108 3227 1298 3299 άρτον,
1334 3226 1845 3301 εὐχαριστήσαντος

1954 3229 2133 3287 locum
2182 3228 2275 3285 ubi
2316 3229 2673 3285 comederant
2716 3244 2953 3300 panem,
3009 3238 3303 3301 postquam
3365 3230 3577 3300 gratias

228 3327 330 3383 τοῦ
371 3325 602 3399 Κυρίου.
626 3326 718 3380 ὅτε
786 3323 883 3380 οὖν
916 3317 1059 3378 εἶδεν
1110 3325 1140 3377 6
1168 3322 1351 3395 ὄχλος,
1384 3324 1471 3379 ὅτι
1502 3324 1717 3396 Ἰησοῦς
1746 3324 1846 3380 οὑκ

1957 3326 2161 3397 egisset
2200 3324 2501 3381 "Dominus.
2555 3323 2691 3380 Cum
2746 3339 2881 3395 ergo
2932 3324 3163 3380 vidisset
3218 3324 3375 3379 turba
3430 3325 3577 3396 quod

232 3422 389 3476 ἐστιν
428 3421 566 3486 ἐκεῖ,
616 3418 739 3474 οὐδέ
788 3407 840 3473 σι
886 3416 1135 3489 μαθηταὶ
1182 3416 1376 3487 αὐτοῦ,
1428 3417 1709 3490 ἀνέδησαν
1753 3418 1853 3475 καὶ

231 3516 397 3569 αὑτοὶ
436 3515 519 3579 εις
547 3513 617 3569 τὰ
661 3510 927 3580 πλοιάρια
972 3512 1068 3567 καὶ
1097 3506 1265 3584 ἦλθον
1296 3514 1377 3577 είς
1425 3513 1810 3584 Καπερναοῦμ
1832 3552 1850 3582 ,

233 3606 537 3679 ζητοῦντες
574 3607 688 3665 ,τὸν
741 3605 971 3677 Ἰησοῦν.
1014 3606 1128 3660 Καὶ
1173 3604 1431 3676 εὑρόντες
1475 3606 1643 3661 αὑτὸν
1672 3608 1851 3678 πέραν

231 3701 340 3771 τῆς
376 3700 686 3771 θαλάσσης,
708 3694 869 3765 εἷπον
903 3697 1057 3768 αὺτῷ
1081 3714 1096 3729 ⁸
1144 3697 1370 3754 Ῥαϐϐεί
1391 3741 1406 3767 ,
1440 3699 1573 3753 πότε
1606 3693 1710 3754 ὧδε
1738 3718 1852 3755 πα-

236 3794 582 3867 ραγέγονας;
632 3792 937 3863 Ἀπεκρίθη
968 3792 1154 3856 αὐτοῖς
1178 3793 1208 3845 6
1248 3791 1462 3864 Ἰησοῦς
1485 3834 1501 3859 ,
1532 3796 1630 3848 καὶ
1658 3790 1847 3848 εἶπενο

247 3887 453 3959 Ἀμὴν,
484 3886 634 3958 ἀμὴν
658 3886 804 3954 λέγω
836 3887 992 3958 ὑμῖν,
1036 3884 1255 3963 ζητεῖτέ
1293 3903 1386 3957 με,
1420 3887 1523 3959 οὐχ
1550 3888 1633 3941 ὅτι
1678 3888 1852 3942 εἴδετε

235 3981 471 4049 σημεῖα,
511 3978 628 4032 ἀλλ’
671 3976 757 4031 ὄτι
788 3978 1026 4047 ἐφάγετε
1056 3976 1122 4031 ἐκ
1165 3976 1279 4030 τῶν
1314 3978 1523 4049 ἄρτων,
1554 3978 1652 4033 καί
1692 3981 1855 4051 ἐχορ-

235 4071 504 4143 τάσθητε.
552 4089 573 4123 ι
611 4070 868 4137 Πεζεύων
904 4071 1005 4143 μὲν
1050 4074 1079 4125 6
1123 4069 1333 4144 Ἰησοῦς
1382 4073 1477 4125 ἐπὶ
1504 4071 1609 4142 τῆς
1644 4071 1853 4126 θαλάσ-

239 4182 368 4238 σης,
402 4162 647 4236 ἀπῆλθεν
679 4165 761 4227 είς
790 4162 855 4216 τὸ
891 4164 1091 4235 πέραν.
1128 4165 1194 4218 Oi
1218 4163 1277 4218 δέ
1306 4162 1457 4235 ὄχλοι
1483 4166 1551 4235 τῇ
1584 4162 1855 4235 ἐπαύριον

239 4256 543 4329 ζητοῦντες
596 4255 787 4322 αὑτὸν,
837 4258 934 4311 καὶ
978 4256 1215 4324 ἰδόντες,
1267 4258 1352 4312 ὅτι
1381 4256 1567 4311 πλοῖον
1590 4256 1650 4311 ἓν
1686 4255 1756 4329 ἦν
1793 4258 1857 4312 1:6

237 4352 373 4415 τοὺς
402 4350 657 4421 μαθητὰς
687 4348 1116 4421 ὑποδεξάμενον,
1151 4353 1233 4414 είς
1260 4350 1289 4404 ὃ
1335 4351 1396 4404 οὐ
1434 4352 1794 4423 συνεισῆλθεν
1826 4353 1857 4407 6

252 4441 492 4515 Ἰησοῦς,
532 4445 615 4508 εἰς
654 4441 867 4497 ἔννοιαν
910 4438 1079 4515 ἦλθον
1118 4442 1212 4497 τοῦ
1246 4443 1552 4515 θαύματος,
1581 4448 1677 4500 καὶ
1723 4447 1856 4500 6m-

239 4540 423 4606 νόουν,
458 4539 542 4593 δτι
568 4537 671 4610 τὴν
696 4537 979 4595 θάλασσαν
1010 4537 1285 4607 πεζεύων,
1312 4540 1652 4611 παρεγένετο
1683 4542 1763 4605 είς
1794 4540 1855 4595 τὸ

1954 3419 2116 3475 Jesus
2159 3433 2267 3475 non
2314 3426 2461 3475 esset
2515 3403 2616 3484 ibi,
2666 3432 2845 3489 neque
2888 3416 3148 3488 discipuli
3194 3417 3337 3489 ejus.
3374 3433 3580 3473 ascen-

1956 3514 2159 3568 derunt
2187 3522 2242 3567 et
2272 3512 2405 3582 ipsa:
2437 3512 2492 3567 in
2523 3510 2807 3566 naviculas
2831 3521 2888 3567 et
2914 3522 3183 3567 venerunt
3205 3513 3579 3582 Capernaum,

1956 3615 2267 3676 quaerentes
2301 3606 2508 3662 Jesum.
2556 3606 2625 3661 Et
2676 3620 2802 3661 cum
2860 3607 3203 3662 invenissent
3250 3623 3376 3662 eum
3426 3619 3581 3665 trans

1959 3714 2133 3763 mare,
2155 3699 2413 3755 dixerunt
2440 3701 2487 3753 ei
2518 3718 2533 3754 :
2568 3697 2767 3765 Rabbi,
2798 3700 3019 3767 quando
3052 3702 3159 3756 huc
3189 3692 3438 3757 venisti?
3468 3702 3580 3759 Ite-

1958 3796 2181 3865 spondit
2216 3798 2300 3851 eis
2319 3793 2480 3850 Iesus
2500 3807 2555 3852 et
2583 3796 2759 3851 dixit:
2797 3796 2997 3858 Amen.
3030 3813 3191 3853 amen
3231 3800 3354 3856 dico
3399 3801 3581 3865 vobis.

1958 3888 2212 3959 qumritis
2262 3904 2389 3957 me,
2434 3903 2543 3943 non
2604 3888 2735 3960 quia
2788 3890 3009 3946 vidistis
3061 3894 3249 3962 signa,
3306 3897 3402 3951 sed
3450 3899 3581 3966 quia

1960 3981 2279 4037 comedistis
2328 3984 2397 4037 de
2456 3984 2729 4052 panibus,
2786 3994 2837 4039 et
2900 3988 3133 4041 saturati
3189 3990 3351 4045 estis.
3406 4011 3427 4044 ›
3490 3991 3584 4049 Je-

1960 4090 2054 4131 sus
2100 4076 2320 4145 quidem
2370 4079 2611 4148 pedestri
2661 4078 2864 4135 itinere
2913 4095 3079 4150 super
3126 4098 3280 4139 mare
3331 4086 3470 4142 abiit
3523 4088 3578 4143 in

1961 4171 2275 4239 regionem,
2332 4187 2453 4242 qua:
2510 4182 2662 4227 trans
2723 4188 2898 4229 mare.
2954 4174 3156 4231 Turbae
3204 4189 3430 4244 autem,
3487 4183 3579 4238 die

1960 4269 2218 4330 p0stero,
2297 4276 2422 4315 cum
2479 4264 2871 4333 quaesivisseut
2936 4265 3128 4333 illum,
3192 4279 3241 4324 et
3307 4272 3581 4329 vidissent

1959 4355 2106 4427 quod
2138 4372 2242 4409 una
2276 4365 2487 4412 tantum
2524 4358 2681 4413 navis
2713 4360 3023 4428 adfuisset,
3061 4362 3115 4416 in
3143 4379 3308 4434 quam
3343 4366 3580 4437 ingressi

1960 4445 2180 4501 fuerant
2233 4446 2529 4516 discipuli,
2593 4458 2650 4504 et
2703 4466 2811 4504 non
2877 4448 3040 4511 Jesus
3091 4453 3243 4526 ipse,
3301 4461 3582 4530 cositave—

1961 4547 2092 4594 runt
2147 4539 2288 4609 apud
2340 4555 2403 4596 se
2460 4539 2567 4596 hoc
2613 4540 2984 4613 miraculum,
3036 4555 3095 4601 et
3144 4549 3409 4620 suspicati
3450 4564 3585 4608 sunt

244 4632 449 4706 πέραν.
490 4632 556 4687 El
615 4631 715 4705 μὲν
751 4632 863 4705 γάρ
905 4635 1002 4687 καὶ
1046 4633 1181 4689 ἄλλο
1230 4634 1420 4689 πλοῖον
1452 4630 1558 4707 ῆν,
1594 4636 1745 4709 είκὸς
1785 4631 1846 4709 ἧι

1963 4632 2108 4702 quod
2138 4647 2290 4688 mare
2332 4634 2498 4704 pedes
2532 4636 2838 4691 transierit.
2874 4637 3011 4694 Nam
3045 4641 3090 4695 si
3125 4642 3350 4712 quidem
3384 4656 3440 4702 et
3474 4647 3582 4703 alia

200 4753 213 4759 -
245 4729 550 4800 ὑπονοῆσαι
572 4768 590 4797 ,
638 4727 725 4782 ὅτι
755 4730 871 4793 τοῖς
904 4728 1180 4801 μαθηταῖς
1220 4731 1281 4784 οὑ
1314 4730 1734 4799 συνέπλευσεν,
1776 4734 1857 4795 εἰς

243 4822 430 4879 ἐκεῖνο
475 4821 535 4876 δέ
565 4820 828 4879 εἰσελθὼν
851 4860 869 4890 ,
917 4823 1232 4895 διεπέρασε.
1285 4823 1403 4879 Νῦν
1428 4824 1510 4890 δὲ,
1547 4826 1670 4891 ἐνὸς
1703 4826 1857 4891 ὄντος

240 4916 345 4972 τοῦ
385 4915 577 4970 πλοίου
630 4914 725 4970 τοῦ
776 4916 905 4981 τοὺς
943 4915 1198 4988 μαθητὰς
1246 4921 1468 4991 μόνους,
1508 4922 1603 4974 καὶ
1650 4922 1728 4993 μὴ
1765 4926 1858 4977 τὸν

242 5008 477 5081 Κύριον,
531 5008 965 5083 ὑποδεξαμένου,
1003 5012 1275 5084 πρόδηλον
1312 5012 1375 5067 τὸ
1409 5012 1617 5086 θαῦμα.
1669 5014 1858 5069 Ταῦτα

239 5104 432 5159 τοῘνυν
454 5106 813 5176 ἐννοήσαντες
834 5106 886 5160 οἱ
906 5106 1078 5178 ὄχλοι,
1106 5108 1296 5180 ἐπειδὴ
1320 5103 1481 5181 εὖρον
1506 5109 1643 5166 άλλα
1668 5111 1860 5167 πλοιά-

247 5213 347 5268 ρια
379 5197 445 5250 ἐκ
470 5196 565 5251 τοῦ
594 5197 775 5271 πέραν
808 5197 1055 5261 ἐλθόντα,
1085 5199 1357 5271 ἐνέϐησαν
1385 5203 1445 5256 ἐν
1476 5202 1733 5267 ἐκείνοις,
1764 5203 1859 5257 καὶ

243 5292 332 5356 είς
384 5291 765 5363 Καπερναοὺμ
810 5291 1148 5363 διεπέρασαν
1174 5312 1189 5327 ο
1226 5294 1358 5350 ἔνθα
1400 5296 1468 5368 δὴ
1514 5296 1605 5355 τὸν
1650 5298 1861 5367 Κύριον

242 5384 528 5457 εὑρόντες,
560 5386 623 5439 οὒ
657 5386 1092 5456 προσπίπτουσι,
1130 5390 1227 5443 καὶ
1260 5389 1477 5444 δέονται
1511 5392 1710 5462 μαθεῖν
1741 5392 1854 5455 πῶς

242 5476 406 5551 διέϐη
427 5518 443 5544 ,
476 5479 600 5534 οὐδὲ
641 5480 869 5553 ζητοῦσι
904 5481 1037 5553 περὶ
1068 5482 1261 5537 τούτου
1308 5482 1405 5538 τοῦ
1452 5486 1705 5556 σημείου,
1740 5486 1859 5540 ἀλλ’

244 5568 399 5626 οὕτω
430 5571 645 5643 χαύνως
675 5572 810 5643 φασί
840 5592 853 5606 ·
893 5592 912 5626 ι
949 5574 1090 5628 Πότε
1125 5568 1227 5629 ὧδε
1259 5578 1687 5648 παραγέγοναςς
1735 5598 1753 5629 ι
1796 5579 1859 5631 Οί

248 5662 367 5734 γάρ
390 5662 684 5733 ζητοῦντες
723 5664 889 5719 αὑτὸν
925 5667 1178 5738 ἁρπάσαι
1222 5671 1317 5722 καὶ
1347 5671 1575 5742 ποιῆσαι
1609 5671 1856 5741 βασιλέα,

250 5756 512 5829 εὑρόντες
536 5758 723 5827 αὐτὸν,
757 5760 909 5815 οὐδὲν
931 5762 1177 5817 τοιοῦτον
1207 5762 1559 5835 βουλεύονται
1586 5781 1598 5794 ·
1633 5764 1770 5820 ἀλλὰ
1800 5765 1862 5818 τὸ

226 5850 448 5932 ,θαῦμα
500 5852 859 5919 ἐκϐάλλοντες
880 5896 895 5923 ,
928 5856 1098 5927 ἄλλης
1138 5856 1367 5929 ζητοῦσι
1400 5858 1684 5932 τραπέζης
1716 5860 1859 5915 άπο-

243 5945 467 6017 λαύειν,
497 5947 615 6015 οῖας
640 5948 737 6008 καὶ
767 5953 1056 6023 πρότερον.
1094 5953 1183 6006 Διὸ
1208 5952 1303 6007 καὶ
1324 5953 1678 6018 ὀνειδίζονται
1712 5956 1862 6026 παρὰ

1964 4727 2124 4783 navis
2155 4728 2459 4795 adfuisset,
2507 4730 2811 4786 verisimile
2860 4736 3106 4802 potuisse
3163 4751 3262 4793 eos
3298 4740 3580 4810 cogitare,

1963 4822 2108 4893 quod
2159 4838 2285 4879 cum
2331 4823 2619 4894 discipulis
2678 4841 2787 4881 non
2828 4830 3141 4899 navigavit,
3174 4834 3269 4887 sed
3316 4833 3371 4889 in
3414 4836 3578 4893 aliaat

1962 4916 2245 4988 ingressus
2276 4916 2593 4974 transferat.
2622 4916 2787 4975 Nunc
2826 4931 3012 4976 autem
3045 4939 3169 4979 cum
3213 4934 3319 4981 una
3364 4938 3580 4986 tantum

1964 5011 2151 5079 fuerit,
2186 5028 2309 5082 quae
2333 5012 2634 5083 discipulos
2666 5014 2837 5081 solos,
2870 5026 2927 5071 et
2951 5032 3059 5071 non
3097 5018 3389 5077 Dominum
3415 5038 3580 5082 exccv

1964 5107 2139 5179 perit,
2197 5107 2363 5179 587
2431 5110 2783 5166 manifestum
2839 5121 2925 5166 est
2990 5115 3342 5174 miraculum.
3407 5119 3583 5193 Igitur

1966 5199 2139 5256 turba:
2180 5202 2296 5256 haec
2339 5200 2767 5268 intellexerunt;
2804 5215 2855 5259 et
2890 5216 3014 5274 post
3060 5209 3393 5268 invenerunt
3441 5215 3581 5271 alias

1967 5309 2135 5351 naves
2174 5310 2298 5367 quae
2350 5294 2715 5364 trajecerant,
2768 5307 2825 5352 et
2867 5302 3245 5365 ascenderunt
3286 5306 3339 5363 in
3374 5307 3496 5364 illas
3530 5322 3587 5365 ct

1965 5389 2019 5442 in
2073 5389 2419 5460 Capernaum
2463 5390 2915 5447 transfretaruut.
2960 5393 3078 5449 Illic
3115 5408 3299 5454 autem
3356 5401 3587 5459 invento

1966 5481 2197 5539 Domino
2224 5524 2239 5550 ,
2273 5500 2381 5539 non
2424 5486 2739 5555 supplicant
2774 5497 2830 5542 et
2872 5502 3071 5561 rogant
3103 5502 3161 5546 ut
3194 5494 3414 5551 discant
3445 5514 3585 5568 quo—

1968 5576 2129 5632 modo
2162 5578 2465 5644 transierit,
2512 5595 2687 5648 neque
2730 5593 2981 5651 quarrunt
3017 5586 3085 5640 de
3120 5586 3225 5641 ltoc
3274 5590 3454 5660 signo,
3488 5593 3586 5649 sed

1970 5675 2202 5729 remisse
2235 5673 2467 5729 dicunt:
2507 5693 2524 5725 ι
2568 5674 2797 5740 Quando
2834 5678 2941 5733 huc
2979 5682 3217 5736 venisti?
3258 5704 3276 5736 ι
3311 5686 3446 5738 Nam
3494 5690 3585 5755 qui

1967 5767 2286 5838 quaerebant
2317 5767 2471 5822 illum
2504 5785 2699 5839 rapere
2737 5780 2790 5824 rt
2820 5772 2998 5827 facere
3024 5790 3231 5844 regem,
3265 5778 3489 5833 invento
3521 5796 3587 5835 eo

1970 5860 2106 5917 nihil
2148 5860 2256 5917 tale
2290 5860 2641 5927 deliberant;
2692 5864 2783 5917 sed
2823 5866 3038 5935 abjecto
3076 5871 3343 5923 mirando
3399 5872 3585 5942 inqui-

1973 5969 2101 6013 runt
2138 5956 2309 6029 magis
2338 5956 2449 6014 frui
2478 5973 2665 6017 mensa
2695 5960 2801 6015 alia
2834 5961 2981 6031 quali
3016 5973 3062 6019 et
3091 5966 3243 6035 prius
3276 5985 3289 6021 ε
3329 5978 3585 6037 ριοιιιριο
