4078 6330
199 363 345 427 12δῖ

894 360 1349 426 ENARRATIO
1388 360 1471 420 IN
1514 359 2027 423 EVANGELIUM
2061 360 2411 423 JOANNIS.
2444 387 2513 399 ’-
2550 362 2709 424 CAP.
2745 360 2847 425 Vi.

3394 357 3532 423 1298

198 495 355 550 σητε,
394 477 515 543 πῶς
564 480 810 549 σήμερον
862 476 1260 549 ἐργασάμενοι,
1313 471 1508 543 αὔριον
1559 471 1813 525 ἀναπαύω

1936 473 2245 544 ]uotidiana
2276 476 2601 544 operatione
2629 484 2909 546 parantes,
2953 488 3023 530 ne
3071 473 3289 529 solliciti
3317 474 3439 529 silis
3468 476 3536 528 de

199 572 399 626 σεσθε·
455 573 571 627 ἀλλ’
626 574 870 645 ἑκάστης
909 572 1125 643 ἡμέρας
1180 568 1389 640 τροφὴν
1433 570 1497 620 ἐκ
1543 568 1642 638 τῆς
1686 565 1807 619 καθ’

198 668 422 737 ἡμέραν
450 668 716 737 ἐργασίας
762 668 977 739 ἔχοντες
1004 707 1019 727 ,
1069 665 1147 738 μὴ
1181 665 1492 736 μεριμνᾶτε
1540 661 1671 731 περὶ
1710 662 1810 727 τῆς

199 760 414 832 αὔριον.
470 762 688 833 Βρῶσιν
727 762 783 815 δὲ
840 762 1150 832 μένουσαν,
1185 760 1287 830 τὴν
1338 757 1611 829 μυστικὴν
1660 755 1811 823 λέγει

203 855 515 926 μετάληψιν
534 858 633 925 τῆς
663 857 863 927 σαρκὸς
889 855 983 909 τοῦ
1015 854 1245 925 Κυρίου,
1276 856 1341 925 ἣν
1382 852 1546 916 αὐτὸς
1577 854 1712 923 ἡμῖν
1736 850 1809 903 δί-

199 948 388 1015 δωσιν,
415 950 540 1011 Υἰδς
570 948 863 1019 ἀνθρώπου
895 948 1214 1019 γενόμενος,
1248 946 1307 1000 ὃν
1330 948 1358 1001 6
1389 946 1579 1015 Πατὴρ
1608 942 1815 1014 ἐσφρά-

201 1058 350 1109 γισε,
403 1043 706 1109 τουτέστιν,
758 1042 1072 1108 ἀπέδειξεν,
1126 1040 1479 1104 ἐϐεϐαίωσεν,
1545 1041 1628 1093 ὃτι
1664 1037 1813 1091 ἔστιν

205 1137 339 1201 Υἱὸς
384 1138 576 1191 αὐτοῦ.
643 1137 921 1203 ’Λπέδειξε
963 1136 1065 1207 μὲν
1102 1137 1212 1207 γὰρ
1261 1136 1354 1189 καὶ
1406 1134 1572 1196 αὐτὸς
1618 1130 1815 1186 ἐαυτδν

200 1232 230 1283 ὁ
252 1230 491 1301 Χριστὸς
517 1231 605 1285 διὰ
630 1231 739 1284 τῶν
766 1230 1066 1301 θαυμάτων
1090 1248 1102 1261 ·
1132 1231 1255 1283 ἐπεὶ
1278 1230 1335 1283 δὲ
1358 1228 1494 1299 πρὸς
1529 1226 1817 1290 Ἰουδαίους

198 1325 549 1394 διαλέγεται,
593 1326 679 1379 ἵνα
739 1327 814 1399 μὴ
866 1325 1248 1398 ταραχθῶσιν,
1305 1324 1398 1377 ἐπὶ
1450 1322 1542 1376 τὸν
1593 1320 1817 1393 Πατέρα

200 1417 521 1489 ἀνατρέχει,
552 1419 828 1487 καίφησι,
863 1420 996 1490 παρ’
1034 1418 1200 1473 αὐτοῦ
1234 1417 1630 1487 ἐσφραγίσθαι,
1660 1432 1819 1469 τουτ-

200 1513 388 1574 ἐστιν,
450 1512 869 1583 ἀποδεδεῖχθαι,
951 1512 1438 1584 μεμαρτυρῆσθαι.
1509 1508 1666 1563 Ἐπεὶ
1723 1507 1819 1562 καὶ

200 1603 372 1658 εἰκών
408 1606 525 1658 ἐστι.
555 1606 649 1659 τοῦ
684 1604 897 1675 ΙΙατρδς
930 1608 958 1658 6
988 1605 1138 1671 Υἱὸς,
1177 1605 1273 1658 καὶ
1308 1603 1661 1672 σφράγισμα,
1722 1599 1819 1653 καὶ

199 1698 503 1770 χαρακτὴρ
529 1742 541 1760 ,
597 1699 717 1783 vdae.
758 1701 888 1769 παρ’
938 1699 1105 1753 αὑτοῦ
1146 1696 1557 1769 σφραγισθῆναι
1590 1693 1817 1754 τοῦτον,

200 1790 329 1842 καθ’
367 1791 393 1843 ὃ
443 1791 610 1844 εἰκὼν
651 1792 745 1844 καὶ
793 1792 1128 1863 σφράγισμα
1163 1793 1317 1845 ἐστιν
1344 1808 1357 1823 ο
1397 1789 1540 1843 ὥστε
1580 1784 1721 1841 εἶναι
1759 1785 1820 1837 τὸ

1922 569 2187 625 crastino.
2236 567 2433 625 Cibum
2475 578 2659 625 autem
2701 578 3037 636 manentem,
3074 569 3366 639 mysticam
3408 567 3539 623 dicit

1919 662 2290 735 sumptionem
2334 665 2517 719 carnis
2568 663 2824 729 Domini,
2875 679 3040 735 quam
3074 647 3242 718 nobis
3279 663 3398 733 ipse
3447 662 3539 717 dat

1919 754 2090 810 Filius
2126 756 2363 811 hominis
2402 757 2599 823 factus,
2633 773 2797 829 quem
2836 758 2999 812 Pater
3043 758 3351 826 obsignavit
3379 800 3391 823 ,
3434 756 3537 810 hoc

1919 861 2000 904 cst
2032 852 2271 906 ostendit
2300 862 2354 906 et
2384 853 2733 907 continuavit
2757 854 2905 924 quod
2950 852 3023 909 sit
3071 852 3240 907 Filius
3274 866 3446 913 suus;
3484 858 3537 903 ct

1922 946 2036 1015 ipse
2066 946 2289 1015 quidem
2327 940 2580 1001 Christus
2626 947 2862 1002 ostendit
2896 962 2955 1002 se
2984 962 3081 1018 per
3107 945 3410 1009 miracula;
3443 944 3539 997 sed

1919 1039 2047 1109 quia
2082 1055 2204 1094 cum
2238 1039 2443 1095 Judaeis
2472 1042 2738 1112 loquitur,
2784 1052 2841 1097 ut
2874 1057 2944 1096 ne
2971 1043 3284 1105 turbentur,
3326 1041 3392 1094 ad
3440 1038 3542 1092 Pa-

1920 1140 2061 1186 trem
2106 1134 2365 1199 recurrit,
2423 1142 2478 1190 et
2517 1135 2649 1191 dicit
2702 1136 2771 1191 ab
2822 1136 2917 1191 illo
2964 1152 3023 1192 se
3072 1137 3348 1207 signatum
3393 1148 3537 1195 esse.

1922 1223 2025 1280 hoc
2064 1238 2170 1291 est,
2232 1236 2605 1284 monstratum
2648 1239 2703 1283 et
2760 1228 3094 1285 testimoniis
3148 1226 3561 1282 continuatum.

1923 1331 2086 1386 esse;
2116 1321 2242 1389 quia
2275 1330 2331 1376 ct
2363 1321 2543 1392 imago
2561 1330 2643 1377 est
2671 1321 2853 1377 Patris
2882 1322 3076 1389 Filius,
3112 1332 3165 1377 et
3197 1320 3542 1393 signaculum

1924 1417 1979 1463 et
2008 1409 2318 1479 character,
2355 1412 2601 1483 intellige
2637 1413 2706 1468 ab
2738 1413 2830 1469 illo
2864 1414 3009 1469 hunc
3050 1414 3350 1484 signatum,
3404 1426 3544 1481 qua-

1927 1511 2084 1557 tenus
2110 1504 2291 1574 imago
2323 1514 2380 1563 et
2430 1505 2670 1577 sigillum
2724 1516 2845 1574 est;
2881 1518 2936 1562 et
2972 1508 3041 1561 ita
3085 1523 3145 1562 se
3193 1507 3359 1562 habet
3398 1506 3543 1575 quod

1926 1597 2079 1664 dicit,
2114 1597 2273 1653 Hunc
2317 1599 2462 1654 cnim
2496 1600 2588 1669 qui
2626 1601 2921 1656 videbatur
2968 1600 3140 1655 Filius
3179 1600 3443 1663 hominis,
3478 1597 3548 1653 si-

1926 1691 2112 1760 gnavit
2163 1690 2343 1759 Pater,
2410 1695 2512 1749 hoc
2554 1701 2637 1749 est
2689 1695 3040 1766 signaculum
3070 1710 3229 1748 suum
3265 1705 3319 1747 ct
3355 1692 3546 1762 imagi-

1929 1784 2051 1839 nem
2102 1786 2326 1854 genuit,
2381 1802 2504 1857 quze
2555 1788 2780 1844 haberet
2827 1789 2878 1845 in
2923 1804 2981 1845 se
3027 1804 3194 1844 omne
3249 1787 3397 1859 quod
3430 1788 3544 1856 ipse

200 1884 502 1957 λεγόμενον
567 1885 1097 1940 τοιοῦτονοτοῦτον
1165 1887 1276 1955 γὰρ
1328 1884 1421 1938 τὸν
1490 1881 1820 1953 φαινόμενον

1936 1878 2184 1944 habebat,
2217 1888 2271 1934 et
2301 1881 2607 1936 naturalem
2641 1898 2766 1937 cum
2799 1884 2917 1954 ipsa
2953 1883 3322 1939 idcntitatem.

202 1982 339 2034 Υἱὸν
393 1983 720 2054 ἀνθρώπου,
780 1983 1121 2055 ἐσφράγισεν
1178 1984 1206 2036 6
1254 1982 1485 2052 Πατὴρ,
1526 1978 1817 2039 τουτέστι,
1862 1976 2139 2046 σφραγῖδα
2169 1977 2372 2049 ,αὑτοῦ
2404 1981 2499 2034 καὶ
2533 1980 2724 2036 είκόνα
2766 1982 3054 2053 ἐγέννησε,
3125 1980 3551 2055 ἀπαραλλαξίαν

203 2078 394 2131 πᾶταν
432 2079 524 2131 καὶ
570 2078 878 2149 ταυτότητα
929 2079 1173 2148 φυσικὴν
1210 2078 1348 2148 πρὸς
1389 2078 1557 2132 αὐτὸν
1603 2070 2032 2135 ἀποσώζουσαν.

288 2187 307 2222 ι
355 2166 522 2224 Εἶπον
560 2167 656 2225 οὖν
701 2172 839 2243 πρὸς
872 2172 1074 2225 αὐτόν·
1109 2172 1175 2225 Τί
1214 2171 1490 2242 ποιῶμεν,
1522 2169 1611 2224 ἵνα
1652 2170 1821 2238 ἐργα-

204 2259 441 2331 ζώμεθα
472 2263 542 2316 τὰ
593 2263 732 2335 ἔργα
779 2263 875 2316 τοῦ
918 2264 1094 2329 Θεοῦς
1151 2262 1457 2332 Ἀπεκρίθη
1505 2264 1532 2315 ὁ
1585 2257 1819 2331 Ἰησοῦς,

202 2358 308 2409 καὶ
338 2352 491 2409 εἶπεν
526 2357 712 2421 αὐτοῖς
733 2374 747 2390 ο
780 2357 954 2412 Τοῦτό
987 2360 1105 2411 ἐστι
1135 2357 1195 2411 τὸ
1225 2358 1388 2429 ἔργον
1416 2356 1512 2410 τοῦ
1539 2355 1701 2420 Θεοῦ,
1736 2355 1822 2409 ἵνα

208 2448 551 2521 πιστεύσητε
608 2453 690 2515 εἰς
745 2451 804 2505 ὃν
850 2453 1180 2507 ἀπέστειλεν
1236 2454 1468 2516 ἐκεῖνος.
1514 2445 1688 2506 Εἶπον
1727 2448 1823 2503 οῦν

207 2541 367 2610 αὐτῷ
394 2560 405 2572 ·
446 2542 510 2595 Τί
541 2538 636 2595 οῦν
677 2544 856 2606 ποιεῖς
910 2544 975 2595 σὺ
1020 2543 1283 2613 σημεῖον,
1335 2543 1422 2595 ἴνα
1456 2541 1659 2610 ἴδωμεν
1682 2579 1697 2604 ,
1730 2535 1825 2591 καὶ⁸

208 2633 605 2703 πιστεύσωμέν
657 2652 783 2699 σοις
816 2636 881 2687 Τί
923 2634 1175 2708 ἐργάζῃ;
1215 2654 1233 2686 ι
1278 2634 1545 2704 Ζητοῦσιν
1591 2635 1640 2685 οἱ
1689 2632 1824 2685 ’1ου-

204 2725 355 2779 δαῖοι
391 2726 586 2796 μαθεῖν
618 2726 680 2779 τὸ
718 2726 879 2797 ἔργον
912 2726 1006 2780 τοῦ
1038 2726 1199 2792 Θεοῦ,
1236 2728 1338 2796 οὐχ
1372 2726 1462 2779 ἴνα
1485 2723 1651 2790 ,τοῦτο
1683 2723 1829 2795 πρα-

212 2818 404 2883 ξωσιν,
441 2818 557 2872 ἀλλ’
598 2819 684 2873 ἵνα
728 2819 1035 2889 δράξωνται
1068 2820 1347 2890 ἀφορμάς.
1392 2818 1564 2881 Εἰδὼς
1594 2814 1689 2872 οὖν
1727 2818 1827 2871 a6-

207 2913 343 2975 τοὺς
377 2912 545 2981 μηδὲν
570 2910 1133 2983 ὼφεληθησομὲνους,
1162 2912 1315 2983 ὅμως
1345 2911 1435 2964 διὰ
1466 2912 1527 2964 τὸ
1555 2928 1825 2980 κοινωφε-

208 3006 305 3068 λὲς
337 3010 437 3078 τῆς
469 3006 823 3071 διδασκαλίας
871 3008 1259 3079 ἀποκρίνεται,
1299 3008 1391 3062 καὶ
1434 3000 1826 3061 ὐ’ποδείκνυσιν

209 3100 422 3166 αὐτοῖς,
463 3102 667 3173 μᾶλλον
706 3103 765 3157 δὲ
808 3106 977 3158 πᾶσιν
1006 3102 1345 3176 ἀνθρώποις,
1395 3104 1478 3158 ὅτι
1516 3102 1679 3157 τοῦτό
1710 3104 1828 3157 ἐστι

207 3195 277 3248 τὸ
301 3194 462 3265 ἔργον
490 3195 586 3250 τοῦ
614 3196 775 3262 Θεοῦ,
817 3198 878 3251 τὸ
921 3197 1204 3252 πιστεύειν
1239 3201 1319 3261 εἰς
1350 3196 1409 3251 ὂν
1446 3200 1654 3259 ἐκεῖνος
1687 3196 1825 3251 ἁπέ-

212 3287 451 3344 στειὶεν.
491 3288 555 3344 ’11
589 3290 698 3362 γὰρ
724 3292 805 3354 είς
837 3291 1003 3345 αὐτὸν
1036 3292 1242 3356 πίστις,
1274 3292 1439 3363 ἔργον
1470 3290 1647 3355 ὄντως
1681 3291 1830 3365 ίερόν

208 3399 276 3436 τε
312 3382 409 3436 καὶ
458 3382 688 3449 τέλειον,
744 3383 841 3437 καὶ
885 3384 1117 3450 ἁγιάζον
1164 3385 1295 3448 τοὺς
1336 3383 1546 3455 ταύτην
1578 3384 1822 3456 ἔχοντας.

2006 2166 2168 2223 Vens.
2207 2166 2403 2224 28-30.
2453 2188 2471 2219 ‹
2519 2167 2781 2223 Dixerunt
2817 2184 2952 2237 ergo
2981 2170 3048 2226 ad
3079 2185 3202 2224 eum
3245 2186 3258 2225 ι
3293 2169 3433 2236 Quid
3470 2168 3553 2222 fa-

1927 2262 2139 2316 ciemus
2160 2270 2231 2316 νιιι
2263 2276 2558 2332 operentur
2586 2277 2752 2335 opera
2787 2264 2924 2319 Dei?
2969 2262 3278 2335 Respondit
3307 2262 3469 2319 Jesus
3499 2270 3554 2318 et

1927 2355 2066 2412 dixit
2112 2357 2195 2412 eis
2245 2376 2258 2413 :
2296 2357 2412 2414 lioc
2464 2369 2547 2414 est
2592 2374 2731 2430 opus
2783 2358 2903 2427 Dei,
2946 2369 3004 2415 ut
3046 2358 3287 2416 credatis
3325 2359 3378 2413 in
3424 2374 3548 2414 eum

1928 2464 2090 2518 quem
2144 2450 2290 2504 misit
2329 2450 2437 2506 illc.
2480 2451 2749 2507 Dixerunt
2801 2466 2934 2522 ergo
2975 2452 3065 2508 ei:
3100 2450 3254 2519 Quod
3313 2465 3446 2521 ergo
3493 2458 3546 2504 ιιι

1928 2539 2065 2596 facis
2101 2542 2317 2611 signum
2368 2551 2429 2597 ut
2465 2543 2748 2598 videamus
2800 2552 2855 2597 et
2902 2545 3195 2598 credamus
3248 2540 3387 2597 tibi?
3420 2540 3553 2611 quid

1928 2637 2215 2704 Operaris?
2259 2657 2277 2690 ι
2314 2637 2577 2705 Qumruut
2610 2636 2785 2693 Judmi
2828 2639 3045 2695 discere
3083 2653 3223 2707 opus
3269 2637 3401 2702 Dei,
3443 2652 3551 2691 non

1931 2738 1991 2781 ut
2024 2729 2125 2783 hoc
2173 2727 2405 2796 faciant,
2453 2732 2547 2786 sed
2598 2740 2658 2785 ut
2703 2732 3053 2788 occasionem
3108 2732 3549 2802 apprehendaut.

1935 2822 2198 2878 Deininns
2231 2833 2412 2879 autem
2448 2826 2703 2896 quamvis
2739 2827 2911 2883 sciret
2959 2842 3056 2881 eos
3093 2826 3299 2881 nullam
3343 2824 3553 2881 utilita-

1935 2925 2041 2970 tem
2098 2928 2477 2989 percepturos,
2534 2921 2819 2988 respondit
2874 2929 3056 2975 tamen
3103 2934 3203 2990 per
3234 2916 3550 2973 doctrinam

1932 3008 2119 3065 utilem
2154 3011 2439 3077 omnibus,
2476 3021 2531 3067 et
2573 3008 2961 3079 ostendit'eis,
2996 3013 3109 3067 imo
3145 3011 3403 3067 omnibus
3442 3009 3544 3065 Ιιοη

1934 3106 2205 3172 minibus,
2267 3108 2414 3178 quod
2471 3110 2575 3165 hoc
2631 3109 2704 3165 sit
2731 3124 2870 3179 opus
2909 3107 3006 3164 Dei
3054 3108 3280 3164 credere
3318 3108 3373 3163 in
3412 3124 3541 3167 eum

1934 3216 2097 3269 quem
2150 3201 2239 3258 ille
2270 3203 2439 3258 misit.
2488 3200 2626 3257 Nam
2670 3203 2804 3257 ﬁdes
2841 3218 2971 3274 erga
3022 3202 3172 3257 illum
3198 3244 3213 3269 ,
3248 3218 3389 3273 opus
3427 3220 3556 3275 pro-

1936 3296 2081 3350 fceto
2117 3305 2201 3351 rst
2233 3307 2489 3352 sanctum
2523 3308 2570 3351 et
2620 3297 2951 3367 perfectum,
2982 3307 3036 3354 et
3072 3299 3430 3356 sanctiticans
3459 3314 3555 3356 eos

1935 3389 2028 3459 qui
2069 3389 2216 3443 illam
2268 3390 2492 3445 habent.
2555 3391 2672 3445 Dux
2714 3391 2860 3445 enim
2918 3391 2976 3446 iit
3028 3391 3262 3463 diligens
3322 3392 3459 3449 fides
3488 3393 3556 3449 ad

222 3474 455 3545 Ὀδηγδς
501 3476 612 3547 γὰρ
652 3477 871 3545 γίνεται
908 3478 942 3549 ὴ
978 3477 1216 3549 ἀκριϐὴς
1252 3478 1438 3539 πίστις
1470 3478 1609 3548 πρὸς
1640 3479 1826 3532 πᾶσαν

1936 3500 2154 3540 omnem
2193 3485 2392 3540 bonam
2425 3485 2831 3557 operationem,
2867 3495 2922 3544 et
2949 3487 3093 3543 bona
3126 3485 3379 3557 operatio
3425 3500 3560 3543 con-

210 3569 437 3641 ἁγαθὴν
488 3570 780 3642 ἐργασίαν,
822 3571 917 3625 καὶ
972 3572 1004 3641 ἡ
1057 3570 1241 3642 ἀγαθὴ
1282 3571 1525 3642 ἐργασία
1574 3573 1831 3641 συντηρεί

209 3663 323 3733 τὴν
350 3665 554 3718 πίστιν.
595 3685 612 3716 ι
654 3665 736 3720 Τά
759 3681 819 3718 τε
856 3664 965 3734 γὰρ
1007 3664 1149 3735 ἔργα
1180 3666 1315 3737 ἄτερ
1354 3665 1596 3730 πίστεως
1630 3666 1827 3736 νεκρὰ,

210 3758 314 3813 καὶ
356 3760 388 3829 ἡ
430 3759 615 3822 πίστις
648 3760 819 3830 χωρὶς
848 3759 1049 3830 ἔργων.
1092 3778 1111 3811 ι
1148 3761 1292 3832 Ὅρα
1344 3760 1399 3814 δὲ
1426 3761 1830 3831 ἀγνωμοσύνην

212 3852 316 3907 καὶ
344 3853 708 3925 ἀναισθησίαν
732 3872 744 3884 ·
781 3856 1013 3924 σημεῖον
1042 3854 1205 3909 πάλιν
1229 3853 1491 3925 ζητοῦσιν
1511 3855 1562 3907 οἱ
1590 3853 1832 3907 τοσαῦτα

212 3947 316 4019 καὶ
373 3945 688 4017 τηλικαῦτα
747 3947 971 4013 ἰδόντες,
1005 3947 1103 4001 καὶ¹
1154 3948 1214 4002 τὸ
1244 3947 1356 4002 τῶν
1389 3946 1575 4020 ἄρτων
1628 3946 1831 4019 μᾶλλον

212 4043 314 4113 ἀφ’
347 4035 424 4098 ὧν
471 4042 873 4114 ἐκορέσθησαν.
920 4045 1010 4107 Ὠς
1042 4045 1457 4117 γαστρίμαργοι
1484 4042 1611 4114 οὖν,
1668 4047 1832 4102 πάλιν

213 4137 463 4193 τοιοῦτον
491 4138 710 4193 αἰτοῦσι
752 4141 1005 4210 σημεῖον,
1048 4143 1130 4204 εἰς
1180 4143 1430 4214 γαστέρα
1470 4143 1656 4206 αὐτοῖς
1692 4160 1833 4210 συμ-

214 4233 576 4304 ϐαλλόμενον.
628 4234 755 4288 Ὀτι
803 4234 860 4289 δὲ
913 4234 1077 4289 τοῦτο
1127 4236 1367 4307 ἀληθὲς,
1397 4236 1563 4307 δῆλον
1605 4238 1671 4290 ἐκ
1722 4236 1833 4290 τῶν

214 4328 372 4401 ἑξῆς-

298 4440 318 4475 (
354 4423 419 4477 Oi
454 4421 695 4495 πατέρες
723 4422 885 4495 ἡμῶν
905 4424 965 4477 τὸ
997 4424 1177 4494 μάννα
1198 4424 1404 4495 ἔφαγον
1425 4422 1484 4479 ἐν
1512 4429 1577 4498 τῇ
1609 4427 1828 4499 ἐρήμῳ,

216 4513 409 4581 καθώς
444 4517 564 4571 ἐστι
608 4518 1002 4589 γεγραμμένον
1024 4536 1037 4550 ·
1108 4520 1312 4591 Ἄρτον
1368 4521 1433 4574 ἐκ
1466 4519 1563 4574 τοῦ
1594 4522 1831 4593 οὐρανοῦ

215 4606 429 4664 ιδωκεν
466 4595 653 4673 α’ὐτοϊς
686 4594 1121 4679 φαγεῖν.Ἐίπεν
1154 4609 1249 4664 οὖν
1296 4611 1482 4675 uiaret;
1519 4613 1548 4665 6
1599 4613 1832 4682 Ἰησοῦς’

233 4700 436 4775 ’Δμὴν,
469 4701 621 4775 ἀμὴν
643 4702 792 4772 λέγω
810 4703 964 4775 ὑμῖν,
996 4704 1057 4757 οὐ
1088 4705 1299 4775 Μωσῆς
1322 4706 1559 4761 δέδωκεν
1586 4708 1717 4778 ὑμῖν
1745 4708 1835 4762 τὸν

1937 3588 2129 3635 servat
2186 3577 2371 3635 Iidem.
2444 3598 2462 3632 ι
2528 3579 2668 3635 Nam
2717 3590 2773 3637 et
2816 3596 2985 3652 opera
3033 3583 3153 3638 sine
3197 3581 3303 3638 fide
3338 3591 3557 3638 mortua

1937 3682 2065 3728 sinit
2088 3716 2103 3739 ,
2138 3681 2196 3729 et
2225 3673 2359 3729 fides
2387 3674 2508 3729 sine
2538 3674 2799 3740 operibus
2822 3674 2889 3732 ⁸⁸.
2933 3695 2952 3728 ι
2994 3674 3131 3731 Vide
3158 3685 3345 3730 autem
3382 3676 3562 3746 ingra-

1938 3767 2226 3822 titudinem
2264 3768 2679 3834 insensatorum
2715 3786 2727 3823 :
2781 3769 2997 3839 signum
3031 3771 3231 3826 iterum
3270 3780 3557 3841 qurcrunt,

1936 3863 2191 3933 quamvis
2226 3872 2374 3916 tanta
2424 3872 2479 3917 et
2516 3863 2643 3917 talia
2678 3862 2940 3932 viderint,
2987 3873 3045 3920 et
3074 3865 3318 3919 maxime
3353 3880 3558 3935 panum

1937 3955 2138 4023 quibus
2180 3956 2410 4010 saturati
2452 3955 2691 4012 fuerant.
2727 3956 2871 4036 Vere.
2897 3957 3246 4028 gastrimargi
3272 4000 3285 4024 ,
3320 3959 3413 4028 qui
3460 3960 3561 4013 itc-

1938 4066 2059 4104 rum
2092 4050 2309 4121 signum
2360 4051 2470 4109 tale
2500 4061 2779 4122 qurcruut,
2825 4054 2971 4121 quod
3008 4052 3183 4109 ventri
3216 4054 3506 4123 prodesset
3542 4072 3557 4109 :

1938 4152 1992 4199 et
2027 4144 2172 4215 quod
2209 4145 2312 4201 hoc
2356 4146 2429 4200 sit
2482 4161 2670 4201 verum
2708 4187 2721 4213 ,
2766 4144 2937 4218 589
2972 4144 3329 4203 manifestum
3363 4154 3449 4203 est
3494 4161 3561 4202 ex

1938 4237 2321 4309 Sequentibus.

2016 4427 2177 4482 Vens:
2200 4425 2392 4481 51-54.
2426 4444 2444 4477 ι
2484 4426 2677 4483 Patres
2707 4430 2880 4485 nostri
2907 4434 3382 4487 manducaveruut
3408 4450 3561 4488 man-

1941 4541 2007 4580 na
2056 4526 2107 4579 in
2147 4525 2388 4591 deserto,
2450 4526 2592 4579 sicut
2638 4525 2901 4596 scriptum
2942 4534 3067 4583 est:
3099 4528 3300 4583 Panem
3331 4532 3395 4583 de
3424 4531 3563 4585 coelo

1940 4619 2091 4674 dedit
2150 4618 2230 4674 eis
2280 4619 2348 4673 ad
2399 4619 2698 4674 edendum.
2751 4620 2897 4676 Dixit
2959 4622 3041 4678 eis
3088 4622 3249 4679 Jcsus
3300 4644 3313 4680 :
3363 4626 3562 4691 Amen,

1943 4729 2097 4769 amen
2156 4713 2280 4769 dico
2329 4714 2487 4770 vobis
2535 4726 2549 4774 :
2604 4729 2709 4770 non
2768 4716 2956 4772 Moses
3010 4718 3157 4774 dedit
3202 4720 3359 4776 vobis
3411 4722 3560 4776 iitum

218 4794 391 4866 ἄρτον
432 4798 497 4850 ἐκ
530 4795 628 4850 τοῦ
680 4796 938 4869 οὐρανοῦο
977 4796 1096 4850 ἀλλ’
1132 4799 1160 4851 6
1200 4800 1394 4870 Πατήρ
1453 4817 1557 4871 μου
1616 4800 1826 4856 δίδωσιν

1946 4822 2140 4877 panem
2178 4807 2242 4862 de
2275 4808 2437 4874 coelo,
2480 4808 2577 4864 sed
2626 4808 2793 4865 Pater
2834 4826 2991 4867 meus
3028 4813 3122 4869 dat
3161 4817 3312 4870 vobis
3365 4833 3561 4887 p'tnCltI

215 4889 359 4959 ὑμῖν
387 4888 480 4944 τὸν
509 4889 674 4961 ἄρτον
704 4890 770 4944 ἐκ
798 4890 893 4944 τοῦ
921 4890 1158 4963 οὐρανοῦ
1188 4892 1280 4946 τὸν
1316 4893 1593 4965 ἀληθινόν.
1640 4896 1699 4950 ’0
1727 4898 1863 4967 γὰρ’

219 4981 392 5056 ἄρτος
425 4983 521 5037 τοῦ
561 4983 698 5037 Θεοῦ
737 4986 885 5038 ἐστιν
916 4988 942 5038 ὁ
970 4986 1322 5041 καταϐαίνων
1355 4990 1423 5069 ἐξ
1451 4988 1546 5042 τοῦ
1579 4991 1838 5062 οὐρανοῦ,

220 5076 326 5131 καὶ
357 5076 505 5147 ζωὴν
533 5076 713 5142 διδοὺς
741 5078 821 5149 τῷ
852 5079 1067 5151 κόσμῳ.
1103 5076 1274 5139 Εἶπον
1305 5078 1400 5137 οῦν
1457 5084 1596 5155 πρὸς
1648 5086 1836 5139 αὐτὸν·

195 5156 249 5221 ἰ
288 5156 485 5240 Κύριε,
535 5170 771 5225 πάντοτε
827 5171 916 5233 δὺς
960 5174 1095 5243 ἡμῖν
1122 5174 1212 5227 τὸν
1243 5175 1409 5245 ἄρτον
1447 5175 1659 5230 τοῦτον.
1704 5197 1721 5230 ι
1761 5178 1837 5231 Οὐ

224 5260 413 5333 μάτην
443 5260 733 5333 ἐλέγομεν,
765 5265 850 5318 ὅτι
884 5265 960 5328 ὡς
990 5270 1059 5337 τῇ
1093 5268 1276 5340 κοιλίᾳ
1300 5269 1676 5335 δουλεύοντες,
1707 5272 1839 5343 ἐζή-

220 5369 355 5406 τουν
385 5358 612 5426 σημεῖον
634 5373 648 5387 ’
682 5351 796 5411 οἷον
822 5353 891 5429 ἦν
929 5358 991 5411 τὸ
1016 5359 1387 5431 τῶνᾶρτωνμ
1414 5364 1547 5417 Ὶδοξ)
1574 5363 1707 5433 γοῦν
1740 5366 1836 5419 τοῦ

225 5446 409 5518 μάννα
444 5449 776 5520 μέμνηνται,
812 5453 908 5505 καὶ
955 5454 1054 5525 οὐχ
1091 5455 1282 5526 ἐτέρου
1334 5459 1481 5523 τινὸς
1523 5460 1833 5531 θαύματος,

222 5541 341 5595 εἴτε
384 5542 495 5595 τῶν
527 5544 870 5614 Αἰγυπτίων,
928 5548 1040 5602 εἴτε
1090 5551 1200 5604 τῶν
1235 5552 1380 5606 κατὰ
1412 5554 1515 5624 τὴν
1562 5554 1836 5629 Ἐρυθρὰν

223 5633 533 5691 θάλασσαν.
584 5638 913 5711 Βουλόμενοι
948 5642 1060 5714 γὰρ
1098 5645 1347 5717 ἐρεθίσαι
1398 5648 1589 5717 αὑτὸν,
1626 5649 1714 5704 ἵνα
1742 5650 1839 5705 καὶ

223 5726 390 5790 abte;
419 5727 665 5785 τοιοῦτον
693 5736 921 5803 σημεῖον
955 5738 1179 5810 ποιήσῃ,
1205 5740 1345 5811 ὅπερ
1373 5740 1609 5812 ἠδύνατο
1639 5743 1839 5804 αὐτοὺς

302 5909 497 5970 "Jac.
550 5929 608 5984 ιι,
648 5914 739 5972 20.

1942 4902 2009 4956 de
2039 4901 2183 4957 ccrlo
2237 4913 2452 4957 verum.
2479 4900 2645 4959 Panis
2678 4904 2827 4960 enim
2882 4904 2975 4962 Dei
3027 4908 3244 4979 est,qui
3298 4910 3365 4964 de
3426 4910 3563 4966 caelo

1943 4996 2247 5063 descendit,
2286 5006 2342 5052 ct
2381 4995 2473 5051 dat
2523 4998 2690 5051 vitam
2731 4999 2961 5054 mundo.
2994 4999 3260 5055 Dixerunt
3309 5018 3442 5075 ergo
3496 5007 3562 5057 ad

1939 5104 2063 5142 enim
2093 5105 2108 5145 :
2136 5089 2383 5154 Domine.
2410 5104 2629 5161 semper
2650 5091 2715 5147 da
2752 5093 2913 5149 nobis
2938 5110 3135 5165 panem
3156 5095 3339 5151 istum.
3381 5119 3399 5150 ο
3440 5095 3559 5153 Non

1940 5180 2144 5238 frustra
2164 5182 2403 5238 diximus
2418 5185 2564 5254 quod
2591 5187 2765 5241 ventri
2796 5188 3100 5244 servientes
3132 5192 3457 5259 quaerebant
3480 5194 3559 5246 si-

1938 5291 2105 5346 gnum
2122 5276 2290 5346 quale
2312 5286 2431 5332 erat
2455 5276 2675 5347 signum
2697 5294 2922 5348 panum.
2942 5280 3083 5336 Ecce
3102 5293 3156 5338 ct
3179 5299 3392 5337 manna:
3412 5299 3561 5338 men-

1943 5369 2147 5423 tionem
2168 5367 2394 5431 iaciunt,
2418 5377 2472 5423 et
2487 5383 2594 5424 non
2620 5370 2846 5425 alterius
2864 5371 3112 5427 miraculi
3131 5375 3211 5428 vel
3230 5375 3283 5429 in
3303 5374 3562 5446 Egypto,

1949 5466 2030 5519 vel
2057 5464 2106 5518 iu
2128 5465 2265 5518 mari
2303 5464 2511 5521 Ilubro.
2536 5466 2794 5523 Volenlcs
2823 5469 2969 5524 enim
2992 5470 3227 5528 incitare
3255 5488 3378 5527 eum
3414 5478 3472 5526 ιιι
3509 5480 3563 5527 et

1944 5557 2061 5626 ipse
2092 5557 2199 5613 tale
2216 5549 2435 5630 signum
2456 5557 2663 5615 faceret
2704 5577 2814 5631 quo
2847 5563 3144 5620 carnaliter
3179 5575 3560 5635 pascerentur,

1949 5653 2310 5709 recordamur
2328 5668 2542 5710 manna:
2568 5665 2793 5725 propter
2816 5658 3167 5714 immodicam
3191 5659 3397 5730 gulam.
3420 5660 3561 5725 Quid

1948 5746 2118 5818 igitur
2153 5747 2420 5803 immensa
2458 5748 2551 5803 Dei
2588 5750 2858 5819 sapientia
2896 5751 3159 5810 Dominus
3190 5762 3379 5809 noster
3405 5750 3563 5809 Jesus
