4078 6330
574 296 711 360 i239

1496 294 2084 358 THEOPHYLACTI
2125 295 2537 361 BULGARI/E
2576 295 2939 359 ARCHIEP-

3708 295 3845 360 1300

562 416 673 469 Clir
698 426 815 468 stus
868 409 1150 479 respondel
1185 409 1347 465 eish
1404 408 1521 463 Non
1579 409 1755 465 Moses
1806 412 1953 465 dedit
2002 410 2136 467 vobi:

2260 410 2460 482 Θρέψαι
2491 408 2793 481 σαρκικῶς,
2832 407 3144 479 μέμνηνται
3174 405 3267 461 τοῦ
3298 405 3474 478 μάννα
3504 406 3593 461 διὰ
3622 425 3851 479 γαστρι-

564 524 781 576 panem,
829 527 847 559 ι
882 507 982 561 hoc
1034 492 1343 561 est'verum
1399 521 1591 575 panem
1641 519 1743 559 non
1794 504 1943 559 dedit
1998 506 2150 559 vobis

560 600 759 657 Moses.
808 597 1003 653 Omnia
1053 600 1199 655 enim
1239 614 1359 669 qua:
1396 610 1521 652 tunc
1572 596 1791 662 ﬁebant,
1842 596 1949 668 typi
1996 608 2151 651 erant

561 706 749 746 eorum
780 706 901 761 qum
932 706 1075 745 nunc
1107 690 1261 744 linnt.
1309 690 1483 743 Moses
1520 688 1665 742 enim
1721 687 1947 759 ﬁguram
1987 689 2152 745 babe-

561 787 653 839 bat
685 783 803 847 Dei,
827 784 941 838 veri
973 783 1333 854 spiritualium
1379 780 1745 836 israelitarum
1780 782 1953 837 ducis.
1985 782 2149 837 Panis

559 887 739 932 autem
772 878 859 931 ille
888 878 1055 947 figura
1088 887 1169 930 est
1214 874 1344 938 mei,
1370 876 1461 944 qui
1498 874 1566 930 de
1610 876 1752 931 caelo
1787 870 2066 939 descendi,
2096 884 2150 929 et

556 986 684 1025 vere
711 984 895 1038 pasco,
944 980 998 1023 et
1042 983 1169 1022 vere
1205 983 1348 1023 sum.
1385 968 1656 1023 Caeterum
1718 968 1849 1021 dicit
1904 968 2145 1036 seipsum

558 1067 745 1119 veruni
780 1080 995 1133 panem,
1027 1079 1130 1117 non
1168 1063 1309 1131 quod
1348 1078 1543 1115 manna
1580 1061 1772 1116 falsum
1812 1060 1999 1126 fuerit,
2049 1064 2146 1116 sed

554 1156 679 1225 quia
712 1156 838 1209 illud
876 1158 1042 1226 llgura
1081 1155 1179 1209 fuit
1225 1164 1280 1210 et
1332 1156 1543 1220 umbra,
1574 1170 1678 1208 non
1727 1156 1953 1223 ipsamet
2003 1157 2147 1210 veri-

557 1259 662 1304 tas.
694 1250 920 1319 Proprie
956 1250 1098 1305 enim
1135 1264 1332 1303 manna
1380 1250 1691 1318 unigenitus
1721 1248 1891 1303 Filius
1923 1250 2013 1304 Dei
2066 1250 2146 1304 fa-

560 1353 681 1397 ctus
716 1344 898 1407 homo,
922 1342 1145 1399 verbum
1178 1352 1234 1397 et
1262 1343 1467 1397 auditio
1496 1342 1882 1409 obstupescere
1912 1340 2141 1397 iaciens.

548 1432 685 1487 Nam
738 1450 933 1488 manna
988 1435 1391 1506 interpretatur,
1432 1438 1557 1503 quid
1598 1433 1944 1490 hoc71uda2i
1996 1435 2140 1490 enim

550 1527 669 1580 viso
704 1526 815 1590 illo,
848 1529 993 1597 quod
1026 1529 1346 1583 cumulatim
1383 1529 1657 1599 deplutum
1693 1539 1840 1585 esset
1874 1539 2001 1585 ante
2047 1545 2144 1583 cu-

542 1621 741 1691 jusque
771 1622 1205 1689 tabernaculum,
1232 1622 1596 1693 obstupefacti
1647 1622 1865 1678 insolito
1894 1633 1949 1678 et
1982 1637 2142 1693 pere-

548 1732 710 1783 grino
741 1716 1069 1785 spectaculo,
1114 1718 1521 1787 interrogabant
1552 1732 1614 1771 se
1647 1716 1961 1773 invicem‘h
1999 1718 2137 1783 Quid

549 1808 653 1859 boc
682 1806 748 1863 “.
786 1826 806 1857 ι
847 1805 1106 1863 Dominus
1144 1807 1309 1876 igitur
1358 1806 1535 1863 factus
1586 1808 1747 1863 homo
1788 1809 1959 1865 Filius
2018 1810 2136 1875 Dei,

544 1899 664 1968 ipse
686 1908 769 1953 est
796 1914 1016 1966 manna,
1040 1900 1179 1969 quod
1202 1898 1493 1969 stupefacit
1514 1914 1723 1967 omnes,
1741 1900 1812 1954 ita
1841 1909 1897 1955 ut
1922 1901 2134 1958 dicant:

549 2012 569 2043 ι
606 1993 747 2059 Quid
779 1993 925 2047 hoc?
957 2012 975 2045 ι
1005 1994 1291 2060 Quomodo
1324 1994 1498 2050 Filius
1537 1994 1631 2049 Dei
1661 2006 1713 2050 et
1749 1995 1922 2050 Filius
1954 1997 2138 2051 bomi-

2258 504 2501 575 μαργίας
2539 501 2873 572 ὑπερϐολήν.
2928 500 2994 555 Τί
3050 500 3145 554 οὖν
3196 502 3229 572 ἡ
3273 502 3503 573 ἄπειρος
3558 500 3656 554 τοῦ
3712 500 3848 555 Θεοῦ

2256 597 2437 666 σοφία,
2470 596 2499 648 6
2527 595 2731 665 Κύριος
2760 594 2923 666 ἡμῶν
2960 594 3193 666 Ἰησοῦς,
3226 593 3589 664 ἀποκρίνεται
3618 594 3845 661 αύτοίςς

2256 689 2377 743 Ὀτι
2410 707 2428 740 ι
2468 688 2542 741 Ut)
2578 687 2784 756 Μωσῆς
2830 685 3065 740 δέδωκεν
3100 685 3229 757 ὑμῖν
3260 685 3354 739 τὸν
3387 684 3574 758 ἄρτον·
3630 703 3651 737 ι
3693 702 3850 739 τουτ-

2253 782 2390 847 έστι,
2429 780 2519 833 τδν
2586 780 2843 846 ἀληθινὸν
2874 780 3041 852 ἄρτον
3074 780 3134 835 ού
3164 780 3398 834 δέδωκεν
3448 781 3580 851 ὑμῖν
3611 780 3857 855 Μωσῆςσν

2250 875 2387 941 ἀλλά
2411 875 2588 927 πάντα
2618 873 2686 927 τὰ
2724 874 2843 927 τότε
2894 874 3178 943 γινόμενα,
3220 876 3383 927 τύποι
3412 868 3556 943 ἦσαν
3578 873 3701 926 ,τῶν
3749 871 3848 925 νῦν

2250 969 2571 1039 γινομένων.
2636 968 2696 1025 '0
2749 967 2850 1037 μὲν
2886 969 2996 1038 γὰρ
3040 968 3249 1038 Μωσῆς
3293 965 3465 1019 τύπον
3508 967 3699 1035 ἐπεῖχε
3752 962 3846 1018 τοῦ

2250 1061 2407 1127 Θεοῦ,
2442 1064 2535 1118 τοῦ
2566 1063 2825 1134 ἀληθινοῦ
2872 1062 2982 1115 τῶν
3004 1061 3213 1134 νοητῶν
3252 1060 3608 1133 Ἰσραηλιτῶν
3639 1077 3702 1112 στ
3715 1076 3846 1129 pat-

2249 1156 2699 1229 ηγοῦοὸδὲᾶρτος
2723 1154 3140 1222 ὲκεϊνος,τύττος
3165 1152 3300 1225 ἐμοῦ
3328 1152 3425 1207 τοῦ
3447 1155 3511 1205 ὲκ
3540 1153 3650 1205 τῶν
3671 1153 3843 1222 06p:-

2247 1251 2353 1304 νῶν
2385 1249 2750 1315 καταϐάντος,
2786 1249 2882 1304 καὶ
2912 1249 3132 1321 άληθῶς
3159 1248 3483 1320 τρέφοντος,
3521 1249 3621 1302 καὶ
3651 1244 3847 1317 ἀληθι-

2247 1344 2339 1399 νοῦ
2389 1344 2753 1416 ὑπάρχοντος.
2803 1344 2966 1412 Λέγει
3000 1343 3058 1398 δὲ
3108 1344 3303 1397 ἑαυτὸν
3340 1341 3600 1411 ἀληθινὸν
3652 1340 3843 1409 ἄρτον,

2244 1438 2344 1508 οὐχ
2373 1437 2450 1501 ὡς
2477 1437 2572 1490 τοῦ
2608 1438 2784 1507 μάννα
2807 1436 3039 1507 ψευδοῦς
3069 1437 3243 1500 ὄντος,
3276 1436 3391 1490 ἀλλ’
3416 1435 3608 1505 ἐπειδὴ
3636 1435 3846 1495 ἐκεῖνος

2242 1530 2413 1594 τύπος
2446 1526 2514 1603 ἦν
2566 1534 2661 1586 καὶ
2713 1531 2863 1597 σκιὰ,
2900 1533 2997 1585 καὶ
3043 1532 3144 1585 οὐκ
3189 1528 3573 1600 αύτοαλήθεια.
3620 1527 3847 1600 Κυρῖως

2244 1628 2354 1700 γὰρ
2411 1627 2591 1700 μάννα
2638 1628 2667 1679 6
2710 1624 3005 1695 μονογενὴς
3055 1624 3185 1687 Υἱὸς
3218 1621 3313 1675 τοῦ
3358 1621 3493 1675 Θεοῦ
3549 1618 3846 1688 ἄνθρωπος

2244 1720 2557 1791 γενόμενος,
2574 1717 2636 1771 τὸ
2654 1716 3025 1787 ἐκπληκτικὸν
3049 1715 3204 1788 ῥῆμα
3229 1716 3320 1769 καὶ
3340 1714 3619 1784 ἄκουσμα.
3652 1711 3847 1765 Μάννα

2242 1814 2353 1885 γὰρ
2416 1812 2805 1883 ἑρμηνεύεται,
2871 1814 2934 1866 Τί
2978 1809 3198 1874 τοῦτο;
3257 1811 3319 1863 Oi
3387 1809 3498 1879 γὰρ
3571 1806 3841 1877 Ἑϐραῖοι,

2248 1906 2449 1968 ἰδόντες
2485 1905 2619 1958 αὐτὸ
2644 1903 2875 1967 ἕκαστος
2908 1902 3015 1974 πρὸ
3046 1901 3147 1972 τῆς
3174 1901 3381 1966 οἰκείας
3415 1900 3624 1971 σκηνῆς
3661 1916 3843 1970 σωρη-

2242 2000 2331 2054 δὸν
2360 1998 2691 2071 κεχυμένον,
2722 1998 2819 2053 καὶ
2846 1996 2925 2068 τῷ
2956 1998 3117 2079 ἀῄθει
3152 1996 3247 2051 καὶ
3276 1996 3412 2067 ξένῳ
3443 1995 3539 2049 τοῦ
3567 1995 3842 2064 θεάματος

546 2083 663 2137 nis?
716 2082 1002 2149 Quomodo
1050 2100 1115 2139 ex
1163 2085 1377 2140 duobus
1429 2086 1662 2141 diversis
1706 2102 1809 2140 una
1865 2090 2136 2158 persona?

2243 2091 2712 2159 καταπλαγέντες,
2742 2088 2972 2164 ⁴ἠρώτων
2996 2080 3284 2160 ἀλλήλους’
3309 2087 3375 2141 Τί
3396 2088 3561 2144 τοῦτο
3584 2105 3600 2154 ;
3648 2088 3708 2141 '0
3732 2088 3844 2141 τοί-

542 2176 671 2244 quid
704 2176 807 2230 hoc
849 2178 1213 2249 mysterium?
1248 2179 1349 2233 Hic
1395 2179 1563 2249 igitur
1596 2181 1750 2248 panis
1793 2182 1903 2236 vita
1941 2196 2136 2237 secun-

2242 2204 2335 2240 νυν
2376 2185 2581 2257 Κύριος
2613 2185 2908 2255 γενόμενος
2948 2183 3239 2254 ἄνθρωπος
3282 2184 3311 2237 6
3358 2182 3491 2247 Υίὺς
3539 2181 3637 2235 τοῦ
3681 2180 3842 2259 Θερῦ,

543 2270 671 2325 dum
690 2280 935 2325 naturam
960 2272 1251 2336 exsistens,
1278 2281 1465 2345 utpote
1490 2274 1718 2329 viventis
1745 2275 1922 2329 Patris
1946 2275 2134 2341 Filius,

2242 2279 2404 2342 αὑτός
2442 2280 2561 2330 ἐστι
2596 2276 2658 2331 τὸ
2690 2277 2901 2340 πάντας
2948 2275 3259 2338 ἐκπλῆττον
3292 2274 3491 2345 μάννα,
3528 2272 3675 2326 ὥστε
3704 2272 3844 2325 ἐκα-

546 2366 675 2419 facit
710 2370 852 2436 quod
886 2365 987 2420 sibi
1024 2369 1308 2438 proprium
1339 2379 1463 2425 est:
1490 2370 1900 2424 viviﬁeatcnim
1927 2373 2130 2427 omnia.

2242 2390 2365 2427 στον
2393 2370 2763 2443 διαποροῦντα
2785 2370 2987 2439 λέγειν·
3030 2370 3098 2423 Τί
3130 2369 3293 2422 τοῦτο
3320 2385 3336 2435 ;
3370 2368 3542 2429 [1ιῦςὸ
3574 2365 3706 2429 Tib;
3741 2365 3835 2419 τοῦ

540 2459 715 2529 Igitur
750 2461 893 2517 sicut
943 2462 1031 2531 qui
1069 2477 1133 2517 ex
1168 2471 1313 2518 terra
1352 2464 1527 2532 panis,
1572 2463 1839 2518 infirmam
1880 2474 2130 2518 naturam

2242 2467 2394 2530 Θεοῦ,
2432 2465 2525 2517 καὶ
2561 2465 2691 2528 Υίὸς
2736 2463 3073 2536 ἀνθρώπους
3118 2463 3244 2525 Πῶς
3284 2464 3348 2515 ὲκ
3399 2461 3493 2515 δύο
3527 2460 3639 2513 τῶν
3684 2463 3843 2513 ἐναν-

542 2554 726 2608 carnis
761 2554 1005 2608 continet
1057 2569 1159 2609 non
1212 2556 1403 2611 sinens
1437 2556 1584 2609 illam
1625 2558 1942 2626 corrumpi;
1977 2556 2047 2611 ita
2080 2565 2133 2611 et

2242 2557 2366 2611 τίων
2404 2558 2461 2609 ἒν
2496 2556 2790 2627 πρόσωπον
2820 2573 2837 2623 ;
2879 2555 2944 2607 Ti
2978 2554 3141 2607 τοῦτο
3174 2555 3237 2607 τὸ
3290 2553 3625 2624 μυστήριον;
3675 2543 3842 2613 Οὗτος

546 2644 797 2699 Christus
828 2659 923 2714 per
957 2644 1193 2715 Spiritus
1214 2648 1585 2716 operationem
1606 2648 1842 2701 animam
1869 2648 2130 2714 viviﬁcat,

542 2746 707 2805 atque
735 2736 897 2789 etiam
952 2737 1128 2805 ipsum
1164 2752 1365 2807 corpus
1422 2739 1491 2793 ab
1533 2738 1947 2807 incorruptione
1998 2754 2131 2794 con-

538 2837 746 2884 servat.
771 2828 876 2884 Per
904 2829 1177 2884 Christum
1214 2832 1358 2886 enim
1390 2831 1645 2886 humana:
1682 2842 1891 2887 natura:
1942 2846 2128 2887 resur-

536 2921 714 2976 rectio
759 2936 827 2977 ex
886 2924 1138 2988 mortuis,
1189 2935 1239 2979 et
1303 2924 1639 2995 incorruptio
1697 2940 1989 2995 corporum
2044 2934 2130 2981 est

538 3028 821 3069 concessa.
853 3014 959 3070 Sed
988 3013 1162 3071 Judaei
1194 3017 1373 3072 adhuc
1393 3016 1562 3073 dediti
1591 3018 1768 3073 ventri
1798 3028 1854 3074 et
1884 3018 1980 3074 toti
2012 3028 2127 3074 ter-

2234 2646 2330 2706 οὖν
2362 2652 2391 2705 6
2418 2651 2609 2721 ἄρτος,
2640 2650 2753 2720 ζωὴ
2784 2649 2929 2703 κατὰ
2955 2648 3119 2719 φύσιν
3142 2646 3240 2711 ὢν,
3277 2641 3367 2699 οἷα
3396 2645 3600 2710 ζῶντος
3630 2644 3843 2715 Πατρδς

2235 2746 2387 2809 Υίδς,
2448 2746 2596 2798 ποιεῖ
2644 2748 2706 2797 τὸ
2754 2745 2973 2798 οἰκεῖονο
3030 2741 3287 2807 ζωοποιεῖ
3338 2740 3449 2810 γὰρ
3495 2738 3567 2791 τὰ
3636 2737 3837 2793 πάντα.

2236 2836 2451 2908 Ὠσπερ
2479 2831 2574 2890 οῦν
2606 2837 2634 2888 6
2670 2837 2734 2888 ὲκ
2765 2835 2871 2905 γῆς
2927 2834 3094 2905 ἄρτος
3122 2832 3224 2903 τὴν
3256 2830 3459 2902 ἀσθενῆ
3519 2829 3689 2899 φύσιν
3743 2830 3840 2900 τῆς

2234 2931 2441 3002 σαρκὸς
2481 2908 2721 3001 συνέχει,
2759 2930 2853 2983 καὶ
2900 2930 3003 2983 οὐκ
3058 2930 3123 3001 ἐᾷ
3155 2926 3650 2997 καταφθείρεσθαι·
3698 2926 3841 2981 οὕτω

2232 3029 2328 3082 καὶ
2350 3029 2379 3081 6
2410 3027 2649 3100 Χριστὸς
2676 3026 2765 3081 διὰ
2792 3026 2897 3098 τῆς
2935 3026 3030 3080 τοῦ
3064 3026 3387 3098 Πνεύματος
3412 3023 3706 3096 ἐνεργείας
3734 3023 3837 3095 τὴν

534 3106 678 3171 reni,
718 3107 785 3162 de
814 3109 1053 3163 sensibili
1094 3125 1232 3179 pane
1281 3109 1589 3181 intelligunt
1622 3110 1767 3166 dicta
1806 3121 1861 3166 et
1916 3112 2123 3180 dicunt,

2242 3119 2413 3192 ψυχὴν
2441 3119 2718 3186 ζωοποιεῐ,
2754 3120 2854 3175 καὶ
2903 3121 3013 3192 μὴν
3046 3120 3144 3175 καὶ
3168 3120 3302 3175 αὐτὸ
3328 3118 3389 3173 τδ
3422 3119 3589 3189 σῶμα
3620 3116 3837 3189 συνέχει

540 3219 561 3251 ε
606 3198 681 3254 Da
716 3201 873 3255 nobis
902 3201 1047 3257 hunc
1087 3217 1305 3271 panem.
1339 3221 1358 3254 ι
1398 3201 1491 3257 Sic
1519 3203 1687 3271 igitur
1712 3201 1877 3258 stulte
1902 3202 2127 3273 loquen-

534 3303 622 3348 tes
658 3295 1123 3363 redargu‘ebantur
1154 3306 1209 3351 et
1239 3296 1452 3364 dicunt,
1484 3316 1503 3349 ι
1528 3295 1759 3366 Semper
1773 3298 1836 3353 da
1858 3299 2014 3354 nobis
2034 3313 2127 3369 pa-

2237 3217 2320 3274 είς
2354 3214 2689 3285 ἀφθαρσίαν.
2714 3215 2829 3269 ’Διὰ
2862 3214 2971 3287 γὰρ
3000 3214 3243 3287 Χριστοῦ
3281 3216 3313 3285 ὴ
3350 3216 3416 3268 ὲκ
3455 3212 3674 3285 νεκρῶν
3704 3212 3837 3267 ἀνά-

2241 3325 2432 3372 στασις
2479 3310 2546 3379 τῇ
2583 3307 2909 3381 ἀνθρωπίνῃ
2949 3308 3112 3377 φύσει
3146 3308 3499 3379 κεχάρισται,
3532 3304 3631 3358 καὶ
3664 3304 3701 3375 ἡ
3730 3302 3837 3356 τῶν

534 3400 659 3440 nem
694 3386 861 3455 hunc,
889 3407 908 3440 ›
936 3403 1041 3442 non
1085 3388 1155 3443 ad
1180 3404 1347 3445 unum
1377 3388 1459 3443 vel
1515 3390 1581 3444 ad
1632 3389 1772 3445 duos
1825 3389 1965 3446 dies.
2010 3389 2128 3446 Hoc

2242 3401 2508 3473 σωμάτων
2534 3399 2837 3471 ἁφθαρσία.
2884 3399 3029 3452 Ἀλλ’
3064 3399 3115 3452 0i
3142 3397 3395 3453 Ἰουδαῖοι
3423 3396 3557 3467 περὶ
3586 3395 3835 3467 γαστέρα

534 3486 718 3533 autem
751 3495 860 3548 prae
892 3481 1121 3537 avaritia
1158 3483 1433 3539 dicebant.
1461 3482 1533 3539 Ut
1563 3483 1708 3540 enim
1747 3500 1852 3541 non
1884 3500 2020 3557 opus
2050 3484 2124 3542 sit

2242 3495 2314 3549 ἔτι
2350 3494 2622 3560 νεύοντες,
2665 3492 2761 3548 καὶ
2790 3491 2852 3546 τὸ
2900 3492 3023 3547 ὅλον
3063 3493 3135 3563 γῆ
3166 3491 3343 3556 ὄντες,
3394 3492 3526 3561 περὶ
3571 3486 3835 3560 αἱσθὴτοῦ

530 3575 704 3627 multa
748 3574 1063 3642 impendere
1095 3576 1149 3631 in
1184 3577 1335 3633 cibos
1366 3579 1574 3645 dicunt,
1606 3577 1679 3634 Da
1720 3596 1936 3651 semper
1979 3581 2124 3637 hunc

2242 3590 2400 3662 Ξρτου
2432 3588 2613 3643 νοοῦσι
2642 3587 2715 3642 τὰ
2752 3588 3044 3659 είρημένα,
3072 3584 3168 3640 καί
3200 3602 3354 3655 φασι·
3396 3603 3415 3637 ι
3447 3585 3549 3649 Δὸς
3580 3586 3718 3655 ἡμῖν
3746 3583 3837 3637 τὸν

530 3664 692 3721 facile
724 3668 1021 3736 parabilem
1060 3670 1224 3741 590
1252 3686 1469 3742 panem.

2242 3680 2399 3751 Ξρτον
2421 3678 2631 3735 τοῦτον.
2664 3698 2682 3731 ι
2715 3678 2905 3742 Οὕτως
2929 3673 3023 3732 οὖν
3053 3678 3493 3750 ἀνοηταίνοντες,
3513 3677 3833 3750 ἠλέγχοντο,

531 3761 649 3825 καὶ,
691 3782 719 3831 ι,
748 3762 988 3818 Πάντοτε
1011 3763 1099 3828 δὸς
1126 3766 1259 3847 ἡμῖν
1288 3765 1380 3820 τὸν
1413 3766 1579 3839 ἄρτον
1622 3768 1836 3836 τοῦτον,
1872 3789 1889 3823 t
1936 3770 2123 3841 φασὶν,
2165 3772 2228 3826 οὐ
2268 3773 2423 3843 μίαν
2472 3773 2689 3845 ἡμέραν
2761 3771 2885 3826 οὐδὲ
2931 3771 3047 3826 δύο.
3078 3770 3252 3825 Τοῦτο
3281 3771 3337 3824 δὲ
3368 3770 3465 3824 καὶ
3502 3770 3613 3823 άπὸ
3646 3769 3839 3841 φιλαρ-

529 3854 729 3925 γυρίας
782 3854 990 3925 ἔλεγον.
1043 3858 1163 3911 Ἵνα
1194 3858 1304 3929 γὰρ
1338 3860 1412 3930 μὴ
1452 3860 1841 3933 ἀναλίσκωμεν
1884 3863 1952 3916 τὰ
2027 3865 2294 3937 χρήματα
2358 3865 2519 3939 ἡμῶν
2548 3868 2682 3940 περὶ
2713 3865 2814 3939 τὴν
2846 3866 2949 3937 τῆς
2976 3868 3190 3938 τροφῆς
3218 3864 3503 3938 εὐπορίαν,
3556 3864 3649 3928 δὸς
3711 3864 3834 3917 πάν-

528 3963 651 4000 τοτε
676 3947 867 4002 τοῦτον
896 3949 987 4003 τὸν
1012 3950 1337 4023 εὐπόριστον
1363 3953 1551 4025 ἄρτον.

600 4044 764 4102 Vsns.
798 4046 997 4114 55,38.
1030 4067 1048 4100 ι
1088 4048 1231 4104 Dixit
1264 4061 1448 4106 autem
1484 4053 1564 4107 eis
1598 4052 1758 4110 Jesus
1799 4072 1813 4111 :
1852 4055 1966 4129 Ego
1996 4072 2116 4113 sum

528 4140 689 4207 panis
715 4140 839 4194 vita:
877 4158 890 4193 :
925 4142 1014 4210 qui
1051 4146 1197 4195 venit
1228 4143 1295 4197 ad
1342 4160 1451 4211 me,
1491 4162 1597 4200 non
1635 4146 1876 4214 esuriet;
1925 4158 1981 4203 et
2030 4149 2122 4219 qui

530 4234 706 4287 credit
741 4234 794 4287 in
838 4249 944 4300 me,
979 4251 1086 4290 non
1128 4236 1283 4291 sitiet
1328 4254 1590 4308 unquam.
1636 4237 1745 4295 Sed
1800 4242 1909 4296 dixi
1966 4242 2123 4299 vobis

528 4324 671 4392 quod
707 4326 872 4379 etiam
898 4327 1108 4381 vidistis
1132 4342 1238 4394 me,
1268 4342 1366 4382 nec
1393 4330 1637 4385 creditis.
1662 4328 1839 4387 Omne
1859 4334 2005 4402 quod
2030 4336 2122 4389 dat

527 4418 663 4474 mibi
697 4417 882 4485 Pater,
912 4421 977 4475 ad
1008 4436 1091 4475 me
1117 4422 1295 4477 veniet
1329 4440 1343 4477 :
1375 4432 1429 4477 et
1479 4425 1569 4495 qui
1620 4427 1830 4485 venerit
1886 4430 1952 4484 ad
2010 4444 2119 4494 me,

2310 4074 2329 4109 ι
2389 4051 2524 4109 Eine
2555 4056 2610 4108 δὲ
2661 4055 2847 4119 αὐτοῖς
2880 4057 2909 4110 6
2950 4053 3180 4125 Ἰησοῦς·
3249 4053 3393 4123 Ἐγώ
3438 4054 3559 4124 sitit
3609 4054 3641 4107 6
3674 4052 3836 4125 ἀρτκ

2230 4151 2331 4221 τῆς
2370 4150 2537 4222 ζωῆς
2598 4152 2625 4205 6
2672 4150 2967 4223 ἐρχόμενος
3005 4151 3144 4223 πρὸς
3191 4148 3283 4219 μὲ,
3320 4149 3381 4202 οὐ
3422 4148 3497 4220 μὴ
3556 4150 3832 4223 πεινάσῃ·

2232 4247 2326 4298 καὶ
2352 4244 2381 4296 6
2410 4243 2687 4298 πιστεύων
2708 4246 2789 4308 είς
2814 4245 2937 4315 ἐμὲ,
2970 4243 3031 4297 οὐ
3063 4242 3139 4315 μὴ
3168 4242 3371 4312 διψήσῃ
3400 4240 3651 4296 πώποτε.
3695 4242 3834 4295 Ἀλλ’

2232 4335 2385 4393 εἷπον
2418 4338 2567 4409 ὑμῖν,
2605 4338 2688 4391 ὅτι
2716 4338 2811 4390 καὶ
2845 4336 3134 4407 ἑωράκατέ
3173 4350 3264 4407 με,
3294 4336 3389 4387 καὶ
3420 4334 3481 4386 ού
3521 4334 3830 4387 πιστεύετε.

2231 4436 2350 4489 Πᾶν
2390 4434 2418 4488 6
2448 4435 2635 4489 δίδωσι
2670 4450 2761 4505 μοι
2793 4435 2821 4488 6
2866 4432 3082 4503 Πατὴρ,
3118 4431 3258 4502 πρὸς
3295 4430 3399 4501 ἐμὲ
3432 4430 3577 4501 {ﬁer
3616 4432 3716 4484 καὶ
3747 4429 3835 4484 τὺν

529 4529 636 4569 non
682 4514 840 4585 ejieio
872 4514 1040 4581 foras,
1074 4516 1197 4586 quia
1236 4516 1491 4574 descendi
1526 4521 1592 4576 de
1625 4521 1764 4576 ccelo
1807 4530 1869 4577 ut
1923 4520 2118 4590 iaciant

2242 4529 2528 4601 ἐρχόμενον
2560 4529 2698 4599 πρὸς
2732 4529 2823 4599 μὲ,
2862 4529 2925 4581 ού
2964 4528 3040 4600 μὴ
3093 4526 3312 4581 ἐκϐάλω
3359 4526 3503 4591 ἔξω·
3547 4526 3635 4579 ὅτι
3667 4543 3836 4579 κατα-

532 4624 638 4661 non
672 4608 816 4676 quod
856 4622 959 4679 ego
990 4609 1135 4676 volo,
1162 4611 1257 4665 sed
1294 4613 1438 4680 quod
1487 4614 1603 4669 vult
1635 4615 1727 4684 qui
1771 4630 1856 4669 me
1892 4615 2058 4671 misit.
2092 4635 2111 4668 ι

2242 4622 2447 4691 5ἐ6ηκα
2476 4623 2541 4675 ἐκ
2570 4620 2665 4676 τοῦ
2693 4620 2953 4694 οὐρανοῦ,
2988 4621 3089 4691 οὐχ
3136 4620 3225 4674 ἵνα
3261 4619 3400 4675 ποιῶ
3430 4620 3492 4673 τὸ
3523 4618 3743 4691 θέλημα
3778 4618 3836 4672 τδ

530 4701 666 4755 Cum
707 4701 899 4770 Judmi,
920 4712 1108 4776 utpote
1151 4706 1377 4770 terreni,
1405 4707 1469 4760 de
1500 4708 1745 4762 sensibili
1774 4725 1913 4779 pane
1963 4710 2120 4766 Cbri-

2242 4714 2393 4785 ἐμὸν,
2452 4716 2585 4769 ἀλλὰ
2635 4716 2696 4767 τὸ
2732 4712 2947 4785 θέλημα
2995 4712 3094 4766 τοῦ
3147 4712 3468 4785 πέμψαντός
3517 4730 3609 4781 με.
3656 4733 3674 4764 ι
3716 4712 3835 4767 Τῶν

532 4802 679 4850 stum
736 4796 883 4867 loqui
934 4808 1209 4869 putarent,
1253 4812 1307 4857 et
1344 4812 1563 4875 propter
1614 4802 1716 4858 boc
1770 4817 2030 4875 urgerent
2072 4818 2128 4863 et

2250 4809 2523 4863 Ἰουδαίων
2554 4802 2642 4861 οἷα
2677 4808 2742 4880 δὴ
2772 4810 3001 4878 γηΐνων,
3034 4809 3165 4879 περὶ
3190 4800 3453 4879 αἰσθητοῦ
3478 4808 3647 4877 ἄρτου
3675 4826 3831 4879 νομι-

530 4901 842 4959 quaererent
888 4908 903 4945 :
953 4893 1293 4965 redargucns
1346 4910 1441 4952 eos
1501 4898 1791 4967 Dominus,
1855 4914 2128 4959 monstrat

2242 4904 2439 4969 ζώντων
2469 4903 2651 4973 λέγειν
2685 4905 2776 4956 τὸν
2808 4904 3035 4975 Κύριον,
3088 4904 3185 4958 καὶ
3219 4903 3307 4957 διὰ
3336 4901 3503 4957 τοῦτο
3551 4904 3835 4976 ἑπικειμὲο

528 4984 673 5053 quod
728 4983 971 5055 quandiu
1016 4989 1329 5046 sensibilem
1359 5007 1553 5061 panem
1576 5005 1913 5066 exspectent,
1935 5012 2123 5054 accur-

2242 5013 2358 5062 νων,
2388 4997 2483 5049 καὶ
2517 4995 2852 5067 ζητούντων,
2885 4996 3125 5068 ἐλέγχων
3160 4997 3362 5060 αὐτοὺς
3396 4996 3423 5049 6
3468 4996 3704 5067 Κύριος,
3743 4999 3834 5050 καὶ

534 5087 659 5131 rant
694 5096 706 5131 :
744 5080 961 5147 quando
991 5093 1176 5138 autem
1217 5085 1434 5140 discunt
1478 5089 1619 5157 quod
1676 5090 1977 5160 spiritualis
2027 5093 2116 5159 sit,

2242 5086 2465 5153 Βεικνὺς,
2510 5088 2593 5141 ὃτι
2624 5086 2729 5152 ἕως
2764 5087 2864 5158 μὲν
2897 5086 3170 5161 αἰσθητὴν
3207 5086 3541 5142 ὑπώπτευον
3571 5088 3676 5160 τὴν
3710 5105 3833 5161 τρο-

532 5186 637 5225 non
669 5170 805 5225 ultra
833 5184 1141 5230 accurrant.
1180 5176 1333 5233 Unde
1364 5179 1496 5233 dicit
1532 5197 1545 5234 :
1584 5180 1754 5254 rEgo
1802 5198 1924 5238 sum
1962 5184 2119 5256 panis

2242 5179 2359 5250 μὴν,
2406 5179 2724 5253 ἐπέτρεχον·
2775 5180 2905 5236 ὅταν
2936 5180 2995 5235 δὲ
3042 5181 3315 5253 μάθωσιν,
3355 5183 3439 5236 ὅτι
3474 5185 3830 5255 πνευματική

530 5264 671 5318 vitae.
706 5282 725 5314 ι
761 5262 878 5317 Non
918 5265 1051 5321 dixit
1089 5278 1291 5337 autem,
1323 5272 1476 5340 panis
1506 5274 1802 5343 alimoniae,
1846 5278 1940 5333 sed
1972 5281 2116 5335 vitae.

2242 5282 2396 5339 ιστιν,
2429 5274 2530 5328 οὐκ
2556 5274 2637 5328 ἔτι
2679 5275 3129 5347 ὲπιδραμοῦνται,
3158 5274 3327 5347 φησίν
3365 5290 3381 5306 ’
3416 5295 3436 5330 t
3470 5277 3621 5347 Ἐγὼ
3652 5280 3769 5349 siut
3804 5279 3831 5330 6

529 5353 664 5409 Nam
690 5372 813 5411 cum
864 5360 1047 5413 omnia
1081 5363 1405 5419 mortiﬁcata
1449 5378 1654 5436 essent,
1680 5369 1976 5427 vivilicavit
2024 5387 2122 5428 nos

2242 5367 2389 5438 ἱρτος
2421 5369 2519 5437 τῆς
2554 5367 2720 5438 ζωῆς.
2781 5387 2800 5421 t
2856 5370 2973 5424 Οὐκ
3026 5365 3149 5423 εἷπε
3202 5369 3281 5437 δὲ,
3342 5370 3545 5443 ¹Ἀρτος
3598 5371 3828 5443 τροφῆς,

534 5463 629 5540 per
683 5451 1037 5522 semetipsum
1090 5454 1359 5525 Christus,
1387 5462 1476 5530 qui
1526 5474 1611 5519 est
1664 5466 1841 5535 panis,
1881 5481 1946 5522 eo
1976 5466 2120 5537 quod

2242 5462 2382 5529 me,
2428 5481 2444 5514 t
2476 5464 2654 5533 Ζωῆς.
2698 5484 2717 5516 ι
2761 5464 2986 5538 Ἐπειδὴ
3026 5468 3136 5538 γὰρ
3162 5467 3234 5521 τὰ
3279 5468 3464 5522 πάντα
3494 5467 3825 5540 νενέκρωτο,

536 5539 864 5597 fermentum
903 5546 1153 5603 humanm
1180 5554 1584 5621 conspersimus
1606 5557 1881 5612 credimus
1905 5566 2117 5614 coctum

2242 5554 2593 5628 ζωοποίησεν
2643 5559 2793 5631 ἡμᾶς
2849 5558 2919 5615 δι’
2974 5561 3171 5617 ἑαυτοῦ
3209 5564 3240 5617 ὁ
3291 5561 3520 5633 Κύριος,
3570 5564 3631 5626 ὃς
3665 5539 3827 5616 εστιν

532 5645 652 5687 esse
684 5632 805 5700 igne
832 5636 1067 5692 deitatis.
1101 5640 1262 5696 Panis
1294 5655 1470 5700 autem
1498 5646 1623 5703 vitae
1658 5662 1770 5706 non
1798 5646 1957 5719 ltujus
1987 5650 2118 5708 soli-

2242 5653 2408 5724 ἱρτος,
2443 5654 2578 5710 καθὸ
2612 5656 2714 5730 τὴν
2758 5654 2942 5728 ζύμην
2974 5657 3070 5712 τοῦ
3106 5654 3451 5729 ἀνθρωπίνου
3499 5655 3827 5729 φυράματος

616 5818 657 5846 “
688 5816 858 5877 Exod.
900 5838 1009 5889 ur,
1049 5824 1129 5876 lo.
