4078 6330
626 360 765 426 1203

1546 361 2119 423 TIIEOPHYLACTI
2162 362 2568 424 BULGARLE
2604 366 2956 430 ARClllEP.

3748 370 3863 434 130i

624 480 751 534 mini
798 481 849 534 in
880 490 1105 545 aera,ct
1134 479 1284 549 prius
1332 492 1453 533 cum
1492 494 1684 549 magna
1726 481 1920 534 llducia
1966 480 2191 534 Domino

2298 483 2603 553 ἀπάντησιν
2642 482 2735 536 τοῦ
2786 484 2989 553 Κυρίου
3033 485 3109 547 εἰς
3154 485 3291 554 ἀέρα
3338 482 3863 553 ἀναλαμϐανόμενοι,

620 582 933 626 occurrunt.
971 571 1118 627 llanc
1146 584 1325 627 autem
1357 573 1809 631 resurrectionem
1839 571 2036 626 Paulus
2071 572 2193 636 ἑξα-

617 664 896 728 νάστασιν,
927 665 1025 718 boc
1047 677 1151 731 est,
1192 686 1209 719 ι
1241 668 1699 723 exsurrectionem
1735 682 1753 716 ι
1785 665 2046 727 nominat,
2073 679 2194 733 pro-

618 766 739 824 pter
762 756 1116 812 elevationem
1144 776 1172 815 a
1207 771 1372 815 terra.
1398 759 1716 817 Peccatores
1742 759 1884 813 enim
1912 768 2195 827 resurgent

620 849 832 917 quidem
865 866 930 906 ex
953 853 1217 922 sepulcris
1248 854 1297 907 in
1335 864 1558 917 terram,
1599 854 1664 907 de
1703 862 1842 907 terra
1879 861 2056 907 autem
2087 867 2190 905 non

619 952 911 1010 exsurgent
940 944 989 997 in
1021 959 1222 999 aerem.
1262 944 1406 999 lul‘ra
1426 946 1565 999 enim
1588 946 1879 998 manebunt
1907 944 2045 998 sicut
2064 958 2190 997 cou-

617 1033 876 1087 demuati.
926 1032 1110 1103 Itaque
1144 1033 1272 1100 justi
1329 1045 1618 1105 resurgunt
1663 1044 1717 1087 et
1747 1044 2066 1104 exsurgunt,
2100 1032 2189 1100 qui

619 1121 901 1190 rapiuntur
956 1126 1010 1178 iu
1060 1125 1293 1179 nubibus
1355 1126 1407 1179 in
1480 1140 1765 1179 occursum
1852 1126 2058 1178 Domini
2112 1125 2189 1178 "z

623 1223 936 1281 peccatOres
966 1227 1143 1271 autem
1180 1227 1467 1288 resurgunt
1505 1227 1737 1272 tantum.
1791 1218 1959 1271 Porro
2007 1218 2189 1269 Dami-

618 1320 721 1359 nus
753 1309 1111 1375 interpretans
1145 1308 1273 1379 quid
1304 1310 1398 1373 sit,
1442 1327 1460 1361 ι
1500 1308 1670 1364 Omne
1711 1309 1854 1379 quod
1885 1309 2026 1363 dedit
2062 1309 2190 1361 mibi

616 1395 797 1461 Pater,
832 1413 934 1452 non
967 1402 1184 1467 perdam
1207 1401 1281 1471 (α)
1303 1441 1317 1466 ,
1360 1420 1377 1453 ›
1425 1401 1555 1455 dicit
1583 1402 1826 1456 eamdem
1861 1404 2189 1456 sententiam

616 1486 737 1541 aliis
771 1490 971 1553 verbis,
1006 1510 1024 1543 ι
1061 1490 1129 1547 Ut
1164 1494 1340 1549 omnis
1366 1496 1455 1565 qui
1494 1495 1636 1549 videt
1666 1495 1883 1556 Filium.
1913 1505 1965 1548 et
1997 1496 2189 1561 credit,

616 1578 812 1635 babcat
860 1584 1024 1637 vitam
1056 1594 1335 1640 aeternam.
1392 1607 1409 1639 ι
1461 1588 1611 1643 Nihil
1645 1590 1788 1644 enim
1840 1588 1982 1643 aliud
2036 1590 2189 1654 dicit,

615 1684 774 1736 quam
808 1671 860 1725 id
912 1676 1055 1743 quod
1106 1677 1243 1730 dixit
1288 1680 1558 1747 superius.
1612 1680 1745 1735 Nam
1798 1683 1902 1736 hoe
1948 1684 2190 1751 quidem,

624 1780 642 1812 ι
675 1762 845 1819 Omne
868 1768 1011 1834 quod
1045 1769 1190 1823 dedit
1214 1770 1342 1823 milii
1378 1770 1555 1836 Pater,
1588 1792 1604 1823 ›
1644 1774 1781 1827 idcnt
1814 1783 1895 1829 est
1930 1790 2051 1829 eum
2080 1775 2188 1839 illo,

616 1853 806 1911 Omnis
833 1859 923 1925 qui
960 1860 1101 1912 videt
1132 1859 1329 1915 Filium
1352 1871 1404 1915 et
1426 1865 1616 1917 credit.
1642 1883 1659 1914 ›
1696 1864 1807 1918 Iloe
1838 1875 2016 1919 autem
2050 1868 2188 1935 quod

614 1946 763 2011 dicit,
800 1966 819 1999 ι
855 1946 968 2002 Non
1006 1950 1244 2017 perdam,
1288 1970 1305 2003 ι
1348 1954 1488 2008 idem
1518 1967 1599 2009 est
1633 1971 1755 2011 cum
1791 1972 1855 2014 co
1881 1960 2188 2027 quoddicit,

622 2034 822 2091 illabet
837 2038 995 2092 vitam
1015 2050 1291 2096 mternam.
1308 2062 1325 2095 ι
1353 2042 1505 2113 Saepe
1523 2058 1702 2101 autem
1723 2050 2044 2103 mentionem
2066 2048 2193 2103 facit

616 2130 1052 2196 resurrectionis,
1111 2142 1170 2185 ιιι
1228 2138 1553 2202 persuadeat
1607 2140 1942 2205 hominibus,
1997 2156 2065 2193 ne
2126 2141 2191 2195 iis

615 2220 789 2274 solum
825 2236 943 2289 quae
974 2223 1245 2287 videntur,
1283 2225 1371 2278 Dei
1409 2230 1803 2296 providentiam
1832 2231 2192 2286 circumscri—

614 2311 766 2375 bunt,
801 2314 893 2368 sed
919 2315 1093 2370 sciant
1119 2332 1237 2372 esse
1265 2329 1314 2372 et
1341 2320 1506 2372 alium
1536 2330 1735 2374 statum
1770 2324 1821 2377 in
1855 2338 1962 2392 quo
1979 2324 2193 2393 absque

612 2403 776 2458 dubio
796 2404 1013 2463 fruituri
1040 2409 1150 2463 sint
1173 2414 1702 2469 remuneratiouibus
1724 2416 1970 2486 virtutis}
2001 2432 2190 2486 quam-

611 2496 695 2552 vis
726 2513 869 2553 nunc
913 2516 1016 2555 non
1051 2503 1121 2557 sil
1150 2505 1430 2571 perspicua
1466 2504 1518 2558 in
1556 2505 1657 2559 bac
1705 2507 1812 2560 vita
1871 2508 2186 2574 retributio,

614 2600 666 2645 et
697 2602 982 2661 propterea
1018 2608 1120 2647 non
1152 2595 1506 2650 emittendum
1540 2596 1758 2651 virtutis
1784 2615 2024 2653 cursum.

685 2683 849 2737 Vsus.
888 2684 1080 2739 ιιι-ιιι.
1126 2704 1144 2735 ι
1175 2686 1585 2741 Murmurabant
1623 2706 1752 2761 ergo
1784 2692 1951 2746 Iudici
1988 2694 2053 2746 de
2101 2694 2191 2747 illo

613 2776 756 2845 quod
785 2776 1044 2831 dixisset:
1076 2775 1190 2845 Ego
1223 2792 1338 2831 sum
1367 2780 1523 2847 panis
1560 2779 1646 2834 ille
1686 2783 1775 2850 qui
1826 2782 1891 2837 de
1920 2783 2061 2838 coelo
2096 2786 2189 2839 de-

617 2865 822 2932 scendi,
855 2877 905 2921 et
940 2868 1230 2923 dicebant:
1282 2868 1467 2925 Nonne
1500 2871 1586 2925 hic
1627 2883 1707 2926 est
1743 2871 1898 2928 .lcsus
1929 2874 2067 2929 illius
2098 2875 2188 2930 Jo-

613 2958 771 3028 seph,
798 2958 951 3029 cujus
980 2976 1078 3015 nos
1108 2962 1353 3015 novimus
1382 2970 1589 3031 patrem
1626 2974 1679 3016 et
1719 2966 1989 3019 matrem?
2041 2970 2187 3033 Quo-

615 3051 775 3104 modo
807 3065 935 3119 ergo
960 3052 1089 3105 dicit
1116 3052 1234 3105 hic:
1289 3052 1360 3107 De
1392 3055 1529 3107 caelo
1564 3056 1854 3111 descendi?
1890 3050 2188 3129 Respondit

2298 579 2391 630 καὶ
2442 576 2937 647 προσαπαντῶντες
2980 575 3056 645 τῷ
3111 578 3295 647 Κυρὶῳ
3345 577 3483 645 μετά
3536 576 3862 646 παρρησίας.

2297 669 2513 738 Ταύτην
2558 668 2614 721 δὲ
2660 669 2759 738 τὴν
2822 669 3141 733 ἀνάστασιν,
3192 672 3219 720 6
3275 670 3486 732 Παῦλος
3522 668 3864 733 ἐξανάστασιν

2294 744 2572 831 όνομάζει,
2604 762 2689 815 διὰ
2719 762 2816 833 τὴν
2847 764 2910 814 ὲκ
2939 763 3038 831 τῆς
3067 763 3166 831 γῆς
3192 761 3443 833 ἔπαρσιν.
3474 764 3537 815 Οἱ
3561 763 3673 831 γὰρ
3702 762 3864 829 ἁμαρ⁴

2293 855 2477 920 τωλοὶ,
2531 857 2846 909 ἀνίστανται
2881 857 2979 926 μὲν
3004 858 3067 908 ἐκ
3105 856 3212 907 τῶν
3242 854 3545 924 μνημείων,
3582 859 3647 908 ὲκ
3692 856 3747 905 δὲ
3780 856 3864 923 τῆς

2294 946 2396 1014 γῆς
2420 946 2520 998 οὐκ
2552 946 2930 1009 ἐξανίστανται
2963 947 3042 1008 εις
3080 946 3239 1015 ἀέρα·
3290 946 3441 999 κάτω
3470 947 3581 1013 γάρ
3625 944 3865 1013 μένουσιν

2294 1036 2369 1099 ὡς
2417 1037 2763 1107 κατάκριτοι.
2814 1037 2981 1090 ’Ὥστε
3032 1038 3079 1090 οἱ
3122 1038 3343 1097 δίκαιοι,
3393 1038 3485 1089 καὶ
3532 1035 3865 1095 ἀνίστανται,

2297 1130 2387 1181 καὶ
2415 1129 2787 1195 ἐξανίστανται
2813 1130 3185 1201 ἁρπαζόμενοι
3214 1135 3270 1182 ἐν
3313 1129 3567 1198 νεφέλαις
3596 1130 3677 1188 εἰς
3704 1127 3867 1179 ἀπάν.

2295 1239 2451 1292 τησιν
2483 1224 2577 1276 τοῦ
2607 1225 2836 1290 Κυρίου“
2880 1226 2929 1276 οἱ
2977 1224 3032 1277 δὲ
3068 1224 3383 1293 ἁμαρτωλοὶ
3426 1224 3743 1275 ἀνίστανται
3780 1220 3867 1288 μόο

2295 1332 2404 1368 νον.
2455 1315 2807 1385 Ἐρμηνεύων
2864 1315 2920 1367 δὲ
2961 1317 2988 1369 6
3036 1316 3238 1384 Κύριος
3267 1314 3319 1366 τί
3354 1316 3468 1367 ἐστι
3501 1314 3582 1369 τι,
3634 1332 3651 1363 ι
3708 1314 3816 1364 ΗΞν
3846 1311 3871 1362 ὃ

2293 1407 2493 1461 δέδωκέ
2541 1425 2629 1476 μοι
2674 1409 2701 1460 6
2753 1408 2963 1477 Πατὴρ,
3011 1407 3073 1460 οὐ
3102 1408 3175 1477 μὴ
3214 1406 3483 1472 ἀπολέσω,
3529 1426 3545 1458 ι
3608 1406 3743 1474 φησὶ
3781 1403 3872 1472 τὴν

2296 1500 2463 1571 αὐτὴν
2504 1499 2711 1553 ἔννοιαν
2752 1499 2817 1553 δι’
2850 1500 3023 1553 ἄλλων
3053 1499 3272 1564 λέξεωνο
3307 1516 3325 1548 ι
3372 1500 3487 1550 ’Ἰνα
3522 1498 3632 1559 πᾶς
3680 1498 3709 1547 ό
3742 1497 3867 1547 θεω-

2298 1594 2405 1664 ρῶν
2454 1594 2545 1647 τὸν
2578 1594 2725 1657 Υἱὸν,
2760 1594 2851 1646 καὶ
2880 1592 3175 1655 πιστεύων,
3221 1592 3317 1661 ἔχῃ
3362 1592 3507 1659 ζωὴν
3553 1589 3793 1646 aito-Lm.
3848 1606 3864 1638 ι

2296 1687 2463 1740 Οὐδὲν
2510 1686 2619 1755 γὰρ
2669 1686 2795 1739 ἄλλο
2836 1685 3006 1752 λέγει,
3061 1684 3093 1755 ἥ
3142 1685 3279 1751 ὅπερ
3311 1681 3463 1735 εἶπεν
3496 1682 3775 1749 ἀνωτέρω.
3802 1680 3869 1732 T6

2218 1826 2267 1885 Β
2299 1783 2395 1849 μὲν
2426 1780 2554 1850 γὰρ,
2592 1800 2608 1831 ι
2642 1781 2755 1832 Πᾶν
2783 1779 2809 1831 ὃ
2841 1777 3039 1831 δέδωκέ
3075 1778 3214 1842 μοιὸ
3250 1776 3458 1845 Πατὴρ,
3490 1794 3509 1825 ι
3538 1762 3735 1826 :a‘utév
3762 1776 3867 1826 ἐστι

2338 1871 2362 1880 -
2492 1871 2570 1885 ηε,
2630 1872 2641 1885 ο
2672 1869 2695 1885 n
2826 1867 2851 1879 ’⁸
2955 1868 2969 1885 \
3039 1867 3123 1885 \‘!\
3158 1884 3163 1885 γ
3216 1884 3219 1885 ,
3261 1866 3295 1885 ηδ
3339 1883 3369 1885 _
3408 1883 3483 1885 __A
3510 1866 3519 1877 '
3562 1882 3625 1885 ,_,-
3672 1884 3677 1885 γ
3720 1865 3765 1885 _\
3801 1863 3849 1885 ἓλ

2294 1871 2394 1939 τῷ,
2432 1888 2448 1920 ι
2490 1871 2601 1932 Πᾶς
2620 1872 2647 1922 6
2671 1867 2890 1937 Θεωρῶν
2920 1868 3010 1920 τὸν
3039 1867 3185 1930 Tim,
3212 1866 3305 1919 καὶ
3332 1866 3625 1917 πιστεὺων·
3667 1884 3685 1914 ι
3718 1865 3776 1916 τὸ
3797 1863 3870 1927 at,

2304 1979 2320 2010 ι
2354 1960 2427 2010 Οὔ
2464 1959 2538 2027 μὴ
2568 1958 2837 2019 ἀπολέσω,
2882 1977 2898 2007 ι
2945 1956 3139 2009 ταυτὸν
3173 1957 3268 2023 τῷ,
3320 1974 3335 2004 ι
3374 1956 3526 2022 Ἔχει
3558 1954 3705 2023 ζωὴν
3750 1954 3871 2004 αἰὼ-

2296 2070 2427 2105 νιον.
2464 2070 2479 2099 ›
2510 2051 2752 2120 Συνεχῶς
2779 2050 2835 2103 δὲ
2868 2050 3141 2118 μέμνηται
3174 2048 3546 2111 ἀναστασεως,
3596 2047 3683 2097 ἵνα
3713 2047 3872 2114 ιτείσῃ

2292 2146 2415 2206 τοὺς
2443 2142 2784 2213 ἀνθρώπους,
2819 2144 2891 2211 μὴ
2921 2145 3029 2205 τοῖς
3072 2140 3371 2211 ὁρωμένοις
3400 2141 3582 2207 μόνοις
3612 2140 3873 2209 περιγράο

2296 2252 2415 2303 φειν
2447 2233 2545 2303 τὴν
2570 2233 2663 2285 τοῦ
2689 2232 2823 2285 Θεοῦ
2853 2233 3132 2301 πρόνοιαν,
3164 2232 3277 2283 ἀλλ’
3302 2232 3500 2283 εἰδέναι
3531 2232 3606 2293 ὡς
3637 2231 3752 2282 ἔστι
3788 2230 3875 2281 καὶ

2294 2327 2428 2394 ἄλλη
2453 2326 2806 2387 κατάστασις,
2837 2323 2955 2377 καθ’
2995 2324 3062 2393 ἢν
3088 2322 3469 2393 ἀναμφιϐόλως
3505 2322 3874 2375 ἀπολαύσουσι

2293 2416 2400 2470 τῶν
2424 2418 2521 2485 τῆς
2552 2417 2753 2486 ἀρετῆς
2790 2415 2998 2485 μισθῶν
3025 2432 3035 2442 ·
3066 2417 3113 2466 εἰ
3142 2417 3235 2466 καὶ
3264 2416 3337 2485 μὴ
3375 2413 3471 2465 νῦν
3514 2411 3874 2484 προψαίνεταξ

2291 2512 2428 2579 τιςή
2460 2509 2689 2577 βιιυτικὴ
2720 2507 2944 2578 ἀμοιϐὴ,
2986 2508 3075 2560 διὰ
3117 2507 3275 2561 τοῦτο
3308 2507 3382 2577 μὴ
3414 2507 3744 2576 καθυςιέναι
3785 2504 3874 2558 τοῦ

2293 2602 2430 2670 πρὸς
2454 2602 2659 2670 ἀρετὴν
2682 2601 2907 2669 δρόμου.

2370 2711 2387 2742 ι
2437 2674 2765 2757 Ἐγόγγυζον
2803 2690 2893 2744 οὖν
2918 2692 2966 2744 οἱ
3011 2691 3254 2744 Ἰουδαῖοι
3299 2693 3425 2759 περὶ
3467 2690 3663 2749 αὐτοῦ,
3697 2692 3778 2741 ὅτι
3804 2684 3876 2741 εἶ-

2293 2799 2412 2846 πεν,
2464 2779 2605 2847 Ἐγώ
2650 2780 2767 2849 εἰμι
2796 2781 2823 2829 6
2855 2782 3016 2849 ἄρτος
3047 2783 3074 2832 6
3113 2781 3175 2833 ὲκ
3202 2781 3295 2833 τοῦ
3337 2779 3570 2873 οὐρανοῦ
3608 2780 3871 2841 καταϐὰς,

2292 2876 2385 2926 καί
2416 2872 2621 2939 Ξλεγοψ
2661 2872 2772 2941 Οὐχ
2813 2865 2966 2934 οῦτός
2993 2874 3141 2925 ἐστιν
3194 2872 3400 2943 Ἰησοῦς
3445 2865 3613 2935 ὀῦξος
3656 2872 3870 2941 Ἰωσὴφ,

2291 2958 2351 3017 οὗ
2377 2966 2536 3033 ἡμεῖς
2566 2962 2792 3032 οἴδαμεν
2824 2965 2912 3015 τον
2954 2964 3168 3036 πατέρα
3197 2964 3289 3017 καὶ
3327 2964 3426 3035 τὴν
3465 2964 3717 3034 μητέρας
3756 2965 3874 3027 Πῶς

2290 3052 2383 3109 οῦν
2413 3056 2563 3123 λέγει
2587 3050 2763 3119 οὗτος,
2797 3057 2901 3118 ὅτι,
2968 3056 3059 3108 Ἐκ
3083 3055 3176 3109 τοῦ
3203 3056 3434 3125 οὐρανοῦ
3481 3055 3873 3125 καταϐέϐηκα,

612 3156 743 3212 ergo
763 3139 922 3196 Jesus
949 3152 1002 3197 et
1025 3142 1161 3197 dixit
1183 3143 1297 3197 eis:
1328 3142 1500 3199 Nolite
1528 3163 1863 3202 murmurare
1893 3151 2033 3203 inter
2057 3167 2182 3205 vos:

2295 3148 2595 3218 Ἀπεκρὶοή
2637 3149 2866 3217 Ἰησοῦς,
2894 3148 2989 3201 καὶ
3023 3144 3177 3201 εἶπεν
3216 3148 3419 3211 αὐτοῖς·
3446 3148 3538 3219 Μὴ
3573 3150 3874 3217 γογγύζετε

614 3233 783 3289 Nemo
812 3242 985 3302 potest
1014 3238 1195 3290 venire
1222 3237 1286 3290 ad
1324 3253 1429 3303 me,
1465 3240 1561 3293 uisi
1587 3238 1747 3294 Pater
1779 3242 1866 3309 qui
1899 3244 2043 3295 misit
2075 3258 2180 3309 me,

613 3322 842 3377 traxerit
869 3336 1017 3387 eum,
1049 3332 1103 3377 ct
1136 3340 1235 3394 ego
1273 3328 1602 3381 resuscitabn
1642 3345 1762 3383 eum
1803 3332 1852 3384 in
1890 3333 2186 3388 novissimo

615 3414 724 3469 die.
763 3432 783 3465 ι
817 3413 1221 3470 lllurmurabant
1253 3416 1413 3490 592
1444 3419 1606 3489 igitur
1644 3419 1812 3475 Judaei
1842 3423 2053 3478 dicente
2082 3425 2187 3477 Do-

615 3507 789 3570 mino,
822 3525 839 3558 ι
870 3507 980 3578 Ego
1002 3523 1120 3563 sum
1149 3511 1325 3577 panis,
1367 3529 1384 3562 ι
1418 3512 1575 3566 veluti
1603 3513 1832 3583 decepti.
1872 3514 2004 3569 Nam
2056 3517 2188 3570 buc-

615 3614 783 3669 usque
828 3600 1042 3669 quidem
1094 3602 1479 3657 existimabant
1510 3606 1574 3659 dc
1621 3622 1758 3675 pane
1788 3608 2026 3662 sensibili
2063 3623 2185 3662 cum
2224 3612 2227 3615 ’

620 3692 785 3760 loqui,
825 3702 879 3747 et
907 3703 1187 3747 mansuete
1224 3696 1396 3763 ipsum
1431 3694 1698 3762 ferebant,
1736 3709 2014 3767 sperantes
2045 3701 2186 3768 quod

621 3786 849 3838 daturus
872 3794 1017 3839 esset
1044 3800 1235 3854 panem
1278 3786 1440 3849 hunc,
1471 3796 1526 3841 et
1558 3790 1729 3841 ventri
1761 3790 1995 3855 ipsorqu
2020 3791 2187 3860 grati-

617 3874 876 3931 ﬁeatnrus
902 3892 915 3930 ι
946 3892 1089 3932 nunc
1130 3886 1307 3933 autem
1342 3878 1465 3947 quia
1511 3881 1767 3935 revelat-it
1797 3881 1878 3936 eis
1910 3884 2049 3950 quod
2082 3898 2187 3936 non

617 3972 686 4024 de
711 3970 951 4025 sensibili
984 3986 1140 4041 pane,
1178 3972 1267 4026 sed
1303 3971 1570 4040 spirituali
1604 3988 1910 4043 sermonem
1943 3975 2187 4039 haberet,

581 4079 584 4083 ‘
616 4072 927 4130 contempto
963 4063 1076 4126 illo,
1106 4072 1467 4117 murmurant.
1502 4063 1608 4129 Qui
1639 4066 1780 4119 enim
1816 4065 1888 4119 illi
1927 4066 2189 4136 intellige-

617 4162 739 4206 rent
771 4153 1105 4221 spiritualcm
1130 4153 1331 4215 cibum,
1355 4163 1407 4207 et
1428 4156 1593 4207 vitam
1624 4164 1676 4209 et
1703 4158 2189 4214 resurrectionem?

619 4244 1141 4299 Seandalizabantur
1188 4244 1368 4315 itaque
1416 4246 1465 4298 in
1505 4262 1592 4309 eo,
1627 4248 1874 4303 videntes
1911 4249 2024 4317 ejus
2073 4266 2193 4304 ma-

618 4342 780 4397 trem,
832 4333 1115 4387 audientes
1162 4343 1343 4399 autem
1387 4335 1679 4403 dicentem,
1738 4356 1755 4387 ι
1805 4338 1879 4392 De
1925 4341 2062 4395 coelo
2100 4344 2191 4397 de-

616 4424 822 4481 scendi.
870 4442 889 4477 ›
938 4425 1107 4495 Igitur
1154 4439 1257 4479 non
1287 4425 1647 4498 intclligcntes
1678 4430 1821 4497 quod
1871 4431 1985 4501 ipse
2025 4435 2189 4489 etiam

2298 3240 2417 3311 μετ’
2450 3242 2716 3311 ἀλλήλων.
2751 3243 2935 3304 Οὐδεὶς
2964 3242 3188 3295 δύναται
3236 3242 3409 3294 ἐλθεῖν
3460 3243 3595 3312 πρὸς
3648 3245 3740 3313 μὲν,
3784 3246 3876 3297 ἐὰν

2294 3334 2367 3403 μὴ
2397 3337 2424 3387 6
2451 3333 2639 3405 Πατὴρ
2682 3336 2709 3387 ὀ
2757 3334 2974 3405 πέμψας
3024 3352 3091 3403 με
3131 3336 3337 3407 ἑλκύσῃ
3395 3336 3579 3398 αὑτὸν,
3635 3340 3730 3389 καὶ
3768 3339 3874 3403 ἑγὼ

2289 3426 2583 3495 ἀναστήσω
2627 3426 2791 3479 αὑτὸν
2824 3428 2879 3479 ὲν
2907 3429 2973 3497 τῇ
3008 3428 3212 3497 ἐσχάτῃ
3244 3426 3444 3497 ἡμέρα.
3483 3446 3502 3478 ι
3546 3427 3875 3495 Ἐγόγγυζον

2288 3518 2335 3570 οἱ
2376 3518 2644 3581 Ἰουδαῖοι,
2689 3519 2933 3582 εἰπόντος
2962 3519 3057 3572 τοῦ
3100 3520 3329 3591 Κυρίου,
3359 3522 3465 3584 ὅτι,
3496 3539 3515 3571 ι
3573 3521 3717 3589 Ἐγώ
3760 3523 3870 3589 εἰμι

2288 3612 2315 3663 6
2348 3610 2533 3681 ἄρτος,
2585 3629 2602 3661 ι
2648 3610 2723 3672 ὡς
2750 3611 3149 3680 ἀπατηθέντες.
3196 3612 3359 3683 ’Ἄχρι
3405 3611 3502 3680 μὲν
3534 3613 3644 3682 γὰρ
3698 3614 3876 3681 ἑνόμιο

2290 3702 2379 3765 ζον
2417 3703 2546 3771 περὶ
2576 3702 2740 3771 ἄρτου
2781 3702 3041 3772 αἰσθητοῦ
3078 3702 3259 3768 λέγειν
3305 3702 3487 3765 αὐτὸν,
3520 3705 3711 3774 πράως
3754 3704 3876 3772 εἶπ’

2294 3812 2406 3865 ρον,
2435 3794 2768 3858 ἐλπίζοντες,
2797 3795 2879 3847 ὅτι
2911 3795 3071 3848 δώσει
3116 3796 3294 3859 αὐτοῖς
3333 3800 3427 3854 τὸν
3464 3797 3631 3867 ἄρτον
3663 3799 3871 3858 τοῦτον.

2292 3887 2386 3939 καὶ
2409 3888 2473 3956 τῇ
2504 3887 2701 3955 γαστρὶ
2732 3886 2913 3939 αὐτῶν
2941 3888 3247 3957 χαρίσεται⁵
3280 3889 3405 3941 ἐπεὶ
3426 3889 3482 3941 δὲ
3521 3890 3873 3959 ἀπεκάλυψεν

2291 3977 2496 4040 αὐτοῖς,
2529 3978 2611 4030 ὅτι
2645 3977 2705 4029 οὐ
2730 3977 2856 4046 περὶ
2882 3977 3140 4047 αἰσθητοῦ
3170 3979 3357 4048 ἄρτου,
3390 3979 3524 4032 ἀλλὰ
3553 3982 3681 4049 περὶ
3714 3998 3875 4033 πνευ-

2294 4071 2526 4138 ματικοῦ
2558 4070 2705 4120 ἐστιν
2729 4070 2756 4120 6
2784 4068 2939 4135 λόγος
2967 4066 3136 4139 αὐτῷ,
3165 4069 3492 4137 ἀπογνόντες
3516 4070 3871 4138 γογγύζουσι.

2292 4160 2402 4211 Ποῦ
2444 4160 2550 4228 γὰρ
2580 4160 2766 4222 αὐτοῖς
2817 4160 2876 4212 τὸ
2907 4163 3046 4213 νοεῖν
3080 4162 3464 4230 πνευματικὴν
3512 4163 3745 4233 τροφὴν,
3786 4167 3878 4217 καὶ

2293 4250 2457 4322 ζωὴν,
2483 4252 2578 4303 καὶ
2600 4251 2895 4304 ἀνάστασιν
2918 4268 2931 4315 ;
2970 4251 3446 4315 Ἐσκανδαλεζοντο
3472 4249 3566 4307 οῦν
3587 4255 3676 4307 ἐπ’
3700 4256 3874 4324 αὐτῷ,

2291 4344 2525 4414 ὁρῶντες
2563 4345 2661 4412 μὲν
2695 4344 2858 4397 αὐτοῦ
2886 4344 2983 4415 τὴν
3022 4346 3254 4416 μητέρα,
3291 4346 3584 4408 ἀκούοντες
3630 4348 3708 4411 δὲ,
3766 4350 3873 4410 ὅτι.

2300 4456 2317 4488 ι
2366 4436 2461 4489 Ἐκ
2489 4435 2582 4489 τοῦ
2613 4435 2846 4506 οὐρανοῦ
2878 4436 3253 4507 καταϐέϐηκα.
3308 4458 3326 4490 ι
3362 4439 3454 4507 Μὴ
3484 4439 3736 4504 νοοῦντες
3768 4442 3868 4493 τοὲο

617 4532 761 4575 esset
793 4521 954 4587 Deus,
989 4522 1081 4578 sed
1108 4524 1159 4577 in
1189 4523 1291 4578 hoc
1320 4525 1671 4596 respicientes
1697 4530 1838 4598 quod
1867 4533 2184 4601 apparebat,

2294 4546 2406 4592 vuv,
2444 4530 2526 4582 ὅτι
2556 4530 2650 4581 καὶ
2684 4528 2813 4593 Θεός
2851 4531 2995 4583 ἐστιν
3042 4532 3069 4582 6
3111 4531 3295 4595 αὐτὸς,
3334 4532 3449 4584 ἀλλ’
3482 4535 3562 4594 εἰς
3599 4533 3659 4585 τὸ
3696 4534 3879 4603 φαινό-

619 4614 1049 4681 murmurabant,
1104 4623 1358 4684 tauquam
1399 4628 1696 4674 ostentator
1725 4634 1863 4676 esset
1908 4625 2188 4693 Dominus,

618 4706 674 4751 et
700 4698 981 4753 dicebant:
1016 4719 1034 4751 ι
1074 4700 1261 4757 Nonne
1299 4704 1384 4759 bic
1416 4715 1499 4760 est
1540 4708 1678 4762 ﬁlius
1718 4708 1915 4780 Jnsepb
1948 4714 1970 4764 ?
2014 4732 2030 4764 ι
2072 4714 2190 4783 Ipse

620 4796 800 4842 autem
845 4790 1094 4845 Salvator
1135 4808 1239 4847 non
1276 4796 1553 4863 respondit
1582 4797 1694 4853 eis:
1734 4799 1846 4855 Non
1890 4817 2008 4858 sum
2056 4808 2193 4860 [ilius

622 4879 839 4948 loseplt.
882 4880 996 4936 Non
1024 4883 1171 4938 enim
1198 4894 1450 4953 poterant
1485 4889 1785 4959 intelligere
1819 4905 2029 4961 partum
2062 4898 2195 4951 incf-

625 4970 839 5027 labilem
870 4974 959 5041 qui
993 4984 1106 5027 erat
1133 4991 1196 5028 ex
1235 4975 1457 5043 virgine.
1496 4977 1557 5032 Et
1591 4980 1714 5047 quia
1747 4998 1849 5037 non
1884 5000 2052 5053 capax
2099 4987 2197 5041 fuit

626 5078 780 5116 mens
807 5064 1015 5117 illorum
1066 5066 1362 5119 nativitatis
1404 5073 1696 5125 secundum
1741 5090 1980 5139 carnem,
2030 5080 2196 5136 multo

629 5156 805 5208 minus
838 5154 976 5223 ejus,
1002 5171 1121 5225 quae
1148 5167 1272 5211 ante
1301 5160 1491 5212 sarcula
1523 5178 1585 5216 ex
1621 5162 1801 5219 Patre.
1841 5167 1977 5232 Quid
2016 5178 2194 5225 autem

624 5248 906 5316 respondet
946 5250 1065 5304 eis?
1117 5271 1135 5302 ‹
1180 5251 1369 5306 Nullus
1411 5266 1590 5321 potest
1620 5260 1803 5314 venire
1838 5262 1901 5313 ad
1940 5278 2045 5326 me,
2094 5265 2198 5325 nisi

631 5336 788 5391 Pater
813 5343 1039 5396 traxerit
1066 5359 1213 5399 eum.
1243 5365 1260 5397 ι
1305 5346 1417 5403 lloe
1458 5361 1636 5404 autem
1666 5352 1794 5405 dicit
1820 5370 1920 5406 non
1949 5365 2002 5406 ut
2037 5356 2201 5409 liber-

634 5438 796 5484 tatem
851 5433 1001 5488 tollat
1045 5439 1277 5504 arbitrii,
1329 5442 1503 5496 absit!
1556 5444 1645 5497 scd
1689 5452 1745 5497 ut
1779 5446 2025 5500 ostendat
2056 5448 2200 5515 quod

634 5520 797 5575 multa
837 5523 1030 5579 habeat
1061 5543 1197 5597 opus
1226 5534 1606 5601 cooperatioue
1659 5550 1687 5588 a
1733 5534 1837 5590 Deo
1871 5536 1913 5591 is
1954 5538 2043 5607 qni
2087 5554 2204 5593 crc-

704 5658 748 5691 ¹⁶⁷
779 5661 968 5720 Thess.
1002 5685 1075 5730 tv,
1121 5669 1202 5722 l6.

705 5804 779 5872 ίιι)
819 5803 954 5859 Ιίᾷόίι.
998 5805 1119 5859 Lut.
1152 5806 1351 5871 out'tsit,
1389 5823 1485 5860 mw
1518 5808 1747 5873 perdunt.

2302 4638 2461 4691 μενον
2491 4622 2911 4685 ἀποϐλέποντες,
2948 4622 3263 4691 ἐγόγγυζον,
3304 4622 3378 4685 ὡς
3414 4623 3879 4695 ἀλαζονευομένου

2295 4713 2389 4765 τοῦ
2440 4713 2667 4784 Κυρίου,
2707 4713 2802 4766 καὶ
2852 4712 3061 4780 ἔλεγον⁹
3101 4732 3120 4765 ι
3159 4715 3270 4783 Οὐχ
3309 4709 3463 4778 οὗτός
3511 4718 3665 4769 ἐστιν
3692 4720 3720 4770 6
3767 4718 3880 4779 υἱὸς

2311 4807 2507 4876 Ἰωσήφ
2529 4823 2543 4873 ;
2578 4827 2595 4857 ι
2625 4806 2797 4869 Αὐτὸς
2818 4807 2874 4859 δὲ
2896 4808 2924 4858 6
2945 4806 3137 4877 Σωτὴρ
3160 4808 3261 4860 οὐκ
3282 4808 3644 4877 ἀποκρίνεται
3668 4811 3880 4874 αὑτάς.

2296 4902 2400 4962 ὅτι,
2431 4902 2543 4951 Οὐκ
2574 4899 2686 4970 εἱμῖ
2716 4900 2827 4961 υἱὸς
2869 4899 3068 4967 Ἰωσήφ
3092 4914 3104 4926 ·
3136 4900 3197 4952 οὐ
3237 4900 3346 4970 γάρ
3394 4900 3663 4969 ἠδύναντο
3690 4902 3880 4971 νοῆσαι

2298 4993 2386 5045 τον
2419 4993 2573 5045 τόκον
2613 4992 2705 5045 τδν
2744 4993 2981 5063 ἄρρητον
3016 4991 3109 5045 τόν
3140 4993 3204 5045 ὲκ
3241 4992 3543 5063 Παρθένου.
3585 4994 3650 5046 EE
3680 4994 3734 5047 δὲ
3786 4995 3883 5063 τὴν

2306 5085 2446 5138 κατὰ
2476 5086 2653 5154 σάρκα
2694 5086 2947 5153 γέννησιν
2967 5086 3066 5138 οὐκ
3118 5084 3314 5156 ἐχώρει
3350 5088 3383 5154 ὴ
3434 5087 3645 5140 διάνοια
3676 5089 3879 5161 ἀυτῶν,

2298 5177 2476 5245 πολλῷ
2504 5177 2704 5245 μᾶλλον
2730 5176 2826 5247 τὴν
2856 5178 2921 5229 ἐκ
2947 5179 3042 5231 τοῦ
3082 5178 3293 5249 Πατρδς
3334 5178 3687 5250 προαιώνιον.
3723 5182 3793 5234 Ti
3830 5182 3885 5234 δὲ

2299 5269 2652 5339 ἀποκρίνεται
2696 5268 2911 5331 αὐτοῖςς
2967 5287 2985 5320 ι
3026 5269 3213 5332 Οὐδεὶς
3255 5270 3485 5323 δύναται
3524 5269 3703 5325 ἐλθεῖν
3749 5273 3884 5342 πρὸς

2304 5360 2389 5429 με,
2426 5362 2519 5412 ὲάν
2553 5361 2626 5429 μὴ
2655 5360 2683 5412 ό
2717 5362 2905 5432 Πατὴρ
2934 5361 3135 5433 ἑλκύσῃ
3158 5362 3337 5417 αὐτόν.
3374 5382 3392 5415 ι
3421 5363 3597 5418 Τοῦτο
3625 5365 3683 5418 δὲ
3713 5366 3880 5433 λέγει,

2300 5453 2358 5503 οὔ
2406 5452 2465 5503 τὸ
2497 5451 2843 5515 αὐτεξούσιον
2876 5452 3137 5524 ἀναιρῶν,
3183 5453 3396 5522 ἀπαγεῐ
3429 5456 3570 5509 ἀλλὰ
3596 5456 3881 5512 δεικνύων.

2301 5544 2381 5596 ὅτι
2428 5543 2626 5612 πολλῆς
2668 5542 2839 5597 δεῖται
2882 5544 3200 5617 συνεργείας
3249 5545 3581 5623 παράιεθεοῦ
3608 5550 3637 5603 6
3673 5550 3877 5622 μέλλων
