4078 6330
256 402 394 469 1305

948 400 1395 464 ENARRATIO
1435 402 1517 462 1N
1557 396 2063 462 EVANGELIUM
2102 392 2446 456 JOANNIS.
2484 393 2731 454 -CAP.
2769 394 2864 453 vr.

3402 391 3543 456 1306

246 518 563 575 πιστεῦσαι.
600 519 808 582 νΑλλως
835 518 911 573 δέ·
952 520 1221 582 Ἐκείνους
1250 518 1394 571 ἕλκει
1434 517 1462 567 6
1488 513 1695 585 Πατὴρ,
1720 513 1841 574 τοὺς

1952 533 2163 587 diturus
2192 539 2292 585 est.
2331 529 2395 585 Et
2434 530 2628 585 aliter:
2666 528 2792 583 Illos
2820 527 2983 581 trahit
3014 526 3191 591 l‘atcr,
3224 526 3316 595 qui
3343 527 3545 582 habent

247 616 393 667 κατὰ
443 614 763 683 προαίρεσιν
820 613 1242 681 ἐπιτηδειότητα
1304 610 1551 679 ἔχοντας·
1604 607 1730 668 τοὺς
1780 604 1837 658 δὲ

248 707 588 776 ποιήσαντας
647 706 875 768 ἑαυτοὺς
922 704 1356 773 ἀνεπιτηδείους,
1407 704 1503 771 οὐχ
1556 701 1704 753 ἕλκει
1759 698 1838 759 εἰς

248 796 451 848 πίστιν.
483 796 696 864 Ὥσπερ
718 796 825 864 γὰρ
915 794 1204 863 μαγνῆτις,
1232 792 1293 843 οὑ
1325 792 1523 849 πάντα,
1556 786 1635 852 οἷς
1665 805 1833 856 προσ-

249 889 481 956 εγγίζει,
517 887 648 940 ἀλλὰ
685 888 843 955 μόνον
886 888 977 939 τον
1007 886 1226 956 σίδηρον
1268 885 1440 937 ἕλκει·
1496 881 1637 936 οὕτω
1684 882 1778 934 καὶ
1812 884 1837 933 6

250 981 404 1041 Θεὸς,
449 982 581 1032 πᾶσι
632 982 730 1048 μὲν
778 980 1009 1049 ἐγγίζει,
1058 980 1184 1042 τοῦς
1228 978 1700 1047 ἐπιτηδειοτέρους
1758 974 1834 1036 δὲ,

251 1077 343 1127 καῖ
365 1076 636 1129 οἱκείωσίν
662 1095 779 1129 τινα
805 1077 940 1145 πρὸς
968 1076 1131 1129 αὑτὸν
1155 1073 1639 1143 ἐπιδεικνυμένους
1662 1072 1831 1124 ⁹ἐλκει.

264 1164 324 1217 Ὀ
358 1168 455 1233 μὲν
489 1166 580 1220 οὖν
611 1169 800 1236 Πάτὴρ
836 1167 987 1219 ἕλκει
1022 1167 1113 1219 καὶ
1140 1166 1407 1236 προσάγει
1446 1165 1522 1231 τῷ
1559 1162 1694 1231 Υἱῷ,
1719 1164 1746 1214 ὁ
1780 1160 1837 1213 δὲ

251 1259 379 1317 Υἱὸς
405 1261 617 1330 ἀνιστᾷ,
644 1262 739 1313 καὶ
767 1261 1041 1323 ζωοποιεῖ,
1078 1260 1170 1310 καὶ
1191 1262 1288 1327 τὴν
1316 1260 1371 1309 ὲν
1397 1256 1625 1324 ἀγαθοῖς
1645 1254 1834 1322 πνοὴν,

252 1349 348 1402 καὶ
373 1348 540 1419 ζωὴν,
562 1350 596 1419 ἦ
646 1351 761 1402 ἐστι
793 1350 851 1401 τὸ
888 1349 1114 1419 Πνεῦμα
1149 1348 1210 1399 τὸ
1242 1348 1418 1413 ἅγιον,
1453 1346 1834 1417 χαριζόμενος.

266 1441 328 1493 'll
365 1444 494 1508 ἁγία
521 1437 613 1494 οὖν
646 1440 819 1513 Τριὰς
858 1442 1138 1511 εὐεργετεί
1173 1442 1297 1503 τοὺς
1328 1439 1705 1501 πιστεύοντας,
1743 1436 1837 1490 καὶ

249 1534 312 1588 οὗ
370 1534 520 1604 παρᾶ
569 1533 733 1604 μέρος
784 1536 810 1586 6
850 1533 1036 1603 Πατὴρ
1084 1533 1266 1601 μόνος,
1320 1531 1350 1599 ἢ
1400 1533 1426 1583 ὁ
1480 1530 1606 1592 Υἱὸς
1652 1530 1832 1598 μόνος·

250 1626 368 1679 ἀλλ’
406 1625 594 1697 ὥσπερ
635 1627 732 1696 μία
764 1626 944 1693 φύσις,
990 1624 1134 1677 οὕτω
1187 1628 1279 1676 καὶ
1318 1626 1350 1694 ἡ
1385 1626 1482 1692 τῆς
1512 1623 1834 1693 εὐεργεσίας

248 1717 501 1787 ἐνέργεια
558 1719 675 1787 μία,
722 1718 815 1771 τοῦ
850 1718 1064 1786 ﬂat-9),;
1108 1717 1501 1787 τεροτκςιγῦντος⁹
1555 1716 1650 1768 τοῦ
1697 1713 1829 1768 nos

248 1808 662 1874 ζωοποιοῦντος,
700 1810 792 1863 τοῦ
836 1809 994 1877 ἁγίου
1042 1809 1360 1878 Πνεύματος
1387 1808 1506 1860 ἀντὶ
1547 1808 1715 1876 πνοῆς
1741 1824 1831 1875 γι-

1952 626 2243 681 voluntatis
2277 624 2658 693 aptitudincm.
2691 624 2801 677 Eos
2832 631 3013 675 autem
3046 621 3136 691 qui
3186 619 3395 688 seipsos
3435 635 3542 673 non

1948 726 2153 781 faClttnl
2204 719 2447 782 idoneos,
2489 731 2597 770 non
2648 717 2815 769 trahit
2863 714 2930 768 ad
2989 714 3170 767 ﬁdem.
3208 710 3343 766 Nam
3405 712 3543 767 sicut

1950 825 2179 879 magnes
2208 824 2315 863 non
2350 807 2535 862 omnia
2572 805 2640 860 ad
2677 822 2797 876 quae
2830 806 3053 874 prnpius
3085 802 3410 873 applicatur,
3447 801 3541 857 sed

1948 903 2123 957 solum
2175 900 2378 955 ferrum
2419 899 2683 966 attrahit;
2723 899 2794 952 ita
2835 907 2889 951 et
2931 896 3073 951 Deus
3097 898 3161 949 ad
3198 909 3389 950 omnes
3415 895 3542 964 qni-

1947 997 2069 1050 dem
2119 994 2422 1065 appropiat,
2453 1007 2547 1048 eos
2578 999 2758 1046 autem
2793 989 2883 1059 qui
2920 988 3094 1057 magis
3132 988 3334 1051 idonei,
3378 997 3433 1041 et
3466 987 3545 1039 l'a-

1949 1085 2318 1140 miliaritatem
2346 1098 2471 1153 erga
2490 1082 2675 1151 ipsum
2698 1096 2807 1151 pra:
2839 1095 2896 1135 se
2927 1078 3128 1142 ferunt,
3161 1077 3350 1131 trahit.
3378 1075 3545 1146 Igitur

1947 1178 2111 1233 Pater
2150 1178 2368 1247 quidem
2420 1176 2589 1230 trahit
2635 1184 2688 1230 et
2725 1173 2946 1228 adducit
2992 1172 3060 1225 ad
3102 1170 3324 1229 Filium,
3372 1169 3546 1223 Filius

1947 1280 2131 1324 autem
2164 1267 2453 1323 resuscitat
2492 1273 2545 1321 et
2578 1264 2845 1328 viviﬁcat,
2874 1263 2926 1317 in
2959 1263 3116 1317 bonis
3147 1261 3313 1315 vitam
3349 1268 3403 1314 et
3430 1261 3543 1327 spi-

1948 1363 2239 1424 ratiouem,
2264 1361 2368 1415 hoc
2391 1370 2473 1415 est
2498 1348 2757 1427 Spiritum
2785 1364 3034 1410 sanctum
3067 1353 3334 1408 tribuens.
3361 1351 3547 1419 Itaque

1952 1462 2137 1509 sancta
2188 1450 2430 1505 Trinitas
2475 1448 2749 1505 benefacit
2801 1448 2867 1502 iis
2903 1447 2994 1516 qui
3046 1446 3297 1508 credunt,
3348 1455 3405 1498 et
3439 1459 3545 1497 non

1950 1546 2112 1601 Pater
2141 1544 2311 1609 solus,
2340 1542 2423 1598 vel
2451 1541 2619 1597 Filius
2656 1541 2803 1595 solus
2826 1583 2838 1604 ,
2873 1539 2967 1593 sed
3004 1539 3142 1594 sicut
3180 1553 3281 1590 una
3315 1547 3531 1599 natura,

1946 1639 2019 1694 ita
2074 1653 2180 1692 una
2234 1637 2477 1707 operatio
2509 1633 2905 1695 beneficentirc,
2964 1631 3143 1686 Patris
3195 1629 3541 1692 adducentis,

1945 1730 2065 1784 Filii
2114 1729 2464 1794 viviﬁcantis,
2499 1727 2734 1796 Spiritus
2762 1725 2935 1779 sancti
2979 1725 3068 1788 qui
3103 1723 3162 1777 tit
3214 1723 3279 1777 iis
3330 1724 3420 1791 qui
3468 1724 3548 1774 vi-

1944 1824 2258 1886 viﬁcantdr,
2301 1836 2400 1890 pro
2444 1818 2767 1889 spiratione.
2814 1817 3005 1873 Onnns
3044 1815 3189 1869 enim
3239 1816 3331 1882 qui
3389 1808 3545 1863 vivit.

248 1902 479 1968 νομένου
529 1902 641 1961 τοῖς
679 1899 1155 1969 ζωοποιουμένοις.
1199 1900 1311 1960 lli;
1356 1899 1464 1967 γὰρ
1503 1900 1530 1950 6
1571 1896 1700 1961 ζῶν,
1742 1896 1836 1949 καὶ

1951 1916 2109 1969 etiam
2148 1913 2504 1983 spirationem
2547 1911 2733 1965 habet.
2770 1908 2908 1963 Vide
2946 1917 3126 1961 autem
3162 1881 3549 1960 auctoritatem

250 1993 423 2061 πνοὴν
453 1992 586 2061 ἔχει.
616 1994 759 2062 Ὀρα
790 1993 843 2045 δὲ
868 1992 965 2061 τὴν
989 1992 1276 2044 αὒθεντὶαν
1308 1990 1400 2043 τοῦ
1435 1990 1586 2043 Υἱοῦ’
1625 2007 1642 2040 ι
1672 1987 1835 2056 Ἐγὼ,

250 2085 437 2153 φησιν,
470 2085 779 2153 ἀναστήσω.
828 2103 845 2135 ι
899 2085 1011 2136 Οὐκ
1050 2080 1167 2136 εἷπε
1224 2084 1353 2153 γὰρ,
1406 2083 1509 2149 ὅτι,
1552 2082 1607 2134 ’0
1644 2082 1836 2152 Πατήρ

251 2191 356 2245 μου
384 2178 695 2244 ἀναστήσει,
734 2174 870 2239 ἀλλ’,
899 2194 916 2225 ι
953 2173 1118 2243 Ἐγώ.
1156 2194 1175 2226 ι
1222 2177 1295 2227 05
1334 2176 1442 2244 γὰρ
1475 2175 1540 2227 δι’
1577 2174 1701 2227 ὅλου
1742 2191 1839 2226 τας

251 2267 455 2328 πεινῶς
496 2267 821 2335 φθέγγεται,
873 2269 989 2318 ἀλλ’
1027 2268 1171 2319 ἔστιν
1222 2260 1285 2321 οῦ
1328 2269 1420 2319 καὶ
1464 2267 1524 2319 τὸ
1568 2267 1699 2335 ὕψος
1738 2267 1837 2335 τῆς

247 2357 455 2419 οἰκείας
487 2356 820 2411 ἐπικαλύπτει
851 2356 967 2410 θεός
981 2374 1125 2425 ητος.

327 2467 348 2500 ι
385 2450 541 2503 Ἐστι
572 2449 958 2520 γεγραμμένον
982 2454 1039 2503 ἐν
1067 2452 1177 2512 τοῖς
1204 2450 1529 2520 προψήταις·
1565 2450 1675 2503 Καὶ
1698 2449 1839 2503 ἔσον-

246 2557 340 2595 ται
382 2541 585 2605 πάντες
630 2542 870 2596 διδακτοὶ
918 2544 1012 2595 τοῦ
1044 2544 1202 2595 Θεοῦ.
1248 2545 1362 2606 Πᾶς
1406 2539 1499 2595 05v
1546 2544 1574 2594 6
1621 2544 1838 2595 ἁκούων

248 2631 401 2702 παρὰ
440 2631 531 2684 τοῦ
560 2632 770 2702 [ἰατρὸς
796 2632 890 2684 καὶ
931 2632 1141 2701 μαθὼν,
1186 2632 1406 2703 ἔρχεται
1455 2633 1592 2703 πρὸς
1620 2633 1707 2703 με’
1742 2633 1841 2702 οὐχ

244 2721 330 2774 ὃτι
358 2720 446 2774 τὸν
493 2721 712 2790 Πατέρα
748 2738 831 2785 τις
860 2722 1126 2793 ἑώρακεν,
1165 2725 1213 2777 εί
1259 2724 1333 2794 μὴ
1374 2725 1402 2775 ὁ
1447 2723 1522 2776 ὢν
1557 2724 1706 2794 παρᾶ
1744 2724 1838 2777 τοῦ

246 2816 407 2879 Θεοῦ,
434 2809 587 2878 οὗτος
620 2813 830 2885 ἑώρακε
862 2814 952 2867 τὸν
994 2815 1233 2884 Πατέρα.
1282 2817 1480 2887 Ἀμὴν,
1522 2816 1670 2886 ἀμὴν
1700 2816 1842 2883 λέγω

250 2907 403 2975 ὑμῖν,
433 2908 459 2958 6
481 2904 752 2958 πιστεύων
784 2907 861 2967 εἷς
890 2906 1009 2979 ἐμὲ,
1037 2906 1150 2975 ἔχει
1174 2908 1319 2976 ζωὴν
1348 2906 1586 2960 αἱὼιιον.
1624 2927 1639 2957 r
1675 2904 1841 2961 Εἶπεν

249 2997 530 3066 ἀνωτέρω,
554 3000 637 3050 ὅτι
664 3017 682 3049 ι
715 3000 812 3053 Ὃν
842 2999 908 3051 ἂν
933 2998 1139 3070 ἐλκύσῃ
1162 3000 1188 3049 6
1215 3000 1427 3068 Πατὴρ,
1454 3002 1660 3062 ἐκεῖνος
1692 2999 1845 3069 ἕρκει

256 3106 347 3140 ται
394 3089 531 3159 πρὸς
560 3089 651 3159 μέ·
684 3108 704 3143 ι
764 3090 933 3143 θέλων
976 3091 1032 3142 δὲ
1071 3090 1231 3143 τοῦτο
1275 3091 1706 3153 κατασκευάσαι,
1753 3094 1846 3148 ἐπὶ

1939 2005 2106 2076 Ρίιὶἰξι
2145 2023 2162 2056 ι
2198 2005 2330 2075 Ego,
2373 2003 2569 2073 inquit,
2603 2003 2902 2057 suscitabo.
2947 2019 2964 2053 ι
3014 1997 3130 2053 Νοιι
3182 1997 3319 2053 dixit
3364 1994 3563 2056 enim,

1944 2099 2105 2154 Pater
2138 2113 2291 2153 meus
2322 2097 2646 2161 suseitabit;
2681 2097 2799 2159 sed,
2841 2113 2857 2145 ι
2896 2094 3031 2162 Ego.
3068 2110 3086 2145 ι
3120 2091 3236 2145 Non
3271 2089 3415 2145 enim
3450 2103 3547 2158 per

1943 2192 2125 2247 omnia
2177 2190 2403 2245 humilia
2434 2188 2697 2257 loquitur,
2733 2186 2826 2242 sed
2862 2196 3253 2251 nonnunquam
3289 2180 3545 2234 sublimia

1942 2302 2053 2341 sua:
2087 2285 2310 2340 deitatis
2339 2283 2565 2351 detegit.

2015 2466 2183 2522 \‘Etts.
2217 2467 2305 2522 45.
2349 2484 2367 2517 ι
2407 2464 2503 2519 Est
2542 2463 2806 2532 scriptum
2844 2461 2895 2513 in
2936 2459 3239 2529 prophetis,
3299 2457 3363 2511 Et
3390 2465 3551 2510 erunt

1943 2574 2132 2614 omnes
2156 2559 2297 2613 docti
2336 2572 2365 2610 a
2400 2554 2529 2611 Deo.
2568 2553 2757 2608 Omnis
2787 2566 2919 2621 ergo
2964 2550 3055 2620 qui
3094 2548 3245 2601 audit
3299 2562 3327 2600 a
3362 2544 3555 2606 Patro,

1944 2663 1998 2708 et
2023 2653 2229 2716 didicit,
2276 2651 2425 2706 venit
2472 2650 2538 2704 ad
2586 2663 2715 2703 me:
2766 2662 2873 2701 non
2909 2645 3049 2712 quod
3089 2642 3301 2696 Patrem
3353 2641 3551 2693 viderit

1944 2744 2255 2812 quisquam,
2308 2741 2409 2795 nisi
2459 2740 2547 2808 qui
2601 2746 2684 2793 est
2737 2753 2767 2790 a
2837 2737 2945 2791 Deo
2989 2735 3074 2790 hic
3128 2733 3265 2785 vidit
3305 2732 3547 2786 Pilil’t‘lll.

1944 2834 2140 2895 Amen,
2170 2846 2329 2885 amen
2378 2832 2497 2885 dico
2530 2828 2720 2883 vobis:
2766 2826 2857 2895 qui
2910 2823 3133 2879 conlidit
3183 2822 3341 2881 mihi,
3388 2820 3553 2873 habet

1946 2925 2112 2977 vitam
2133 2932 2414 2975 aeternam.
2444 2939 2462 2972 ι
2481 2919 2627 2973 Dixit
2650 2916 2904 2985 superius
2919 2916 3064 2984 quod
3093 2932 3111 2965 ι
3138 2912 3186 2968 ls
3207 2928 3367 2981 quem
3390 2909 3550 2963 Pater

1949 3017 2195 3080 traxerit,
2225 3016 2291 3069 ad
2337 3012 2668 3067 meveniet.)
2696 3011 2898 3065 Valens
2919 3018 3101 3063 autem
3131 3008 3236 3061 hoc
3258 3005 3456 3059 docere
3496 3012 3550 3058 et

1950 3109 2296 3169 continuare,
2332 3107 2385 3159 in
2426 3108 2720 3174 prophetas
2757 3102 2925 3157 rcl‘ert
2981 3114 3320 3155 sermonem.
3391 3115 3411 3150 ι
3449 3097 3545 3150 Est

251 3182 378 3241 τοὺς
416 3182 703 3251 προφήτας
751 3181 1020 3252 ἀναφέρει
1061 3182 1153 3234 τὸν
1200 3183 1376 3249 λόγον.
1430 3201 1447 3234 ι
1506 3184 1665 3235 Ἔστι
1711 3184 1838 3253 γὰρ,

1951 3201 2120 3266 enim,
2173 3199 2367 3268 inquit,
2400 3197 2662 3264 scriptum
2699 3194 2754 3248 in
2803 3192 3110 3264 prophetis,
3174 3191 3345 3245 Erunt
3385 3188 3547 3259 593

253 3275 413 3343 (mai,
448 3277 833 3344 γεγραμμένον
856 3278 913 3329 ὲν
951 3278 1063 3339 τοῖς
1097 3280 1427 3345 προφήταις,
1452 3277 1557 3339 ὅτι,
1586 3277 1838 3328 Ἔσονται

253 3367 455 3429 πάντες
493 3369 731 3421 διδακτοὶ
782 3367 939 3421 6205'
980 3387 998 3419 ι
1063 3370 1263 3431 πάντες
1315 3368 1374 3422 δὲ
1431 3370 1479 3420 οἱ
1523 3368 1840 3438 βουλόμενοι

253 3460 520 3527 δηλονότι.
554 3462 745 3521 Κοινὸς
774 3462 884 3530 γᾷρ
911 3460 1233 3522 διδάτκαλος
1279 3463 1307 3513 ὁ
1343 3461 1555 3531 Πατὴρ,
1592 3463 1660 3514 δι’
1707 3467 1841 3516 ἀπο-

258 3548 545 3615 καλύψεως
590 3546 873 3617 γνωρίζων
921 3552 1034 3611 τοῖς
1092 3549 1263 3613 ἀξίοις
1326 3550 1416 3604 τὸν
1468 3551 1597 3603 Υἰὸν
1650 3553 1837 3607 αὐτοῦ.

269 3638 601 3709 Ἀπτόμινος
630 3640 739 3721 γὰρ
774 3640 884 3693 τῶν
913 3642 1151 3713 καρδιῶν
1180 3643 1286 3695 τῶν
1309 3643 1514 3697 ἀδόλων
1545 3644 1640 3697 καὶ⁵
1670 3646 1842 3698 ἁπαν-

251 3731 491 3803 ο.’ργων,
558 3731 939 3786 ἀποκαλύπτει
978 3735 1161 3797 αὐτοῖς
1194 3736 1284 3788 τὸν
1328 3735 1473 3800 Υἰὸν,
1526 3736 1713 3809 ὥσπερ
1748 3739 1842 3791 καὶ

254 3826 333 3895 τῷ
368 3828 556 3897 Πέτρῳ
585 3826 936 3897 ἀπεκάλυψεν
967 3828 1147 3881 αὐτόν.
1183 3846 1200 3878 ι
1250 3829 1309 3882 '0
1333 3829 1547 3883 ἀκούων
1577 3826 1670 3884 05v
1695 3832 1845 3901 παρὰ

254 3916 347 3968 τοῦ
375 3917 605 3984 Πατρὺς,
652 3934 670 3966 ι
708 3915 1012 3979 τουτέστιν,
1047 3916 1075 3966 ὁ
1111 3920 1208 3986 τὴν
1238 3918 1334 3969 τοῦ
1377 3920 1587 3989 Πατρὸς
1628 3922 1841 3976 ἀποκά-

257 4006 418 4075 λυψιν
450 4008 760 4076 δεχόμενος,
794 4009 889 4063 καὶ
923 4008 1170 4078 μαθητὴς
1216 4011 1425 4063 ἐκείνου
1459 4011 1665 4082 ἀληθὴς
1700 4016 1845 4080 γινοο

259 4116 441 4169 μενος,
486 4117 503 4149 ι
526 4098 676 4161 οὗτος
709 4098 927 4168 ἔρχεται
960 4099 1093 4169 πρὸς
1129 4101 1216 4169 μέ.
1248 4121 1263 4151 ›
1302 4103 1441 4170 Ὅρα
1462 4103 1537 4164 δὲ,
1577 4105 1691 4167 πῶς
1730 4113 1845 4173 μετ’

258 4187 541 4259 ἀκριϐείας
569 4188 784 4241 ἅπαντα
814 4187 1138 4255 φθέγγεται.
1175 4189 1248 4240 05
1281 4190 1391 4259 γὰρ
1428 4186 1602 4255 εἶπεν,
1640 4192 1746 4254 ὅτι,
1785 4190 1843 4243 Ὀ

258 4280 475 4333 ἁκούων
504 4279 654 4351 παρὰ
680 4281 772 4333 τοῦ
814 4280 1045 4348 Πατρος,
1095 4282 1299 4342 ἐκεῖνος
1327 4282 1545 4352 ἔρχεται
1574 4283 1713 4350 πρὸς
1748 4284 1841 4352 μὲ,

258 4372 394 4427 ἀλλὰ
427 4373 732 4443 προσέθηκε
761 4372 842 4437 τὸ,
895 4389 912 4422 ι
962 4374 1058 4423 καὶ
1100 4372 1313 4442 μαθών.
1355 4393 1371 4424 ι
1422 4375 1498 4425 υὺ
1531 4374 1638 4445 γὰρ
1688 4375 1850 4445 ἀρκεῖ

260 4469 321 4520 τὸ
370 4466 624 4528 ἀκοῦσαι,
702 4464 833 4518 ὀλλᾶ
898 4466 978 4518 δεῖ
1017 4469 1298 4536 προσεῖναι
1353 4469 1447 4520 καὶ
1519 4468 1729 4537 μαθεῖν.
1784 4470 1847 4522 Τί

1945 3308 2134 3349 omnes
2164 3291 2305 3345 docti
2339 3305 2367 3343 a
2415 3290 2543 3353 Deo,
2582 3307 2600 3339 ι
2648 3301 2843 3343 omnes
2898 3294 3105 3347 autem,
3142 3284 3234 3353 qui
3276 3281 3549 3335 voluerint

1946 3386 2214 3440 videlicet.
2236 3381 2558 3439 Communis
2587 3380 2732 3433 enim
2781 3378 2974 3433 doctor
3011 3374 3175 3429 Pater
3207 3390 3301 3443 p=-r
3338 3372 3549 3426 revela-

1946 3479 2145 3532 tiouem
2195 3486 2384 3531 notqu
2436 3473 2565 3527 facit
2608 3471 2787 3540 dignis
2809 3469 3010 3524 Filium
3053 3484 3236 3521 sumn.
3290 3464 3549 3533 Taugens

1945 3570 2088 3624 cnim
2124 3569 2291 3623 corda
2326 3565 2681 3635 simplicium,
2716 3571 2772 3617 ct
2817 3561 2943 3617 dolo
2983 3560 3289 3614 carentium
3341 3553 3549 3610 revelat

1951 3661 2086 3731 ipsis
2114 3659 2333 3721 Filium,
2362 3660 2503 3713 sicut
2531 3666 2579 3707 et
2607 3654 2766 3706 l’etro
2792 3651 3053 3706 revelavit
3072 3650 3247 3719 ipsum
3277 3648 3343 3700 ".
3380 3645 3548 3716 Igitur

1954 3768 1972 3800 ι
2014 3749 2112 3815 Qui
2164 3748 2369 3802 audita
2414 3746 2599 3807 Patre,
2650 3764 2668 3795 ι
2717 3744 2821 3797 hoc
2863 3752 2966 3802 est.
3022 3742 3114 3812 qui
3157 3740 3336 3795 Patris
3394 3752 3549 3793 reve-

1949 3838 2206 3891 latiuucm
2240 3837 2454 3905 accipit,
2510 3845 2567 3890 et
2606 3834 2906 3904 disripnlus
2942 3832 3090 3885 illius
3140 3844 3270 3884 vere
3297 3827 3551 3891 eﬂicitur,

1966 3951 1983 3982 ι
2023 3932 2108 3984 Ιιὶι-
2139 3931 2289 3984 venit
2320 3930 2385 3983 ad
2422 3944 2530 3982 me.
2560 3946 2578 3979 ›
2618 3927 2754 3981 Vide
2788 3935 2968 3980 autem
3006 3924 3277 3994 quomodo
3307 3937 3431 3977 cum
3466 3922 3554 3976 di-

1950 4025 2168 4095 ligentia
2209 4023 2445 4093 loquitur
2478 4020 2679 4076 omnia.
2710 4016 2826 4073 Non
2870 4019 3013 4071 enim
3056 4016 3215 4079 dixit,
3254 4014 3355 4081 Qui
3398 4013 3552 4067 audit

1951 4136 1979 4171 a
2016 4118 2199 4179 l‘atrc,
2237 4116 2326 4168 ille
2360 4114 2509 4167 venit
2550 4112 2616 4166 ad
2655 4126 2742 4165 me
2775 4110 2911 4165 :sed
2942 4108 3167 4173 addidit,
3206 4126 3224 4159 ι
3258 4116 3315 4162 et
3342 4106 3550 4160 didice-

1954 4210 2044 4265 rit.
2084 4228 2102 4260 ι
2142 4205 2258 4261 Νοιι
2290 4206 2438 4262 enim
2478 4202 2677 4258 snllicit
2711 4202 2923 4266 audire,
2960 4200 3053 4255 sed
3097 4206 3315 4266 oportet
3357 4197 3552 4251 adesse

1956 4309 2011 4354 et
2041 4300 2270 4353 discere.
2302 4296 2440 4363 Quid
2472 4295 2673 4363 igitur?
2704 4294 2946 4361 nunquid
2982 4292 3037 4346 iu
3069 4290 3253 4345 Veteri
3289 4304 3396 4343 non
3430 4287 3549 4341 fue-

1954 4402 2083 4446 rnnt
2111 4392 2249 4446 docti
2280 4406 2308 4444 a
2343 4388 2489 4444 Deo?
2518 4387 2758 4442 Fuerunt
2786 4386 3030 4457 quidem,
3054 4386 3147 4439 sed
3177 4399 3285 4439 non
3317 4382 3417 4439 sic.
3453 4380 3551 4436 llic

1954 4486 2099 4539 enim
2123 4483 2443 4539 excellentia
2460 4493 2563 4547 est,
2585 4482 2639 4536 in
2658 4478 2829 4546 Novo,
2851 4480 2994 4543 dico,
3015 4477 3394 4533 Testamento.
3416 4475 3549 4529 Nam

258 4558 390 4620 05v;
436 4558 547 4627 Πρὸ
581 4557 769 4609 τούτου
806 4559 865 4609 ὲν
910 4562 975 4629 τῇ
1016 4560 1230 4628 Παλαιᾷ
1268 4560 1368 4613 οὐκ
1417 4556 1558 4630 ἦσαν
1601 4562 1841 4615 διδακτοὶ

1954 4582 2084 4630 tunc
2123 4576 2340 4643 quidem
2377 4575 2663 4630 discebant
2689 4588 2784 4642 per
2819 4573 3069 4627 homines
3104 4572 3171 4625 de
3215 4570 3347 4625 Deo.
3395 4566 3550 4622 Nunc

258 4650 434 4716 (-9205;
468 4646 651 4703 'lhav
686 4652 806 4719 μὲν,
836 4650 951 4703 ἀλλ’
979 4652 1075 4721 οὐχ
1108 4652 1299 4716 οὕτως.
1331 4654 1600 4706 Ἐνταῦθα
1650 4654 1757 4724 γὰρ
1789 4655 1851 4708 τὸ

263 4744 544 4813 ἐξαίρετόν
577 4746 746 4808 ἐστιν,
796 4746 853 4795 ὲν
882 4747 945 4813 τῇ
985 4747 1182 4815 Καινῇ,
1216 4746 1381 4814 λέγω,
1413 4748 1679 4817 Διαθήχῃ.
1716 4750 1847 4801 Τότε

268 4838 371 4906 μὲν
403 4837 510 4903 γὰρ
543 4835 610 4886 δι’
643 4834 946 4905 ἀνθρώπων
979 4836 1183 4903 ἕμα¹ον
1213 4838 1278 4889 τὰ
1313 4838 1439 4905 περὶ
1470 4837 1625 4889 θεοῦ·
1669 4838 1765 4889 νῦν
1796 4839 1863 4897 δὲ,

262 4929 358 4982 τοῦ
388 4926 726 4995 Μονογενοῦς
764 4928 1160 4997 σαρκωοέντος,
1206 4932 1335 4998 παρ’
1388 4931 1552 4983 αὑτοῦ
1594 4931 1688 4982 τοῦ
1742 4934 1850 4984 Πα-

264 5019 393 5089 τρος
429 5020 487 5072 ἐν
538 5020 679 5089 ἁγίῳ
736 5020 1016 5089 Πνεὺματι
1072 5025 1104 5088 ἡ
1172 5024 1370 5089 γνῶσις
1420 5024 1649 5091 γίνεται·
1706 5024 1846 5077 ὥστε

265 5112 607 5182 πληροῦσθαι
641 5112 701 5165 τὸ
733 5114 1093 5182 προφητικὸν·
1148 5133 1164 5164 ι
1236 5116 1322 5168 Ἐν
1354 5116 1433 5184 τῷ
1485 5119 1623 5183 φωτῐ
1669 5135 1762 5169 σου
1824 5136 1841 5169 ι

266 5198 404 5273 (τοῦ
438 5205 649 5275 lla-:96;
673 5206 715 5270 ),
765 5208 1035 5266 τουτέστι,
1090 5208 1167 5276 τῷ
1203 5208 1499 5277 Πνεύματι,
1537 5228 1554 5259 ι
1607 5210 1850 5280 ὀψόμεθα

266 5300 404 5366 φῶς,
442 5317 458 5351 ι
507 5300 534 5352 ὃ
565 5302 711 5351 ἐστιν
751 5302 778 5351 6
830 5301 975 5362 Υἱός.
1018 5300 1255 5363 Εὶκνὶτως
1300 5299 1411 5371 ἄρα
1444 5302 1539 5355 νῦν
1572 5304 1740 5371 ἐσμεν
1768 5304 1850 5357 δι-

266 5391 457 5443 δακτοὶ
484 5390 619 5445 Θεοῦ
654 5391 873 5451 πάντες,
899 5393 947 5443 οἱ
976 5391 1073 5460 τὴν
1101 5393 1179 5453 εἰς
1204 5392 1437 5462 Χριστὸν
1460 5393 1852 5464 ὑποδεξάμενοι

268 5482 477 5535 πίστιν.
517 5483 670 5535 Ἐπεὶ
702 5482 756 5534 δὲ
803 5479 978 5546 εἶπεν,
1019 5484 1099 5536 ὅτι
1146 5502 1163 5533 ι
1215 5483 1272 5537 ὐ
1312 5485 1525 5537 ἀκούων
1576 5488 1732 5555 παρὰ
1761 5487 1853 5539 τοῦ

271 5575 505 5643 Πατρδς.
540 5573 743 5637 ἐκεῖνος
774 5573 993 5644 ἔρχεται
1028 5578 1163 5644 πρὸς
1194 5576 1287 5644 μὲ,
1329 5596 1348 5628 ι
1382 5576 1467 5627 ἵνα
1505 5578 1577 5647 μή
1605 5595 1687 5640 τις
1720 5578 1853 5633 ὑπο-

271 5666 437 5738 λάϐῃ,
468 5666 552 5720 ὅτι
587 5666 711 5735 περὶ
757 5664 1018 5735 αἰσθητοῦ
1065 5667 1270 5737 πατρὸς
1316 5668 1487 5735 λέγει,
1538 5670 1722 5738 φησίν·
1775 5672 1846 5726 OL

346 5847 389 5875 δ’
450 5847 646 5903 Matth.
710 5850 939 5919 M’t,‘.’.l.
1020 5851 1062 5884 η
1122 5846 1263 5905 l‘sal.
1308 5862 1471 5916 xxxv,
1510 5849 1589 5903 lO.

1951 4676 2133 4721 autem
2166 4664 2457 4734 lluigcnito
2485 4665 2794 4730 incarnato,
2820 4664 2886 4717 ab
2918 4664 3035 4734 ipso
3078 4662 3242 4717 Patre
3272 4662 3326 4715 in
3360 4670 3564 4716 sancto.

1953 4757 2160 4826 Spiritu
2204 4755 2432 4811 scientia
2492 4758 2570 4818 lit,
2608 4766 2667 4809 ut
2713 4757 2785 4809 ita
2826 4755 3116 4824 impleatur
3169 4753 3554 4822 propheticum

1952 4852 2199 4904 dictum:
2235 4868 2252 4899 ι
2288 4848 2344 4902 ln
2377 4827 2582 4903 lumine
2618 4858 2708 4903 tuo
2748 4868 2767 4901 ι
2814 4846 3019 4916 (Patris
3043 4844 3303 4913 scilicet),
3340 4844 3440 4897 hoc
3464 4856 3549 4897 est

1952 4943 2177 5010 Spiritu,
2218 4961 2234 4991 ι
2277 4944 2581 4997 videbimus
2633 4943 2817 4995 lumen
2848 4940 2916 5005 ",
2961 4958 2979 4991 ι
3034 4939 3180 5008 quod
3228 4947 3312 4991 est
3356 4935 3548 4989 Filius,

1954 5035 2144 5088 Merito
2184 5049 2327 5089 nunc
2358 5048 2551 5089 omnes
2580 5033 2723 5087 docti
2762 5046 2955 5087 smnus
2994 5044 3024 5084 α
3081 5030 3210 5093 Deo,
3262 5028 3351 5095 qui
3393 5027 3422 5078 li
3450 5030 3550 5081 leu;

1954 5128 2005 5181 in
2037 5127 2310 5182 Christum
2341 5126 2699 5196 suscepimus.
2730 5126 2868 5191 Quia
2890 5135 3069 5177 autem
3096 5123 3251 5182 dixit,
3274 5141 3291 5171 ι
3318 5120 3419 5186 Qui
3449 5137 3548 5173 an-

1956 5219 2085 5272 dita
2118 5217 2299 5284 Patro,
2331 5218 2418 5272 ille
2448 5217 2595 5271 venit
2635 5215 2702 5271 ad
2738 5230 2845 5280 me,
2886 5234 2905 5267 ι
2954 5224 3012 5267 ut
3043 5228 3109 5268 ne
3155 5212 3277 5281 quis
3309 5212 3548 5277 suspice-

1956 5320 2043 5365 tnr
2075 5312 2216 5380 quod
2249 5312 2316 5365 de
2348 5311 2550 5365 carnali
2588 5320 2743 5378 patre
2788 5308 2955 5371 dicat,
3001 5306 3176 5375 inquit
3214 5321 3226 5357 :
3282 5300 3398 5354 Non
3451 5302 3552 5353 hut:

1956 5401 2101 5466 dico,
2137 5404 2277 5472 quod
2317 5404 2494 5456 videat
2523 5402 2645 5471 quis
2674 5400 2915 5463 Patrem,
2949 5398 3051 5451 nisi
3084 5397 3271 5458 Filius,
3303 5396 3392 5463 qui
3426 5410 3553 5447 vom

1962 5511 2027 5551 ex
2056 5496 2144 5550 illo
2172 5506 2278 5561 est,
2302 5506 2357 5551 ct
2388 5505 2546 5549 natus
2572 5510 2638 5548 ex
2669 5490 2975 5547 substantia
3002 5490 3167 5543 illius.
3195 5486 3330 5540 Nam
3362 5501 3555 5538 omnes

1961 5588 2177 5657 quidem
2217 5602 2281 5641 ex
2311 5586 2417 5641 Deo
2449 5600 2657 5653 smnus,
2693 5584 2785 5641 sed
2814 5580 3030 5653 prpprie
3050 5578 3240 5641 Filius,
3278 5590 3417 5631 unus
3444 5588 3554 5639 est,

1963 5678 2051 5749 qui
2078 5687 2132 5734 ct
2162 5678 2378 5736 l‘alrcnt
2412 5677 2578 5739 novit.
