4078 6330
573 325 708 392 1307

1490 320 2073 385 THEOPH‘YLACTI
2109 319 2518 381 BULGARIAE
2557 318 2913 382 ARCHIEP.

3670 315 3800 379 1308

564 440 723 494 τοῦτο
771 439 932 508 λέγω,
983 437 1066 491 ὄτι
1130 435 1315 508 βλέπει
1364 454 1446 502 τις
1506 436 1597 490 τὸν
1638 435 1877 506 Πατέρα,
1911 435 1962 488 ει
2005 433 2080 503 μὴ
2113 433 2143 484 6
2206 431 2350 500 Υἱὸς,
2384 433 2601 501 άληθῶς
2644 434 2704 498 ἐξ
2751 430 2918 486 αὐτοῦ
2977 430 3074 495 ὣν,
3116 431 3210 484 καὶ
3253 428 3534 501 γεννηθεὶς
3601 429 3668 483 ἐκ
3709 429 3803 500 τῆς

563 535 752 598 οὐσίας
803 530 989 585 αὐτοῦ.
1040 530 1246 593 Πάντες
1289 529 1398 600 γὰρ
1447 530 1512 582 ικ
1565 529 1700 582 Θεοῦ
1741 529 1930 597 ἐσμεν,
1985 523 2122 579 ἀλλὰ
2160 525 2366 594 κυρίως
2403 527 2432 579 6
2459 526 2586 589 Υἱὸς
2625 520 2706 589 εἷς
2735 525 2910 592 ἐστιν,
2940 521 3000 585 ὃς
3033 521 3130 576 καὶ
3173 517 3279 575 οἵδε
3339 522 3432 575 τὸν
3498 519 3738 593 Πατέρα.

635 630 798 684 Vens.
833 626 1025 682 48-52.
1071 644 1090 679 t
1129 625 1241 696 Ego
1289 639 1407 680 sum
1440 626 1594 696 panis
1626 625 1716 680 ille
1755 624 1901 677 vitae.
1939 621 2128 675 Patres
2161 622 2208 681 Α

563 722 727 776 vestri
751 720 1102 775 comederunt
1130 732 1327 772 manna
1353 717 1406 772 in
1438 731 1642 780 eremo,
1667 724 1724 772 et
1755 716 1952 770 mortui
1980 721 2131 770 sunt.

565 809 659 863 Hic
699 818 783 863 est
823 809 978 878 panis
1022 809 1112 878 qui
1153 809 1393 880 deIctelo
1439 810 1740 877 descendit,
1791 819 1848 864 ut
1897 813 2018 879 quis
2065 825 2132 864 ex

563 903 679 970 ipso
709 902 853 966 edat,
888 911 942 956 et
981 917 1085 956 non
1132 901 1415 957 moriatur.
1457 899 1568 973 Ego
1607 916 1726 956 sum
1771 903 1924 972 panis
1959 902 2131 966 vit-us,

559 997 651 1066 qui
686 997 751 1051 de
779 998 917 1052 coelo
948 997 1220 1051 descendi.
1269 994 1324 1050 Si
1367 996 1490 1064 quis
1521 995 1691 1050 ederit
1735 1011 1799 1050 ex
1843 995 1942 1049 boc
1972 1008 2129 1063 pane,

489 1073 492 1082 ἐ
559 1088 704 1144 vivet
756 1090 808 1144 in
857 1100 1139 1144 aeternum.
1182 1090 1248 1144 Et
1277 1090 1435 1160 panis
1467 1105 1627 1159 quem
1660 1104 1760 1155 ego
1809 1088 1967 1153 dabo,
1999 1102 2132 1142 caro

564 1195 680 1234 mea
707 1190 813 1248 est,
843 1195 1002 1251 quam
1032 1197 1131 1252 ego
1161 1182 1300 1236 dabo
1339 1195 1435 1250 pro
1468 1182 1651 1235 mundi
1680 1182 1807 1236 vita.
1841 1201 1859 1232 ι
1893 1181 2130 1249 Compa-

563 1281 650 1327 rat
691 1289 812 1328 cum
870 1289 1064 1328 manna
1112 1273 1421 1328 alimoniam
1469 1289 1627 1343 quam
1678 1275 1794 1342 ipse
1837 1275 1952 1328 dat.
1991 1271 2129 1327 Nam

571 1381 591 1415 ι
632 1363 744 1433 Ego
785 1363 1036 1431 quidem,
1077 1365 1288 1435 inquit,
1339 1379 1457 1420 sum
1493 1367 1648 1434 panis
1682 1367 1842 1432 vitae;
1884 1386 1903 1418 ι
1941 1381 2130 1421 verum

561 1453 653 1522 qui
690 1470 710 1505 ι
750 1454 1097 1508 comederunt
1125 1470 1345 1520 manna,
1372 1457 1568 1510 mortui
1601 1466 1748 1512 sunt.
1790 1476 1821 1509 »ι
1846 1456 1960 1512 Non
1997 1459 2124 1513 abs-

559 1559 666 1613 que
708 1561 868 1600 causa
909 1556 1090 1601 autem
1125 1547 1293 1610 addit,
1331 1564 1353 1600 ι
1401 1549 1452 1601 in
1484 1551 1793 1613 solitudine,
1837 1569 1854 1602 ι
1905 1552 1998 1606 sed
2035 1565 2131 1605 vo-

529 1635 680 1726 ‘lens
712 1648 1014 1693 monstrare
1046 1640 1188 1710 quod
1235 1655 1342 1694 non
1386 1641 1538 1697 valde
1572 1644 1659 1697 diu
1691 1643 1875 1697 datum
1903 1642 2006 1698 fuit
2035 1658 2131 1711 pa-

564 1727 737 1782 tribus
788 1742 1007 1794 manna,
1061 1728 1156 1783 sed
1211 1735 1419 1783 tantum
1472 1729 1526 1784 in
1573 1731 1885 1793 solitudine,
1921 1739 1975 1783 et
2021 1745 2129 1784 non

565 1817 858 1885 contigerit
908 1816 988 1871 eis
1037 1818 1090 1872 in
1145 1826 1288 1873 terra
1342 1821 1741 1888 promissionis.
1792 1821 1989 1877 Verum
2042 1821 2131 1877 hic

561 1907 716 1973 panis
743 1921 847 1961 non
874 1918 956 1963 est
987 1910 1130 1975 talis,
1163 1911 1256 1965 sed
1294 1921 1553 1980 perpetuo
1592 1913 1817 1977 durans,
1847 1923 1900 1968 et
1934 1915 2004 1968 ita
2030 1913 2129 1968 Jn-

560 1999 660 2053 dati
695 1999 862 2055 multo
902 2002 1054 2070 plura
1099 2002 1236 2057 bona
1277 2007 1548 2073 accepturi
1611 2015 1798 2072 erant,
1837 2007 1879 2060 si
1911 2007 2126 2076 quidem

558 2092 872 2156 voluissent,
904 2109 1063 2163 quam
1113 2104 1296 2164 patres
1331 2096 1436 2150 sui.
1477 2098 1757 2163 Quomodo
1800 2108 1977 2153 autem
2019 2115 2127 2154 non

560 2185 788 2254 majora,
820 2200 940 2254 qua:
984 2186 1180 2241 dantur
1210 2201 1238 2240 a
1269 2186 1682 2244 ChristoiNam
1717 2191 1817 2245 etsi
1859 2193 1980 2260 quis
2027 2208 2130 2262 gu-

559 2277 785 2332 staverit
828 2287 1078 2345 mortem,
1111 2280 1240 2332 vivit
1274 2287 1455 2334 tamen
1492 2291 1714 2351 prepter
1757 2297 1903 2350 spem
1945 2300 2129 2339 resur-

560 2370 833 2426 rectionis.
886 2370 1167 2427 Manifeste
1209 2384 1391 2428 autem
1438 2374 1594 2430 nobis
1622 2377 1724 2430 hoc
1754 2376 1873 2431 loco
1911 2381 1978 2432 de
2011 2393 2129 2448 my-

557 2462 691 2516 stica
720 2463 1098 2518 communione
1124 2467 1369 2535 corporis
1408 2466 1489 2520 sui
1530 2467 1680 2520 dicit.
1710 2469 1846 2523 Nam
1884 2487 1900 2520 t
1945 2468 2124 2535 Panis,

556 2552 753 2621 inquit,
805 2568 966 2622 quem
1012 2570 1113 2624 ego
1159 2557 1318 2622 dabo,
1353 2571 1480 2610 caro
1522 2573 1639 2612 mea
1683 2571 1783 2621 est,
1817 2577 1977 2630 quam
2029 2577 2128 2631 ego

556 2642 693 2697 dabo
728 2659 827 2711 pro
857 2646 1045 2699 mundi
1079 2647 1210 2700 vita.
1250 2665 1268 2697 ι
1305 2646 1476 2703 Porro
1508 2657 1834 2716 potestatem
1867 2667 2017 2706 snam
2047 2651 2127 2704 iu-

557 2736 765 2799 dicans,
803 2738 942 2804 quod
977 2752 1080 2791 non
1120 2749 1174 2791 ut
1200 2754 1386 2794 servus
1427 2750 1481 2795 et
1514 2741 1687 2796 minor
1719 2742 1878 2798 Patre
1920 2744 2131 2798 cruciﬁ-

555 2825 762 2893 gendus
787 2825 878 2892 sit,
911 2829 1003 2881 sed
1030 2828 1354 2894 voluntarie,
1381 2829 1574 2899 inquit,
1609 2833 1723 2899 Ego
1749 2833 1888 2885 dabo
1911 2849 2126 2887 carnem

555 2931 728 2970 meam
773 2933 870 2986 pro
919 2917 1083 2990 594
1124 2921 1305 2974 mundi
1355 2922 1483 2975 vita.
1523 2921 1658 2975 Nam
1700 2927 1950 2992 quamvis
1998 2935 2050 2980 et
2097 2939 2125 2978 a

555 3008 715 3064 Patre
767 3010 976 3064 dicatur
1023 3025 1143 3066 esse
1184 3012 1436 3079 traditus,
1485 3022 1724 3069 attamen
1769 3024 1822 3069 et
1888 3018 2124 3085 seipsum

553 3099 840 3154 tradidisse
866 3099 1065 3155 dicitur
1099 3117 1115 3156 :
1142 3109 1198 3155 et
1231 3101 1362 3157 illud
1387 3104 1604 3172 quidem
1638 3113 1726 3160 est
1759 3116 1816 3158 ut
1855 3107 2128 3162 discamus

553 3187 669 3255 ejus
692 3204 811 3242 cum
845 3188 1005 3244 Patre
1031 3192 1374 3247 concordiam
1406 3211 1420 3247 :
1456 3193 1558 3250 hoc
1583 3208 1784 3260 autem,
1819 3206 1877 3250 ut
1903 3197 2124 3252 liberam

2311 641 2330 674 ι
2379 622 2519 690 Ἐγώ
2548 624 2662 690 εἰμι
2696 624 2724 674 6
2757 621 2922 689 ἄρτος
2940 617 3041 686 τῆς
3070 619 3236 687 ζωῆς.
3275 619 3336 672 Oi
3370 619 3606 688 πατέρες
3652 608 3801 686 ὖμῶν

2236 715 2437 783 ἔφαγον
2470 715 2530 767 τὸ
2561 716 2734 783 μάννα
2767 715 2824 766 ὲν
2851 715 2915 783 τῇ
2948 713 3160 782 ἐρήμῳ,
3193 711 3288 762 καὶ
3317 711 3609 764 ἀπέθανον.
3639 702 3803 774 Οὗτός

2234 811 2380 865 ἐστιν
2407 809 2434 859 6
2457 807 2620 877 ἄρτος
2649 810 2675 860 6
2705 810 2778 860 ἐκ·
2803 806 2897 858 τοῦ
2927 804 3158 875 οὐρανοῦ
3202 803 3570 868 κατασαῑνων,
3603 803 3691 857 ἵνα
3723 820 3804 866 τις

2235 899 2294 963 ἐξ
2321 898 2483 952 αὐτοῦ
2521 898 2688 968 φάγῃ,
2719 898 2810 950 καὶ
2845 897 2919 967 μὴ
2951 895 3223 968 ἀποθάνῃ.
3273 894 3412 961 Ἐγώ
3442 895 3557 964 ειμι
3588 897 3618 948 6
3647 897 3806 963 ἄρτος

2236 992 2264 1042 6
2292 988 2421 1054 ζῶν,
2460 990 2488 1041 6
2517 991 2581 1041 ὲκ
2615 989 2706 1041 τοῦ
2749 987 2980 1057 οὐρανοῦ
3028 987 3290 1046 καταϐάς.
3348 987 3475 1040 Ἐάν
3522 1005 3608 1050 τις
3659 988 3806 1058 φάγῃ

2235 1081 2299 1131 ἐκ
2357 1078 2546 1131 τούτου
2603 1078 2695 1130 τοῦ
2742 1079 2930 1149 ἄρτου,
2961 1067 3183 1146 ζήσεται
3220 1080 3301 1140 εἰς
3333 1078 3425 1130 τὸν
3469 1079 3664 1133 αἰῶνα.
3704 1080 3806 1133 Καὶ

2233 1172 2260 1222 6
2292 1171 2452 1240 ἄρτος
2477 1171 2551 1236 δὲ,
2587 1171 2643 1224 ὃν
2671 1169 2781 1236 ἐγὼ
2806 1170 2983 1234 δώσω,
3019 1171 3051 1237 ἡ
3083 1169 3222 1237 σάρξ
3269 1169 3370 1238 μού
3409 1172 3555 1223 ἐστιν
3607 1171 3675 1241 ἢν
3699 1169 3806 1238 ἐγὼ

2233 1262 2389 1316 δώσω
2419 1263 2559 1333 ὑπὲρ
2592 1263 2688 1330 τῆς
2719 1261 2810 1314 τοῦ
2862 1263 3068 1332 κόσμου
3098 1263 3268 1332 ζωῆς.
3310 1282 3328 1313 ι
3365 1262 3510 1332 Πρὸς
3535 1263 3599 1316 τὸ
3635 1262 3806 1332 μάννα

2239 1356 2514 1425 συγκρίνει
2550 1355 2648 1423 τὴν
2682 1354 2813 1424 παρ’
2833 1354 2999 1407 αὑτοῦ
3029 1357 3318 1426 διδομένην
3343 1357 3571 1425 τροφήν.
3610 1374 3628 1407 ι
3669 1354 3808 1423 ἐγὼ

2239 1446 2337 1516 μὲν
2380 1444 2508 1514 γάρ,
2537 1447 2720 1512 φησὶν,
2752 1447 2866 1515 εἰμὶ
2915 1447 2942 1498 6
2988 1447 3151 1515 ἄρτος
3193 1445 3294 1514 τῆς
3339 1445 3484 1514 ζωῆς
3513 1462 3525 1475 ·
3577 1464 3596 1495 ι
3647 1446 3709 1498 τὸ
3753 1445 3806 1498 δὲ

2242 1555 2260 1587 ι
2295 1538 2466 1606 μάννα
2480 1537 2528 1589 οἱ
2551 1538 2813 1605 φαγόντες
2836 1537 3127 1590 ἀπέθανον.
3156 1557 3173 1589 r
3201 1539 3312 1606 Οὐχ
3334 1537 3520 1598 ἁπλῶς
3541 1537 3598 1590 δὲ
3613 1538 3806 1606 προσέ-

2235 1631 2368 1698 θηκε
2389 1631 2468 1692 τὸ,
2507 1649 2524 1681 ι
2550 1631 2638 1682 Ἐν
2662 1635 2725 1701 τῇ
2755 1631 2968 1701 ἐρήμῳ,
3013 1650 3034 1683 ι
3087 1631 3225 1684 ἀλλὰ
3259 1629 3582 1699 βουλόμενος
3618 1630 3804 1694 δεῖξαι,

2234 1721 2314 1774 ὅτι
2369 1722 2492 1774 οὐδὲ
2540 1723 2670 1791 ἄχρι
2721 1722 2919 1775 πολλοῦ
2980 1723 3239 1792 διήρκεσε
3289 1725 3403 1783 τοῖς
3459 1725 3701 1790 πατράσι
3753 1723 3810 1774 τὸ

2237 1813 2433 1882 μάννα,
2473 1813 2590 1867 ἀλλ’
2651 1816 2707 1866 ὲν
2769 1818 2836 1885 τῇ
2878 1816 3072 1884 ἐρήμῳ
3107 1814 3284 1884 μόνον,
3321 1815 3380 1866 οὐ
3412 1815 3727 1882 συνεισῆλθε
3756 1815 3808 1866 6‘3

2235 1906 2417 1969 αὐτοῖς
2447 1906 2528 1968 εἰς
2572 1907 2671 1976 τὴν
2723 1907 3057 1974 ἐπαγγελίας
3087 1907 3212 1975 γῆν.
3253 1902 3426 1964 Οὗτος
3455 1907 3512 1959 δὲ
3558 1908 3720 1975 ἄρτος
3753 1910 3808 1954 οῖ’»

2233 1997 2499 2064 τοιοῦτος,
2532 1997 2667 2050 ἀλλὰ
2693 1998 3036 2062 διαιωνὶζων,
3068 1999 3208 2052 ὥστε
3251 1999 3430 2068 πολλῷ
3457 1999 3682 2070 μείζονα
3707 2000 3812 2052 τῶν

2236 2089 2494 2160 πατέρων
2525 2089 2706 2143 αὐτῶν
2736 2091 2920 2159 ἀγαθὰ
2961 2091 3225 2158 δέξονται,
3259 2092 3372 2159 εἴγε
3431 2092 3806 2161 βουλήσονται.

2230 2181 2355 2243 Πῶς
2400 2182 2455 2234 δὲ
2499 2182 2560 2234 οὐ
2617 2182 2840 2252 μείζονα
2894 2182 2964 2236 τὰ
3025 2184 3177 2253 παρὰ
3224 2183 3458 2253 Χριστοῦ
3515 2185 3808 2253 διδόμε·ια;

2231 2272 2350 2325 Κᾶν
2387 2272 2496 2342 γὰρ
2543 2273 2803 2343 γεύσηται
2851 2291 2936 2336 τις
3001 2274 3257 2338 θανάτου,
3285 2275 3432 2344 ὅμως
3483 2275 3670 2343 ﬂii-ti
3716 2275 3811 2343 τὴν

2231 2364 2418 2418 ἐλπίδα
2445 2366 2543 2434 τῆς
2589 2367 2957 2428 ἀναστάσεως.
3009 2368 3264 2437 Φανερῶς
3307 2368 3362 2419 δὲ
3408 2367 3648 2420 ἐνταῦθα
3683 2372 3808 2436 περὶ

2229 2456 2328 2524 τῆς
2347 2456 2616 2526 μυστικῆς
2645 2458 3000 2528 μεταλήψεως
3029 2458 3121 2512 τοῦ
3151 2461 3401 2528 σῶματος
3433 2460 3598 2513 αὑτοῦ
3625 2479 3808 2529 φησιν.

2237 2569 2255 2600 ι
2315 2549 2373 2603 Ὀ
2401 2550 2563 2619 ἄρτος
2602 2551 2732 2621 γάρ,
2767 2552 2954 2620 φησὶν,
2991 2552 3049 2605 ὃν
3081 2552 3189 2620 ἐγὼ
3225 2553 3400 2615 δώσω,
3438 2555 3469 2622 ἡ
3525 2554 3662 2622 σάρξ
3704 2556 3806 2621 μού

2231 2641 2484 2709 ἐστιν,ἦν
2531 2641 2642 2708 ἐγὼ
2686 2643 2841 2695 δώσω
2876 2643 3016 2713 ὑπὲρ
3068 2644 3169 2711 τῆς
3204 2644 3296 2697 τοῦ
3355 2646 3561 2712 κόπρου
3594 2647 3760 2712 ζωῖδς,
3790 2670 3803 2693 ν

2232 2733 2342 2802 Τὴν
2373 2733 2619 2798 ἐξουσίαν
2647 2735 2701 2786 δὲ
2731 2735 2895 2787 αὑτοῦ
2930 2735 3211 2798 δεικνύων,
3263 2737 3343 2788 ὅτι
3372 2740 3466 2804 οὐχ
3511 2736 3584 2798 ὠς
3627 2738 3809 2792 δοῦλος

2233 2825 2327 2876 καὶ
2380 2825 2619 2878 ἐλάττων
2673 2829 2767 2878 τοῦ
2810 2828 3022 2896 Πατρὸς
3066 2827 3232 2880 αὑτοῦ
3295 2829 3644 2900 ἐσταυρώθη,
3697 2831 3806 2882 ἀλλ’

2229 2915 2392 2979 ἑκὼν,
2427 2917 2612 2985 φησιν,
2641 2917 2722 2970 ὅτι
2788 2918 2930 2986 Ἐγὼ
2978 2920 3132 2972 δώσω
3166 2921 3264 2990 τὴν
3290 2923 3466 2990 σάρκα
3508 2941 3611 2990 μου
3676 2924 3810 2990 ὑπὲρ

2230 3007 2330 3078 τῆς
2361 3007 2456 3060 τοῦ
2496 3010 2702 3080 κόσμου
2740 3011 2904 3081 ζωῆς.
2934 3013 2996 3066 ΕΞ
3031 3014 3140 3084 γὰρ
3165 3016 3257 3069 καὶ
3304 3015 3550 3068 δεδόσθαι
3591 3016 3808 3081 λέγεται

2231 3097 2336 3150 ὑπὸ
2366 3097 2461 3151 τοῦ
2493 3098 2727 3166 Πατρδς,
2759 3100 2896 3152 ἀλλὰ
2927 3104 3019 3154 καὶ
3051 3104 3241 3156 ἑαυτὸν
3266 3104 3556 3158 δεδωκέναι
3589 3120 3604 3133 ·
3638 3107 3812 3157 ἐκεῖνο

2236 3188 2360 3257 μὲν,
2405 3189 2492 3241 ἵνα
2521 3188 2618 3257 τὴν
2667 3190 2806 3257 πρὸς
2837 3191 2930 3243 τὸν
2966 3193 3184 3263 Πατέρα
3213 3194 3468 3263 ὁμόνοιαν
3502 3194 3765 3264 μάθωμεν
3794 3213 3805 3224 ο

551 3279 883 3334 voluntatem
939 3280 1057 3336 Filii
1111 3297 1219 3337 non
1274 3284 1603 3352 ignoremus.
1666 3286 1899 3344 Attende
1947 3300 2122 3345 autem

2232 3283 2389 3334 τοῦτο
2421 3283 2498 3344 δὲ,
2535 3283 2621 3335 ἵνα
2645 3283 2742 3352 τὴν
2767 3284 3222 3356 αὑτεξουσιότητα
3253 3286 3345 3339 τοῦ
3369 3287 3526 3339 Υῐοῦ.
3569 3289 3611 3340 [1
3623 3289 3809 3357 ρὸσχες

550 3372 691 3440 quod
723 3372 879 3442 panis
915 3373 1006 3442 qui
1049 3389 1078 3428 a
1120 3375 1276 3430 nobis
1322 3376 1374 3429 in
1415 3379 1692 3447 mysteriis
1739 3383 2121 3450 manducatur,

552 3479 658 3518 non
693 3474 780 3519 est
825 3474 1032 3521 tantum
1080 3467 1332 3537 ﬁguratio
1362 3471 1609 3539 quaedam
1653 3475 1836 3528 carnis
1884 3467 2121 3541 Domini,

550 3555 647 3610 sed
680 3556 792 3624 ipsa
820 3571 948 3612 caro
982 3559 1214 3613 Domini.
1243 3557 1361 3615 Non
1391 3562 1534 3616 enim
1575 3564 1729 3630 dixit,
1755 3563 1922 3622 Panis
1959 3582 2120 3637 quem

551 3660 652 3716 ego
679 3646 839 3711 dabo,
871 3649 1042 3716 ﬁgura
1081 3661 1166 3703 est
1199 3652 1378 3704 carnis
1410 3670 1424 3705 :
1457 3655 1573 3718 sed,
1605 3673 1624 3706 ι
1658 3671 1785 3711 caro
1815 3674 1931 3713 mea
1957 3672 2060 3716 est.
2096 3680 2116 3714 ι

550 3735 999 3793 Transformatur
1041 3740 1199 3794 επιειῐὲ
1237 3743 1454 3798 arcanis
1499 3747 1681 3800 verbis
1731 3751 1885 3815 panis
1913 3749 2000 3806 ille
2028 3769 2122 3821 per

549 3829 831 3900 mysticam
880 3831 1311 3888 benedictionem
1381 3842 1437 3888 et
1499 3837 1865 3894 accessionem
1943 3843 2122 3898 sancti

549 3918 806 3986 Spiritus,
842 3920 893 3974 in
921 3936 1138 3977 carnem
1172 3923 1405 3978 Domini.
1439 3923 1504 3978 Et
1544 3941 1613 3980 ne
1640 3942 1801 3994 quem
1833 3935 2122 4002 conturbet

547 4012 690 4077 quod
726 4013 1026 4068 credendus
1059 4013 1128 4067 sit
1153 4016 1311 4082 panis
1341 4031 1489 4070 caro.
1526 4017 1738 4072 Etenim
1773 4031 1827 4075 et
1861 4022 1912 4075 in
1953 4038 2120 4079 carne

547 4101 858 4157 ambulante
902 4103 1154 4168 Domino,
1195 4113 1250 4157 ct
1293 4121 1358 4160 ex
1390 4121 1527 4174 pane
1567 4109 1877 4165 alimoniam
1919 4115 2118 4168 admit-

549 4201 712 4259 tcnte,
742 4197 893 4264 panis
929 4197 1016 4250 ille
1048 4198 1137 4264 qui
1179 4198 1628 4266 manducabatur,
1660 4204 1710 4255 in
1755 4220 1950 4274 corpus
1994 4209 2115 4277 ejus

546 4287 880 4353 mutabatur,
909 4299 962 4343 et
993 4290 1185 4346 similis
1214 4288 1375 4346 iiebat
1400 4305 1598 4349 sancta:
1628 4295 1745 4364 ejus
1771 4301 1942 4363 carni,
1978 4312 2032 4355 et
2064 4304 2115 4356 in

543 4390 888 4449 augmentum
918 4391 970 4436 et
1004 4386 1452 4439 sustentationem
1489 4388 1802 4442 conferebat
1829 4390 1983 4460 juxta
2017 4393 2119 4447 bu-

543 4481 762 4521 manum
813 4483 1039 4525 morem.
1091 4472 1250 4540 Igitur
1293 4483 1347 4527 et
1379 4491 1523 4530 nunc
1575 4480 1732 4546 panis
1786 4482 1838 4534 in
1893 4496 2112 4538 carnem

544 4555 754 4610 Domini
793 4567 1052 4614 mutatur.
1087 4562 1150 4614 Et
1181 4567 1472 4631 quomodo,
1517 4565 1712 4635 inquit,
1751 4586 1854 4622 non
1891 4583 2111 4640 apparet

2225 3373 2303 3437 δὲ,
2331 3375 2413 3425 ὅτι
2444 3376 2470 3425 6
2494 3375 2655 3442 ἄρτος
2687 3376 2714 3426 6
2741 3377 2797 3427 ὲν
2823 3379 2934 3438 τοῖς
2970 3381 3292 3448 μυστηρῐοις
3323 3379 3412 3448 ὑψ⁶
3439 3381 3601 3450 ἡμῶν
3629 3382 3805 3434 ἐσθιο-

2229 3479 2418 3531 μενος,
2466 3466 2564 3516 οὐκ
2606 3459 2899 3520 ἀντίτυπον
2930 3470 3046 3520 ἐστι
3094 3470 3190 3539 τῆς
3216 3469 3307 3522 τοῦ
3341 3472 3548 3542 Κυρίου
3583 3474 3807 3542 σαρκὸς,

2224 3556 2340 3609 ἀλλ’
2373 3558 2510 3631 αὐτὴ
2535 3563 2568 3631 ἠ
2598 3561 2690 3614 τοῦ
2727 3563 2929 3632 Κυρίου
2963 3563 3119 3630 σάρξ.
3149 3566 3224 3617 Οὐ
3258 3565 3364 3634 γὰρ
3392 3562 3570 3628 εἶπεν,
3603 3569 3712 3633 ὃν,
3749 3568 3806 3615 '0

2223 3646 2388 3718 ἄρτος
2440 3649 2498 3701 ὃν
2555 3651 2667 3718 ἐγὼ
2726 3653 2904 3720 δώσω,
2937 3655 3231 3708 ἀντίτυπον
3277 3659 3392 3709 ἐστι
3448 3657 3548 3726 τῆς
3605 3659 3808 3727 σαρκός

2226 3756 2350 3807 μου,
2379 3739 2517 3806 ἀλλ’,
2557 3760 2575 3790 ι
2614 3745 2645 3812 ἡ
2680 3741 2816 3813 σάρξ
2851 3744 2954 3812 μοῦ
3005 3746 3141 3798 ἔστι.
3186 3765 3203 3797 ι
3253 3748 3650 3800 Metam-.5211:
3700 3753 3808 3817 γὰρ

2224 3829 2555 3900 ἀπορρήτοις
2585 3833 2764 3899 λόγοις
2803 3837 2829 3887 6
2862 3836 3024 3904 ἄρτος
3057 3830 3211 3899 οὗτος
3257 3839 3346 3891 διά
3404 3840 3502 3904 τῆς
3532 3840 3804 3906 μυστικῆς

2223 3920 2493 3987 εὐλογίας,
2537 3923 2628 3973 καὶ
2681 3924 3082 3995 ἔπιιφοιτήσεως
3135 3927 3229 3980 τοῦ
3266 3929 3424 3996 ἁγίου
3463 3931 3805 4000 Πνεῦματος,

2222 4013 2300 4072 εἰς
2342 4013 2518 4081 σάρκα
2540 4013 2633 4066 τοῦ
2673 4017 2909 4086 Κυρίου.
2945 4019 3056 4071 Καὶ
3087 4022 3160 4091 μή
3201 4039 3316 4074 τινα
3341 4023 3574 4092 θροεὶτω
3607 4026 3669 4077 τὸ
3717 4027 3807 4078 τὸν

2221 4098 2383 4163 ἄρτον
2414 4102 2593 4172 σάρκα
2629 4105 3000 4161 πιστεύεσθαι.
3027 4111 3135 4162 Καὶ
3167 4112 3275 4180 γάρ
3305 4130 3386 4165 τοι
3416 4115 3511 4166 καὶ
3556 4117 3613 4167 ὲν
3643 4120 3806 4186 σαρκὶ

2222 4190 2649 4260 περιπατοῦντος
2673 4195 2768 4246 τοῦ
2797 4197 3021 4266 Κυρίου,
3063 4200 3158 4252 καὶ
3184 4202 3281 4270 τὴν
3316 4204 3373 4268 ἐξ
3393 4205 3564 4273 ἄρτου
3595 4207 3804 4274 τροςξτι

2222 4286 2607 4352 προσιεμένου,
2635 4289 2662 4340 6
2691 4287 2852 4358 ἄρτος
2879 4290 3086 4353 ἐκεῖνος
3108 4290 3135 4341 6
3164 4292 3504 4363 ἐσθιόμενος,
3534 4298 3616 4358 εἰς
3647 4299 3804 4367 σῶμα

2219 4373 2385 4427 αὐτοῦ
2424 4377 2803 4444 μετεϐάλλετο,
2840 4382 2932 4433 καὶ
2965 4383 3392 4454 συνεξωμοιοῦτο
3441 4389 3506 4457 τῇ
3538 4389 3671 4460 ἁγίᾳ
3709 4391 3807 4443 αὺ-

2218 4465 2312 4518 τοῦ
2349 4470 2534 4537 σαρκὶ,
2569 4471 2662 4522 καὶ
2707 4472 2785 4533 εἰς
2840 4473 3067 4541 αὔξησιν
3108 4477 3204 4529 καὶ
3239 4480 3502 4533 σύστασιν
3550 4483 3796 4537 συνεῦάλ-

2219 4558 2342 4611 λετο
2365 4562 2503 4613 κατὰ
2533 4563 2594 4614 τὸ
2622 4563 2986 4632 ἀνθρώπινον.
3020 4569 3131 4619 Καὶ
3162 4569 3256 4622 νῦν
3308 4571 3400 4624 οὖν
3431 4575 3459 4625 6
3510 4575 3681 4645 ἄρτος
3724 4579 3804 4639 εἰς

543 4647 701 4701 nobis
749 4663 898 4714 caro,
949 4650 1045 4703 sed
1094 4654 1294 4719 panis?
1342 4653 1410 4708 Ut
1460 4669 1561 4710 non
1597 4659 1992 4716 ablmrreamus
2042 4663 2109 4718 ab

2731 4629 2741 4632 -
3552 4629 3564 4645 ,
3663 4629 3677 4636 τ
3785 4629 3803 4639 .

2226 4651 2403 4719 σάρκα
2453 4653 2548 4706 τοῦ
2582 4655 2788 4723 Κυρίου
2831 4657 3246 4726 μεταϐάλλεται.
3278 4663 3386 4716 Κτιὶ
3439 4665 3576 4729 πῶς,
3614 4671 3803 4737 φησιν,

542 4735 659 4802 ejus
689 4753 802 4791 esu.
843 4738 976 4793 Nam
1018 4740 1062 4794 si
1112 4742 1331 4812 quidem
1365 4759 1494 4799 caro
1525 4750 1886 4816 apparuisset,
1925 4753 2112 4806 insua-

541 4832 683 4886 viter
701 4831 874 4886 allecti
904 4847 1148 4888 essemus
1176 4852 1301 4903 erga
1344 4841 1800 4896 communionem.
1833 4840 1985 4900 Nunc
2015 4862 2112 4900 au-

545 4931 650 4976 tem
710 4925 1181 4979 condescendente
1229 4928 1454 4982 Domino
1516 4942 1713 4986 ttostrm
1770 4933 2107 5004 inﬁrmitati,

540 5013 662 5067 talis
697 5025 918 5083 apparet
963 5017 1116 5072 nobis
1152 5020 1409 5088 mysticus
1456 5024 1628 5087 cibus,
1661 5027 1918 5094 qualibus
1971 5031 2107 5084 alio-

537 5104 668 5172 quin
708 5108 906 5161 assueti
937 5122 1146 5163 sumus.
1179 5109 1284 5164 Pro
1317 5115 1498 5168 mundi
1529 5127 1705 5171 autem
1747 5121 1851 5174 vita
1886 5138 2106 5179 carnem

536 5211 688 5249 suam
716 5197 781 5250 ad
805 5207 1032 5252 mortem
1055 5198 1231 5267 dedit;
1259 5202 1494 5257 moriens
1513 5209 1654 5261 enim
1677 5221 1901 5265 mortem
1924 5215 2104 5269 St)l\'il.

537 5287 781 5356 lnteilige
808 5298 988 5342 autem
1017 5304 1114 5357 per
1143 5290 1306 5346 vitam
1339 5297 1524 5350 mundi
1552 5302 1714 5354 etiam
1751 5310 2106 5363 resurrectio«

538 5391 686 5431 nem.
713 5377 854 5432 Mors
893 5382 1038 5434 enim
1073 5381 1283 5439 Domini
1316 5390 1620 5456 generalem
1652 5399 2102 5454 resurrectionem

538 5463 634 5517 toti
679 5462 956 5519 hominum
991 5471 1171 5535 generi
1198 5484 1424 5543 operata
1472 5490 1576 5534 est.
1628 5480 1895 5539 Fortassis
1921 5499 2100 5543 autem

537 5563 590 5605 et
628 5553 680 5607 in
710 5554 1138 5614 sanctiﬁcatione
1162 5570 1216 5616 et
1248 5563 1301 5618 in
1327 5563 1661 5622 beatitudine
1694 5571 1879 5638 vitam,
1917 5580 2100 5632 mundi

537 5642 702 5695 \izam
730 5643 1047 5702 nominavit.
1082 5649 1218 5706 Nam
1254 5659 1502 5724 quamvis
1533 5675 1638 5715 non
1674 5676 1860 5720 outnes
1891 5684 2109 5739 accepe-

541 5735 648 5788 rint
695 5735 1183 5798 sauctilicationem
1219 5756 1272 5802 ct
1307 5747 1465 5806 vitam
1498 5752 1548 5808 in
1593 5754 1808 5823 Spiritu,
1843 5735 2099 5818 [leniinus

2219 4743 2340 4811 οὐχὶ
2373 4747 2464 4796 καὶ
2489 4746 2624 4810 σὰρξ
2652 4748 2900 4814 φαίνεται
2936 4751 3089 4819 ἡμῖν,
3122 4753 3236 4804 ἀλλ’
3269 4756 3474 4824 ἄρτοςς
3510 4761 3609 4812 Διά
3643 4763 3702 4814 τὸ
3729 4762 3803 4831 μὴ

2184 4846 2190 4853 ·
2219 4835 2366 4904 ἡμᾶς
2397 4836 2712 4903 ἀηδξζεσθαι
2748 4840 2884 4911 πρὸς
2912 4842 3011 4911 τὴν
3045 4843 3265 4916 βρῶσιν.
3293 4849 3352 4899 Εἰ
3387 4850 3486 4918 μὲν
3516 4853 3628 4923 γάρ
3665 4854 3804 4922 σὰρξ

2219 4928 2489 4994 ἐᾳαὶνετο,
2518 4931 2698 4998 ἀηδῶς
2729 4932 2793 4985 ἂν
2816 4935 3131 5006 διεκείμεθα
3163 4942 3298 5011 πρὶς
3323 4943 3424 5013 τὴν
3459 4962 3526 5013 με
3540 4948 3800 5017 τάληψιν·

2218 5021 2311 5073 νῦν
2337 5023 2413 5087 δὲ,
2459 5027 2524 5093 τῇ
2559 5027 2807 5098 ἡμετέρᾳ
2836 5029 3089 5102 ἀσθενείᾳ
3127 5035 3656 5103 συγκαταϐαίνοντος
3705 5041 3801 5094 τοῦ

2223 5115 2451 5183 Rep-foe,
2488 5119 2712 5188 τοιαύτη
2759 5121 3008 5189 φαίνεται
3039 5123 3224 5193 ήμίνή
3275 5130 3516 5200 μυστικὴ
3570 5132 3799 5201 βρῶσις.

2218 5212 2303 5262 οἱά
2335 5211 2484 5263 ἐστὶν
2519 5214 2551 5280 ή
2586 5213 2825 5284 συνήθης
2850 5216 2999 5284 ἡμῖν.
3047 5215 3219 5289 ’Υπὲρ
3248 5219 3346 5289 τῆς
3377 5222 3471 5276 τοῦ
3505 5233 3711 5295 κόσμου
3741 5227 3802 5278 δὲ

2217 5299 2362 5368 ζωῆς
2393 5303 2490 5372 τὴν
2516 5303 2698 5373 σάρκα
2730 5305 2897 5358 αὑτοῦ
2927 5307 3065 5377 πρὸς
3101 5307 3330 5364 Θάνατον
3353 5313 3592 5368 δέδωκεν
3630 5334 3643 5348 ⁸
3671 5318 3800 5370 ἁπο-

2216 5392 2390 5446 θανὼν
2442 5396 2570 5466 γὰρ,
2603 5395 2694 5448 τὸν
2747 5397 2976 5452 θάνατον
3032 5400 3245 5457 λέλυκε.
3273 5401 3401 5457 Νίει
3449 5407 3504 5459 δέ
3561 5427 3652 5478 μοι
3700 5409 3799 5462 τοῦ

2217 5486 2422 5554 κὸεμου
2455 5487 2784 5560 ξωῆνντάχα
2819 5491 2918 5558 μὲν
2963 5493 3054 5545 καὶ
3103 5494 3201 5564 τὴν
3249 5497 3553 5571 ἀνάστασιν
3594 5505 3644 5568 (ὁ
3685 5504 3797 5569 γὰρ

2218 5577 2446 5642 θάνατος
2475 5579 2567 5632 τοῦ
2603 5582 2805 5651 Κυρίου
2841 5584 2940 5654 τὴν
2975 5586 3268 5656 καθολικὴν
3301 5590 3602 5646 ἀνάστασιν
3631 5596 3800 5646 παντὶ

2212 5670 2284 5738 τῷ
2331 5672 2477 5738 γέιει
2528 5673 2632 5725 τῶν
2694 5674 3000 5744 ἀνθρώπων
3051 5678 3570 5750 ἐπραγματεύσατο)
3604 5699 3620 5714 ο
3653 5687 3794 5754 τάχα

2209 5765 2261 5818 δὲ
2296 5770 2383 5820 καὶ
2419 5767 2509 5837 τὴν
2647 5768 2902 5840 ἁγιασμῴ
2940 5772 3032 5823 καὶ
3081 5773 3440 5845 μακαριότητι
3496 5777 3663 5847 ζωὴν,
3699 5777 3792 5831 το]
