4078 6330
207 347 351 413 13-39
956 341 1407 405 ENARRATIO
1447 341 1529 404 IN
1570 339 1800 404 ΕἰἈΝ(

1913 342 2090 405 .IUM
2128 343 2488 409 IOANNIS.
2511 368 2582 381 -·-
2605 344 2771 408 CAP.
2806 345 2911 409 VI.
3421 339 3562 412 1310

202 460 414 531 κόσμου
448 457 596 528 ζωὴν
649 455 935 527 ὀνομάζει.
968 455 1091 511 Κᾶν
1125 456 1236 527 γὰρ
1264 456 1350 527 ’μὴ
1388 455 1592 519 πάντες
1634 472 1800 525 παρε-

1913 463 2095 514 tamen
2119 461 2363 531 seipsum
2392 474 2495 532 pro
2522 460 2733 515 mundo
2760 459 2933 526 dedit,
2961 468 3013 515 et
3041 464 3317 531 quantum
3359 456 3414 512 in
3438 458 3561 529 ipso

201 554 429 621 δέξαντο
460 554 553 608 τὸν
598 552 877 623 άγιασμὸν
923 552 1019 605 καὶ
1046 552 1149 621 τὴν
1189 551 1247 607 ὲν
1301 549 1587 622 Πνεύματι
1641 549 1791 622 ζωὴν

1921 550 2063 619 erat,
2099 554 2337 609 mundus
2372 562 2649 620 servatus,
2687 563 3004 624 naturaque
3051 551 3315 608 universa
3358 552 3561 607 sanctis

201 648 320 704 ἀλλ’
345 642 439 701 οὖν
468 647 562 713 ὅγε
587 644 796 716 Κύριος
830 643 975 715 ὑπὲρ
1009 644 1104 696 τοῦ
1124 642 1336 713 κόσμου
1369 644 1566 697 ἑαυτὸν
1589 642 1800 708 δέδωκε)

1922 645 2082 699 licata
2129 653 2238 713 est,
2276 659 2343 701 eo
2382 647 2530 716 quod
2567 646 2781 715 accepit
2815 644 3081 701 virtutem
3113 639 3373 697 vincendi
3422 653 3559 710 pec-

197 743 294 797 καὶ
324 743 445 795 ὅσον
471 740 533 792 τὸ
561 738 650 791 ἐπ’
683 738 899 808 ἐκείνῳ,
929 740 958 792 6
994 738 1202 809 κόσμος
1225 738 1431 807 ἐσώθη,
1462 738 1616 808 καὶὴ
1650 736 1800 806 φύσις

1918 748 2107 794 catum
2180 751 2282 807 per
2340 752 2512 793 unum
2587 737 2871 793 hominem
2938 732 3236 790 Dominum
3298 740 3553 789 nostrum

200 835 388 889 ἁπασα
444 832 708 905 ἡγιάσθη,
766 832 903 885 καθὸ
956 831 1191 902 δύναμιν
1247 831 1409 885 ἔλασε
1477 834 1637 903 νικᾷν
1711 832 1800 903 sip

1917 828 2105 885 Jesum
2141 826 2449 893 Christum,
2472 828 2618 883 sicut
2647 836 2704 882 et
2731 839 2831 898 per
2858 839 3030 880 unum
3058 823 3343 879 hominem
3378 821 3553 877 Adam

199 927 500 999 ἁμαρτίαν,
527 927 625 982 καὶ
658 928 692 999 ἠ
721 928 974 998 ἁμαρτία
999 927 1219 997 ἀπέδρα
1261 926 1353 980 διὰ
1395 927 1490 981 τοῦ
1524 927 1646 991 ἐνὸς
1705 927 1800 981 ἀν-

1918 924 1972 979 in
2007 933 2293 994 peccatum
2332 922 2637 978 ceciderat.

193 1022 423 1094 θρώπου
448 1022 544 1077 τοῦ
585 1023 972 1096 Κυρίουήμῶν
999 1024 1183 1095 Ἰησοῦ
1211 1023 1695 1097 Χριστοῦ,ὦσπερ
1750 1022 1845 1078 καὶ
1921 1022 1990 1076 δι’
2031 1022 2155 1085 ἑνὸς
2212 1020 2511 1094 ἀνθρώπου
2560 1017 2658 1074 τοῦ
2704 1016 2884 1090 Ἀδὰμ
2939 1016 3023 1081 είς
3082 1013 3372 1088 ἁμαρτίαν
3422 1012 3553 1068 ώλί-

197 1120 423 1190 σθησεν.
781 1151 786 1155 -

275 1232 293 1264 ι
333 1212 641 1283 Ἐμάχοντο
679 1212 775 1266 οὖν
828 1214 970 1285 πρὸς
1006 1215 1281 1288 ἀλλήλους
1318 1220 1369 1271 οῖ
1416 1217 1693 1283 Ἰουδαῖοι,
1721 1216 1800 1270 λέ-

1990 1210 2164 1268 Vsns.
2193 1211 2387 1269 53-56.
2427 1228 2447 1261 ‹
2494 1208 2865 1266 Decertabant
2895 1220 3031 1278 ergo
3065 1203 3244 1261 Judmi
3282 1204 3432 1259 inter
3463 1218 3549 1272 se,

194 1323 388 1376 γοντες
415 1324 428 1337 ·
470 1306 594 1369 Πῶς
643 1306 867 1361 δύναται
897 1300 1057 1373 οὗτος
1089 1310 1225 1380 ἡμῖν
1275 1311 1463 1367 δοῦναι
1489 1313 1591 1385 τὴν
1625 1313 1800 1385 σάρκα

1913 1307 2165 1365 dicentes
2212 1326 2226 1363 :
2281 1305 2573 1375 Quomodo
2606 1306 2697 1361 hic
2740 1313 2922 1375 potest
2956 1301 3118 1357 nobis
3156 1300 3291 1357 dare
3325 1313 3551 1355 carnem

193 1404 392 1470 φαγεῖν
423 1419 436 1465 ;
467 1395 639 1454 Εἶπεν
663 1398 757 1453 οὖν
791 1402 980 1467 αὐτοῖς
1037 1404 1065 1455 6
1123 1404 1336 1476 Ἰησοῦς
1361 1423 1376 1438 ο
1421 1408 1622 1478 Ἀμὴν,
1654 1408 1800 1479 ἀμὴν

1913 1416 2063 1458 suam
2112 1403 2179 1457 ad
2209 1390 2541 1457 edendum?
2581 1397 2729 1471 Dixit
2778 1398 2861 1453 eis
2889 1396 3053 1453 Jesus
3095 1412 3109 1449 :
3144 1393 3346 1459 Amen,
3384 1406 3547 1449 amen

191 1493 340 1562 λέγω
364 1492 517 1562 ὑμῖν,
554 1492 650 1545 ἐὰν
695 1493 770 1563 μὴ
800 1496 1017 1565 φάγητε
1046 1495 1148 1567 τὴν
1184 1496 1364 1567 σάρκα
1393 1499 1488 1553 τοῦ
1515 1500 1648 1553 Υίοῦ
1709 1499 1800 1553 τοῦ

1920 1497 2044 1553 dico
2092 1496 2265 1563 vobis,
2314 1494 2422 1550 nisi
2463 1493 2691 1549 edcritis
2738 1507 2966 1547 carnem
2992 1488 3117 1544 Filii
3173 1487 3439 1552 hominis,
3478 1495 3537 1541 ει

192 1582 511 1655 ἀνθρώπου,
553 1586 651 1641 καὶ
676 1585 838 1657 πίητε
874 1588 1043 1642 αὐτοῦ
1070 1590 1130 1642 τὸ
1162 1584 1326 1661 αἷμα,
1354 1592 1458 1647 οὐκ
1480 1592 1633 1665 ἔχετε
1657 1594 1800 1665 ζωὴν

1913 1587 2155 1645 biberitis
2190 1586 2308 1657 ejus
2362 1586 2711 1658 sanguinem,
2760 1598 2868 1638 non
2923 1580 3200 1637 habebitis
3254 1580 3428 1633 vitam
3478 1576 3547 1632 1n

194 1675 254 1728 ἐν
285 1676 524 1767 ἑαυτοῖς.
566 1674 625 1729 '0
683 1676 919 1748 τρώγων
955 1698 1057 1750 μου
1095 1682 1198 1752 τὴν
1254 1684 1459 1755 σάρκα,
1494 1686 1589 1739 καὶ
1636 1692 1800 1739 stium

1918 1682 2099 1738 vobis;
2130 1681 2235 1748 Qui
2270 1680 2384 1735 edit
2416 1693 2597 1735 meam
2626 1691 2875 1741 carnem,
2913 1683 2970 1729 et
3004 1672 3155 1729 bibit
3187 1686 3370 1725 meum
3417 1684 3547 1725 sano

195 1786 299 1840 μου
338 1770 397 1822 τὸ
428 1763 592 1840 αἷμα,
626 1769 749 1840 ἔχει
770 1769 920 1841 ζωὴν
949 1771 1172 1829 αἰώνιον
1196 1792 1208 1805 ·
1240 1778 1338 1830 καὶ
1361 1776 1475 1845 ἐγὼ
1511 1779 1800 1847 ἀναστήσω

1920 1776 2162 1845 guinem,
2187 1772 2356 1828 habet
2384 1772 2554 1826 vitam
2580 1780 2869 1832 aeternam,
2894 1775 2950 1822 et
2979 1780 3085 1837 ego
3109 1763 3392 1819 suscitabo
3420 1776 3547 1816 eum

191 1861 357 1916 αὑτὸν
388 1866 452 1932 τῇ
497 1863 709 1935 ἐσχάτῃ
736 1865 946 1936 ἡμέρα.
1017 1866 1083 1919 Ἦ
1119 1866 1224 1940 γάρ
1260 1869 1399 1941 σάρξ
1433 1888 1535 1941 μου
1582 1871 1806 1943 ἀληθῶς

195 1955 317 2006 ἔστι
345 1953 573 2027 βρῶσις,
603 1958 698 2011 καὶ
729 1958 791 2009 τὸ
814 1953 955 2027 αἷμά
1001 1977 1105 2027 μου
1140 1962 1361 2032 ἀληθῶς
1397 1965 1515 2017 ἐστι
1550 1966 1735 2029 πόσις.
1780 1986 1798 2017 ι

202 2043 569 2109 Ἀκούσαντες
628 2048 678 2101 οἱ
742 2048 990 2103 Ἰουδαῖοι
1049 2052 1179 2122 περὶ
1233 2051 1335 2121 τῆς
1392 2052 1654 2124 βρώσεως
1704 2057 1807 2123 τῆς

190 2136 397 2207 σαρκὸς
421 2135 517 2189 τοῦ
553 2138 786 2208 Κυρίου.
817 2140 1136 2196 ἀπιστοῦσι.
1172 2143 1272 2195 Διὰ
1301 2142 1464 2196 τοῦτο
1496 2145 1591 2197 καὶ
1622 2144 1683 2197 τὸ
1705 2147 1805 2216 τῆς

188 2228 452 2293 ἀπιστὲας
487 2229 659 2300 ῥῆμα,
691 2232 785 2300 τῖέ,
818 2250 835 2284 ι
869 2234 1029 2300 Πῶς;
1064 2254 1080 2286 ι
1118 2235 1662 2304 φθέγγονται.”υταν
1694 2240 1824 2311 γὰρ’

187 2322 453 2386 ἀπιστίας
509 2324 772 2395 λογισμοὶ
817 2329 1141 2385 εἰσέλθωσιν
1179 2333 1261 2394 είς
1316 2331 1662 2404 ψυχὴν,τότε
1705 2336 1803 2387 καὶ

186 2415 249 2467 τὸ
271 2455 287 2479 ,
323 2416 483 2480 Πὼς;
516 2419 951 2491 συνεισέρχεται.
986 2422 1085 2475 Διά
1115 2422 1277 2477 τοῦτο
1316 2426 1411 2479 καὶ
1442 2426 1605 2490 αὐτὸς
1631 2426 1804 2483 θέλων

186 2506 386 2573 δεῖξαι,
414 2510 494 2562 ὅτι
528 2511 629 2565 οὐκ
664 2512 781 2565 ἔστι
817 2513 979 2568 τοῦτο
1004 2515 1293 2582 ἀδύνατον,
1328 2519 1468 2573 ἀλλὰ
1518 2520 1616 2573 καὶ
1660 2522 1796 2590 σφό-

185 2603 291 2675 δρα
320 2605 646 2672 ἀναγκαῖον,
698 2608 793 2659 καὶ
847 2609 948 2662 οὐκ
1010 2609 1160 2661 ἔστιν
1203 2610 1381 2675 ἄλλως
1428 2612 1576 2682 ἔχειν
1630 2614 1800 2685 ζωὴν.

193 2696 361 2768 φησίν
395 2713 407 2726 ·
451 2717 471 2749 ι
523 2699 651 2753 Ἐὰν
714 2702 787 2770 μή
842 2718 947 2771 μου
980 2702 1079 2772 τὴν
1137 2704 1319 2770 σάρκα
1357 2706 1600 2776 φάγητε,
1628 2725 1646 2759 ι
1708 2708 1803 2761 καὶ

184 2789 257 2843 τὰ
285 2789 435 2859 ἑξῆς.
477 2790 636 2844 Οὕτω
678 2792 774 2845 καὶ
801 2794 829 2845 6
858 2794 1177 2866 Νικόδημος
1222 2798 1280 2862 ἐξ
1310 2799 1573 2862 ἀπιστίας
1600 2800 1757 2869 ἔλεγε
1784 2818 1797 2831 °

192 2900 213 2933 ι
253 2881 374 2945 Πῶς
394 2884 617 2937 δύναται
642 2884 931 2955 ἄνθρωπος
950 2889 1215 2942 εἰσελθεῖν
1235 2892 1315 2953 εἰς
1332 2891 1434 2961 τὴν
1458 2893 1672 2945 κοιλίαν
1698 2893 1801 2962 τῆς

191 2978 401 3048 μητρός
433 2996 448 3044 ;
495 2997 512 3029 ι
552 2980 646 3031 Δεῖ
676 2979 854 3041 τοίνυν
877 2982 1026 3051 ἡμᾶς
1070 2983 1441 3050 ἀκούσαντας,
1474 2986 1560 3038 ὅτι
1584 2987 1679 3039 ὲάν
1722 2989 1799 3059 μὴ

1921 1873 1975 1925 in
2016 1868 2318 1925 novissimo
2352 1865 2462 1921 die.
2497 1863 2643 1920 Caro
2673 1862 2821 1919 enim
2857 1875 2981 1915 mea
3008 1873 3140 1914 vere
3170 1865 3256 1913 est
3288 1855 3469 1921 cibus,
3492 1862 3554 1909 et

1917 1962 2143 2033 sanguis
2176 1975 2331 2015 meus
2363 1973 2492 2013 vere
2516 1964 2603 2013 est
2628 1966 2811 2026 potus.
2846 1973 2865 2006 ι
2892 1952 3069 2008 Judaei
3099 1967 3225 2005 cum
3257 1949 3550 2005 audissent

1918 2056 1984 2111 de
2031 2069 2129 2110 esu
2184 2052 2371 2109 carnis
2423 2051 2593 2115 illius,
2650 2046 2995 2103 discredunt.
3041 2043 3173 2099 Ideo
3220 2049 3279 2098 et
3312 2042 3542 2096 verbum

1916 2146 2319 2203 incredulitatis
2333 2144 2525 2199 dicunt
2550 2159 2565 2197 :
2598 2139 2889 2208 Quomodo
2916 2139 2941 2192 ἲ
2976 2135 3115 2191 Nam
3144 2135 3369 2206 quando
3393 2131 3544 2202 cogi.

1919 2242 2159 2297 lationes
2193 2236 2604 2295 incredulitatis
2637 2235 3030 2307 ingrediuntur
3061 2231 3119 2286 in
3152 2230 3419 2294 animam,
3458 2228 3545 2281 in-

1914 2337 2164 2409 greditur
2211 2334 2401 2400 simul,
2458 2329 2791 2398 Quomodo?
2834 2328 3140 2399 Propterea
3189 2325 3308 2395 ipse
3354 2319 3547 2377 volens

1917 2432 2019 2485 hoc
2054 2428 2349 2482 ostendere
2391 2425 2538 2496 quod
2568 2437 2678 2478 non
2721 2422 2793 2476 sit
2832 2417 3206 2491 impossibile,
3239 2415 3335 2471 sed
3376 2414 3545 2470 etiam

1913 2522 2071 2577 valde
2114 2518 2533 2584 necessarium,
2559 2515 2639 2570 ait
2688 2532 2703 2571 :
2744 2511 2863 2568 Non
2912 2522 3095 2582 potest
3140 2511 3305 2567 aliter
3338 2509 3535 2565 haberi

1913 2614 2051 2678 vita,
2090 2631 2108 2663 ι
2150 2612 2251 2665 nisi
2293 2619 2473 2665 meam
2518 2620 2744 2664 carnem
2777 2604 2943 2676 595
2992 2602 3337 2669 eomedatis,
3371 2620 3391 2652 ι
3431 2610 3542 2657 etc.

1912 2708 1992 2763 Ita
2024 2716 2078 2761 et
2108 2703 2453 2760 Nicodemtts
2485 2718 2554 2756 ex
2590 2700 2979 2776 incredulitate
3009 2696 3232 2753 dicebat
3265 2712 3280 2749 :
3329 2713 3348 2749 ι
3388 2696 3540 2763 Quo-

1914 2802 2079 2855 modo
2121 2804 2303 2867 potest
2358 2796 2528 2850 homo
2581 2795 2792 2848 intrare
2834 2791 2887 2845 in
2933 2800 3185 2845 ventrem
3230 2786 3472 2843 matris?
3518 2806 3539 2839 ›

1912 2893 2145 2965 Oportet
2179 2889 2347 2961 igitur
2385 2902 2509 2951 nos,
2538 2901 2666 2940 cum
2718 2883 3124 2949 audiverimus,
3160 2880 3278 2936 Nisi
3313 2879 3543 2935 ederitis

1912 3001 2135 3042 carnem
2170 2982 2319 3049 Filii,
2357 2997 2466 3036 non
2499 2980 2780 3036 habebitis
2814 2978 3011 3043 vitam,
3042 2976 3098 3031 in
3133 2972 3544 3045 sumptionibus

188 3070 459 3139 φάγωμεν
488 3071 589 3141 τὴν
635 3072 818 3143 σάρκα
841 3074 936 3127 τοῦ
973 3074 1132 3142 Υῑοῦ,
1162 3079 1265 3130 οὐκ
1300 3076 1503 3149 ἔχομεν
1536 3078 1707 3149 ζωὴν,
1742 3081 1799 3134 ὲν

1915 3078 2228 3134 divinorum
2261 3073 2656 3147 mysteriorum
2682 3070 3052 3125 indubitatam
3079 3066 3319 3123 retinere
3352 3064 3541 3129 iidem,

185 3163 311 3227 ταῖς
346 3163 686 3235 μεταλήψεσι
716 3166 828 3221 τῶν
857 3166 1021 3220 θείων
1059 3170 1387 3241 μυστηρίων
1416 3169 1605 3225 πίστιν
1652 3171 1801 3244 ἔχειν

186 3253 538 3315 ἁδίστακτον,
570 3256 669 3310 καὶ
714 3256 790 3328 μὴ
822 3257 1014 3329 ζητεῖν
1044 3257 1126 3325 τὸ,
1160 3260 1286 3324 Πῶς
1317 3279 1333 3329 ;
1370 3262 1432 3315 '0
1468 3262 1578 3333 γάρ
1635 3262 1804 3336 ψυχι-

187 3348 286 3410 κὸς
339 3346 651 3419 ἄνθρωπος,
676 3351 982 3421 τουτέστιν,
1018 3353 1048 3404 6
1095 3354 1383 3423 λογισμοῖς
1428 3355 1801 3427 ἀνθρωπίνοις

186 3439 288 3492 καὶ
331 3439 611 3510 ψυχικοῖς,
640 3441 762 3511 ἦτοι
813 3448 1091 3513 φυσικοῖς,
1122 3446 1418 3516 ἑπόμενος,
1472 3449 1537 3502 οὒ
1581 3450 1799 3521 δέχεται

184 3533 259 3587 τὰ
292 3534 432 3605 ὑπὲρ
458 3533 624 3603 φύσιν
654 3538 750 3611 κιαι
789 3540 1147 3607 πνευματικά
1178 3556 1191 3569 ·
1223 3540 1422 3615 ὥσπερ
1450 3537 1544 3598 οὖν
1576 3547 1673 3598 καὶ
1703 3544 1802 3617 τὴν

186 3628 577 3701 πνευματικὴν
609 3628 818 3699 βρῶσιν
844 3631 945 3701 τῆς
977 3631 1073 3684 τοῦ
1108 3631 1543 3706 Κυρίουραρκὸς
1566 3636 1628 3691 οὐ
1650 3638 1799 3704 νοεῖ,

185 3711 255 3791 ἧς
289 3719 340 3771 οἱ
380 3719 455 3789 μὴ
511 3722 1060 3794 μεταλαμδάνοντες,
1096 3725 1363 3797 ἁμέτοχοι
1416 3727 1638 3782 ἔσονται
1697 3730 1801 3799 τῆς

185 3811 412 3864 αἰωνίου
439 3811 610 3883 ζωῆς,
643 3813 719 3877 ώς
752 3815 829 3886 μὴ
862 3816 1307 3889 παραδεξάμενοι
1336 3822 1429 3875 τὸν
1469 3821 1685 3893 Ἰησοῦν
1708 3823 1802 3877 τὸν

186 3901 325 3956 ὄντα
359 3902 508 3974 ζωὴν
539 3903 823 3977 ἀληθινήν.
869 3908 944 3961 Οὐ
972 3910 1082 3979 γὰρ
1116 3909 1280 3979 ψιλοῦ
1329 3912 1630 3984 ἀνθρώπου
1661 3914 1803 3986 σάρξ

185 3993 400 4063 ἔστινή
450 3992 768 4065 ὲσθιομένη,
820 3996 958 4051 ἀλλά
985 3998 1150 4064 Θεοῦ,
1178 4003 1275 4053 καὶ¹
1314 4001 1592 4057 θεοποιεῖν
1637 4006 1801 4059 δυνα-

190 4088 359 4158 μένη,
406 4087 481 4152 ὡς
531 4088 908 4161 ἀνακραοεῖσα
962 4091 1202 4164 θεότητι.
1230 4092 1383 4166 Αὕτη
1426 4097 1521 4150 καὶ
1581 4096 1804 4169 ἀληθῶς

183 4179 308 4233 ἔστι
346 4177 572 4249 βρῶσις,
600 4180 739 4234 καθὸ
790 4182 852 4235 οὐ
909 4182 1049 4256 πρὸς
1090 4185 1277 4255 ὀλίγον
1315 4189 1510 4260 καιρὸν
1560 4190 1799 4263 διαρκεῖ,

183 4269 312 4324 οὐδὲ
346 4270 637 4342 φθείρεται
671 4272 929 4346 καθάπερ
965 4278 997 4347 ἡ
1030 4278 1235 4349 ρευστὴ
1271 4277 1498 4349 βρῶσις,
1532 4282 1672 4338 ἀλλὰ
1700 4288 1803 4356 τῆς

1910 3179 1965 3228 ει
2002 3184 2113 3226 non
2148 3182 2420 3239 quaerere,
2454 3163 2577 3233 Quo
2629 3161 2835 3234 pacto?
2864 3158 3006 3216 Nam
3039 3157 3301 3215 animalis
3343 3156 3536 3221 homo,

1908 3265 2015 3320 hoc
2045 3271 2132 3318 est
2172 3261 2264 3332 qui
2309 3261 2565 3330 sequitur
2613 3256 2981 3327 cogitationes
3024 3255 3299 3310 humanas
3325 3262 3383 3308 et
3417 3249 3538 3305 ani-

1909 3357 2104 3422 males,
2155 3356 2271 3411 sive
2322 3353 2787 3419 naturales,‘non
2819 3358 2910 3405 est
2960 3356 3139 3420 cap’ax
3172 3360 3366 3402 eorum
3413 3360 3539 3416 quae

1910 3460 2044 3507 sunt
2076 3464 2245 3521 super
2276 3458 2556 3513 naturam,
2590 3456 2649 3502 et
2691 3444 3094 3516 spiritualium.
3132 3444 3314 3513 Atque
3356 3441 3435 3495 ita
3483 3447 3542 3494 et

1909 3542 2253 3614 spiritualem
2282 3556 2438 3597 esum
2467 3540 2652 3596 carnis
2682 3537 2991 3594 Dominica‘.‘
3019 3551 3129 3592 non
3164 3533 3422 3605 intelligit
3445 3533 3496 3566 ”
3524 3551 3539 3589 :

1910 3635 2071 3707 cujus
2102 3635 2194 3705 qui
2232 3650 2342 3690 non
2371 3642 2501 3689 sunt
2530 3632 2863 3704 participes,
2904 3645 3015 3686 non
3049 3639 3214 3687 erunt
3240 3627 3542 3699 participes

1907 3740 2133 3784 aeternae
2166 3728 2315 3794 vitae,
2347 3742 2414 3783 eo
2445 3727 2595 3797 quod
2639 3742 2749 3782 non
2767 3731 3152 3795 susceperunt
3184 3722 3402 3791 Iesum,
3437 3721 3535 3793 qui

1906 3830 1994 3879 est
2027 3818 2151 3876 Vita
2190 3830 2423 3877 aeterna.
2470 3818 2591 3876 Non
2638 3818 2789 3874 enim
2824 3817 2958 3874 nudi
3007 3814 3254 3873 hominis
3290 3828 3425 3871 caro
3452 3823 3542 3871 est

1906 3930 2031 3987 quae
2068 3914 2458 3981 manducatur,
2502 3913 2598 3979 sed
2634 3911 2773 3979 Dei,
2805 3921 2861 3967 et
2892 3926 3016 3980 qua:
3062 3909 3328 3966 deiﬁcare
3368 3907 3541 3974 valet,

1909 4017 2103 4079 utpote
2152 4015 2565 4076 contemperata
2619 4005 2834 4061 deitali.
2897 4003 3005 4059 Ista
3054 4004 3225 4059 etiam
3280 4017 3411 4058 vere
3457 4010 3545 4057 est

1909 4103 2087 4168 cibus,
2113 4116 2180 4156 eo
2214 4100 2362 4172 quod
2395 4115 2504 4155 non
2532 4100 2600 4156 ad
2636 4114 2870 4170 parvum
2901 4109 3117 4169 tempus
3147 4098 3329 4161 duret,
3359 4110 3543 4167 neque

1908 4205 2300 4266 corrumpatur
2336 4195 2481 4251 sicut
2528 4193 2910 4264 corruptibilis
2955 4194 3113 4248 cibus
3138 4233 3154 4259 ,
3189 4193 3285 4247 sed
3316 4200 3542 4249 aeterna:

1909 4288 2037 4343 vitae
2084 4287 2157 4343 sit
2196 4286 2530 4343 subsidium.
2582 4285 2853 4341 Similiter
2914 4295 2969 4341 et
3020 4294 3186 4355 potus
3248 4284 3540 4355 sanguinis

186 4366 414 4419 αἰωνίου
474 4365 622 4435 ζωῆς
666 4368 821 4420 ἔστιν
873 4368 1191 4440 ἐπίκουρος.
1256 4371 1492 4443 Ὁμοίως
1536 4376 1594 4429 δὲ
1640 4379 1795 4450 καὶὴ

1915 4382 2151 4451 Domini,
2185 4396 2315 4438 vere
2354 4390 2441 4437 est
2474 4390 2638 4451 potus
2671 4398 2686 4437 :
2720 4381 2853 4452 quia
2887 4394 2994 4435 non
3032 4381 3099 4434 ad
3132 4388 3349 4450 tempus
3381 4378 3540 4437 suill-

184 4457 348 4521 πόσις
400 4457 495 4510 τοῦ
528 4457 769 4529 αἵματος
800 4458 897 4514 τοῦ
936 4462 1171 4532 Κυρίου,
1197 4463 1419 4535 ἀληθῶς
1442 4468 1580 4531 ,ἐστι
1614 4469 1794 4538 πόσις,

1913 4476 1983 4532 cit
2013 4476 2127 4541 siti,
2170 4476 2267 4531 sed
2294 4490 2516 4546 semper
2560 4474 2770 4546 absque
2815 4473 2907 4529 siti
2952 4483 3269 4540 conservat,
3317 4488 3418 4529 nec
3456 4474 3541 4529 in-

181 4551 267 4604 ὅτι
310 4551 385 4622 μὴ
436 4552 576 4623 πρὸς
611 4552 807 4624 καιρὸν
840 4554 1083 4626 ἐπαρκεῖ
1110 4555 1189 4629 τῷ
1214 4557 1385 4628 δίψει,
1417 4559 1536 4615 ἀλλ’
1571 4564 1651 4628 είς
1708 4566 1798 4619 ἀεὶ

1913 4570 2094 4642 digere
2117 4569 2389 4642 permittit
2420 4570 2723 4635 bibentem,
2758 4569 2907 4625 sicut
2940 4578 2998 4623 et
3032 4568 3100 4623 ad
3124 4566 3535 4623 Samaritanam

184 4644 380 4716 ἄδιψον
409 4647 663 4719 διατηρεῖ
691 4649 787 4702 καὶ
809 4649 1074 4721 ἀνεπιδεῆ
1104 4652 1196 4705 τὸν
1228 4654 1423 4709 πιόντα
1441 4671 1456 4686 '
1491 4656 1677 4723 καθὼς
1705 4661 1800 4715 καὶ

1913 4669 2123 4726 dicebat
2162 4688 2176 4726 :
2208 4688 2227 4722 ι
2282 4671 2388 4737 Qui
2429 4669 2567 4726 bibit
2602 4685 2671 4725 ex
2714 4682 2855 4737 aqua
2890 4681 3057 4737 quam
3085 4681 3188 4737 ego
3222 4668 3387 4733 dabo,
3426 4681 3536 4722 non

184 4739 328 4810 πρὸς
357 4739 453 4813 τὴν
475 4741 811 4850 ξαμαρεῖτιν
858 4742 1068 4811 ἔλεγεν,
1102 4744 1211 4810 ὅτι,
1243 4764 1261 4796 ι
1308 4746 1369 4800 '0
1403 4749 1579 4804 πίνων
1609 4752 1675 4806 ἐκ
1702 4753 1797 4807 τοῦ

1913 4762 2059 4826 sitiet
2103 4762 2174 4817 ⁸¹.
2229 4780 2250 4814 ι
2301 4759 2439 4818 Nam
2486 4760 2743 4832 quisquis
2780 4757 3016 4827 gratiam
3065 4756 3246 4814 sancti
3291 4757 3537 4829 Spiritus

183 4831 384 4896 ὓδατος
459 4831 522 4886 οὗ
571 4832 684 4902 ἐγὼ
746 4834 928 4900 δώσω,
982 4837 1045 4890 οὐ
1096 4835 1327 4911 διψήσῃ.
1366 4858 1384 4891 ι
1446 4841 1636 4907 Ὅστις
1688 4845 1799 4916 γὰρ

1913 4873 2004 4930 per
2031 4856 2400 4927 sumptionem
2426 4855 2736 4912 divinorum
2765 4853 3152 4923 mysteriorum
3181 4852 3519 4924 susceperit,

178 4926 286 4998 τὴν
314 4926 478 4996 χάριν
504 4925 601 4981 τοῦ
628 4926 790 4995 ἁγίου
826 4929 1149 5000 Πνεύματος
1189 4931 1278 4986 διὰ
1302 4934 1405 5004 τῆς
1434 4937 1799 5009 μεταλήψεως

177 5018 296 5072 τῶν
351 5019 515 5075 θείων
551 5023 1141 5095 μυστηρίωνίδέξεται,
1179 5025 1306 5081 οὔτε
1360 5028 1627 5101 λιμώττει
1665 5049 1795 5105 νοη-

178 5110 277 5166 τὸν
300 5111 482 5184 λιμὸν,
514 5112 642 5167 οὔτε
672 5113 807 5187 διψᾷ
829 5114 1004 5186 δίψος,
1032 5112 1147 5172 οἷον
1168 5119 1218 5172 οί
1241 5118 1497 5179 ἄπιστοι.

199 5203 283 5289 ’γι
342 5202 403 5257 Ὁ
439 5204 673 5276 τρώγων
724 5223 827 5278 μου
866 5208 967 5279 τὴν
1017 5210 1223 5282 σάρκα,
1252 5214 1349 5266 καὶ
1385 5218 1561 5272 πίνων
1590 5236 1696 5289 μου
1731 5221 1796 5275 τὸ

182 5288 350 5365 αἷμα,
389 5295 449 5350 ὲν
488 5297 614 5367 ιμοι
645 5296 822 5369 μένει,
881 5300 1042 5369 κάγὼ
1092 5302 1153 5357 ἐν
1188 5304 1361 5377 αὐτῷ.
1410 5288 1612 5375 Καθὼς
1657 5313 1797 5367 ἀπέ-

184 5389 367 5444 οτειλέ
404 5408 475 5463 με
497 5391 528 5445 6
557 5391 669 5457 ζῶν
701 5393 917 5467 Πατὴρ,
964 5396 1125 5467 κάγὼ
1159 5398 1240 5467 ζῶ
1269 5401 1362 5457 διὰ
1406 5403 1502 5458 τὸν
1533 5405 1754 5479 Πατέρα
1775 5424 1793 5441 ο

181 5492 279 5539 ut
312 5483 343 5537 6
369 5481 603 5556 τρώγων
632 5502 727 5557 με,
765 5490 1023 5555 κάκεῖνος
1063 5490 1296 5564 ζήσεται
1326 5495 1399 5550 δι’
1455 5499 1583 5568 ἐμὲ.
1619 5496 1796 5567 Οὗτός

182 5577 339 5629 trav
368 5578 397 5631 6
427 5578 595 5652 ἄρτος
622 5579 651 5633 6
679 5582 745 5635 ὲκ
776 5582 871 5636 τοῦ
894 5583 1135 5657 οὐρανοῦ
1184 5589 1439 5655 καταϐάς
1462 5608 1477 5624 ο
1514 5594 1575 5646 οὐ
1607 5595 1797 5663 καθὼς

181 5670 393 5743 ἔφαγον
413 5672 476 5727 τὸ
500 5675 683 5745 μάννα
706 5678 756 5731 οἱ
783 5677 1025 5752 πατέρες
1061 5680 1220 5753 ὑμῶν
1260 5684 1322 5738 ἑν
1350 5686 1417 5759 τῇ
1448 5686 1668 5763 ἐρήμῳ,
1699 5694 1795 5748 καὶ

260 5862 308 5895 ⁸³
344 5863 519 5925 iCor.
573 5884 632 5937 tt,
693 5868 779 5928 ll.
859 5872 913 5950 ⁵⁸,
976 5870 1132 5933 Joan.
1199 5890 1273 5947 tv,
1310 5876 1401 5933 13-

1904 4968 2085 5025 neque
2108 4950 2310 5008 {amem
2344 4948 2686 5023 spiritualem
2715 4961 2898 5019 neque
2924 4946 3075 5002 sitim
3108 4947 3373 5018 patietur,
3403 4962 3541 5019 qua-

1908 5045 2015 5104 lem
2046 5045 2337 5103 increduli.

1988 5227 2152 5285 Vsus.
2182 5228 2382 5285 57-59.
2426 5246 2445 5280 ι
2500 5226 2605 5294 Qui
2639 5228 2754 5284 edit
2796 5241 2976 5284 meam
3026 5239 3276 5292 carnem,
3306 5234 3363 5282 et
3401 5222 3540 5280 bibit

1905 5336 2088 5377 meum
2120 5324 2468 5393 sanguinem,
2501 5319 2556 5375 in
2584 5334 2672 5375 me
2701 5328 2908 5387 manet,
2934 5328 2989 5375 et
3016 5332 3117 5389 ego
3146 5317 3199 5371 in
3229 5315 3347 5372 illo.
3378 5314 3538 5373 Sicut

1912 5414 2064 5470 misit
2100 5429 2192 5471 me
2221 5415 2416 5471 vivens
2449 5412 2638 5483 Pater,
2670 5415 2745 5471 ita
2776 5424 2834 5471 et
2861 5430 2967 5485 ego
2997 5414 3127 5469 vivo
3164 5421 3392 5485 propter
3424 5408 3536 5465 Pa.

1912 5518 2091 5577 trem,
2119 5517 2176 5565 et
2222 5508 2316 5579 qui
2360 5508 2540 5566 ederit
2573 5523 2685 5574 me,
2722 5516 2779 5565 et
2826 5507 2947 5579 ipse
2981 5507 3128 5563 vivet
3161 5515 3392 5579 propter
3424 5518 3535 5558 me.

1911 5601 2015 5659 llic
2060 5611 2148 5660 est
2198 5602 2359 5675 panis
2408 5603 2503 5675 qui
2538 5604 2609 5661 de
2657 5602 2803 5662 caelo
2844 5600 3134 5659 descendit
3186 5618 3201 5656 :
3238 5612 3348 5654 non
3387 5596 3536 5653 sicut

1904 5695 2271 5757 comederunt
2322 5707 2509 5771 patres
2552 5696 2723 5755 vestri
2772 5710 3010 5766 manna,
3045 5702 3101 5750 et
3134 5689 3337 5750 mortui
3378 5696 3531 5749 sunt.
