4078 6330
521 331 651 397 ῙΓῙῙ

1420 336 1999 399 THEOPHYLACTI
2042 333 2455 395 BULGARI/E
2494 332 2848 394 ARCHIEP.

3657 318 3791 385 i312

518 453 620 520 Qui
649 452 762 507 edit
792 454 934 508 hunc
964 450 1175 523 panem,
1208 455 1351 510 vivet
1378 458 1427 509 in
1451 463 1737 510 aeternum.
1778 473 1794 506 ι
1840 452 1951 506 lloc
1984 451 2101 505 loco
2133 500 2138 510 ε

2250 450 2496 504 πέθανον.
2522 468 2540 499 ι
2578 449 2637 501 '0
2659 447 2887 517 τρώγων
2904 442 3093 498 τοῦτον
3114 442 3203 495 τὸν
3236 441 3420 511 ἄρτον,
3449 439 3681 509 ζήσεται
3713 436 3792 497 εἰς

517 546 778 599 discimus
805 559 1206 601 sacramentum
1248 550 1665 603 conmmnionis.
1700 547 1833 600 Nam
1870 548 1959 616 qui
1988 547 2099 601 edit

518 649 573 690 et
600 637 738 690 bibit
764 652 983 692 carnem
1012 649 1066 693 et
1089 641 1407 708 sanguinem
1437 640 1668 704 Domini,
1695 642 1743 693 in
1770 639 1886 705 ipso
1920 648 2102 693 manet

496 728 769 791 Domino,
812 738 866 781 et
899 729 1157 783 Dominus
1209 730 1260 781 in
1299 730 1433 798 ipso.
1469 729 1912 796 Contemperatio
1955 730 2098 782 enim

525 819 585 871 tit
616 831 854 894 tt0va,‘et
885 834 1046 889 super
1072 823 1355 880 ratium-nt.
1392 822 1459 873 ita
1493 832 1548 874 ut
1574 823 1645 875 sit
1676 821 1815 875 Deus
1846 824 1894 874 iu
1922 821 2102 884 nobis,

523 923 577 967 et
611 930 708 967 nos
754 915 803 968 in
842 916 968 970 Deo.
1003 915 1116 969 Non
1150 918 1301 971 amlis
1340 918 1632 971 terribilem
1670 918 1955 972 auditum?
1986 916 2102 970 Non

525 1007 693 1060 Deum
726 1006 926 1061 nmium
959 998 1346 1064 manducamus
1376 1030 1390 1066 ε
1428 1013 1572 1079 tangi
1616 1011 1760 1066 enim
1794 1010 2017 1079 nequit,
2052 1020 2107 1064 et

524 1097 876 1167 incorporeus
914 1111 1019 1164 est,
1067 1109 1121 1155 et
1168 1116 1341 1170 neque
1406 1104 1575 1157 oculis
1632 1119 1804 1171 neque
1856 1105 2107 1157 dentibus

530 1192 859 1257 apprehendi
914 1204 1129 1261 potest;
1200 1210 1373 1262 neque
1428 1212 1642 1249 rursum
1694 1196 1820 1249 nudi
1875 1196 2110 1251 hominis

529 1302 773 1354 carnem,
805 1289 935 1344 nihil
959 1291 1101 1345 enim
1140 1294 1398 1359 prodesse
1427 1301 1604 1363 potest
1638 1310 1652 1350 :
1690 1296 1780 1347 sed
1812 1295 1934 1362 quia
1970 1293 2110 1347 Deus

534 1378 711 1433 univit
756 1380 858 1435 sibi
908 1395 1128 1435 carnem
1167 1383 1465 1437 secundum
1510 1382 1834 1437 ineffabilem
1867 1393 2112 1438 contem-

531 1472 889 1539 peratiouem,
938 1474 1150 1529 vivilica
1192 1485 1276 1530 cst
1307 1486 1361 1530 et
1399 1493 1546 1538 caro,
1591 1493 1694 1530 non
1736 1478 1880 1546 quod
1918 1478 1969 1530 in
2018 1476 2112 1532 Dei

537 1573 787 1618 naturam
815 1565 1111 1634 transierit,
1135 1568 1303 1622 absitl
1338 1570 1429 1623 sed
1460 1569 1526 1623 ad
1550 1568 1955 1625 similitudinem
1990 1586 2117 1623 can-

534 1656 711 1712 dentis
743 1655 912 1724 ferri,
943 1660 1088 1729 quod
1123 1671 1177 1715 et
1206 1660 1409 1715 ferrum
1448 1672 1650 1726 manet,
1681 1672 1734 1717 et
1767 1662 1905 1731 ignis
1930 1673 2118 1716 osten-

536 1748 611 1801 dit
641 1750 1006 1816 operationem
1035 1767 1047 1803 :
1084 1752 1165 1807 sic
1196 1752 1358 1821 igitur
1388 1762 1441 1806 et
1470 1752 1681 1807 Domini
1716 1767 1844 1806 caro
1888 1766 2115 1807 manens

2204 546 2293 597 τὸν
2333 542 2525 597 αἰῶνα.
2575 560 2592 592 ι
2675 537 2941 592 Ἐνταῦοα
2998 536 3344 606 μανθάνομεν
3391 534 3451 585 τὸ
3488 531 3791 600 μυστήριον

2203 640 2302 707 τῆς
2364 635 2742 705 μεταλήψεως.

2207 732 2385 799 σίρκα
2417 731 2511 782 καὶ
2541 729 2601 781 τὸ
2634 722 2774 798 αἷμα
2817 726 2910 779 τοῦ
2956 722 3191 795 Κυρίου,
3224 723 3282 774 ὲν
3333 719 3481 789 αύτῷ
3522 719 3677 789 μένει
3718 716 3798 786 τῷ

2206 822 2418 891 Κυρίῳ,
2460 821 2553 873 καὶ
2592 822 2617 873 6
2643 820 2847 889 Κύριος
2902 819 2960 870 ἐν
2995 814 3165 885 αὐτῷ.
3210 813 3636 884 Συνανὲκρασις
3689 807 3799 879 γὰρ

2823 634 2881 685 '0
2920 632 3028 701 γὰρ
3074 630 3303 697 τρώγων
3347 628 3442 682 καί
3496 626 3670 679 πίνων
3694 624 3793 692 τὴν

2212 919 2335 987 ξένη
2372 917 2466 970 καὶ
2530 917 2670 985 ὑπὲρ
2725 914 2884 980 λόγον
2912 914 3146 981 γίνεται,
3200 910 3341 962 ὥστε
3373 905 3514 960 εἶναι
3548 904 3641 957 τὸν
3668 904 3801 955 θεὸν

2209 1010 2268 1061 ὲν
2300 1011 2451 1077 ἡμῖν,
2486 1008 2581 1061 καὶ
2617 1008 2763 1075 ἡμᾶς
2796 1006 2852 1057 ὲν
2884 1003 2960 1072 τῷ
2995 1003 3132 1072 Θεῷ.
3166 1002 3282 1054 Οὐκ
3314 999 3536 1060 ἀκούεις
3572 996 3800 1066 φρικτὸν

2213 1102 2505 1169 ἄκουσμα;
2575 1098 2653 1153 Οὐ
2688 1098 2821 1150 Θεὸν
2865 1096 3021 1166 ψιλὸν
3078 1094 3387 1166 τρώγομεν,
3422 1090 3663 1162 (ἀναφὴς
3692 1090 3799 1156 γάρ

2214 1195 2327 1245 ἔστι
2360 1195 2454 1247 καὶ
2485 1192 2799 1261 ἀσώματος,
2838 1190 2931 1245 καὶ
2965 1188 3089 1242 οὕτε
3128 1188 3455 1257 ὀφθαλμοῖς,
3487 1184 3615 1238 οὗτε
3652 1181 3804 1235 ὀδοῦ-

2216 1304 2299 1341 σιν
2328 1285 2648 1357 ἁλώσιμος),
2686 1286 2807 1338 οὐδὲ
2860 1284 3023 1337 πάλιν
3072 1280 3229 1352 ψιλοῦ
3277 1278 3571 1350 ἀνθρώπου
3625 1276 3806 1345 σάρκα

2218 1381 2393 1442 (οὐδὲν
2429 1379 2539 1450 γὰρ
2587 1378 2873 1447 ὠφελῆσαι
2925 1375 3197 1445 δύναται)’
3246 1373 3362 1428 ἀλλ’
3424 1371 3617 1441 ἐπειδὴ
3675 1370 3805 1433 Θεὸς

2216 1474 2423 1543 ἥνωσεν
2456 1471 2633 1541 ἑαυτῷ
2668 1471 2767 1541 τὴν
2795 1473 2973 1541 σάρκα
3015 1468 3156 1522 κατᾶ
3183 1467 3279 1538 τὴν
3305 1467 3544 1540 ἄρρητον
3568 1465 3807 1533 ἀνακραο

2221 1583 2325 1626 (τιν’
2362 1564 2628 1627 ζωοποιδς
2678 1564 2916 1634 ὑπάρχει
2952 1562 3045 1613 καὶ
3080 1563 3111 1630 ἢ
3170 1558 3328 1629 σὰρξ,
3364 1559 3463 1626 οὐχ
3488 1557 3570 1609 ὅτι
3598 1556 3678 1617 εἰς
3707 1554 3808 1623 τὴν

2219 1657 2314 1711 τοῦ
2344 1657 2479 1709 Θεοῦ
2517 1656 2680 1725 φύσιν
2713 1656 3199 1725 μετακεχωρηκεν,
3233 1652 3447 1717 ἄπαγεε
3488 1648 3627 1703 ἀλλὰ
3666 1648 3811 1700 κατα

2222 1750 2321 1817 τὴν
2375 1748 2638 1818 ὁμοίωσιν
2664 1729 3231 1818 τοίπεπυρωμένου
3295 1743 3538 1812 σιδήρου,
3599 1740 3657 1802 ὃς
3720 1740 3812 1790 καί

538 1855 689 1904 raro,
719 1841 929 1897 viviﬁca
957 1852 1038 1898 est
1067 1845 1207 1899 sicut
1238 1845 1327 1899 Dei
1361 1845 1519 1899 Verbi
1547 1861 1695 1900 caro.
1729 1845 1893 1915 Igitur
1925 1862 2118 1916 quem-

2243 1842 2444 1912 τίδηρος
2505 1816 2686 1908 μένειξ
2730 1840 2825 1892 καὶ
2860 1838 2959 1911 τὴν
2990 1837 3083 1891 τοῦ
3116 1836 3289 1906 πυρὸς
3346 1835 3623 1889 δείκνυσιν
3655 1832 3812 1901 ἐνέρ-

538 1929 829 1984 admodum
879 1946 998 2002 ego,
1044 1932 1240 2002 inquit.
1290 1933 1413 1988 vivo
1464 1945 1687 2005 propter
1727 1936 1965 2003 Patrem,
2018 1938 2122 1992 hoc

541 2029 647 2085 est,
700 2031 954 2091 tanquam
990 2032 1149 2079 natus
1201 2041 1267 2079 ex
1312 2024 1492 2092 Patre,
1525 2028 1617 2097 qui
1671 2038 1755 2082 est
1787 2028 1917 2096 vita,
1953 2031 2025 2083 ita
2069 2037 2124 2085 et

540 2114 632 2183 qui
661 2115 947 2169 manducat
983 2131 1091 2181 me,
1125 2117 1270 2172 vivet
1302 2130 1519 2189 propter
1552 2136 1659 2184 me,
1701 2121 1826 2174 dum
1862 2124 2125 2192 quodam-

542 2206 702 2261 modo
746 2209 1008 2264 miscetur
1039 2210 1207 2276 mihi,
1257 2221 1309 2268 et
1368 2214 1884 2269 trauselementatur
1918 2216 1967 2268 in
2015 2230 2121 2279 me,

542 2299 637 2366 qui
665 2297 830 2371 596
862 2303 1141 2359 viviﬁcare
1184 2319 1431 2374 possunt.
1467 2307 1697 2371 Quando
1738 2316 1919 2362 autem
1949 2310 2124 2375 audis,

549 2410 569 2443 ι
593 2390 701 2463 Ego
735 2393 877 2459 vivo,
906 2413 924 2446 ι
960 2411 1027 2450 ne
1045 2397 1323 2453 existimes
1341 2399 1631 2466 eumjuxta
1658 2400 2125 2471 participationem

546 2482 669 2536 vita:
702 2482 901 2550 vivere,
934 2485 1134 2554 alioqui
1167 2485 1365 2541 animal
1390 2487 1667 2543 diceretur
1698 2491 1866 2557 Deus,
1895 2492 1987 2546 sed
2020 2508 2126 2545 non

548 2583 653 2635 est,
702 2589 876 2645 neque
929 2577 1073 2633 enim
1117 2576 1264 2634 Deus
1314 2581 1517 2635 animal
1566 2584 1897 2647 nominatur,
1957 2598 2130 2653 neque

549 2679 797 2723 creatura
851 2673 1096 2739 qutedam
1148 2673 1258 2727 vita
1304 2674 1610 2730 vocabitur.
1646 2674 1801 2745 Saepe
1848 2685 2029 2730 autem
2079 2683 2135 2730 et

552 2762 782 2813 multum
832 2761 885 2814 in
911 2775 1005 2816 ore
1052 2773 1252 2829 versat,
1307 2783 1325 2816 ι
1356 2764 1547 2820 Patres
1589 2768 1753 2820 vestri
1782 2768 2137 2821 comederunt

554 2868 749 2905 manna
776 2853 825 2908 in
843 2854 1153 2922 solitudine,
1172 2874 1190 2907 ι
1224 2860 1617 2925 utpersuadeat
1643 2858 1973 2916 hominibus.
2000 2858 2135 2915 Nam

504 3019 509 3027 π
552 2946 595 2999 si
630 2944 884 3014 possibile
902 2948 1263 3017 quadraginta
1286 2950 1446 3003 annis
1470 2950 1587 3003 sine
1615 2965 1788 3005 inesse
1814 2962 1865 3005 et
1895 2962 2139 3008 semente

554 3037 700 3106 pasci
734 3037 1000 3100 homines,
1027 3047 1083 3093 et
1117 3040 1429 3095 conservari
1465 3040 1680 3097 illorum
1716 3044 1881 3097 vitam
1916 3060 1930 3097 :
1970 3044 2140 3101 multo

2224 1949 2413 2001 γειαν·
2447 1930 2621 1994 οὕτως
2654 1930 2747 1984 οὖν
2774 1931 2870 1985 καὶ
2905 1932 2937 2001 ἡ
2982 1929 3076 1983 τοῦ
3141 1928 3343 1998 Κυρίου
3388 1926 3525 1994 σὰρξ
3574 1925 3815 1995 μένουσα

2229 2024 2389 2094 σὰρξ,
2446 2021 2715 2087 ζωοποιός
2766 2025 2937 2087 ἐστιν,
2990 2020 3064 2085 ὡς
3126 2020 3218 2074 τοῦ
3249 2018 3385 2072 Θεοῦ
3418 2019 3595 2085 Λόγου
3655 2016 3815 2086 σάρξ,

2230 2118 2443 2188 Ὥσπερ
2475 2117 2589 2182 οὖν,
2622 2117 2812 2187 φησιν,
2846 2115 2957 2183 ἐγὼ
2994 2114 3072 2179 ζῶ
3106 2113 3196 2167 διὰ
3228 2114 3321 2166 τὸν
3351 2113 3599 2183 Πατέρα,
3632 2111 3816 2164 τουτέ-

2231 2226 2368 2275 στιν,
2424 2209 2499 2273 ὼς
2556 2208 2838 2278 γεννηθεὶς
2882 2210 2946 2261 ὲκ
2986 2207 3080 2261 τοῦ
3116 2207 3352 2277 Πατρδς,
3394 2206 3452 2269 ὃς
3495 2209 3612 2281 ἐστι
3676 2204 3812 2272 ζωὴ,

2230 2302 2377 2356 οὓτω
2413 2301 2510 2355 καὶ
2544 2303 2571 2356 6
2612 2300 2840 2374 τρώγων
2888 2318 2976 2367 με,
3021 2300 3245 2371 ζήσεται
3276 2300 3343 2353 δι’
3376 2300 3474 2370 ἐμὲ
3513 2296 3794 2367 ἀνακιρνώ

2237 2412 2421 2465 μενος.
2459 2393 2653 2465 ὥσπερ
2694 2395 2787 2447 καὶ
2827 2394 3406 2465 μεταστοιχειούμενος
3476 2392 3556 2452 εἰς
3601 2390 3703 2457 ἐμὲ
3734 2389 3822 2440 τὴν

2232 2484 2519 2553 ζωογονεῖν
2559 2484 2838 2554 ἰσχύοντα.
2875 2484 3048 2537 Ὅταν
3075 2484 3130 2537 δὲ
3158 2482 3422 2553 ἀκούσῃς,
3459 2483 3565 2544 ὅτι,
3608 2500 3626 2528 ι
3681 2480 3823 2547 Ἐγὼ

2234 2576 2335 2642 ζῶ,
2374 2596 2394 2629 ι
2443 2579 2517 2648 μὴ
2560 2576 2751 2647 νόμιζε
2786 2577 2949 2630 αὐτὸν
3000 2575 3144 2638 κατὰ
3183 2575 3419 2645 μετοχὴν
3449 2574 3597 2641 ζωῆς
3628 2572 3749 2643 ζῇν.
3788 2574 3819 2641 ἦ

2236 2672 2346 2742 γὰρ
2372 2672 2437 2727 ἂν
2469 2673 2607 2737 ζῶον
2639 2673 2859 2741 ἐλέγετο
2882 2675 2909 2724 6
2964 2671 3095 2735 Θεός
3126 2687 3139 2700 ·
3174 2670 3291 2723 ἀλλ’
3323 2670 3423 2721 οὐκ
3474 2668 3650 2721 ἐστιν.
3684 2668 3823 2720 Οὔτε

2243 2750 2353 2839 γᾍιρ
2412 2768 2547 2831 Θεὸς
2603 2767 2742 2831 ζῶον
2793 2766 3144 2837 ὀνομάζεται,
3199 2764 3323 2818 οὕτε
3363 2764 3581 2815 κτιστὺν
3622 2764 3655 2832 ἠ
3717 2762 3826 2826 ζωῇ

2241 2858 2602 2929 κληθήσεται.
2634 2860 2879 2928 Συνεχῶς
2913 2858 2968 2911 δὲ
3008 2857 3121 2911 ἄνω
3164 2858 3250 2910 κατ
3291 2854 3445 2909 κάτω
3488 2854 3713 2923 στρέφει
3748 2854 3825 2911 τὸ,

2248 2972 2266 3006 ι
2304 2954 2365 3005 Οἱ
2402 2952 2641 3022 πατέρες
2665 2953 2820 3021 ὑμῶν
2849 2950 3051 3020 ἔφαγον
3078 2950 3137 3004 τὸ
3175 2949 3353 3019 μάννα
3373 2951 3433 3002 tv
3454 2951 3519 3019 τῇ
3546 2952 3782 3018 ἐρήμας»,
3808 2968 3825 2999 ι

2242 3046 2329 3101 διὰ
2354 3047 2414 3099 τὸ
2446 3049 2634 3099 πεῖσαι
2663 3047 2791 3110 τοὺς
2824 3044 3149 3109 ἀκούοντας,
3178 3044 3260 3098 ὅτι
3290 3046 3338 3096 εί
3362 3043 3591 3097 δυνατὸν
3616 3044 3832 3110 ἐγένετο

557 3126 727 3196 magis
767 3144 909 3183 nunc
955 3132 1301 3185 conservabit
1351 3144 1595 3187 nostram
1646 3134 1984 3203 spiritualem
2022 3152 2134 3192 mc-

2248 3143 2305 3195 tv
2350 3141 2765 3210 τεσσαρὰκοντα
2815 3138 2994 3193 ἔτεσιν
3029 3140 3157 3193 ἄνευ
3217 3136 3435 3208 ἀμητοῦ
3495 3138 3588 3189 καὶ
3626 3138 3833 3205 σπορᾶς

558 3218 679 3274 liori
704 3235 843 3291 pane
870 3220 1157 3288 Dominus,
1216 3237 1383 3278 carne
1409 3239 1526 3286 sua,
1558 3240 1676 3293 quae
1708 3226 1913 3296 absque
1936 3228 2142 3283 semine

558 3314 655 3368 viri
689 3329 751 3369 ex
791 3313 1000 3386 virgine
1046 3324 1131 3371 est
1184 3319 1501 3371 constituta.
1543 3316 1756 3388 Ubique
1804 3329 1982 3376 autem
2020 3322 2141 3377 vita:

559 3407 828 3476 meminit,
862 3418 916 3462 et
950 3410 1146 3465 crebro
1197 3413 1300 3466 hoc
1332 3426 1527 3465 nomen
1573 3413 1803 3478 addidit,
1836 3416 1961 3484 quia
2007 3416 2142 3471 nihil

561 3500 634 3554 ita
668 3515 835 3556 suave
865 3502 1182 3558 hominibus
1218 3512 1276 3557 ut
1326 3519 1414 3558 res
1446 3505 1554 3559 illa.
1595 3504 1763 3575 igitur
1792 3517 1847 3560 et
1896 3517 1950 3561 tu
1994 3519 2146 3576 potes

568 3608 671 3648 non
706 3592 882 3649 solum
914 3598 1216 3650 secundum
1252 3599 1539 3668 mysticam
1572 3600 2014 3656 communionem
2050 3618 2144 3656 co-

564 3686 780 3740 medere
802 3693 856 3741 et
876 3685 1061 3741 bibere
1092 3702 1311 3743 carnem
1343 3674 1399 3742 et
1428 3691 1750 3759 sanguinem
1783 3689 2018 3755 Domini,
2052 3692 2146 3747 sed

563 3785 620 3830 et
663 3775 769 3832 alio
800 3779 1037 3846 quodam
1086 3779 1267 3833 modo.
1301 3779 1515 3834 Etenim
1554 3792 1611 3835 et
1662 3796 1883 3836 carnem
1932 3783 2148 3851 quidem

566 3869 858 3923 manducat
908 3870 1123 3939 aliquis,
1173 3862 1389 3941 quando
1440 3888 1539 3942 per
1587 3874 1870 3942 practicen
1922 3875 2149 3931 incedit.

563 3961 708 4016 Caro
738 3964 883 4017 enim
904 3964 1153 4019 coniectu
1183 3965 1436 4031 dilIicilis,
1469 3967 1609 4020 sicut
1644 3975 1697 4021 et
1734 3968 1973 4036 practice
2005 3968 2153 4023 labo-

567 4052 731 4108 riosa.
772 4052 1102 4125 Sanguinem
1162 4072 1289 4111 vero
1339 4058 1473 4111 bibit
1531 4069 1591 4113 ut
1637 4061 1819 4114 vinum
1865 4060 2009 4130 quod
2060 4075 2156 4116 cor

569 4144 828 4212 lietilicat,
860 4148 1335 4217 contemplativus.
1378 4149 1588 4204 Labore
1631 4154 1780 4204 enim
1829 4160 1981 4204 caret
2025 4164 2158 4205 con-

573 4241 878 4311 te‘i-platio,
914 4242 1021 4296 imo
1055 4250 1109 4297 et
1144 4242 1387 4297 laborum
1433 4244 1650 4312 requies
1685 4252 1788 4308 est,
1819 4250 1873 4297 ct
1900 4244 2047 4314 potui
2077 4245 2153 4298 si-

571 4334 815 4402 miiatur,
857 4334 986 4405 quia
1028 4344 1083 4389 et
1133 4344 1293 4405 potus
1343 4334 1540 4390 minori
1593 4334 1777 4390 labore
1822 4345 1945 4405 eget
1993 4350 2153 4405 quam

568 4428 746 4485 cibus.

2248 3233 2618 3302 διατραφῆναι
2656 3231 2999 3303 ἀνθρώπους,
3040 3232 3137 3284 καὶ
3188 3230 3620 3299 διακρατηοῆναι
3650 3230 3832 3291 αὐτοῖς

2246 3323 2347 3394 τὴν
2373 3325 2541 3393 ζωὴν,
2577 3323 2758 3394 πολλῷ
2788 3324 2990 3394 μᾶλλον
3014 3323 3111 3377 νῦν
3159 3322 3520 3392 διακρατήσει
3548 3320 3646 3391 τὴν
3689 3322 3833 3386 ζωὴν

2249 3417 2408 3486 ἡμῶν
2438 3416 2538 3486 τὴν
2564 3416 2759 3487 νοητὴν
2809 3416 2888 3487 τῷ
2937 3415 3209 3484 κρείττονι
3256 3414 3458 3484 ἄρτῳὸ
3508 3414 3740 3482 Κύριος,
3770 3416 3833 3483 τῇ

2252 3512 2418 3580 σαρκὶ
2456 3511 2622 3564 αὐτοῦ
2674 3513 2740 3581 τῇ
2796 3511 2926 3565 ἄνευ
2978 3511 3188 3581 σπορᾶς
3240 3510 3433 3580 ἀνδρὸς
3488 3509 3732 3579 συστάσει
3777 3512 3836 3559 ἐκ

2251 3602 2526 3673 παρθένου
2562 3604 2687 3671 γῆς.
2743 3603 3028 3672 Πανταχοῦ
3064 3602 3121 3655 6t
3182 3602 3328 3671 ζωῆς
3390 3600 3692 3671 μέμνηται,
3748 3604 3835 3651 καὶ

2253 3696 2579 3767 συχνὸτερον
2626 3695 2785 3749 τοῦτο
2834 3696 2895 3749 τὸ
2932 3696 3105 3765 ὄνομα
3164 3699 3429 3765 παράγει,
3466 3694 3658 3767 ἐπειδὴ
3688 3693 3837 3747 οὐδὲν

2252 3786 2429 3851 οὓτως.
2457 3790 2555 3859 ἡδὺ
2584 3791 2695 3852 τοῖς
2731 3787 3071 3859 ἀνθρώποις,
3092 3788 3167 3852 ὡς
3194 3788 3353 3842 τοῦτο
3392 3788 3453 3841 τὸ
3485 3789 3697 3859 χρῆμα.
3734 3789 3838 3840 Ka‘.

2259 3881 2324 3933 σὺ
2350 3879 2531 3932 τοίνυν
2558 3879 2785 3933 δύνασαι
2812 3882 2871 3933 ού
2895 3882 3056 3949 μόνον
3074 3882 3214 3934 κατὰ
3237 3881 3337 3950 τὴν
3369 3882 3643 3950 μυστικὴν
3670 3880 3821 3949 μετὰ·

2259 3971 2423 4043 ληψιν
2465 3972 2669 4025 ἐσθίειν
2707 3973 2800 4027 καὶ
2830 3973 3006 4026 πίνειν
3028 3974 3126 4043 τὴν
3152 3975 3335 4046 σάρκα
3357 3976 3453 4027 καὶ
3480 3975 3541 4026 τὸ
3573 3970 3721 4045 αἷμα
3751 3973 3838 4027 τοῦ

2258 4064 2555 4124 Δεσπότον,
2583 4064 2722 4117 ἀλλὰ
2753 4067 2848 4119 καὶ
2880 4066 3001 4118 κατ’
3026 4064 3184 4118 ἄλλον
3209 4065 3436 4136 τρόπον.
3464 4066 3574 4118 Καὶ
3609 4064 3720 4136 γὰρ
3746 4065 3840 4136 τὴν

2262 4157 2359 4225 μὲν
2390 4157 2571 4226 σάρκα
2602 4156 2771 4210 ἐσθίει
2797 4174 2901 4222 τις,
2959 4158 3086 4211 ὅταν
3118 4157 3207 4211 διὰ
3253 4157 3355 4225 τῆς
3396 4158 3713 4228 πρακτικῆς
3749 4156 3840 4225 βα-

2262 4247 2420 4319 δίζῃ*
2483 4237 2963 4321 δυσκατέργαστον
3006 4250 3171 4321 γὰρὴ
3221 4250 3379 4321 σὰρξ,
3421 4250 3612 4319 ὥσπερ
3665 4251 3758 4303 καὶ
3809 4250 3840 4317 ἡ

2262 4340 2542 4416 πρακτικὴ
2603 4341 2836 4409 ἔγκοπος
2859 4358 2872 4372 ·
2921 4342 2982 4396 τὸ
3016 4342 3073 4395 δὲ
3121 4338 3260 4413 αἷμα
3294 4341 3459 4404 πίνει,
3494 4342 3570 4406 ὡς
3592 4338 3734 4396 οἶνον
3759 4343 3845 4395 εύ-

2267 4434 2563 4504 ιρραίνοντα
2608 4436 2859 4505 καρδίαν,
2921 4437 2950 4489 6
2994 4433 3331 4506 θεωρητικός
3357 4450 3372 4465 ”
3423 4435 3632 4490 ἄκοπον
3677 4434 3843 4505 γὰρή

571 4526 801 4592 θεωρία,
841 4523 1040 4597 μᾶλλον
1063 4524 1120 4579 δὲ
1153 4525 1247 4580 καὶ
1277 4524 1462 4579 κόπων
1495 4522 1829 4588 ἀνάπαυσις,
1868 4523 1967 4577 καὶ
2034 4524 2194 4579 πόσει
2261 4528 2498 4595 ἐοικυῖα,
2551 4530 2673 4583 ἐπεὶ
2706 4530 2800 4583 καὶ
2832 4530 2866 4600 ἡ
2922 4530 3083 4592 πόσις
3124 4527 3332 4583 ἄκοιτον
3370 4529 3596 4599 μᾶλλον,
3639 4532 3846 4603 ﬁt:qu

573 4620 801 4692 βρῶσις.

647 4719 814 4774 Vsus.
838 4716 1028 4774 60-63.
1072 4736 1091 4770 ι
1130 4715 1257 4772 ιιωο
1284 4716 1421 4772 dixit
1450 4717 1505 4772 in
1534 4730 1808 4788 synagoga
1857 4716 2063 4774 docens
2104 4718 2160 4773 in
2194 4724 2241 4781 ι)

574 4813 941 4881 Capernaum.
968 4809 1119 4865 Multi
1141 4824 1270 4877 ergo
1294 4810 1379 4864 his
1401 4808 1603 4865 auditis
1621 4824 1687 4864 ex
1717 4810 2000 4879 discipulis
2018 4810 2160 4881 ejus,

574 4904 831 4958 dixerunt
862 4921 876 4957 :
911 4902 1087 4957 Durus
1110 4910 1193 4957 est
1216 4900 1305 4955 hic
1331 4915 1531 4964 sermo,
1563 4900 1685 4970 quis
1712 4909 1891 4971 potest
1919 4916 2040 4956 eum
2069 4917 2164 4957 au-

575 4999 732 5054 dire?
777 4996 967 5052 Sciens
1008 5008 1188 5051 autem
1225 4994 1384 5051 Jesus
1435 4996 1573 5064 apud
1617 4984 1972 5067 semetipsum
2021 4997 2163 5068 quod

579 5087 995 5144 murmurabant
1029 5087 1098 5141 de
1150 5088 1251 5141 hoe
1298 5086 1552 5157 discipuli
1608 5088 1800 5157 ipsius,
1856 5090 1992 5143 dixit
2034 5091 2162 5145 eis:

579 5182 696 5239 lloc
743 5196 838 5236 vos
877 5177 1151 5235 attendit?
1184 5179 1324 5246 Quid
1376 5180 1539 5247 igitur
1575 5180 1620 5234 si
1673 5180 1922 5235 videritis
1968 5179 2163 5235 Filium

582 5276 823 5330 hominis
867 5274 1254 5331 ascendentem
1299 5288 1365 5329 eo
1404 5274 1493 5328 ubi
1530 5276 1682 5342 prius
1726 5273 1897 5330 erat?
1933 5293 1953 5326 ›
1988 5274 2167 5341 Quare

581 5368 642 5426 in
671 5382 946 5437 synagoga
1004 5366 1469 5423 docuit?Partim
1514 5367 1656 5437 quod
1708 5367 1924 5423 volebat
1976 5366 2167 5422 venari

588 5458 1020 5523 multitudinem,
1052 5460 1254 5529 partim
1287 5460 1430 5528 quod
1459 5458 1779 5514 ostendebat
1809 5474 1869 5515 se
1903 5475 2007 5514 non
2047 5474 2169 5515 esse

586 5550 923 5605 contrarium
951 5548 1075 5619 legi,
1110 5565 1228 5619 qua:
1259 5550 1540 5621 legebatur
1571 5549 1624 5603 in
1654 5550 1962 5621 synagogis.
1989 5549 2171 5615 Quare

590 5654 769 5698 autem
798 5642 933 5697 tales
962 5656 1243 5698 sermones
1270 5645 1322 5698 in
1355 5643 1589 5698 medium
1623 5642 1954 5715 proferebat,
1980 5658 2169 5713 qnam-

594 5735 672 5789 tis
724 5734 930 5789 sciebat
979 5733 1181 5789 nullam
1239 5735 1363 5789 imle
1398 5734 1688 5789 utilitatem
1741 5743 2150 5805 perceptarum,

590 5826 689 5882 “sed
741 5827 933 5883 multus
967 5827 1129 5884 etiam
1162 5826 1285 5884 inde
1326 5827 1496 5898 magis
1535 5825 1731 5883 offendi
1758 5827 1781 5880 ?
1808 5825 1940 5881 Nam
1987 5836 2039 5883 ct
2081 5827 2164 5881 di-

2346 4738 2365 4771 ι
2414 4717 2603 4772 Ταῦτα
2681 4713 2836 4770 εἶπεν
2878 4716 2938 4769 ὲν
2985 4719 3051 4788 τῇ
3114 4720 3406 4789 συναγωγῇ
3462 4718 3739 4772 διδάσκων
3799 4719 3853 4772 ἐν

2267 4807 2670 4881 Καπερναούμ.
2714 4806 2907 4860 Πολλοὶ
2931 4802 3026 4860 οὖν
3066 4807 3403 4872 ἀκούσαντες
3428 4810 3493 4862 ὲκ
3522 4809 3635 4863 τῶν
3678 4811 3853 4880 μαθη-

2263 4901 2374 4955 τῶν
2406 4898 2594 4962 αὐτοῦ,
2620 4894 2771 4953 εἷπον
2794 4916 2807 4929 ο
2838 4898 3083 4969 Σκληρός
3121 4902 3272 4952 ἐστιν
3304 4903 3331 4954 6
3366 4901 3523 4969 λὸγος
3558 4896 3749 4966 οὗτος.
3778 4902 3857 4965 τίς

2265 4995 2491 5050 δύναται
2520 4994 2689 5047 αὑτοῦ
2721 4992 2942 5047 ἀκούειν
2972 5012 2985 5060 ;
3027 4992 3203 5058 Εἰδὼς
3228 4993 3286 5047 δὲ
3314 4995 3342 5047 6
3390 4994 3602 5065 Ἰησοῦς
3642 4997 3703 5047 tv
3733 4996 3859 5050 ἐαυ-

2268 5088 2370 5157 τῷ,
2399 5088 2482 5141 ὅτι
2519 5084 2853 5154 γογγύζουσι
2896 5085 3029 5157 περὶ
3074 5084 3268 5137 τούτου
3305 5085 3356 5137 οἱ
3401 5085 3644 5155 μαθηταὶ
3675 5085 3859 5149 αὑτοῦ,

2268 5177 2426 5235 εἶπεν
2475 5180 2691 5241 αὐτοῖς·
2730 5178 2903 5231 Τοῦτο
2957 5178 3102 5248 ὑμᾶς
3138 5174 3517 5244 σκανδαλίζιις
3580 5178 3712 5231 Ἐὰν
3769 5174 3861 5232 οὖν

2270 5273 2519 5345 θεωρῆτε
2576 5271 2668 5324 τὸν
2704 5271 2831 5325 Υἱὸν
2854 5269 2950 5324 τοῦ
2974 5268 3261 5338 ἀνθρώπου
3313 5269 3701 5335 ἀναϐαίνοντα,
3732 5272 3863 5326 ὅπου

2270 5363 2341 5436 ἦν
2390 5367 2451 5420 τὸ
2478 5365 2783 5437 πρότερονς
2825 5383 2843 5417 ι
2890 5364 3049 5427 Τίνος
3102 5362 3291 5417 ἕνεκεν
3340 5365 3399 5417 ὲν
3455 5369 3522 5437 τῇ
3572 5368 3863 5436 συναγωγῇ

2276 5459 2591 5523 ἐδίδασκεν;
2627 5458 2781 5526 ’Ἅμα
2813 5455 2914 5526 μὲν
2943 5458 3004 5510 τὸ
3038 5455 3245 5528 πλῆθος
3288 5456 3559 5527 Θηρεῦσαι
3602 5458 3863 5530 βουλόμε-

2279 5571 2393 5619 νος,
2418 5552 2538 5623 ἅμα
2572 5552 2629 5605 6t
2652 5551 2937 5614 δεικνύων,
2975 5550 3057 5603 ὅτι
3097 5552 3199 5604 οὐκ
3237 5552 3481 5615 ιναντίος
3516 5554 3636 5608 toti.
3666 5553 3743 5623 τῷ
3786 5552 3865 5604 νό-

2283 5663 2373 5717 μῳ
2402 5647 2480 5715 τῷ
2513 5645 3017 5715 ἁναγινωσκομένῳ
3052 5648 3110 5698 ἐν
3153 5647 3275 5707 ταῖς
3309 5648 3685 5716 συναγωγαῖς.
3718 5642 3865 5698 Διατί

2275 5737 2331 5790 δὲ
2365 5739 2495 5802 τοὺς
2544 5736 2821 5799 τοιούτους
2870 5735 3063 5803 λόγους
3115 5736 3196 5801 εἰς
3232 5734 3296 5790 τὸ
3346 5736 3515 5808 μέσον
3560 5738 3861 5809 προῦφιρε.

2279 5830 2464 5885 καίτοι
2532 5828 2735 5902 μηδένα
2808 5827 3018 5899 μέλλων
3075 5826 3376 5900 metam,
3451 5829 3589 5884 ἀλλὰ
3636 5826 3858 5886 πολλοὲς
