4078 6330
271 389 409 462 1317

269 603 493 666 άλλοιςς
535 594 713 669 Ὁμοῦ
748 594 852 667 μὲν
884 591 1074 663 τηρῶν
1106 590 1169 644 τὸ
1218 589 1303 662 τῷ
1335 589 1652 660 διδασκάλῳ
1679 587 1898 669 πρέπον

276 681 520 763 ἀξίωμα,
556 666 699 760 ὁμοῦ
730 666 788 740 δέ
825 682 1102 739 δεικνύων
1129 682 1227 735 καὶ
1252 682 1416 753 ἡμῖν,
1454 683 1537 734 ὃτι
1562 678 1654 733 διὰ
1691 666 1895 732 τούτου

276 786 483 860 μᾶλλον
516 776 855 852 ἐφέλκεσθαι
893 776 990 831 τοῦ
1036 775 1253 847 τρόπου
1278 774 1514 829 ἔνεστιν.
1547 773 1614 827 Ei
1649 771 1754 844 μέν
1786 770 1897 842 γάρ

272 879 532 951 ἐπῄνεσε,
570 873 677 929 κᾶν
710 871 921 927 ἔπαθόν
952 888 1009 925 τι
1051 867 1431 942 ἀνθρώπινον,
1464 867 1562 923 καὶ
1596 866 1898 938 ἠλαζονεύ-

275 985 460 1036 σαντο,
504 965 837 1040 χαρίζεσθαι
888 963 1050 1035 αὐτῷ
1108 961 1357 1034 οἰόμενοι
1410 960 1502 1014 διά
1535 961 1639 1032 τῆς
1667 958 1899 1013 ἀκολου-

278 1063 517 1133 θήσεως.
548 1060 624 1114 Τὸ
654 1059 714 1114 δὲ
744 1053 1045 1123 δεικνύναι,
1082 1054 1165 1120 ώς
1215 1055 1277 1109 ού
1308 1054 1484 1109 δεῖται
1509 1053 1611 1124 τῆς
1660 1051 1898 1107 ἀκολου-

276 1154 495 1226 θήσεως
532 1150 745 1216 αὐτῶν,
805 1148 1015 1220 μᾶλλον
1068 1146 1276 1211 αὐτοὺς
1334 1145 1575 1217 ἠδύνατο
1609 1143 1893 1216 κατέχειν,

273 1249 351 1315 ώς
388 1244 897 1319 εύεργετουμένους
928 1241 1161 1315 μᾶλλον,
1196 1240 1231 1312 ἢ
1273 1238 1741 1312 εὐεργετοῦντας,
1784 1239 1898 1305 ,καὶ

275 1342 671 1415 λαμϐάνοντας
699 1332 917 1409 ’χάριν,
988 1335 1025 1407 ἢ
1077 1333 1353 1400 διδόντας.
1390 1333 1598 1389 Σκόπει
1640 1331 1726 1399 δέ,
1774 1331 1895 1396 πῶς

266 1436 521 1501 ’συνετῶς
576 1429 761 1489 εἷπεν.
826 1432 944 1486 Ούκ
977 1424 1102 1484 εἶπε
1148 1428 1283 1503 γάρ,
1355 1427 1695 1483 ’Δπέλθετεο
1731 1424 1896 1480 τοῦτο

266 1532 390 1603 γὰρ
458 1524 865 1597 ἀπωθουμένου
888 1518 996 1597 ἦν’
1060 1521 1180 1578 ἀλλ’
1215 1522 1419 1594 ἐρωτᾷο
1483 1518 1503 1574 ι
1570 1520 1667 1592 Μὴ
1698 1519 1892 1573 θέλετε

266 1625 548 1694 ύπάγεινς
615 1640 635 1675 ι
693 1621 836 1692 ὅπερ
894 1612 965 1691 ἦν
1006 1615 1209 1681 αὐτοὺς
1260 1614 1457 1671 ποιοῦν
1497 1614 1729 1686 κυρίους
1796 1613 1894 1668 τοῦ

272 1715 601 1773 ἀκολουθεῖν
657 1708 755 1767 καὶ
812 1712 914 1783 μή·
982 1708 1323 1776 δεικνύντος,
1360 1708 1446 1763 δτι
1511 1708 1573 1762 ού
1630 1706 1891 1779 βούλεται

274 1810 480 1873 αὐτοὺς
515 1807 661 1862 αἰδοῖ
694 1807 764 1878 τῇ
797 1803 939 1875 πρὸς
975 1803 1142 1858 αὐτὸν
1165 1800 1489 1857 ἀκολουθεῖν
1520 1800 1698 1873 αὐτῷ,
1749 1799 1894 1856 ἀλλά

282 1902 425 1975 μετά
460 1900 557 1955 τοῦ
582 1901 746 1972 χάριν
778 1898 985 1953 ειδέναι
1017 1895 1163 1966 ὑπὲρ
1191 1894 1287 1949 τοῦ
1328 1892 1673 1951 ἀκολουθεῖν.

355 2009 375 2042 ι
426 1988 730 2060 Ἀπεκρίθη
781 1984 933 2058 αύτῷ
979 1985 1166 2056 Σίμων
1200 1984 1441 2055 Πέτροςο
1500 1983 1702 2056 Κύριε,
1748 1983 1892 2055 πρὸς

271 2085 395 2139 τίνα
443 2080 903 2151 ἀπελευσόμεθας
956 2080 1214 2151 Ῥήματα
1260 2075 1405 2149 ζωῆς
1445 2077 1673 2133 αίωνίου
1708 2076 1892 2150 ἔχειςο

271 2176 371 2230 καὶ
396 2177 561 2247 ἡμεῖς
595 2172 1077 2244 πεπιστεύκαμεν,
1105 2172 1202 2228 καλ⁵
1234 2170 1591 2244 ἐγνώκαμεν,
1630 2171 1715 2226 δτι
1746 2171 1813 2225 σὺ
1844 2166 1899 2227 εῐ

272 2271 301 2323 ὁ
328 2268 566 2339 Χριστὸς
588 2271 619 2323 ὁ
642 2267 774 2332 Υίὸς
802 2267 897 2322 τοῦ
922 2267 1059 2322 Θεοῦ
1081 2265 1178 2321 τοῦ
1202 2266 1431 2333 ζῶντος.
1463 2265 1772 2339 ’Δπεκρίθη
1796 2265 1893 2320 αύ-

270 2364 387 2426 τοϊς
400 2363 430 2416 ό
443 2360 679 2433 Ἰησοῦς·
717 2361 834 2415 Οὐκ
850 2359 963 2430 ἐγὼ
982 2362 1127 2431 ὑμᾶς
1141 2358 1267 2425 τοὺς
1284 2359 1498 2415 δώδεκα
1511 2360 1853 2431 ἐξελεξάμην
1873 2376 1891 2427 ;

273 2456 384 2511 Καὶ
413 2456 473 2522 ἐξ
503 2456 661 2528 ὑμῶν
684 2449 765 2519 εἷς
796 2454 1047 2522 διάϐολός
1076 2456 1265 2521 ἐστιν;
1301 2453 1501 2525 Ἔλεγε
1537 2454 1597 2509 δὲ
1623 2455 1719 2509 τὸν
1754 2454 1891 2509 ’ἰού-

270 2548 369 2601 δαν
398 2546 647 2616 Σίμωνος
688 2546 1083 2617 Ἱσκαρίωτην’
1110 2537 1269 2608 οὗτος
1309 2545 1421 2617 γὰρ
1462 2542 1695 2615 ἔμελλεν
1728 2542 1894 2596 αὐτὸν

273 2640 654 2712 παραδιδόναι,
696 2634 777 2703 εἷς
821 2637 900 2692 ὢν
930 2639 997 2693 ἐκ
1029 2637 1139 2691 τῶν
1189 2636 1426 2692 δώδεκα.
1468 2656 1486 2690 ι
1526 2637 1894 2707 Φιλόστοργος

270 2735 350 2787 ὢν
372 2736 403 2788 ό
436 2734 644 2804 Πέτρος
673 2733 771 2787 xal
799 2733 1150 2802 φιλάδελφος,
1190 2732 1334 2803 ύπέρ
1358 2734 1563 2795 παντὸς
1596 2732 1893 2800 ἀπολογεῖ-

272 2846 364 2882 ται
395 2827 492 2881 τοῦ
530 2828 725 2900 χοροῦ.
757 2829 836 2881 Οὐ
866 2830 977 2898 γὰρ
998 2822 1148 2892 εἷπε,
1183 2827 1385 2897 Κύριε,
1429 2826 1567 2898 πρὸς
1601 2825 1724 2880 τίνα
1750 2826 1895 2879 ἀπε-

273 2922 578 2992 λεύσομαι;
614 2924 730 2979 Καὶ
770 2924 852 2977 ὅτι
898 2924 1161 2992 Ἔγνωκα
1192 2928 1288 2979 xci.
1318 2924 1694 2990 πεπίστευκα,
1729 2924 1891 2989 ἀλλὰ,

281 3034 301 3067 ι
340 3016 483 3087 Πρὸς
503 3016 629 3070 τίνα
660 3015 1120 3087 ἀπελευσόμεθα;
1158 3036 1177 3069 ι
1218 3018 1314 3071 καὶ
1357 3017 1428 3071 τὰ
1457 3017 1609 3089 ἐξῆς.
1645 3018 1803 3088 Ζωῆς
1835 3017 1895 3070 δὲ

272 3108 498 3162 αἰωνίου
552 3110 779 3179 ῥήματα
833 3107 981 3179 ἔχειν
1030 3108 1128 3162 τὸν
1181 3109 1392 3181 Κύριόν
1451 3126 1646 3181 φησιν,
1702 3110 1893 3181 ἐπειδὴ

274 3201 510 3273 ἧκουσεν
552 3200 722 3254 αὐτοῦ
767 3199 1045 3271 λέγοντος,
1079 3204 1163 3255 ὃτι
1218 3220 1236 3251 t
1285 3202 1393 3255 Τὸν
1427 3202 1763 3257 πιστεύοντα
1812 3204 1895 3265 εἰς
1924 3228 1973 3291 c

273 3296 377 3367 ἐμὲ
406 3296 724 3366 ἀναστήσω,
759 3297 855 3349 καὶ
895 3295 1010 3360 ἔξει
1043 3296 1191 3363 ζωὴν
1241 3295 1484 3351 αἰώνιον.
1528 3315 1549 3348 ι
1594 3296 1735 3366 Ἤδη
1784 3294 1896 3368 γὰρ

274 3387 375 3457 τὴν
402 3386 706 3440 ἀνάστασιν
734 3380 883 3440 οὗτοι
914 3383 1311 3458 παρεδέξαντο,
1347 3389 1446 3440 καὶ
1470 3388 1656 3441 πᾶσαν
1688 3388 1789 3459 τὴν
1816 3388 1896 3440 δι-

274 3481 602 3535 δασκαλίαν.
634 3482 801 3535 Ὥστε
823 3481 886 3534 οὐ
912 3482 1140 3552 ῥήματα
1183 3476 1325 3552 ἦσαν
1351 3483 1419 3535 τὰ
1442 3483 1893 3550 σκανδαλίζοντα,

275 3573 415 3627 ἀλλά
446 3575 542 3627 καὶ
569 3575 602 3646 ὴ
626 3572 931 3643 ἀπροσεξία
955 3575 1052 3628 καὶ
1085 3575 1119 3644 ἠ
1154 3574 1426 3646 ῥᾳθυμία,
1454 3577 1550 3628 καὶ
1574 3578 1607 3647 ἡ
1642 3578 1897 3647 ἀγνωμο-

278 3667 415 3737 σύνη
445 3666 557 3721 τῶν
602 3668 934 3722 ἀκουόντων.
974 3666 1087 3721 Καὶ
1123 3668 1233 3739 γὰρ
1268 3668 1366 3721 καὶ
1412 3661 1565 3722 οὗτοι
1598 3669 1651 3722 οἱ
1679 3666 1895 3723 δώδεκα

274 3760 347 3812 τὶ
378 3760 522 3813 αὐτά
574 3760 798 3830 ἤκουον,
850 3760 946 3813 καὶ
995 3761 1149 3831 ὅμως
1207 3761 1309 3813 οὐκ
1356 3761 1890 3832 ἐσκανδαλίσθησαν,

275 3851 395 3905 ἀλλ’
419 3852 664 3923 ἔμειναν.
689 3853 757 3905 Τί
789 3848 883 3905 οὖν
909 3854 937 3906 ὁ
963 3854 1201 3923 Χριστός
1219 3849 1391 3924 ;*Αρα
1418 3855 1635 3909 ἐπαινεί
1662 3855 1889 3927 Πέτρον,

275 3945 470 4015 ὥσπερ
513 3944 753 4015 ἀλλαχοῦ
792 3944 955 3999 τοῦτο
1004 3946 1302 4016 ἐποίησεν;
1341 3946 1637 4019 Οὐδαμῶς,
1688 3948 1779 4001 ἵνα
1814 3950 1891 4019 μὴ

271 4039 427 4111 δόξῃ,
467 4041 550 4092 ὅτι
578 4038 869 4092 κολακεύει
903 4038 994 4094 διὰ
1033 4038 1095 4093 τὸ
1129 4041 1476 4110 παραμεῖναι
1503 4040 1677 4111 αὐτῷ.
1728 4040 1895 4095 Ἀλλά

272 4133 328 4186 τί
356 4132 505 4199 λέγει
538 4131 675 4201 πρὸς
706 4131 801 4185 τὸν
834 4131 1079 4203 Πέτρον;
1140 4130 1285 4201 Ἐγὼ
1320 4133 1423 4204 μὲν
1455 4133 1604 4204 ὑμᾶς
1636 4132 1861 4200 ἐξελεξά
1882 4168 1894 4175 υ

279 4240 391 4293 μην
418 4222 543 4287 τοὺς
569 4222 805 4285 δώδεκα,
840 4222 981 4294 πλὴν
1011 4222 1135 4276 οὐδὲ
1167 4224 1328 4293 ὑμεῖς
1359 4223 1605 4287 ἅπαντές
1639 4226 1763 4277 ἐστε
1790 4225 1893 4294 τῆς

276 4316 513 4384 ἐκλογῆς
549 4316 716 4383 ἄξιοι,
740 4314 855 4369 ἀλλ’
890 4309 973 4381 εἷς
1001 4316 1060 4384 ἐξ
1094 4317 1251 4387 ὑμῶν
1278 4317 1525 4381 διάϐολός
1554 4318 1691 4372 ἐστι.
1720 4316 1894 4370 Τοῦτο

277 4409 337 4463 δὲ
367 4408 530 4479 διχῶς
564 4410 808 4478 νοητέον.
836 4409 906 4462 Ἣ
939 4408 1049 4480 γὰρ
1074 4409 1182 4475 ὅτι,
1214 4410 1327 4464 Καὶ
1355 4409 1452 4463 νῦν
1478 4412 1659 4467 πάντα
1692 4410 1759 4463 τὰ
1782 4410 1893 4481 ἐμὰ

274 4501 687 4568 διαϐάλλει,κα“ι
707 4502 861 4556 οὐδὲν
882 4501 1091 4557 τούτων
1115 4503 1469 4575 ἀποδέχεται,
1494 4503 1527 4577 ἦ
1552 4506 1658 4571 ὅτι,
1689 4505 1894 4559 Μέλλει

992 384 1450 449 ENARRATIO
1492 382 1576 446 ΙΝ
1612 378 2129 447 EVANGELIUM
2171 380 2528 445 JOANNIS.
2566 407 2635 418 -
2664 380 2828 443 CAP.
2868 380 2970 443 Vl.

268 505 509 581 ἐπῄνεσε
565 500 696 567 τοὺς
754 499 988 563 δώδεκα,
1020 497 1098 560 ώς
1151 495 1228 567 μὴ
1269 492 1734 565 συναπαχθέντας
1770 493 1887 553 τοῖς

2003 499 2162 547 tatem
2220 492 2439 548 doctori
2488 492 2919 550 convenientem
2962 507 2976 545 :

1919 1850 1973 1913 Β

3039 482 3244 560 partim
3314 488 3448 559 quia
3516 492 3630 551 hoc

2005 589 2172 643 modo
2218 587 2396 658 magis
2427 587 2633 643 attrahi
2672 593 2947 659 poterant.
2987 580 3125 639 Nam
3156 581 3203 639 si
3254 580 3477 653 quidem
3511 583 3634 641 lau-

2005 686 2215 752 dasset,
2274 684 2421 741 forte
2479 684 2784 740 humanum
2841 682 3105 753 quiddam
3162 678 3310 751 passi
3368 676 3629 745 fuissent,

2004 777 2247 849 factique
2276 779 2695 851 arrogantiores
2730 776 3143 831 existimassent
3187 786 3249 829 se
3301 771 3377 827 illi
3414 771 3632 847 gratill-

2003 870 2119 927 cari
2157 880 2385 942 propter
2441 869 2887 933 comitationem.
2939 867 3046 923 Per
3092 866 3197 921 hoc
3227 874 3437 933 autem,
3482 863 3632 935 quod

2003 960 2409 1021 demonstravit
2479 962 2563 1019 eis
2639 976 2701 1019 se
2746 961 2951 1017 nullius
3031 959 3284 1030 indigere
3338 959 3629 1024 comitatu,

2003 1057 2182 1129 magis
2224 1056 2407 1127 potuit
2457 1071 2555 1125 eos
2601 1056 2913 1122 continere,
2988 1069 3056 1110 eo
3088 1054 3237 1124 quod
3298 1050 3628 1108 beneﬁcium

2001 1151 2188 1225 potius
2214 1151 2493 1221 accipiant
2516 1165 2682 1221 quam
2714 1158 3017 1221 praestent:
3053 1155 3113 1203 et
3142 1146 3418 1217 accipiant
3444 1144 3623 1216 magis

2002 1262 2169 1317 quam
2201 1247 2361 1304 dent.
2405 1246 2472 1302 Et
2504 1246 2799 1303 considera
2841 1259 3009 1316 quam
3044 1242 3351 1315 prudenter
3370 1241 3577 1298 dixerit
3610 1258 3628 1297 :

2004 1358 2117 1402 non
2146 1343 2293 1399 enim
2325 1342 2484 1409 dixit,
2510 1342 2695 1406 Abite,
2730 1342 2834 1397 hoc
2863 1341 3013 1395 enim
3048 1338 3365 1408 repellentis
3390 1336 3629 1395 fuisset:

2002 1435 2099 1491 sed
2134 1435 2521 1507 interrogavit,
2578 1450 2599 1487 ι
2636 1432 2781 1490 Num
2815 1432 2982 1488 vultis
3036 1431 3236 1488 abire?
3269 1449 3289 1484 ι
3327 1428 3451 1499 Quo
3492 1445 3625 1487 ver-

2013 1530 2083 1585 bo
2147 1530 2233 1585 eis
2268 1528 2507 1586 liberum
2568 1528 2831 1594 iaciebat,
2884 1535 3273 1597 sequerentur,
3330 1536 3543 1591 necne;
3575 1532 3634 1580 et

2004 1623 2431 1679 demonstrabat
2458 1625 2609 1694 quod
2657 1622 2832 1679 nollet
2860 1636 2959 1679 eos
3013 1620 3326 1678 reverentia
3376 1632 3508 1691 erga
3542 1630 3627 1683 se,

2004 1716 2260 1772 comitari
2294 1731 2356 1773 se
2395 1734 2410 1773 :
2454 1717 2550 1773 scd
2584 1726 2645 1772 ut
2698 1716 2910 1773 scirent
2945 1713 3276 1771 beneﬁcium
3321 1727 3450 1771 esse
3475 1712 3625 1783 quod

2004 1818 2329 1881 sequantur.

2077 1986 2248 2045 Vna.
2276 1985 2472 2043 69-72.
2504 2004 2523 2038 ι
2558 1984 2869 2057 Respondit
2890 2002 3025 2059 ergo
3054 1987 3105 2042 ei
3148 1985 3340 2043 Simon
3376 1984 3618 2043 Petrus:

2004 2080 2173 2155 599
2198 2080 2450 2146 Domine,
2474 2080 2540 2134 ad
2574 2095 2737 2151 quem
2766 2080 3004 2135 ibimus?
3036 2077 3218 2135 Verba
3248 2080 3374 2135 vim
3398 2089 3622 2135 teternze

2003 2174 2195 2241 babes,
2219 2182 2277 2230 et
2322 2187 2422 2229 nos
2468 2173 2745 2228 credimus
2779 2182 2834 2228 et
2879 2173 3243 2245 cognovimus
3283 2171 3432 2243 quod
3478 2178 3535 2227 tu
3565 2185 3629 2229 es

2004 2268 2257 2325 Christus
2279 2265 2448 2321 Filius
2477 2266 2572 2322 Dei
2596 2265 2727 2321 vivi.
2748 2264 3157 2337 Responditeis
3185 2264 3349 2322 Jesus
3384 2284 3397 2320 :
3426 2264 3628 2322 Nonne

2004 2375 2109 2433 ego
2134 2375 2231 2416 vos
2261 2360 2551 2416 duodecim
2578 2359 2761 2429 elegi?
2797 2368 2854 2417 et
2877 2374 2947 2416 ex
2994 2359 3151 2416 vobis
3192 2374 3338 2416 unus
3378 2358 3632 2415 diabolus

2003 2455 2122 2511 eSI?
2148 2453 2377 2510 Dicebat
2400 2462 2585 2509 autem
2616 2454 2683 2508 de
2718 2452 2859 2508 Juda
2898 2452 3147 2509 Simonis
3186 2453 3490 2509 lscariouc.
3528 2450 3631 2507 llic

2003 2538 2150 2605 enim
2186 2548 2507 2619 proditurus
2534 2556 2656 2604 erat
2685 2564 2837 2617 cuiu,
2880 2562 3006 2603 cum
3036 2558 3186 2603 esset
3217 2563 3360 2604 unus
3388 2562 3457 2605 ex
3486 2548 3634 2607 duo-

2004 2640 2205 2696 decim.
2259 2658 2278 2691 ι
2344 2639 2542 2694 Petrus
2576 2655 2701 2695 cum
2750 2647 2902 2695 esset
2953 2647 3170 2693 amator
3220 2638 3476 2702 iratrum,
3529 2649 3634 2706 pro

2006 2746 2121 2791 toto
2151 2734 2323 2791 choro
2352 2735 2673 2804 respondet.
2710 2733 2830 2789 Non
2881 2735 3027 2788 enim
3057 2734 3217 2799 dixit,
3262 2730 3520 2798 Domine,
3563 2732 3634 2785 ad

2004 2845 2166 2900 quem
2196 2829 2324 2884 ibo?
2360 2837 2439 2895 et,
2473 2827 2719 2899 Cognovi
2760 2837 2815 2882 et
2846 2828 3081 2899 credidi,
3118 2827 3237 2889 sed,
3287 2843 3307 2877 ι
3356 2824 3437 2879 Ad
3468 2840 3631 2895 quem

2006 2921 2245 2979 ibimus?
2275 2940 2294 2974 ι
2333 2930 2444 2976 etc.
2480 2920 2619 2976 Vitas
2650 2931 2832 2976 autem
2870 2929 3092 2975 aeternae
3121 2920 3287 2973 verba
3336 2916 3629 2974 Dominum

2006 3018 2211 3074 habere
2241 3016 2395 3083 dicit,
2430 3014 2559 3084 quia
2589 3013 2877 3068 audiverat
2911 3020 3038 3067 eum
3081 3012 3383 3075 dicentem,
3428 3028 3447 3062 ο
3485 3008 3628 3065 Eum

2005 3110 2097 3182 qui
2121 3108 2293 3165 credit
2320 3110 2375 3163 in
2412 3122 2520 3171 me,
2542 3106 2911 3172 resuscitabo,
2934 3112 2989 3159 et
3018 3104 3244 3159 habebit
3266 3102 3431 3158 vitam
3463 3113 3631 3158 acter-

2006 3220 2156 3259 uam.
2189 3221 2207 3253 ›
2252 3201 2377 3256 .lam
2407 3201 2556 3257 enim
2590 3198 2666 3255 illi
2705 3197 3175 3253 resurrectionem
3206 3203 3554 3265 receperant,
3577 3202 3634 3248 et

2001 3312 2222 3353 omnem
2260 3296 2572 3352 doctrinam
2632 3311 2647 3347 :
2697 3294 2885 3364 itaque
2934 3292 3105 3347 verba
3145 3292 3263 3361 ipsa
3298 3286 3634 3344 on‘endiculo

2000 3407 2108 3447 non
2149 3397 2333 3454 erant,
2368 3388 2463 3445 sed
2527 3385 2851 3443 attendendi
2902 3384 3233 3455 negligentia
3294 3392 3351 3437 et
3386 3379 3629 3450 ignavia,

2002 3484 2485 3555 imprudentiaque
2507 3482 2849 3537 auditorum.
2872 3480 3009 3534 Nam
3040 3477 3097 3533 hi
3122 3476 3414 3533 duodecim
3435 3477 3627 3531 eadem

1998 3585 2315 3645 audierunt,
2350 3593 2454 3634 nec
2481 3586 2664 3633 tamen
2713 3586 2841 3630 sunt
2875 3573 3095 3638 olTeusi,
3131 3572 3229 3629 sed
3274 3577 3624 3627 manserunt.

2000 3675 2140 3743 Quid
2174 3674 2339 3747 igitur
2362 3670 2652 3729 Christus?
2681 3668 2939 3739 Nunquid
2978 3669 3165 3722 laudat
3201 3665 3446 3729 Petrum,
3484 3664 3631 3718 sicut

1999 3769 2107 3824 alio
2129 3768 2248 3823 loco
2268 3765 2437 3822 facit?
2472 3764 2719 3828 Minime,
2748 3772 2808 3817 ut
2850 3778 2919 3817 ne
2952 3760 3236 3815 videretur
3264 3755 3502 3813 blandiri
3550 3756 3627 3810 illi

1999 3857 2146 3929 quod
2180 3858 2323 3927 apud
2352 3869 2412 3911 se
2442 3862 2715 3908 maneret.
2764 3851 2874 3906 Sed
2922 3850 3052 3920 quid
3084 3848 3230 3903 dixit
3262 3847 3328 3903 ad
3364 3844 3631 3903 Petrum?

1998 3951 2114 4021 Ego
2136 3949 2357 4019 quidem
2382 3962 2482 4003 vos
2514 3945 2651 4017 elegi
2683 3945 2998 4007 duodecim,
3030 3951 3411 3997 verumtamen
3448 3954 3628 4010 neque

2000 4059 2096 4099 vos
2129 4056 2323 4097 omnes
2358 4040 2498 4095 estis
2540 4039 2811 4094 electione
2843 4037 3016 4107 digni,
3047 4038 3143 4090 sed
3181 4050 3323 4090 unus
3356 4050 3423 4090 ex
3464 4032 3623 4091 vobis

2000 4135 2250 4193 diabolus
2276 4141 2377 4188 est.
2406 4132 2522 4187 Hoc
2546 4140 2729 4185 autem
2760 4130 3017 4185 bifariam
3049 4137 3134 4183 est
3161 4126 3579 4196 intelligendum
3612 4143 3626 4180 :

2000 4226 2086 4283 vel
2154 4226 2301 4280 enim
2347 4225 2429 4279 sic
2466 4242 2479 4278 :
2512 4222 2667 4279 Nunc
2714 4237 2834 4277 mea
2886 4220 3072 4277 omnia
3132 4218 3524 4283 calumniatur,
3574 4225 3630 4273 et

2001 4317 2139 4372 nihil
2192 4317 2409 4372 illorum
2453 4314 2647 4384 recipit
2680 4331 2695 4379 ;
2734 4312 2819 4368 vel
2865 4314 2948 4369 sic
2983 4328 2999 4370 :
3029 4310 3481 4367 Calumniaturus
3536 4319 3623 4365 est

2002 4427 2109 4467 me.
2137 4410 2203 4465 Et
2230 4412 2375 4465 enim
2401 4411 2585 4480 reipsa
2617 4407 2747 4465 talis
2778 4407 3032 4477 apparuit
3054 4404 3252 4468 Judas,
3278 4403 3628 4460 calumnians

2002 4508 2142 4577 apud
2185 4503 2409 4561 Iudaeos
2445 4503 2763 4568 Dominum,
2799 4511 2853 4557 et
2882 4500 3148 4574 mysteria
3193 4498 3313 4563 ejus
3348 4497 3456 4552 illis
3490 4494 3624 4553 επιξ-

272 4594 556 4649 διαϐαλεῖν
606 4593 729 4665 ἐμέ.
774 4594 885 4647 Καὶ
911 4593 1024 4665 γὰρ
1071 4596 1246 4659 δντως
1298 4595 1546 4661 τοιοῦτος
1598 4596 1891 4668 ἀπεφάνθη

2004 4617 2154 4667 rens,
2191 4601 2337 4656 sicut
2363 4608 2419 4654 et
2461 4597 2630 4652 David
2660 4597 2729 4652 de
2759 4596 2878 4666 ipso
2927 4595 3059 4649 dicit
3094 4610 3108 4648 :
3160 4611 3179 4645 ι
3220 4590 3623 4663 Egrediebatur

288 4686 517 4753 Ἰούδας,
538 4686 844 4740 διαϐάλλων
866 4686 1004 4757 πρὸς
1032 4686 1318 4751 Ἰουδαίους
1340 4687 1431 4742 τὸν
1454 4688 1681 4760 Κύριον,
1701 4690 1799 4743 καὶ
1821 4689 1893 4743 τά

280 4782 560 4854 μυστήρια
593 4779 765 4834 αὑτοῦ
813 4779 1068 4853 ἐκφέρων
1121 4782 1343 4847 αὐτοῖς·
1400 4781 1547 4837 καθὰ
1590 4784 1686 4838 καὶ
1725 4781 1892 4837 Δαυῒδ

276 4877 410 4949 περὶ
454 4874 622 4931 αὐτοῦ
671 4892 867 4947 φησιν·
924 4892 943 4926 t
995 4874 1391 4946 Ἐξεπορεύετο
1422 4874 1549 4941 ἔξω,
1578 4875 1675 4929 καὶ⁵
1708 4875 1891 4928 ἐλάλει

278 4969 375 5025 ἐπὶ
411 4968 474 5023 τὸ
506 4967 660 5023 αὑτό.
701 4987 720 5033 ι
757 4968 925 5036 Λέγει
977 4968 1038 5021 δέ
1089 4967 1265 5021 ταῦτα
1306 4968 1445 5039 πρὸς
1481 4968 1574 5021 τὸν
1620 4967 1892 5040 Πέτρονό

279 5062 511 5132 Κύριος,
544 5059 930 5133 διορθούμενος
964 5061 1150 5114 αὐτόν.
1172 5060 1356 5129 ,Ἐπεὶ
1390 5061 1499 5131 γὰρ
1532 5055 1686 5113 εἶπεν
1724 5062 1752 5114 ὁ
1784 5060 1893 5115 Πέ-

278 5172 433 5226 τρος,
494 5155 602 5219 ὅτι,
644 5155 756 5207 Καὶ
802 5154 1133 5223 ἐγνώκαμεν
1164 5154 1261 5206 καὶ
1294 5154 1767 5224 πεπιστεύκαμεν,
1800 5154 1896 5224 Μὴ

277 5249 441 5302 τοῦτο
484 5248 700 5319 νόμιζε,
752 5248 944 5318 φησίν.
988 5249 1066 5303 Οὐ
1101 5247 1211 5320 γὰρ
1266 5248 1469 5313 πάντες
1516 5249 1642 5302 ἐστέ
1686 5248 1893 5313 πιστοὶ,

276 5340 401 5394 οὐδὲ
436 5343 642 5403 πάντες
678 5357 748 5411 με
780 5340 1085 5408 ἐγνώκατε.
1124 5340 1269 5411 Ὅρα
1307 5340 1362 5394 δέ
1396 5360 1487 5411 μοι
1518 5342 1610 5396 τὸν
1662 5341 1892 5413 Κύριον,

279 5436 401 5497 πῶς
448 5433 531 5488 [τι
592 5434 883 5506 πόρρωθεν
915 5434 1010 5490 τοῦ
1047 5436 1314 5505 προδότου
1356 5434 1457 5506 τὴν
1510 5436 1715 5490 κακίαν
1764 5436 1896 5491 ἀνα-

278 5530 638 5602 κρουόμενος,
678 5531 774 5585 καὶ
810 5532 1180 5601 ἀναχαιτίζων
1229 5531 1421 5602 αὐτὴν,
1474 5531 1650 5588 ταῦτά
1688 5551 1891 5605 φησιν·

278 5622 440 5688 εἰδὼς
493 5626 614 5694 μὲν,
651 5625 734 5678 ὅτι
777 5625 933 5678 οὐδὲν
968 5626 1266 5696 ὠφελήσει,
1298 5626 1448 5696 ὅμως
1484 5626 1541 5679 δὲ
1588 5627 1649 5679 τὸ
1690 5626 1889 5681 ἑαυτοῦ

279 5716 489 5773 ποιῶν·
536 5718 631 5770 καὶ
686 5718 811 5771 οὗτε
871 5718 1109 5789 φανερὸν
1181 5718 1347 5771 αὑτὸν
1404 5720 1686 5790 ἐποίησεν,
1763 5719 1889 5775 οὔτε

356 5901 399 5933 ⁸³
439 5899 578 5952 l‘sul.
611 5915 697 5957 XL.
738 5900 790 5953 7.

2003 4695 2175 4759 foras,
2226 4702 2281 4748 et
2318 4692 2648 4761 loquebatur
2701 4689 2755 4743 in
2797 4688 3036 4760 idipsum
3060 4685 3131 4741 “.
3174 4704 3193 4738 ι
3253 4684 3395 4740 Dicit
3435 4692 3622 4738 autem

2002 4789 2121 4844 hac
2149 4787 2216 4842 ad
2246 4786 2466 4841 Petrum
2500 4785 2779 4847 Dominus,
2801 4782 3106 4837 emendans
3141 4794 3265 4833 eum
3289 4794 3305 4846 ;
3325 4776 3450 4847 quia
3475 4778 3623 4833 enim

2001 4882 2217 4936 dixerat
2247 4878 2466 4944 Petrus,
2514 4876 2582 4932 Et
2611 4877 2971 4948 cognovimus
3019 4883 3074 4930 et
3118 4872 3456 4929 credidimus
3491 4888 3506 4926 :
3542 4869 3623 4926 Ne

2002 4976 2107 5031 hoc
2126 4984 2307 5045 putes,
2331 4973 2527 5043 inquit,
2560 4986 2666 5026 nou
2692 4970 2839 5025 enim
2875 4982 3071 5023 omnes
3100 4966 3236 5022 estis
3266 4964 3483 5029 ﬁdeles,
3518 4980 3619 5019 ne-

2000 5082 2107 5140 que
2150 5081 2344 5123 omnes
2385 5078 2472 5120 me
2516 5063 2871 5133 cognovisﬁs.
2912 5062 3049 5117 Vide
3108 5069 3293 5115 autem
3341 5060 3619 5130 quomodo

1995 5171 2156 5217 antea
2188 5160 2452 5215 Dominus
2483 5156 2785 5229 proditoris
2820 5155 3091 5209 malitiam
3133 5152 3412 5223 repellens
3438 5162 3494 5209 et
3526 5165 3619 5207 re-

1996 5255 2372 5313 irenanslhtec
2400 5254 2556 5318 dicit,
2593 5251 2777 5308 sciens
2807 5248 3031 5319 quidem
3072 5248 3217 5317 quod
3254 5247 3390 5303 nihil
3428 5246 3619 5317 profu-

1995 5364 2153 5411 turus
2204 5361 2377 5416 esset,
2425 5347 2792 5405 nihilominus
2845 5355 3027 5401 tamen
3097 5344 3245 5413 quod
3308 5358 3467 5397 suum
3497 5352 3618 5396 erat

1996 5446 2229 5512 faciens,
2261 5457 2439 5513 neque
2494 5442 2647 5497 illum
2700 5437 3098 5503 manifestavit,
3154 5451 3331 5505 nequc
3390 5434 3616 5489 omnino

1995 5540 2271 5598 occultum
2305 5552 2428 5593 esse
2469 5534 2723 5601 permisit
2758 5555 2769 5589 :
2804 5534 2937 5589 illud
2962 5532 3208 5603 quidem,
3244 5539 3301 5584 ut
3346 5545 3412 5584 ne
3439 5529 3617 5598 impu-

1996 5631 2218 5686 dentior
2251 5637 2305 5683 et
2339 5626 2738 5683 contentiosior
2782 5624 2939 5679 lieret
2972 5640 2986 5677 :
3039 5623 3143 5677 hoc
3182 5631 3391 5686 autem,
3440 5631 3499 5672 ut
3545 5634 3613 5673 ne

2000 5721 2232 5779 licenter
2262 5719 2475 5777 facinus
2505 5727 2773 5789 patraret,
2807 5716 3091 5774 occultum
3119 5714 3248 5771 illud
3275 5723 3491 5785 putans.
3531 5709 3610 5765 Ex
