4078 6330
534 427 665 489 1327

1443 404 2010 469 THEOPHYLACTI
2046 399 2452 463 BULGARIAE
2486 399 2835 459 ARCIIIEP.

3624 388 3749 454 1328

533 535 621 587 lllu
663 535 877 598 propter
933 533 1131 579 metum
1165 517 1487 576 Judaeorum.
1531 534 1548 566 ι
1583 513 1700 567 Pra:
1753 514 1922 568 multo
1961 511 2084 566 odio

2198 507 2270 562 5ιά
2303 507 2394 560 τὸν
2423 506 2587 574 φόϐον
2612 505 2720 556 τῶν
2770 501 3063 555 Ἰουδαίων.
3108 520 3122 552 ι
3158 499 3288 552 “Art-3
3320 498 3517 551 πολλοῦ
3566 498 3751 567 μίσους

530 620 696 676 Juda'i
742 619 900 673 etiam
935 627 1125 670 nomen
1179 610 1293 679 ejus
1339 623 1440 662 non
1472 605 1769 677 proferunt.
1803 603 1919 656 Non
1945 601 2085 654 enim

533 715 712 768 dicunt
744 730 755 765 :
793 709 891 766 Ubi
919 717 999 762 est
1029 703 1222 760 Iesus?
1251 701 1364 765 sed,
1411 718 1431 750 ι
1485 696 1586 751 Ubi
1617 705 1703 751 est
1729 695 1852 748 ille?
1885 711 1902 742 ›
1940 693 2012 745 lta
2040 699 2092 743 et

536 807 633 872 ipsi
665 808 778 870 ejus
838 799 1039 855 nomini
1073 795 1508 852 adversabantur.
1569 787 1866 844 Considera
1913 793 2087 835 autem

533 912 690 966 quam
725 893 861 946 avidi
902 890 1096 944 iuerint
1139 884 1320 949 caedis,
1357 897 1478 936 eum
1520 894 1691 947 neque
1730 891 1823 945 per
1874 885 2084 938 tempus

536 984 840 1041 festivitatis
898 982 970 1034 illi
1035 983 1336 1047 parcerent,
1393 973 1485 1026 sed
1546 971 1726 1024 venari
1795 965 1942 1019 illum
1996 977 2089 1028 per

533 1079 661 1133 illud
713 1076 982 1138 volebant,
1056 1071 1170 1123 ideo
1213 1077 1266 1122 et
1331 1063 1683 1134 quaerebant:
1721 1071 1824 1111 tam
1870 1069 2086 1124 parvam

537 1169 890 1225 reverentiam
918 1164 1019 1217 diei
1051 1161 1188 1214 festo
1213 1157 1562 1217 exhibebant,
1597 1151 1833 1217 taliaque
1878 1146 2087 1198 illorum

532 1272 685 1317 erant
713 1274 892 1328 Opera.
933 1255 1169 1308 Murmur
1191 1261 1365 1306 autem
1403 1245 1625 1300 multum
1677 1243 1741 1293 de
1773 1253 1837 1293 eo
1886 1245 2000 1290 erat
2036 1236 2088 1286 in

535 1351 724 1413 tutbis,
784 1348 1036 1418 quoniam
1089 1343 1257 1405 variae,
1291 1340 1356 1392 de
1409 1336 1496 1388 illo
1574 1339 1728 1385 erant
1786 1324 2084 1386 sententiae,

533 1416 836 1496 dicentibus
875 1435 1085 1504 quidem
1117 1429 1446 1501 principibus
1472 1442 1484 1477 :
1526 1440 1545 1473 ‹
1572 1419 1787 1474 Sedueit
1815 1416 2035 1477 turbas;
2065 1431 2082 1462 ι

540 1533 716 1587 multis
746 1539 919 1582 autem
951 1523 1286 1579 dicentibus:
1332 1537 1350 1569 ι
1387 1517 1563 1570 Bonus
1592 1523 1692 1566 est.
1723 1528 1740 1560 ι
1777 1507 1874 1570 Qui
1911 1513 2088 1558 autem

532 1639 650 1676 cum
694 1623 887 1674 bonum
941 1615 1209 1671 dicebant.
1256 1609 1320 1663 de
1384 1607 1535 1659 turba
1585 1608 1756 1655 erant.
1812 1597 1875 1648 Et
1949 1593 2089 1662 quod

539 1720 637 1769 liee
672 1713 740 1766 sit
795 1723 997 1770 verum,
1041 1703 1384 1759 manifestum
1411 1708 1488 1752 est
1525 1712 1587 1749 ex
1633 1707 1698 1748 eo
1738 1690 1878 1761 quod
1929 1702 2088 1741 evan-

536 1806 722 1876 gelista
754 1803 881 1858 dicit
908 1798 1107 1853 nullum
1142 1795 1304 1848 fuisse
1337 1805 1521 1845 ausum
1573 1788 1737 1840 libere
1770 1781 1912 1850 loqui
1964 1793 2087 1847 pro-

942 1891 1268 1944 .Iudaeorum.
1321 1881 1659 1936 Manifestum
1708 1877 1850 1930 enim
1892 1871 2030 1941 quod
2061 1884 2090 1922 e
2121 1854 2162 1908 Β

540 1963 690 2042 iurba
719 1995 874 2041 erant
903 1983 989 2051 qui
1017 1982 1081 2034 de
1106 1979 1194 2032 illo
1219 1975 1389 2044 palam
1415 1971 1556 2038 loqui
1590 1970 1702 2022 ausi
1733 1983 1835 2019 nun
1871 1963 2087 2025 fuerint,

538 2091 587 2131 et
630 2078 877 2128 timentes
909 2071 1172 2140 principes
1221 2065 1522 2120 Judmorum
1579 2058 1843 2113 silueriut.
1882 2054 1986 2107 Sed
2037 2065 2090 2106 et

537 2187 630 2224 eos
661 2169 750 2237 qui
797 2166 1082 2218 dicebant:
1130 2178 1146 2210 ‹
1193 2158 1411 2211 Seducit
1445 2154 1671 2214 turbam,
1705 2169 1722 2200 ι
1780 2147 2087 2215 conjectura

534 2270 637 2324 est,
669 2274 732 2314 ex
765 2253 1093 2326 principibus
1124 2250 1287 2304 fuisse
1316 2247 1402 2314 qui
1430 2245 1571 2297 illum
1601 2238 2087 2295 caluumiabantur.

534 2356 664 2408 Nam
697 2354 740 2406 si
773 2351 998 2404 fuissent
1029 2362 1093 2401 ex
1135 2344 1309 2406 turba,
1342 2341 1606 2393 dixissent
1647 2355 1659 2388 :
1696 2333 1916 2387 Seducit
1953 2323 2086 2391 nos;

533 2450 684 2502 Nunc
709 2455 885 2498 autem
915 2455 1034 2495 cum
1062 2438 1274 2491 dicunt:
1308 2453 1324 2484 ι
1359 2427 1828 2487 Seducitturbam,
1867 2442 1883 2474 ›
1910 2430 2090 2476 osten-

537 2542 682 2592 ditur
705 2535 844 2607 quod
873 2549 975 2586 non
1000 2531 1196 2584 fuerint
1217 2527 1280 2580 de
1313 2524 1488 2586 turba,
1519 2521 1610 2575 sed
1643 2534 1704 2572 ex
1731 2513 2087 2585 principibus,

538 2633 627 2696 qui
667 2628 788 2680 talia
823 2627 1088 2678 dicebant.
1118 2619 1246 2672 Vide
1277 2626 1451 2668 autem
1474 2613 1667 2679 ubique
1688 2609 1957 2679 principes
1976 2619 2093 2658 cor-

538 2731 742 2785 ruptus,
788 2715 1028 2771 subditos
1087 2702 1212 2761 vero
1273 2708 1632 2770 incorruptos.
1713 2697 2089 2750 Verumtamen

533 2811 656 2876 quia
715 2806 949 2859 viriliore
1002 2801 1181 2853 animo
1240 2795 1515 2855 carebant,
1569 2790 1742 2842 adhuc
1797 2782 2091 2854 imperfecti

536 2901 842 2958 manebant,
872 2906 924 2948 ct
951 2894 1116 2945 libere
1145 2888 1274 2942 nihil
1302 2886 1590 2938 audebant.

609 3169 770 3221 Vsus.
820 3160 994 3216 ιι-ιϐ.
1024 3176 1042 3208 ι
1075 3157 1208 3211 Cum
1256 3165 1434 3206 autem
1480 3150 1589 3217 jam
1643 3148 1920 3200 dimidium
1968 3141 2088 3197 festi

537 3269 808 3330 peractum
865 3263 1055 3315 esset,
1100 3249 1334 3303 ascendit
1383 3244 1535 3299 Iesus
1585 3244 1636 3295 in
1685 3239 1933 3308 templum
1971 3278 1985 3301 ,
2027 3250 2088 3289 ac

536 3355 782 3409 docebat.
817 3350 878 3402 Et
916 3344 1244 3400 mirabantur
1283 3338 1472 3401 Judtei,
1509 3337 1779 3391 dicentes:
1812 3331 2088 3398 Quomodo

538 3447 622 3499 hic
672 3444 875 3497 litteras
907 3439 1028 3502 scit,
1054 3450 1173 3490 cum
1213 3447 1320 3488 non
1353 3427 1642 3484 didicerit?
1671 3425 1962 3494 Respondit
2011 3423 2090 3476 eis

534 3540 711 3596 Jesus.
738 3543 790 3588 et
815 3533 948 3586 dixit
977 3547 990 3582 :
1025 3528 1138 3582 Mea
1172 3525 1420 3581 doctrina
1453 3535 1558 3574 non
1587 3531 1668 3574 est
1687 3532 1826 3581 mea,
1853 3517 1946 3569 sed
1975 3514 2091 3580 ejus

536 3627 625 3695 qui
660 3639 743 3678 me
775 3623 936 3676 misit.
967 3637 985 3670 ι
1017 3617 1192 3684 Quare
1225 3613 1466 3668 ascendit
1495 3624 1614 3663 cum
1639 3617 1780 3662 esset
1807 3605 2089 3659 dimidium

536 3717 698 3771 festi?
739 3713 807 3767 Ut
864 3712 1062 3766 leniret
1110 3707 1320 3761 illorum
1372 3704 1636 3763 animum,
1673 3711 1724 3753 et
1779 3701 1999 3764 ins’uper
2037 3703 2094 3747 ut

541 3806 727 3875 majori
786 3801 1082 3856 attentione
1120 3796 1368 3875 apdireut
1411 3807 1474 3847 ea
1512 3809 1628 3860 qua:
1655 3789 1724 3844 ab
1771 3789 1885 3857 ipso
1946 3786 2093 3840 dice-

541 3901 756 3962 bantur,
797 3910 862 3947 ne
891 3892 1018 3945 festi
1051 3888 1307 3957 strepitus
1347 3885 1554 3939 illorum
1580 3897 1740 3935 aures
1769 3879 2091 3932 occluderet.

538 3990 668 4043 Nam
699 3989 749 4042 in
779 3983 1039 4055 principio
1078 3981 1196 4034 festi
1226 3975 1515 4031 Verisimile
1544 3982 1628 4028 est
1655 3987 1746 4026 eos
1779 3971 1828 4022 iu
1867 3970 1950 4022 his
1977 3982 2097 4036 quae

537 4082 657 4136 l'esti
699 4084 873 4141 erant,
905 4080 1193 4141 occupatos
1255 4068 1439 4121 fuisse.
1473 4063 1608 4117 Cum
1664 4061 1824 4130 igitur
1878 4067 2096 4126 repente

539 4172 872 4242 apparuisset
897 4165 995 4229 eis,
1037 4159 1354 4230 simpliciter
1382 4159 1663 4212 audierunt
1696 4167 1904 4214 omnes,
1975 4165 2098 4220 par-

541 4266 633 4317 tim
669 4262 813 4314 illum
863 4259 1081 4321 bonum,
1119 4253 1311 4322 partim
1371 4250 1733 4316 impostorem,
1781 4244 2020 4297 dicentes
2080 4260 2092 4294 :

542 4365 595 4410 et
646 4354 733 4406 alii
774 4350 988 4422 quidem
1021 4357 1077 4400 ut
1132 4344 1263 4399 lucri
1302 4341 1551 4411 quiddam
1582 4340 1704 4393 inde
1735 4339 2092 4408 perciperent,

542 4457 594 4502 et
625 4443 1066 4503 admirarentur;
1100 4435 1187 4490 alii
1234 4441 1409 4486 autem
1442 4437 1498 4482 ut
1542 4428 1688 4481 illum
1739 4423 2098 4494 reprehende-

2191 603 2238 654 οί
2266 598 2512 652 Ἰουδαῖοι
2558 597 2676 648 οὑδὲ
2727 594 2821 647 τοῦ
2867 595 3128 662 ὀνόματος
3188 591 3353 642 αὑτοῦ
3424 590 3744 658 μέμνηνται.

2195 690 2267 743 Οὐ
2299 689 2406 760 γὰρ
2443 689 2680 754 λέγουσι,
2729 686 2838 738 Ποῦ
2875 688 3023 738 ἐστιν
3068 685 3095 734 6
3126 681 3362 748 ’1ησοῦς;
3401 681 3557 744 ἀλλὰ,
3599 698 3616 729 ι
3653 681 3751 732 [ιον]

2192 785 2345 835 ἐστιν
2376 784 2578 844 ἐκεῖνος
2609 798 2622 844 ;
2659 798 2676 829 ι
2743 779 2883 830 οὕτω
2917 779 3008 830 καὶ
3051 775 3129 844 τῷ
3156 775 3378 842 ὀνόματι
3421 773 3588 825 αὑτοῦ
3621 773 3753 840 ψιλῷ

2195 875 2586 945 ἀπηχθάνοντο.
2635 872 2833 924 Σκόπει
2883 871 2938 922 δέ
2999 886 3086 938 μοι
3133 870 3225 920 καὶ
3290 869 3388 934 τὴν
3447 867 3753 936 μιαιφονίαν

2193 968 2393 1030 αὐτῶν,
2431 967 2545 1025 πῶς
2582 964 2698 1015 οὐδὲ
2743 963 2835 1014 τοῦ
2891 961 3080 1030 καιροῦ
3113 960 3210 1026 τῆς
3243 961 3431 1028 ἑορτῆς
3467 958 3750 1025 ἐφείδοντο,

2192 1059 2328 1110 ἀλλὰ
2372 1056 2632 1125 Θηρεῦσαι
2682 1055 2822 1105 κατὰ
2862 1053 3062 1121 ταύτην
3120 1051 3279 1104 αὑτὸν
3318 1051 3638 1102 ἐϐούλοντο·
3682 1050 3754 1100 διὸ

2193 1153 2283 1202 καὶ
2308 1150 2534 1215 ἑζήτουν
2567 1163 2578 1174 ·
2606 1147 2748 1198 οὕτω
2785 1145 2984 1214 πολλὴν
3012 1143 3298 1196 εὐλάϐειαν
3337 1144 3429 1194 καὶ
3469 1142 3600 1194 αἰδῶ
3634 1141 3752 1209 ἐτή-

2196 1258 2319 1310 ρουν
2345 1235 2467 1309 περὶ
2490 1239 2582 1298 τὰς
2606 1239 2817 1307 ἑορτὰς,
2835 1241 2926 1289 καὶ
2952 1235 3174 1290 τοῑιῦτα
3190 1231 3255 1302 ἦν
3275 1234 3452 1285 αὐτῶν
3474 1235 3540 1284 τὰ
3561 1247 3754 1301 κσιτορ⁴

2193 1332 2437 1400 θώματα.
2485 1349 2500 1379 ι
2542 1329 2857 1396 Γογγυσμος
2904 1328 2957 1378 δὲ
2991 1328 3116 1393 περὶ
3146 1326 3304 1377 αὐτοῦ
3327 1321 3395 1394 ἦν
3443 1326 3629 1383 ἐντοῖς
3674 1323 3756 1390 ὅχ-

2192 1422 2320 1485 λοις,
2349 1439 2364 1470 ι
2391 1421 2575 1489 ἐπειδὴ
2593 1421 2839 1487 διάφοροι
2874 1418 2998 1485 περὶ
3026 1415 3189 1468 αὑτοῦ
3209 1412 3345 1486 ἦσαν
3369 1415 3582 1482 γνῶμαι
3607 1430 3619 1442 ·
3653 1415 3756 1463 τίων

2201 1516 2298 1584 μὲν
2349 1515 2626 1583 ἀρχόντων
2663 1512 2950 1578 λεγόντων,
2983 1511 3062 1562 ὅτι
3104 1530 3120 1561 ι
3159 1510 3340 1578 Πλανᾷ
3371 1508 3462 1560 τὸν
3497 1507 3653 1576 ὄχλον
3684 1521 3695 1533 ·
3735 1523 3750 1554 ι

2193 1602 2399 1653 πολλῶν
2441 1602 2494 1652 δὲ
2523 1601 2810 1668 λεγόντων,
2846 1601 2925 1651 ὅτι
2956 1619 2972 1650 ι
3017 1598 3244 1666 Ἀγαθός
3267 1600 3430 1650 ἐστιν.
3473 1616 3490 1648 ι
3519 1593 3675 1649 Οὗτοι
3704 1595 3756 1647 δὲ

2192 1695 2298 1762 ἄρα
2338 1697 2386 1745 οἱ
2415 1693 2662 1760 λέγοντες
2706 1691 2867 1745 αὑτὸν
2904 1692 3128 1758 ἀγαθὸν,
3163 1693 3225 1742 ἑκ
3262 1690 3354 1742 τοῦ
3392 1689 3550 1758 ὄχλου
3598 1684 3755 1758 ἦσαν.

2197 1785 2390 1837 Ὅτιδὲ
2418 1785 2573 1837 τοῦτο
2608 1783 2826 1853 ἀληθὲς,
2865 1784 3020 1851 δῆλον
3049 1785 3112 1833 ἑκ
3145 1781 3235 1833 τοῦ
3266 1782 3442 1832 εἰπεῖν
3476 1779 3566 1831 τὸν
3595 1780 3758 1846 εὐαγο

2194 1881 2467 1948 γελιστὴν,
2501 1881 2578 1941 ὡς
2626 1879 2799 1941 οὺδεῖς
2829 1879 3027 1946 ἐτόλμα
3064 1876 3538 1948 παρῤησιασθῆναι
3567 1875 3654 1928 διὰ
3675 1874 3760 1926 τὸν

2195 1968 2356 2040 φόϐον
2412 1971 2524 2022 τῶν
2569 1969 2873 2022 Ἰουδαίων
2928 1968 3195 2038 πρόδηλον
3251 1967 3381 2036 γὰρ,
3416 1967 3495 2018 ὅτι
3547 1967 3607 2016 ἐκ
3671 1964 3758 2015 to)

2192 2066 2350 2133 ὄχλου
2379 2059 2520 2132 ἦσαν
2550 2066 2598 2116 οἱ
2636 2064 2708 2132 μὴ
2740 2063 3044 2130 τολμῶντες
3085 2061 3368 2130 παρρησίᾳ
3405 2060 3544 2125 ὑπὲρ
3591 2057 3757 2110 αὑτοῦ

2199 2157 2447 2225 λαλῆσαι,
2479 2157 2568 2208 καὶ
2623 2155 2902 2216 ἐσιώπων,
2952 2153 3248 2214 δεδοικότες
3309 2153 3432 2211 τοὺς
3498 2151 3760 2220 ἄρχοντας

2200 2249 2511 2308 Ἰουδαίους.
2542 2247 2704 2298 ’Λλλά
2753 2246 2848 2296 καὶ
2895 2245 2954 2295 τὸ
3014 2244 3214 2311 λέγειν,
3249 2243 3329 2294 ὅτι
3366 2262 3382 2292 ι
3433 2241 3614 2310 Πλανᾷ
3675 2244 3759 2291 τὶν

2203 2339 2383 2408 δχλον,
2422 2355 2437 2386 ι
2471 2336 2768 2406 τεκμήριόν
2801 2337 2916 2386 ἐστι
2963 2334 3054 2386 τοῦ
3089 2336 3150 2385 ἐκ
3177 2333 3282 2384 τῶν
3316 2333 3593 2401 ἀρχόντων
3625 2325 3759 2380 εἶναι.

2200 2434 2330 2494 τοὺς
2365 2433 2748 2492 διαϐάλλοντας
2778 2431 2958 2484 αὐτόν.
2994 2431 3052 2481 Et
3077 2432 3184 2498 γὰρ
3205 2427 3343 2499 ἦσαν
3375 2433 3436 2482 ἐκ
3467 2427 3558 2480 τοῦ
3582 2427 3758 2496 ὄχλου,

2193 2527 2376 2592 ἔλεγον
2425 2525 2509 2585 ἂν,
2549 2526 2632 2576 ὅτι
2684 2524 2867 2593 Πλανᾷ
2913 2525 3081 2591 ἡμᾶς.
3109 2521 3221 2573 Νῦν
3277 2522 3329 2573 δὲ
3373 2522 3640 2586 λέγοντες,
3681 2521 3758 2571 ὅτι

2199 2635 2216 2666 ι
2265 2615 2444 2684 Πλανᾷ
2473 2616 2560 2666 τόν
2620 2614 2796 2684 ὄχλον,
2843 2634 2859 2664 ι
2907 2614 3241 2666 δεικνύουσιν
3269 2614 3350 2664 ὅτι
3408 2613 3506 2664 οὐκ
3559 2613 3620 2662 ὲκ
3670 2610 3757 2662 τοῦ

2194 2709 2373 2777 ὄχλου,
2409 2708 2521 2760 ἀλλ’
2549 2709 2614 2758 ἐκ
2647 2707 2752 2759 τῶν
2807 2707 3086 2775 ἀρχόντων
3116 2708 3252 2757 εἰσὶν
3281 2706 3328 2756 οἱ
3357 2703 3534 2757 ταῦτα
3581 2703 3761 2769 λέγον·

2193 2817 2303 2862 τες.
2332 2801 2474 2868 δορα
2497 2800 2551 2850 δέ
2578 2816 2664 2867 μοι
2694 2799 2968 2867 πανταχοῦ
2991 2798 3051 2849 ’τὸ
3086 2799 3184 2866 μὲν
3211 2796 3435 2868 ἀρχικόν
3489 2795 3754 2862 διεφθαρ-

2199 2895 2383 2959 μένον,
2421 2894 2543 2953 τοὺς
2576 2891 2632 2943 δὲ
2688 2891 3026 2960 ἀρχομένους
3055 2890 3412 2958 ἀδιαφθόρους
3464 2889 3753 2957 μένοντας·

2199 2980 2356 3050 πλὴν,
2391 2981 2474 3033 διὰ
2520 2982 2578 3034 τὺ
2631 2982 2705 3053 μὴ
2752 2982 2895 3052 ἔχειν
2940 2981 3314 3052 ἀνδρειοτέραν
3368 2980 3468 3049 τὴν
3508 2980 3751 3048 γνώμην,

2193 3073 2306 3127 ἀλλ’
2337 3073 2414 3125 ἔτι
2447 3073 2652 3134 ἀτελεῖς
2687 3070 2845 3139 εἶναι,
2894 3073 3376 3144 ἀπαρῤησιάστους
3399 3072 3578 3132 ὄντας.

2271 3184 2288 3215 ι
2325 3164 2461 3232 Ἤδη
2493 3164 2547 3216 δὲ
2597 3165 2694 3233 τῆς
2742 3165 2938 3234 ἑορτῆς
2975 3164 3265 3234 μεσούσης,
3290 3163 3458 3232 ἀνέϐη
3485 3164 3512 3215 6
3552 3161 3758 3231 Ἰησοῦς

2194 3256 2270 3316 είς
2304 3254 2364 3306 τὸ
2399 3255 2563 3323 ἱερὸν,
2608 3256 2701 3308 καὶ
2737 3255 3003 3309 ἐδίδασκε.
3037 3255 3144 3308 Καὶ
3182 3253 3490 3322 ἑθαῦμαζον
3541 3254 3590 3304 οἱ
3628 3252 3756 3304 ἰου-

2189 3347 2350 3408 δαῖο-.,
2375 3346 2643 3414 ).ἐγοντες’
2676 3348 2798 3432 Πῶς
2820 3343 2971 3410 οὗτος
2985 3349 3286 3419 γράμματα
3309 3343 3439 3410 οἶδε,
3472 3348 3547 3415 μὴ
3581 3361 3756 3414 μεμα·

2193 3438 2409 3507 θηκώς;
2445 3438 2742 3508 Ἀπεκρίθη
2772 3439 2862 3491 οὖν
2901 3441 3084 3501 αὐτοῖς
3126 3443 3153 3492 6
3190 3437 3417 3510 Ἰησοῦς,
3441 3442 3537 3492 καὶ
3566 3436 3717 3492 εἶπεν
3741 3451 3755 3467 ·

2209 3531 2270 3582 Ἦ
2295 3530 2410 3599 ,ἐμὴ
2437 3531 2625 3600 διδαχὴ
2657 3531 2758 3582 οὐκ
2784 3531 2930 3583 ἑστιν
2966 3531 3096 3602 ἐμὴ,
3121 3531 3254 3584 ἀλλά
3296 3531 3388 3583 τοῦ
3447 3531 3760 3598 πέμψαντός

2197 3637 2282 3690 με.
2337 3641 2354 3672 ι
2391 3621 2487 3673 Διὰ
2540 3620 2591 3674 τί
2638 3623 2735 3688 τῆς
2783 3624 2973 3692 ἑορτῆς
3023 3625 3289 3694 μεσούσης
3329 3623 3603 3692 ἀνῆλθενς
3641 3623 3757 3674 Ἷνα

2193 3715 2444 3786 χαυνώτῃ
2483 3715 2661 3768 αὐτῶν
2696 3716 2786 3768 τὸν
2827 3715 3016 3785 θυμοί,
3056 3715 3172 3786 ἅμα
3233 3716 3288 3768 δὲ
3343 3715 3440 3766 καὶ
3473 3714 3559 3767 ἵνα
3608 3713 3748 3784 μετὰ

2196 3805 2386 3875 σχολῆς
2411 3805 2684 3857 ἀκούσωσι
2711 3803 2805 3857 καὶ
2839 3806 3110 3875 προσοχῆς
3145 3803 3252 3857 τῶν
3305 3803 3434 3873 παρ’
3475 3802 3641 3856 αὑτοῦ
3667 3802 3758 3856 λεο

2195 3896 2460 3966 γομένων,
2501 3896 2695 3966 μηκέτι
2719 3897 2818 3966 τῆς
2849 3898 3046 3968 ἑορτῆς
3096 3897 3516 3968 ἑμφραττούσης
3559 3896 3626 3949 τὰ
3651 3889 3762 3950 ὧτα

2196 3988 2392 4040 αὐτῶν.
2425 3989 2514 4040 Ἐν
2545 3988 2654 4057 γὰρ
2678 3991 2742 4057 τῇ
2772 3989 2912 4058 ἀρχῇ
2942 3990 3038 4056 τῆς
3063 3989 3255 4059 ἑορτῆς
3288 3989 3432 4052 εἰκὸς
3465 3984 3530 4060 ἦν
3569 3990 3764 4052 αὐτοὺς

2201 4078 2574 4151 περισπᾶσθαι
2597 4081 2726 4150 περὶ
2756 4080 2821 4130 τὰ
2856 4083 2952 4149 τῆς
2983 4080 3198 4148 ἑορτῆς.
3240 4082 3426 4148 Ἀφνω
3455 4075 3547 4132 οὖν
3584 4082 3762 4143 αὐτοῖς

2197 4170 2568 4237 ἐπιφανέντος,
2605 4170 2800 4240 ήκουον
2863 4170 3048 4233 ἁπλῶς
3106 4170 3327 4236 πάντες,
3365 4170 3417 4222 οἵ
3454 4189 3511 4222 τε
3561 4171 3762 4238 ἀγαθὸν

2197 4261 2376 4326 αὑτὸν,
2412 4260 2551 4313 οἵτε
2589 4260 2791 4313 πλάνον
2813 4250 3062 4328 λέγοντες
3096 4276 3108 4289 °
3133 4260 3343 4330 οἱμὲν,
3379 4262 3516 4331 πρὸς
3549 4261 3609 4315 τὸ
3638 4279 3762 4330 κερ-

2197 4350 2354 4419 δῆσαί
2384 4369 2430 4402 τι
2469 4354 2560 4403 καὶ
2595 4349 2919 4420 θαυμάσαι·
2950 4352 3095 4414 οἶδὲ,
3128 4351 3262 4420 πρὸς
3297 4354 3357 4404 τὸ
3403 4353 3755 4407 ἐπιλαϐέσθαι

2200 4441 2386 4507 αὑτοῦ,
2417 4444 2505 4493 καὶ
2542 4442 2823 4495 συλλαϐεῖν
2853 4443 3012 4495 αὑτὸν
3039 4442 3114 4504 ὡς
3158 4444 3379 4496 πλάνον,
3417 4443 3482 4496 Τί
3529 4461 3625 4513 μεν
3661 4443 3761 4497 £6!-

545 4545 660 4589 rent
690 4545 741 4588 et
779 4527 1296 4599 comprehenderent
1336 4521 1496 4573 veluti
1540 4519 1896 4572 seductorem.
1931 4514 2094 4568 Porro

2199 4531 2374 4595 δαξεν,
2427 4534 2522 4584 οὐκ
2557 4528 2707 4584 εἶπεν
2748 4533 2774 4584 ὁ
2801 4533 3225 4603 εὐαγγελιστής·
3257 4535 3337 4587 ὅτι
3393 4535 3448 4587 δὲ
3489 4534 3763 4604 θαυμάσιά

543 4627 670 4696 quid
712 4622 965 4685 docuerit,
1005 4634 1109 4674 non
1157 4617 1287 4672 dixit
1344 4611 1693 4681 evangelista,
1725 4609 1862 4676 quod
1918 4617 2097 4659 autem

549 4717 805 4772 mirabilia
837 4714 1078 4783 quaedam
1117 4710 1330 4771 dixerit,
1355 4721 1449 4776 per
1479 4719 1596 4773 qua:
1637 4701 1756 4756 illos'
1777 4698 2095 4763 cohibuerit,

548 4824 599 4865 et
634 4819 866 4863 mentem
899 4806 1108 4860 illorqu
1136 4803 1187 4854 iu
1224 4799 1536 4853 miraculum
1591 4795 1898 4859 mutaverit,
1933 4792 2101 4845 mani-

552 4903 763 4958 l'estavii
807 4914 898 4968 per
937 4899 1034 4951 hoc
1081 4895 1220 4965 quod
1266 4893 1415 4957 dicit,
1453 4911 1469 4942 ι
1505 4890 1920 4944 Admirabantur
1969 4899 2103 4955 quo.

551 4996 708 5050 modo
742 4995 947 5047 litteras
984 4991 1162 5054 sciret,
1191 4988 1278 5056 qui
1320 4999 1587 5052 nunquam
1617 4981 1907 5035 didicisset.
1952 4997 1969 5028 ι
2002 4976 2104 5029 Ve-

551 5095 848 5140 rumtamen
897 5080 1138 5148 quamvis
1187 5076 1602 5136 admirarentur,
1637 5082 1872 5124 attamen
1931 5081 2101 5135 neque

552 5177 628 5228 sic
660 5175 881 5226 liberata
921 5183 1002 5223 est
1043 5184 1193 5221 mens
1237 5166 1445 5219 illorum
1499 5180 1526 5216 a
1563 5161 1785 5216 malitia.
1818 5159 1930 5212 Non
1957 5159 2098 5213 enim

549 5266 846 5321 doctrinam
899 5259 1321 5319 admirabantur,
1379 5270 1549 5323 neque
1613 5268 1729 5322 qua:
1783 5250 2104 5305 dicebantur

553 5351 930 5423 suscipiebant,
962 5346 1124 5419 605
1149 5347 1241 5401 sed
1275 5344 1673 5398 admirabantur
1708 5341 1977 5411 quomodo
1999 5339 2104 5393 sci-

552 5458 629 5500 ret
661 5445 890 5505 litteras,
940 5442 990 5494 id
1013 5450 1115 5502 est,
1150 5437 1600 5506 obstupescebant
1629 5477 1642 5502 ,
1677 5436 1725 5488 id
1772 5435 1912 5504 quod
1969 5433 2105 5487 solet

553 5537 750 5590 invidis
778 5533 1023 5587 accidere
1055 5552 1068 5585 :
1098 5532 1261 5585 veluti
1295 5538 1336 5585 sl
1363 5544 1566 5600 pauper
1598 5531 1860 5600 quispiam
1893 5529 2102 5584 vicinus

554 5638 775 5695 repente
824 5625 876 5676 in
927 5624 1268 5690 splendidiori
1323 5623 1518 5677 vestitu
1553 5623 1792 5692 prodeat,
1825 5631 1877 5678 et
1931 5623 2107 5677 videat

557 5735 674 5772 eum
712 5717 922 5770 vicinus
950 5715 1182 5779 invidus,
1215 5716 1372 5770 dicit:
1401 5714 1678 5782 Quomodo
1707 5715 1790 5769 hic
1819 5726 1924 5771 tam
1957 5734 2106 5774 sum-

557 5811 755 5876 ptuosis
787 5808 1022 5864 vestibus
1057 5808 1273 5863 indutus
1324 5817 1428 5874 est,
1465 5809 1554 5877 qui
1590 5809 1787 5864 dudum
1827 5814 2104 5880 pauperri-

2203 4641 2321 4675 τινα
2343 4625 2511 4687 εἶπεν,
2529 4623 2593 4675 δι’
2615 4619 2687 4676 ὧν
2705 4625 2970 4692 κατέσχεν
2988 4625 3204 4687 αὐτοὺς,
3241 4627 3332 4676 καὶ
3363 4625 3655 4693 μετέϐαλλε
3672 4626 3764 4687 τὰς

2203 4713 2424 4782 γνώμας
2476 4719 2554 4776 είς
2604 4714 2816 4784 θαῦμα,
2868 4715 3104 4786 ἐδήλωσε
3146 4715 3232 4769 διὰ
3285 4717 3378 4769 τοῦ
3436 4721 3629 4782 εἰπεῖν,
3685 4719 3764 4770 ὅτι

2210 4827 2227 4858 ι
2255 4806 2610 4876 Ἐθαύμαζον,
2631 4807 2745 4870 πῶς
2763 4808 3065 4877 γράμματα
3091 4803 3218 4870 οἶδε,
3253 4808 3326 4877 μὴ
3358 4809 3715 4878 μεμαθηκώς.
3743 4828 3759 4858 ι

2205 4899 2349 4968 Πλὴν
2380 4901 2426 4951 εί
2455 4899 2547 4951 καὶ
2577 4897 2905 4967 ἐθαύμαζον,
2937 4897 3051 4950 ἀλλ’
3075 4897 3193 4950 οὐδὲ
3214 4897 3388 4961 οὕτως
3423 4899 3764 4966 ἀπήλλακται

2205 4995 2237 5064 ἡ
2266 4993 2456 5063 γνώμη
2490 4993 2668 5046 αὐτῶν
2701 4993 2981 5062 πονηρίας.
3023 4994 3097 5046 Οὐ
3135 4993 3242 5062 γὰρ
3268 4993 3368 5061 τὴν
3421 4993 3766 5048 διδασκαλίαν

2205 5084 2533 5154 ἐθαύμαζον,
2565 5086 2685 5138 οὐδὲ
2709 5088 2776 5139 τὰ
2811 5085 3081 5154 λεγόμενα
3131 5085 3399 5154 ἐδέχοντο,
3432 5064 3548 5139 ἀλλ’
3600 5087 3763 5140 ἐθαύ-

2210 5175 2380 5245 μαζον
2425 5175 2540 5238 πῶς
2596 5171 2704 5227 οἶδε
2772 5177 3098 5246 γράμματα,
3135 5176 3400 5240 τουτέστι,
3453 5176 3764 5248 διηπόρουν,

2207 5265 2611 5336 ἐξεπλήττοντο,
2645 5266 2780 5334 ὅπερ
2829 5267 3083 5320 εἰώθασιν
3136 5269 3183 5318 οἱ
3241 5267 3626 5336 βασκαίνοντες
3671 5270 3769 5321 πά-

2209 5374 2372 5424 σχειν.
2409 5351 2554 5419 Οἷον,
2589 5357 2663 5417 ὡς
2724 5356 2817 5408 ἐπὶ
2863 5357 3329 5428 παραδείγματος,
3375 5358 3490 5411 ἔστι
3516 5362 3621 5411 τινὶ
3654 5361 3769 5428 γεί-

2207 5466 2309 5502 των
2337 5452 2527 5518 πένης,
2562 5446 2677 5501 εἷτα
2704 5457 2863 5520 τυχὸν
2902 5451 3158 5513 πολλάκις
3180 5450 3402 5520 εὐπορεῖ
3431 5453 3643 5522 ἱματίου
3670 5470 3768 5519 πο-

2207 5540 2607 5604 λυτελεστέρου·
2662 5542 2784 5596 ἰδὼν
2839 5541 2930 5596 οὖν
2957 5543 3144 5596 τοῦτον
3175 5543 3202 5595 6
3233 5542 3503 5613 βάσκανος
3554 5546 3764 5613 γείτων,

2208 5634 2391 5702 λέγει·
2428 5635 2548 5697 Πῶς
2600 5628 2754 5699 οὗτος
2804 5637 3074 5690 ἑνδέδυται
3107 5635 3412 5701 πολυτελῶς
3448 5639 3768 5700 πενέστατος

2210 5723 2312 5790 div;
2347 5727 2515 5780 Πόθεν
2543 5728 2602 5780 τὸ
2629 5728 2865 5781 τοιοῦτον
2895 5729 3106 5799 ἱμάτιον
3125 5745 3139 5794 ;
3161 5727 3345 5781 Ταῦτα
3383 5728 3442 5782 δὲ
3468 5729 3636 5797 λέγει,
3664 5732 3762 5801 οὐχ

2211 5819 2284 5880 ὡς
2342 5818 2634 5887 θαυμάζων
2680 5821 2754 5890 τῷ
2787 5820 2918 5888 δντι,
2956 5820 3089 5874 ἀλλὰ
3141 5819 3318 5889 φθόνῳ
3365 5819 3765 5893 διακαιόμενος.
