4078 6330
345 408 481 474 1⁸129

979 396 1426 477 ENARRATIO
1486 393 1570 456 IN
1611 380 2116 455 EVANGELIUM
2172 384 2523 447 JOANNIS.
2582 407 2652 420 -·
2688 379 2847 441 CAP.
2894 378 3033 441 VII.

3498 375 3643 441 3330'

340 534 436 583 καὶ
477 525 618 597 πρὸς
668 520 923 591 διαϐολὴν
983 520 1079 573 τοῦ
1132 519 1376 588 γείτονος
1449 510 1715 572 τοιούτοις
1751 508 1936 577 λόγοις

2045 522 2162 561 mus
2199 504 2358 561 erat?
2390 500 2546 559 Unde
2576 500 2708 557 huic
2745 499 2915 556 vestis
2939 495 3078 553 illa?
3115 492 3244 550 Haec
3285 501 3467 548 autem
3501 492 3635 547 dicit

340 620 620 691 χρώμενος
653 629 667 643 ·
700 614 925 676 Πάντως
954 613 1081 681 γάρ,
1115 612 1303 682 φησιν,
1330 607 1530 677 έκλεψε
1560 605 1661 675 τὴν
1698 601 1929 673 ἐσθῆτα.

342 710 525 772 Οὕτως
559 704 652 762 οὖν
684 707 777 762 καὶ
803 708 854 761 οἰ
882 706 1126 761 Ἰουδαῖοι
1158 723 1170 735 ·
1206 723 1225 755 ι
1259 702 1384 766 Πῶς
1415 692 1571 761 οὗτος
1601 692 1712 752 οἰδε
1747 695 1931 769 γράμ-

346 817 533 872 ματας
583 819 601 853 ο
633 800 863 863 Πάντως
900 799 958 851 ἐν
987 797 1063 869 τῷ
1119 793 1476 861 Βεελζεδούλ.
1511 790 1709 845 Καίτοι
1762 787 1934 858 ὲχρῆν

340 892 538 955 αὐτοὺς
565 891 675 946 ἀπὸ
705 890 897 944 τούτου
944 890 1147 960 μᾶλλον
1181 882 1458 955 ἐννοῆσαι,
1498 884 1580 937 δτι
1632 881 1787 935 οὐδὲν
1841 879 1935 934 ἀν·-

346 986 633 1058 θρώπινον.
672 979 738 1055 ἦν
772 984 944 1055 αὐτῷ.
970 982 1113 1038 Ἀλλ’
1174 980 1367 1049 ἐπειδὴ
1410 977 1569 1031 τοῦτο
1629 973 1788 1028 αὐτοὶ
1832 974 1934 1027 οὐκ

344 1079 539 1151 ἦθελον
566 1076 926 1149 ὁμολογῆσαι,
958 1076 1122 1139 αὐτὸς
1163 1073 1526 1144 ἀποκρίνεται
1556 1070 1761 1135 αὐτοῖς,
1796 1069 1934 1122 ἀνα·

344 1174 641 1242 διδάσκων,
674 1174 759 1228 ὅτι
783 1172 890 1227 ἀπὸ
913 1170 1006 1225 τοῦ
1034 1163 1259 1239 πατρὸς
1292 1167 1386 1220 καὶ
1425 1163 1561 1219 θεοῦ
1588 1166 1739 1218 ἐστιν
1770 1164 1806 1232 ἡ
1844 1160 1927 1215 δι-

341 1266 634 1324 δασκαλία.
687 1265 853 1320 Οὐδὲν
911 1264 1021 1334 γὰρ
1064 1262 1199 1331 ἐμόν
1253 1262 1391 1324 ἐστι,
1444 1260 1601 1329 φησι,
1649 1257 1803 1312 οὐδὲν
1837 1255 1934 1312 ἀπ’

344 1358 587 1430 ἐμαυτοῦ
623 1358 700 1423 ὡς
738 1356 985 1420 ἀντίθεος
1015 1354 1351 1424 φθέγγομαι,
1379 1352 1495 1405 ἀλλ’
1531 1353 1677 1423 ἀπερ
1732 1352 1799 1405 ἂν
1846 1353 1931 1422 εἴη

340 1447 438 1502 τοῦ
469 1448 707 1520 Πατρδς,
745 1447 918 1501 ταῦτα
948 1447 1041 1499 καὶ
1066 1446 1177 1505 ἐμά
1212 1448 1328 1498 ἐστι
1352 1445 1597 1515 ῥήματα.

420 1646 439 1678 ι
478 1627 605 1681 Ἐάν
633 1641 717 1689 τις
750 1626 880 1699 θέλῃ
900 1626 961 1680 τὸ
985 1626 1197 1695 θέλημα
1227 1623 1394 1679 αὐτοῦ
1423 1628 1619 1690 ποιεῖν,
1663 1625 1934 1693 γνώσεται

345 1721 474 1792 περὶ
500 1724 597 1792 τῆς
617 1722 862 1792 διδαχῆς,
887 1723 1119 1790 πότερον
1143 1722 1206 1774 ἐκ
1238 1721 1333 1775 τοῦ
1362 1721 1499 1773 Θεοῦ
1540 1722 1713 1783 ἐστιν,
1741 1721 1774 1790 ἢ
1820 1721 1933 1788 ἐγὼ

346 1815 442 1867 ἀπ’
464 1813 707 1883 ἐμαυτοῦ
758 1813 927 1868 λαλῶ.
980 1814 1040 1866 '0
1069 1815 1163 1881 ἀφ’
1195 1812 1391 1868 ἑαυτοῦ
1421 1813 1624 1879 λαλῶν,
1646 1813 1746 1883 τὴν
1773 1812 1935 1878 δόξαν

345 1905 446 1979 τὴν
483 1880 618 1959 ἰδίαν
650 1905 805 1975 ζητεῖ
824 1948 839 1964 .
878 1906 934 1958 '0
962 1905 1017 1958 δὲ
1053 1905 1233 1976 ζητῶν
1255 1904 1356 1975 τὴν
1377 1904 1539 1972 δόξαν
1566 1903 1661 1958 τοῦ
1687 1880 1940 1973 ττέμψαν-
1970 1880 2013 1935 Β

344 2017 435 2062 τος
462 1998 649 2066 αὑτὸν,
680 1994 835 2062 οὗτος
860 1984 1077 2069 ἀληθής
1117 2001 1257 2060 ἐστι,
1295 2000 1392 2053 καὶ
1427 1998 1614 2052 ἀδικία
1653 1999 1755 2051 οὐκ
1790 1997 1941 2052 ἔστιν

352 2092 411 2144 ὲν
441 2091 613 2161 αὐτῷδ
654 2110 672 2143 ι
734 2091 939 2156 Εἰπὼν,
994 2092 1075 2145 ὅτι
1124 2112 1141 2143 ι
1194 2092 1257 2143 Ἢ
1293 2092 1399 2163 ἐμὴ
1429 2091 1614 2161 διδαχὴ
1645 2091 1746 2145 οὐκ
1791 2089 1941 2146 ἐστιν

349 2184 481 2255 ἐμὴ,
528 2202 547 2236 ι
579 2184 881 2250 τουτέστιν,
909 2184 1127 2238 ἐναντία
1156 2184 1301 2253 Θεῷ,
1340 2204 1358 2236 ι
1398 2185 1535 2237 ἀ).λά
1562 2184 1657 2237 τοῦ
1719 2182 1963 2253 ΠατρόςΔ

351 2274 453 2344 μοῦ
486 2278 657 2350 ἐστιν,
695 2296 715 2329 ›
749 2277 933 2346 φησιν,
961 2278 1041 2330 ὅτι
1072 2276 1202 2331 Ἐάν
1242 2294 1327 2339 τις
1361 2277 1420 2331 τὸ
1443 2276 1655 2348 θέλημα
1682 2276 1779 2331 τοῦ
1803 2275 1940 2331 Θεοῦ

351 2369 503 2437 ποιῇ,
529 2368 828 2432 τουτέστιν,
852 2368 982 2420 Ἒάν
1012 2386 1094 2432 τις
1118 2368 1323 2437 ἀρετῆς
1356 2369 1726 2436 ἀντιποιῆται,
1761 2366 1858 2421 καὶ
1878 2365 1939 2419 οὐ

351 2456 530 2524 φθόνῳ
576 2456 825 2528 δουλεύῃ,
858 2458 979 2511 οὐδὲ
1038 2457 1120 2527 τῷ
1163 2459 1299 2527 πρός
1363 2476 1431 2528 με
1492 2458 1706 2528 ματαίῳ
1761 2456 1942 2528 φθόνῳ

350 2548 733 2620 ὲπισκοτῆται,
773 2548 1045 2617 γνώσεται
1085 2550 1194 2603 τῶν
1244 2551 1394 2620 ἐμῶν
1422 2552 1602 2618 λόγων
1630 2554 1727 2620 τὴν
1780 2549 1944 2603 δύνα-

362 2655 475 2705 μιν,
499 2638 593 2693 ἐάν
642 2655 701 2690 τε
730 2640 797 2692 τὰ
828 2639 923 2691 τοῦ
956 2640 1167 2709 Πατρὸς
1212 2641 1380 2704 λαλῶ,
1418 2642 1513 2693 ἐάν
1553 2659 1613 2693 τε
1646 2641 1779 2707 ξένα
1820 2641 1944 2696 τινά

352 2728 445 2781 καὶ
478 2729 930 2799 παρηλλαγμένα.
963 2732 1191 2800 Θέλημα
1221 2733 1275 2785 δὲ
1318 2733 1412 2785 τοῦ
1461 2732 1596 2786 Θεοῦ
1650 2736 1812 2797 ποιεῖ,
1849 2736 1944 2788 καὶ

352 2822 380 2871 6
408 2818 506 2879 τὰς
536 2819 760 2891 Γραφὰς
806 2825 901 2874 καὶ
934 2824 1060 2885 τοὺς
1094 2826 1385 2893 προφήτας
1415 2825 1673 2892 ἐρευνῶν.
1714 2825 1777 2879 Ὀ
1811 2826 1943 2895 γοῦν

347 2910 593 2975 τοιοῦτος
624 2911 851 2966 δύναται
878 2915 1085 2981 γνῶναι
1119 2917 1253 2985 περὶ
1278 2916 1375 2985 τῆς
1411 2917 1505 2969 τοῦ
1542 2918 1750 2989 Κυρίου
1797 2919 1944 2974 διδα-

352 3002 475 3072 χῆς,
510 3004 591 3057 ὅτι
619 3004 727 3057 ἀπὸ
748 3004 882 3057 Θεοῦ
922 3009 1092 3059 ἐστιν.
1124 3006 1185 3060 Οἱ
1240 3011 1525 3079 προφῆται
1567 3011 1677 3079 γὰρ
1706 3012 1807 3064 οὐκ
1841 3013 1942 3065 ἀν-

350 3092 527 3148 τίθεον
549 3095 831 3165 εἰσάγουσι
861 3098 949 3150 τὸν
968 3098 1174 3168 Κύριον
1198 3100 1293 3151 καί
1322 3102 1414 3169 ἀφ’
1438 3102 1634 3155 ἑαυτοῦ
1654 3103 1943 3170 λαλοῦντα,

351 3181 488 3235 ἀλλὰ
518 3182 695 3236 πάντα
744 3184 813 3237 τὰ
840 3185 917 3254 τῷ
962 3185 1083 3255 Θεῷ
1116 3186 1407 3253 δοκοῦντα,
1440 3190 1536 3242 καὶ
1558 3190 1789 3258 λέγοντα
1846 3194 1942 3245 καὶ

350 3273 688 3343 πράττοντα.
708 3270 841 3328 Εἶτα
872 3278 964 3330 καὶ
997 3278 1187 3349 ἕτερον
1234 3278 1497 3349 λογισμὸν
1542 3280 1823 3351 ἐπιφέρει,
1854 3282 1939 3335 λέ-

353 3381 467 3430 γων
492 3382 507 3398 ο
563 3366 623 3419 '0
666 3367 760 3437 ἀφ’
785 3369 979 3423 ἑαυτοῦ
1001 3370 1200 3433 λαλῶν,
1221 3373 1525 3437 τουτέστιν,
1560 3374 1587 3425 6
1617 3374 1947 3446 βουλόμενος

359 3455 499 3509 ἰδίαν
552 3460 752 3528 στῆσαι
808 3461 1186 3526 διδασκαλίαν,
1234 3464 1301 3516 δι’
1354 3464 1509 3517 οὐδὲν
1551 3464 1741 3535 ἕτερον
1788 3466 1948 3533 τοῦτο

353 3551 517 3616 ποιεῖ,
550 3550 769 3622 ἥχὰριν
820 3553 914 3607 τοῦ
956 3555 1116 3621 δόξαν
1159 3557 1282 3609 τινὰ
1317 3559 1381 3609 ἐκ
1417 3556 1610 3611 τούτου
1641 3558 1947 3629 καρπώσα-

353 3640 502 3745 Silet.
558 3643 625 3745 ξέἰ
658 3644 716 3698 δὲ
745 3644 876 3713 ἐγὼ,
914 3647 1100 3715 φησιν,
1132 3647 1193 3698 οὐ
1245 3647 1504 3718 βούλομαι
1544 3649 1948 3745 καρπώρασθαι

353 3731 511 3796 δόξαν
536 3733 693 3799 ἰδίαν,
720 3736 857 3789 ἀλλά
884 3736 983 3805 τὴν
1010 3737 1168 3801 δόξαν
1194 3740 1287 3792 τοῦ
1315 3740 1635 3810 πέμψαντός
1672 3759 1739 3811 με
1757 3731 1943 3813 ζητῶ,

353 3823 499 3887 τίνος
530 3826 714 3880 ἕνεκεν
748 3828 1040 3898 βουλοίμην
1070 3829 1136 3883 ἂν
1156 3831 1320 3900 ἕτερα
1352 3832 1629 3884 διδάσκειν
1659 3849 1674 3898 ;
1704 3832 1948 3905 ’Λληθὴς

353 3911 449 3968 οὖν
471 3918 609 3984 εἰμι,
639 3920 731 3970 καὶ
761 3921 861 3972 οὐκ
904 3920 1053 3974 ἔστιν
1102 3922 1287 3974 ἀδικία
1321 3923 1377 3975 ὲν
1412 3923 1575 3992 ἐμοί’
1631 3924 1937 3988 τουτέστιν,

361 4008 439 4061 Οὐ
462 4007 652 4074 δόξανδ
680 4011 854 4081 ἑτέρῳ
905 4014 1254 4083 ἁρμόζουσαν
1305 4015 1573 4083 ἀρπάςω⁶
1627 4015 1790 4069 τοῦτο
1837 4017 1947 4086 γὰρ

353 4102 559 4157 ἀδικία.
590 4103 752 4156 Ὥστε
800 4105 1051 4175 ήδιδαχή
1091 4124 1193 4174 μου
1239 4108 1336 4159 καὶ
1386 4107 1650 4176 ἀλήθειαν
1679 4108 1813 4178 ἔχει,
1856 4111 1949 4163 καὶ

352 4190 707 4262 δικαιοσύνην
738 4195 795 4244 ὲν
840 4195 1045 4263 ταύτῷ.
1079 4196 1154 4247 Οὐ
1192 4196 1299 4265 γὰρ
1332 4196 1391 4259 ἐξ
1443 4197 1766 4260 ἀλαζονείας
1800 4198 1948 4267 γίνε-

352 4300 465 4349 ται,
506 4284 591 4337 ἵνα
636 4286 731 4338 καὶ
789 4285 1070 4355 τδψευδὲς
1096 4286 1195 4359 ἔχῃ
1231 4289 1324 4341 καὶ
1367 4290 1427 4341 τὸ
1466 4290 1674 4344 ἄδικον.
1726 4290 1787 4343 '0
1837 4293 1946 4363 γὰρ

352 4375 571 4439 ἀλαζὼν
624 4376 719 4431 καὶ
768 4377 1039 4446 ψεύδεται,
1084 4380 1220 4432 καθὸ
1280 4381 1412 4451 περὶ
1463 4382 1627 4435 αὑτοῦ
1689 4383 1757 4435 τὸ.
1805 4384 1945 4453 ὑπὲρ

355 4469 457 4539 τὴν
489 4468 648 4533 ἀξίαν
692 4470 859 4523 αὐτοῦ
894 4472 1062 4539 λέγει,
1094 4473 1188 4526 καὶ
1243 4474 1441 4539 ἀδικεῖ,
1465 4475 1599 4527 καθὸ
1634 4476 1735 4546 τὴν
1788 4477 1946 4529 ἀλλο-

2040 615 2143 653 non
2174 597 2317 667 quod
2360 595 2535 666 reipsa
2571 593 2895 658 admiretur,
2938 589 3033 647 sed
3064 587 3209 660 quod
3256 587 3519 643 aduratur
3547 583 3638 667 in-

2035 695 2203 756 vidia,
2234 693 2299 747 ad
2335 690 2501 747 vicini
2533 688 2862 746 calumniam
2891 699 3021 741 usus
3045 682 3244 739 talibus
3261 679 3635 737 sermonibus.

2037 785 2271 843 Omnino
2297 783 2467 849 enim,
2492 782 2646 848 dicit,
2688 781 2902 836 furatus
2955 787 3040 834 est
3072 786 3298 832 vestem.
3336 772 3429 829 Sic
3473 773 3640 843 igitur

2038 888 2094 935 et
2128 876 2298 934 Jutlzei
2337 895 2351 932 :
2388 895 2407 929 ‹
2447 871 2731 942 Quomodo
2761 871 2851 927 hic
2898 869 3002 927 scit
3032 866 3287 923 litteras?
3321 884 3337 916 ι
3381 863 3637 929 Proh-ctu

2036 968 2420 1047 exyBeelzebul
2449 966 2646 1023 habet.
2677 963 2922 1020 Tametsi
2958 962 3082 1017 inde
3135 959 3256 1015 illos
3322 956 3641 1045 conjectare

2040 1066 2218 1137 potius
2244 1064 2533 1136 Oportebat
2564 1075 2671 1116 non
2706 1075 2828 1115 esse
2865 1060 2968 1113 hoc
2999 1057 3295 1112 lmmanum
3334 1068 3348 1107 :
3384 1052 3479 1107 sed
3509 1050 3636 1117 quia

2040 1160 2141 1212 hoc
2172 1156 2274 1226 ipsi
2304 1154 2463 1210 fateri
2493 1153 2805 1217 noluerunt,
2836 1151 2951 1220 ipse
2989 1144 3277 1218 respondet
3309 1145 3410 1208 eis,
3430 1144 3639 1200 docens

2037 1252 2181 1321 quod
2216 1266 2245 1303 a
2284 1247 2394 1323 Deo
2436 1259 2490 1302 et
2520 1246 2681 1301 Patre
2728 1245 2799 1299 sit
2826 1245 3072 1299 doctrina
3118 1242 3231 1296 illa.
3260 1238 3401 1294 Nihil
3458 1251 3637 1291 mcum

2038 1353 2143 1408 est,
2183 1341 2378 1410 inquit,
2420 1355 2595 1409 neque
2630 1355 2658 1393 a
2709 1338 2943 1407 meipso,
2976 1346 3234 1405 tauquam
3292 1328 3640 1387 adversarius

2040 1433 2171 1495 Deo,
2200 1433 2390 1502 loquor
2424 1450 2437 1486 :
2475 1430 2570 1487 sed
2629 1444 2974 1500 quaecunque
3026 1427 3114 1481 illa
3172 1425 3381 1481 fuerint
3434 1422 3637 1484 Patris,

2040 1529 2153 1582 haec
2194 1536 2247 1581 et
2282 1541 2398 1580 mea
2435 1527 2598 1580 verba
2633 1534 2779 1580 sunt.

2117 1620 2277 1677 Vens.
2310 1620 2397 1687 17,
2430 1621 2518 1675 18.
2559 1639 2577 1672 t
2615 1619 2671 1673 Si
2697 1617 2821 1690 quis
2848 1616 3083 1672 voluerit
3107 1613 3445 1693 voluntatem
3471 1609 3643 1681 ipsius

2041 1715 2240 1777 facere,
2269 1712 2408 1767 sciet
2433 1714 2496 1765 de
2532 1710 2779 1765 doctrina
2814 1716 2995 1761 ntrtttu
3020 1720 3089 1760 ex
3125 1705 3234 1760 Deo
3258 1704 3354 1766 sit,
3377 1718 3444 1756 an
3482 1716 3583 1771 ego
3609 1717 3641 1754 a

2041 1807 2247 1874 meipso
2304 1804 2516 1874 loquar.
2548 1802 2651 1870 Qui
2685 1818 2713 1856 a
2754 1801 3051 1870 semetipso
3087 1797 3351 1867 loquitur,
3413 1796 3643 1867 gloriam

2042 1898 2318 1969 propriam
2378 1898 2575 1968 quaerit
2608 1913 2624 1951 :
2674 1897 2763 1968 qui
2802 1906 2982 1949 autem
3017 1892 3213 1962 quaerit
3251 1890 3480 1962 gloriam
3525 1888 3643 1958 ejus

2043 1993 2135 2066 qui
2183 1992 2331 2047 misit
2366 1993 2567 2063 ipsum,
2598 1992 2687 2047 hic
2717 2005 2884 2045 verax
2935 1996 3042 2052 est,
3072 1997 3125 2041 et
3151 1985 3415 2056 iniustitia
3468 1983 3522 2038 itt
3580 1998 3646 2037 eo

2044 2103 2154 2143 non
2191 2094 2294 2140 est.
2339 2104 2357 2136 ι
2388 2085 2614 2140 Dixerat
2651 2101 2665 2138 :
2698 2100 2718 2134 ι
2758 2081 2873 2136 Mea
2906 2080 3156 2134 doctrina
3187 2092 3292 2131 non
3319 2086 3406 2131 est
3438 2090 3579 2139 mea,
3621 2092 3641 2126 ι
3682 2152 3693 2163 χ

2043 2178 2148 2233 hoc
2175 2184 2279 2242 est,
2330 2173 2645 2230 adversaria
2691 2172 2824 2240 Deo,
2886 2190 2905 2223 ι
2953 2171 3049 2226 sed
3088 2168 3269 2223 Patris
3316 2166 3423 2223 mei
3475 2176 3580 2232 est,
3622 2183 3640 2217 I

2046 2269 2243 2340 inquit.
2281 2267 2338 2323 Si
2389 2268 2511 2337 quis
2557 2265 2893 2320 voluntatem
2934 2262 3028 2317 Dei
3073 2259 3291 2323 fecerit,
3324 2259 3428 2313 hoc
3460 2265 3565 2321 est,
3601 2256 3647 2310 si

2044 2364 2298 2420 virtutem
2321 2361 2659 2431 amplexatus
2689 2358 2874 2420 fuerit,
2904 2365 2956 2412 et
2994 2354 3212 2411 invidia:
3243 2367 3348 2409 non
3372 2349 3645 2413 servierit,

2048 2468 2223 2524 neque
2264 2467 2405 2508 vano
2446 2460 2640 2508 contra
2702 2464 2791 2506 me
2833 2448 2961 2505 odio
3006 2445 3403 2503 obtenebratus
3459 2442 3649 2501 fuerit,

2046 2546 2183 2601 sciet
2228 2560 2476 2601 meorum
2534 2547 2854 2601 sermonum
2880 2540 3165 2605 virtutem,
3212 2553 3342 2592 num
3405 2551 3469 2591 ea
3526 2548 3650 2605 quae

2045 2639 2226 2695 Patris
2271 2648 2397 2694 sunt
2426 2640 2642 2709 loquar,
2693 2655 2761 2694 an
2799 2640 2977 2694 aliena
3002 2648 3058 2694 et
3092 2637 3315 2708 indigna
3369 2635 3645 2705 quaedam.

2047 2727 2394 2784 Voluntatem
2453 2737 2636 2784 autem
2695 2731 2788 2785 Dei
2831 2729 2963 2785 facit
2995 2738 3051 2785 et
3094 2730 3188 2799 qui
3235 2728 3554 2797 Scripturas
3598 2737 3652 2782 et

2048 2821 2349 2891 prophetas
2408 2830 2707 2877 scrutatur.
2762 2822 2930 2893 Igitur
2994 2823 3085 2892 qui
3150 2822 3271 2877 talis
3313 2829 3417 2884 est,
3452 2820 3653 2888 poterit

2049 2916 2193 2968 scire
2225 2916 2290 2969 de
2313 2914 2558 2969 doctrina
2593 2914 2969 2983 Dominiquod
3004 2928 3069 2970 ex
3100 2913 3206 2967 Deo
3228 2912 3320 2967 sit.
3346 2910 3481 2965 Nam
3525 2925 3651 2979 pro-

2053 3007 2229 3077 phetae
2258 3022 2364 3062 non
2391 3007 2658 3062 inducunt
2690 3007 2977 3062 Dominum
3019 3006 3128 3060 Deo
3170 3003 3571 3067 adversarium,
3600 3012 3657 3057 et.

2055 3114 2085 3153 a
2116 3100 2297 3167 seipso
2336 3099 2677 3169 loquentem,
2713 3099 2808 3154 sed
2846 3098 3031 3155 omnia
3059 3113 3181 3168 qua:
3211 3098 3319 3153 Deo
3344 3105 3656 3166 congruunt

1971 3230 2016 3291 ϐ
2052 3203 2107 3246 et
2144 3192 2412 3247 dicentem
2460 3202 2513 3245 el
2545 3191 2859 3248 facientem.
2890 3191 3118 3261 Insuper
3158 3203 3211 3245 et
3265 3190 3427 3244 aliam
3484 3190 3655 3243 rat-io-

2053 3299 2175 3337 nem
2215 3282 2419 3347 subdit,
2462 3284 2652 3339 dicens
2683 3301 2695 3338 :
2725 3284 2827 3350 Qui
2869 3299 2897 3339 a
2924 3284 3107 3354 seipso
3143 3282 3405 3353 quuitur,
3433 3281 3536 3337 hoc
3571 3293 3654 3337 est

2052 3378 2142 3443 qui
2176 3376 2288 3430 vult
2312 3376 2586 3446 propriam
2623 3385 2872 3434 statuere
2896 3377 3233 3446 doctrinam,
3259 3384 3485 3447 propter
3510 3376 3650 3430 nihil

2053 3467 2197 3524 aliud
2228 3470 2331 3523 hoc
2359 3468 2511 3534 facit,
2543 3485 2709 3538 quam
2742 3478 2801 3526 ut
2833 3470 3063 3542 gloriam
3096 3472 3389 3539 quamdam
3422 3470 3647 3524 inanem

2054 3559 2181 3613 inde
2202 3560 2487 3629 percipiat.
2525 3558 2580 3615 Si
2610 3574 2792 3616 autem
2818 3576 2941 3632 ego,
2977 3560 3177 3632 inquit,
3212 3560 3397 3631 gloria
3422 3561 3656 3631 propria:

2054 3651 2288 3706 fructum
2321 3652 2463 3719 uolo,
2505 3653 2599 3708 sed
2627 3654 2858 3724 gloriam
2887 3652 3003 3723 ejus
3025 3653 3118 3723 qui
3152 3668 3239 3707 me
3269 3653 3418 3708 misit
3446 3667 3653 3723 qumro,

2053 3742 2211 3812 cuius
2242 3745 2419 3814 gratia
2462 3746 2624 3799 velim
2655 3747 2763 3799 alia
2798 3749 2999 3801 docere
3036 3760 3048 3800 :
3092 3761 3255 3799 verax
3311 3746 3474 3815 igitur
3509 3762 3653 3809 sum,

2052 3845 2107 3887 et
2164 3850 2268 3888 non
2316 3845 2400 3889 est
2442 3835 2709 3904 iniustitia
2759 3838 2812 3891 in
2857 3852 2988 3891 me:
3025 3835 3132 3892 hoc
3189 3846 3274 3892 est
3338 3853 3447 3892 non
3504 3839 3656 3907 rapio

2053 3926 2283 3996 gloriam
2309 3928 2465 3985 alteri
2506 3930 2771 3987 debitam.
2806 3928 2921 3985 Hoc
2963 3932 3111 3985 enim
3149 3928 3431 3999 ittjustitite
3491 3932 3650 3986 foret.

2053 4018 2231 4088 Atque
2266 4019 2341 4073 ita
2393 4019 2635 4074 doctrina
2672 4035 2790 4075 mea
2826 4030 2880 4075 et
2913 4023 3199 4077 veritatem
3246 4022 3654 4091 complectitur,

2054 4111 2406 4182 etjustitiam
2450 4114 2501 4169 in
2540 4128 2620 4171 se.
2654 4114 2771 4171 Non
2807 4116 2952 4170 enim
2994 4132 3061 4171 ex
3116 4117 3425 4185 arrogantia
3478 4118 3557 4179 lil,
3596 4131 3653 4170 ut

2054 4206 2397 4259 tuentlacium
2426 4206 2624 4261 habeat
2658 4222 2722 4262 ac
2757 4207 3107 4277 iniustitiam.
3138 4208 3411 4278 Arrogans
3442 4223 3575 4262 vero
3604 4221 3656 4259 ιιι

2054 4295 2337 4361 mentitur,
2366 4311 2433 4352 eo
2487 4298 2631 4366 quod
2662 4298 2729 4353 de
2758 4313 2817 4353 se
2847 4298 2967 4368 plus
2996 4314 3161 4369 quam
3191 4312 3453 4365 uteretur,
3491 4300 3652 4365 dicit,

2051 4395 2105 4439 ct
2156 4386 2355 4454 injuste
2388 4389 2519 4459 agit,
2548 4391 2678 4460 quia
2733 4390 2967 4469 alienam
3019 4400 3075 4447 ct
3106 4392 3209 4447 sibi
3258 4391 3653 4448 inconvenien-

2052 4484 2159 4529 tcm
2215 4476 2443 4547 gloriam
2492 4481 2652 4549 rapit.
2712 4482 2782 4535 At
2836 4480 3102 4539 Dominus
3142 4484 3270 4554 quia
3321 4498 3444 4554 quae
3474 4482 3652 4537 Patris

360 4561 519 4633 τρίαν
548 4563 643 4616 καὶ
681 4564 845 4633 μηδὲν
871 4564 1021 4634 αὺτῷ
1067 4566 1458 4636 προσήκουσαν
1486 4567 1645 4631 δόξαν
1680 4568 1938 4639 ἁρπάζει.

2051 4577 2176 4620 sunt
2213 4568 2514 4637 qumrebat,
2544 4579 2598 4625 et
2645 4569 2778 4624 nihil
2826 4572 2892 4627 de
2942 4586 3001 4627 se
3051 4581 3377 4641 arroganter
3408 4572 3643 4633 diccbat,

366 4652 426 4705 Ὀ
451 4652 507 4705 δὲ
540 4652 745 4723 Κύριος
775 4655 962 4726 ἐπειδὴ
984 4654 1052 4707 τὰ
1077 4655 1171 4708 τοῦ
1192 4657 1406 4726 Πατρὸς
1430 4658 1636 4727 ἐζήτει,
1670 4659 1765 4712 καὶ
1788 4658 1943 4712 οὐδὲν

354 4746 486 4814 περὶ
517 4746 712 4799 ἑαυτοῦ
755 4745 1137 4815 ὴλαζονεύετο,
1178 4750 1275 4801 καί
1320 4750 1532 4821 ἀληθής
1567 4752 1685 4805 ἐστι
1726 4753 1944 4815 πάντως

352 4836 446 4889 καὶ
464 4835 692 4899 δίκαιος.
713 4838 988 4907 Πολλαχοῦ
1015 4839 1070 4892 δὲ
1106 4839 1358 4911 εἴπομεν,
1412 4844 1507 4895 καὶ
1558 4841 1655 4894 νῦν
1686 4842 1943 4914 λέγομεν,

353 4926 435 4977 ὅτι
462 4926 589 4979 ὅταν
632 4928 865 4980 ταπεινά
891 4946 1011 4981 τινα
1048 4930 1224 4998 λέγων
1261 4933 1520 5001 φαίνηται
1555 4934 1582 4985 6
1614 4932 1842 5003 Κύριος,
1880 4935 1942 4987 οὐ

352 5016 434 5067 δεῖ
486 5018 755 5086 νομίζειν,
792 5020 873 5071 ὅτι
904 5020 978 5083 ὡς
1008 5021 1249 5075 ἐλάττων
1279 5022 1353 5075 ὣν
1406 5027 1499 5076 τοῦ
1550 5025 1762 5093 Harpe;
1801 5025 1944 5078 κατὰ

354 5109 540 5177 φύσιν,
584 5110 757 5163 ταῦτα
801 5112 1125 5182 φθέγγεται,
1160 5116 1297 5170 ἀλλά
1342 5117 1431 5170 διὰ
1467 5120 1526 5170 τὸ
1564 5121 1640 5190 μὴ
1697 5121 1943 5186 ἀντίθεος

354 5202 700 5271 νομισθῆναι,
737 5206 828 5256 καὶ
857 5206 943 5259 διὰ
990 5208 1087 5277 τὴν
1132 5208 1423 5261 ἀσθένειαν
1458 5211 1568 5262 τῶν
1614 5212 1942 5282 ἀκουόντων,

354 5296 447 5345 καὶ
477 5295 565 5347 διὰ
597 5298 655 5347 τὸ
699 5298 880 5367 σάρκα
932 5301 1386 5369 περιδεδλῆσθαι,
1422 5305 1514 5356 καὶ
1558 5304 1646 5356 διὰ
1696 5305 1757 5358 τὸ
1791 5307 1944 5361 διδά-

359 5390 679 5457 σκεινὴμᾶς
715 5391 1056 5461 μετριάζειν,
1092 5394 1187 5447 καὶ
1229 5394 1394 5463 μηδὲν
1431 5397 1574 5465 μέγα
1605 5396 1784 5465 λέγειν
1814 5400 1944 5470 περὶ

356 5479 588 5534 ἑαυτῶν.
620 5482 790 5533 Ὅταν
844 5484 899 5535 δέ
935 5502 997 5551 γε
1052 5486 1233 5556 ὑψηλὰ
1284 5490 1375 5540 καὶ
1422 5491 1552 5559 περὶ
1596 5491 1694 5559 τῆς
1739 5492 1945 5557 οἰκείας

354 5570 510 5641 δόξης
558 5574 885 5643 φθέγγηται,
917 5577 1021 5646 χρὴ
1083 5579 1361 5631 πιστεύειν
1407 5581 1575 5649 ἡμᾶς,
1612 5582 1693 5635 ὅτι
1748 5584 1822 5645 ὡς
1867 5583 1946 5653 τῷ

355 5663 469 5715 ὄντι
514 5664 627 5728 ἴσος
681 5667 757 5735 τῷ
800 5669 997 5738 Πατρὶ,
1038 5670 1211 5722 ταῦτα
1256 5671 1323 5723 τὰ
1384 5671 1566 5741 ὑψηλὰ
1621 5672 1941 5741 φθέγγεται,

356 5754 441 5806 διὰ
479 5756 537 5809 τὸ
583 5757 811 5826 μέγεθος
865 5761 961 5828 τῆς
1009 5762 1216 5826 οἰκείας
1263 5764 1497 5832 φύσεως.

436 5866 451 5896 ι
490 5849 562 5903 Οὐ
586 5848 789 5917 Μωσῆς
812 5851 1042 5907 δέδωκεν
1063 5854 1191 5926 ὑμῖν
1222 5855 1313 5911 τὸν
1336 5856 1497 5928 νόμον
1524 5874 1536 5925 ;
1559 5858 1663 5911 Καὶ
1690 5859 1863 5923 οὐδεὶς
1887 5858 1944 5925 ἐξ

2048 4658 2271 4714 omnino
2305 4669 2360 4714 et
2389 4674 2553 4716 verax
2579 4671 2661 4717 est
2688 4671 2741 4717 et
2765 4660 2967 4734 justus.
3002 4664 3155 4735 Smpc
3180 4675 3360 4719 autem
3389 4664 3647 4733 diximus,

2050 4759 2107 4803 et
2134 4766 2279 4804 nunc
2307 4764 2523 4822 quoque
2547 4752 2803 4820 dicimus,
2830 4754 3000 4826 606
3033 4754 3180 4823 quod
3213 4755 3431 4823 quando
3468 4754 3651 4809 Domi-

2050 4859 2152 4899 nus
2176 4844 2400 4899 bumilia
2429 4845 2676 4914 quaedam
2707 4846 2892 4902 dicere
2922 4848 3162 4914 videtur,
3192 4861 3296 4901 nou
3321 4846 3649 4902 existiman-

2050 4936 2175 4989 dum
2206 4935 2321 4991 hmc
2343 4936 2489 4991 illum
2532 4938 2715 4993 dicere
2748 4940 2888 5009 quod
2924 4949 3117 4993 natura
3150 4939 3329 4993 minor
3360 4939 3431 4994 sit
3471 4937 3650 5003 Patre,

2050 5030 2145 5083 sed
2194 5045 2263 5083 ne
2298 5031 2565 5085 habeatur
2604 5030 2955 5086 adversarius
3000 5032 3131 5098 Dco,
3161 5044 3215 5087 et
3237 5042 3458 5102 propter
3495 5032 3648 5085 audi-

2051 5128 2230 5176 torum
2272 5123 2723 5190 imbecillitatem,
2759 5136 2812 5179 ct
2843 5136 3130 5193 propterea
3158 5126 3306 5196 quod
3327 5139 3491 5179 carne
3510 5124 3660 5177 ami-.

2050 5223 2168 5269 ctus
2190 5215 2284 5280 sit,
2316 5226 2483 5286 utque
2524 5231 2622 5271 nos
2652 5218 2847 5271 doceat
2906 5218 3184 5272 modestos
3232 5232 3376 5282 esse,
3406 5227 3459 5272 ct
3517 5216 3649 5269 nihil

2051 5322 2304 5377 magnum
2337 5311 2403 5363 de
2450 5308 2604 5363 nobis
2630 5308 2765 5378 ipsis
2803 5308 3009 5362 dicere.
3047 5307 3274 5374 Quando
3319 5317 3500 5362 autem
3553 5322 3650 5361 su-

2050 5399 2234 5453 blimia
2288 5408 2341 5455 et
2400 5402 2464 5455 de
2519 5416 2615 5454 sua
2654 5402 2833 5456 divina
2879 5401 3049 5470 gloria
3107 5401 3371 5472 loquitur,
3432 5412 3651 5471 oportet

2051 5492 2274 5546 credere
2316 5508 2413 5547 nos
2464 5495 2607 5562 quod
2658 5494 2884 5564 grandia
2949 5496 3062 5547 haec
3115 5506 3172 5547 ut
3207 5493 3437 5563 arqualis
3499 5493 3647 5549 Patri

2053 5584 2328 5655 'oquatur,
2365 5600 2586 5657 propter
2617 5590 3047 5656 magnitudinem
3083 5603 3199 5644 sua:
3240 5599 3470 5643 naturae.

2128 5855 2292 5913 Vsus.
2319 5856 2408 5925 19,
2439 5855 2533 5911 20.
2575 5875 2592 5909 ι
2630 5855 2819 5914 Nonne
2853 5854 3029 5914 Moses
3056 5855 3204 5914 dedit
3234 5856 3388 5913 vobis
3422 5852 3641 5924 legem?
