4078 6330
579 377 713 440 1335

1495 387 2071 452 THEOPHYLACTI
2106 390 2513 455 BULGABlrE
2546 392 2898 454 ABCIIlEP.

3695 391 3820 456 1336

576 497 848 552 habebant
882 505 1072 552 testem
1109 496 1403 563 'Micbzeam
1453 500 1744 569 dicentem,
1794 505 2141 574 quemadmo-

2252 508 2544 576 προφανῶς
2596 508 2689 561 τὸν
2746 509 3031 576 προφήτην
3063 488 3317 577 ΧΜιχαὶαν
3369 499 3515 574 εἶχον
3573 506 3821 576 μάρτυρα

575 587 701 640 dum
726 595 779 640 et
799 587 1083 642 Matthteus
1106 588 1215 646 ait:
1241 609 1258 641 ι
1294 591 1360 645 Ει
1387 600 1461 654 ιιι,
1491 592 1789 658 Bethleem,
1816 606 1955 650 terra
1982 594 2144 663 Juda,

578 693 913 745 nequaquam
949 680 1170 733 minima
1197 696 1254 735 es
1289 681 1341 735 in
1377 683 1714 750 principibus
1761 684 1898 739 Juda
1929 703 1944 740 :
1996 701 2061 741 ex
2095 696 2147 741 te

574 768 716 820 enim
775 770 1084 839 egredietur
1131 772 1236 826 dux
1293 773 1382 840 qui
1444 782 1592 844 regat
1645 776 1896 844 populum
1966 793 2142 833 meum

578 859 822 917 Israel".
867 881 883 912 ι
924 863 988 916 Ει
1039 873 1224 918 contra
1282 866 1349 919 bi.
1386 866 1475 934 qtti
1510 867 1763 921 dicebant
1802 870 1944 938 quml
1992 871 2145 925 Chri-

575 958 715 1004 stum
746 969 850 1007 non
890 956 1037 1011 novit
1074 958 1200 1025 quis
1245 958 1383 1013 unde
1414 960 1617 1023 veniat,
1665 962 1955 1031 prophetas
1984 963 2148 1018 habe—

574 1042 705 1098 ltaut
759 1056 925 1103 testes
965 1050 1269 1119 httjusmodi
1326 1056 1651 1108 sententia}:
1702 1055 1833 1125 quin
1880 1065 1935 1110 el
1969 1055 2144 1125 ipsum

576 1134 851 1192 Michaaam
886 1141 932 1171 ”
966 1141 1269 1197 dicentem:
1316 1162 1332 1195 ι
1373 1144 1636 1214 Egressus
1666 1145 1835 1214 ipsius
1862 1147 1928 1201 ab
1969 1139 2142 1213 initio,

574 1242 602 1275 ιι
643 1226 827 1281 diebus
861 1231 1075 1297 smculi;
1115 1250 1131 1283 ν
1167 1233 1218 1286 id
1252 1236 1395 1303 quod
1427 1236 1668 1306 ignotum
1698 1238 1814 1306 ejus
1844 1254 2141 1309 egressum,

575 1318 677 1372 hoc
714 1332 789 1373 est
838 1323 1173 1378 nativitatem
1207 1326 1465 1381 declarat.
1493 1326 1681 1382 Nullus
1704 1332 1844 1383 enim
1866 1329 2142 1383 hominum

573 1410 675 1462 scit
708 1398 977 1478 quomodo
1018 1417 1085 1469 ab
1122 1417 1276 1473 initio
1320 1429 1373 1471 et
1404 1434 1431 1471 a
1469 1420 1659 1475 diebus
1699 1421 1881 1476 saeculi
1920 1422 2142 1488 exitum,

573 1503 675 1588 hoc
730 1513 847 1571 est,
907 1506 1248 1563 nativitatem
1304 1511 1518 1566 habeat.
1575 1510 1828 1567 Homines
1890 1513 2031 1567 enim
2089 1514 2143 1568 iu

573 1603 836 1662 tempore,
867 1598 953 1651 ille
991 1608 1168 1653 autem
1200 1616 1229 1655 a
1278 1604 1467 1657 diebus
1500 1605 1680 1659 saaculi
1702 1645 1715 1669 ,
1763 1614 1817 1659 et
1870 1605 1935 1659 ab
1967 1606 2139 1659 initio.

573 1683 724 1748 Quod
758 1698 935 1742 autem
976 1699 1261 1757 attentum,
1302 1696 1574 1760 quomodo
1607 1695 1658 1749 lii
1688 1693 1775 1763 qui
1805 1695 1904 1749 Slll)
1939 1704 2144 1763 tempo-

575 1788 650 1841 re,
686 1781 1055 1847 cognoscunt?
1100 1781 1203 1837 Sed
1248 1793 1301 1839 et
1336 1784 1502 1841 lsaias
1546 1788 1718 1841 dicit:
1775 1806 1791 1838 ι
1828 1786 2144 1843 Generatio-

573 1881 692 1922 nem
730 1869 848 1939 ejus
875 1871 995 1941 quis
1034 1875 1308 1929 euarrabit
1332 1876 1425 1930 5°?
1495 1894 1513 1927 ι
1565 1875 1655 1930 Ειιι
1694 1876 1782 1932 his
1827 1878 1991 1949 igitur
2022 1894 2140 1947 per-
2174 1850 2214 1903 Β

572 1959 715 2013 suasi
758 1951 1047 2018 dici-bant:
1095 1964 1267 2021 Nemo
1292 1966 1399 2021 scit
1435 1967 1577 2021 unde
1619 1968 1689 2022 sit
1720 1967 1986 2025 Christus.
2024 1970 2138 2025 Non

569 2050 714 2103 enim
733 2051 1103 2123 intelligebant
1119 2056 1261 2124 quod
1286 2056 1481 2127 duplex
1503 2067 1649 2114 esset
1672 2057 1929 2115 Dominus
1951 2059 2138 2117 Jesus:

569 2148 626 2193 et
665 2142 958 2198 secundum
979 2144 1311 2200 nativitatem
1344 2147 1642 2212 carnalem,
1673 2164 1788 2219 quae
1820 2158 1936 2204 erat
1962 2166 1992 2204 ε
2024 2149 2144 2204 Vir-

570 2231 715 2299 gine,
745 2232 1019 2288 sciebatur
1049 2235 1189 2290 unde
1219 2246 1355 2301 erat,
1394 2252 1587 2307 nempe
1608 2239 1749 2308 quod
1778 2240 1829 2293 in
1849 2239 2141 2295 'Betbleem

571 2333 771 2390 natus;
805 2326 1102 2381 secundum
1143 2328 1516 2396 incorpoream
1547 2345 1674 2384 vero
1705 2340 1755 2385 et
1813 2331 2140 2386 i‘neliabilem

567 2414 686 2482 ejus
714 2417 1071 2483 nativitatem,
1122 2434 1226 2487 qua
1272 2435 1302 2473 a
1365 2419 1527 2475 Patre
1574 2430 1700 2477 ante
1752 2424 1945 2478 saecula
1986 2433 2143 2479 natus

569 2515 688 2568 cst,
721 2521 883 2575 supra
938 2524 1153 2563 omnem
1211 2524 1517 2565 sermonem
1568 2512 1820 2569 nativitas
1871 2515 1985 2581 eius
2035 2526 2140 2571 est.

569 2594 1039 2668 llierosolymitani
1090 2601 1252 2671 igitur
1301 2602 1376 2655 illi
1432 2603 1770 2658 nativitatem
1814 2605 1869 2658 in
1921 2620 2139 2659 carnem

568 2685 804 2742 fatentur
837 2704 894 2743 se
926 2691 1066 2745 scire
1097 2695 1238 2746 unde
1292 2693 1398 2748 sit:
1449 2694 1595 2749 illam
1638 2706 1814 2749 autent
1864 2712 1981 2765 quae
2017 2706 2143 2751 ante

568 2782 789 2845 saecula,
830 2784 1127 2839 secundum
1164 2800 1325 2854 quam
1360 2801 1520 2841 nemo
1554 2790 1658 2842 scit
1695 2788 1968 2844 Christum
1997 2790 2142 2845 unde

569 2876 658 2939 sit,
686 2892 791 2931 nou
821 2878 1076 2933 fatentur.
1105 2880 1334 2946 Idcirco,
1368 2896 1489 2935 cum
1508 2896 1610 2936 non
1632 2882 1992 2952 intelligerent
2017 2898 2140 2939 eum

568 2967 797 3037 duplicis
826 2976 1052 3036 naturae,
1100 2978 1154 3025 et
1193 2987 1295 3024 una
1339 2972 1556 3041 quidem
1615 2972 1911 3038 sciebatur,
1972 2973 2141 3029 altera

570 3074 698 3114 vero
723 3074 865 3127 non,
906 3062 1092 3116 dicunt
1124 3066 1266 3131 quod
1308 3078 1413 3117 non
1447 3064 1516 3117 sit
1546 3064 1819 3119 Christus.

641 3150 805 3207 Vsus.
840 3152 1039 3217 23,29.
1075 3172 1091 3205 ι
1133 3154 1399 3209 Clamavit
1431 3156 1593 3224 igitur
1626 3156 1678 3209 itt
1718 3156 1917 3226 templo
1944 3157 2144 3214 docens

567 3243 745 3308 Jesus,
778 3255 832 3300 et
860 3246 1080 3302 dicens:
1121 3246 1188 3300 Et
1219 3262 1307 3302 me
1336 3249 1509 3316 scitis,
1556 3258 1611 3304 et
1652 3249 1803 3305 scitis
1833 3251 1973 3304 unde
2002 3251 2139 3307 sim:

568 3345 622 3392 et
650 3352 679 3391 a
711 3338 917 3408 meipso
950 3352 1054 3392 non
1104 3338 1246 3403 veni,
1280 3340 1373 3393 sed
1406 3348 1485 3394 est
1524 3354 1685 3394 verax
1713 3341 1803 3410 qui
1845 3342 1995 3396 misit
2033 3357 2141 3408 me,

568 3443 726 3498 quem
765 3444 860 3484 vos
894 3444 999 3483 non
1050 3429 1301 3485 novistis.
1348 3430 1462 3499 Ego
1498 3447 1626 3486 vero
1662 3432 1787 3487 novi
1837 3447 1985 3497 eum,
2015 3435 2143 3503 quia

570 3524 638 3580 ab
672 3524 787 3593 ipso
817 3540 958 3589 sum,
998 3533 1051 3578 et
1084 3524 1173 3577 ille
1207 3540 1291 3579 me
1326 3526 1493 3579 misit.
1532 3544 1548 3576 ι
1590 3526 1858 3591 Quoniam
1890 3524 1995 3583 non
2036 3528 2142 3581 alia

569 3620 637 3669 de
668 3632 829 3670 causa
863 3616 1136 3681 dicebant,
1184 3615 1337 3671 Hunc
1391 3617 1532 3673 unde
1582 3618 1653 3672 sit
1712 3619 1943 3683 scimus,
1980 3635 2141 3689 quam

569 3710 857 3765 ostendere
898 3710 1140 3765 volentes
1174 3710 1315 3778 quod
1345 3709 1412 3777 de
1446 3720 1584 3763 terra
1628 3711 1720 3778 sit,
1755 3721 1809 3764 et
1834 3700 1976 3780 quod
2006 3710 2143 3765 fabri

570 3804 733 3867 ﬁlius,
788 3813 1069 3872 propterea
1129 3803 1336 3857 reducit
1388 3817 1482 3857 eos
1516 3802 1580 3857 ad
1633 3803 1865 3870 caelum,
1923 3805 2141 3862 dicens:

575 3913 592 3946 ι
632 3892 695 3947 Et
748 3908 834 3949 me
896 3894 1069 3959 scitis,
1120 3901 1175 3946 et
1229 3894 1381 3948 scitis
1442 3895 1582 3948 unde
1638 3894 1764 3959 sim,
1831 3913 1849 3947 ι
1905 3898 2004 3951 hoc
2036 3907 2131 3951 est.

570 3986 817 4055 quamvis
849 3994 1069 4052 propter
1112 3984 1373 4039 malitiam
1418 3985 1710 4050 reticeatis,
1760 3987 1911 4040 scitis
1962 3998 2140 4042 tamen

570 4075 712 4128 unde
738 4075 862 4138 sim,
888 4074 1031 4142 quod
1054 4074 1119 4129 de
1150 4074 1307 4130 ccelo.
1342 4074 1608 4140 Quoniam
1641 4077 1786 4129 enim
1810 4076 1968 4130 Pater
1991 4093 2142 4133 meus

569 4168 716 4220 illinc
740 4176 841 4231 est,
873 4168 1215 4220 manifestum
1263 4167 1403 4235 quod
1453 4177 1501 4223 et
1557 4182 1655 4235 ego
1702 4168 1847 4222 illiue
1892 4184 2034 4234 sum,
2088 4178 2144 4224 et

567 4260 709 4326 quod
738 4258 919 4313 abillo
956 4258 1154 4312 missus
1183 4274 1322 4321 sum,
1350 4259 1442 4326 qui
1469 4267 1550 4311 est
1578 4272 1757 4311 verus.
1792 4257 1926 4324 Quia
1960 4270 2138 4313 autem

566 4350 660 4404 ille
696 4364 876 4414 verus,
902 4349 1023 4404 ideo
1049 4358 1103 4403 et
1136 4365 1233 4419 ego
1259 4352 1444 4418 utique
1480 4367 1638 4404 verax
1670 4362 1721 4405 et
1744 4352 2136 4406 nou-mendax.

564 4442 685 4499 Non
721 4444 864 4497 enim
904 4457 1065 4495 verax
1105 4442 1448 4509 impostorem
1482 4451 1535 4496 et
1577 4443 1890 4497 mendacem
1923 4443 2139 4497 mittere

2249 595 2495 663 λέγοντα,
2534 596 2607 656 ὡς
2638 596 2733 648 καὶ
2761 598 2787 647 6
2824 595 3099 656 Ματοαῒός
3141 611 3306 662 φησι·
3356 612 3372 643 ι
3414 595 3524 665 Κραὶ
3563 593 3648 658 σὺ,
3682 592 3817 661 Βηθ-

2249 685 2382 755 λεὲμ
2407 685 2473 753 γῆ
2522 685 2709 749 Ἰούδα,
2743 686 2993 754 οὐδαμῶς
3024 685 3274 756 ἐλαχίστη
3324 680 3373 737 εἷ
3399 687 3455 737 ἐν
3477 687 3590 745 τοῖς
3618 684 3816 755 ἡγεμό-

2252 793 2335 829 σιν
2384 776 2549 829 Ἰούδα
2571 793 2583 805 ·
2616 780 2678 831 ἐκ
2705 777 2794 831 σοῦ
2827 779 2935 848 γὰρ
2964 778 3306 844 ἐξελεύσεται
3338 777 3647 847 ἡγούμενος
3676 779 3821 837 ὅστις

2250 872 2505 940 ποιμανεῖ
2529 870 2616 923 τὸν
2645 870 2771 923 λαόν
2804 887 2906 938 μου
2956 870 3194 939 Ἰσραήλ.
3247 889 3263 919 ι
3300 870 3407 922 Καὶ
3442 865 3588 920 οὗτοι
3627 867 3681 920 δὲ
3720 868 3821 921 πά-

2248 964 2329 1015 λιν
2358 966 2406 1016 οἱ
2441 963 2712 1031 λέγοντες,
2755 963 2835 1015 ὅτι
2872 962 2959 1016 τὸν
2991 962 3224 1032 Χριστὸν
3248 962 3345 1014 οὐκ
3371 956 3478 1014 οἷδέ
3514 979 3623 1024 τις,
3657 959 3823 1012 πόθεν

2249 1056 2487 1126 ἔρχεται.
2540 1058 2667 1119 τοὺς
2712 1056 2996 1125 προφήτας
3044 1049 3191 1124 εἶχον
3239 1055 3526 1125 μάρτυρας
3575 1052 3679 1120 τῆς
3710 1069 3819 1104 τοι-

2249 1148 2414 1213 αᾷττ,ς
2444 1148 2669 1217 γνώμης
2692 1163 2706 1176 ⁸
2744 1148 2836 1198 καὶ
2866 1146 3025 1198 αὑτὸν
3062 1146 3116 1199 δὲ
3162 1148 3250 1199 τὸν
3286 1146 3523 1214 Μιχαίαν
3556 1144 3781 1211 λέγοντα
3802 1184 3818 1207 ,

2248 1241 2329 1292 ὅτι
2360 1258 2378 1291 ‹
2404 1241 2468 1291 Αἱ
2496 1239 2664 1303 ἔξοδοι
2689 1238 2852 1291 αὑτοῦ
2877 1238 2970 1291 ἀπ’
2999 1240 3170 1309 ἀρχῆς
3201 1238 3259 1302 ἐξ
3289 1236 3512 1307 ἡμερῶν
3532 1235 3729 1298 αἰῶνος
3750 1252 3764 1266 ·
3795 1254 3812 1285 ι

2247 1333 2383 1401 ὅπερ
2413 1332 2688 1400 ἄγνωστον
2717 1333 2816 1402 τὴν
2849 1330 3012 1384 αὑτοῦ
3049 1331 3247 1394 ἔξοδον.
3279 1331 3396 1402 ἦτοι
3429 1330 3525 1399 τὴν
3560 1330 3820 1397 γέννησιν

2247 1423 2520 1492 ἐμφαίνει.
2574 1423 2675 1476 Τὸν
2708 1423 2835 1492 γὰρ,
2875 1442 2892 1473 ι
2956 1423 3050 1476 ἀπ’
3083 1422 3282 1492 ἁρχῆκ
3324 1440 3341 1472 ι
3392 1423 3486 1475 καὶ
3525 1440 3542 1472 t
3577 1420 3637 1484 ἐξ
3682 1421 3818 1490 ἡμε-

2249 1517 2358 1587 ρῶν
2386 1517 2597 1579 αἰῶνος,
2643 1535 2660 1567 ι
2694 1515 3021 1579 τὰςὲξόδους
3049 1514 3261 1584 ἔχοντα,
3292 1515 3407 1584 ἦτοι
3427 1514 3525 1582 τὴν
3546 1513 3817 1593 γέννησιν,

2246 1613 2346 1663 οὐκ
2405 1612 2469 1666 ἄν
2524 1628 2609 1672 τις
2660 1610 2962 1680 ἀνθρώπων
3006 1609 3192 1677 εἰδείη.
3249 1610 3561 1679 Ἄνθρωποι
3618 1609 3725 1675 γὰρ
3764 1608 3822 1659 ὲν

2245 1704 2439 1775 χρόνῳ,
2474 1704 2679 1767 ἐκεῖνος
2707 1704 2763 1756 δὲ
2788 1702 2846 1768 ἐξ
2877 1703 3101 1773 ἡμερῶν
3136 1703 3333 1766 αἰῶνος
3365 1703 3457 1754 καὶ
3481 1703 3577 1754 ἀπ’
3605 1702 3778 1782 ἁρχῇς
3803 1718 3816 1730 ·

2244 1800 2304 1851 τὸ
2334 1797 2389 1852 δὲ
2437 1798 2655 1851 αἰώνιον
2710 1795 2823 1859 πῶς
2863 1796 2890 1848 6
2927 1796 3031 1849 ὑπὸ
3071 1796 3266 1868 χρόνον
3314 1794 3611 1863 γινώσκεις
3663 1792 3821 1846 Ἀλλὰ

2246 1893 2342 1944 καὶ
2373 1891 2599 1953 Ἡσαΐας
2642 1891 2817 1960 φησί·
2861 1908 2879 1940 ι
2920 1888 3033 1955 Τὴν
3063 1888 3123 1941 δὲ
3159 1890 3353 1957 γενεὰν
3402 1886 3567 1941 αὐτοῦ
3604 1886 3686 1948 τις
3709 1885 3822 1952 διηο

2245 1985 2510 2052 γὴσεται,
2550 2000 2567 2034 t
2618 1983 2713 2035 Ἐκ
2753 1982 2960 2035 τούτων
3009 1979 3103 2035 οῦν
3151 1980 3467 2049 πειθόμενοι
3496 1979 3706 2047 ελεγον,
3734 1978 3820 2031 ὅτι

2246 2075 2353 2128 Τὸν
2378 2074 2613 2144 Χριστὸν
2656 2074 2756 2127 οὐκ
2785 2071 2892 2126 οἵδέ
2931 2090 3016 2135 τις
3040 2112 3054 2136 ,
3086 2070 3251 2124 πόθεν
3282 2071 3458 2124 ἐστίν.
3489 2070 3565 2122 υῦ
3612 2070 3722 2138 γὰρ
3757 2068 3821 2139 δὴ

2244 2167 2508 2229 ἐνενόουν,
2543 2169 2626 2220 ὅτι
2664 2167 2881 2229 διπλοῦς
2908 2166 2982 2219 ὢν
3006 2166 3035 2219 6
3064 2167 3267 2235 Κύριος
3294 2163 3524 2233 Ἰησοῦς,
3554 2163 3694 2215 κατᾶ
3726 2159 3823 2231 μιν

2251 2260 2351 2327 τὴν
2399 2260 2464 2310 ἐκ
2507 2258 2786 2327 Παρθένου
2850 2258 2907 2309 ὲν
2960 2258 3125 2325 σαρκὶ
3163 2257 3440 2325 γέννησιν,
3493 2240 3827 2333 ἐγνωρίζετο

2246 2350 2407 2403 πόθεν
2434 2353 2601 2414 ἐστὶν,
2634 2352 2716 2403 ὅτι
2750 2352 2812 2403 ὲκ
2845 2349 3094 2419 Βηολεέμ
3116 2364 3128 2378 ⁸
3155 2348 3298 2401 κατὰ
3325 2347 3380 2399 δὲ
3406 2346 3503 2414 τὴν
3529 2341 3822 2413 ἀσώματον

2188 2484 2191 2487 λ
2244 2441 2337 2492 καὶ
2364 2439 2807 2511 ἀποῤῥητοτέραν
2830 2439 2926 2508 τὴν
2955 2441 3019 2491 ἐκ
3071 2438 3284 2508 Πατρὸς
3313 2436 3420 2506 πρὸ
3448 2434 3669 2488 πάντων
3715 2432 3824 2486 τῶν

2248 2531 2477 2594 αἰώνων,
2501 2533 2717 2600 λέγεται
2744 2532 2937 2597 γενεὰν
2965 2529 3108 2601 ἔχειν
3136 2528 3447 2598 ὑπείῖέραν
3481 2528 3666 2593 πάσης
3704 2522 3821 2588 διη·

2248 2628 2483 2696 γήσεως.
2508 2618 2669 2678 Οὗτοι
2711 2627 2889 2676 τοίνυν
2924 2626 2971 2675 οἱ
3012 2621 3434 2692 Ἱεροσολυμῖται
3499 2618 3601 2686 τὴν
3642 2616 3745 2685 μὲν
3766 2616 3824 2668 ἐν

2246 2717 2410 2784 σαρκὶ
2432 2716 2682 2784 γέννησιν
2712 2713 3063 2781 ὁμολογοῦσιν
3093 2711 3310 2775 ειδέναι,
3347 2709 3441 2762 καὶ
3472 2708 3639 2760 πόθεν
3673 2702 3818 2758 ἔστι*

2244 2809 2345 2878 τὴν
2368 2807 2424 2859 δὲ
2451 2808 2557 2876 πρὸ
2578 2805 2810 2871 αζὼνων,
2837 2805 2959 2857 καθ’
2979 2804 3045 2875 ἢν
3082 2803 3182 2856 οὐκ
3208 2798 3316 2854 οἶδέ
3336 2819 3419 2864 τις
3442 2800 3533 2853 τὸν
3561 2798 3817 2869 Χριστὸν,

2246 2900 2410 2953 πόθεν
2453 2900 2623 2963 ἐστὶν,
2677 2899 2776 2966 οὐχ
2827 2897 3198 2966 ὁμολογοῦσιν.
3240 2895 3331 2949 Διδ
3365 2892 3440 2963 μὴ
3477 2890 3821 2960 λογιζόμενοι

2245 2993 2326 3045 ὅτι
2354 2990 2572 3053 διπλοῦς
2593 2991 2690 3053 ὢν,
2719 2990 2779 3042 τὸ
2813 2989 2995 3057 μέντοι
3014 2986 3361 3055 γινώσκεται,
3378 2984 3439 3038 τὸ
3461 2983 3507 3037 δ’
3531 2983 3617 3050 οὓ,
3639 2982 3821 3052 φασὶν,

2244 3084 2318 3149 ὡς
2348 3084 2446 3137 οὐκ
2480 3082 2565 3152 εῐη
2598 3085 2628 3136 6
2664 3082 2920 3152 Χριστός.

2323 3192 2342 3225 ι
2374 3175 2645 3245 Ἔκραξεν
2666 3172 2758 3225 οῦν
2787 3174 2845 3225 ὲν
2870 3172 2948 3238 τῷ
2975 3170 3106 3242 ἱερῷ
3126 3169 3392 3225 διδάσκων
3416 3169 3446 3222 ὁ
3472 3164 3707 3237 Ἰησοῦς,
3731 3161 3821 3218 καὶ

2248 3266 2419 3335 λέγων
2443 3282 2457 3297 ⁸
2498 3266 2657 3335 Κάμὲ
2686 3265 2885 3327 οἴδατε,
2911 3264 3005 3317 καὶ
3034 3263 3212 3317 οἴδατε
3247 3260 3411 3313 πόθεν
3429 3257 3547 3328 εἰμί
3564 3274 3577 3286 ·
3605 3257 3699 3309 καὶ
3731 3253 3825 3308 ἀπ’

2246 3356 2484 3427 ἐμαυτοῦ
2517 3357 2616 3410 οὐκ
2649 3355 2907 3426 ἐλήλυθα,
2930 3354 3043 3409 ἀλλ’
3081 3353 3229 3407 ἔστιν
3251 3350 3504 3421 ἀληθινὸς
3538 3348 3568 3400 6
3603 3346 3824 3415 πέμψας

2250 3465 2337 3519 με,
2361 3448 2419 3500 ὃν
2436 3448 2594 3518 ὑμεῖς
2617 3447 2715 3499 οὐκ
2740 3447 2939 3500 οἴδατε.
2977 3443 3117 3513 Ἐγὼ
3139 3444 3195 3496 δὲ
3223 3437 3341 3496 οῖδα
3366 3440 3551 3502 αὐτὸν,
3582 3439 3666 3491 ὅτι
3694 3434 3821 3505 παρ’

2246 3538 2412 3593 αὑτοῦ
2454 3540 2592 3609 ειμι,
2630 3538 2882 3601 κάκεῖνός
2936 3553 3004 3606 με
3055 3533 3395 3589 ἀπέστειλεν.
3434 3551 3452 3583 ι
3496 3528 3715 3598 Ἐπειδὴ
3742 3525 3819 3592 1:6,

2252 3650 2272 3683 ι
2317 3630 2553 3701 Οἴδαμεν
2596 3630 2807 3694 τοῦτον,
2844 3628 3008 3682 πόθεν
3058 3626 3219 3687 ’ἐστὶ-ς
3262 3646 3281 3677 ›
3337 3625 3404 3677 δι’
3438 3621 3588 3677 οὐδὲν
3635 3620 3823 3688 ἕτερον

2248 3724 2449 3793 ἔλεγον,
2481 3723 2597 3776 ἀλλ’
2632 3723 2663 3791 ἢ
2691 3722 2859 3784 δεῖξαι
2888 3719 3133 3780 θέλοντες
3156 3757 3169 3780 ,
3197 3718 3279 3769 ὅτι
3302 3718 3366 3769 ὲκ
3400 3716 3500 3783 τῆς
3535 3714 3639 3782 γῆς
3674 3715 3817 3773 ἐστι,

2246 3816 2343 3869 καὶ
2368 3816 2447 3882 ὅτε
2475 3814 2727 3875 τέκτονος
2753 3812 2889 3875 υἱὸς,
2914 3809 3000 3863 διὰ
3035 3808 3193 3861 τοῦτο
3222 3807 3381 3868 αὐτὸς
3408 3805 3598 3873 ἀνάγει
3625 3802 3821 3865 αὐτοὺς

2246 3909 2324 3970 εις
2356 3907 2445 3959 τὸν
2478 3904 2705 3975 οὐρανὸν
2728 3902 2901 3970 λέγων
2925 3919 2939 3933 ·
2966 3918 2985 3951 ι
3021 3900 3129 3953 Καὶ
3154 3899 3253 3969 ἐμὲ
3292 3899 3491 3961 οἴδατε,
3528 3896 3624 3949 καὶ
3646 3894 3819 3946 οἴδατε

2246 3995 2407 4049 πόθεν
2462 3994 2577 4063 εἰμί
2603 4010 2617 4025 ·
2655 3993 2927 4055 τουτέστι,
2963 3991 3083 4045 Κᾶν
3118 3992 3167 4043 εἰ
3201 3989 3287 4043 διὰ
3316 3988 3416 4058 τὴν
3452 3986 3657 4039 κακίαν
3695 4001 3822 4050 συγ-

2244 4086 2579 4154 καλύπτητε,
2602 4085 2750 4154 ὅμως
2778 4083 2954 4136 οἴδατε
2980 4082 3144 4136 πόθεν
3182 4080 3321 4151 εἰμὶ,
3352 4080 3434 4133 ὅτι
3466 4078 3527 4142 ἐξ
3565 4075 3816 4147 οὐρανοῦ.

2258 4176 2410 4230 Ἐπεὶ
2443 4179 2553 4245 γὰρ
2575 4175 2783 4229 ἐκεῖθέν
2811 4176 2958 4227 ἐστιν
2994 4176 3022 4227 6
3055 4174 3246 4245 Πατήρ
3278 4189 3400 4241 μου,
3435 4170 3721 4241 πρόδηλον.
3741 4170 3819 4222 ὃτι

2244 4268 2338 4322 καὶ
2371 4266 2536 4331 αὐτὸς
2558 4267 2768 4320 ὲκείοέν
2798 4269 2934 4336 εἰμι,
2966 4267 3060 4319 καὶ
3087 4266 3168 4319 ὅτι
3186 4265 3315 4335 παρ’
3344 4264 3556 4317 ἐκείνου
3584 4262 3819 4316 ἀπεστά-

2242 4360 2361 4429 λην,
2396 4359 2453 4422 ὅς
2482 4360 2629 4412 ἐστιν
2661 4358 2890 4427 ἀληθής.
2929 4356 3078 4410 Ἐπεὶ
3097 4356 3154 4409 δὲ
3181 4359 3386 4419 ἐκεῖνος
3416 4355 3642 4426 ἀληθὴς,
3666 4353 3817 4420 κάγὼ

2243 4451 2308 4503 ἂν
2330 4450 2447 4520 ειην
2480 4435 2704 4519 ἀληθὴς,
2732 4449 2824 4502 καὶ
2853 4450 2911 4501 οὐ
2947 4449 3166 4512 πλάνος.
3206 4448 3279 4500 Οὐ
3308 4448 3417 4514 γὰρ
3438 4445 3503 4501 ἂν
3539 4448 3567 4498 ὁ
3592 4445 3808 4517 ἀληθὴς.

563 4535 744 4591 vellet.
780 4533 933 4589 Hunc
971 4536 1151 4587 autem
1182 4535 1271 4602 qui
1316 4533 1465 4589 misit
1510 4549 1597 4588 me
1620 4574 1634 4598 ,
1664 4550 1757 4587 vos
1792 4535 2006 4602 quidem
2040 4552 2137 4589 ur:—

2245 4542 2442 4595 πλάνον
2495 4541 2586 4594 καὶ
2628 4540 3090 4616 ψευδῆὶὴθέλησεν
3122 4540 3462 4594 ἀποστεῖλαι.
3516 4538 3717 4592 Τοῦτον
3758 4538 3811 4591 δὲ

567 4627 717 4682 scitis
752 4636 807 4681 et
837 4626 1119 4696 ignoratis,
1146 4625 1581 4695 quandoquidem
1636 4626 1689 4679 id
1731 4628 1986 4695 operibus
2030 4644 2135 4681 non

566 4716 875 4773 declaratis.
911 4714 1043 4768 Nam
1084 4714 1244 4786 (sicut
1276 4713 1473 4767 Paulus
1518 4714 1691 4782 inquit
1718 4715 1787 4786 Μ)
1824 4717 1875 4771 in
1910 4717 2135 4770 St‘lClllla

568 4810 861 4880 ignorantia
889 4806 1054 4880 609
1084 4817 1183 4861 est.
1223 4825 1240 4857 ι
1268 4806 1459 4871 Deum,
1488 4808 1682 4877 inquit,
1710 4808 1947 4861 fatentur
1974 4808 2132 4871 scire,

566 4916 727 4971 opere
761 4911 935 4954 autem
965 4899 1276 4953 inliciantur
1306 4915 1455 4953 eum.
1498 4899 1564 4953 Et
1598 4915 1693 4954 vos
1718 4901 1935 4968 quidem
1964 4898 2132 4953 Judtei

566 4990 787 5048 nescitis
825 4993 1036 5046 Patrem
1080 5008 1279 5056 meum,
1315 5004 1537 5064 propter
1572 5011 1729 5063 opera
1762 5006 1938 5047 vestra
1972 4994 2132 5060 mala,

564 5097 615 5139 et
641 5085 935 5156 pessimum
962 5086 1220 5137 animum.
1251 5085 1360 5156 Ego
1390 5097 1564 5140 autem
1601 5086 1745 5139 illum
1777 5088 1912 5151 scio,
1963 5101 2134 5155 neque

566 5178 709 5230 enim
739 5177 958 5231 obstant
990 5176 1121 5229 mihi
1157 5176 1237 5229 vel
1271 5193 1422 5232 mens
1473 5178 1634 5241 mala,
1667 5179 1747 5231 vel
1800 5193 1964 5246 opera
2014 5193 2134 5246 qua:

566 5266 641 5319 illi
672 5266 976 5333 displicent,
1009 5266 1294 5334 quominus
1319 5268 1461 5321 illum
1487 5284 1827 5337 cognoscam.
1861 5287 1881 5317 ι
1913 5271 1992 5322 Ab
2022 5272 2131 5339 ips!

567 5360 709 5411 enim
741 5374 881 5424 sum,
910 5378 927 5409 ι
958 5360 1059 5414 ltoc
1076 5370 1177 5425 est,
1205 5376 1267 5414 ex
1296 5362 1429 5429 ipso,
1464 5376 1566 5413 non
1599 5362 1663 5413 ab
1687 5361 1788 5413 alia
1812 5362 2134 5425 substantia,

570 5449 649 5501 vel
680 5448 883 5503 alienus
919 5452 984 5503 ab
1017 5467 1102 5516 c0,
1137 5470 1153 5499 ι
1176 5462 1227 5504 οι
1260 5452 1344 5503 ille
1374 5467 1457 5504 me
1496 5454 1690 5504 misit.»
1726 5454 1854 5506 Vide
1877 5463 2053 5506 autem
2085 5463 2137 5506 et

572 5545 670 5598 hoc
703 5545 818 5596 loco
847 5548 978 5599 duas
1006 5556 1223 5598 naturas
1267 5547 1315 5597 in
1362 5546 1578 5599 Christe
1608 5547 1941 5602 iu'anifestari
1972 5566 1983 5601 :
2042 5564 2136 5614 per

570 5637 671 5692 hoc
704 5637 845 5689 enim
868 5640 1007 5704 quod
1042 5639 1118 5691 ait
1148 5638 1452 5706 Apoztolus,
1477 5657 1493 5686 ‹
1524 5639 1604 5693 Ab
1637 5640 1753 5707 ipso
1784 5656 1919 5702 sum,
1957 5659 1974 5691 ›
2007 5642 2135 5694 sub-

638 5818 680 5849 ”
716 5814 903 5871 Matth.
943 5833 999 5881 tt,
1039 5820 1070 5870 6
1095 5838 1105 5878 ι
1134 5819 1292 5877 ἴπιιιίὶι,
1325 5837 1372 5877 '.'.
1406 5822 1459 5874 εὶ.
1539 5822 1582 5853 ⁸³
1621 5822 1750 5879 ibid.

1830 5823 1873 5853 σο
1910 5821 2025 5893 lsa.
2058 5836 2207 5889 tvm,
2250 5826 2301 5878 8.

2244 4635 2334 4688 τὸν
2365 4632 2759 4688 ἀποστείλαντά
2810 4650 2898 4702 με,
2955 4633 3113 4703 ὑμεῖς
3149 4630 3248 4702 μέν
3294 4633 3398 4685 οὐκ
3456 4633 3660 4709 οξδατε,
3704 4631 3812 4685 ἀλλ’

2244 4728 2488 4794 ἀγνοεῖτε
2515 4726 2736 4795 ἄγνοιαν
2764 4726 2863 4796 τὴν
2890 4725 2977 4778 διὰ
2992 4726 3101 4778 τῶν
3128 4726 3324 4793 ἔργων.
3361 4726 3451 4790 ᾮς
3476 4724 3584 4796 γὰρ
3615 4728 3645 4780 6
3671 4726 3809 4779 Παῦ-

2243 4818 2334 4883 λὸς
2361 4836 2523 4889 φησιν
2544 4860 2558 4883 ,
2594 4800 2977 4886 ἐστιν’ἄγνοια
3010 4820 3066 4885 ὲν
3099 4820 3319 4886 γνώσει.
3360 4839 3377 4871 ι
3415 4818 3550 4873 Θεὸν
3578 4857 3593 4881 ,
3628 4820 3806 4891 φησιν,

2243 4911 2597 4979 ὁμολογοῦσιν
2624 4910 2839 4971 εἰδέναι,
2878 4913 2989 4974 τοῖς
3019 4910 3074 4963 δὲ
3129 4909 3312 4981 ἔργοις
3356 4911 3666 4979 ἀρνοῦνται.
3709 4912 3829 4965 Καὶ’

2248 5004 2399 5072 ὑμεῖς
2423 5002 2514 5055 οὖν
2536 5004 2585 5055 οἱ
2632 5001 2873 5055 Ἰουδαῖοι
2903 5003 3003 5055 οὐκ
3027 5002 3203 5056 οἴδατε
3229 5004 3322 5056 τὸν
3350 5005 3571 5075 Πατέρα
3600 5022 3700 5075 μου
3728 5005 3807 5059 διὰ

2243 5096 2308 5147 τὰ
2337 5094 2473 5163 ἔργα
2506 5094 2656 5163 ὑμῶν
2681 5094 2749 5145 τὰ
2780 5092 3012 5163 πονηρὰ,
3040 5092 3138 5146 καὶ
3157 5093 3253 5164 τὴν
3273 5094 3542 5165 κακίστην
3567 5096 3800 5165 γνώμην.

2247 5203 2264 5234 ι
2315 5183 2455 5251 Ἐγὼ
2498 5184 2555 5235 δὲ
2608 5179 2725 5237 οῐδα
2772 5184 2955 5236 αὐτόν.
2997 5201 3019 5234 ι
3052 5183 3125 5237 O6
3178 5185 3286 5253 γὰρ
3326 5186 3678 5254 ἐμποδίζουσι
3721 5202 3804 5256 μοι

2242 5275 2363 5328 οῦτε
2400 5274 2591 5345 γνώμη
2620 5276 2852 5344 πονηρὰ,
2874 5273 2996 5327 οὔτε
3027 5274 3161 5346 ἔργα
3186 5277 3569 5346 ἁπαρέσκοντα
3600 5278 3803 5349 ἐκεινῳ,

2243 5366 2378 5437 πρὸς
2417 5368 2515 5437 τὴν
2542 5366 2743 5437 γνῶσιν
2793 5366 2980 5419 αὐτοῦ.
3022 5386 3039 5419 ι
3080 5370 3215 5437 Παρ¹
3249 5369 3415 5421 αὑτοῦ
3459 5372 3567 5440 γάρ
3600 5371 3712 5441 ειμι
3737 5386 3750 5399 ’
3782 5388 3800 5422 ν

2242 5458 2542 5522 τουτέστιν,
2576 5458 2633 5523 ἐξ
2667 5458 2858 5523 αὐτοῦ,
2894 5458 2994 5511 οὐκ
3028 5460 3123 5511 ἀπ’
3156 5460 3320 5528 ἄλλης
3349 5462 3561 5529 οὐσίας,
3592 5462 3625 5532 ἢ
3661 5462 3793 5516 ἐλλό-

2242 5568 2389 5620 τριος
2436 5550 2625 5615 αὑτοῦ,
2666 5568 2684 5599 ‹
2738 5552 2990 5613 κάκεῖνός
3033 5569 3097 5621 με
3133 5551 3473 5607 ἀπέστειλεν.
3517 5572 3535 5605 ι
3576 5556 3717 5624 Ὅρα
3753 5553 3799 5605 δὲ

2238 5640 2475 5694 ὲνταῦΟα
2496 5639 2592 5702 τὰς
2616 5640 2708 5692 δύο
2735 5642 2925 5710 φύσεις
2947 5643 3042 5697 τοῦ
3071 5641 3305 5715 Χριστοῦ
3322 5644 3663 5715 δηλουμένας
3690 5662 3703 5674 ⁶
3726 5645 3800 5705 6ιᾷ

2382 5824 2420 5855 ⁶¹
2460 5822 2570 5877 Tit.
2606 5824 2757 5891 1,16.
