4078 6330
231 431 361 493 1ἷῖ37

908 420 1352 494 ΕΝᾹΗΒᾹἸἸΟ
1394 421 1471 481 lN
1515 416 1815 482 EVANGE

1927 414 2018 475 ΠΙ
2058 419 2478 482 JO.\NNIS--
2509 419 2670 481 CAP.
2709 418 2842 480 VII.

3392 411 3530 475 1333

230 540 330 609 μὲν
361 536 475 599 τοῦ,
523 560 538 586 ε
588 536 721 601 Πεῷ
764 537 932 587 aito)
970 541 1107 605 εἰμι,
1143 557 1158 585 ι
1195 536 1291 608 τὴν
1321 537 1514 590 οὐσίαν
1548 536 1644 606 τῆς
1698 534 1817 587 θεό-

1927 539 2126 591 Stantia
2151 539 2331 593 divina
2352 538 2663 593 declaratur
2686 555 2700 604 ;
2722 552 2844 590 cum
2870 548 2997 589 vero
3019 531 3117 599 ait,
3151 550 3169 584 ι
3190 531 3255 586 Εἰ
3282 530 3531 589 ἰέιοιηίεἱι

225 647 427 703 τητος·
461 630 547 684 διὰ
593 629 650 681 δὲ
684 629 798 695 τοῦ,
844 648 862 678 ‹
903 628 1172 691 Κάκεῖνός
1228 646 1296 697 με
1350 629 1667 687 ἀπέστειλε,
1704 646 1721 678 ›
1764 627 1824 679 τὸ

229 722 615 794 ἀνθρώπινον·
673 722 973 783 ἀπόστολος
1027 718 1136 790 γὰρ
1172 721 1314 775 κατά
1371 720 1432 773 τὸ
1482 720 1825 792 ἀνθρώπινον

226 815 469 883 λέγεται,
505 814 641 867 καθὸ
663 814 755 866 καὶ
791 812 974 875 δοῦλος
998 815 1024 865 ὀ
1060 813 1187 875 Υἱὸς
1214 813 1307 866 τοῦ
1340 814 1497 866 θεοῦ,

307 927 324 957 ι
386 906 645 975 Ἐζήτουν
690 904 782 971 οὖν
828 907 987 957 αὑτὸν
1024 908 1240 969 πιάσαι,
1281 908 1375 958 καὶ
1408 905 1585 966 οὐδεὶς
1625 904 1823 957 ἐπέϐα-

224 999 319 1049 λεν
356 998 441 1049 ἐπ’
470 997 631 1049 αὑτὸν
664 996 762 1057 τὰς
795 999 1003 1066 χεῖρας.
1043 998 1124 1049 ὅτι
1165 982 1318 1049 οὔπω
1359 996 1668 1067 ἐληλύθειή
1704 995 1821 1065 ὥρα

224 1090 417 1144 αὑτοῦ.
455 1088 648 1142 Πολλοὶ
681 1083 775 1140 οὑν
817 1090 881 1140 ὲκ
916 1088 1011 1139 τοῦ
1042 1088 1203 1157 ὅχλου
1243 1088 1577 1140 ἐπίστευσαν
1618 1089 1697 1149 εἰς
1720 1086 1821 1137 αὑ-

224 1182 338 1246 τὲν,
399 1180 493 1234 καὶ
552 1180 774 1247 ἔλεγον,
816 1181 897 1233 ὅτι
942 1180 999 1231 Ὀ
1032 1179 1269 1250 Χριστὸς
1307 1180 1434 1232 ὅταν
1470 1179 1600 1249 ἔλθῃ
1629 1219 1643 1242 ,
1690 1179 1821 1247 μήτι

226 1273 399 1327 πλείω
432 1273 633 1342 σημεῖα
660 1272 868 1325 τούτων
909 1272 1150 1342 ποιήσει,
1185 1265 1260 1325 ὧν
1291 1266 1445 1334 οὗτος
1471 1271 1755 1339 tuaique»);
1796 1288 1815 1321 ι

223 1365 499 1419 Δεικνύων
522 1366 549 1417 ὁ
592 1364 988 1433 εὑαγγελιστὴς
1018 1406 1029 1426 ,
1066 1365 1148 1417 ὅτι
1185 1364 1435 1433 ἀοράτως
1481 1362 1819 1432 κατείχοντο,

223 1459 323 1512 καὶ
348 1460 427 1510 ὅτι
460 1456 601 1512 ἑκὼν
630 1457 822 1521 ἔπαθε,
848 1458 941 1512 καὶ
956 1458 1057 1510 οὑκ
1082 1456 1141 1521 ἐξ
1170 1458 1496 1525 ἀδυναμίας,
1528 1457 1714 1525 φησιν,
1738 1456 1821 1509 ὅτι

230 1568 250 1601 ι
305 1549 567 1620 Ἐζήτουν
599 1549 764 1603 αὑτὸν
802 1550 995 1602 πιάσαι
1023 1591 1035 1611 ,
1083 1551 1178 1602 καὶ
1217 1550 1392 1610 οὐδεὶς
1422 1548 1689 1602 ἐπέϐαλεν
1720 1549 1823 1602 ἐπ’

225 1643 392 1696 αὑτὸν
412 1644 507 1706 τὰς
530 1644 738 1713 χεῖρας.
765 1662 783 1695 ι
807 1642 880 1695 Τὸ
905 1643 981 1707 δὲ,
1005 1642 1175 1695 Οὔπω
1193 1637 1358 1713 ἦλθεν
1382 1642 1414 1711 ἡ
1439 1641 1559 1709 ὦρα
1578 1640 1763 1702 αὑτοῦ,
1794 1660 1813 1691 ι

224 1734 352 1803 ἔφη,
401 1735 499 1805 οὑχ
552 1738 635 1788 ὅτι
686 1736 900 1804 καιροῖς
941 1734 1222 1796 ὑπέκειτο,
1276 1732 1394 1786 ἀλλ’
1424 1734 1508 1787 ὅτι
1546 1734 1727 1787 πάντα
1762 1734 1820 1784 ὲν

222 1820 365 1900 ὥρᾳ.
397 1831 489 1881 καὶ
521 1827 811 1899 ἐπιτηδείῳ
832 1827 1010 1897 καιρῷ
1046 1828 1138 1881 καὶ
1166 1827 1243 1897 τῷ
1278 1828 1612 1897 προσήκοντι
1652 1826 1816 1877 ποιεῖ.

1936 643 2043 693 tne,
2085 629 2319 682 humana
2354 646 2368 682 :
2402 628 2702 682 secundum
2746 626 2893 680 enim
2940 629 3231 678 humanam
3285 632 3536 676 naturam

1935 723 2138 776 missus
2178 722 2377 776 dicitur
2421 734 2586 790 atque
2629 721 2795 776 etiam
2832 734 3051 781 servus,
3084 718 3179 790 qui
3225 714 3396 771 Filius
3447 725 3533 768 est

1934 813 2051 867 Dei.
2314 802 2321 805 A

2008 906 2171 961 Vsus.
2212 905 2302 971 50,
2354 906 2444 960 3st.
2502 924 2521 957 ι
2562 904 2891 971 Qumrebant
2937 901 3105 973 igitur
3139 900 3291 955 illum
3336 913 3531 970 appre-

1931 997 2197 1062 hendere,
2239 1009 2294 1053 et
2336 1012 2496 1053 nemo
2535 996 2683 1051 misit
2726 1009 2919 1051 manus
2948 995 2999 1047 in
3031 993 3206 1057 illum,
3240 992 3366 1061 quia
3396 1006 3532 1048 non-

1931 1093 2057 1147 dum
2092 1100 2318 1147 venerat
2370 1092 2502 1146 hora
2548 1090 2683 1159 ejus.
2720 1089 2868 1143 Multi
2901 1097 3085 1143 autem
3113 1101 3177 1140 ex
3207 1086 3365 1139 turba
3397 1097 3530 1139 cre-

1930 1185 2185 1240 diderunt
2245 1185 2299 1238 in
2351 1199 2497 1248 eum,
2534 1192 2591 1236 et
2642 1182 2900 1238 dicebant
2934 1179 3077 1250 quod
3107 1178 3360 1234 Christus
3405 1191 3530 1233 cum

1932 1279 2162 1343 venerit,
2202 1293 2330 1332 num
2365 1277 2516 1347 signa
2552 1276 2709 1346 plura
2740 1275 2865 1330 edet
2898 1274 2963 1328 iis
2993 1287 3113 1341 quae
3143 1272 3231 1327 hic
3259 1268 3470 1326 edidit?
3509 1288 3525 1321 ι

1931 1368 2239 1425 Ostendens
2288 1369 2625 1438 evangelista
2694 1368 2839 1435 quod
2898 1364 3246 1420 invisibiliter
3306 1361 3534 1418 cohibe-

1935 1473 2146 1527 rentur,
2171 1471 2225 1516 et
2256 1462 2401 1532 quod
2437 1472 2632 1531 Sponte
2679 1468 2982 1529 pateretur,
3030 1473 3135 1513 non
3176 1472 3239 1512 ex
3288 1454 3534 1510 imbecil-

1931 1556 2097 1617 litate,
2143 1555 2343 1608 .dicit:
2402 1572 2420 1605 ι
2474 1553 2803 1620 Quaerebam
2868 1551 3023 1606 illum
3096 1549 3534 1619 apprehendere,

1930 1647 2110 1701 nullus
2148 1658 2327 1700 autem
2367 1646 2515 1701 misit
2565 1646 2618 1699 in
2669 1645 2819 1699 illum
2851 1659 3065 1698 manus.
3109 1661 3128 1694 ι
3163 1641 3316 1709 Quod
3348 1649 3528 1695 autem

1934 1759 1951 1791 ‹
1990 1737 2242 1794 Nondum
2273 1739 2482 1792 venerit
2509 1738 2641 1791 hora
2673 1736 2813 1805 ejus,
2854 1752 2871 1785 ι
2911 1734 3049 1790 dixit
3086 1748 3191 1788 non
3216 1731 3359 1802 quod
3399 1739 3531 1785 tem-

1930 1832 2154 1901 poribus
2180 1840 2325 1885 esset
2373 1830 2668 1897 obnoxius,
2721 1829 2815 1885 sed
2851 1829 2998 1898 quod
3048 1825 3231 1881 omnia
3283 1833 3533 1896 tempore

235 1920 429 1974 Ἥνίκα
478 1923 587 1989 γὰρ
631 1921 693 1974 τὸ
742 1906 934 1974 παθεῖν
965 1918 1224 1989 εὔκαιρον
1269 1918 1579 1986 ἐλογίσατο,
1611 1916 1814 1987 δηλαδὴ

1927 1936 2225 1994 opportuno
2285 1933 2340 1977 et
2407 1924 2537 1978 hora
2601 1921 2947 1978 convenienti
3030 1919 3240 1975 fecerit.
3300 1917 3535 1985 Quando

222 2014 368 2067 κατά
400 2014 490 2067 τὸν
520 2013 722 2083 ὡραῖον
753 2015 847 2067 καὶ
879 2014 1191 2081 ἐπιτήδειον
1217 2012 1433 2083 χρόνον,
1464 2010 1584 2062 τότε
1626 2007 1691 2076 δὴ
1726 2009 1821 2061 καὶ

220 2108 338 2169 τοῖς
392 2106 735 2173 σταυρωταῖς
792 2104 1163 2175 συνεχώρησε.
1203 2104 1389 2156 Πάντα
1443 2102 1552 2173 γὰρ
1595 2104 1652 2155 ὲν
1702 2118 1822 2153 και-

225 2199 337 2265 ροτς
392 2196 615 2266 ὡραίοις
654 2197 749 2247 καὶ
801 2195 1130 2261 ἐπιτηδείοις
1170 2197 1317 2248 ποιεῖ
1368 2194 1463 2247 καὶ
1512 2192 1809 2260 οἰκονομεῖ.

218 2284 374 2350 Οἷον,
406 2287 512 2339 ἔδει
532 2286 756 2356 δοθῆναι
783 2286 874 2339 τὸν
898 2286 1083 2355 νόμον,
1117 2287 1231 2340 ἀλλ’
1253 2288 1310 2338 ὲν
1340 2286 1520 2357 καιρῷ
1545 2286 1623 2354 τῷ
1654 2300 1823 2353 προσ-

218 2377 443 2443 ήκοντι,
480 2375 608 2438 τοὺς
673 2378 963 2447 προφήτας
1000 2378 1224 2447 ὁμοίως,
1253 2377 1347 2430 καὶ
1376 2378 1437 2429 τὸ
1462 2376 1818 2444 Εὑαγγέλιον.

220 2466 297 2520 Τὸ
324 2462 416 2520 οὖν
456 2470 552 2537 τῆς
582 2466 730 2533 ὥρας
757 2468 948 2537 ονομα,
980 2468 1040 2521 τὸ
1089 2469 1317 2538 ἀκριϐὲς
1358 2471 1459 2539 τῆς
1492 2469 1686 2535 σοφίας
1725 2467 1821 2520 καὶ

220 2559 322 2628 τῆς
353 2559 604 2628 προνοίας
639 2558 733 2611 τοῦ
765 2560 1020 2629 Σωτῆρος
1056 2556 1419 2613 ἐνδείκνυται.
1453 2578 1470 2609 ι
1532 2559 1725 2612 Πολλοὶ
1763 2559 1819 2611 δὲ

219 2651 553 2703 ἐπίστευσαν
579 2650 749 2721 αὐτῷ,
782 2652 1060 2718 λέγοντεςο
1087 2652 1179 2722 Μὴ
1211 2653 1237 2704 ό
1264 2652 1500 2722 Χριστὸς
1535 2651 1705 2703 πλείω
1728 2668 1824 2720 ση-

225 2744 356 2812 μεῖα
386 2744 620 2811 ποιήσει,
664 2738 737 2798 ὧν
780 2740 935 2807 οὗτος
964 2747 1221 2813 ἐποίησε;
1272 2764 1291 2797 ι
1333 2745 1571 2811 Λέγουσι
1602 2745 1660 2797 δὲ
1691 2745 1822 2814 περὶ

219 2834 318 2887 τοῦ
347 2834 491 2887 οἴνου
522 2834 614 2888 τοῦ
651 2839 707 2888 ὲν
740 2838 918 2906 Κανᾷ,
957 2835 1049 2887 τοὺ
1085 2836 1199 2887 υἱοὺ
1234 2836 1328 2888 τοῦ
1369 2833 1650 2906 βασιλικοῦ
1679 2873 1693 2896 ,
1720 2833 1821 2905 ,τοῦ

218 2926 559 2995 παραλύτου,
590 2928 697 2979 τῶν
725 2927 927 2997 ἄρτων,
966 2928 1061 2980 καὶ
1092 2928 1284 2988 ἁπλῶς
1328 2927 1437 2979 τῶν
1471 2927 1647 2981 ἄλλων
1681 2927 1820 2980 πάν-

222 3036 355 3081 των,
411 3011 485 3071 ὧν
533 3018 654 3070 οὑδὲ
686 3021 733 3070 οἱ
765 3019 1176 3085 εὑαγγελισταλ,
1211 3018 1299 3072 διὰ
1335 3021 1395 3071 τὸ
1427 3018 1629 3089 πλῆθος
1658 3059 1672 3085 ,
1706 3019 1821 3073 ὀνο-

225 3111 394 3180 μαστὶ
430 3111 855 3180 ἐπιμέμνηνται.
892 3112 1037 3183 Πλὴν
1066 3113 1113 3165 εἰ
1147 3115 1241 3165 καί
1265 3111 1485 3174 ἁκῡύεις
1508 3154 1523 3177 ρ
1560 3114 1643 3165 δτι
1696 3112 1823 3165 ἐπί·

224 3221 460 3257 στευσαν
495 3204 699 3269 πολλοὶ,
731 3204 847 3258 ἀλλ’
874 3202 967 3257 οὖν
1010 3207 1112 3258 οὑκ
1158 3206 1394 3276 ἀκριϐὴς
1434 3201 1503 3277 ἦν
1558 3208 1592 3277 ἡ
1639 3206 1824 3267 πίστις

225 3296 432 3362 αὑτῶν,
470 3296 586 3349 ἀλλ’
618 3297 737 3349 οἵαν
769 3297 917 3360 εἰκὸς
957 3293 1095 3350 εἶναι
1120 3298 1358 3366 πλήθους
1394 3297 1641 3367 χυδαῖον,
1664 3297 1823 3352 ἀλλο-

222 3404 281 3441 τε
318 3388 494 3451 ἄλλως
522 3390 993 3460 μεταταττομένου
1042 3392 1162 3453 ταῖς
1197 3390 1470 3459 γνώμαις.

303 3586 321 3617 ι
365 3568 645 3619 Ἤκουσαν
702 3569 752 3621 oi
799 3569 1089 3640 Φαρισαῖοι
1132 3570 1497 3638 γογγύζοντος
1530 3570 1625 3621 τοῦ
1661 3569 1822 3637 όχλου

224 3657 355 3727 περὶ
383 3655 548 3708 αὑτοῦ
582 3656 755 3708 ταῦτα
788 3673 801 3686 ⁸
842 3658 937 3710 καὶ
969 3657 1301 3710 ἀπέστειλαν
1323 3656 1601 3725 ὑπηρέτας
1626 3656 1676 3706 οἱ
1712 3656 1823 3706 Φα-

235 3752 438 3819 ρισαῖοι
475 3749 571 3801 καὶ
601 3750 649 3799 οἱ
678 3750 981 3819 ἀρχιερεῖς,
1010 3749 1097 3801 ἵνα
1133 3750 1403 3801 πιάσωσιν
1433 3748 1617 3799 αὑτὸν.
1656 3743 1823 3799 Εἶπεν

222 3839 319 3895 οὖν
348 3844 530 3903 αὑτοῖς
559 3844 586 3895 ὁ
621 3842 830 3911 Ἰησοῦς
855 3858 869 3871 ·
907 3842 1029 3893 Ἔτι
1068 3840 1262 3912 μικρὸν
1291 3841 1482 3910 χρόνον
1521 3838 1640 3909 μεθ’
1671 3839 1823 3909 ὑμῶν

224 3937 482 4005 είμι,καὶ
508 3934 708 4001 ὑπάγω
742 3933 879 4003 πρὸς
931 3935 1023 3986 τὸν
1066 3933 1363 4001 πέμψαντά
1410 3950 1497 4000 με.
1545 3931 1822 4000 Ζητήσετέ

228 4045 320 4097 με,
358 4026 454 4080 καὶ
484 4027 583 4096 οὐχ
625 4025 890 4096 εὑρήσετε
917 4042 929 4055 ·
970 4027 1064 4077 καὶ
1087 4025 1221 4078 ὅπου
1259 4022 1369 4092 ἐγώ
1401 4028 1538 4091 εἰμι,
1568 4024 1726 4092 ὑμεῖς
1762 4024 1821 4075 οὐ

224 4120 455 4176 δύνασθε
486 4119 681 4171 ἐλθεῖν.
721 4114 888 4169 Εἶπον
917 4112 1011 4168 οὖν
1034 4116 1084 4167 οἱ
1121 4114 1369 4168 Ἰουδαῖοι
1400 4113 1535 4181 πρὸς
1555 4110 1783 4173 ἑαυτούς
1805 4129 1819 4142 ·

224 4215 338 4272 Ποῦ
365 4207 521 4276 οὗτος
554 4212 740 4283 μέλλει
767 4208 1124 4282 πορεύεσθαι,
1154 4210 1233 4261 ὅτι
1263 4209 1425 4278 ἡμεῖς
1460 4206 1558 4276 οὑχ
1591 4205 1824 4273 εὑρήσο-

230 4326 332 4380 μεν
376 4307 573 4372 αὑτὸν;
627 4305 718 4373 Μὴ
766 4305 846 4367 εἰς
898 4303 999 4369 τὴν
1051 4300 1357 4370 διασπορὰν
1403 4298 1513 4351 τῶν
1552 4298 1823 4367 Ἑλλήνων

229 4402 415 4472 μέλλει
463 4397 831 4470 πορεύεσθαι,
870 4396 965 4449 καὶ
1016 4394 1291 4448 διδάσκειν
1337 4394 1467 4455 τοὺς
1506 4391 1820 4461 ”Ελληνας;

228 4494 326 4558 Τίς
378 4494 525 4546 ἐστιν
556 4494 584 4544 ὁ
624 4491 781 4558 λόγος
813 4484 966 4551 οὗτος
1000 4488 1059 4541 δν
1106 4484 1227 4539 εἷπε
1249 4502 1263 4517 ·
1300 4485 1577 4555 Ζητήσετέ
1607 4501 1694 4553 με,
1727 4484 1822 4536 καὶ

226 4587 327 4655 οὑχ
355 4585 619 4654 εὑρήσετε
648 4599 663 4614 ’
699 4581 792 4634 καὶ
827 4580 962 4633 ὅπου
997 4580 1116 4647 είμὶ
1148 4576 1280 4645 ἐγὼ,
1312 4577 1470 4644 ὑμεῖς
1499 4578 1557 4628 οὑ
1591 4574 1820 4629 δύνασθε

226 4679 399 4736 ἐλθεῖν
426 4696 441 4744 ;
482 4696 500 4729 ι
535 4680 612 4731 Δι’
638 4670 713 4731 ὧν
746 4674 1046 4746 ἐγόγγυζεν
1065 4679 1091 4728 ὁ
1117 4675 1297 4745 ὄχλος,
1326 4674 1585 4751 ἐνέφηνεν
1608 4672 1682 4734 ὡς
1712 4669 1821 4741 ἄρα

223 4774 602 4843 χρηστοτέραν
626 4773 784 4842 ἔσχον
815 4771 1077 4835 διάθεσιν,
1104 4769 1199 4824 καὶ
1230 4768 1465 4840 μερικήν
1489 4784 1613 4821 τινα
1632 4767 1816 4820 πίστιν

225 4868 367 4937 πρὸς
402 4867 494 4920 τὸν
515 4865 742 4934 Κύριον,
766 4866 861 4919 καὶ
882 4864 956 4927 ὼς
989 4863 1395 4933 ἀποσχισθῆναι
1414 4861 1521 4914 τῶν
1544 4863 1823 4931 ἀρχόντων

226 4949 521 5030 ἠϐούλοντο
548 4976 561 4990 ’
590 4952 761 5027 οὗπερ
793 4958 991 5009 ἐκεῖνοι
1016 4955 1350 5025 αἰσθόμενοι,
1382 4953 1645 5024 ἔπεμψαν
1693 4954 1821 5006 συλ-

226 5050 487 5103 λαϐέσθαι
525 5047 736 5113 τοῦτον,
768 5048 858 5101 διὰ
896 5048 1057 5100 τοῦτο
1085 5048 1245 5116 μόνον
1275 5049 1356 5100 ὅτι
1391 5045 1708 5098 ἐπιστεύετο
1744 5039 1821 5097 εἷ·-

224 5160 315 5195 ναι
335 5142 588 5212 Χριστός.
617 5141 912 5210 Ἐπεμψαν
940 5140 1016 5205 δὲ,
1048 5140 1162 5192 ἀλλ’
1188 5139 1289 5192 οὑκ
1320 5140 1471 5193 αὐτοὶ
1504 5133 1690 5208 ἦλθον,
1722 5154 1820 5204 φο-

228 5231 486 5301 ϐούμενοι
536 5230 628 5283 τὸν
678 5230 871 5299 ὄχλον,
933 5234 1093 5300 μήτι
1148 5230 1549 5297 νεωτερίσωσι’
1582 5228 1662 5280 διὸ
1695 5228 1821 5290 τοὺς

228 5323 508 5394 ὑπηρέτας
548 5322 885 5389 στέλλουσιν,
922 5324 1154 5386 ὲαυτοῦς
1193 5324 1292 5393 μὲν
1328 5322 1693 5395 ὑπεξάγοντες
1726 5319 1820 5372 τοῦ

230 5420 362 5481 ἴσως
400 5417 825 5488 συμϐησομένου
860 5419 1132 5477 κινδύνου,
1175 5417 1419 5479 ἐκείνους
1450 5416 1506 5468 δὲ
1555 5414 1632 5483 τῷ
1663 5414 1822 5483 θυμῷ

223 5507 322 5563 τοῦ
371 5507 530 5577 ὖχλου
588 5508 887 5572 ἐνδιδόντες
921 5526 931 5539 ·
966 5508 1107 5562 οὕτω
1162 5508 1437 5577 πανταχοῦ
1490 5507 1549 5559 τὸ
1609 5508 1819 5559 ἑαυτῶν

224 5600 518 5655 ἐσκόπουν.
560 5600 618 5651 Ὃ
663 5600 719 5653 δὲ
769 5600 969 5671 Κύριος
1011 5599 1522 5671 ταπεινοιρροσύνης
1582 5599 1821 5667 γέμοντα

226 5696 449 5765 ῥήματα
478 5694 775 5761 φθέγγεται
800 5711 814 5725 ν
850 5714 868 5746 ι
903 5694 1025 5748 Ἔτι
1066 5695 1260 5765 μικρὸν
1300 5694 1421 5763 μεθ’
1454 5694 1608 5762 ὑμῶν
1627 5696 1764 5763 εἰμι.
1794 5714 1811 5746 ι

222 5789 313 5848 Τί,
347 5788 501 5855 φησὶ,
538 5787 871 5851 σπουδάζετέ
893 5807 959 5859 με
991 5789 1278 5847 ἀπελθείν;
1313 5788 1377 5840 Τί
1412 5787 1640 5840 διώκετε
1669 5807 1682 5855 ;
1708 5790 1817 5843 Μιε-

222 5877 359 5951 κρὸν
396 5879 727 5949 ἀναμείνατε
779 5880 995 5953 χρόνον,
1037 5882 1128 5935 καὶ
1174 5880 1295 5933 οὑδὲ
1348 5878 1611 5938 θελόντων
1662 5882 1816 5953 ὑμῶν

1924 2018 2069 2074 enim
2110 2018 2491 2086 tempestivum
2517 2016 2852 2070 existimavit
2878 2014 3023 2084 quod
3062 2021 3365 2084 pateretur,
3392 2020 3520 2066 tunc

1922 2121 1973 2164 et
2004 2109 2426 2166 cruciﬁxoribus
2465 2124 2525 2163 se
2554 2108 2827 2178 permisit.
2855 2106 3052 2163 Omnia
3081 2107 3227 2161 enim
3270 2104 3534 2173 tempori-

1928 2204 2031 2259 bus
2063 2203 2387 2274 opportunis
2417 2212 2472 2257 et
2509 2200 2884 2256 accommodis
2911 2199 3041 2254 facit
3072 2214 3136 2254 ac
3168 2198 3487 2255 moderatur
3514 2218 3527 2254 :

1922 2307 1976 2350 et
2020 2296 2161 2350 sicut
2196 2295 2369 2364 legem
2417 2293 2535 2348 dari
2584 2293 2946 2347 conveniebat
2990 2300 3235 2360 tempore
3264 2305 3531 2359 congruo,

1924 2390 1996 2442 ita
2049 2388 2302 2442 similiter
2346 2400 2399 2442 et
2457 2388 2775 2456 prOphetas,
2830 2398 2883 2440 et
2934 2384 3320 2455 Evangelium.
3378 2382 3537 2441 Unde

1922 2494 2119 2535 nomen
2194 2481 2341 2534 horae
2415 2479 2655 2533 ostendit
2707 2479 3015 2533 evidentem
3076 2477 3422 2545 prudentiam
3478 2487 3536 2531 et.

1923 2573 2247 2640 sapientiam
2296 2572 2626 2627 Salvatoris.
2671 2591 2689 2623 ι
2749 2570 2903 2625 Multi
2955 2581 3136 2627 autem
3182 2570 3537 2626 crediderunt

1922 2665 1993 2727 ei,
2030 2666 2318 2719 dicentes:
2350 2661 2610 2731 Nunquid
2653 2661 2907 2717 Christus
2954 2662 3109 2731 plura
3147 2661 3302 2731 signa
3337 2660 3528 2725 faciet,

1925 2770 2085 2822 quam
2119 2755 2208 2809 hic
2245 2753 2416 2808 fecit?
2455 2771 2473 2805 ι
2517 2751 2716 2806 Dicunt
2762 2762 2943 2805 autem
2992 2753 3060 2806 de
3110 2751 3239 2805 vino
3278 2750 3331 2805 in
3383 2749 3533 2805 Cana

1925 2844 2185 2911 Galilmm,
2216 2847 2281 2899 de
2313 2844 2423 2898 filio
2454 2843 2623 2913 regio,
2678 2846 2745 2897 de
2792 2842 3117 2915 paralytico,
3169 2845 3235 2899 de
3279 2843 3534 2912 panibus.

1926 2945 1981 2989 et
2031 2936 2082 2989 iu
2134 2951 2346 2991 summa
2399 2936 2466 2989 de
2517 2934 2639 2990 aliis
2693 2934 2969 2999 onmibus,
3014 2936 3082 2991 de
3121 2935 3323 3005 quibus
3356 2949 3537 3005 neque

1927 3029 2273 3097 evangelistae
2330 3035 2556 3097 prepter
2603 3028 3009 3082 multitudinem
3067 3028 3313 3097 ipsorum
3355 3028 3536 3081 nomi-

1929 3119 2100 3172 natim
2142 3117 2475 3172 mentionem
2511 3117 2782 3174 fecerunt.
2827 3117 3217 3174 Verumtamen
3253 3133 3377 3174 cum
3431 3134 3532 3172 au-

1930 3211 2096 3265 dieris
2124 3211 2267 3279 quod
2307 3210 2463 3265 multi
2503 3211 2865 3276 crediderint,
2913 3211 3060 3266 scias
3110 3211 3330 3267 illorum
3367 3210 3529 3265 fidem

1928 3312 2173 3356 exactam
2218 3316 2327 3355 non
2364 3300 2554 3366 fuisse,
2586 3301 2679 3357 sed
2712 3300 2932 3371 qualem
2963 3301 3264 3356 verisimile
3295 3311 3381 3356 est
3409 3316 3536 3357 esse

1929 3395 1982 3449 in
2040 3395 2246 3466 vulgari
2298 3395 2673 3462 multitudine,
2726 3394 2960 3449 subinde
3009 3405 3267 3451 mutante,
3307 3405 3530 3452 senten-

1929 3496 2079 3538 tiam.

1996 3577 2159 3631 Vens.
2194 3576 2384 3631 52—56.
2424 3594 2441 3627 ι
2485 3575 2793 3631 Audieruut
2823 3577 3087 3631 Pharisaei
3122 3579 3336 3631 turbam
3382 3594 3534 3633 mur-

1930 3677 2243 3722 murantcm
2297 3666 2363 3719 de
2413 3665 2504 3719 illo
2559 3666 2695 3731 hmo,
2742 3676 2793 3721 et
2847 3667 3117 3722 miserunt
3167 3668 3431 3723 Pharisaei
3468 3683 3533 3724 ac

1927 3758 2203 3828 principes
2240 3756 2589 3811 sacerdotum
2643 3757 2926 3813 ministros
2958 3767 3017 3812 ut
3057 3761 3536 3829 apprehenderent

1926 3867 2073 3905 eum.
2119 3851 2264 3904 Dixit
2314 3866 2443 3920 ergo
2475 3851 2558 3905 eis
2606 3849 2768 3906 Jesus
2819 3851 3059 3904 :Adhuc
3094 3852 3349 3919 pusillum
3393 3862 3533 3907 tem-

1926 3944 2075 4011 poris
2106 3943 2389 3997 vobiscum
2424 3958 2566 4008 sum,
2596 3951 2652 3997 et
2698 3942 2833 3998 abeo
2862 3945 2927 3995 ad
2965 3958 3088 3998 eum
3116 3945 3205 4013 qui
3245 3960 3330 3999 me
3360 3943 3529 4000 misit.

1927 4034 2191 4097 Quzeretis
2224 4050 2329 4099 me,
2366 4049 2465 4089 nec
2510 4034 2824 4089 invenietis.
2874 4035 2944 4089 Et
2990 4034 3081 4089 ubi
3123 4050 3226 4106 ego
3260 4052 3381 4093 sum
3408 4077 3425 4103 ,
3465 4052 3533 4094 eo

1927 4142 2024 4180 vos
2058 4142 2166 4181 non
2206 4126 2436 4196 potestis
2470 4126 2680 4182 venire.
2716 4126 2982 4181 Dixerunt
3012 4141 3144 4197 ergo
3174 4126 3348 4183 Judaei
3386 4131 3531 4185 inter

1928 4218 2249 4284 sesezQuo
2304 4219 2393 4273 hic
2456 4219 2637 4273 iturus
2690 4227 2799 4284 est,
2855 4222 2981 4289 quia
3020 4236 3128 4275 non
3186 4221 3534 4276 inveniemus

1927 4311 2093 4367 etnu?
2134 4312 2273 4367 Num
2314 4315 2366 4367 iu
2400 4314 2795 4383 dispersionem
2832 4316 3074 4382 gentium
3110 4315 3285 4368 iturus
3325 4324 3433 4378 est,
3472 4328 3529 4369 et

1927 4404 2184 4459 ducturus
2216 4405 2453 4476 gentes?
2490 4406 2622 4472 Quis
2674 4417 2759 4462 est
2803 4407 2893 4462 hic
2949 4422 3133 4462 sermo
3164 4423 3325 4477 quem
3368 4409 3529 4469 dixit,

1926 4495 2193 4563 Qumretis
2228 4513 2339 4562 me,
2394 4506 2449 4553 et
2496 4513 2599 4552 non
2646 4499 2965 4561 invenietis,
3003 4507 3058 4553 et
3094 4501 3183 4555 ubi
3246 4514 3346 4571 ego
3378 4517 3525 4561 sum,

1847 4602 1993 4666 Deo
2026 4602 2120 4640 vos
2171 4603 2277 4642 non
2326 4590 2557 4655 potestis
2608 4588 2842 4643 venire?
2899 4607 2917 4639 ι
2949 4588 3090 4656 Quia
3148 4591 3531 4646 murmurabat

1931 4677 2084 4731 turba
2115 4719 2128 4743 ,
2158 4678 2506 4733 manifestum
2541 4680 2688 4750 quod
2720 4678 3065 4733 affectionem
3094 4680 3350 4735 habuerit
3376 4681 3536 4735 blan-

1930 4770 2160 4836 diorem,
2191 4780 2245 4824 et
2280 4770 2440 4825 ﬁdem
2490 4772 2784 4839 quamdam
2834 4786 2963 4840 erga
3028 4771 3317 4825 Dominum
3362 4770 3535 4842 διο

1930 4862 2274 4925 diminutum,
2324 4880 2449 4917 nam
2506 4881 2533 4917 :t
2586 4864 2931 4934 principibus
2982 4864 3227 4934 separari
3259 4864 3480 4919 volebat.

1930 4953 1982 5006 id
2019 4955 2161 5023 quod
2198 4956 2273 5008 illi
2299 4959 2621 5020 sentientes,
2655 4941 2925 5010 miserunt
2967 4957 3031 5008 ad
3066 4956 3532 5025 comprehendam

1929 5046 2056 5099 dum
2083 5047 2291 5109 Jesutn,
2325 5049 2395 5103 ob
2432 5064 2549 5102 eam
2585 5049 2855 5101 duntaxat
2885 5063 3111 5101 causam
3134 5087 3148 5112 ,
3180 5049 3325 5116 quod
3368 5046 3532 5102 Chri-

1930 5149 2046 5193 stus
2076 5154 2200 5194 esse
2236 5142 2581 5194 credebatur.
2627 5139 2889 5194 Miserum
2921 5149 3127 5205 autem,
3160 5141 3254 5195 sed
3282 5155 3387 5194 non
3426 5141 3527 5203 ipsi

1929 5242 2220 5294 Venerunt,
2254 5241 2558 5286 metuentes
2594 5230 2832 5293 turbam,
2881 5245 2947 5285 tte
2978 5234 3443 5283 tumttltuart'tur:
3478 5242 3529 5281 ιιι

1929 5318 2535 5393 ριοριοτοιιίιιῖῐιὶειιιοε
2576 5323 2829 5388 mittunt,
2883 5324 3093 5388 seipsos
3140 5323 3527 5385 subducemus,

1932 5432 1998 5470 ne
2049 5416 2177 5486 quid
2228 5416 2453 5483 periculi
2504 5415 2866 5477 suboriretur,
2921 5414 3045 5467 illos
3104 5421 3289 5467 autem
3358 5413 3526 5467 furori

1930 5510 2112 5579 populi
2147 5519 2507 5579 exponentes.
2537 5508 2609 5562 lla
2639 5509 2999 5576 undequaque
3026 5510 3170 5575 quod
3202 5525 3358 5561 suum
3390 5523 3529 5573 (,‘l‘nl,

1929 5604 2300 5657 sectabantur.
2359 5604 2429 5656 At
2453 5602 2713 5656 Dominus
2740 5603 2900 5657 verba
2929 5602 3237 5657 humilitate
3264 5601 3417 5669 plena
3454 5601 3531 5653 lu-

1923 5696 2137 5764 quitur:
2165 5714 2182 5746 ι
2211 5697 2398 5750 Adhuc
2423 5711 2587 5765 parvo
2610 5705 2852 5764 tempore
2872 5698 3147 5749 vobisrum
3174 5710 3313 5748 sum.
3342 5713 3357 5745 ι
3389 5694 3528 5759 Quid

1923 5789 2213 5855 anhelatis,
2239 5789 2433 5857 inquit,
2466 5798 2523 5842 ut
2546 5804 2644 5859 ego
2666 5790 2937 5844 discedam
2965 5789 2987 5841 ?
3020 5789 3145 5858 quid
3170 5788 3524 5856 perscquimi-

1926 5883 2023 5938 ni?
2066 5881 2130 5937 ad
2164 5898 2386 5954 parvum
2425 5891 2740 5953 exspectate
2775 5893 3011 5953 tempus,
3050 5890 3101 5936 el
3136 5896 3309 5949 neque
3348 5882 3517 5945 impe—
