4078 6330
170 409 311 479 ἱ345

711 393 715 398 ’
807 354 1252 466 ἑΝΑΗΒΑΤιο
1293 400 1369 460 1N
1415 400 1918 462 EVANGELIUM
1953 398 2298 460 JOANNIS.
2327 424 2397 433 ——
2436 383 2594 460 CAP‘.
2636 399 2766 462 Vtt.

3295 400 3439 468 1346

160 522 452 592 ἀκρίϐειαν
497 516 660 569 τοζτο
710 519 955 586 λέγοντα.
1006 517 1166 567 Ουτοι
1218 515 1272 566 δὲ
1313 513 1543 584 δολερῶς
1587 512 1730 565 τοῦτ(

1847 510 1974 580 quia
2024 525 2126 564 non
2158 526 2220 565 ex
2253 508 2473 564 Galilaea
2513 507 2765 562 Christus
2806 507 2972 584 venit.
3011 505 3272 563 Videntur
3292 512 3438 566 enim

161 631 346 684 φασιν,
385 615 465 666 ὅτι
498 614 596 666 οὐκ
636 614 702 664 ἐκ
726 612 826 678 τῆς
862 609 1149 669 Γαλιλαίας
1173 608 1199 657 ὁ
1229 608 1461 677 Χριστὸς
1497 605 1734 674 ἔρχεται.

175 706 416 758 ’ί·ἰοὶκασι
452 706 560 772 γὰρ
608 701 903 771 γινώσκειν
949 699 1068 768 μὲν,
1099 701 1182 750 ὅτι
1216 700 1278 749 ἐκ
1308 696 1555 766 Βηθλεέμ
1593 697 1738 746 ἐστιν

162 802 188 848 ὁ
226 796 454 866 Ἰησοῦς,
484 798 531 846 εί
567 793 662 846 καὶ
694 794 750 844 ἐν
790 795 854 861 τῇ
905 789 1167 859 Γαλιλαίᾳ
1214 787 1498 856 ἀνετράφη
1553 788 1616 836 ἐκ
1645 785 1740 853 βα-

166 885 394 949 σκανίας
423 885 479 938 δὲ
511 884 585 954 μὴ
615 885 789 936 θέλειν
823 882 1107 952 ὁμολογεῖν
1131 880 1226 950 τὴν
1251 882 1314 932 ἐκ
1338 878 1582 948 Βηθλεὲμ
1616 877 1739 944 γέν-

163 997 342 1048 νησιν,
384 978 519 1030 ἀλλὰ
557 976 837 1030 Γαλιλαῖον
878 975 1040 1028 αὐτὸν
1071 971 1522 1042 προσονομάζειν.
1559 970 1740 1021 Ἔστω

157 1072 235 1133 δὲ,
262 1072 340 1122 ὅτι
386 1069 613 1137 ἠγνόουν
668 1068 831 1120 αὐτὸν
862 1067 927 1119 ὲκ
961 1066 1212 1135 Βηθλεὲμ
1247 1059 1426 1116 εἶναι·
1481 1063 1559 1127 τὸ,
1620 1082 1636 1112 ι
1677 1063 1739 1114 ἐκ

159 1165 471 1232 σπέρματος
521 1161 721 1223 Δαυῒδ,
775 1180 790 1212 ι
834 1161 950 1223 πῶς
979 1158 1365 1230 άμιρέϐαλλονς
1413 1155 1484 1208 ‘ll
1517 1157 1624 1224 γὰρ
1675 1155 1736 1207 οὐ

158 1253 440 1322 προδήλως
491 1255 553 1305 ὲκ
598 1251 760 1304 Δαυῒδ
795 1254 827 1321 ὴ
863 1253 1051 1321 Μαρία
1106 1245 1256 1303 εἷλκε
1300 1250 1362 1302 τὸ
1407 1250 1595 1316 γένος
1644 1250 1737 1301 Ἐκ

153 1343 346 1395 τούτου
393 1342 484 1396 οὖν
540 1343 732 1413 δῆλον,
792 1344 874 1396 ὃτι
921 1343 1247 1413 κακούργως
1304 1343 1489 1409 ἔλεγον
1541 1341 1733 1394 ταῦτα.

161 1453 177 1482 ι
230 1433 440 1504 Σχίσμα
470 1435 525 1486 δὲ
553 1436 772 1501 ἐγένετο
797 1437 856 1488 ὲν
893 1440 969 1505 τῷ
997 1435 1160 1505 ὄχλῳ,
1205 1454 1222 1486 ›
1258 1435 1356 1487 οὐκ
1392 1435 1448 1486 ὲν
1488 1437 1601 1496 τοῖς
1640 1435 1737 1503 ἄρ-

153 1542 359 1598 χουσιν.
386 1526 449 1578 Οἱ
482 1527 590 1597 γάρ
615 1527 896 1596 ἄρχοντες,
941 1529 1070 1597 μιᾶς
1097 1525 1320 1598 γνώμης
1348 1522 1512 1597 ἦσαν,
1537 1525 1630 1578 τοῦ
1660 1525 1736 1596 μὴ

154 1616 408 1684 δέχεσθαι
439 1619 603 1670 αὐτὸν
630 1619 702 1682 ὡς
729 1618 989 1688 Χριστόν.

231 1726 248 1756 ι
296 1709 452 1772 Τινὲς
481 1710 536 1762 δὲ
566 1709 755 1781 ἤθελον
784 1710 841 1775 ἐξ
888 1711 1067 1764 αὐτῶν
1118 1712 1308 1765 πιάσαι
1358 1711 1521 1764 αὐτὸν
1549 1752 1562 1778 ,
1618 1709 1733 1764 ἀλλ’

150 1797 326 1861 οὐδεὶς
361 1799 621 1852 ἐπέϐαλεν
650 1800 735 1853 ἐπ’
768 1802 929 1855 αὐτὸν
964 1803 1061 1864 τὰς
1087 1803 1295 1871 χεῖρας.
1328 1797 1534 1853 Ἶιλθον
1558 1796 1650 1853 οὖν
1683 1802 1802 1876 0i.“
1839 1796 2245 1876 apprelwnuere
2267 1796 2715 1876 ⁸¹¹¹¹¹ᾒ⁵θ⁴ξ¹¹⁰ξ¹¹⁰
2735 1796 2821 1876 Cm.

1123 1860 1217 1945 καὶ
1244 1893 1572 1963 Φαρισαίους
1591 1911 1602 1922 ·
1639 1893 1730 1945 καὶ

1840 1866 2112 1922 Venerunt
2140 1882 2269 1936 ergo
2301 1866 2536 1945 miniStri
2571 1866 2636 1918 ad
2672 1869 2962 1934 pontiﬁces
2992 1881 3043 1921 et
3080 1867 3385 1923 Pharisaeos
3408 1887 3425 1921 ς

150 1890 422 1959 ὑπηρέται
457 1891 595 1961 πρὸς
647 1892 772 1952 τοὺς
812 1893 1091 1963 ἀρχιερεῖς

147 1979 304 2034 εἷπον
354 1984 538 2047 αὐτοῖς
578 1985 812 2041 ἐκεῖνοι·
870 1987 968 2039 Διὰ
998 1985 1049 2038 τί
1087 1986 1188 2038 οὐκ
1240 1987 1478 2054 ἠγάγετε
1534 1985 1729 2050 αὐτὸν;

161 2075 566 2145 ’Λπεκρίοησαν
592 2078 639 2128 οί
676 2077 946 2147 ὑπηρέται
979 2095 991 2108 ·
1029 2077 1297 2130 Οὐδέποτε
1329 2077 1504 2139 οὓτως
1534 2076 1730 2146 ἐλάλη-

151 2183 244 2217 σεν
277 2166 585 2236 ἄνθρωπος,
630 2168 704 2230 ὡς
734 2165 890 2232 οὗτος
915 2173 941 2221 ὁ
969 2168 1276 2239 ἄνθρωπος.
1325 2187 1342 2219 ι
1383 2171 1447 2222 Oi.
1490 2169 1590 2238 μὲν
1639 2163 1731 2220 οὖν

151 2255 507 2327 μετριώτεροι
540 2261 596 2313 έν
629 2259 818 2330 κακίᾳ,
851 2262 908 2313 ὲν
939 2261 1117 2328 λόγοις
1161 2261 1344 2329 μόνοις
1382 2259 1732 2336 ἠναντιοῦντο

145 2349 213 2416 τῇ
246 2347 371 2419 δόξῃ
416 2350 511 2402 τοῦ
560 2351 834 2419 Χριστοῦ·
889 2353 940 2403 οἱ
982 2353 1038 2404 δὲ
1089 2353 1584 2421 ἀναισχυντότεροι,
1637 2352 1732 2404 καὶ

147 2440 337 2509 χεῖρας
374 2441 564 2508 ἤθελον
596 2443 823 2510 ἐπάγειν
852 2461 865 2473 ·
897 2444 1011 2496 ἀλλ’
1059 2445 1210 2514 ὅμως
1259 2448 1511 2515 ἀοράτως
1557 2445 1729 2497 πεπέ-

145 2532 329 2598 δηντο,
357 2531 457 2600 τῆς
504 2532 655 2596 θείας
686 2535 884 2594 αὐτοὺς
925 2536 1261 2606 κατεχούσης
1294 2537 1570 2605 δυνάμεως
1594 2553 1610 2570 ·
1639 2537 1730 2590 καί⁵

145 2622 268 2672 οὐδὲ
301 2624 403 2674 ὑπὸ
429 2624 616 2677 τούτου
643 2624 735 2677 τοῦ
770 2625 1044 2700 θαύματος
1077 2629 1490 2681 κατενύσσοντο.
1523 2629 1732 2689 Ὄντως

147 2713 174 2761 ὁ
197 2711 360 2763 Δαυτδ
391 2715 520 2782 περὶ
547 2713 752 2768 τούτων
785 2713 904 2769 εἶπε
930 2717 1008 2770 τό·
1049 2735 1067 2768 ι
1103 2717 1518 2788 Διεσχίσθησαν,
1548 2720 1640 2772 καὶ
1663 2719 1723 2770 οὐ

151 2805 552 2874 κατενύγησαν.
591 2823 612 2859 ›
648 2808 709 2860 Οἱ
735 2806 792 2860 δὲ
825 2808 1096 2878 ὑπηρέται
1134 2809 1183 2862 οἱ
1227 2810 1536 2874 σταλέντες,
1589 2809 1728 2863 ὥστε

146 2894 379 2959 ἀγαγεῖν
415 2895 599 2960 αὐτὸν,
653 2896 853 2968 ίδωμεν
886 2900 938 2951 τί
967 2899 1360 2972 ἀποκρίνονται
1413 2901 1524 2961 τοῖς
1564 2900 1730 2969 Φαρι-

148 2984 345 3047 σαίοις,
378 2985 452 3047 ὼς
483 2986 604 3040 λίαν
638 2987 999 3058 εὐγνώμονες.
1034 2989 1097 3042 Oi
1141 2991 1240 3057 μὲν
1285 2989 1394 3060 γάρ
1444 2991 1730 3060 Φαρισαῖοι

145 3075 244 3125 καὶ
277 3074 574 3146 σοφώτεροι
627 3078 912 3143 δοκοῦντες
961 3076 1124 3147 εἶναι,
1158 3082 1252 3134 καὶ
1285 3080 1509 3151 Γραφάς
1537 3083 1730 3149 ἀναγι-

147 3165 469 3233 νώσκοντες,
493 3169 587 3222 καὶ
618 3169 876 3239 θαύματα
902 3171 1163 3241 ὁρῶντες,
1196 3172 1432 3226 λυττῶσι
1466 3174 1608 3227 κατὰ
1632 3173 1726 3226 τοῦ
1755 3209 1801 3271 C

140 3259 374 3330 Κυρίου,
397 3263 492 3314 καὶ
525 3263 773 3333 ἐρωτῶσι
818 3265 1126 3336 λῃστρικῶς
1147 3282 1161 3296 ·
1201 3284 1220 3316 ‹
1257 3266 1356 3318 Διά
1382 3265 1434 3318 τί
1461 3266 1561 3318 οὐκ
1591 3267 1729 3335 ἠγά-

143 3367 274 3418 γετε
294 3352 455 3406 αὐτόν
479 3370 493 3419 ;
526 3373 544 3405 ι
578 3355 644 3408 Οί
672 3355 728 3408 δὲ
754 3357 845 3409 καὶ
873 3358 1042 3427 χωρὶς
1065 3359 1307 3427 σημείων
1339 3356 1447 3411 ἀπὸ
1474 3357 1730 3411 διδασκα-

144 3443 268 3506 λίας
303 3444 470 3516 μόνης
522 3447 857 3518 ἐπείσθησαν
883 3463 895 3477 ·
951 3447 1124 3511 οὑτως
1162 3443 1303 3519 ἦσαν
1337 3449 1557 3517 εὐφυεῖς
1592 3450 1729 3519 πρὸς

149 3533 213 3584 τὸ
239 3532 467 3601 ἀγαθόν.
517 3537 638 3590 ’Ὀτι
665 3537 720 3590 δὲ
751 3539 850 3590 οὐκ
891 3538 999 3593 ἀπὸ
1033 3539 1295 3608 σημείων,
1345 3539 1462 3592 ἀλλ’
1496 3539 1602 3593 ἀπὸ
1629 3540 1728 3608 τῆς

142 3625 495 3689 διδασκαλίας
535 3628 800 3693 ἑάλωσαν,
827 3631 854 3682 ὃ
888 3631 1072 3700 μεῖζόν
1100 3632 1237 3696 ἐστι,
1265 3630 1420 3700 δῆλον
1453 3629 1724 3684 ἐντεῦθεν.

146 3718 223 3770 Οὐ
254 3717 363 3789 γάρ
394 3714 569 3784 εἷπον,
601 3721 683 3775 ὅτι
710 3722 980 3776 Οὐδέποτε
1002 3722 1174 3785 οὑτως
1201 3722 1728 3794 ὲθαυματούργησεν

135 3813 172 3862 ὁ
202 3811 510 3881 ἄνθρωπος,
548 3813 686 3878 ἀλλ’,
725 3833 742 3866 ι
776 3814 962 3878 Οὕτως
1006 3815 1267 3885 ἐλάλησεν
1291 3832 1304 3845 ·
1337 3835 1357 3867 ›
1386 3816 1561 3877 οὕτως
1584 3813 1728 3887 ἦσαν

147 3908 651 3977 συγκεκροτημένοι
670 3909 764 3962 καὶ
786 3909 926 3972 ὀξεῖς
949 3911 1028 3972 είς
1045 3909 1104 3962 τὸ
1122 3911 1530 3980 παραδέξασθαι
1559 3911 1718 3977 λόγον

150 3999 446 4066 σωτηρίας.
475 3999 596 4069 Χρὴ
634 3999 691 4052 δὲ
721 4001 781 4053 οὐ
816 4001 976 4070 μόνον
1005 4003 1104 4072 τὴν
1136 4002 1350 4056 σύνεσιν
1381 4002 1561 4054 αὐτῶν
1593 4001 1724 4054 θαυ-

152 4091 348 4159 μάσαι,
387 4092 521 4146 ἀλλά
553 4094 648 4147 καὶ
672 4095 772 4166 τὴν
796 4097 1133 4166 παρρησίαν.
1164 4096 1239 4149 Οὐ
1266 4097 1374 4166 γάρ
1404 4096 1724 4165 ὐπέπτηξαν

144 4181 235 4234 τὸν
269 4182 438 4252 θυμὸν
481 4185 588 4237 τῶν
636 4186 976 4256 Φαρισαίων,
1019 4187 1139 4241 οὐδὲ
1172 4187 1246 4251 ὼς
1281 4189 1550 4256 ὑπηρέται
1595 4187 1727 4240 ὑπε-

146 4273 441 4344 στάλησαν,
480 4277 661 4330 καὶτὰ
689 4279 898 4348 ἀρεστὰ
918 4281 1030 4340 τοῖς
1054 4279 1316 4348 ἄρχουσιν
1339 4278 1518 4332 αὐτῶν
1545 4274 1722 4346 εἷπον,

139 4365 282 4420 ἀλλά
337 4368 673 4439 μαρτυροῦσι
717 4371 783 4440 τῇ
833 4369 1082 4441 ἀληθείᾳ.
1139 4368 1244 4432 Οὒς
1291 4370 1372 4422 δεῖ
1438 4371 1724 4439 μιμεῖσθαι

144 4458 350 4521 πάντας
375 4460 498 4524 τοὺς
525 4463 633 4523 τοῖς
667 4460 893 4531 ἄρχουσι
946 4463 1378 4531 παρεπομένους,
1409 4464 1501 4514 καὶ
1525 4463 1600 4533 μὴ
1624 4464 1725 4515 ὑπ-

1849 603 1987 655 scire
2032 601 2250 667 quidem
2287 601 2427 669 quod
2461 617 2525 655 ex
2559 601 2836 655 Bethleem
2874 600 2945 654 sit
2970 596 3154 668 Jesus,
3201 604 3364 656 etiam
3392 604 3437 657 si

1849 694 1900 748 in
1932 693 2149 749 Galilaza
2183 693 2450 747 enutritus
2483 692 2667 758 fuerit,
2702 706 2811 761 pra:
2840 691 3042 745 invidia
3072 701 3251 745 tamen
3285 692 3440 750 nole-

1847 787 1973 838 bant
2027 784 2183 837 fateri
2215 783 2551 836 nativitatem
2587 797 2651 836 ex
2692 782 2992 844 Bethleem,
3027 781 3122 836 sed
3154 780 3435 842 (ἑειΙὶΙαιιιιη

1845 872 2218 927 nominabant.
2254 874 2382 926 Esto
2439 883 2617 924 autem
2670 875 2812 940 quod
2853 872 3158 942 ignorarint
3213 886 3334 926 eum
3369 888 3436 928 ex

1843 964 2117 1017 Bethleem
2155 978 2294 1027 esse,
2334 973 2387 1016 at
2417 978 2479 1016 ex
2529 965 2735 1017 semine
2789 963 2952 1017 David
3002 978 3125 1018 esse
3164 969 3436 1033 quomodo

1843 1055 2198 1108 dubitarunt?
2243 1061 2434 1108 Annon
2467 1052 2750 1108 manifeste
2774 1069 2838 1107 ex
2871 1055 3035 1108 David
3075 1054 3240 1109 Maria
3269 1056 3436 1110 traxit

1843 1148 2053 1216 genus?
2089 1147 2164 1200 Ex
2200 1148 2299 1200 hoc
2331 1149 2498 1216 igitur
2527 1147 2871 1201 manifestum
2915 1151 3055 1216 quod
3102 1149 3288 1204 dolose
3317 1151 3434 1204 haec

1841 1236 2111 1292 dicebant.
2153 1238 2424 1292 Dissensio
2454 1251 2634 1292 autem
2665 1237 2806 1292 facta
2834 1249 2914 1293 est
2946 1240 2997 1292 in
3031 1238 3210 1304 turba,
3242 1256 3350 1293 non
3376 1240 3434 1295 in

1843 1332 2200 1401 principibus.
2228 1331 2359 1385 Nam
2393 1332 2669 1401 principes
2699 1332 2858 1385 unius
2885 1332 3171 1387 sententia:
3189 1332 3430 1399 fuerunt,

1840 1438 1910 1477 ne
1931 1424 2301 1493 susciperetur
2343 1424 2455 1493 ipse
2489 1432 2546 1478 ut
2577 1424 2851 1478 Christus.

1920 1687 2079 1740 \‘zns.
2117 1685 2313 1740 44-46.
2365 1706 2381 1737 ι
2423 1685 2651 1751 Quidam
2693 1697 2874 1740 autent
2913 1702 2980 1742 ex
3015 1687 3147 1756 ipsis
3178 1687 3431 1743 volebant

1839 1778 2245 1846 apprehendere
2267 1791 2410 1839 eum,
2430 1778 2524 1829 sed
2554 1791 2715 1830 nemo
2735 1777 2967 1845 conjec-it
2994 1777 3046 1829 in
3066 1792 3186 1830 eum
3213 1793 3426 1833 manus.

1837 1972 1887 2016 et
1917 1964 2170 2016 dixerunt
2201 1963 2280 2016 eis
2333 1960 2406 2013 illi
2443 1961 2662 2026 :Quare
2715 1975 2821 2014 non
2874 1962 3179 2015 adduxistis
3236 1962 3424 2019 illum?

1835 2054 2251 2122 Responderunt
2284 2053 2539 2116 ministri,
2611 2050 2897 2120 Nunquam
2944 2053 3021 2110 sic
3075 2052 3286 2111 locutus
3347 2069 3432 2113 est

1837 2147 2021 2210 homo,
2077 2147 2220 2199 sicut
2268 2146 2354 2198 hic
2408 2146 2591 2202 homo.
2645 2168 2666 2200 ι
2708 2145 2806 2215 Qui
2846 2168 2950 2202 non
2999 2162 3158 2206 tanta:
3212 2153 3430 2205 malitiae

1835 2251 2010 2302 erant,
2045 2237 2176 2291 solis
2206 2238 2549 2294 sermonibus
2579 2231 2763 2310 ﬁloria:
2812 2242 3012 2296 Christi
3046 2254 3203 2297 erant
3237 2247 3430 2298 adver-

1833 2330 1964 2383 sarii
2002 2349 2013 2384 :
2048 2342 2103 2384 at
2133 2332 2225 2399 qui
2272 2332 2726 2399 impudentiores,
2776 2334 2939 2389 etiam
2975 2351 3166 2389 manus
3207 2337 3260 2389 in
3304 2353 3428 2390 eum

1835 2423 2064 2492 injicere
2117 2425 2420 2479 volebant:
2458 2425 2772 2493 ligabantur
2821 2437 3001 2481 tamen
3057 2429 3426 2494 invisibiliter,

1835 2516 2121 2569 cohibente
2170 2517 2291 2570 illos
2332 2516 2516 2572 divina
2548 2520 2753 2572 virtute
2784 2537 2796 2573 :
2830 2529 2885 2573 et
2921 2535 3097 2591 neque
3129 2523 3234 2575 hoc
3263 2526 3419 2575 mira-

1833 2610 1951 2663 Culo
1983 2611 2291 2677 compuncti
2322 2622 2497 2666 erant.
2541 2612 2795 2668 Profecto
2839 2613 3004 2668 David
3038 2617 3103 2670 dc
3136 2616 3220 2669 his
3244 2616 3382 2670 dixit
3409 2635 3421 2669 :

1840 2721 1858 2752 ι
1900 2701 2119 2758 Discissi
2175 2715 2323 2770 sunt,
2369 2717 2422 2760 et
2469 2722 2572 2760 non
2633 2709 2943 2773 compuncti
2989 2708 3058 2762 '°.
3121 2727 3141 2760 ι
3189 2707 3426 2763 Ministri

1833 2806 2013 2850 autem
2051 2798 2200 2852 missi
2228 2811 2284 2852 ut
2321 2803 2496 2867 ipSum
2544 2800 2898 2866 adducerent,
2955 2802 3235 2856 videamus
3291 2803 3423 2871 qttid

1835 2889 2215 2957 responderint
2268 2891 2577 2959 Pltarisceis,
2620 2894 2876 2962 quoniam
2913 2895 3070 2948 valde
3127 2898 3422 2963 sapientes.

1831 2979 1968 3034 Nam
2000 2981 2257 3037 Pharisaei
2298 2985 2387 3051 qui
2423 2995 2472 3038 et
2502 2986 2858 3052 sapientiores
2896 2986 3223 3041 videbantur
3273 3003 3400 3042 esse

1832 3084 1884 3128 et
1911 3073 2220 3144 Seripturas
2269 3075 2529 3144 legentes,
2565 3085 2618 3130 et
2649 3078 2907 3130 miracula
2936 3078 3202 3144 videntes,
3235 3082 3398 3135 smvie

1831 3168 1961 3223 bant
1985 3181 2172 3223 contra
2199 3167 2406 3235 Jesum,
2430 3182 2482 3222 et
2504 3171 2908 3238 interrogabant
2935 3172 3205 3226 latronum
3232 3187 3380 3228 more
3407 3193 3421 3227 :

1838 3280 1857 3313 ι
1896 3259 2082 3326 Quare
2113 3278 2218 3315 non
2245 3261 2546 3316 adduxistis
2569 3263 2760 3316 illum?
2787 3283 2806 3315 ι
2835 3265 2905 3316 Αι
2933 3264 3188 3318 illietiam
3221 3265 3427 3335 absque

1833 3354 2002 3424 signis
2035 3369 2065 3408 a
2095 3354 2208 3408 sola
2242 3355 2484 3410 doctrina
2534 3357 2779 3424 persuasi
2831 3355 3086 3410 fuerunt:
3122 3357 3195 3411 ita
3225 3359 3291 3410 ad
3325 3359 3425 3412 bo-

1833 3463 1961 3501 num
1990 3458 2147 3502 erant
2186 3448 2387 3503 idonei.
2423 3448 2578 3514 Quod
2633 3459 2814 3502 autem
2848 3465 2956 3503 non
2996 3464 3025 3504 a
3054 3451 3246 3520 signis,
3274 3452 3366 3506 sed
3393 3467 3423 3506 a

1832 3538 2176 3594 sermonibus
2221 3539 2389 3611 614
2442 3541 2585 3608 capti
2633 3539 2855 3604 fuerint,
2902 3541 3046 3610 quod
3095 3541 3271 3610 majus
3317 3554 3425 3607 est,

1833 3631 2177 3687 manifestum
2205 3643 2289 3686 est
2321 3633 2466 3687 inde.
2497 3632 2611 3686 Non
2641 3635 2784 3687 enim
2818 3634 3073 3687 dixerunt
3100 3652 3112 3687 :
3135 3633 3422 3704 Nunquam

1833 3723 1937 3778 tale
1961 3724 2284 3778 miraculum
2312 3724 2655 3790 fecithomo;
2691 3725 2809 3789 sed,
2850 3745 2868 3778 σ
2899 3725 2991 3780 Sic
3014 3727 3227 3783 locutus
3245 3737 3326 3782 est
3353 3743 3366 3779 :
3396 3745 3414 3777 ι

1832 3815 1903 3868 ita
1936 3816 2225 3884 compositi
2252 3828 2306 3870 et
2337 3817 2543 3871 alacres
2565 3827 2722 3871 erant
2750 3818 2815 3871 ad
2846 3817 3249 3886 suscipiendum
3286 3833 3414 3872 ver-

1832 3908 1958 3961 bum
1995 3906 2256 3961 salutare.
2285 3906 2515 3975 Oportet
2545 3920 2726 3962 autem
2759 3925 2864 3964 non
2892 3912 3065 3964 solum
3096 3911 3421 3980 sapientiam

1831 3997 2048 4052 illorum
2103 3997 2384 4062 admirari,
2434 3998 2528 4052 sed
2562 4009 2616 4052 et
2649 3999 2982 4054 libertatem.
3038 3997 3226 4071 Neque
3274 4003 3419 4055 enim

1829 4099 2165 4144 curaverunt
2201 4103 2339 4143 tram
2361 4089 2784 4155 Pharisaeorum,
2819 4105 2992 4160 neque
3026 4093 3152 4161 quia
3187 4102 3244 4145 ut
3277 4096 3420 4148 servi

1830 4180 1980 4234 ntissi
2015 4178 2251 4247 fuerant,
2292 4195 2412 4249 quae
2445 4180 2642 4249 placita
2689 4191 2845 4235 erant
2884 4184 3238 4252 principibus,
3271 4186 3421 4239 dixe-

1829 4281 1980 4335 runt,
2031 4272 2124 4327 sed
2169 4272 2513 4328 testabantur
2561 4274 2796 4327 veritati.
2831 4271 2942 4329 llos
2977 4290 3169 4331 onmes
3218 4278 3420 4346 princi-

1831 4380 1957 4434 pum
1989 4364 2271 4420 tninistros
2309 4364 2512 4418 imitari
2545 4366 2851 4434 oportebat,
2883 4378 2937 4422 et
2968 4383 3072 4421 non
3109 4371 3333 4424 obedire
3367 4372 3418 4424 itt

1830 4456 1916 4511 his
1940 4471 2058 4525 quae
2084 4457 2194 4511 Deo
2217 4467 2344 4512 sunt
2375 4458 2623 4524 adversa,
2657 4457 2796 4513 sicut
2820 4468 2874 4512 et
2907 4458 3053 4514 Sauli
3078 4477 3182 4515 non
3207 4461 3420 4516 obtem-

143 4550 365 4603 ακούειν
395 4554 575 4614 αὐτοῖς
602 4551 687 4621 ἐφ’
706 4547 785 4616 οἷς
808 4553 873 4605 ἂν
897 4552 1096 4616 ἀδίκως
1123 4552 1506 4622 προστάξαιεν·
1538 4553 1725 4625 ὥσπερ

1834 4558 2075 4618 peratum
2114 4558 2221 4614 est,
2252 4563 2375 4603 cum
2426 4551 2731 4603 astantibus
2782 4549 3109 4619 imperasset
3139 4562 3196 4609 ut
3229 4565 3418 4610 contra

145 4641 242 4694 καὶ
268 4643 360 4694 ἐπὶ
386 4640 484 4694 τοῦ
517 4643 689 4696 Σαοὺλ
721 4644 936 4711 γέγονε.
972 4645 1081 4698 Καὶ
1116 4644 1224 4713 γὰρ
1259 4644 1449 4695 τούτου
1479 4646 1719 4712 προστά-

143 4731 333 4796 ξαντος
360 4735 485 4796 τοὺς
513 4736 680 4806 ἱερεῖς
710 4734 804 4788 τοῦ
835 4736 1326 4806 Θεοῦξπαρανόμως
1345 4733 1718 4806 ἀναιρεθῆναι,

140 4827 190 4876 οἱ
218 4826 568 4896 παρεστῶτες
599 4825 748 4895 αὐτῷ
775 4827 998 4896 ποιῆσαι
1030 4828 1128 4879 οὐκ
1164 4825 1515 4896 ἐπείσθησαν.

220 4935 239 4968 ι
293 4916 696 4987 Ἀπεκρίθησαν
722 4917 813 4970 οὖν
857 4919 1040 4980 αὐτοῖς
1067 4919 1117 4970 οἱ
1140 4921 1458 4990 Φαρισαῖοι·
1499 4921 1592 4992 Μὴ
1627 4921 1720 4975 καὶ

142 5011 302 5077 ὑμεῖς
324 5008 704 5079 πεπλάνησθε;
729 5012 819 5080 Μή
848 5027 929 5072 τις
950 5012 1013 5064 ἐκ
1039 5010 1147 5063 τῶν
1167 5012 1444 5082 ἀρχόντων
1473 5013 1723 5085 ἐπίστευέ

140 5188 297 5254 οὗτος
327 5193 355 5244 ὁ
386 5193 462 5262 μὴ
490 5191 776 5259 γινώσκων
802 5193 893 5246 τὸν
923 5194 1109 5263 νόμον,
1145 5196 1537 5267 ὲπικατάρατοί
1565 5198 1722 5252 είσιν.

140 5283 306 5350 Λέγει
333 5283 647 5354 Νικόδημος
675 5284 810 5351 πρὸς
849 5285 1068 5350 αὐτοὺς,
1099 5288 1128 5338 ὁ
1155 5284 1327 5338 ἐλθὼν
1357 5288 1553 5350 νυκτὸς
1588 5288 1726 5358 πρὸς

138 5373 325 5437 αὐτὸν,
346 5368 425 5437 εἷς
445 5373 519 5425 ὢν
543 5373 603 5438 ἐξ
628 5373 808 5427 αὐτῶν
829 5387 846 5403 ⁶
868 5375 959 5444 Μὴ
988 5374 1017 5424 ὁ
1039 5376 1203 5444 νόμος
1233 5375 1394 5446 ἡμῶν
1416 5377 1592 5446 κρίνει
1628 5378 1722 5431 τὸν

138 5463 446 5533 ἄνθρωπον,
473 5463 567 5516 ἐὰν
600 5464 674 5534 μὴ
703 5463 910 5535 ἀκούσῃ
943 5465 1073 5534 παρ’
1105 5463 1274 5517 αὐτοῦ
1318 5466 1604 5536 πρότερον,
1630 5466 1724 5519 καὶ

140 5557 254 5629 γνῷ
276 5559 329 5612 τί
358 5559 536 5623 ποιεῖς
583 5577 601 5609 ι
634 5559 790 5621 Τίνος
817 5558 1003 5616 ἕνεκεν
1037 5560 1146 5622 τοῖς
1176 5552 1478 5628 ὑπηρέταις
1503 5560 1603 5612 οὐκ
1627 5560 1718 5628 ep-

138 5650 327 5718 γίλως,
346 5650 480 5704 ἀλλὰ
502 5652 693 5720 πράως
720 5650 1121 5720 προσφέρονται
1148 5651 1196 5702 οι
1213 5651 1518 5719 Φαρισαῖοι,
1542 5651 1720 5719 ἠπίως

213 5830 259 5860 ’⁸
289 5828 432 5888 Psal.
468 5848 650 5896 xxxrv,
697 5832 782 5886 16.
860 5831 901 5864 τί
933 5829 953 5884 ι
994 5829 1124 5901 Reg.
1157 5844 1291 5897 xx",
1329 5829 1408 5882 l6.

1831 4643 2000 4712 legent
2033 4641 2342 4697 sacerdotes
2377 4641 2470 4696 Dei
2501 4643 2946 4698 interitnerentur
2971 4645 3041 4700 ⁷³.

1906 4904 2066 4960 Vens.
2101 4905 2294 4960 47-51.
2337 4922 2356 4957 ι
2395 4904 2814 4975 Responderunt
2838 4923 2970 4979 ergo
3005 4911 3084 4965 eis
3115 4911 3369 4968 Pharismi
3398 4932 3413 4969 :

1828 4999 1966 5054 Num
2000 4993 2055 5053 ei.
2077 5014 2173 5054 vos
2208 4999 2414 5054 seducti
2445 5000 2578 5053 estis
2603 4999 2626 5053 ?
2651 4999 2788 5053 Num
2817 5003 2940 5072 quis
2978 5019 3042 5056 ex
3076 5005 3416 5075 principibus
3459 4996 3461 4999 1

1826 5095 2057 5152 credidit
2093 5096 2145 5147 in
2180 5109 2326 5157 eum,
2361 5103 2458 5146 aut
2494 5107 2560 5148 ex
2591 5093 2926 5150 Pharisaeis?
2959 5096 3269 5170 Sedturba
3302 5101 3417 5156 haec

1825 5203 1945 5259 qua:
1967 5201 2075 5241 non
2101 5187 2250 5240 novit
2278 5185 2474 5256 legem,
2511 5185 2878 5242 exsecrabiles
2909 5197 3056 5241 sunt.
3088 5188 3226 5243 Dicit
3253 5188 3414 5245 Nico-

1824 5281 2017 5336 demus
2051 5280 2117 5334 ad
2159 5292 2277 5346 eos,
2330 5279 2377 5332 is
2411 5277 2503 5347 qui
2555 5286 2716 5333 nocte
2765 5289 2988 5332 venerat
3020 5280 3088 5334 ad
3117 5295 3264 5348 eunt,
3321 5285 3415 5352 qui

1825 5385 1965 5426 unus
1993 5380 2110 5424 erat
2140 5370 2207 5425 de
2234 5383 2460 5423 numero
2487 5383 2673 5423 eorum
2707 5388 2720 5422 :
2749 5366 2888 5422 Num
2923 5369 3007 5422 lex
3046 5379 3235 5425 nostra
3263 5372 3414 5441 judi-

1825 5473 1914 5520 cat
1949 5462 2243 5525 hominem,
2277 5460 2380 5515 nisi
2412 5461 2564 5529 prius
2604 5459 2836 5514 audierit
2863 5460 2932 5514 ab
2963 5461 3100 5529 ipso,
3128 5470 3182 5514 et
3208 5475 3413 5532 cogno-

1831 5557 1972 5612 verit
2001 5555 2129 5626 quid
2155 5553 2352 5609 iaciat?
2388 5571 2406 5604 ι
2439 5552 2610 5619 Quam
2643 5553 2712 5607 ob
2741 5566 2963 5608 causam
3006 5554 3271 5610 ministris
3306 5568 3412 5608 non

1834 5645 2112 5715 iracunde,
2143 5645 2237 5702 sed
2267 5635 2546 5701 mansuete
2568 5643 2863 5714 loquuntur
2891 5642 3175 5710 Pharisaei,
3201 5648 3414 5717 placide
