4024 6362
566 265 625 322 ll

1579 260 1637 318 S.
1678 259 1926 318 ADONIS
1948 256 2391 319 ,ARCHIEPISC.
2432 257 2839 318 VIENNENSIS

3768 267 3835 329 ιε

563 374 868 433 Lasciviam
896 375 1061 430 etiam
1088 374 1216 448 huic
1232 374 1388 448 aetati
1417 374 1647 429 amicam
1683 380 1991 448 ceteraun
2016 387 2146 447 pne:
2172 374 2220 434 Α
2248 370 2567 448 promittere
2596 370 2992 448 dignati_cstis,
3025 375 3207 448 largiti
3228 375 3488 448 fueritis,
3513 379 3834 443 conabimur

564 448 683 502 rilia
712 461 1095 516 usquequaque
1130 445 1429 510 declinans,
1460 460 1646 516 senum
1674 444 2146 516 perfectorumqne

562 532 787 589 gravem
796 514 1282 589 conversationem
1321 517 1517 589 sectari
1547 514 1809 589 sollicitus
1842 515 2141 589 satagebat.

634 603 715 641 ιιι.
746 584 944 640 Verum
994 588 1187 641 robore
1228 584 1338 653 jam
1367 585 1669 655 juventntis
1702 584 1991 649 animatus,
2024 585 2144 653 igne

562 657 812 713 desiderii
844 656 1198 727 irrefragabili
1230 671 1518 711 succensus
1544 664 1648 720 est,
1677 666 1736 709 ιιι
1756 656 1970 710 domum
1999 655 2144 710 beati

564 727 707 786 Petri
756 728 1014 797 principis
1057 727 1423 796 apostolorum
1473 735 1775 796 cateraque
1831 735 2143 781 sanctorum

561 799 678 853 loca
719 798 770 852 in
814 797 1057 852 Romana
1096 799 1226 852 urbe
1257 806 1520 867 extraque
1550 797 1848 867 constituta
1883 797 2145 852 orationis

561 870 732 939 gratia
756 869 1019 923 visitaret.
1044 868 1270 936 Ideoque
1290 864 1559 939 peregrini
1592 864 1834 922 habitum
1860 882 2144 923 assumens

539 947 805 1010 .optatum
835 940 939 1010 iter
967 938 1297 1009 aggreditur.

629 1025 702 1063 IV.
735 1008 836 1076 Qui
865 1008 1084 1063 domum
1116 1008 1463 1078 apostolicam
1492 1008 1713 1066 humilis
1743 1008 1952 1072 habitu,
1986 1009 2146 1065 devo-

559 1089 646 1134 tus
687 1080 851 1134 corde
891 1081 1185 1149 ingressus,
1236 1079 1288 1133 in
1324 1078 1569 1135 oratione
1599 1079 1854 1134 continua
1894 1080 2140 1149 pervigil,

561 1149 843 1215 nocturnis
869 1150 1113 1205 excubiis
1141 1159 1462 1220 pernoctare
1494 1151 1934 1220 crebriusnsque
1961 1150 2027 1205 ad
2057 1152 2141 1220 lu-

558 1236 673 1275 cem
698 1220 1019 1283 matntinam
1042 1219 1327 1291 gaudebat.
1353 1219 1497 1276 Sane
1518 1235 1642 1285 cum
1667 1220 1717 1277 in
1743 1219 1986 1291 Romana
2012 1219 2145 1278 urbe

555 1291 807 1344 omnibus
843 1306 979 1361 pene
1019 1290 1175 1343 notus
1202 1299 1365 1355 esset,
1403 1291 1769 1361 quinquennio
1802 1290 1910 1345 fere
1952 1299 2142 1346 exacto

556 1361 870 1416 Ravennam
896 1362 1113 1415 devenit
1138 1379 1150 1413 :
1178 1361 1265 1415 ubi
1287 1362 1571 1430 quemdam
1595 1362 1831 1417 libellum
1857 1376 1886 1414 a
1908 1362 2140 1431 quodam

556 1432 807 1502 religioso
857 1433 1156 1500 prmstitum
1205 1433 1595 1502 transscripsit,
1644 1433 1711 1486 ad
1758 1431 2140 1489 describendas

554 1513 866 1557 sanctorum
898 1510 1193 1572 martyrum
1223 1503 1517 1572 passiones.

628 1588 676 1625 v.
710 1572 836 1626 Inde
862 1571 1176 1642 Lugdunum
1205 1573 1466 1642 pervenit.
1496 1572 1570 1627 lbi
1599 1582 1723 1626 tunc
1744 1571 1882 1625 forte
1904 1580 2139 1641 praeerat

552 1643 745 1715 dignm
775 1642 1048 1715 memoriae
1091 1640 1367 1715 Remigius
1392 1642 1609 1715 praesul
1638 1640 2138 1715 eximius,’regibns

552 1712 843 1792 admodum
882 1713 1108 1792 charos.
1159 1712 1402 1792 llic'HDei
1450 1713 1707 1792 famulum
1738 1712 2005 1792 .Adoneui
2053 1714 2138 1783 pie
2171 1733 2214 1792 Β

547 1784 880 1853 suscipiens,
912 1783 1140 1853 benigne
1166 1784 1431 1838 exhibuit.
1463 1782 1532 1836 At
1559 1783 1649 1854 ubi
1676 1783 1914 1854 scicntize
1935 1792 1988 1837 et
2017 1782 2138 1854 pro-

553 1852 739 1910 bitatis
789 1854 1017 1918 in.-.ignia
1048 1852 1379 1922 pernoscere
1423 1853 1615 1923 potuit,
1658 1852 1941 1908 ecclesiam
1993 1852 2137 1908 beati

556 1925 791 1995 Romani
831 1939 970 1995 cuni
997 1923 1100 1995 sibi
1136 1924 1505 1993 atljacentibus
1539 1923 1696 1979 rebus
1735 1925 1787 1978 in
1819 1925 2137 1992 obsequium

554 1994 843 2062 delegavit,
886 1994 975 2047 ubi
1002 1994 1262 2048 Secretius
1285 1995 1514 2049 orationi
1544 2003 1780 2048 vacaret.

625 2082 697 2118 vi.
734 2065 867 2117 Exin
902 2064 1054 2134 obitu
1081 2064 1371 2134 Viennensi
1401 2064 1643 2134 ιηἰεειιίιε
1669 2073 1969 2133 comperto,
1994 2063 2137 2133 ejus-

552 2135 673 2189 dem
698 2134 949 2188 Ecclesim
970 2133 1062 2186 lilii
1084 2133 1262 2188 divina
1283 2133 1632 2203 inspiratione
1649 2150 1810 2205 super
1833 2136 1933 2190 hoc
1957 2137 2135 2202 tracti,

553 2220 742 2260 omnes
780 2206 831 2261 in
877 2220 1160 2259 commune
1203 2221 1310 2259 uno
1344 2205 1567 2260 consilio
1596 2206 1712 2275 pari
1745 2205 2017 2275 voluntate
2049 2207 2139 2261 do-

555 2276 758 2333 minum
789 2275 1030 2329 Adonem
1055 2275 1359 2343 petiverunt
1382 2275 1481 2328 sibi
1511 2274 1909 2345 praeﬁciendum
1933 2277 2139 2345 episco-

552 2362 699 2415 pmn.
734 2345 999 2412 Quocirca
1041 2360 1107 2400 ex
1147 2361 1413 2400 consensu
1457 2355 1565 2400 tam
1603 2346 1732 2401 clcri
1771 2362 1931 2415 quam
1965 2348 2138 2415 plebis

554 2434 675 2472 cum
718 2416 943 2487 consilio
970 2415 1527 2487 comprovincialium
1571 2418 1943 2486 episcoporum
1995 2418 2135 2473 idem

553 2487 648 2543 Dei
679 2486 911 2541 famulus
940 2486 1294 2542 Viennensem
1336 2497 1685 2541 consecratur
1716 2488 1766 2540 in
1804 2487 2134 2556 pontificem.

625 2574 718 2611 vn.
756 2556 1085 2626 Religionem
1133 2572 1260 2611 vero
1300 2572 1528 2611 cernens
1576 2576 1606 2612 a
1659 2558 1741 2613 sui
1792 2559 2135 2613 observantia

550 2630 749 2697 partim
794 2626 1055 2682 defecisse
1102 2628 1450 2682 adversarum
1499 2644 1787 2682 causarum
1828 2631 2134 2694 occasione,

550 2698 749 2757 institit
780 2697 1122 2761 eritnimodis,
1155 2707 1212 2750 ut
1236 2698 1301 2750 ad
1332 2698 1613 2767 pristinam
1645 2699 1983 2752 rec.itudinis
2014 2716 2137 2753 nor-

547 2784 692 2822 mam
720 2768 976 2837 paulatim
1014 2769 1180 2838 ipsius
1215 2765 1392 2823 stud'io
1411 2765 1823 2838 rreformaretnr.
1853 2767 1989 2824 Hinc
2015 2786 2139 2825 con-

547 2849 694 2894 stant
724 2838 1081 2910 institutionis
1118 2838 1233 2908 ejus
1270 2837 1525 2910 perplura
1571 2839 1911 2910 documenta.
1958 2839 2138 2910 Siqui-

546 2913 761 2981 dcnrct
804 2909 868 2961 de
890 2907 1180 2981 Διιοειυιίιὶε
1216 2907 1286 2981 eti
1307 2909 1374 2981 de
1413 2908 1620 2964 diurnis
1650 2907 1837 2965 ciliciis
1874 2907 2135 2981 psallendi

546 2979 786 3049 regulam
814 2978 1038 3048 pulchre
1066 2978 1365 3033 constituit.

623 3047 734 3103 vin.
764 3047 1030 3103 Praeterea
1059 3059 1261 3118 quanto
1284 3048 1460 3103 studio
1485 3049 1779 3104 ducebatur
1807 3052 1859 3105 in
1887 3051 2131 3109 aedificiis

546 3120 899 3179 ecclesiarum
933 3120 1297 3174 instaurandis
1339 3118 1422 3174 vel
1459 3120 1804 3185 exornandis,
1854 3123 1955 3177 etsi
1991 3125 2130 3179 forte

547 3192 783 3261 hominis
805 3190 943 3261 desit
973 3190 1355 3254 testimonium,
1380 3206 1485 3244 non
1511 3192 1703 3245 desunt
1732 3200 1909 3245 tamen
1938 3195 2128 3249 cadem

545 3262 792 3316 aedilicia.
825 3260 1216 3330 Hospitahtatis
1257 3262 1308 3314 in
1361 3276 1625 3330 pauperes
1663 3270 1860 3330 quanta
1898 3264 1945 3317 ei
1999 3279 2128 3317 cura

547 3340 817 3401 quantove
865 3332 1154 3387 assiduitas
1196 3330 1377 3396 fuerit,
1417 3331 1557 3400 stylo
1605 3334 1861 3387 mandare
1903 3350 2005 3387 non
2045 3342 2129 3388 cst

543 3418 766 3457 necesse
801 3420 812 3456 :
846 3403 1144 3473 praesertim
1201 3419 1327 3473 cum,
1371 3403 1567 3456 ostium
1588 3403 1789 3473 domus
1816 3404 1981 3473 ipsius
2020 3421 2125 3459 non

543 3474 720 3528 dicam
770 3472 908 3545 alio,
948 3473 1053 3545 sed
1100 3488 1200 3530 nec
1247 3472 1461 3543 quidem
1515 3472 1825 3528 refcctionis
1886 3482 2127 3545 tempore

544 3545 790 3599 clausum
828 3543 1004 3598 fuerit.

616 3631 690 3669 ix.
730 3612 974 3685 Cumque
1007 3612 1121 3683 jam
1163 3622 1373 3684 tempus
1416 3613 1650 3685 adesset,
1708 3629 1815 3684 quo
1868 3615 2127 3672 Dominus

545 3686 769 3738 militem
793 3682 945 3739 suum
989 3682 1146 3739 beata
1175 3682 1423 3740 mercede
1457 3682 1617 3738 vellet
1652 3682 1872 3749 donare,
1911 3697 2124 3741 sextum

542 3755 1053 3836 deeitnuntneirciter
1073 3770 1272 3834 annum
1286 3756 1349 3836 in
1358 3755 1677 3836 episcopatu
1699 3770 1883 3836 agens3
1902 3758 2126 3836 delprte-

541 3827 679 3881 senti
714 3826 780 3880 ad
809 3825 1046 3896 futuram
1085 3824 1249 3880 vitam
1281 3823 1422 3880 felici
1454 3823 1560 3879 fine
1588 3823 1926 3896 demigravit:
1961 3823 2127 3896 Cujus

541 3912 738 3966 corpus
766 3897 816 3950 in
859 3894 1083 3966 ecclesia
1113 3905 1420 3950 sanctorum
1452 3893 1815 3966 apostolorum
1847 3893 2125 3951 ofﬁciosis-

541 3964 677 4029 sime
719 3964 1033 4019 tumnlatum
1062 3975 1163 4021 est.
1195 3967 1296 4033 Qui
1338 3966 1472 4020 vixit
1511 3981 1684 4023 annos
1727 3964 1845 4035 plus
1877 3967 2124 4022 minusve

540 4036 879 4105 septuaginta
907 4050 1022 4091 sex.

613 4170 665 4224 4.
707 4168 808 4225 Ubi
842 4170 1076 4240 primum
1105 4170 1220 4225 htec
1242 4169 1345 4240 legi
1381 4170 1435 4225 in
1454 4168 1734 4225 Breviario
1766 4167 2119 4240 Romanensi,

544 4258 668 4296 nam
695 4239 857 4309 longe
880 4248 1001 4309 post
1016 4239 1339 4311 Viennensis
1359 4239 1911 4311 exentplumaccepi),
1929 4254 2122 4311 magno

539 4313 736 4384 gaudio
774 4306 999 4366 allectus
1036 4327 1153 4366 sum
1174 4310 1352 4384 quod_
1378 4306 1680 4384 illiust—randi
1728 4306 1991 4363 tan'ti'viri
2024 4306 2124 4361 ali-

540 4379 700 4452 quam
727 4383 981 4435 haberem
997 4379 1297 4436 materiam.
1321 4379 1425 4436 Sed
1444 4380 1572 4452 illud
1589 4379 1915 4452 voluptatem
1940 4394 2115 4433 meam

2157 3093 2202 3156 C

2249 442 2452 519 gratias
2473 442 2767 519 cumulare.
2798 442 3067 519 Caeterum
3097 442 3239 519 quod
3289 442 3572 519 diligenter
3614 442 3830 507 scruta;

2248 512 2401 577 mini,
2430 512 2689 568 noveritis
2720 517 3040 570 monachum
3071 512 3128 572 εί
3163 512 3484 588 discipulum
3516 536 3695 575 meum
3728 524 3828 578 Ad.

2249 597 2523 660 nunquam
2568 593 2835 660 a_nostro
2886 589 3218 660 monasterio
3274 590 3550 660 aufugisse
3585 610 3597 645 :
3639 593 3731 646 sed
3762 596 3830 649 ad

2285 653 2559 709 etitionem
2615 654 2786 709 beatae
2826 658 3101 712 memoriae
3144 653 3459 714 Marcvvardi
3510 661 3721 717 abbatis
3760 680 3828 719 ex

2323 724 2464 791 umia
2493 732 2588 802 aut
2640 724 2901 780 Proneam
2932 725 2991 800 [Ι.
3022 728 3416 802 aduProneam]
3441 745 3475 802 7a
3504 732 3660 786 nobis
3705 749 3829 788 eum

2247 792 2473 869 honeste
2497 796 2779 869 directum,
2812 806 2866 869 et
2894 792 3015 869 cum
3063 798 3154 855 illo
3195 792 3506 869 aliquaiidiu
3538 818 3827 859 conversa-

2250 865 2382 929 tum,
2412 865 2767 934 quorumdam
2812 867 3197 924 invidiosorum
3225 865 3427 926 vitasse
3474 872 3701 928 insidias
3734 883 3828 929 :et

2247 933 2371 989 inde
2388 933 2636 1015 discendi
2659 937 2838 1015 studio
2858 948 2910 992 et
2931 939 3135 1015 quietis
3158 956 3341 1015 amore
3360 942 3428 1015 sin
3457 942 3589 996 urbe
3610 943 3823 1015 Lugdu-

2246 1006 2496 1061 nensium
2539 1008 2867 1063 constitisse.
2930 1006 3406 1065 Reverentissimis
3459 1022 3640 1067 autem
3694 1006 3829 1069 viris

2245 1073 2495 1152 Bemigio
2515 1086 2568 1130 et
2600 1076 2662 1129 ll.
2694 1076 3192 1152 Gratianopolitano
3218 1081 3485 1152 instanter
3506 1084 3829 1152 postulanti-

2244 1144 2365 1215 bus,
2399 1144 2453 1202 et
2482 1144 3271 1205 conversationem'memorati
3316 1144 3521 1207 fratris'
3560 1153 3829 1208 laudanti-

2245 1214 2362 1287 bus,
2396 1233 2705 1287 quanquam
2735 1217 2863 1273 olim
2890 1233 3064 1275 meam
3095 1222 3277 1275 verbis
3326 1222 3606 1279 habuisset
3653 1223 3824 1278 licen-

2246 1285 2392 1363 tiam,
2415 1285 2602 1363 etiam
2633 1287 2905 1363 regulares
2948 1290 3155 1363 litteras
3188 1292 3462 1361 accepisse
3482 1309 3507 1363 ;r
3550 1310 3669 1362 ιιιιιε
3700 1310 3826 1363 ριοο

2243 1354 2385 1435 latae,
2417 1359 2543 1435 quid
2564 1359 2637 1435 de
2658 1354 2723 1413 eo
2754 1360 3007 1435 sentiam,
3027 1362 3168 1435 lidel-i
3203 1354 3466 1435 relatione
3485 1354 3822 1419 fatebuntur.

2242 1424 2477 1482 Litteras
2506 1428 2669 1483 etiam
2697 1445 2821 1484 eum
2866 1430 3263 1487 ecclesiasticas
3310 1433 3513 1487 habere
3538 1449 3568 1486 a
3601 1448 3827 1489 venera-

2242 1497 2332 1569 bili
2365 1500 2614 1569 episcopo
2644 1508 2831 1554 nostro
2856 1500 3155 1558 Cuenilone
3194 1503 3499 1558 certissime
3523 1504 3636 1558 scio
3671 1522 3683 1557 ε
3723 1520 3825 1560 ιιεε

2242 1567 2503 1645 inipedige
2532 1567 2656 1645 eum
2679 1569 2919 1645 aliquid,_
2933 1572 2978 1626 si
3018 1573 3163 1645 Deus
3184 1588 3307 1627 eum
3338 1583 3514 1638 vocat,
3547 1589 3655 1643 quo
3677 1575 3826 1645 juste

2241 1638 2355 1706 ejus
2385 1638 2648 1693 infirmari
2675 1641 2855 1711 possit
2873 1641 3083 1696 electio.
3126 1643 3269 1697 Bene
3298 1645 3438 1711 apud
3464 1638 3821 1700 nos-coriver-

2244 1716 2499 1785 satus_es_t
2533 1726 2544 1762 :
2577 1709 2696 1785 quae
2722 1709 3012 1785 plurimum
3036 1713 3260 1785 indiget
3300 1709 3566 1785 Ecclesia,
3596 1715 3825 1771 idoneus

2244 1786 2326 1834 est
2356 1780 2422 1834 ad
2455 1779 2781 1855 docendum;
2816 1782 3150 1855 regularibus
3175 1779 3251 1836 ἐι
3279 1784 3682 1855 pontiﬁcalibus
3719 1785 3825 1840 ful-

2241 1856 2327 1922 tus
2353 1858 2434 1904 εει
2462 1850 2730 1920 epistolis;
2772 1850 3174 1922 progenitorum
3232 1850 3511 1909 nobilitate
3563 1866 3821 1922 ornatur;

2242 1918 2295 1994 in
2322 1918 2509 1974 sancto
2535 1918 2827 1994 proposito,
2850 1918 3055 1990 judicio
3088 1924 3465 1994 praedictorum
3495 1918 3822 1992 antistitum,

2240 1989 2380 2045 inter
2401 1989 2548 2061 quos
2576 1989 2740 2063 degit,
2768 1989 2958 2048 devote
3006 1989 3279 2063 perdurat.
3311 1994 3449 2061 Quid
3484 2005 3674 2060 restat,
3712 1989 3822 2051 nisi

2241 2064 2470 2135 utquod
2515 2066 2723 2135 sanctis
2757 2064 3075 2135 praesulibus
3119 2064 3259 2119 Deus
3308 2065 3654 2135 inspiraverit
3696 2067 3827 2121 fiat?

2239 2129 2377 2197 Quid
2431 2141 2610 2207 autem
2656 2129 2871 2197 mirum,
2918 2134 3301 2207 _si_aliquan_do
3327 2129 3572 2207 asperius
3615 2137 3823 2207 aliquid

2238 2217 2400 2274 super
2428 2216 2494 2256 eo
2524 2204 2738 2274 locutus
2779 2205 2936 2259 sum?
2982 2204 3113 2259 Illud
3147 2204 3302 2274 culpa
3341 2204 3444 2260 fuit
3474 2204 3822 2261 inimicorum

2237 2272 2353 2347 ejus
2385 2272 2726 2347 impudenter
2761 2274 2895 2347 falsa
2942 2272 3273 2347 vulgantium
3308 2294 3320 2327 :
3348 2276 3490 2347 istud
3510 2277 3653 2347 quod
3680 2294 3825 2333 nunc

2240 2341 2437 2397 litteris
2460 2341 2648 2418 'alligo
2675 2343 2739 2418 [ί.
2793 2341 3239 2418 ίιιιεεο],ἰιιειιιιι
3271 2357 3354 2405 εει
3394 2341 3657 2415 judicium
3688 2363 3823 2402 con-

2240 2421 2448 2486 stanter
2485 2415 2637 2486 prius
2678 2415 2814 2486 visa,
2870 2415 2925 2469 et
2968 2415 3161 2486 postea
3199 2426 3473 2486 comperta
3519 2418 3821 2474 narrantis.

2237 2483 2406 2552 Cupio
2429 2499 2522 2539 vos
2544 2485 2721 2538 valere
2747 2483 2994 2541 feliciter.
3030 2508 3048 2538 ι

2308 2553 2361 2608 5.
2401 2554 2477 2628 Ex
2544 2554 2646 2628 hac
2706 2555 2839 2627 Lupi
2896 2558 3122 2628 epistola
3182 2557 3439 2628 discimus
3493 2559 3821 2614 monachum

2238 2626 2521 2700 quemdam
2557 2625 3001 2700 Ferrariensein,
3060 2627 3316 2700 nobilem,
3371 2629 3610 2700 doctum,
3666 2629 3823 2700 cujus

2239 2710 2435 2767 nonten
2466 2696 2755 2766 incipiebat
2786 2714 2814 2751 a
2848 2698 3041 2754 litteris
3066 2700 3193 2763 Ad.,
3221 2698 3432 2767 degisse
3452 2699 3505 2751 in
3538 2696 3821 2767 provincia

2236 2762 2604 2839 Lugdunensi,
2638 2766 2880 2839 llemigio
2906 2778 2959 2822 et
2977 2762 3186 2823 Heboni
3204 2762 3477 2839 cpi-scopis
3510 2762 3818 2838 probatum,

2237 2845 2291 2888 et
2316 2836 2769 2908 ad_episc0palem
2798 2836 3117 2908 dignitatem
3170 2836 3439 2893 electum:
3471 2836 3590 2907 qua:
3632 2842 3819 2895 omnia

2237 2921 2357 2960 cum
2386 2905 2679 2960 Breviariis
2700 2905 2985 2962 Viennensi
3014 2917 3068 2961 et
3094 2908 3424 2962 Romanensi
3463 2905 3817 2976 conveniunt,

2240 2992 2337 3030 nec
2364 2976 2449 3030 alii
2478 2992 2637 3048 quam
2683 2977 2856 3048 Adoni
2890 2979 3127 3048 legitime
3164 2978 3338 3048 aptari
3384 2988 3624 3048 possunt.
3690 2979 3820 3035 Haec

2239 3047 2546 3102 distinctius
2561 3047 2888 3119 explicanda
2918 3047 3012 3119 per
3056 3047 3257 3119 partes.
3292 3047 3398 3103 Sed
3429 3056 3715 3119 antequam
3765 3053 3819 3106 id

2235 3125 2505 3240 Lnnstem,
2561 3116 2838 3172 Lectorem
2891 3116 3182 3174 admonere
3225 3119 3397 3181 decet,
3425 3116 3687 3190 quantum
3715 3121 3817 3176 dc-

2273 3196 2359 3240 eat
2382 3187 2591 3240 publica
2616 3204 2701 3240 res
2723 3189 2987 3240 litteraria
3012 3190 3300 3240 diligentiae
3331 3191 3679 3240 eruditissimi
3706 3192 3814 3240 viri

2273 3187 2591 3260 eatpnblica
2609 3204 2702 3260 res
2723 3189 2987 3243 litteraria
3012 3190 3300 3260 diligentiae
3331 3187 3679 3260 eruditissimi
3706 3192 3814 3245 viri

2235 3257 2752 3334 Stephanilialtrzii,
2778 3261 2946 3334 quiin
2980 3257 3377 3334 nova'editione
3416 3258 3551 3334 Lupi
3602 3261 3817 3334 abbatis

2231 3342 2455 3399 operum
2503 3327 2553 3381 id
2581 3331 2689 3398 egit
2719 3327 2877 3385 unius
2916 3331 3152 3396 voculae;
3187 3332 3295 3385 imo
3324 3327 3556 3399 duplic—is
3603 3327 3812 3385 tantum

2229 3396 2425 3452 litterae
2475 3396 2835 3465 correctione,
2887 3408 2946 3456 ut
2992 3401 3323 3456 illustrandze
3380 3396 3586 3455 Adonis
3640 3402 3815 3456 nostri

2232 3468 2506 3539 memoriae
2565 3470 2844 3539 praeferret
2891 3470 3085 3526 lucem.
3116 3471 3248 3525 Nam
3302 3487 3424 3526 cum
3479 3471 3532 3524 in
3575 3471 3817 3527 editione

2230 3536 2743 3612 Massoniana'prius
2772 3542 3061 3612 legeretur,
3115 3542 3439 3596 monaclunn
3469 3556 3645 3594 meum
3678 3556 3817 3612 non—

2231 3625 2528 3679 nunquam,
2558 3610 2673 3680 ipse
2693 3610 2981 3666 collatione
3001 3620 3240 3664 veterum
3258 3612 3501 3664 codicum
3528 3610 3815 3680 reposuit’:

2231 3681 2551 3735 monachum
2583 3679 2784 3735 meum
2836 3680 2938 3735 Ad.
2994 3695 3291 3748 nunquam,
3323 3679 3559 3741 tametsi,
3588 3680 3663 3732 uti
3696 3696 3817 3735 mo-

2228 3749 2381 3804 deste
2410 3750 2629 3812 fatetur,
2657 3750 2778 3818 quis
2800 3749 2959 3803 fuerit
2988 3749 3075 3802 hic
3100 3749 3280 3812 homo,
3306 3763 3465 3816 quem
3489 3748 3699 3804 duabus
3723 3752 3814 3808 his

2228 3818 2426 3889 litteris
2457 3820 2556 3871 Ad.
2583 3834 2895 3888 expressum
2923 3818 3458 3889 videmus,divinare
3481 3834 3584 3873 non
3610 3822 3810 3889 potuit.

2227 3887 2380 4011 Nuinc
2433 3889 2500 3941 ad
2549 3887 2794 3942 ordinem
2848 3904 3027 3942 rerum
3073 3888 3141 3941 ab
3172 3887 3360 3943 Adone
3411 3887 3686 3959 gestarum
3719 3906 3815 3947 ac-

2227 3973 2375 4011 ceto.

2225 3973 2375 4012 C(3th.

2298 4028 2350 4082 6.
2390 4026 2523 4083 Cum
2580 4028 2695 4082 Ado
2737 4035 2979 4097 tempore
3026 4026 3206 4083 Caroli
3250 4027 3413 4097 regis,
3446 4039 3811 4098 cognomento

2225 4096 2398 4171 Calvi,
2437 4106 2594 4171 ortus
2638 4096 2859 4171 dicitur,
2886 4097 2937 4151 id
2988 4113 3053 4153 eo
3105 4098 3265 4153 modo
3292 4096 3667 4169 interpretare,
3696 4116 3809 4171 quo

2227 4167 2431 4241 similes
2447 4168 2557 4241 jam
2581 4168 2728 4223 locos
2756 4167 3065 4237 frequenter
3089 4173 3336 4241 exposui,
3359 4167 3523 4241 iut‘eo
3559 4167 3806 4241 tempore

2226 4238 2537 4320 inclarucrit
2568 4257 2579 4291 :
2609 4254 2737 4321 nam.
2762 4254 2884 4294 eum
2911 4238 3175 4322 regnante
3211 4240 3405 4322 Carolo
3452 4238 3804 4322 Magno,_'_cir-

2227 4308 2586 4380 citerannum
2631 4308 3157 4380 octingentesimum,
3216 4310 3267 4363 in
3320 4310 3493 4364 lucem
3539 4308 3806 4380 prodiisse

2228 4387 2463 4433 constat.
2486 4379 2703 4451 Quippe
2726 4379 2897 4451 annos
2924 4389 3083 4434 natus
3104 4381 3443 4451 septuaginta
3473 4379 3585 4442 scit,
3616 4383 3804 4437 deces-

541 4447 897 4525 temperabat,
940 4454 1081 4525 quod
1128 4460 1337 4525 vetusta
1392 4460 1443 4525 et
1475 4447 1834 4525 idoneaﬂmibi
1864 4447 2115 4525 deessent
2142 4447 2194 4506 D
2226 4451 2449 4504 sitanno
2472 4447 3148 4525 Christioctingeotesimo
3165 4447 3565 4525 septdagesimo
3588 4453 3799 4525 quinto,

541 4518 911 4587 moriuntenta,
941 4518 1137 4591 quibus
1168 4522 1266 4578 ista
1293 4521 1600 4591 probarem.
1627 4589 1635 4591 ᾗ
1660 4518 1783 4591 Haec
1810 4518 1941 4591 mihi
1969 4519 2114 4591 cogi-

539 4596 695 4659 tanti,
711 4604 768 4674 ει
788 4588 1156 4674 Lupiabbat’is
1172 4588 1534 4674 Ferrariensis
1554 4588 1811 4671 epistolas
1833 4588 2108 4674 relegcn_ti,

537 4664 778 4719 occurrit
802 4660 1182 4732 epistolaiejus
1242 4660 1534 4732 centesima
1569 4660 1826 4732 vigesima
1854 4660 2112 4732 secunda,

538 4752 658 4806 qua:
690 4729 995 4806 votis—meis
1035 4731 1200 4806 faciat
1239 4732 1389 4806 satis.
1422 4730 1476 4806 In
1519 4729 1807 4806 hac’enim
1864 4729 2107 4806 epistola,

538 4800 658 4875 qua:
703 4805 969 4875 Gerardo,
1011 4802 1308 4875 provinciae
1336 4800 1458 4855 duci
1502 4818 1594 4875 seu
1627 4801 1831 4875 comiti,
1865 4810 1919 4854 et
1941 4801 2113 4875 liena;

539 4870 708 4946 ipsius
740 4873 976 4944 conjugi,
1009 4870 1261 4946 inscripta
1292 4879 1394 4938 est,
1442 4871 1744 4946 certissima
1784 4870 2114 4946 deprehendi

538 4941 850 5005 momenta.
888 4941 1007 5012 quae
1056 4943 1108 4995 in
1163 4941 1403 4996 Adonem
1438 4941 1662 5012 ejusque
1692 4956 1781 4996 res
1812 4950 1994 5012 gestas
2018 4942 2111 5003 ita,

539 5025 598 5069 nt
641 5014 887 5085 superius
907 5011 1175 5081 exposita:
1210 5021 1370 5085 sunt,
1402 5011 1624 5085 omnino
1674 5011 2019 5085 conveniunt.
2050 5012 2115 5064 Et

538 5082 808 5167 quiat—iam
836 5098 921 5167 res
942 5096 1053 5167 uno
1070 5082 1221 5151 parvi
1251 5083 1510 5167 momenti
1536 5091 1640 5163 est,
1669 5097 1848 5167 opera:
1882 5084 2114 5167 pretium

540 5151 705 5210 fuerit
727 5154 828 5209 hoc
850 5152 967 5223 loco
982 5151 1245 5223 integram
1261 5152 1527 5207 adducere
1549 5152 1852 5223 epistolam,
1879 5159 1937 5205 ut
1959 5166 2116 5205 nemo

540 5222 1076 5296 suspectamhabeat
1104 5222 1260 5296 fidem
1292 5237 1487 5296 meson.

615 5289 652 5347 ι’
670 5292 1172 5349 Ριιεεειιειιιὶεείιιιο
1199 5292 1319 5346 duci
1360 5291 1426 5361 ϐ.
1455 5300 1511 5346 ει
1554 5291 1871 5346 clarissima:
1896 5289 2112 5361 conjngi

536 5363 654 5434 ejus
674 5364 733 5419 Β.
759 5363 942 5434 Lupus
966 5372 1286 5434 praesentem
1316 5372 1371 5434 et
1400 5360 1635 5434 futuram
1673 5360 1917 5416 salutem.

526 5449 533 5456 ·
567 5432 577 5434 ἡ
613 5456 632 5487 ι
666 5432 892 5504 Semper
924 5432 1145 5504 insignis
1176 5432 1314 5487 fama
1343 5432 1409 5487 de
1435 5432 1702 5504 probitate
1735 5442 1913 5504 vestra
1941 5432 2111 5504 bonos

537 5502 1125 5576 quosque'slgetiﬁca'vit
1153 5522 1165 5556 :
1198 5505 1293 5557 sed
1326 5518 1467 5576 nunc
1523 5502 1575 5557 in
1608 5502 1868 5576 omnium
1920 5503 2110 5557 notitia

540 5573 758 5630 liberius
780 5574 1030 5638 ellloruit,
1061 5589 1181 5628 cum
1222 5573 1465 5628 eamdem
1502 5574 1823 5643 probitatem
1874 5584 2110 5628 vestram

541 5661 789 5701 successn
848 5643 1128 5714 profuturo
1164 5642 1791 5714 Christianis’omnibus
1845 5642 2111 5714 Divinitas

541 5713 930 5791 comprobavit.
979 5716 1112 5771 Cum
1140 5729 1269 5769 vero
1297 5729 1415 5787 qua:
1439 5716 1613 5785 primo
1642 5713 1907 5786 polliceri,
1929 5723 2113 5787 postea

2219 4530 2275 4574 ut
2322 4529 2501 4589 postea
2561 4520 2876 4575 videbimus.
2930 4520 2986 4574 In
3043 4530 3273 4591 utroque
3324 4520 3800 4579 Breviario’nobili

2216 4591 2464 4665 prosapia
2494 4600 2716 4646 exortus
2744 4591 2961 4665 dicitur,
2986 4590 3125 4665 apud
3156 4589 3364 4665 Lupum
3387 4593 3799 4665 progenitorum

2218 4659 2495 4715 nobilitate
2515 4672 2757 4716 ornatus.
2775 4661 3012 4714 Patriam
3027 4659 3076 4716 ei
3096 4659 3263 4717 fuisse
3285 4659 3682 4717 WaStinensem
3705 4675 3804 4721 aut

2218 4731 2541 4802 Senonicum
2577 4747 2769 4802 pagunt
2798 4732 3048 4802 conjicio.

2287 4801 2339 4854 7.
2384 4802 2517 4854 [lum
2545 4801 2718 4856 adhuc
2773 4801 3067 4855 infantulus
3096 4810 3261 4866 esset,
3299 4801 3354 4855 in
3406 4805 3821 4866 monasterium,

2218 4871 2357 4995 quod
2388 4870 2669 4925 Ferrarias
2699 4887 2763 4925 ex
2792 4873 3013 4941 antiquo
3036 4881 3249 4935 vocant,
3278 4886 3308 4926 a
3354 4877 3668 4944 parentibus
3688 4884 3797 4930 tra-

2220 4943 2363 4995 (itus
2416 4949 2517 4995 est.
2573 4957 2722 4995 more
2767 4942 2972 4995 scilicet
3027 4943 3080 4995 in
3108 4942 3289 4995 recula
3322 4946 3492 4995 sancti
3519 4944 3797 4995 Benedicti

2220 4942 2363 5007 ditus
2416 4949 2517 5005 est,
2573 4957 2722 4996 more
2767 4942 2972 4997 scilicet
3027 4943 3080 4997 in
3108 4942 3289 5011 regula
3322 4942 3492 4998 sancti
3519 4944 3797 5001 Benedicti

2218 5011 2629 5085 pncseripto_t_le
2679 5012 2952 5085 oblatione
3005 5022 3060 5067 et
3111 5014 3450 5083 susceptione
3504 5030 3797 5085 puerorum

2220 5080 2338 5152 cap.
2396 5080 2497 5152 59.7
2542 5081 2679 5136 llinc
2732 5080 3100 5151 conjecturam
3127 5080 3300 5148 sumo,
3327 5080 3564 5138 Adonem
3606 5095 3796 5142 natum

2220 5151 2463 5226 fuisse‘in
2489 5151 2606 5207 loco
2633 5154 2812 5226 vicino
2825 5154 3165 5226 ,Ferrariensi
3187 5156 3554 5226 monasterio,
3588 5156 3655 5211 de
3686 5172 3797 5226 quo

2219 5223 2468 5296 superius
2489 5235 2665 5296 actum
2680 5225 2746 5296 ad
2777 5223 2949 5296 Vitam
2972 5224 3144 5296 sancti
3156 5222 3372 5296 Aldriei
3400 5222 3794 5296 archiepiscopi

2219 5291 2565 5366 Senonensis.
2621 5292 2762 5366 Istic
2790 5310 2820 5366 a
2855 5293 3076 5366 sSigulfo
3122 5291 3316 5347 abbate
3350 5307 3487 5362 puer
3512 5291 3795 5366 susceptus

2221 5363 2385 5417 fuisse
2430 5364 2683 5436 videtur:
2714 5364 2805 5418 ubi
2828 5363 2990 5436 bene
3023 5370 3395 5436 conversatus,
3446 5372 3582 5420 teste
3620 5363 3794 5436 Lupo,

2220 5448 2407 5504 omnes
2449 5434 2549 5504 sibi
2593 5449 2801 5489 coaevos
2826 5434 2877 5487 in
2905 5434 3115 5504 studiis
3143 5433 3444 5504 litterarum
3466 5433 3790 5504 praeivit,‘ex

2223 5503 2496 5558 Breviario
2521 5502 2871 5558 Romanensi.
2900 5503 2975 5558 De
3003 5504 3121 5572 ejus
3147 5503 3391 5558 doctrina
3425 5502 3791 5560 téstimonium

2221 5574 2524 5644 suppeditat
2549 5574 2744 5644 Lupus,
2778 5590 2899 5627 cum
2933 5590 3054 5627 eum
3087 5574 3275 5629 scribit
3300 5588 3420 5629 esse
3449 5576 3701 5631 idoneum
3719 5574 3788 5630 ad

2222 5643 2520 5716 doceodum
2549 5643 2669 5716 qua:
2690 5645 2980 5714 plurimum
3012 5645 3214 5716 indiget
3242 5644 3507 5716 Ecclesia.

2293 5715 2346 5770 8.
2370 5714 2843 5785 Post-aliquantam
2862 5730 3068 5771 moram
3090 5714 3150 5771 in
3166 5718 3415 5772 coenobio
3433 5714 3795 5784 Ferrariensi,
