4024 6362
556 339 630 401 ts
1546 334 1606 391 s.
1642 330 1894 393 morus
1927 328 2354 393 ARCHIEPISC.
2397 328 2807 388 VIENNENSIS
3754 324 3824 383 ιο

554 454 629 510 tis
658 449 776 509 ﬁeri
798 447 1014 507 assidue
1041 447 1320 514 monebat,
1343 446 1529 506 dicens
1561 464 1575 500 :
1625 446 1824 518 Discite
1846 462 1879 499 a
1901 462 1983 500 me
2005 446 2133 518 quia
2160 446 2209 509 Α

556 523 696 579 mitis
721 539 837 577 sum
864 531 912 576 et
934 519 1146 574 humilis
1170 519 1325 574 corde
1356 518 1680 589 (Matthem,
1703 517 1796 587 29)
1826 535 1838 571 :
1869 531 1991 588 qum
2016 517 2133 572 ver-

552 593 623 651 ba
645 592 897 662 leguntur
921 591 975 662 in
994 590 1280 662 Breviario
1308 587 1622 662 V‘i‘ennerisi.

629 655 726 718 1ὅῖ
758 662 920 718 Anno
943 660 1069 725 866,
1098 675 1165 715 ex
1188 659 1489 714 Annalibus
1530 655 1884 722 Bertiuianis,
1905 656 2134 715 Carolus

553 748 654 789 rex
679 740 1036 803 cognomento
1060 729 1257 803 Calvus
1276 770 1291 795 ,
1322 738 1378 784 et
1399 728 1712 803 “Lotharius
1751 743 1846 782 rex
1875 726 2133 803 Atti_niaci

557 798 899 860 missaticum
937 800 1295 857 communiter
1313 799 1569 869 ordinant
1606 813 1704 869 pro
1729 799 1945 869 negotio
1970 798 2135 869 Teut-

553 873 739 945 hergae
780 872 949 945 ipsius
1002 870 1242 945 botharii
1286 868 1493 945 pellicis
1521 910 1536 936 ,
1563 867 1641 945 et
1668 867 1893 924 Carolus
1916 867 2134 945 quidem

554 938 1304 1014 per'EgilonemSeuertsem
1337 940 1826 1014 archiepiscopum,
1857 946 1911 993 et
1936 938 2134 993 Letha-

551 1010 668 1069 rius
750 1010 804 1067 ἰ’
840 1012 1083 1068 Adonem
1129 1010 1490 1067 Viennensem
1533 1010 2022 1080 archiepiscopum,
2070 1023 2135 1064 ac

552 1097 651 1139 Der
673 1028 993 1139 Vegltarium
1018 1096 1176 1137 suum
1226 1096 1256 1135 a
1297 1082 1527 1137 secretis
1577 1080 2134 1139 domesticum,pap:e

626 1100 651 1138 r
673 1080 993 1139 Waltarium
1018 1096 1176 1137 suum
1226 1096 1256 1135 a
1297 1082 1527 1137 secretis
1577 1080 1957 1143 domesticum,
1980 1093 2134 1150 papae

606 1154 775 1210 icolao
803 1168 925 1222 quae
944 1151 1044 1208 sibi
1087 1152 1199 1207 visa
1241 1162 1368 1207 sunt
1422 1150 1690 1222 secretius
1712 1150 1988 1222 mandant.
2015 1149 2134 1204 Ado

554 1222 611 1278 id
639 1220 893 1306 praestitit
944 1222 1142 1306 litteris
1185 1222 1404 1306 scriptis
1443 1223 1511 1275 ad
1542 1220 1844 1306 Nicoiaum,
1874 1220 2027 1306 cujus
2050 1234 2135 1306 re-

552 1291 813 1363 scriptum
841 1293 944 1347 hac
966 1293 1033 1347 de
1062 1308 1121 1347 re
1146 1291 1547 1363 noniiittegrum
1570 1300 1776 1363 exstat,
1798 1291 1849 1345 in
1867 1306 1973 1363 quo
1997 1305 2134 1363 pon-

558 1360 691 1419 tifei
715 1362 1119 1418 sanctissimum
1146 1360 1473 1418 confratrém
1500 1362 1757 1431 Adonem
1776 1360 2136 1431 archiepisco-

552 1448 682 1503 pum
714 1433 914 1497 laudat,
939 1433 1083 1503 quod
1104 1448 1205 1502 pro
1232 1442 1374 1488 statu
1406 1442 1609 1488 sanctze
1634 1433 1727 1487 Dei
1749 1430 2005 1486 Ecclesia:
2025 1430 2135 1503 fer-

552 1501 769 1559 ventius
796 1501 1056 1574 invigilet,
1084 1501 1139 1558 et
1167 1514 1355 1574 contra
1381 1502 1805 1574 delinquentium
1835 1542 1849 1565 ,
1880 1501 2137 1572 przevari-

552 1583 818 1640 calorum,
849 1573 930 1628 eti
956 1581 1267 1644 sanctarum
1308 1573 1485 1644 legum
1526 1573 1843 1628 violatorum
1873 1587 2054 1628 mores
2081 1579 2138 1627 et

557 1652 714 1701 actus
736 1660 830 1714 per
851 1644 1028 1698 zelum
1051 1643 1395 1714 rectitudinis
1419 1652 1635 1714 erectus
1664 1644 1752 1698 sit.

624 1711 991 1769 “(Exstant
1065 1714 1295 1784 ettalize
1348 1713 1555 1769 Nicolai
1613 1711 1860 1784 epistolae
1901 1721 2138 1784 quatuor

556 1784 758 1870 Mevi.
778 1785 991 1870 δςτίριεε
1007 1869 1015 1870 ,
1030 1783 1441 1870 enerves!!!“
1489 1782 1723 1870 εθςειέιζάει
1743 1782 2130 1870 fratrem
2159 1805 2209 1867 B

554 1850 786 1920 Nicolai,
809 1853 865 1909 in
883 1850 1028 1909 temo
1040 1853 1150 1909 VIII
1165 1850 1527 1909 Conciliorum
1537 1853 1788 1909 editionis
1808 1850 2126 1909 Labbeanaz.

548 1922 608 1979 ln
633 1924 805 1994 prima
832 1924 1121 1994 respondet
1145 1925 1386 1993 pontifex
1410 1924 1616 1979 Adonis
1649 1923 1912 1980 consultis
1933 1924 2000 1978 de
2026 1922 2132 1979 Lo-

549 1994 717 2076 t‘harii
735 1994 889 2076 regis
925 1994 1158 2076 divortio
1187 2004 1242 2075 et
1272 1994 1339 2048 de
1354 1994 1552 2076 'Alvico
1571 1994 1772 2075 clerico
1804 2008 1819 2047 :
1850 1994 1903 2076 in
1925 2008 2131 2076 ‘seeun-

548 2065 641 2130 da,
673 2063 957 2119 inferiores
1005 2063 1267 2119 ecclesias
1294 2078 1324 2117 a
1354 2064 1617 2119 Romanis
1641 2063 2129 2119 consuetudinibus

549 2135 805 2190 recedere
829 2149 937 2189 non
978 2134 1175 2189 debere
1201 2151 1213 2187 :
1245 2133 1298 2188 in
1331 2135 1522 2201 tertia,
1560 2134 1822 2190 rationem
1851 2133 2026 2188 reddit
2049 2133 2131 2188 di-

550 2203 678 2276 latae
700 2204 913 2276 synodi,
936 2211 994 2260 et
1011 2204 1252 2276 Adonem
1276 2204 1524 2276 corripit,
1547 2205 1689 2276 quod
1715 2202 1942 2276 Gerardi
1963 2204 2130 2260 comi-

549 2275 619 2330 tis
663 2274 1036 2347 presbyterum
1086 2274 1345 2347 dixisset;
1391 2274 1516 2347 tum
1552 2275 1719 2330 variis
1759 2274 2017 2347 consultis
2045 2289 2131 2329 re-

546 2344 791 2428 spondet
809 2344 835 2397 :’
855 2345 911 2399 in
926 2353 1137 2428 euerte
1148 2345 1499 2428 privilegium
1522 2344 1836 2428 metropolis
1858 2344 2129 2428 Vienneu:

549 2414 627 2487 sis
644 2414 963 2487 confirmat.
1002 2414 1231 2487 Additur
1276 2423 1331 2471 et
1359 2414 1582 2486 epistola
1612 2414 1799 2487 quinta
1822 2485 1835 2487 _
1856 2414 2128 2471 Anastasii

546 2484 956 2557 bibliothecarii
980 2485 1048 2539 ad
1090 2484 1335 2557 Adonem
1366 2484 1642 2557 d‘ermorte
1691 2485 1891 2542 Nicolai
1932 2502 2124 2557 pap:e:

547 2570 712 2626 quam
764 2554 1050 2628 epistolam
1088 2555 1405 2628 aiiisretiam
1429 2556 1726 2628 Galliarum
1758 2554 2024 2628 episcopis
2049 2557 2129 2628 die

552 2625 761 2682 rectam
791 2625 959 2682 fuisse
987 2625 1226 2681 intellexi
1255 2643 1322 2682 ex
1350 2642 1451 2683 ms.
1480 2627 1667 2683 codice
1696 2625 2127 2682 Antisiodbrensi

546 2695 864 2768 monasterii
909 2696 1084 2768 sancti
1111 2695 1360 2762 Mariani,
1391 2698 1459 2768 in
1506 2712 1614 2768 quo
1639 2698 1775 2768 ~luec
1794 2697 2018 2768 epistola
2050 2698 2129 2755 sic

550 2766 872 2837 inscribitur
899 2781 914 2821 :
941 2766 1262 2822 Venerando
1310 2767 1441 2823 mihi
1472 2766 1540 2823 et'
1570 2766 1725 2837 valde
1752 2767 2021 2837 diligendo
2051 2768 2125 2822 ill.

553 2836 965 2907 archiepiscopo
1002 2837 1114 2907 fill.
1156 2837 1449 2907 plurimam
1517 2836 1766 2893 salutem.
1796 2836 1977 2907 Triste
2031 2837 2127 2891 tibi

547 2907 824 2978 nuntium,
856 2906 955 2978 etc.
998 2906 1097 2963 Est
1129 2906 1184 2962 et
1220 2907 1367 2978 aliud
1400 2906 2031 2978 fragmentumepistolze
2053 2907 2130 2960 ei-

546 2978 670 3033 dem
704 2992 733 3031 a
758 2975 980 3032 Nicolao
1021 2992 1158 3047 papa
1198 2977 1441 3041 directa),
1472 2975 1587 3047 qua
1614 2977 1851 3047 pontifex
1885 2977 2126 3031 Adonem

546 3048 815 3117 increpat,
857 3048 1001 3118 quod
1022 3046 1162 3117 ’ej’us
1188 3047 1511 3102 auctoritate
1530 3046 1811 3102 Albericus
1845 3047 2130 3103 subdiaco-

546 3133 653 3199 rtus
681 3116 909 3199 u_x_orem
955 3116 1197 3199 duxisset
1243 3118 1795 3199 contrahprmscripta
1833 3133 2123 3199 canonum.

543 3185 603 3243 ln
632 3165 919 3259 Labbeana
950 3165 1316 3259 Coucilioru'm
1365 3165 1789 3259 editioneutypis
1829 3165 1990 3243 etiam
2013 3165 2128 3242 vul-
2156 3165 2203 3231 (ἶ

545 3266 686 3328 gata:
720 3266 846 3314 sunt
870 3257 1090 3330 Adriani
1117 3274 1270 3330 papae
1294 3258 1338 3312 ll
1369 3258 1610 3330 epistola:
1634 3257 1752 3314 duie
1776 3301 1789 3321 ,
1820 3260 1873 3314 in
1896 3275 2124 3330 quarum

546 3316 725 3398 prima
753 3328 996 3398 pontifex
1021 3330 1090 3384 ab
1118 3316 1310 3384 Adone
1343 3316 1703 3392 submonitus,
1738 3316 1836 3385 cur
1864 3346 1893 3383 a
1913 3316 2126 3385 Nicolai

545 3414 720 3524 papae.
748 3399 985 3482 decretis
1011 3399 1362 3481 recessisses.
1382 3415 1441 3455 se
1489 3410 1715 3481 excusat
1751 3399 1965 3482 laudato
2012 3402 2129 3456 zelo

598 3471 782 3524 donis:
812 3486 868 3524 ιη
892 3469 1084 3524 altera.
1100 3485 1220 3524 uua:
1234 3469 1422 3524 mutila
1444 3477 1546 3524 est.
1563 3469 1775 3524 litteras
1795 3469 2011 3524 Nncolao
2038 3472 2129 3524 de-

598 3470 782 3525 donis:
812 3470 868 3524 in
892 3469 1084 3534 altera,
1100 3485 1220 3539 qua:
1234 3469 1422 3524 mutila
1444 3477 1546 3535 est,
1563 3469 1775 3525 litteras
1795 3469 2011 3526 Nicolao
2038 3472 2131 3526 de-

542 3541 750 3610 cessori
777 3555 875 3597 suo
904 3541 973 3595 ab
991 3541 1181 3596 Adone
1196 3540 1430 3594 directas
1451 3556 1509 3596 se
1537 3541 1804 3610 recepisse
1843 3549 2088 3595 testatur.

544 3662 549 3667 .
622 3609 708 3665 15.
745 3610 904 3681 Anno
923 3610 1036 3680 jam
1062 3611 1205 3681 dicto
1232 3610 1337 3666 866
1369 3610 1618 3666 Nicolaus
1642 3609 1778 3681 papa
1808 3610 2000 3666 litteris
2028 3612 2130 3665 da-

543 3682 616 3739 tis
646 3681 713 3736 ad
744 3680 1092 3736 Hincmarum
1120 3680 1449 3737 Rhemorum
1497 3680 1815 3751 antistitem,
1865 3681 2127 3751 praecipit,

544 3751 863 3822 Remigium
881 3751 1314 3822 Lugdunensem,
1338 3752 1582 3807 Adonem
1610 3750 1987 3817 Viennennéem,
2009 3751 2132 3807 We-

550 3821 789 3878 niloném
837 3821 1496 3893 Rothomagenscin,__uua
1540 3837 1662 3874 tum
1688 3824 1912 3893 _c:eteris
1953 3822 2131 3893 archig

544 3893 816 3963 episcopis
854 3900 909 3945 et
952 3890 1218 3962 episcopis
1263 3890 1558 3963 Galliarum
1586 3901 1641 3945 et
1688 3891 1950 3963 Neustrize
1990 3892 2132 3963 apud

543 3961 899 4031 S'uessionemr
914 3961 1103 4017 urbem
1117 3963 1319 4031 pariter
1331 3961 1641 4026 convenire,
1659 3964 1723 4017 ad
1739 3961 2131 4017 discutiendam

543 4047 764 4088 causam
789 4030 987 4085 Wlfadi
1030 4041 1086 4086 et
1115 4030 1341 4087 aliorum
1372 4032 1753 4087 Rhemensium
1786 4033 2130 4097 clericorum,

543 4118 681 4172 quos
701 4104 769 4172 ab
792 4102 976 4157 Ebone
998 4102 1276 4172 ordinatos
1301 4101 1623 4158 llincmarus
1646 4104 1699 4157 in
1721 4102 1962 4157 ordinem
1978 4104 2134 4158 rede-

543 4171 716 4242 gerat.
732 4171 932 4242 Coacta
959 4186 1044 4228 est
1066 4171 1441 4242 synodusihtee
1461 4189 1532 4227 xv
1549 4172 1664 4226 Kal.
1683 4172 2047 4242 Septembris;
2075 4181 2133 4228 at

542 4241 594 4300 ei
624 4258 732 4299 non
760 4241 1001 4298 interfuit
1024 4241 1169 4307 Ado;
1202 4258 1362 4313 quam
1388 4245 1459 4301 ob
1486 4258 1729 4309 causam,
1757 4241 2041 4299 incertum.

620 4314 706 4369 16.
740 4313 1066 4385 Hincmarus
1108 4314 1221 4383 ipse
1276 4329 1375 4369 suo
1418 4323 1473 4368 et
1525 4313 1748 4380 Adonis,
1797 4313 2132 4385 aliorumque

544 4384 735 4467 Galliae
785 4384 1097 4467 pontiﬁcum
1155 4385 1654 4467 no'ininenscripsit.
1687 4387 1753 4440 ad
1794 4384 2131 4467 .Ludovicum

543 4455 850 4511 Germaniae
880 4471 1059 4526 regem
1091 4470 1189 4526 pro
1210 4455 1448 4510 Bertulfo
1498 4455 1807 4510 Trevircnsi
1863 4458 2131 4525 archiepi-

2234 459 2385 570 l’si‘é‘f’
2401 437 3661 570 item."aaaattrtm'asalttrm
3702 439 3828 513 (³³⁵·

2257 512 2369 592 ibet
2401 512 2606 592 indigni
2630 512 3096 592 adAepiscojiatum
3126 512 3602 592 premovebgntlif-

2305 586 2393 642 18.
2463 574 2623 640 Anno
2704 574 2807 640 869
2858 574 3145 641 defuncto'
3181 584 3369 639 Ebone
3418 574 3823 647 Gratianopolis

2232 656 2508 727 episcopo,
2554 656 2844 727 Lotharius
2875 671 2967 712 rex
2988 670 3025 727 a
3054 654 3224 711 fratre
3251 667 3350 727 suo
3423 646 3695 727 Ludovico
3720 665 3818 727 se-

2234 724 2766 797 eimdo'imperatore
2792 725 3048 790 obtinuit,
3098 734 3159 780 ut
3192 724 3404 797 cuidam
3453 738 3554 780 suo
3587 725 3819 797 elerico,

2233 795 2497 853 Bernario
2515 793 2760 861 homine,
2831 797 3237 867 episcopatum__
3256 793 3822 867 Gratianopolitanum

2234 867 2576 937 concederet.
2600 865 3001 937 rLudoviciibac
3019 865 3095 921 de
3119 879 3185 937 re
3204 865 3414 921 litteras
3450 865 3661 937 accepit
3701 865 3825 926 Ade

2235 933 2408 1008 pridie'
2429 936 2565 1009 ldus
2592 936 2739 1009 Julii,
2771 935 2969 1009 quibus
3014 936 3351 1009 mouebatur,
3402 944 3468 1009 u_t_
3498 933 3663 1004 quam
3701 937 3823 1009 pri-

2233 1006 2382 1063 mum
2408 1008 2656 1063 eumdem
2678 1006 3332 1077 Bernarium'episcopum
3352 1006 3648 1062 ordinaret.
3700 1006 3823 1065 Huc

2237 1078 2373 1159 alias
2396 1077 2562 1132 etiam
2592 1076 2848 1159 lialendis
2880 1076 3107 1159 Augusti
3130 1076 3478 1159 accepit‘tum
3524 1077 3593 1132 ab
3627 1077 3828 1159 Lotira-

2234 1148 2318 1203 rio
2355 1149 2632 1220 rege,_qui
2658 1149 2833 1218 ipsum
2858 1145 3150 1220 certiorem
3178 1145 3309 1203 facit
3335 1146 3402 1220 de
3429 1161 3689 1220 prospero
3735 1148 3829 1220 iti-

2235 1233 2368 1274 nere
2394 1215 2494 1273 sito
2514 1215 2781 1283 Romano,
2812 1218 3198 1289 prmeipitque.
3220 1227 3279 1289 ut
3311 1215 3685 1289 rede’unti‘sibi
3728 1219 3830 1289 ob-

2233 1288 2380 1344 viam
2407 1290 2592 1343 veniat
2616 1289 2683 1343 ad
2729 1287 2995 1345 sanctum'
3030 1287 3349 1342 Hauricium
3385 1304 3398 1340 :
3430 1294 3541 1341 tum
3572 1303 3603 1341 a
3630 1287 3830 1345 Carolo

2237 1374 2365 1441 rege
2397 1374 2451 1412 vr
2479 1358 2748 1441 Kalendas
2773 1358 3141 1441 Septembris,
3163 1358 3272 1441 qui.
3295 1356 3669 1441 Adonem_sibi
3693 1360 3831 1441 eira-

2236 1428 2511 1499 rissimum
2543 1437 2720 1494 vocat,
2741 1428 3075 1499 signiﬁcans,
3109 1444 3168 1485 se
3188 1428 3403 1499 cuidam
3436 1428 3654 1499 clerico,
3705 1431 3826 1485 dia-

2236 1514 2377 1556 cono
2397 1498 2527 1554 olim
2551 1498 2875 1571 venerabilis
2899 1499 3289 1571 archiepiscopi
3322 1498 3581 1571 Remigii,
3605 1508 3662 1554 et
3681 1509 3832 1571 post-

2237 1573 2456 1625 modum
2478 1570 2721 1625 Lotharii
2765 1570 2978 1640 nepotis
3024 1570 3128 1636 sui,
3183 1570 3258 1625 ita
3304 1570 3640 1640 concessisse
3682 1570 3829 1626 Gra-

2241 1640 2685 1711 tianopolitanum
2714 1639 3105 1711 episcopatum,
3138 1648 3198 1695 ut
3230 1647 3435 1711 vestro,
3485 1639 3680 1711 inquit,
3738 1641 3831 1710 ju-

2239 1709 2451 1767 dicio—si
2482 1709 2760 1782 canonice:
2798 1709 3178 1782 probaveritis,
3232 1709 3314 1782 ibi
3336 1725 3367 1763 a
3390 1709 3576 1782 vestra
3622 1709 3831 1767 sancti-

2237 1788 2349 1864 gate
2368 1783 2649 1864 ordinetur
2677 1779 2981 1864 episcopus.
3024 1782 3253 1864 Exsta‘nt
3434 1779 3631 1864 lit_t_er:e
3686 1782 3830 1854 apud

2236 1849 2585 1907 Sirmondum
2625 1851 2678 1906 in
2709 1849 3075 1908 Conciliorum
3102 1851 3289 1908 Gallia:
3314 1859 3460 1907 torno
3488 1850 3571 1906 lli.

2303 1921 2390 1978 19.
2415 1922 2533 1977 Ado
2562 1936 2691 1977 vero
2712 1937 2944 1978 cernens
2994 1921 3307 1991 religionem
3337 1936 3369 1976 a
3398 1936 3496 1977 sua
3530 1923 3833 1980 observan-

2234 1991 2308 2063 tia
2365 1992 2564 2063 partim
2600 1991 2877 2063 defecisse
2924 1993 3291 2063 adversarum
3334 2006 3623 2063 causarum
3666 2008 3831 2051 occa-

2231 2061 2404 2128 siOne,
2437 2062 2636 2118 institit
2661 2062 3012 2127 omnimodis,
3045 2070 3105 2117 ut
3148 2064 3215 2118 ad
3262 2061 3550 2133 pristinam
3604 2065 3833 2120 rectitu-

2233 2132 2378 2204 (linis
2402 2147 2653 2204 normam
2684 2133 2945 2204 paulatim
2975 2133 3145 2204 ipsius
3191 2132 3372 2204 studio
3407 2132 3831 2204 reformaretur,

2230 2203 2309 2276 uti
2334 2203 2562 2276 legimus
2594 2203 2664 2276 ini
2684 2200 2962 2276 Breviario
2996 2200 3364 2276 'Romanensi.
3406 2200 3544 2276 Hinc
3572 2212 3833 2276 constant

2232 2272 2591 2356 institutionis
2618 2273 2736 2345 ejus
2777 2274 3035 2399 perplura
3058 2274 3385 2356 documenta
3418 2291 3431 2327 :
3464 2274 3733 2357 siquidem
3766 2283 3829 2330 et

2232 2343 2300 2399 de
2332 2355 2613 2399 nocturnis
2649 2353 2705 2399 et
2746 2345 2813 2399 de
2897 2359 3069 2399 turnis
3118 2343 3307 2399 oﬂicus
3340 2342 3601 2399 psallendi
3658 2360 3828 2399 retru-

2232 2343 2300 2418 de
2332 2344 2613 2418 nocturnis
2648 2342 2705 2400 et
2746 2342 2813 2418 de
2857 2342 3069 2418 diurnis
3118 2343 3307 2400 ofﬁciis
3339 2342 3601 2415 psallendi
3658 2360 3828 2418 regu-

2231 2412 2340 2486 lam
2353 2485 2357 2486 ν
2372 2415 2597 2486 pulchre
2618 2414 2915 2471 constituit.

2301 2483 2391 2540 20'.
2433 2485 2518 2541 Ex‘
2541 2487 2761 2557 synodis
2787 2486 2904 2554 ejus
2926 2485 3250 2557 auctoritate
3286 2483 3486 2557 habitis
3531 2498 3641 2539 una
3683 2484 3826 2541 mihi

2232 2557 2521 2628 succurrit,
2558 2553 2722 2626 (luam
2746 2553 2992 2628 eruditus
3013 2556 3098 2611 vir
3117 2558 3311 2628 Petrus
3329 2553 3628 2628 Louvetus,
3652 2570 3826 2628 supe-

2232 2627 2346 2698 rius
2389 2626 2660 2698 laudatus,
2689 2642 2758 2682 ex
2816 2626 3105 2684 Viennensi
3156 2626 3443 2698 Chartario
3471 2626 3829 2698 descriptam

2230 2696 2466 2753 Acherio
2494 2705 2680 2767 nostro
2710 2698 3028 2763 transmisit,
3052 2714 3172 2767 qua
3195 2698 3275 2754 sic
3303 2710 3363 2752 se
3399 2694 3561 2767 habet
3588 2713 3601 2749 :

2303 2767 2462 2822 Anno
2487 2767 2592 2822 870
2621 2766 3013 2823 lncarnationis
3036 2764 3247 2823 Domini
3301 2767 3471 2822 nostri
3499 2765 3626 2822 Jesu
3664 2764 3829 2822 Chri-

2233 2838 2303 2909 sti
2334 2846 2661 2909 congregata
2693 2846 2775 2893 est
2817 2838 3054 2909 synodus
3097 2837 3321 2909 Vienna:
3354 2837 3665 2909 metropolis
3709 2836 3824 2893 Ec-

2231 2907 2411 2979 clesiae
2440 2906 2639 2979 domno
2660 2917 2714 2979 et
2738 2906 3032 2979 venerabili
3061 2908 3471 2979 archiepiscopo
3492 2906 3676 2963 Adone
3688 2922 3830 2977 pra:-

2234 2978 2463 3048 sidente,
2494 2985 2551 3033 et
2571 2977 2981 3048 vigilantissima
3006 2992 3137 3034 cura
3180 2977 3373 3034 causas
3404 2977 3826 3034 ecclesiasticas

2234 3060 2289 3121 et
2311 3047 2549 3121 filiorum
2578 3047 2800 3121 suorum
2825 3049 3180 3121 necessitates
3201 3119 3212 3121 _
3230 3049 3591 3121 investigante
3622 3063 3687 3103 ac
3733 3062 3830 3121 ec-

2235 3117 2541 3173 clesiastico
2566 3134 2718 3175 more
2767 3118 3076 3174 deliniente.
3132 3117 3455 3175 Adveniens
3489 3117 3825 3175 reverendus

2232 3188 2318 3243 vir
2344 3189 2541 3261 Manno
2569 3190 2887 3260 praepositus
2911 3190 3145 3261 ctenobii
3190 3191 3364 3245 sancti
3405 3190 3672 3261 Augendi,
3726 3190 3830 3261 ad-

2233 3268 2430 3332 ventus
2448 3260 2530 3313 sui
2558 3258 2777 3332 causam
2830 3258 3184 3328 manifestans
3240 3260 3464 3332 protulit
3499 3258 3575 3314 'in
3615 3260 3824 3332 medio,

2234 3329 2524 3398 quamdam
2548 3330 2834 3386 ecclesiam
2864 3345 2932 3386 ex
2967 3332 3217 3387 coenobio
3241 3329 3523 3400 'przedicto
3567 3338 3622 3386 et
3676 3329 3827 3386 infra

2233 3400 2595 3456 Viennensem
2623 3402 2898 3457 ditecesim
2922 3401 3082 3456 sitam
3132 3401 3187 3455 in
3236 3401 3360 3456 villa
3422 3400 3624 3465 Velnis,
3669 3402 3831 3456 dota-

2235 3479 2344 3555 tam
2368 3471 2422 3555 iri
2453 3471 2677 3555 honore.
2697 3472 2868 3527 sancti
2894 3470 3058 3555 Petri,
3083 3471 3371 3555 privilegiti
3410 3472 3513 3555 sibi
3540 3486 3829 3555 .concessp

2233 3541 2303 3596 ab
2330 3543 2765 3599 antecessoribus
2792 3541 3116 3613 sanctissimi
3133 3541 3245 3609 jam
3277 3541 3372 3596 fati
3402 3542 3827 3613 archiepiscopi,

2234 3628 2440 3668 necnon
2467 3613 2536 3668 ab
2580 3614 2698 3683 ipso
2744 3611 3119 3683 compontifice
3162 3625 3332 3683 usque
3375 3611 3441 3683 ad
3494 3612 3548 3683 id
3595 3611 3832 3681 tempus

2236 3690 2575 3750 conservato,
2599 3680 2973 3751 proclamante
3007 3682 3112 3737 vici
3134 3681 3307 3737 sancti
3359 3680 3550 3735 Albani
3604 3680 3828 3738 rectOre

2237 3752 2531 3809 desolatam
2576 3767 2715 3808 esse.
2765 3752 2996 3807 Protulit
3051 3753 3215 3806 etiam
3271 3751 3440 3807 isdem
3477 3752 3830 3808 'venerabilis

2231 3823 2551 3893 przepositus
2580 3824 2684 3877 scri
2729 3831 2901 3876 turam
2931 3822 2987 3876 in
3030 3823 3300 3876 uisitionis
3329 3821 3659 3891 temporibus
3712 3822 3830 3891 pia:

2234 3891 2627 3944 recordationis
2666 3840 2848 3944 (Επιιηὶ
2902 3839 3164 3944 Atriimari
3210 3892 3432 3944 factam.
3484 3907 3550 3944 eo
3579 3894 3721 3944 aliud
3768 3903 3830 3944 el

2234 3891 2627 3947 recordationis
2666 3891 2848 3947 domni
2902 3891 3164 3963 Agilmari
3210 3892 3432 3957 factam,
3484 3907 3550 3947 eo
3579 3894 3721 3962 quod
3768 3903 3836 3949 et

2233 3971 2364 4017 tunc
2392 3963 2651 4033 temporis
2674 3962 3275 4033 altercatio’haberetur
3302 3964 3445 4017 inter
3471 3963 3705 4033 ipsarum
3736 3978 3834 4033 ως

2236 4041 2413 4105 ctores
2443 4030 2814 4105 ecclesiarum.
2843 4030 2949 4105 Sed
2973 4034 3099 4104 quia
3129 4048 3193 4088 ea
3222 4044 3407 4088 sancta
3448 4030 3683 4105 synodus
3741 4032 3829 4088 ir-

2223 4104 2338 4159 rita
2359 4103 2642 4171 judicavit,
2674 4118 2740 4158 eo
2768 4104 2911 4173 quod
2947 4103 3356 4160 canonicorum.
3387 4142 3402 4157 .
3429 4142 3445 4158 .
3473 4103 3487 4157 ζ
3521 4143 3535 4157 .
3593 4103 3830 4158 robora-

2237 4182 2344 4229 tam
2367 4188 2473 4228 non
2500 4173 2651 4240 vidit,
2690 4173 2894 4244 placuit
2926 4183 3116 4229 sancto
3157 4175 3395 4245 pontifici
3434 4190 3464 4228 a
3490 4174 3668 4245 capite
3725 4187 3835 4245 per

2235 4245 2606 4302 sanctissimos
2637 4244 2978 4315 presbyteros
3013 4244 3226 4300 omnem
3272 4260 3492 4315 causam
3543 4244 3829 4315 reiterari,

2234 4324 2503 4402 quatenus
2524 4313 2752 4402 veritate
2771 4313 3380 4402 cpniper'la,naltereatio
3397 4315 3508 4402 ,ἀίει
3558 4314 3830 4402 reptilata

2241 4384 2557 4459 firmaretur
2592 4385 2698 4459 ῑιη
2723 4384 3046 4459 finiretur].
3070 4385 3172 4459 His
3189 4386 3349 4455 igitur
3396 4384 3721 4459 testantibus
3767 4395 3832 4440 et

2236 4458 2543 4513 dicentibus
2564 4455 2810 4512 ordinem
2838 4455 3103 4522 veritatis,
3125 4457 3298 4511 visum
3326 4463 3410 4510 est
3453 4455 3653 4509 domno
3684 4469 3829 4524 pon-

542 4542 706 4597 scopo
740 4524 1333 4599 adversdsjV’gltoniean
1360 4526 1816 4599 ecenob‘iihsancti
1845 4524 2123 4582 Maximini
2152 4538 2207 4599 ι)
2230 4527 2361 4583 tifici
2390 4542 2496 4582 una
2525 4542 2648 4583 cum
2671 4542 2937 4583 consensu
2966 4528 3323 4583 sanctissimze
3372 4524 3586 4598 synodi,
3629 4532 3833 4594 quate-

540 4595 890 4667 rnonachum,
921 4595 1065 4667 sedis
1095 4595 1431 4652 Trevitensis
1461 4596 1571 4667 (uti
1594 4595 1743 4667 dicit)
1797 4598 2127 4653 invasorem.

540 4666 691 4722 Idem
719 4666 1242 4740 porroliincmarus
1279 4665 1479 4721 Adoni‘
1516 4665 1807 4740 Viennensi
1859 4668 2129 4740 archiepig

542 4752 707 4807 sc0po
740 4737 931 4792 scribit
957 4737 1099 4791 inter
1121 4746 1315 4791 caetera
1338 4752 1436 4807 pro
1465 4737 1691 4807 epistola
1718 4737 1859 4794 beati
1888 4740 2029 4793 Aviti
2050 4737 2126 4794 ad

542 4816 790 4862 sanctum
819 4807 1123 4877 Remigium
1150 4808 1376 4878 scripta,
1402 4824 1564 4877 quam
1582 4809 1798 4878 quidam
1850 4808 2128 4866 Rotfridus

542 4879 840 4932 monachus
866 4878 915 4932 ei
945 4878 1155 4931 dixerat
1180 4892 1239 4932 se
1294 4881 1432 4946 apud
1482 4879 1727 4934 emndem
1771 4879 2012 4935 Adonem
2058 4879 2129 4934 1e-

545 4948 708 5021 gisse.
734 4946 841 5021 Sed
868 4957 924 5000 et
953 4948 995 5021 si
1028 4961 1133 5021 qua
1164 4956 1427 5017 prteterea
1454 4948 1518 5002 de
1544 4958 1732 5003 sancto
1769 4948 2018 5021 Remigio
2043 4965 2130 5004 re-

542 5019 723 5091 perire
751 5015 975 5091 valeret;
1007 5017 1056 5071 ei
1084 5015 1246 5091 super
1271 5034 1462 5091 aurum
1493 5021 1836 5091 e_tLlOpazioiI
1889 5015 2127 5091 pretiosa

542 5086 801 5143 initteret.
831 5086 1176 5142 Frodoardus
1209 5098 1400 5144 auctor
1432 5089 1484 5142 in
1515 5086 1766 5145 Historia:
1804 5086 2130 5146 Rh'emcnsis

541 5157 640 5214 lib.
674 5174 755 5222 Ill,
794 5172 918 5228 cap.
944 5157 1039 5222 2|,
1090 5158 1183 5228 qui
1237 5169 1292 5214 et
1344 5158 1468 5213 alibi
1512 5168 1762 5228 testatur,
1822 5160 2128 5217 Rotfridum

539 5230 687 5355 illinc
713 5227 946 5284 emnobii
976 5227 1279 5299 Remigiani
1319 5230 1459 5299 apud
1513 5228 1753 5287 Rhemos
1807 5233 2130 5288 monachum

566 5316 728 5355 uisse.

566 5316 728 5357 UISSC.

617 5372 701 5427 17.
732 5369 887 5442 Addo
917 5384 985 5442 es
1015 5368 1282 5442 Chrenico
1312 5368 1551 5442 Hugonis
1594 5373 1805 5429 abbatis
1859 5373 2129 5428 Flavinia-

542 5443 740 5522 eensis,
773 5440 1080 5522 Remigium
1126 5439 1539 5522 Lugduue'iisem
1585 5444 1898 5522 poniilicem
1952 5443 2128 5522 Adoni

542 5508 837 5582 Viennensi
863 5508 1139 5582 episcopo,
1162 5508 1324 5581 quem
1369 5508 1632 5582 Romana:
1681 5515 1937 5570 Ecclesize
1985 5514 2132 5570 vica-

540 5579 709 5645 rium,
736 5583 788 5656 id
819 5579 912 5656 esi
940 5579 1196 5656 legatu_m,
1229 5580 1483 5656 appellat,
1507 5592 1564 5656 et
1588 5583 1809 5656 Nicolao
1841 5600 1993 5656 papae
2042 5585 2132 5640 lit-

542 5658 689 5726 teras
712 5653 922 5726 misisee
956 5652 1056 5723 pro
1101 5652 1405 5726 Trevirensi
1437 5663 1493 5708 et
1521 5652 2131 5726 coloniensi'episcopis

541 5721 825 5797 depositis,
862 5721 1176 5797 Teutgaudo
1222 5724 1430 5797 scilicet
1451 5733 1507 5779 et
1549 5724 1849 5791 Guntario;
1894 5721 2131 5797 denique

541 5790 718 5869 ipsum
752 5790 1055 5869 Remigium
1084 5794 1244 5849 simul
1270 5803 1324 5861 et
1348 5796 1591 5863 Adonem
1614 5790 1897 5867 scripsisse
1936 5790 2129 5854 Joanni

2234 4614 2335 4654 nus
2358 4599 2499 4653 sicut
2533 4599 2587 4652 in
2618 4599 2809 4653 diebus
2832 4605 3239 4651 antecessorum
3267 4612 3488 4652 suorum
3506 4603 3828 4651 sanctorum

2304 4670 2549 4722 ntificum
2576 4669 2836 4723 honorata
2864 4665 2967 4737 fuit
2990 4676 3179 4721 sancta
3207 4666 3553 4737 congregatio
3590 4665 3830 4737 omnobii

2304 4684 2549 4722 nuucum
2576 4684 2836 4723 honorata
2864 4684 2967 4719 ιυη
2990 4684 3179 4721 saneta
3207 4684 3553 4737 congregatio
3590 4684 3830 4721 omnem:

2231 4684 2532 4818 matisﬂmi
2570 4737 2849 4818 Augendi,
2877 4735 3157 4818 sic_et_in
3205 4737 3308 4791 hac
3350 4736 3613 4818 petitione
3661 4744 3721 4818 et
3771 4736 3831 4818 in

2234 4809 2449 4865 cmteris
2476 4804 2889 4863 necessitatibus
2911 4807 3024 4861 suis
3073 4804 3422 4862 honorem'et
3447 4821 3607 4876 opem
3659 4804 3836 4861 ferret

2233 4881 2302 4935 ad
2338 4880 2479 4933 vires
2508 4894 2634 4934 suas
2662 4885 2849 4933 sancta
2874 4878 3187 4947 metropolis
3211 4875 3531 4932 Viennensis
3559 4875 3831 4941 Ecclesia,

2232 4960 2290 5005 et
2321 4958 2381 5005 ut
2405 4950 2577 5018 sopita
2602 4948 2820 5019 querela
2848 4948 3057 5004 firmius
3083 4948 3423 5019 privilegium
3454 4962 3611 5019 suum
3662 4961 3834 5019 seper

2232 5020 2377 5075 facto
2416 5016 2737 5091 Viennensis
2765 5017 2936 5091 [11’s.
2972 5016 3257 5091 Augendi]
3282 5016 3639 5091 'Ecclesia_in
3681 5016 3834 5091 futu-

2234 5107 2355 5145 rum
2380 5090 2673 5160 possideat,
2703 5087 2901 5144 litieris
2921 5087 3088 5144 etiam
3119 5087 3424 5160 robdretur.
3454 5087 3513 5142 In
3549 5087 3694 5141 hunc
3723 5088 3830 5140 ita-

2233 5175 2339 5232 que
2364 5158 2580 5217 modum
2606 5175 2706 5229 ego
2726 5161 2842 5215 Ado
2862 5160 3189 5232 Viennensis
3211 5158 3650 5228 archiepiscopus
3694 5173 3832 5211 con-

2235 5230 2480 5288 sentiens
2508 5238 2563 5285 et
2583 5232 2673 5299 pio
2704 5230 2933 5285 consilio
2983 5230 3213 5284 filiorum
3264 5243 3508 5284 meorum
3528 5242 3831 5299 “annuens.

2236 5319 2400 5358 manu
2430 5296 2647 5371 propria
2679 5301 2864 5356 subter
2906 5299 3137 5365 ﬁrmavi,
3176 5300 3487 5369 sanctisque
3515 5296 3639 5352 filiis
3662 5298 3827 5371 meis,

2237 5368 2547 5429 secundum
2597 5385 2803 5425 morem
2858 5371 3282 5426 ecclesiasticum
3342 5368 3560 5423 ﬁrmare
3619 5368 3828 5438 rogavi.

2236 5445 2431 5498 Actum
2461 5441 2681 5512 Viennae
2715 5441 2949 5512 publice,
2981 5439 3427 5512 menseAprilis,
3485 5438 3831 5512 episcopatus

2240 5513 2424 5570 domui
2454 5510 2660 5566 Adonis
2686 5510 2829 5566 anno
2855 5512 3084 5574 decimo,
3109 5510 3402 5566 indictione
3431 5511 3612 5565 tertia.

2308 5583 2400 5639 21.
2428 5581 2567 5636 Sunt
2594 5591 2649 5636 et
2691 5580 2795 5635 alia
2835 5582 3081 5651 quaedam
3127 5582 3484 5636 instrumenta
3536 5580 3587 5632 in
3620 5580 3832 5651 eodem

2237 5650 3138 5733 chartario"pontificaiiiAAdonis
3173 5651 3318 5733 facta
3342 5665 3565 5733 :‘unum,
3614 5650 3667 5703 in
3721 5666 3834 5733 que

2240 5725 2481 5781 refertur
2517 5713 2747 5791 litigatio
2779 5713 3030 5775 Witfredi
3073 5722 3320 5778 advocati
3358 5720 3606 5791 ecclesiae
3644 5713 3836 5791 salicti

2240 5789 2622 5871 Mauricii,qui
2653 5794 2876 5850 veniens
2906 5792 3119 5864 publice
3144 5794 3199 5848 in
3246 5795 3505 5849 Viennam
3553 5789 3837 5846 civitatem
