4024 6362
526 308 594 365 19

1507 310 1567 365 S.
1605 304 1856 364 ADONIS
1890 304 2317 363 ARCHIEPISC.
2358 304 2766 366 VIENNENSIS

3711 304 3783 374 ab

527 445 690 501 tinnis
722 446 1075 516 reliquiarum
1111 434 1285 516 sancti
1304 443 1565 516 Cypriani
1592 452 1707 516 tum
1734 459 1802 516 ex
1832 442 2092 516 Africain
2123 446 2171 506 Α
2199 442 2340 497 diem
2380 444 2565 516 eral.
2602 438 2764 510 Junii,
2792 444 2882 503 ubi
2908 448 3172 504 rationem
3224 448 3399 505 reddit
3433 465 3531 505 cur
3574 451 3691 508 Ado
3728 455 3784 512 in

525 516 752 571 Galliam
770 513 1029 588 regnante
1049 513 1243 571 Carolo
1271 513 1481 588 Magno,
1508 522 1620 569 tum
1649 514 1872 588 Arelate
1884 513 2097 588 Lugdn-

528 602 655 657 num
684 599 779 657 per
805 582 1124 657 Heidradum
1155 582 1463 657 pontiﬁcem
1482 600 1673 657 ;unam_
1686 585 1828 655 quod
1860 585 1913 639 in
1936 582 2098 657 editis

526 648 742 726 additur
769 658 835 712 de
861 648 1209 712 translatione
1229 648 1617 726 Compendium
1646 648 1785 710 facta
1815 669 1914 726 per
1932 655 2098 726 Caro-

525 725 636 781 lum
662 725 909 793 Calvum,
944 727 1205 782 insertum
1228 725 1440 780 videtur
1464 730 1587 796 post
1613 737 1841 780 mortem
1872 725 2095 791 Adonis,

526 812 626 852 nec
651 805 926 868 comparet
974 797 1029 852 in
1061 795 1580 868 nostro_exemplari
1612 804 1738 868 ante
1780 810 1951 868 annos
1978 811 2099 868 sex-

526 876 712 923 centos
743 865 905 922 manu
941 867 1227 936 descripto.
1252 865 1461 921 Postea'
1485 880 1672 937 agens
1693 865 1988 937 Auctor_de
2017 866 2099 921 iri-

526 938 712 993 stituto
752 938 892 993 festo
936 934 1246 992 sanctorum
1290 934 1543 992 omnium'
1577 935 1834 991 Kalendis
1868 934 2101 991 Novem-

528 1007 641 1063 bris
668 1027 684 1063 :
712 1007 818 1063 Sed
852 1009 905 1063 in
932 1006 1118 1073 Gallis,
1154 1005 1345 1076 inquit,
1403 1015 1654 1061 monente
1683 1015 1884 1076 sancta:
1917 1021 2099 1061 recor-

525 1076 756 1147 dationis
819 1076 1079 1147 Gregorio
1128 1075 1384 1147 pontiﬁce
1454 1076 1731 1147 piissimus
1796 1075 2100 1132 Ludovicus

526 1146 825 1218 imperator
860 1146 1110 1202 omnibus
1134 1146 1283 1218 regni
1343 1155 1397 1201 et
1438 1146 1647 1218 imperii
1679 1147 1781 1218 sui
1832 1148 2098 1218 episcopis

528 1216 984 1277 consentientibus
1040 1216 1270 1283 statuit,
1350 1226 1409 1272 ut
1465 1216 1779 1271 solemniter
1832 1216 2100 1273 festivitas

525 1287 763 1346 omnium
794 1299 1101 1358 sanctorum
1140 1288 1193 1341 in
1215 1289 1467 1357 praidicta
1498 1287 1587 1342 die
1608 1287 1883 1343 annuatim
1907 1303 2098 1358 perpe~

525 1370 617 1415 tuo
654 1367 926 1428 ageretur.
962 1354 1042 1411 Ad
1071 1357 1182 1428 bare
1203 1354 1256 1412 in
1285 1373 1385 1413 ms.
1418 1358 1605 1413 codice
1624 1367 1810 1428 nostro
1832 1354 2099 1415 dedicatio

523 1429 766 1504 ecclesiae
789 1428 1102 1504 monasterii
1122 1427 1382 1504 Cellensis
1403 1443 1544 1504 anno
1562 1428 1666 1483 850
1684 1427 1824 1504 facte
1849 1438 2103 1504 accurate

525 1498 851 1555 describitur
895 1513 1005 1552 xvu
1059 1496 1179 1552 Kal.
1222 1498 1541 1555 Novembris
1595 1513 1715 1553 eum
1749 1499 1817 1554 ad
1855 1501 2096 1567 modum,

563 1586 631 1624 uo
653 1567 900 1637 superius
922 1568 1088 1623 relata
1115 1576 1198 1623 Bst
1226 1570 1291 1624 ad
1319 1583 1517 1624 annum
1548 1568 1671 1635 875,
1706 1567 1796 1623 ubi
1836 1570 1901 1625 de
1923 1571 2096 1627 sancti

563 1586 631 1624 uo
653 1586 900 1637 Sllpt'l'ltls
922 1586 1088 1623 relata
1115 1586 1198 1623 εει
1226 1586 1291 1624 an
1319 1586 1517 1624 annum
1548 1586 1671 1635 διο,
1706 1586 1796 1623 um
1836 1586 1901 1625 ue
1923 1586 2096 1627 sancu

524 1586 861 1711 .lirodobe‘rti
896 1638 1107 1711 abbatis
1159 1639 1513 1711 translatione
1543 1640 1769 1709 egimus.
1808 1638 1935 1697 Htec
1990 1656 2097 1711 quo

527 1711 705 1765 minus
745 1707 815 1763 ab
853 1708 1236 1779 interpolatore
1264 1710 1445 1766 addita
1475 1707 1679 1779 putem,
1734 1726 1797 1765 ea
1825 1726 1911 1766 me
1933 1707 2095 1767 causa

524 1787 726 1851 movet,
761 1780 903 1849 quod
949 1778 1186 1850 singulas
1235 1781 1390 1851 (quas
1417 1778 1632 1851 vocant)
1659 1781 2093 1839 circumstantias

523 1867 627 1906 non
653 1850 724 1903 ita
750 1858 1001 1923 accurate
1033 1857 1214 1923 nosset
1241 1850 1400 1906 homo
1430 1850 1746 1922 posterioris
1791 1853 2048 1923 temporis
2078 1873 2091 1908 :

524 1936 645 1994 cum
676 1935 782 1994 eos_
816 1919 1095 1994 ignorasse
1122 1919 1374 1994 videatur
1422 1919 1617 1994 auctor
1654 1919 1972 1994 anonymus,
2012 1925 2105 1994 qui

525 1992 719 2047 librum
750 1990 816 2045 de
841 1989 960 2047 Vita
987 1990 1157 2045 sancti
1183 1989 1504 2047 Frodoberti
1536 1991 1745 2047 abbatis
1767 1989 2105 2049 Cellensis'in

523 2059 719 2136 saeculo
782 2076 821 2116 tt
881 2061 1082 2136 editum
1155 2062 1477 2136 composuit.
1556 2056 1635 2116 Ex
1696 2062 1780 2117 his
1858 2064 2107 2136 colligere

521 2133 648 2259 gest
692 2130 1113 2209 martvrologum
1162 2130 1323 2187 istum
1363 2132 1564 2208 vixjsse
1610 2142 1869 2203 regnante
1916 2130 2107 2191 Ca'rolo

566 2216 705 2256 avo.

566 2216 705 2256 alVO.

594 2272 683 2328 28.
726 2269 928 2343 Cocum
957 2271 1023 2343 in
1053 2286 1160 2342 quo
1191 2271 1445 2343 frequens
1476 2272 1784 2329 demoratus
1815 2282 1919 2339 est,
1974 2275 2108 2331 satis

532 2343 729 2416 innuit,
753 2341 1376 2416 Burgundiamscilicet,
1402 2345 1555 2414 cujus
1581 2356 1801 2401 sanctos
1827 2345 2107 2416 indigenas

528 2413 836 2484 diligentius
865 2428 1028 2494 qnam
1078 2412 1212 2494 alios
1264 2412 1607 2494 commendat
1654 2432 1667 2468 :
1712 2412 2109 2494 maximeivero

526 2482 669 2556 totus
686 2496 822 2556 resse
843 2482 1132 2556 videturjn
1159 2484 1485 2540 annomndis
1512 2486 1673 2541 rebus
1694 2501 1811 2556 quae
1836 2487 2111 2556 pertinent

523 2553 589 2608 ad
620 2552 808 2609 urbem
839 2552 1244 2609 Autisiodorum
1275 2563 1329 2609 et
1351 2552 1739 2611 monasterium
1771 2552 1941 2611 sancti
1975 2555 2110 2612 Ger-

527 2623 709 2690 mani;
757 2639 839 2697 (ειςΔ
869 2638 979 2697 quo
1028 2623 1316 2697 aliquando
1377 2625 1730 2697 conjiciebam
1777 2643 1902 2681 eum
1967 2628 2109 2683 illius

525 2693 841 2749 monasterii
873 2693 1149 2748 alumnum
1201 2693 1385 2751 fuisse.
1417 2693 1551 2750 Nam
1601 2696 1654 2750 in
1704 2698 1890 2752 codice
1919 2708 2107 2754 nostro

521 2762 747 2838 singula:
769 2761 883 2832 ejus
912 2763 1174 2830 ecclesiae,
1200 2764 1475 2838 altarium,
1493 2775 1547 2821 et
1567 2776 1878 2838 cryptarum
1900 2769 2109 2824 dedica-

529 2834 704 2907 tiones
732 2842 1107 2907 memorantur
1139 2853 1153 2888 :
1211 2836 1381 2907 sancti
1420 2834 1681 2907 Germani
1705 2837 1823 2907 ejus
1868 2839 2106 2894 civitatis

530 2904 999 2978 eplscopiubique
1023 2906 1148 2978 data
1174 2906 1460 2960 occasione
1512 2906 1571 2959 lit
1590 2977 1598 2978 ί
1617 2904 1852 2971 mentio,
1875 2975 1890 2978 Α
1913 2922 2107 2978 nempe

564 2972 854 3046 nartoldus
876 2972 1025 3046 Julii,
1051 2975 1333 3046 ubinagens
1356 2984 1545 3031 auctor
1570 2977 1635 3031 de
1661 2985 1851 3032 sancto
1868 2972 2103 3033 Savino:

574 3043 774 3117 ic_fui_t,
804 3043 1085 3117 inquit,ex
1106 3042 1390 3117 discipulis
1418 3047 1596 3117 magni
1618 3046 1794 3101 Patris
1812 3046 2101 3104 Germani:

524 3122 579 3188 et
602 3113 767 3170 Nonis
791 3112 1038 3188 Augusﬁ,
1068 3115 1157 3169 tibi
1188 3112 1264 3170 de'
1285 3123 1476 3188 sancto
1511 3112 1800 3182 Cassiano,
1832 3118 1898 3173 ad
1925 3117 2102 3188 cujus,

2198 529 2297 587 suo
2324 515 2523 587 nullam
2556 517 2684 570 facit
2722 519 3049 575 mentionem
3077 521 3249 575 sancti
3295 521 3578 587 Desiderii,
3610 524 3790 578 archi-

2197 582 2433 662 episcopi
2467 586 2590 641 licet
2620 587 3333 662 ViennensisAetmarlyris,
3358 590 3510 662 cujus
3546 582 3694 648 nulla
3727 604 3791 651 re

2196 658 2327 737 vera
2355 666 2544 737 .exstal
2565 658 3012 737 commemoratio
3040 661 3094 737 in
3123 658 3561 737 vulgatoAdonis
3584 662 3788 737 Marty-

2198 724 2404 795 rologio
2431 744 2449 798 ε
2465 727 2610 798 quod
2636 729 2835 798 passim
2863 729 2964 785 sub
2984 730 3188 787 Adonis
3214 724 3431 787 nomine
3476 731 3659 789 laudat
3687 724 3788 793 Pe-

2198 803 2318 851 trus
2339 798 2404 851 de
2432 796 2727 853 Natalib‘us.

2269 866 2357 943 _50.
2409 866 2545 943 Hinc
2603 868 2978 942 intelligimus,
3031 870 3470 943 Martyrologium
3526 874 3667 929 istud
3718 870 3790 930 ab

2197 933 2384 990 Adone
2435 939 2695 1008 scriptum
2748 933 2868 1016 esse
2925 933 3050 1016 ante
3105 933 3512 1016 episcopatum,
3571 955 3625 999 et
3684 945 3786 1016 ipsi

2198 1020 2333 1082 opus
2371 1023 2526 1082 suu_r_n
2558 1019 2745 1078 postea
2790 1012 3048 1082 relegenti
3095 1012 3361 1082 excidisse
3388 1024 3603 1069 sanctos
3633 1012 3784 1070 Desi-

2201 1076 2411 1153 derium
2456 1076 2817 1153 Viennensem
2859 1076 3194 1153 episcopum,
3228 1092 3283 1137 et
3325 1080 3689 1140 Theuderium
3732 1088 3787 1140 in

2199 1147 2549 1226 eadcm‘urbe
2588 1151 2861 1226 abbatem.
2892 1147 3086 1208 Senex
3119 1163 3260 1226 erat,
3305 1170 3428 1209 cum
3461 1155 3595 1226 huic
3635 1157 3788 1224 aperi

2199 1217 2425 1296 subjecit
2453 1221 2840 1296 precationem,
2872 1239 2992 1294 quae
3042 1224 3184 1294 apud
3216 1222 3565 1280 Rosvveidum
3599 1217 3788 1296 incipit

2198 1285 2267 1340 ab
2288 1285 2373 1343 his
2400 1285 2650 1346 versibus
2683 1310 2695 1345 :

2319 1422 2531 1494 Cbriste,
2559 1440 2734 1489 precor
2756 1430 2944 1494 veniam
2968 1430 3112 1494 segni
3140 1428 3230 1479 des
3252 1431 3383 1478 mitis
3399 1429 3622 1494 alumno,

2383 1488 2572 1537 'l‘ardus
2595 1502 2721 1550 sum,
2749 1490 2888 1540 tarde
2906 1490 2992 1537 sed
3019 1488 3103 1539 tibi
3136 1503 3277 1540 nemo
3302 1492 3451 1540 venit.

2322 1545 2522 1613 Longus
2544 1545 2813 1613 praeteritis
2833 1554 2991 1601 tenuit
3015 1565 3101 1600 nos
3126 1565 3265 1601 error
3291 1555 3337 1599 in
3359 1554 3497 1601 annis
3521 1567 3535 1613 ;

2385 1611 2595 1675 Suiliciat
2619 1612 2806 1661 meritis
2826 1613 2932 1662 haec
2954 1626 3076 1674 rogo
3101 1627 3239 1675 poena
3264 1616 3407 1663 meis.

2321 1670 2430 1738 Vlt_a
2454 1674 2617 1722 brevis
2641 1682 2886 1735 superest,
2912 1677 2960 1723 in
2984 1670 3186 1724 nfortexti
3212 1686 3264 1725 et
3286 1679 3487 1738 pronior
3511 1681 3651 1738 tetas,

2382 1732 2489 1783 Jam
2512 1732 2721 1797 peccare
2742 1732 2896 1786 senex
2920 1749 3014 1785 non
3037 1750 3188 1798 queo,
3215 1732 3325 1787 nolo
3351 1747 3484 1787 tuus.
3616 1742 3619 1743 '

2278 1849 2378 1916 Qui
2429 1859 2604 1907 tamen
2647 1868 2833 1907 versus
2884 1851 3096 1908 dubites
3139 1869 3204 1907 an
3248 1854 3358 1908 sint
3397 1853 3617 1920 Adonis,
3662 1870 3785 1910 cum

2208 1917 2369 1973 Floro
2418 1921 2724 1978 tribuantur
2776 1923 2827 1976 in
2873 1931 3018 1977 tomo
3063 1923 3357 1977 [veterum
3398 1917 3779 1979 Analectorum

2209 2004 2329 2061 pag.
2367 1991 2489 2045 407.
2522 1992 2590 2044 At
2618 2008 2740 2047 cum
2765 1992 2815 2047 in
2848 2009 2947 2047 ms.
2997 1995 3180 2048 codice
3224 1993 3512 2047 Pelaviano
3558 2010 3785 2049 vacuum

2210 2060 2447 2115 sit’tituli
2476 2063 2729 2130 spatium,
2774 2062 2947 2118 Adoni
3001 2064 3088 2118 his
3138 2080 3325 2119 versus
3358 2065 3638 2117 detrahere
3676 2080 3782 2118 non

2208 2130 2353 2185 licet.
2383 2133 2657 2204 llrccsunt
2709 2148 2829 2204 qum
2857 2135 2920 2187 de
2954 2134 3212 2203 pmedicto
3247 2133 3625 2204 Martyrologio
3650 2134 3785 2188 mihi

2208 2211 2487 2275 venerunt
2521 2202 2572 2256 in
2607 2202 2840 2275 mentem
2870 2222 2881 2256 :
2908 2202 2980 2275 in
3011 2222 3119 2275 quo
3165 2202 3493 2275 restituenda
3528 2202 3610 2257 est
3638 2220 3785 2257 eont-

2208 2274 2529 2327 memoratio
2551 2274 2722 2327 sancti
2751 2273 2918 2328 Mauri
2945 2273 3173 2340 abbatis,
3198 2285 3398 2330 sancta:
3419 2274 3783 2339 Scholasticm,

2209 2351 2263 2396 et
2284 2343 2513 2413 aliorum
2562 2342 2672 2399 fere
2702 2345 2940 2398 onmium
2973 2355 3304 2409 sanctorum,
3330 2360 3464 2413 quos
3498 2343 3786 2398 Mozandet‘

2209 2421 2264 2467 et
2283 2411 2600 2469 Rosweidus
2622 2414 3059 2469 eliminaverunt.
3083 2411 3435 2471 Caeteruntan
3454 2425 3607 2468 vetus
3630 2413 3782 2479 illud,

2209 2498 2467 2557 quo'usus
2496 2491 2578 2538 est
2604 2482 2739 2557 Ado,
2774 2483 3234 2557 Martyrologium,
3268 2484 3428 2539 fuerit
3456 2484 3781 2553 Romanum,

2210 2554 2264 2608 in
2279 2553 2514 2626 hujusce
2537 2555 2666 2626 tomi
2691 2553 3002 2625 praefatione
3024 2553 3270 2626 expendi.

2279 2622 2365 2677 3i.
2399 2624 2515 2697 Ado
2537 2622 2723 2697 etiam:
2749 2622 3139 2697 retroactorum
3182 2636 3481 2697 temporum
3514 2638 3781 2697 summam

2209 2695 2277 2766 ab
2301 2695 2521 2766 exordio
2545 2696 2728 2766 mundi
2771 2712 2942 2766 usque
2971 2695 3037 2750 ad
3082 2695 3421 2766 imperatoris
3448 2696 3687 2752 Lotharii
3719 2710 3784 2750 ac

2209 2764 2462 2839 Ludovici
2485 2762 2735 2839 et_Caroli
2761 2762 2990 2839 filiorum
3010 2762 3562 2839 regni'principatum,
3583 2776 3783 2839 quanta

2211 2838 2381 2908 pctuit
2405 2836 2687 2908 brevitate,
2723 2837 2951 2901 notavit,
2981 2845 3039 2889 ut
3086 2836 3197 2907 ipse
3239 2838 3494 2908 przrlfatur
3529 2836 3781 2908 iniChro-

2211 2906 2332 2959 nico
2359 2921 2479 2971 suo,
2535 2907 2689 2977 cujus
2716 2916 2956 2960 extrema
2992 2906 3119 2976 pars
3168 2909 3219 2962 in
3243 2906 3408 2962 editis
3437 2916 3521 2962 est
3562 2906 3784 2960 alterius

2210 2977 2465 3047 auctoris,
2527 2976 2611 3031 ab
2649 2992 2714 3031 eo
2742 2978 2883 3040 loco,
2931 2978 2975 3031 si
3009 2992 3113 3031 non
3159 2995 3245 3034 me
3282 2977 3417 3032 fallit
3448 2976 3779 3047 conjectura,

2210 3046 2307 3118 nbis
2323 3048 2433 3118 agit
2462 3047 2526 3101 de
2558 3047 3035 3118 Adivisimteregni,
3081 3064 3243 3118 quant
3290 3049 3432 3103 inter
3474 3046 3614 3103 {ilics
3656 3062 3786 3101 suos

2212 3115 2339 3170 fecit
2365 3115 2670 3171 Ludovicus
2698 3133 2790 3171 rex
2823 3115 3140 3172 Noricorum
3173 3138 3185 3173 :
3222 3120 3435 3173 tametsi
3467 3118 3783 3173 Thuaneum

518 3166 1618 3259 tumulati;iciumcsanotvusGei-manus
1637 3166 2105 3258 episcopus'adve:
2130 3166 2176 3228 (ἶ
2207 3188 2505 3259 exemplar,
2535 3188 2676 3256 quod
2718 3204 2889 3259 annos
2932 3189 3254 3259 quingentos
3306 3199 3548 3259 superat,
3591 3189 3783 3259 eodem

519 3255 712 3326 nisset,
745 3255 993 3310 mirabile
1046 3255 1223 3311 dictu!
1258 3266 1381 3326 post
1404 3255 1702 3312 orationem
1744 3255 1894 3313 more
1943 3260 2103 3316 solito

521 3324 718 3389 fusam,
746 3340 945 3396 vocans
980 3341 1103 3381 eum
1132 3341 1208 3396 ex,
1247 3324 1497 3396 sepulcro
1542 3327 1689 3383 aitei
1744 3346 1757 3382 :
1822 3329 1961 3396 Quid
2017 3331 2104 3386 hic

522 3398 659 3467 agis,
691 3394 1176 3467 fraterCassiane?
1195 3394 1439 3467 Denique
1465 3408 1664 3467 praeter
1686 3398 1788 3452 alia
1810 3394 1950 3453 festa
1981 3417 2105 3456 san—

516 3465 897 3551 ‘c‘ti‘Gertnani,
926 3465 1045 3535 ejus
1077 3466 1321 3551 vigiliam
1336 3465 1600 3551 exprimit
1626 3468 1798 3551 pridie
1819 3469 2103 3551 _Kalendas

520 3535 771 3594 Octobris
810 3555 822 3591 :
865 3551 984 3606 quas
1020 3535 1198 3593 omnia
1248 3538 1380 3594 satis
1409 3535 1650 3593 indicant
1687 3540 1961 3595 hominem
1993 3556 2100 3597 non

518 3607 674 3677 longe
698 3608 766 3663 ab
787 3606 1137 3665 Autisiodoro
1169 3608 1458 3677 aliquando
1484 3609 1703 3664 vixisse.

587 3624 605 3660 τ
645 3624 674 3662 e
698 3624 766 3663 au
787 3624 1137 3665 ADIISIOOOI‘O
1169 3624 1458 3677 anquanao
1484 3624 1703 3664 vmsse.

587 3624 678 3733 ἐξ).
711 3677 836 3734 Scio
868 3678 1210 3750 Mosandrum
1247 3688 1303 3734 et
1323 3678 1669 3733 Rosweidum
1703 3680 1819 3735 haec
1844 3681 2099 3750 etplera-

517 3765 620 3820 que
648 3750 770 3813 alia,
806 3758 901 3821 aut
946 3765 1053 3807 non
1092 3749 1285 3821 legisse
1316 3750 1367 3803 in
1402 3751 1786 3821 manuscriptis
1820 3748 2100 3809 codicibus

518 3819 714 3890 quibus
734 3820 814 3874 usi
850 3829 997 3884 sunt,
1040 3830 1132 3873 aut
1153 3819 1409 3890 rejecisse
1438 3819 1490 3872 in
1528 3819 1911 3890 appendicem,
1944 3821 2097 3890 quasi

518 3888 583 3943 ab
613 3891 735 3944 aliis
767 3890 966 3943 inserta
1008 3888 1223 3943 essent.
1240 3889 1307 3944 Et
1343 3888 1595 3944 nonnulla
1629 3900 1777 3945 certe
1812 3892 1879 3945 ab
1911 3888 2100 3947 recen-

517 3961 743 4014 tioribus
770 3959 951 4012 addita
994 3967 1119 4014 sunt
1150 3959 1202 4013 in
1227 3959 1413 4014 codice
1440 3969 1647 4024 nostro,
1680 3970 1739 4014 ut
1767 3976 2098 4018 commemo-

518 4030 655 4083 ratio
685 4028 857 4084 sancti
887 4028 1062 4084 Maioli
1090 4029 1301 4083 abbatis
1330 4045 1360 4083 v
1396 4030 1518 4085 ldus
1556 4029 1702 4096 Maii,
1738 4041 1794 4087 et
1815 4046 1926 4087 xvn
1974 4031 2092 4088 Kal.

518 4098 851 4174 Septembris
871 4098 924 4174 in
954 4097 1216 4174 Veraiaco
1238 4101 1562 4174 monasterio
1584 4104 1832 4174 exceptio
1854 4102 2098 4174 corporis

517 4168 689 4225 sancti
716 4169 1048 4241 Ragnoberti
1072 4168 1386 4238 Bajocensis
1406 4168 1736 4241 episcopi,et
1752 4172 1859 4227 alia
1882 4168 2051 4241 pauca
2078 4188 2092 4229 :

519 4251 573 4293 at
607 4256 667 4295 ea
693 4239 900 4309 quaide
927 4240 1277 4295 Autisiodoru
1304 4249 1355 4295 et
1392 4239 1720 4297 monasierio
1750 4239 1927 4299 sancti
1955 4243 2093 4299 Ger-

517 4311 659 4366 mani
692 4311 979 4376 hahentur,
1005 4327 1035 4365 a
1056 4311 1330 4383 primario
1353 4321 1571 4383 auctore
1596 4313 1797 4383 scripta
1820 4314 2093 4381 existimo,

515 4384 771 4455 quoniam
794 4383 874 4455 __in
926 4381 1172 4455 pluribus
1220 4381 1336 4455 ejus
1392 4381 1781 4455 Martyrologii,
1813 4400 1930 4453 qua:
1965 4385 2092 4455 legi,

513 4451 940 4523 exemplaribus,
971 4460 1080 4506 tum
1121 4451 1364 4523 integris,
1401 4461 1512 4508 tum
1535 4451 1859 4523 contractis,
1902 4451 2093 4510 eadem

514 4522 734 4594 nmnino
757 4522 1086 4594 referuntur.
1125 4522 1267 4594 Idem
1291 4523 1553 4594 judicium
1592 4533 1710 4580 esto
1738 4526 1803 4581 de
1844 4526 2095 4581 omnibus

516 4591 628 4647 fere
652 4592 980 4659 nominibus,
1013 4608 1133 4662 quae
1163 4591 1451 4649 Mozander
1474 4603 1528 4649 et
1555 4594 1876 4651 Rosweidus
1924 4596 1977 4651 in
2009 4610 2094 4651 se-

514 4672 725 4717 cessum
752 4664 1075 4735 rejecerunt.
1099 4662 1251 4730 Quod
1279 4666 1423 4718 enim
1448 4664 1553 4718 alia
1587 4675 1751 4792 atque
1778 4666 1879 4721 alia
1915 4667 2094 4722 desint

516 4735 567 4787 in
612 4734 841 4790 diversis
892 4734 1254 4789 membraneis
1300 4734 1646 4792 codicibus.i
1724 4738 1972 4792 provenit
2027 4753 2094 4792 ex

516 4735 567 4787 in
612 4734 863 4807 diversis
892 4734 1254 4807 membraneis
1300 4734 1597 4807 codicibus,
1630 4734 1682 4792 id
1722 4738 1972 4807 provenit
2027 4753 2095 4792 ex

516 4803 713 4879 duplici
747 4804 923 4879 capite
956 4821 969 4856 :
1003 4804 1258 4879 primum,
1289 4806 1577 4879 quodcum
1607 4803 1749 4879 istud
1775 4806 2098 4879 Martyrolo-

513 4876 659 4948 gium
685 4873 736 4927 in
755 4872 953 4930 divinis
975 4872 1185 4948 ciliciis,
1207 4872 1506 4948 per—varias
1522 4876 1780 4933 ecclesias
1806 4872 2094 4948 legeretur,

513 4944 599 5019 alii
636 4946 808 5019 ipsum
839 4945 1256 5019 contrahebant,
1287 4944 1376 4999 alii
1407 4948 1669 5015 quosdam
1722 4944 1938 5003 sanctos
1973 4962 2100 5019 pro-

514 5016 806 5087 νίιιρίίθειυ(
830 5014 1074 5087 ecclesiae
1094 5030 1206 5087 sua:
1226 5014 1435 5087 ignotos
1461 5019 1812 5087 resecabant;
1843 5014 2091 5085 alteritm,

511 5086 653 5160 quod
683 5095 874 5160 auctor
896 5086 1011 5155 ipse
1040 5085 1224 5160 multis
1246 5085 1455 5160 vicibus
1477 5086 1915 5160 Martyrologium
1937 5100 2092 5160 suum

512 5155 682 5224 auxit,
708 5156 843 5213 alios
870 5166 1032 5227 atque
1085 5155 1494 5227 aliosraddendo
1529 5155 1899 5227 san'c'tos,_qui
1950 5159 2001 5212 in
2029 5170 2095 5214 eo

510 5229 685 5297 primo
707 5243 813 5282 non
840 5226 1148 5298 exstabant.
1201 5226 1354 5283 Unde
1384 5227 1611 5298 contigit
1638 5236 1718 5294 ut,
1756 5226 1846 5298 qui
1896 5229 2097 5297 prima-

510 5300 648 5353 rium
673 5297 951 5369 exemplar
973 5298 1389 5369 transcripsere,
1411 5312 1518 5354 non
1545 5297 1629 5355 tot
1646 5297 1903 5365 habeant,
1934 5304 2095 5369 quam

509 5370 601 5438 qui
652 5369 988 5426 secundariis
1022 5369 1420 5438 exemplaribus
1469 5369 1553 5424 usi
1598 5379 1743 5425 sunt.
1782 5369 1943 5425 Certe
1979 5385 2098 5438 qua:

509 5437 563 5493 in
593 5440 863 5496 Rosweidi
887 5440 1076 5494 Adone
1104 5437 1440 5494 desideratur
1468 5440 1569 5496 SS.
1601 5439 1895 5495 Florentini
1926 5449 1980 5494 et
1999 5437 2095 5495 Hi-

508 5506 627 5563 larii
675 5510 1241 5581 commemoratioaex
1266 5509 1469 5581 Adonis
1513 5510 1897 5581 Martyrologio
1928 5510 2093 5581 refer-

511 5588 599 5634 tur
628 5596 655 5635 a
682 5580 844 5636 Petro
880 5581 947 5637 de
980 5579 1260 5651 Natalibus
1284 5580 1334 5633 in
1368 5581 1459 5638 lib.
1492 5597 1611 5646 vui,
1641 5579 1761 5651 cap.
1783 5579 1902 5636 ω.
1934 5579 2094 5637 Deni-

510 5665 615 5720 que
666 5652 911 5708 Adonem
960 5650 1120 5722 hujus
1161 5650 1528 5723 Martyrologii
1580 5650 1933 5723 conditorem,
1969 5667 2090 5708 esse

509 5730 722 5795 constat
749 5730 959 5795 tumAex
983 5723 1230 5794 epistola,
1261 5723 1448 5795 veteri,
1466 5722 1734 5795 ’quo‘nsus
1754 5733 1856 5786 est,
1892 5722 1936 5776 Μ
1946 5732 2089 5795 arty-

509 5791 718 5868 rologio
750 5790 1136 5868 pradxaﬂum
1188 5809 1255 5849 ex
1310 5790 1529 5849 Nutkeri
1587 5792 1971 5869 Mal'lyl‘olngio
2022 5790 2088 5852 ad

2121 4506 2173 4572 D

2203 3258 2363 3311 modo
2393 3258 2589 3312 desinit
2613 3273 2773 3327 quam
2800 3258 2920 3313 libri
2950 3258 3104 3322 editi,
3131 3261 3182 3314 id
3215 3269 3297 3314 est
3323 3258 3385 3313 in
3411 3273 3554 3313 anno
3579 3258 3706 3313 879.

2272 3327 2357 3381 52.
2394 3326 2539 3382 Idem
2571 3326 2732 3382 etiam
2775 3328 2909 3383 Acta
2940 3330 3111 3384 sancti
3166 3330 3426 3386 Desiderii
3460 3327 3785 3383 Viennensis

2202 3398 2440 3469 episcopi
2496 3398 2750 3467 expolixit
2788 3399 2840 3455 in
2874 3401 3103 3469 gratiam
3129 3401 3513 3457 Viennensium
3538 3408 3781 3469 suorum,

2201 3469 2281 3521 uti
2336 3467 2497 3524 fidem
2556 3470 2685 3524 facit
2729 3467 3142 3525 Praefatiuncula
3202 3472 3406 3525 Adonis
3464 3467 3783 3523 Viennensis

2200 3537 2458 3594 Ecclesia:
2485 3541 2765 3603 antistitis,
2806 3556 2948 3593 anno
2990 3542 3374 3594 incarnationis
3416 3539 3625 3593 Domini
3653 3536 3782 3601 870,

2200 3608 2493 3665 indictione
2515 3609 2568 3675 5,
2601 3626 2719 3664 etim
2752 3610 3005 3678 passione
3032 3610 3203 3664 sancti
3238 3609 3498 3678 Desiderii
3523 3607 3780 3678 episcopi

2201 3679 2374 3733 cidem
2402 3680 2643 3736 ecclesim
2666 3676 2891 3744 directa,
2916 3679 3067 3747 cujus
3097 3680 3208 3732 haec
3229 3680 3388 3731 verba
3415 3694 3427 3729 :
3455 3676 3624 3740 Adeo,
3648 3691 3781 3747 pec-

2200 3759 2355 3803 calor
2379 3759 2435 3804 et
2469 3749 2685 3803 humilis
2710 3746 2992 3818 cpiscopus
3025 3748 3343 3802 Viennensis
3374 3747 3648 3809 Ecclesiae.
3692 3746 3778 3800 di-

2201 3818 2507 3874 lectissimis
2556 3817 2813 3872 fratribus
2867 3827 2920 3871 et
2974 3817 3097 3872 ﬁliis
3163 3819 3406 3887 ejusdem
3464 3818 3774 3872 ecclesiae...

2199 3887 2502 3943 Beatissimi
2548 3887 2805 3943 Desiderii
2835 3887 3013 3942 l’atris
3067 3890 3231 3943 vestri
3277 3890 3443 3943 vitam
3491 3897 3545 3942 et
3579 3897 3783 3958 marty-

2198 3960 2366 4023 rium,
2423 3959 2562 4013 sicut
2618 3957 2854 4027 antiquis
2902 3958 3120 4027 scriptis
3152 3958 3578 4022 commendatur,
3625 3957 3780 4012 vobis

2198 4028 2401 4101 idcirco
2423 4027 2698 4101 revolvere
2727 4038 2780 4083 et
2804 4028 2940 4101 stylo
2957 4029 3296 4101 committere
3320 4045 3607 4101 aggressus
3633 4042 3777 4094 sum,

2199 4108 2260 4155 ut
2285 4098 2401 4169 ejus
2425 4099 2799 4169 incitamentis
2816 4098 2869 4153 et
2893 4101 3084 4155 studiis
3107 4100 3172 4155 ad
3198 4098 3438 4156 amorem
3481 4101 3601 4152 vita:
3625 4105 3783 4151 aeter-

2198 4186 2283 4226 nae
2309 4185 2402 4225 vos
2448 4169 2676 4239 amplius
2722 4168 3133 4224 inﬂammarem.
3162 4170 3313 4226 Hanc
3357 4170 3531 4224 Vitam
3573 4170 3781 4239 primus

2201 4241 2341 4312 typis
2362 4237 2596 4311 vulgavit
2629 4238 2894 4312 Henricus
2917 4241 3169 4312 ,Canisius
3210 4241 3263 4295 in
3294 4237 3636 4311 antiquarum
3660 4237 3781 4312 rbe-

2198 4306 2616 4383 ctionum'tomo
2645 4309 2731 4383 VI,
2758 4311 2809 4364 in
2841 4311 2995 4383 cujus
3024 4311 3158 4365 Vita:
3190 4312 3294 4383 line
3337 4306 3551 4383 additnr
3570 4306 3778 4383 subje-

2198 4391 2318 4438 ctus
2385 4381 2656 4437 lndiculus
2714 4378 2922 4438 lsonis'
2956 4383 3206 4437 monachi
3273 4378 3777 4436 Sa‘nctiGallensis.

2200 4451 2352 4508 Hanc
2397 4462 2584 4532 autem
2620 4453 2929 4532 passionem
2966 4455 3224 4532 prmfattts
3254 4454 3387 4532 Adon
3412 4451 3780 4532 archiepisco-

2198 4539 2300 4595 pus
2325 4523 2481 4578 nobis
2508 4520 2768 4595 fratribus
2791 4525 2854 4595 in
2867 4520 3120 4595 ctenohio
3146 4524 3320 4595 sancti
3349 4522 3485 4578 Galli
3515 4523 3614 4576 sub
3648 4520 3778 4595 Gri:

2201 4589 2379 4663 insido
2412 4595 2607 4649 abbate
2649 4593 2760 4646 Deo
2787 4589 3159 4663 militantibus,
3209 4593 3571 4663 reliquiasque
3601 4589 3777 4645 sancti

2200 4658 2461 4720 Desiderii
2489 4665 2555 4717 ab
2583 4676 2648 4716 eo
2672 4661 3072 4731 postulantibus
3100 4677 3220 4718 cum
3256 4658 3424 4732 ipsius
3445 4658 3780 4732 aliorumque

2200 4744 2509 4791 sanctorum
2552 4732 2813 4801 reliquiis,
2856 4733 3066 4787 actilms
3098 4731 3314 4802 quoque
3356 4741 3410 4785 et
3432 4731 3777 4802 passionibus

2200 4804 2339 4860 infra
2370 4802 2675 4873 descriptis,
2716 4817 2859 4856 anno
2889 4818 3049 4873 supra
3082 4811 3387 4873 memorato
3426 4802 3781 4873 pernuntios

2201 4875 2334 4930 Satis
2355 4872 2538 4927 fideles
2562 4872 2796 4943 dirigere
2821 4872 3052 4939 curavit,
3082 4874 3337 4928 nimirum
3378 4872 3431 4927 in
3461 4872 3651 4943 primis
3679 4883 3780 4942 per
3852 4898 3873 4907 π

2201 4943 2485 4999 Beroldum
2518 4940 2916 5014 presbyterum,
2955 4952 3192 4999 testante
3229 4940 3475 4999 Notkero
3500 4944 3551 4996 in
3582 4940 3782 5014 Marty-

2203 5013 2407 5086 rologio
2433 5011 2530 5086 sna
2555 5014 2620 5067 ad
2643 5011 2782 5086 diem
2812 5029 2845 5068 x
2870 5013 2987 5069 Kal.
3014 5014 3182 5078 Junii,
3234 5014 3320 5069 ubi
3359 5016 3423 5086 de
3455 5020 3644 5086 sancto
3669 5011 3777 5086 De-

2200 5080 2440 5156 siderio:
2474 5083 2550 5139 De
2569 5098 2697 5156 quo,
2728 5085 2921 5154 inquit,
2959 5087 3084 5156 quia
3121 5083 3442 5156 venerabilis
3475 5085 3634 5137 Pater
3662 5080 3778 5156 Ade

2204 5099 2440 5139 sruerio:
2476 5099 2550 5139 ue
2569 5099 2697 5208 quo,
2728 5099 2921 5154 inquit,
2959 5101 3084 5156 quia
3121 5099 3442 5140 veneramus
3475 5099 3634 5137 rater
3662 5099 3778 5136 suo

2203 5153 2454 5234 ejusdem.
2494 5170 2588 5210 ccc
2610 5154 2736 5234 esiae
2787 5165 2976 5234 nostra
3009 5164 3167 5234 aetate
3209 5155 3469 5234 pontifex,
3502 5161 3684 5234 utpote
3722 5151 3779 5207 in

2202 5225 2487 5296 praesentia
2517 5225 2716 5296 posito,
2747 5235 2814 5296 et
2830 5224 2899 5281 ob
2926 5226 2977 5280 id
3000 5226 3113 5280 suis
3148 5224 3773 5296 inicunctis‘notissimo,

2206 5292 2404 5365 aliquid
2425 5292 2755 5367 superﬂuum
2785 5294 2966 5367 dicere
2990 5296 3283 5367 judicavit;
3315 5309 3413 5349 nos
3448 5292 3603 5367 justa
3644 5294 3778 5348 scri-

2198 5364 2355 5438 ptum
2381 5364 2527 5438 quod
2557 5364 3057 5438 idemapostolicits
3106 5366 3189 5438 εἱπ-
3224 5369 3475 5438 annual)
3520 5364 3777 5438 incarna-

2200 5380 2355 5438 ptum
2423 5380 2526 5420 uoa
2557 5380 2699 5421 idem
2731 5380 3057 5436 apostoncus
3106 5382 3189 5419 νη·
3224 5380 3367 5419 anno
3408 5380 3475 5418 an
3522 5380 3777 5418 Incarna-

2200 5434 2351 5492 tione
2378 5380 2595 5491 gemini
2628 5435 2752 5502 870,
2798 5437 3091 5491 indictione
3112 5433 3168 5502 3,
3215 5451 3314 5506 per
3344 5436 3515 5489 virum
3545 5436 3777 5489 sanctis-

2202 5508 2397 5564 simum
2444 5506 2731 5578 Beroldum
2781 5507 3177 5578 presbyterum,
3216 5506 3531 5578 indigenam
3555 5518 3779 5578 eorum-

2196 5579 2321 5633 'dcm
2343 5578 2607 5643 locorum,
2639 5577 2731 5633 sed
2756 5576 2898 5632 nunc
2923 5576 2975 5630 in
3005 5585 3186 5631 castro
3214 5577 3411 5632 Turico
3440 5576 3637 5631 Christi
3662 5591 3776 5629 ser-

2198 5648 2344 5706 vitiis
2384 5649 2747 5712 insistentem,
2779 5663 2901 5702 cum
2935 5647 3178 5718 reliquiis
3208 5650 3376 5717 ipsius
3404 5647 3576 5702 sancti
3625 5661 3774 5718 mar-

2202 5724 2335 5793 tyris
2391 5718 2687 5793 Desiderii,
2736 5728 2791 5793 et
2816 5714 3068 5793 aliorum
3103 5714 3433 5793 sane—torum
3462 5714 3777 5793 pigneribus

2199 5786 2360 5866 atque
2388 5791 2651 5863 agonibus
2704 5789 2859 5846 nobis
2888 5790 2943 5846 in
2987 5790 3235 5848 coenobio
3265 5788 3437 5847 sancti
3463 5786 3611 5844 Galli
3644 5800 3776 5845 com
