4024 6362
1562 395 1620 450 s.
1660 393 1911 452 ADONIS
1946 393 2375 453 ARCHIEPISC.
2409 353 2818 453 VIENNENSIs

542 529 3810 580 Μ

1125 697 1255 811 s.
1336 697 2025 846 Anoms
2095 697 3222 816 VIENNENSIS

1387 892 1406 902 ’
1543 892 2726 1098 ίαΗΒΟΝΙΟΟΝ

1505 1221 1615 1305 ΙΝ
1668 1222 2084 1304 ιἘΤΑΤΕΞ
2142 1222 2327 1302 SEX
2387 1221 2829 1303 DIVISUM
2868 1221 2982 1362 a/

2068 1398 2304 1455 NEMPE

527 1556 584 1623 Ι.
616 1557 714 1621 Ab
742 1557 992 1638 origine
1017 1557 1244 1638 mundi
1274 1573 1486 1638 usque
1515 1556 1594 1618 ad
1629 1557 1972 1622 diluvium.
2013 1595 2088 1604 —
2121 1560 2203 1621 ll.
2242 1561 2295 1621 Α
2332 1556 2580 1621 diluvio
2615 1556 2695 1619 ad
2730 1552 3076 1638 Abrahami
3125 1553 3543 1638 nativitatem.
3583 1590 3661 1601 —
3689 1555 3806 1622 ΠΙ.

609 1638 709 1701 Ab
744 1635 1061 1700 Abraham
1093 1635 1171 1699 ad
1224 1635 1426 1698 David
1460 1653 1691 1716 usque.
1724 1672 1801 1684 —
1831 1640 2028 1701 IV..A
2058 1638 2324 1700 Davidis
2360 1653 2558 1716 regno
2592 1639 2670 1716 ad
2710 1635 3351 1716 Atransmigrationem
3381 1635 3802 1701 Hebraeorum

608 1717 678 1779 in
727 1717 1168 1795 Babyloniam.
1204 1751 1280 1761 —
1311 1717 1388 1777 V.
1430 1716 1526 1776 Ab
1562 1713 1788 1779 eadem
1839 1718 2402 1795 transmigratione
2448 1713 2530 1778 ad
2573 1713 2901 1778 Christum
2937 1713 3336 1780 servatorem
3382 1720 3702 1780 nostrum.
3732 1749 3811 1763 -

605 1796 717 1862 γι.
751 1798 806 1860 Α
845 1794 1097 1860 Christo
1133 1796 1211 1858 ad
1244 1794 1482 1874 mundi
1513 1795 1731 1860 ﬁnem.

1720 1919 1820 1980 (Ex
1839 1919 1967 1971 Bibl.
1990 1919 2128 1972 Patr.
2151 1930 2307 1982 max.,
2332 1922 2450 1971 tom.
2471 1917 2628 1982 XVI.)

1826 2153 2109 2233 mus
2185 2153 2510 2233 PRIMA

1475 2349 1556 2391 AB
1597 2345 1860 2392 ORIGINE
1902 2347 2112 2392 MUNDI
2154 2347 2358 2402 USQUE
2400 2347 2485 2390 AD
2519 2347 2858 2393 DILUVIUM.

581 2513 790 2570 Breves
812 2520 1112 2584 temporum
1137 2526 1236 2584 per
1259 2512 1634 2584 generationes
1676 2521 1731 2569 et
1756 2529 1942 2585 regna,
1991 2515 2104 2586 pri-
2129 2517 2179 2577 Α
2208 2512 2527 2570 dormientis
2564 2520 2792 2567 matrem
2832 2510 3074 2567 omnium
3123 2510 3418 2568 viventium
3464 2513 3629 2572 Evam
3676 2533 3810 2590 pro-

517 2620 640 2660 mus
701 2619 768 2659 ex
816 2604 1017 2660 nostris
1072 2603 1245 2659 Julius
1291 2601 1581 2659 Africanus
1634 2605 1736 2660 sub
1785 2604 2110 2675 imperatore

519 2694 701 2752 Marco
724 2695 944 2752 Aurelio
972 2695 1247 2750 Antonino
1269 2693 1530 2763 simplicis
1559 2694 1801 2750 historiae
1833 2694 1975 2766 stylo
2013 2693 2110 2750 eli-

517 2788 650 2843 cuit.
702 2787 909 2842 Deinde
970 2785 1238 2843 Eusebius
1291 2783 1663 2850 Caasariensis,
1713 2794 1874 2856 atque
1909 2795 2110 2841 sanctae

516 2878 792 2934 memoria:
828 2877 1186 2947 Hieronymus
1227 2876 1535 2946 presbyter,
1580 2875 1964 2930 chronicorum
2012 2874 2111 2929 Ca-

517 2983 721 3022 nonum
793 2966 1150 3037 multiplicum
1175 2964 1460 3020 ediderunt
1499 2964 1806 3031 historiam,
1834 2963 2015 3036 regnis
2037 2964 2109 3018 si-

517 3058 629 3112 mul
655 3074 720 3112 ac
740 3058 1072 3128 temporibus
1096 3057 1381 3128 digestam.
1407 3055 1539 3111 Post
1563 3055 1662 3110 hos
1685 3055 1775 3110 alii
1807 3063 1968 3125 atque
1992 3054 2106 3120 alii,

516 3151 659 3206 inter
693 3165 829 3221 quos
882 3150 1154 3220 praecipue
1201 3148 1409 3215 Victor,
1468 3148 1801 3204 Turonensis
1851 3147 2109 3203 Ecclesiae

517 3241 821 3312 episcopus,
875 3241 1163 3298 recensitis
1190 3241 1574 3312 praedictorum
1625 3239 1892 3306 historiis,
1952 3247 2107 3310 gesta

517 3334 856 3405 sequentium
913 3343 1134 3390 rotatum
1182 3347 1355 3404 usque
1400 3333 1468 3388 ad
1518 3332 1855 3389 consulatum
1911 3330 2108 3388 Justini

513 3424 748 3495 junioris
779 3424 1031 3495 explevit.
1075 3422 1279 3479 Horum
1318 3439 1418 3480 nos
1469 3432 1770 3494 temporum
1813 3437 2101 3488 summam,

517 3515 586 3570 ab
608 3515 834 3571 exordio
857 3515 1041 3570 mundi
1072 3530 1243 3586 usque
1269 3515 1336 3569 ad
1359 3514 1698 3585 imperatoris
1753 3513 1997 3568 Lotharii
2043 3526 2108 3568 ac

521 3606 784 3662 Ludovici
807 3606 994 3661 fratris
1015 3606 1154 3678 ejus,
1191 3621 1254 3661 ac
1273 3604 1531 3660 Ludovici
1577 3613 1634 3660 et
1688 3603 1867 3660 Caroli
1914 3618 2106 3674 regum

517 3687 907 3772 principatum,
943 3707 1146 3770 quanta
1176 3698 1447 3769 potuimus
1468 3697 1736 3752 brevitate
1773 3695 2102 3762 notavimus,

513 3793 812 3866 adjicentes
830 3808 861 3848 e
891 3792 1062 3848 latere
1073 3790 1490 3846 descendentem
1507 3789 1702 3844 lineam
1725 3797 2024 3858 temporum
2049 3787 2104 3852 δ,

2213 2608 2365 2663 duxit
2419 2606 2553 2678 :qui
2599 2621 2765 2673 nunc,
2809 2612 3072 2677 quantum
3111 2603 3375 2662 credibile
3423 2608 3657 2678 videtur,
3710 2614 3810 2669 de-

2211 2700 2388 2755 cimus
2416 2697 2781 2754 Kalendarum
2823 2696 3089 2768 Aprilium
3139 2696 3256 2753 dies
3301 2698 3619 2769 appellatur.
3649 2700 3811 2762 Unde

2210 2794 2410 2849 merito
2436 2794 2694 2859 creditur,
2712 2792 2758 2848 si
2783 2807 2888 2848 non
2910 2793 3092 2848 verior
3104 2795 3372 2850 sententia
3385 2795 3593 2863 vicerit,
3610 2800 3810 2857 eodem

2211 2883 2426 2938 decimo
2454 2882 2817 2938 Kalendarum
2844 2883 3111 2953 Aprilium
3153 2885 3262 2952 die,
3308 2884 3595 2944 Dominum
3639 2889 3810 2948 fuisse

2212 2973 2551 3028 cruciﬁxum.
2583 2973 2803 3029 Dicebat
2825 2973 2969 3029 enim
2998 2990 3105 3030 una
3150 2975 3449 3048 eademque
3478 2995 3584 3035 non
3617 2980 3804 3038 solum

2212 3065 2588 3131 hebdomadis,
2636 3067 2730 3120 sed
2773 3075 2828 3120 et
2870 3066 3074 3121 mensis
3128 3067 3236 3133 die,
3281 3071 3578 3125 secundum
3629 3071 3810 3127 Adam

2210 3171 2312 3225 pro
2357 3157 2570 3226 generis
2619 3156 2843 3211 humani
2883 3155 3056 3213 salute
3090 3157 3304 3214 viviﬁca
3343 3168 3518 3216 morte
3545 3161 3808 3231 sopitum,

2211 3251 2278 3306 de
2329 3250 2611 3321 productis
2653 3265 2685 3306 e
2730 3250 2902 3306 latere
2945 3265 3042 3306 suo
3093 3252 3406 3308 coelestibus
3449 3254 3816 3310 sacramentis

2211 3354 2466 3410 sponsam
2493 3340 2595 3396 sibi
2641 3339 2944 3396 Ecclesiam
2987 3342 3368 3397 sanctiﬁcare:
3402 3359 3511 3414 quo
3556 3344 3814 3403 videlicet

2211 3431 2298 3486 die
2333 3431 2570 3500 primum
2589 3431 2762 3486 Adam
2785 3432 3008 3488 humani
3035 3433 3249 3503 generis
3274 3442 3483 3502 patrem
3516 3435 3631 3504 ipse
3653 3450 3815 3491 crea-

2208 3531 2397 3590 verat;
2425 3523 2581 3594 eique
2610 3525 2676 3580 de
2698 3524 2867 3580 latere
2896 3533 3100 3580 costam
3132 3524 3346 3591 tollens,
3376 3526 3656 3582 mulierem
3677 3527 3816 3584 aedi-

2209 3615 2491 3681 ﬁcaverat,
2522 3614 2675 3684 cujus
2728 3614 2999 3684 adjutorio
3045 3627 3216 3686 genus
3259 3615 3554 3670 humanum
3603 3631 3814 3689 propa-

2209 3705 2382 3776 garet.

2283 3795 2385 3868 [A.
2429 3795 2500 3850 M.
2573 3794 2714 3867 150]
2770 3795 2944 3851 Adam
2995 3809 3259 3851 annorum
3311 3805 3528 3852 centum
3583 3799 3814 3870 triginta

515 3886 674 3954 cujus
694 3883 895 3938 indicio
929 3896 1140 3938 summa
1166 3880 1426 3951 praeteriti
1481 3879 1664 3935 saeculi
1721 3886 2100 3949 cognoscatur.
2132 3874 2182 3935 B
2210 3887 2397 3960 genuit
2425 3887 2578 3954 Seth,
2607 3887 2693 3942 cui
2723 3888 3020 3958 supervixit
3045 3888 3202 3945 annis
3223 3888 3568 3962 octingentis.
3601 3889 3814 3949 Verum

517 3973 775 4042 Quaedam
805 3973 969 4029 etiam
999 3987 1063 4027 cx
1096 3971 1293 4027 divinis
1315 3970 1468 4026 libris
1494 3971 1563 4025 ad
1620 3970 1978 4026 eruditionem
2026 3969 2104 4026 le-

515 4067 776 4138 gentium,
830 4066 922 4121 ubi
981 4073 1342 4136 opportunum
1399 4065 1673 4130 duximus,
1727 4064 2098 4132 subnotantes,

519 4168 577 4214 ut
601 4175 667 4216 ex
689 4158 840 4215 brevi
866 4158 1038 4214 lector
1065 4158 1219 4228 plura
1253 4156 1508 4228 colligere
1532 4152 1730 4228 possit.

590 4249 699 4307 Sex
723 4250 911 4307 diebus
931 4265 1113 4305 rerum
1135 4259 1440 4305 creaturam
1462 4249 1606 4304 Deus
1631 4247 1899 4304 formavit.
1917 4246 2103 4302 Primo

515 4345 616 4401 die'
667 4345 907 4400 condidit
950 4344 1145 4400 lucem.
1197 4342 1468 4409 Secundo,
1520 4342 1918 4398 ﬁrmamentum
1978 4340 2103 4396 coeli

515 4436 695 4494 medio
720 4435 937 4491 libravit
965 4450 1247 4506 aquarum,
1274 4434 1406 4505 ipsis
1457 4433 1614 4503 aquis
1665 4448 1728 4488 ac
1782 4441 1927 4487 terra
1978 4444 2103 4485 cum

514 4521 654 4584 caelo
675 4528 955 4597 superiore
982 4541 1045 4580 ac
1069 4525 1380 4589 virtutibus,
1406 4539 1527 4594 qua:
1563 4523 1618 4578 in
1644 4538 1708 4578 ea
1754 4521 2103 4577 Conditorem

516 4619 830 4686 laudarent,
854 4626 982 4674 ante
1002 4619 1197 4674 horum
1214 4631 1309 4672 sex
1330 4617 1540 4671 dierum
1566 4614 1850 4670 exordium
1878 4611 2100 4668 creatis.

518 4713 725 4780 Tertio,
750 4712 1094 4784 congregatis
1117 4712 1172 4767 in
1211 4725 1368 4767 suum
1389 4709 1566 4766 locum
1593 4708 1768 4778 aquis,
1794 4721 1915 4777 quae
1972 4720 2106 4758 cun-

515 4813 604 4861 cta
644 4813 1021 4869 contexerant,
1073 4801 1280 4858 aridam
1329 4799 1493 4870 jussit
1532 4813 1819 4872 apparere.
1875 4794 2104 4862 Quarto,

517 4897 701 4954 sidera
751 4897 805 4952 in
837 4897 1181 4952 ﬁrmamento
1201 4893 1324 4950 caeli
1351 4893 1550 4965 posuit,
1582 4893 1676 4962 qui
1720 4905 1864 4945 nunc
1928 4903 2106 4958 quan—

524 4997 639 5043 tum
689 4987 1043 5056 conjunctura
1102 4985 1412 5058 aequinoctii
1465 4983 1754 5055 colligitur,
1808 4979 2110 5035 qualen—

518 5084 709 5138 darum
750 5084 1012 5153 Aprilium
1040 5092 1286 5138 vocatur.
1333 5081 1551 5148 Quinto,
1579 5079 1820 5134 natatilia
1851 5086 1906 5132 et
1951 5075 2105 5130 vola-

424 5220 440 5227 _
519 5175 630 5230 tilia
679 5176 973 5230 animantia
1009 5175 1231 5230 creavit.
1265 5173 1453 5238 Sexto,
1505 5169 1758 5226 animalia
1807 5165 2106 5232 terrestria,

517 5278 572 5323 et
603 5267 776 5339 ipsum
808 5267 1081 5323 hominem
1105 5267 1276 5322 Adam
1299 5264 1547 5322 formavit
1577 5281 1588 5316 :
1631 5263 1698 5317 de
1739 5258 1894 5328 cujus
1933 5258 2106 5313 latere

588 5437 616 5465 ⁸
639 5425 775 5490 Ado,
802 5425 1119 5482 Viennensis
1145 5425 1603 5493 archiepiscopus,
1661 5421 1787 5480 vita.
1856 5419 2099 5493 moribus

516 5501 572 5548 et
601 5495 844 5552 doctrina
871 5497 1278 5559 celeberrimus,
1307 5491 1524 5564 scripsit
1553 5491 1982 5564 Commentarios
2029 5493 2096 5564 de.

517 5579 614 5619 sex
642 5569 822 5622 mundi
847 5568 1117 5631 :elatihus,
1143 5583 1237 5622 seu
1260 5565 1568 5621 Chronicon
1589 5564 1656 5616 ab
1676 5563 1883 5632 origine
1913 5563 2099 5619 mundi

518 5635 585 5709 ad
617 5651 712 5689 sua
743 5654 911 5707 usque
942 5647 1201 5709 tempora,
1236 5638 1289 5693 id
1331 5645 1416 5691 est
1440 5636 1779 5709 ad‘rcgnum
1819 5632 2098 5709 Ludovici,

437 5732 440 5733 ν
519 5704 848 5782 lj‘rancorun'i
886 5704 1068 5782 regis,"
1106 5704 1685 5782 cognomentoﬁalbi.
1747 5704 1914 5757 Porro
1957 5705 2101 5782 idem

518 5775 636 5850 Ado
665 5777 864 5833 obiisse
907 5775 1220 5850 perhibetur
1273 5793 1412 5835 anno
1441 5775 1584 5850 874:
1641 5790 1810 5844 quare
1843 5775 1994 5850 3133011
2044 5775 2099 5850 ἱη

521 5847 681 5904 odem
711 5845 984 5909 Chronico
1011 5852 1228 5909 additur
1271 5864 1440 5924 usque
1471 5849 1540 5905 ad
1589 5862 1789 5903 annum
1837 5845 1960 5926 879,
2007 5848 2077 5900 ab

2156 5959 2191 5986 κ

2209 3977 2563 4050 Septuaginta
2587 3978 2916 4049 lnterpretes
2947 3988 3073 4035 ante
3098 3988 3287 4035 natum
3333 3980 3466 4036 Seth
3505 3992 3814 4053 posuerunt

2209 4085 2383 4125 annos
2426 4069 2687 4126 ducentos
2735 4077 2790 4123 et
2835 4069 3097 4141 triginta;
3151 4079 3362 4141 postea,
3409 4073 3805 4143 septingentos.

2210 4161 2343 4218 Seth
2379 4163 2768 4231 interpretatur
2793 4163 3122 4226 resurrectio,
3155 4163 3283 4232 quia
3315 4162 3370 4217 in
3403 4178 3468 4220 eo
3514 4164 3812 4222 resuscita-

2213 4264 2325 4309 tum
2354 4261 2437 4309 est
2463 4268 2647 4310 semen
2669 4253 2896 4324 justum,
2928 4253 3072 4323 quod
3104 4261 3189 4308 est
3213 4253 3401 4324 stirpis
3429 4253 3657 4310 ﬁliorum
3680 4254 3808 4324 Dei,

2209 4357 2264 4403 et
2285 4348 2412 4419 quia
2438 4346 2765 4420 signiﬁcavit
2791 4346 3249 4402 resurrectionem
3271 4346 3468 4402 Christi
3494 4363 3525 4401 a
3541 4350 3803 4405 mortuis:

2208 4441 2364 4511 cujus
2398 4447 2628 4496 mortem
2657 4438 2860 4494 illatam
2884 4455 2914 4494 a
2947 4437 3148 4495 Judaeis
3177 4437 3504 4510 signiﬁcavit
3525 4438 3683 4505 Abel,
3709 4439 3806 4511 qui

2209 4531 2409 4586 dicitur
2433 4531 2627 4597 luctus,
2657 4546 2687 4586 a
2706 4529 2876 4585 fratre
2896 4529 3030 4585 Cain
3058 4531 3292 4588 occisus.

2284 4627 2445 4700 [255]
2468 4627 2599 4683 Seth
2619 4640 2881 4681 annorum
2910 4634 3128 4681 centum
3161 4626 3399 4698 quinque
3428 4625 3805 4701 genuitEnos;

2212 4720 2298 4777 cui
2326 4719 2624 4789 supervixit
2664 4718 2819 4773 annis
2853 4718 3178 4789 octingentis
3203 4728 3430 4790 septem.
3467 4719 3639 4776 Porro
3669 4717 3808 4790 Sep-

2213 4813 2457 4885 tuaginta
2488 4821 2616 4866 ante
2660 4821 2843 4867 natum
2888 4812 3033 4868 Enos
3063 4827 3233 4868 annos
3262 4812 3524 4868 ducentos
3562 4812 3808 4884 quinque

2214 4919 2464 4974 posuere,
2495 4912 2701 4972 postea,
2739 4905 3108 4974 septingentos
3170 4911 3396 4972 septem.
3445 4903 3592 4960 Enos
3633 4904 3808 4960 inter-

2215 5003 2460 5064 pretatur
2484 4995 2659 5059 homo,
2705 4996 2772 5049 de
2798 5009 2904 5064 quo
2931 4993 3289 5052 benedicitur.
3335 4994 3440 5050 lste
3465 4995 3630 5066 cmpit
3651 4996 3806 5052 invo-

2215 5103 2343 5143 care
2366 5102 2560 5142 nomen
2588 5086 2821 5151 Domini,
2851 5086 2977 5156 quia
3003 5085 3279 5140 hominum
3305 5094 3389 5142 est
3413 5087 3689 5158 proprium
3719 5097 3800 5156 ut,

2217 5195 2332 5235 suae
2363 5178 2687 5234 conditionis
2713 5192 3005 5243 memores,
3036 5179 3289 5235 invocent
3315 5178 3622 5237 Conditoris
3647 5179 3804 5244 auxi-g

2216 5270 2372 5337 lium,
2403 5277 2460 5325 ut
2487 5269 2580 5324 ﬁlii
2616 5269 3026 5326 resurrectionis
3053 5284 3175 5327 esse
3201 5269 3473 5328 laetentur.

2212 5428 2398 5496 aliquo
2424 5425 2530 5481 alio
2560 5423 2773 5481 videtur
2801 5426 3134 5496 adjunctum.

2289 5495 2584 5551 Doleniltnn
2613 5495 2893 5553 estautem
2923 5497 3062 5565 quod
3092 5496 3233 5552 istud
3263 5495 3568 5555 Chronicon
3615 5498 3801 5556 multis

2214 5569 2426 5624 merulis
2449 5577 2676 5633 scateat,
2719 5583 2838 5639 quae
2885 5566 3097 5623 defectu
3164 5585 3268 5625 ms.
3313 5569 3558 5627 codicum
3599 5571 3799 5642 corrigi

2215 5656 2323 5694 non
2351 5648 2661 5708 potuerunt.

2292 5711 2319 5750 ιι
2342 5710 2451 5765 llas
2479 5719 2779 5779 temporum
2804 5719 2977 5776 notas,
3006 5711 3146 5770 inter
3161 5728 3330 5772 uncos
3358 5713 3591 5770 inclusas
3627 5710 3804 5771 textui

2217 5783 2600 5843 orremisimus.
2633 5783 2789 5838 EDIT.
