4024 6362
262 365 341 428 25
1372 366 1790 428 cuncmcon.
1828 399 1900 413 —
1935 371 2143 430 aras
2177 374 2407 432 PRIMA.
3397 349 3403 354 ’
3465 381 3542 440 as

340 477 507 556 [525]
546 479 692 536 Enos
729 493 869 535 anno
916 479 1264 551 nonagesimo
1293 481 1480 551 genuit
1503 481 1749 548 Cainam,
1769 483 1856 537 cui
1884 487 1934 544 A
1961 484 2161 541 factum
2188 495 2289 553 est,
2317 496 2477 557 atque
2502 487 2578 543 ita
2605 487 2664 543 ﬁt
2689 496 2747 543 ut
2769 491 3176 562 nongentesimo
3205 494 3541 565 sexagesimo

266 576 571 651 supervixit
596 590 766 631 annos
791 574 1128 644 octingentos
1150 573 1478 645 quindecim.
1509 574 1858 645 Septuaginta

266 682 399 728 ante
423 681 610 726 natum
636 668 861 725 Cainam
883 675 1097 723 centum
1134 668 1427 738 nonaginta
1449 683 1638 734 annos,
1671 679 1857 738 postea

267 765 643 836 septingentos
690 762 951 832 quinque,
978 773 1227 830 posuere.
1257 759 1420 829 Cujus
1449 775 1646 816 nomen
1685 761 1855 815 inter-

264 865 520 928 pretatur
549 864 740 909 natura
760 852 879 907 Dei.

343 946 505 1022 [595]
545 945 766 1001 Cainam
821 960 1084 1000 annorum
1115 945 1452 1017 septuaginta
1480 946 1664 1016 genuit
1694 945 1857 1000 Mala-

265 1034 405 1104 leel;
430 1044 553 1107 post
572 1033 726 1104 cujus
755 1043 934 1090 ortum
968 1034 1104 1089 vixit
1130 1050 1300 1090 annos
1333 1036 1672 1106 octingentos
1716 1050 1853 1105 qua-

266 1131 541 1201 draginta.
568 1127 918 1198 Septuaginta
942 1136 1068 1182 ante
1089 1135 1275 1182 natum
1324 1127 1587 1193 Malaleel,
1637 1137 1853 1183 centum

266 1220 638 1291 septuaginta;
664 1227 849 1288 postea
879 1219 1063 1275 dixere
1083 1219 1447 1290 septingentos
1471 1219 1848 1290 quadraginta.

263 1314 372 1380 Qui
421 1313 828 1382 interpretatur,
881 1311 1011 1377 Quis
1053 1321 1130 1368 est
1165 1311 1420 1368 Dominus
1457 1312 1621 1380 Deus,
1651 1313 1736 1368 vel
1789 1329 1854 1367 ea:

265 1405 371 1460 vita
405 1405 565 1460 Deus.

339 1493 498 1567 [460]
538 1493 782 1550 Malaleel
837 1509 980 1550 anno
1038 1495 1374 1565 sexagesimo
1421 1496 1611 1565 quinto
1669 1494 1853 1567 genuit

263 1583 457 1650 Jared,
502 1586 591 1640 cui
635 1584 935 1656 supervixit
993 1599 1164 1640 annos
1213 1586 1551 1657 octingentos
1609 1587 1846 1658 triginta.

267 1673 616 1743 Septuaginta
667 1683 791 1729 ante
821 1681 1009 1728 natum
1035 1673 1198 1729 Jared
1237 1689 1408 1730 annos
1433 1683 1650 1730 centum
1694 1689 1850 1729 sexa-

267 1765 419 1831 ginta
457 1765 710 1834 quinque,
751 1771 937 1832 postea
994 1777 1224 1833 posuere
1273 1773 1556 1819 sexcentos
1603 1763 1844 1835 triginta.

264 1853 660 1923 Interpretatur
695 1862 873 1909 autem
898 1854 1213 1908 descendens
1243 1854 1358 1909 sive
1379 1855 1648 1909 roborum.

335 1943 495 2016 [692]
531 1943 693 1999 Jared
745 1959 1008 1999 annorum
1062 1953 1276 2000 centum
1305 1945 1584 2015 sexaginta
1616 1947 1847 2005 duorum

263 2035 448 2108 genuit
483 2035 657 2100 Enoc,
709 2035 794 2090 cui
839 2035 1141 2105 supervixit
1169 2052 1340 2092 annos
1375 2037 1734 2108 octingentos.
1788 2041 1848 2097 ln

260 2128 364 2182 hac
401 2127 751 2196 generatione
779 2140 1046 2194 nusquam
1093 2127 1310 2196 utrique
1371 2127 1587 2183 codices
1640 2129 1848 2185 discre-

258 2226 402 2289 pant.
457 2217 646 2272 Enoch
687 2215 980 2270 translatus
1027 2226 1111 2271 est
1169 2233 1199 2272 a
1256 2217 1366 2272 Deo
1402 2219 1642 2288 :quique
1685 2221 1847 2276 etiam

257 2309 514 2365 nonnulla
536 2309 842 2378 scripsisse,
873 2306 1009 2364 Juda
1023 2309 1266 2379 apostolo
1281 2309 1515 2380 idipsum
1535 2319 1845 2380 atteslante,

259 2405 450 2455 tertur.
471 2400 577 2456 Sed
598 2401 667 2455 ob
689 2399 1062 2470 antiquitatem
1084 2411 1349 2470 suspectae
1378 2401 1522 2467 ﬁdei,
1541 2417 1570 2456 a
1596 2401 1847 2459 Patribus

258 2493 493 2546 refutata
519 2501 665 2558 sunt,
689 2500 749 2546 ut
772 2501 896 2547 sunt
925 2491 1012 2546 illa
1053 2508 1175 2562 qua:
1201 2494 1302 2548 sub
1326 2492 1444 2562 ejus
1482 2495 1698 2550 nomine
1726 2511 1847 2566 pro-

264 2585 519 2639 feruntur
542 2584 608 2640 de
640 2585 937 2656 gigantibus
969 2584 1162 2641 fabulae
1183 2598 1231 2653 α,
1263 2587 1408 2656 quod
1425 2601 1532 2642 non
1559 2588 1848 2645 habuerint

262 2678 516 2732 homines
539 2684 735 2747 patres.

333 2766 353 2839 [
375 2767 525 2840 σει]
564 2767 747 2824 Enoch
776 2783 1043 2825 annorum
1067 2768 1348 2842 sexaginta
1386 2769 1624 2840 quinque
1661 2771 1846 2839 genuit

259 2861 637 2926 Mathusalem,
674 2870 795 2933 post
828 2860 981 2931 cujus
1014 2871 1193 2918 ortum
1241 2863 1541 2919 ambulavit
1581 2879 1704 2920 cum
1734 2864 1846 2920 Deo

257 2952 521 3007 trecentis
550 2953 726 3007 annis.
757 2952 1107 3025 Septuaginta
1131 2963 1256 3009 ante
1282 2963 1465 3010 natum
1493 2954 1846 3012 Mathusalem

256 3059 487 3115 posuere
512 3052 726 3100 centum
755 3046 1144 3116 quinquaginta
1177 3047 1417 3118 quinque
1439 3064 1628 3114 annos,
1656 3057 1844 3118 postea

258 3137 518 3192 ducentos
538 3137 740 3202 Enoch,
772 3137 864 3207 qui
893 3137 1285 3208 interpretatur
1314 3141 1593 3205 dedicatio,
1611 3141 1840 3210 septima

255 3229 603 3300 generatione
651 3228 963 3296 translatus,
1017 3231 1296 3287 civitatem
1362 3233 1654 3289 electorum
1708 3233 1838 3288 insi-

257 3329 406 3382 nuat,
438 3335 556 3391 qum
591 3321 644 3374 in
669 3328 819 3376 sexta
850 3320 1008 3391 hujus
1053 3323 1235 3377 saeculi
1286 3331 1445 3378 aetate
1481 3338 1579 3394 pro
1617 3324 1724 3379 Deo
1753 3323 1832 3378 la-

254 3415 472 3480 borans,
516 3417 567 3469 in
603 3415 829 3486 septima
871 3416 1080 3472 sabbati
1126 3415 1292 3473 futuri
1341 3418 1568 3488 gloriam
1620 3419 1837 3475 dedica-

254 3507 420 3562 tionis
446 3515 741 3578 exspectat.
785 3508 854 3562 At
873 3509 997 3578 quia
1024 3509 1238 3580 reprobi
1281 3510 1396 3566 sola
1428 3511 1678 3580 praesenti
1709 3519 1837 3567 sunt

255 3598 515 3654 ﬁdelitate
543 3599 806 3664 contenti,
839 3597 970 3654 Cain
1001 3599 1274 3655 civitatem
1304 3615 1464 3670 quam
1490 3600 1683 3656 statuit
1725 3616 1835 3657 non

254 3689 310 3743 in
356 3690 581 3760 septima
613 3690 977 3762 generatione,
1015 3690 1108 3747 sed
1154 3691 1209 3745 in
1246 3691 1606 3762 primogenito
1643 3691 1832 3750 Enoch

252 3778 364 3835 ﬁlio
391 3790 694 3838 consecrat.

231 3913 236 3915 -
323 3871 492 3945 [874]
559 3872 909 3929 Mathusalem
962 3887 1225 3930 annorum
1282 3882 1499 3929 centum
1551 3879 1830 3947 octoginta

250 3972 458 4038 septem
483 3964 668 4040 genuit
696 3964 955 4034 Lamech,
987 3964 1069 4023 cui
1104 3965 1399 4039 supervixit
1429 3981 1600 4024 annos
1625 3967 1833 4037 septin-

251 4069 442 4129 gentos
473 4060 743 4131 octoginta
797 4060 951 4125 duos,
988 4059 1041 4114 id
1086 4068 1171 4114 est
1217 4075 1386 4130 usque
1429 4061 1497 4115 ad
1549 4057 1831 4115 diluvium.

251 4151 604 4222 Septuaginta
632 4160 756 4208 ante
789 4161 975 4207 natum
1000 4152 1258 4219 Lamech,
1293 4161 1513 4208 centum
1544 4154 1830 4225 sexaginta

246 4252 456 4312 septem
507 4258 684 4299 annos
708 4253 911 4314 ponunt
935 4251 1142 4313 postea,
1175 4245 1513 4316 octingentos
1555 4246 1711 4311 duos,
1740 4245 1834 4315 qui

247 4350 531 4404 numerus,
563 4343 622 4390 ut
671 4335 839 4390 lector
863 4335 1117 4390 facillime
1145 4334 1368 4403 videbit,
1410 4333 1564 4404 juxta
1605 4335 1834 4392 Hebrai-

247 4443 370 4482 cam
391 4428 672 4482 veritatem
703 4427 891 4498 viginti
917 4427 1096 4491 annis,
1119 4426 1276 4494 juxta
1311 4443 1443 4483 vero
1475 4427 1829 4498 Septuaginta

1875 1837 1924 1897 B

1958 590 2100 630 nono
2130 577 2252 630 vita:
2278 592 2388 632 suae
2414 593 2557 633 anno
2582 575 2881 634 Mathusala
2917 589 3161 636 mortuus
3185 583 3280 648 sit,
3307 597 3372 639 eo
3397 599 3540 642 anno

1957 681 2063 737 quo
2088 667 2254 736 carpit
2294 682 2414 724 esse
2455 668 2733 724 diluvium.
2769 669 3067 727 Mathusala
3105 687 3369 727 annorum
3415 689 3541 730 cen-

1957 767 2070 815 tum
2103 760 2377 832 octoginta
2404 771 2608 833 septem
2641 763 2824 834 genuit
2865 763 3102 821 Lamech
3134 782 3147 819 :
3179 765 3281 821 hac
3319 781 3543 837 genera-

1959 853 2103 909 tione
2148 855 2396 924 gigantes
2445 855 2555 909 nati
2606 864 2762 922 sunt,
2810 856 3019 928 hacque
3064 865 3222 912 aetate
3273 858 3430 913 Jubal
3473 874 3541 914 ex

1955 957 2152 1013 genere
2201 942 2334 998 Cain
2381 953 2554 998 artem
2608 946 2872 1001 musicam
2921 947 3140 1018 reperit,
3187 948 3341 1019 cujus
3372 948 3539 1004 etiam

1955 1032 2123 1088 frater
2149 1033 2317 1088 Tubal
2349 1033 2479 1089 Cain
2507 1034 2631 1089 teris
2656 1033 2891 1105 ferrique
2924 1035 3175 1093 inventor
3199 1037 3321 1092 fuit.

2027 1122 2073 1195 [l
2084 1121 2211 1195 056]
2233 1124 2469 1179 Lamech
2494 1139 2758 1178 annorum
2781 1133 2997 1180 centum
3023 1127 3292 1197 octoginta
3314 1127 3540 1184 duorum

1954 1215 2139 1286 genuit
2167 1213 2310 1280 Noe,
2337 1215 2424 1270 cui
2460 1215 2757 1286 supervixit
2791 1217 2962 1272 annos
2992 1217 3356 1290 septingentos
3381 1220 3540 1290 quin-

1953 1321 2078 1376 que.
2121 1305 2472 1378 Septuaginta
2522 1315 2730 1378 ponunt
2771 1323 2943 1364 annos
2987 1318 3112 1364 ante
3158 1318 3347 1364 natum
3399 1308 3536 1376 Noe,

1953 1407 2169 1451 centum
2221 1397 2494 1468 octoginta
2554 1413 2767 1454 novem.
2825 1399 2894 1454 Et
2935 1407 3161 1470 postea,
3215 1401 3536 1470 quingentos

1952 1488 2228 1558 sexaginta
2272 1489 2526 1558 quinque.
2573 1488 2633 1543 ln
2679 1489 2778 1545 hac
2814 1490 2926 1546 sola
2953 1491 3297 1562 generatione
3323 1508 3535 1548 summa

1952 1579 2322 1635 universitatis
2348 1579 2640 1651 discrepat,
2685 1581 2809 1650 quia
2858 1582 3077 1653 triginta
3119 1581 3353 1653 quatuor
3382 1583 3539 1640 annis

1950 1671 2071 1740 plus
2111 1671 2312 1726 vixisse
2355 1671 2592 1727 Lamech
2633 1672 2689 1728 in
2729 1672 2970 1730 Hebraeis
2997 1689 3158 1744 quam
3210 1675 3265 1730 in
3313 1674 3538 1746 Septua-

1951 1762 2097 1832 ginta
2126 1761 2508 1818 translatorum
2535 1763 2812 1820 codicibus
2842 1765 3114 1822 invenitur
3145 1783 3160 1822 :
3190 1776 3246 1822 et
3279 1769 3403 1836 quia
3437 1769 3539 1825 hoc

1950 1855 2125 1924 potuit
2166 1855 2411 1911 accidere
2453 1870 2641 1912 errore
2684 1858 2999 1928 scriptoris,
3026 1860 3208 1930 potius
3252 1860 3300 1915 ei
3341 1860 3535 1932 linguae

1949 1944 2186 2000 creditur
2202 1946 2343 2001 unde
2357 1954 2441 2002 est
2461 1946 2515 2001 in
2538 1946 2698 2002 aliam
2721 1963 2821 2018 per
2847 1949 3169 2020 interpretes
3192 1949 3336 2006 facta
3363 1957 3536 2006 trans-

1951 2035 2103 2090 latio.

2023 2127 2207 2201 [1556]
2235 2128 2347 2186 Noe
2372 2170 2388 2196 ,
2419 2129 2601 2186 divino
2632 2130 2853 2187 oraculo
2891 2129 3137 2200 iubente,
3185 2145 3328 2186 anno
3358 2131 3536 2188 aetatis

1948 2235 2060 2277 suae
2103 2222 2566 2293 quingentesimo,
2621 2239 2805 2279 arcam
2863 2224 3136 2281 aediﬁcare
3200 2225 3385 2295 ctepit.
3436 2224 3533 2281 llis

1950 2311 2300 2381 temporibus,
2330 2321 2389 2367 ut
2415 2312 2581 2369 refert
2609 2313 2874 2385 Josepbus
2899 2315 3095 2386 (Antiq.
3128 2315 3221 2370 lib.
3259 2319 3320 2386 ι),
3353 2316 3531 2372 scicn-

1950 2408 2032 2456 tes
2066 2401 2142 2456 illi
2184 2403 2431 2459 homines
2463 2405 2606 2475 quod
2642 2413 2736 2460 aut
2763 2406 2918 2476 aquis
2951 2413 3044 2460 aut
3071 2405 3193 2476 igne
3221 2407 3400 2476 perire
3429 2423 3528 2478 po—

1949 2499 2146 2560 terant,
2168 2494 2221 2548 in
2249 2495 2456 2550 duabus
2475 2495 2762 2562 columnis,
2790 2510 2855 2551 ex
2881 2495 3050 2552 latere
3072 2505 3125 2552 et
3150 2496 3326 2567 lapide
3349 2497 3529 2564 factis,

1947 2587 2123 2641 Studia
2167 2601 2262 2642 sua
2311 2587 2768 2657 conscripserunt,
2801 2603 2868 2643 ne
2913 2587 3226 2644 delerentur
3271 2589 3530 2644 memoria

1944 2689 2065 2745 quae
2096 2675 2368 2745 sapienter
2395 2676 2732 2732 invenerant.
2771 2678 3010 2744 Quarum
3037 2677 3245 2747 lapidea
3276 2678 3526 2732 columna

1945 2763 2116 2820 fertur
2144 2765 2198 2820 in
2232 2765 2430 2822 diluvio
2455 2766 2680 2823 durasse
2700 2809 2716 2834 ,
2747 2778 2803 2823 et
2845 2768 3108 2824 hactenus
3137 2769 3192 2824 in
3223 2769 3378 2840 Syria
3406 2784 3529 2840 per-

1945 2871 2184 2911 manere.
2239 2855 2351 2912 Noe
2399 2873 2541 2912 anno
2588 2859 2980 2915 sexcentesimo
3028 2859 3174 2915 venit
3231 2860 3526 2928 diluvium,

1944 2962 2132 3003 mense
2161 2949 2420 3015 secundo,
2453 2949 2660 3004 decima
2704 2951 2933 3021 septima
2977 2951 3064 3006 die
3107 2951 3330 3006 mensis.
3364 2950 3530 3022 Cujus
3561 3007 3565 3014 λ

1945 3055 2125 3096 arcam
2150 3039 2414 3111 Josephus
2443 3041 2648 3097 sedisse
2670 3041 2838 3098 refert
2860 3042 2914 3097 in
2943 3043 3214 3100 montibus
3235 3043 3522 3110 Armeniae,

1944 3133 2034 3202 qui
2071 3140 2338 3187 vocantur
2357 3132 2571 3187 Ararat.
2597 3132 2720 3189 llzec
2742 3133 2916 3203 prima
2943 3141 3076 3190 aetas
3104 3133 3305 3200 saeculi,
3338 3149 3530 3189 secun-

1943 3223 2072 3277 dum
2102 3222 2426 3279 liebraicam
2452 3224 2882 3291 translationem,
2906 3226 3146 3281 continet
3170 3241 3341 3281 annos
3375 3225 3524 3282 mille

1941 3325 2224 3371 sexcentos
2255 3317 2644 3388 quinquaginta
2683 3333 2796 3374 sex.
2834 3317 3142 3374 Secundum
3173 3318 3526 3390 Septuaginta

1940 3407 2253 3473 editionem,
2283 3407 2365 3464 bis
2395 3407 2542 3463 mille
2571 3408 2830 3464 ducentos
2860 3409 3215 3481 quadraginta
3241 3410 3395 3464 duos.

2011 3495 2199 3568 (ans.
2227 3498 2264 3552 l.
2310 3514 2351 3565 ι,
2380 3514 2429 3554 c.
2456 3499 2534 3570 '5.)
2557 3499 2613 3554 In
2647 3501 2748 3557 hac
2774 3501 2944 3570 prima
2965 3510 3152 3568 tetate,
3185 3517 3352 3557 sacra:
3380 3500 3524 3557 litte-

1939 3603 2012 3643 ra:
2038 3590 2348 3657 continent,
2375 3600 2575 3660 praeter
2598 3595 2883 3648 veritatem
2928 3595 3240 3650 historicam
3268 3603 3323 3649 et
3349 3592 3527 3650 omnis

1939 3689 2204 3733 creatura:
2248 3680 2639 3746 conditionem,
2669 3684 2811 3751 quod
2847 3683 3046 3738 virtute
3084 3685 3319 3753 Spiritus
3351 3684 3526 3740 sancti

1937 3777 2208 3835 creatura,
2259 3783 2355 3839 per
2400 3769 2822 3826 inobedientiam
2869 3774 3078 3844 peccati
3125 3774 3243 3830 labe
3286 3773 3525 3842 foedata,

1935 3861 2289 3919 sanctiﬁcatis
2355 3864 2512 3934 aquis
2572 3872 2716 3920 esset
2781 3865 2848 3920 ad
2919 3877 3236 3938 perpetuam
3293 3868 3523 3939 gratiam

1935 3955 2232 4023 abluenda;
2281 3956 2468 4027 sicque
2507 3955 2598 4011 lux
2637 3957 2856 4028 pietatis
2903 3973 2936 4013 a
2981 3970 3140 4016 nocte
3191 3959 3524 4029 impietatis,

1935 4049 2276 4104 misericordi
2298 4048 2556 4120 justaque
2595 4048 2891 4116 divisione,
2920 4060 3067 4107 esset
3105 4050 3425 4106 dirimenda.
3456 4049 3526 4106 Et

1935 4145 1989 4200 in
2023 4143 2347 4203 fomtatiuue
2387 4141 2582 4214 Adam,
2611 4152 2694 4213 et,
2737 4144 2800 4202 de
2834 4152 2985 4203 costa
3026 4144 3213 4202 lateris
3241 4147 3379 4216 ejus,
3408 4161 3526 4200 mu-

1934 4240 2084 4295 lieris
2112 4240 2235 4296 Eva:
2254 4282 2268 4306 ,
2300 4250 2698 4296 sacramentum
2727 4240 2928 4296 Christi
2959 4247 3016 4295 et
3041 4238 3317 4295 Ecclesia.
3363 4237 3431 4293 Et
3469 4237 3523 4294 in

1934 4339 2242 4400 contempto
2274 4331 2528 4386 mandato
2573 4331 2825 4386 omnibus
2863 4330 3356 4400 transgressoribus
3385 4343 3524 4398 pra:-

1935 4429 2212 4491 ceptorum
2262 4421 2356 4475 Dei
2405 4431 2724 4492 perpetuam
2758 4430 2988 4477 mortem
3007 4419 3158 4488 justo
3198 4419 3405 4488 judicio
3440 4418 3524 4472 in-

246 4517 650 4581 auctoritatem,
703 4517 1108 4586 quatuordecim
1147 4518 1303 4572 annis
1353 4525 1596 4589 tempora
1648 4519 1831 4574 diluvii
1858 4519 1910 4578 D
1935 4511 2084 4568 ferri.
2113 4512 2180 4566 Et
2209 4513 2261 4566 in
2284 4520 2588 4583 serpentem
2610 4511 2885 4568 diabolum
2904 4509 3171 4582 prolatam
3197 4510 3523 4566 sententiam

244 4606 481 4662 transiit.
509 4606 576 4661 Et
595 4607 864 4677 quomodo
896 4621 1085 4662 verum
1127 4616 1211 4663 est
1262 4608 1405 4678 quod
1449 4617 1574 4665 octo
1619 4617 1828 4666 tantum

240 4696 441 4750 animae
505 4696 560 4749 in
613 4711 739 4751 arca
788 4696 948 4752 salvae
997 4696 1152 4753 facta;
1199 4699 1367 4754 sunt?
1439 4698 1548 4754 Sed
1611 4702 1666 4756 in
1718 4699 1826 4756 He-

240 4786 514 4841 braeorum
555 4794 611 4842 et
645 4786 698 4842 in
751 4785 1216 4844 Samaritanorum
1270 4788 1421 4844 libris
1460 4790 1536 4844 ita
1570 4791 1830 4860 scriptum

240 4877 517 4947 reperitur
577 4895 590 4931 ς
657 4876 726 4931 Ει
794 4877 931 4931 vixit
1011 4877 1309 4933 Mathusala
1381 4887 1597 4934 centum
1673 4887 1828 4934 octo-

241 4967 395 5038 ginta
421 4955 627 5036 septem
655 4967 841 5032 annis,
878 4975 934 5022 et
959 4969 1143 5038 genuit
1170 4968 1440 5034 Lamech;
1468 4977 1523 5023 et
1552 4969 1689 5023 vixit
1716 4969 1829 5042 Ma-

241 5058 477 5121 thusala,
503 5067 787 5129 postquam
810 5060 993 5130 genuit
1019 5059 1275 5124 Lamech,
1305 5061 1660 5132 septingentis
1685 5070 1829 5117 octo-

239 5151 392 5221 ginta
422 5150 558 5205 duos
587 5166 775 5214 annos,
809 5159 863 5206 et
885 5151 1068 5222 genuit
1094 5150 1231 5206 ﬁlios
1255 5159 1310 5206 et
1329 5151 1487 5206 ﬁlias.
1518 5151 1584 5205 Et
1610 5150 1828 5208 fuerunt

239 5255 432 5296 omnes
459 5241 574 5296 dies
605 5240 916 5295 Mathusala:
949 5241 1070 5296 anni
1105 5241 1360 5310 nongenti
1405 5240 1686 5312 sexaginta
1731 5254 1828 5294 n0-

237 5348 363 5389 vem
391 5373 405 5397 ,
435 5342 492 5388 et
518 5341 759 5389 mortuus
781 5343 882 5388 est.
912 5333 978 5386 Et
999 5333 1134 5388 vixit
1161 5331 1396 5388 Lamech
1435 5341 1652 5387 centum
1679 5341 1828 5386 octo-

238 5426 390 5496 ginta
409 5426 541 5480 duos
562 5441 752 5488 annos.
767 5435 820 5480 et
843 5424 1027 5495 genuit
1050 5424 1179 5480 Noe.
1201 5425 1246 5478 A
1270 5424 1355 5480 die
1380 5439 1509 5495 ergo
1533 5422 1829 5478 nativitatis

240 5515 558 5571 Mathusalae
585 5533 751 5586 usque
780 5517 846 5570 ad
885 5517 1026 5571 diem
1055 5525 1207 5570 ortus
1247 5514 1376 5580 Noe,
1405 5523 1533 5570 sunt
1554 5515 1679 5568 anni
1714 5526 1826 5568 tre-

240 5608 387 5661 centi
431 5608 707 5678 sexaginta
753 5622 964 5662 novem.
1008 5606 1104 5666 llis
1147 5607 1282 5661 adde
1329 5617 1613 5662 sexcentos
1657 5621 1829 5662 annos

239 5693 381 5759 Noe,
411 5698 536 5766 quia
564 5700 619 5752 in
649 5698 1038 5754 sexcentesimo
1067 5698 1190 5753 vita:
1234 5696 1350 5767 ejus
1387 5713 1530 5753 anno
1567 5699 1826 5753 diluvium

1936 4602 1992 4657 in
2029 4601 2108 4657 eis
2149 4615 2367 4656 manere
2405 4603 2497 4673 qui
2539 4599 2656 4672 ejus
2693 4601 2922 4658 fecerint
2962 4600 3325 4666 voluntatem;
3369 4608 3426 4655 et
3468 4599 3523 4656 in

1937 4689 2225 4745 maledicto
2273 4690 2543 4757 mulieris,
2600 4691 2866 4764 originale
2898 4699 3182 4761 peccatum
3229 4690 3416 4761 sequi;
3467 4699 3524 4746 et

1936 4789 2393 4849 transgressurum
2433 4781 2572 4837 ﬁlios
2602 4783 2702 4838 sub
2736 4790 2960 4854 peccan
3010 4783 3190 4848 nasci;
3233 4790 3288 4837 et
3327 4780 3522 4852 praedi-

1937 4880 2080 4928 ctam
2109 4887 2324 4943 posnam
2353 4873 2561 4943 peccati
2609 4873 2664 4927 in
2710 4873 2894 4928 labore
2924 4872 3136 4928 sudoris
3177 4881 3234 4928 et
3278 4869 3479 4926 doloris
3503 4908 3520 4936 ,

1931 4977 2090 5032 quam
2125 4965 2276 5018 radix
2308 4964 2531 5018 humani
2571 4964 2787 5034 generis
2831 4964 3001 5020 Adam
3048 4978 3144 5036 per
3176 4960 3522 5035 propagatio-

1929 5070 2052 5110 nem
2080 5055 2134 5108 in
2166 5070 2344 5109 ramos
2378 5071 2445 5111 ex
2473 5055 2654 5111 radice
2694 5056 2947 5111 damnata
2984 5057 3261 5112 venientes
3303 5053 3517 5110 infudit.

1999 5149 2056 5202 ln
2087 5148 2220 5203 Cain
2257 5157 2310 5202 et
2353 5147 2486 5204 Abel
2513 5149 2741 5205 duorum
2771 5150 3092 5222 populorum
3136 5152 3385 5220 ﬁguram,
3415 5147 3514 5202 Ju-

1930 5236 2171 5291 dzeorum
2217 5245 2271 5292 et
2306 5236 2762 5306 Christianorum,
2790 5240 2879 5295 ubi
2923 5241 3251 5296 sacriﬁcium
3297 5235 3520 5305 majoris

1933 5328 2227 5398 respuitur,
2253 5336 2309 5384 et
2338 5329 2565 5384 minoris
2592 5329 2845 5399 placitum
2871 5332 3195 5395 assumitur;
3223 5329 3516 5384 electorum

1935 5421 2355 5488 multitudinem,
2390 5422 2458 5477 ad
2486 5437 2672 5478 vcram
2718 5432 2772 5479 et
2816 5433 3074 5480 aeternam
3121 5421 3517 5478 dedicationem

1935 5512 2386 5577 transferendam,
2417 5522 2472 5568 et
2505 5514 2789 5570 homicida:
2820 5515 2978 5581 ﬁlios,
3010 5515 3109 5570 viae
3132 5528 3243 5568 sua:
3270 5511 3516 5568 ordinem

1934 5615 2360 5676 corrumpentes,
2395 5615 2451 5662 et
2487 5606 2634 5676 justo
2663 5615 2717 5664 et
2744 5607 3029 5664 manifesto
3044 5605 3250 5676 judicio
3272 5604 3519 5678 omnipo-

1935 5697 2095 5752 tentis
2120 5696 2216 5751 Dei
2246 5696 2683 5768 intercipiendos.

311 5813 441 5869 ευρ
487 5814 702 5883 scriptis
732 5815 935 5880 Enoch,
973 5814 1094 5870 vide
1149 5813 1287 5870 Sixti
1335 5812 1560 5870 Senens.
1599 5813 1852 5870 Biblioth.
1892 5810 1986 5868 lib.
2019 5827 2078 5868 ιι.
