4024 6362
506 372 579 431 τι
1515 366 1573 421 s.
1614 362 1865 421 musis
1898 358 2329 417 summm
2370 356 2782 414 YIENNENSIS
3718 367 3789 426 εδ

1709 661 1993 740 AETAS
2068 660 2539 740 SBCUNDA

1468 864 1509 904 Δ
1550 859 1816 905 palmo
1858 860 1941 903 AD
1980 858 2315 903 annnam
2358 859 2817 906 numam.

576 1014 765 1129 [ιδῖέη
810 1055 1057 1111 Secunda
1096 1054 1278 1111 saeculi
1309 1065 1493 1122 :etate,
1525 1056 1703 1127 prima
1741 1056 1906 1128 huius
1953 1056 2095 1122 diei,
2124 1057 2175 1117 Δ
2200 1053 2357 1108 simili
2390 1069 2513 1109 cum
2542 1067 2649 1108 una
2679 1053 2861 1125 lingua
2888 1052 2959 1107 sit
2985 1050 3199 1117 Latina,
3232 1052 3337 1106 sub
3360 1066 3465 1105 una
3490 1052 3669 1124 lingua
3696 1055 3783 1110 (ﬁ.

503 1160 539 1215 q
563 1162 625 1198 ne
660 1156 743 1200 est
776 1146 1026 1200 vicesima
1056 1147 1285 1217 septima
1324 1148 1528 1202 mensis
1564 1148 1809 1211 secundi,
1846 1162 2100 1219 egressus

394 1292 402 1299 ,
503 1244 587 1290 est
625 1235 737 1290 Nec
765 1234 832 1291 de
855 1251 1005 1302 arca,
1050 1234 1105 1292 in
1145 1254 1251 1307 qua
1294 1238 1484 1308 pauci,
1518 1236 1573 1292 id
1615 1246 1700 1293 est
1730 1248 1855 1293 octo
1880 1238 2097 1304 animie,

505 1328 668 1385 salva:
696 1325 851 1383 facta:
875 1338 1003 1383 sunt
1029 1344 1128 1399 per
1152 1346 1369 1399 aquam.
1400 1329 1553 1396 Quod
1579 1345 2016 1385 commemorans
2043 1330 2097 1383 in

508 1418 749 1490 Epistola
784 1434 879 1475 sua
926 1418 1117 1474 beatus
1152 1418 1347 1475 Petrus
1387 1421 1669 1491 apostolus
1706 1421 1892 1475 statim
1933 1436 2100 1491 expo-

509 1527 641 1566 nere
671 1512 883 1568 curavit
909 1528 924 1565 :
958 1510 1111 1580 Quod
1133 1521 1189 1567 et
1208 1528 1304 1567 vos
1327 1529 1471 1568 nunc
1491 1512 1685 1568 similis
1711 1512 1898 1567 forma:
1921 1513 2100 1568 salvos

505 1602 637 1659 fecit
682 1605 975 1675 baptisma,
1022 1620 1129 1660 non
1174 1606 1359 1661 carnis
1398 1605 1663 1675 depositio
1708 1607 1971 1672 sordium,
2003 1606 2098 1662 sed

510 1696 858 1751 conscientia:
902 1696 1058 1752 bona:
1099 1696 1452 1770 interrogatio
1498 1714 1596 1768 per
1623 1696 1792 1753 Deum
1826 1717 1840 1751 :
1874 1714 1973 1771 per
2007 1715 2097 1756 re-

505 1786 902 1841 surrectionem
947 1784 1077 1842 Jesu
1125 1786 1360 1853 Christi,
1390 1789 1483 1860 qui
1511 1798 1595 1844 est
1635 1788 1689 1844 iu
1719 1790 1940 1846 dextera
1976 1790 2095 1859 Dei,

506 1875 560 1931 in
592 1893 731 1948 aqua
767 1878 951 1934 diluvii
983 1882 1310 1952 baptismum
1342 1900 1356 1936 :
1388 1883 1443 1938 in
1471 1900 1599 1940 arca
1620 1894 1670 1940 et
1706 1885 1793 1941 his
1821 1902 1943 1958 qua:
1968 1903 2099 1942 con-

504 1969 716 2024 tinebat
744 1970 1045 2027 Ecclesiam
1077 1983 1133 2028 et
1173 1974 1358 2030 ﬁdeles
1398 1974 1550 2045 ejus;
1588 1978 1641 2033 in
1668 1980 1952 2035 octonario
1980 1981 2098 2036 ani-

506 2075 718 2115 marum
744 2076 989 2127 numero,
1006 2064 1322 2134 mysterium
1344 2066 1636 2123 Dominica:
1659 2070 2096 2138 resurrectionis,

509 2146 563 2201 in
594 2145 748 2216 cujus
775 2149 879 2204 (ide
904 2148 1265 2221 baptizamur,
1297 2154 1498 2211 docens
1519 2172 1641 2213 esse
1666 2159 1916 2231 ﬁgurata.

576 2236 820 2295 Fuerunt
844 2250 1026 2297 autem
1069 2241 1185 2298 Noe
1231 2242 1324 2299 lilii
1372 2253 1503 2312 tres,
1537 2245 1688 2313 Sem,
1717 2247 1888 2303 Cham
1924 2259 1980 2306 et
2006 2249 2098 2305 Ja—

504 2325 656 2394 pliet,
681 2342 747 2383 ex
776 2328 973 2398 quibus
1003 2332 1345 2403 scptuaginta
1370 2334 1491 2389 diue
1516 2334 1713 2408 linguae
1748 2346 1893 2405 sunt,
1933 2338 1989 2394 id
2012 2350 2098 2396 est

2202 1160 2374 1202 versa
2418 1154 2547 1200 sunt
2574 1146 2786 1216 patriai,
2818 1144 3163 1209 Bruttiorum,
3192 1143 3553 1207 Lucanorum,
3582 1145 3786 1214 Apulo-

2204 1250 2348 1299 rum,
2372 1234 2752 1300 Calabrorum,
2778 1234 3059 1290 Picentum
3079 1275 3097 1299 ,
3128 1232 3425 1287 Tuscorum
3442 1274 3458 1297 ,
3480 1243 3537 1287 et
3559 1235 3603 1288 si
3633 1235 3751 1288 die:

2202 1341 2322 1380 mus
2352 1326 2439 1380 his
2480 1337 2644 1394 atque
2678 1322 2987 1394 huiusmodi
3293 1324 3466 1378 Cbam
3492 1339 3652 1387 vero,
3696 1340 3789 1379 se-

2200 1419 2412 1472 cundus
2446 1417 2588 1473 ﬁlius
2629 1417 2775 1484 Noe,
2824 1433 2858 1472 a
2887 1417 3279 1472 Rhinocoruris
3323 1433 3495 1487 usque
3524 1417 3786 1483 Gaddila,

2202 1509 2406 1565 habens
2420 1512 2628 1583 linguas
2649 1527 2899 1568 sermone
2916 1512 3121 1566 Punico
3137 1527 3167 1565 a
3189 1519 3344 1581 parte
3361 1511 3784 1579 Garamantum;

2200 1599 2416 1666 Latino,
2439 1618 2470 1655 a
2494 1612 2650 1672 parte
2670 1602 2880 1667 horae;
2908 1602 3275 1665 barbarico;a
3296 1611 3452 1672 parte
3479 1602 3787 1671 meridiani,

2200 1688 2553 1761 Ethiopum,
2582 1692 2994 1767 Egyptiorum,
3024 1702 3081 1749 et
3120 1695 3367 1749 barbaris
3407 1695 3784 1761 interioribus,

2199 1782 2354 1837 vario
2376 1798 2649 1849 sermone,
2678 1785 2871 1855 viginti
2893 1785 3102 1841 duabus
3129 1785 3348 1857 linguis,
3378 1792 3431 1840 in
3454 1787 3647 1856 patriis
3679 1795 3790 1843 tre-

2200 1877 2376 1929 centis
2422 1878 2717 1948 nonaginta
2753 1887 3007 1947 quatuor.
3048 1877 3242 1948 Japhet
3281 1886 3487 1940 autem,
3514 1877 3725 1942 tertius,
3753 1891 3787 1932 a

2199 1962 2371 2021 Iledia
2398 1981 2574 2037 usque
2616 1968 2683 2023 ad
2724 1967 2951 2023 Gaddila
2998 1970 3066 2023 ad
3114 1968 3355 2023 boream.
3402 1967 3577 2023 Habet
3602 1976 3786 2022 autem

2197 2055 2394 2129 Japhet
2437 2056 2635 2114 ﬂumen
2679 2058 2984 2129 Tigridem,
3028 2059 3173 2129 quod
3220 2060 3413 2113 dividit
3456 2058 3685 2113 llediam
3731 2066 3790 2113 α

2196 2149 2572 2218 Babyloniam,
2604 2150 2659 2205 in
2706 2150 2895 2221 patriis
2923 2150 3190 2214 ducentis,
3238 2164 3490 2204 sermone
3525 2150 3685 2225 ‘vario
3729 2150 3784 2203 in

2199 2240 2395 2312 linguis
2419 2241 2608 2309 viginti
2636 2249 2890 2311 quatuor.
2916 2240 3075 2294 Fiunt
3116 2255 3249 2311 ergo
3282 2255 3476 2295 omnes
3504 2239 3663 2294 simul
3688 2239 3788 2293 lin-

2198 2346 2318 2402 gua:
2346 2331 2685 2402 septuaginta
2730 2330 2881 2396 duae;
2926 2331 3118 2402 patria:
3162 2340 3343 2386 autem
3379 2332 3785 2401 generationunt

505 2414 572 2469 de
601 2414 730 2472 Sem
765 2417 951 2490 viginti
982 2430 1141 2488 octo;
1167 2421 1235 2478 de
1266 2421 1459 2491 Cham,
1494 2426 1743 2497 triginta;
1782 2428 1849 2484 de
1875 2425 2095 2500 Japbei,
2124 2412 2172 2473 Β
2198 2421 2366 2487 mille,
2394 2438 2518 2492 qua:
2545 2422 2599 2476 in
2642 2422 2917 2493 tripartito
2952 2423 3105 2487 orbe,
3136 2423 3262 2477 Asia
3281 2464 3298 2488 ,
3338 2422 3540 2487 Africa,
3574 2422 3785 2491 Europa

506 2505 850 2577 quindecim.

578 2598 765 2674 [1658]
819 2600 946 2659 Sem
997 2606 1296 2663 centesimo
1350 2624 1494 2664 anno
1538 2611 1726 2682 genuit
1771 2611 2094 2683 Arphaxad,

509 2686 729 2746 biennio
761 2703 884 2763 post
927 2692 1220 2775 diluvium,
1254 2713 1283 2751 a
1334 2715 1444 2770 quo
1479 2698 1736 2757 Chaldiei.
1788 2702 2101 2775 Supervixit

507 2791 686 2835 autem
718 2781 845 2838 Sem
883 2791 1011 2840 nato
1036 2772 1328 2857 Arphaxad
1354 2789 1663 2863 quingentis
1692 2772 1883 2860 annis,
1913 2795 1967 2849 id
2016 2804 2102 2851 est

509 2886 680 2940 usque
707 2874 773 2926 ad
801 2875 1315 2948 quinquagesimum
1351 2896 1552 2936 annum
1587 2884 1883 2940 nativitatis
1906 2885 2096 2941 Jacob.

589 2958 777 3033 [1694]
806 2966 1096 3033 Arpbaxad
1116 2981 1259 3021 anno
1286 2971 1581 3025 centesimo
1613 2972 1889 3044 trigesimo
1910 2975 2101 3046 quinto

504 3050 693 3120 genuit
722 3048 868 3108 Sale.
904 3054 1001 3111 ilic
1027 3052 1380 3130 Septuaginta
1407 3060 1730 3134 interpretes
1749 3082 1910 3120 unam
1931 3082 2097 3139 gene-

502 3139 768 3195 rationem
800 3140 1101 3215 plusquam
1133 3145 1397 3206 llebraica
1426 3156 1629 3209 veritas
1657 3166 1976 3225 posuerunt,
2016 3160 2097 3215 di-

503 3240 687 3287 centes
715 3232 859 3304 quod
884 3234 1177 3308 Arphaxad
1193 3282 1207 3305 ,
1241 3256 1364 3297 cum
1391 3254 1537 3299 esset
1565 3247 1722 3302 annis
1749 3258 1967 3304 centum
2000 3250 2097 3305 tri-

505 3321 654 3393 ginta
690 3325 930 3397 quinque
972 3331 1159 3400 genuit
1206 3330 1433 3400 Cainan,
1465 3335 1558 3405 qui
1594 3351 1718 3392 cum
1748 3350 1965 3395 centum
1999 3341 2098 3396 tri-

501 3414 650 3500 ginta
701 3431 968 3476 annorum
1017 3420 1217 3490 fuerit,
1272 3426 1387 3496 ipse
1432 3428 1621 3499 genuit
1665 3428 1809 3486 Sale.
1854 3432 2097 3500 Quorum

502 3498 912 3568 translationem
952 3515 1284 3585 evangelista
1332 3498 1506 3574 Lucas
1557 3519 1663 3577 hoc
1714 3521 1837 3578 loco
1881 3498 2097 3580 videtur

500 3613 621 3656 esse
644 3610 883 3659 secutus.
910 3603 1058 3660 Vixit
1084 3617 1263 3664 autem
1284 3609 1575 3681 Arphaxad
1604 3623 1730 3684 post
1756 3624 1945 3671 natum
1971 3617 2097 3675 Sale

2200 2512 2320 2567 sits
2344 2519 2472 2567 sunt
2497 2529 2512 2565 :
2542 2512 2832 2583 habetque,
2858 2521 2920 2567 ut
2945 2512 3182 2568 diximus
3199 2554 3214 2577 ,
3239 2512 3432 2583 Japbet
3468 2511 3665 2567 ﬂumen
3696 2510 3788 2565 Ti-

2196 2601 2407 2672 gridem
2427 2642 2444 2667 ,
2489 2602 2635 2672 quod
2678 2601 2870 2658 dividit
2898 2600 3127 2655 lediam
3152 2610 3210 2657 et
3230 2600 3620 2672 Babyloniam;
3658 2599 3785 2654 Sen

2201 2703 2382 2751 autem
2432 2694 2807 2765 Euphratem;
2845 2694 3017 2750 Cham
3061 2710 3194 2750 vero
3222 2694 3399 2759 Geou,
3444 2694 3535 2763 qui
3563 2700 3785 2748 vocatur

2198 2785 2374 2840 Nilus.

2269 2874 2469 2931 Phalcc
2498 2890 2763 2931 annorum
2794 2875 3011 2945 triginta
3035 2876 3224 2945 genuit
3251 2874 3462 2945 Ragau,
3484 2875 3570 2929 cui
3596 2890 3783 2945 super-

2196 2964 2338 3020 vixit
2370 2967 2529 3021 annis
2566 2966 2809 3022 ducentis
2831 2980 3044 3021 novem.
3069 2965 3425 3038 Septuaginta
3448 2974 3577 3021 ante
3598 2975 3782 3020 natum

2200 3056 2387 3127 Ragau
2417 3066 2633 3114 centum
2654 3057 2874 3129 triginta
2900 3072 3073 3114 annos
3101 3069 3327 3130 ponunt,
3353 3069 3559 3129 postea,
3587 3059 3785 3114 ducen-

2201 3154 2286 3203 tos
2320 3157 2465 3203 octo.
2493 3148 2760 3219 Tempore
2789 3146 2988 3203 Phalcc
3013 3150 3182 3204 turris
3211 3148 3473 3205 aedﬂieata
3501 3159 3585 3205 est
3618 3148 3787 3205 facta-

2198 3251 2306 3307 que
2349 3238 2656 3307 linguarum
2702 3237 2915 3292 divisio.
2947 3236 3120 3305 Bujus
3145 3241 3312 3295 turris
3355 3240 3584 3295 altitudo
3624 3240 3787 3310 quin-

2199 3331 2355 3401 quies
2375 3329 2522 3384 mille
2542 3337 2757 3384 centum
2775 3330 3114 3400 septuaginta
3132 3339 3367 3401 quatuor
3386 3331 3588 3387 dicitur
3600 3337 3791 3385 tenere

2197 3434 2482 3491 passuum,
2508 3421 2766 3491 paulatim
2789 3419 3074 3477 altioribus
3099 3422 3153 3476 in
3174 3424 3452 3492 angustias
3473 3421 3787 3484 coarctatis,

2196 3518 2260 3565 ut
2286 3512 2497 3581 pondus
2525 3511 2816 3568 imminens
2840 3511 3056 3569 facilius
3080 3523 3431 3569 sustentaret.
3466 3514 3794 3571 Describuut

2196 3603 2275 3659 ibi
2323 3605 2519 3674 templa
2570 3618 2902 3667 marmorea,
2947 3604 3214 3672 lapidibus
3254 3606 3506 3672 pretiosis
3546 3620 3793 3673 auroque

501 3691 911 3765 quadringentis
955 3697 1126 3753 tribus
1156 3700 1340 3767 annis,
1373 3702 1460 3757 cui
1512 3711 1692 3761 tamen
1741 3704 2094 3780 Septuaginta

2204 3693 2482 3758 distincta,
2530 3701 2586 3748 et
2632 3692 2801 3747 multa
2842 3692 2945 3746 alia
2977 3708 3099 3761 quae
3135 3692 3386 3747 videntur
3427 3693 3788 3750 incredibilia.

499 3793 623 3856 post
668 3795 852 3843 natum
899 3786 1123 3845 Cainam
1167 3792 1444 3847 ascribunt
1475 3810 1648 3852 annos
1666 3767 2094 3871 quadringentos

2204 3783 2406 3838 Auctor
2430 3782 2590 3852 hujus
2617 3783 2783 3836 turris
2826 3780 3059 3837 Nemrod
3085 3783 3235 3853 gigas
3261 3784 3488 3838 exstitit.
3520 3785 3625 3852 Qui
3666 3794 3791 3856 post

502 3877 751 3950 triginta,
788 3887 845 3933 et
884 3878 1108 3934 Cainam
1137 3890 1258 3950 post
1293 3889 1479 3936 natum
1511 3883 1658 3951 Sale,
1692 3894 1965 3946 trecentos
1994 3893 2095 3947 tri-

506 3967 656 4038 ginta
686 3976 830 4024 octo.
856 3968 940 4025 Ab
962 3970 1253 4042 Arpliaxad
1284 3970 1568 4029 Samaritae
1595 3975 1678 4031 vel
1705 3973 1840 4033 Indi.

590 4057 783 4133 [1724]
821 4057 947 4116 Sale
987 4075 1250 4117 annorum
1300 4063 1517 4135 triginta
1548 4065 1734 4138 genuit
1764 4064 1971 4138 Heber,
2010 4072 2095 4127 cui

504 4149 809 4219 supervixit
853 4149 1014 4207 annis
1055 4152 1463 4225 Quadringentis
1505 4156 1694 4213 tribus.
1738 4155 1879 4215 Ante
1907 4169 2094 4217 natum

503 4236 706 4308 Bebcr,
723 4238 1076 4314 Septuaginta
1098 4252 1396 4311 posuerunt
1411 4258 1584 4302 annos
1608 4255 1824 4303 centum
1851 4250 2093 4319 triginta,

502 4338 715 4403 postea,
749 4338 1022 4388 trecentos
1048 4334 1291 4404 triginta.
1314 4333 1396 4390 Ab
1419 4335 1523 4392 hoc
1545 4334 1725 4393 [leber
1745 4336 2093 4396 Hebraeorum

504 4436 700 4477 nomen
732 4430 788 4477 et
820 4434 989 4493 genus
1016 4423 1210 4478 oritur.

577 4511 766 4586 [l785]
788 4511 964 4569 [leber
977 4515 1134 4569 anuis
1150 4514 1370 4585 triginta
1400 4525 1634 4587 quatuor
1656 4519 1843 4590 genuit
1866 4516 2091 4587 Phalcc,

501 4604 588 4660 cui
617 4603 916 4675 supervixit
954 4604 1363 4677 quadringentis
1389 4610 1609 4681 triginta
1640 4613 1819 4669 annis.
1857 4613 2092 4686 Septua-

503 4697 650 4770 ginta
666 4708 793 4753 ante
817 4706 1005 4754 natum
1029 4688 1226 4756 Phalcc
1251 4698 1479 4773 posuere
1500 4720 1625 4760 ann.
1644 4715 1860 4763 centum
1876 4709 2091 4781 triginta

503 4798 753 4860 quatuor,
779 4799 990 4863 postea,
1012 4792 1273 4849 ducentos
1302 4797 1659 4868 septuaginta.
1694 4796 1895 4855 Phalcc
1924 4800 2094 4856 inter-

2197 3870 2572 3927 confusionem
2616 3871 2923 3943 linguarum
2970 3873 3225 3944 migravit
3273 3874 3399 3929 inde
3445 3875 3514 3930 ad
3561 3874 3787 3945 Persas,

2196 3978 2399 4034 eosque
2425 3964 2602 4033 ignem
2633 3963 2815 4022 colere
2833 3966 3038 4023 docuit.
3069 3967 3280 4023 Abhinc
3304 3984 3523 4026 errores
3545 3972 3788 4042 gentium

2196 4065 2520 4121 creverunt,
2553 4056 2754 4129 templa
2797 4067 3130 4124 constructa,
3178 4068 3235 4113 et
3278 4060 3499 4129 quidam
3547 4062 3786 4133 gentium

2195 4150 2471 4222 principes
2501 4159 2759 4222 tauquam
2782 4151 2858 4207 dii
2882 4160 3008 4209 sunt
3038 4152 3271 4208 adorati.

2266 4239 2453 4313 [l820]
2479 4240 2665 4312 Ragau
2689 4255 2957 4297 annorum
2984 4242 3206 4313 triginta
3229 4241 3338 4298 duo
3356 4244 3543 4315 genuit
3563 4244 3784 4312 Serutb,

2196 4333 2283 4389 cui
2333 4333 2635 4404 supervixit
2677 4334 2837 4389 annis
2882 4333 3126 4391 ducentis
3166 4341 3397 4403 septem.
3435 4334 3784 4407 Septuaginta

2197 4434 2325 4480 ante
2351 4433 2538 4479 natum
2574 4423 2795 4489 Serutb,
2825 4433 3043 4481 centum
3071 4423 3293 4495 triginta
3330 4425 3465 4481 duos
3488 4441 3660 4482 annos
3684 4440 3785 4497 po-

2197 4528 2354 4587 nunt,
2380 4528 2568 4591 postea
2592 4519 2856 4576 ducentos
2872 4527 3015 4574 octo.
3039 4516 3366 4589 Scytharum
3384 4534 3608 4588 regnum
3626 4534 3785 4576 exor-

2198 4616 2311 4665 tum
2342 4621 2449 4675 est,
2476 4610 2565 4665 ubi
2587 4611 2794 4681 primus
2814 4609 3059 4680 regnavit
3080 4609 3316 4666 Tanaus.

2270 4701 2455 4776 [l858]
2498 4702 2697 4757 Serutb
2727 4716 2991 4756 annorum
3039 4702 3260 4774 triginta
3308 4704 3495 4773 genuit
3536 4703 3783 4773 Naeltor,

2198 4794 2286 4850 cui
2318 4792 2619 4864 supervixit
2644 4807 2815 4848 annos
2840 4792 3121 4849 ducentos.
3154 4792 3510 4867 Septuaginta
3537 4806 3664 4851 ante
3691 4812 3787 4851 na-

502 4891 750 4954 pretatur
783 4882 1008 4948 divisio;
1037 4884 1124 4938 cui
1151 4893 1437 4957 propterea
1474 4887 1579 4943 tale
1612 4905 1807 4945 nomen
1837 4902 2094 4961 parentes
2202 4897 2314 4942 tum
2351 4884 2566 4940 Nachor
2598 4894 2802 4956 ponunt
2839 4899 3011 4942 annos
3035 4895 3254 4943 centum
3298 4888 3540 4960 triginta,
3576 4901 3784 4958 postea,

502 4974 897 5045 imposuerunt,
941 4970 1067 5047 quia
1101 4984 1341 5049 tempore
1384 4980 1684 5036 nativitatis
1732 4982 1901 5053 ipsius
1950 4992 2095 5038 terra
2198 4975 2479 5031 ducenios-
2524 4974 2900 5046 Esypliomm
2943 4990 3172 5049 regnum
3222 4978 3390 5033 sum“
3427 4979 3784 5049 Pl‘iHCiPium.

500 5080 599 5136 per
636 5065 940 5137 linguarum
970 5066 1342 5124 confusionem
1385 5070 1557 5127 divisa
1604 5082 1706 5129 est.
1752 5071 1921 5143 Cujus
1950 5074 2092 5129 divi-
2120 5120 2173 5143 π
2200 5067 2291 5123 ubi
2317 5066 2525 5138 primus
2556 5066 2801 5137 regnat!“
2824 5067 2982 5125 2068.

502 5120 563 5136 Γ
714 5120 745 5137 υ
1391 5120 1557 5127 ηπ-.-
1606 5120 1706 5129 ν--.
1759 5120 1920 5143 νην-
1952 5120 2059 5129 μ...

502 5153 672 5213 sionis
718 5153 990 5212 Arnobius
1038 5150 1223 5214 rhetor
1267 5158 1338 5215 ita
1394 5162 1638 5218 meminit
1682 5161 1989 5237 (ARNOBIUS
2036 5167 2093 5219 in

2238 5120 2518 5229 "'[33731'
2549 5120 3090 5213 majus“...
3154 5158 3343 5228 viginti
3412 5168 3537 5215 octo
3600 5162 3789 5231 genuit

507 5244 656 5302 Psal.
686 5244 795 5320 etv)
825 5262 838 5301 :
869 5242 997 5303 Sem
1020 5288 1035 5314 ,
1061 5249 1421 5324 primogenita
1450 5250 1593 5320 Noe,
1623 5269 1751 5325 pars
1780 5255 1919 5311 facta
1950 5264 2032 5310 est
2059 5272 2090 5311 a

2204 5247 2404 5313 Thare,
2435 5248 2521 5303 cui
2541 5248 2837 5318 supervixit
2859 5264 3032 5305 annos
3057 5257 3273 5305 centum
3304 5257 3361 5304 et
3386 5251 3785 5307 novemdecim.

502 5326 726 5395 Persida
772 5347 827 5396 et
854 5337 1064 5396 Bactris
1095 5346 1263 5412 usque
1294 5343 1347 5399 in
1380 5342 1585 5400 Indiam
1624 5345 1811 5417 longe,
1839 5356 1894 5401 et
1921 5362 2092 5417 usque

2204 5337 2553 5413 Septuaginta
2590 5347 2715 5394 ante
2761 5350 2945 5394 natum
2998 5340 3177 5394 Thare
3210 5349 3417 5409 ponunt
3442 5343 3785 5415 septuaginta

506 5426 909 5487 Bliinocoruras
941 5447 954 5485 :
979 5446 1100 5503 qua:
1129 5433 1303 5504 spatia
1328 5442 1600 5489 terrarum
1630 5435 1830 5490 habent
1856 5435 2090 5507 linguas,
2200 5446 2422 5493 novem,
2451 5440 2659 5501 postea,
2679 5441 2893 5487 centum
2934 5432 3155 5502 triginta
3186 5446 3400 5488 novem.
3429 5433 3784 5506 Assyriorum

506 5532 759 5576 sermone
788 5521 1093 5590 barbarico,
1134 5522 1321 5593 viginti
1353 5533 1560 5595 septem
1592 5538 1640 5579 ι.
1675 5525 1732 5581 In
1763 5526 1960 5598 quibus
1988 5526 2092 5582 lin-
2203 5536 2426 5594 regnum
2467 5532 2523 5577 et
2571 5523 2947 5595 Sicyoniorum
3002 5524 3277 5591 nascitur;
3331 5526 3426 5582 sed
3472 5527 3681 5597 primus
3730 5527 3784 5581 in

506 5610 629 5682 guis
669 5598 854 5681 gentes
901 5622 1026 5668 sunt
1075 5613 1371 5684 patriorum
1404 5615 1786 5689 quadringinta
1823 5632 1949 5685 sex,
1980 5632 2093 5675 non
2200 5615 2439 5688 Assyriis
2468 5616 2707 5686 regnavit
2732 5613 2913 5680 Belus,
2929 5628 3090 5685 quem
3112 5616 3331 5685 quidam
3353 5616 3649 5674 Saturnum
3668 5618 3786 5673 exi-

506 5699 842 5757 dlversarum
882 5702 1210 5777 linguarum,
1241 5703 1336 5761 sed
1364 5703 1704 5761 diversarum
1738 5708 2041 5779 patria‘rum
2073 5727 2089 5766 :
2200 5708 2427 5765 stimant
2453 5726 2463 5760 :
2491 5707 2543 5761 in
2568 5704 2816 5776 Sicyonia
2848 5703 3148 5778 Egialeus,
3175 5722 3205 5764 a
3231 5724 3340 5781 quo
3364 5707 3622 5782 Egyalea
3644 5726 3786 5767 nun-

577 5828 606 5862 ⁸
643 5802 988 5888 Philastrius.
1008 5819 1301 5881 Hareseou
1321 5836 1440 5898 cap.
1466 5821 1603 5893 106;
1630 5822 1876 5896 pluribus
1898 5828 2092 5909 lillgnis
2128 5827 2379 5884 homines
2408 5832 2534 5879 ante
2557 5819 2721 5877 Babel
2749 5823 2942 5879 asserit
2970 5837 3115 5880 usos.

2111 5921 2243 5985 ἐςῑ
