4024 6362
1250 391 1662 449 CHRONICON.
1705 420 1774 432 —
1812 389 2015 446 AETAS
2057 391 2399 448 SECUNDA.
3414 386 3485 442 30

195 519 398 581 cupata
446 518 553 573 est,
598 521 720 577 qua:
770 507 1031 561 hactenus
1094 504 1494 585 Peloponnesus
1543 511 1785 559 vacatur.
1819 505 1872 565 Α
1895 505 2241 559 credentibus
2265 504 2433 558 misit.
2458 501 2612 569 Quod
2653 508 2832 554 autem
2861 498 2978 567 ejus
3006 496 3234 553 altitudo
3263 496 3485 566 triginta

198 603 395 663 Ninus,
431 614 529 654 rex
574 596 921 668 Assyriorum
961 595 1187 665 primus,
1236 593 1594 664 propagandae
1618 593 1792 647 domi-

198 692 447 750 nationis
473 689 722 754 libidine,
771 702 921 742 arma
967 687 1114 741 foras
1151 684 1363 750 extulit,
1403 694 1795 752 cruentamque

199 787 377 840 vitam
410 781 622 853 magnis
652 794 747 850 per
778 785 943 834 totam
963 777 1147 832 Asiam
1168 776 1325 833 bellis
1352 776 1481 847 egit.

276 871 479 945 [1948]
518 870 991 927 Thare.annorum
1031 868 1367 939 septuaginta
1411 868 1598 938 genuit
1623 865 1796 923 Abra-
1842 890 1847 915 τ

203 968 357 1030 ham,
379 963 468 1020 cui
497 961 801 1032 supervixit
826 975 997 1015 annos
1040 968 1256 1015 centum
1286 958 1506 1030 triginta
1536 959 1793 1028 quinque.

206 1059 322 1114 Sub
345 1070 455 1127 quo
499 1053 839 1118 Zoroastres,
869 1052 1091 1123 magica:
1134 1052 1402 1115 inventor,
1443 1065 1475 1105 a
1505 1049 1643 1105 Nino
1672 1065 1796 1119 rege

205 1148 515 1204 occiditur:
546 1146 639 1215 qui
664 1144 834 1200 Ninus
868 1144 1001 1214 ipse,
1032 1142 1160 1199 dum
1186 1142 1522 1199 deﬁcientem
1553 1157 1584 1195 a
1616 1157 1675 1197 se
1701 1156 1797 1211 op-

207 1247 418 1310 pugnat
439 1237 651 1304 urbem,
692 1235 888 1307 sagitta
916 1236 1056 1290 ictus
1083 1234 1303 1299 interiit,
1333 1234 1581 1303 murique
1619 1232 1798 1304 Baby-
1840 1224 1849 1315 ί

207 1329 372 1385 laniat
418 1343 448 1382 a
498 1324 855 1382 Semiramide
888 1324 1071 1395 regina
1094 1324 1438 1395 Assyriorum
1463 1322 1801 1379 aediﬁcantur
1834 1316 1841 1357 Γ

212 1419 435 1491 (tinos.
462 1418 500 1472 l.
528 1418 619 1489 v).
645 1416 919 1472 Hactenus
939 1416 1176 1471 secunda
1215 1416 1395 1471 saeculi
1424 1425 1555 1470 aetas
1578 1424 1800 1484 proten-

213 1512 387 1577 ditur,
443 1509 690 1579 ﬁuntque
735 1507 860 1562 anni
890 1523 921 1561 a
949 1507 1151 1562 diluvio
1194 1522 1363 1577 usque
1392 1508 1461 1562 ad
1501 1506 1797 1573 Abraham,

215 1600 364 1656 mille
402 1599 744 1671 septuaginta
793 1598 919 1664 duo,
973 1599 1267 1654 secundum
1294 1599 1567 1668 vulgatam
1602 1598 1798 1653 editio-

215 1707 361 1755 nem,
412 1690 465 1746 id
508 1699 592 1745 est
621 1689 977 1760 Septuaginta
1025 1689 1382 1760 interpretum
1432 1707 1446 1742 :
1500 1688 1801 1744 secundum

215 1798 354 1839 vero
399 1782 746 1859 Hebraeorum
811 1783 1043 1849 codices,
1108 1784 1264 1854 longe
1312 1783 1594 1852 pauciores
1644 1785 1797 1840 inve-

216 1873 463 1938 niuntur,
495 1874 545 1927 id
573 1881 658 1928 est
682 1872 930 1928 ducentis
960 1873 1249 1943 nonaginta
1272 1874 1500 1928 duobus.

285 1965 345 2020 In
368 1966 472 2020 hac
493 1965 728 2020 secunda
755 1972 914 2020 aetate
940 1979 1109 2021 sacra:
1131 1964 1324 2020 litterae
1343 1965 1644 2032 continent,
1671 1981 1807 2038 prte-

218 2066 301 2114 ter
320 2058 608 2115 veritatem
640 2058 976 2122 historicam,
1023 2056 1182 2114 ﬁdem
1220 2068 1276 2114 et
1301 2061 1657 2115 sacramentis
1700 2059 1808 2129 ple-

219 2163 343 2203 nam
383 2148 608 2203 Patrum
639 2148 1019 2204 obedientiam.
1048 2147 1106 2202 ln
1152 2147 1256 2203 hac
1283 2148 1397 2204 Noe
1422 2148 1665 2220 mystica:
1690 2147 1801 2218 jusp

218 2238 354 2293 sioni
383 2246 439 2293 et
457 2236 679 2293 fabrica:
706 2237 983 2303 obediens,
1013 2253 1195 2292 arcam
1219 2238 1461 2308 ﬁguratis
1486 2239 1727 2293 numeris
1754 2247 1809 2295 et

220 2328 489 2384 mensuris
536 2327 836 2392 fabricans,
873 2343 1101 2399 eamque
1145 2329 1358 2383 mundis
1411 2328 1810 2398 immundisque

219 2420 564 2484 animalibus,
607 2427 667 2474 ut
709 2417 759 2473 ei
782 2426 1112 2489 praeceptum
1141 2417 1316 2473 fuerat
1341 2417 1590 2489 implens,
1621 2418 1808 2473 Eccle-

221 2512 357 2564 siam
386 2518 631 2565 sanctam
659 2510 818 2566 nobis
840 2510 1161 2579 composuit,
1190 2509 1435 2565 miriﬁcis
1455 2509 1810 2565 sacramentis

228 2601 645 2665 redundantem,
680 2600 881 2672 lignum
920 2601 1185 2671 passionis
1213 2609 1268 2655 et
1308 2601 1487 2656 crucis
1523 2600 1807 2666 ferentem,

228 2701 405 2747 morte
434 2691 633 2746 Christi
656 2691 902 2761 baptismi
932 2692 1161 2764 gratiam
1184 2691 1555 2756 exhibentem,
1576 2690 1810 2761 pretium

227 2794 474 2839 nostrum
532 2792 783 2854 tanquam
832 2799 926 2853 per
970 2784 1169 2839 ostium
1224 2783 1410 2838 lateris
1465 2791 1810 2838 manantem:

226 2891 322 2945 per
343 2876 485 2947 quod
513 2874 757 2931 columba
782 2875 967 2930 eadem
994 2876 1106 2946 ipsa
1141 2874 1377 2930 Ecclesia
1404 2881 1554 2929 tanto
1587 2887 1814 2929 munere

235 2968 412 3022 dotata
441 2968 747 3037 processit:
778 2976 837 3022 et
861 2968 1057 3022 corvus
1095 2967 1380 3022 haereticus
1406 2966 1615 3031 exiens,
1650 2966 1815 3022 tantis

229 3057 589 3111 sacramentis
635 3056 902 3127 indignus,
935 3057 1003 3111 ab
1052 3055 1140 3110 illa
1178 3071 1300 3126 quae
1354 3065 1583 3120 texerat,
1641 3055 1816 3122 nigre-

230 3149 350 3202 dine
390 3147 599 3219 peccati
642 3147 877 3217 illectus,
908 3147 1243 3212 transvolans
1272 3147 1493 3202 humani
1534 3146 1815 3203 cadaveris

1831 1866 1879 1926 Β

1896 598 2093 653 cubitis
2121 597 2310 666 surgit,
2343 610 2504 665 quem
2532 608 2819 649 numerum
2855 592 3039 647 decies
3077 591 3244 645 habet
3276 590 3332 645 in
3371 598 3482 646 tre-

1897 690 2070 745 centis
2103 688 2300 743 cubitis
2338 687 2635 758 longitudo,
2677 685 2806 755 quia
2846 682 3095 739 Christus
3124 688 3210 737 est
3256 678 3484 734 altitudo

1897 777 2203 847 nostra,qui
2217 776 2435 847 triginta
2449 790 2712 831 annorum
2727 782 2939 828 aetatem
2953 784 3166 843 gerens,
3181 767 3484 824 doctrinam

1897 868 2266 940 evangelicam
2279 867 2750 931 consecravit,con
2759 873 2961 920 testans
2979 862 3150 933 legem
3176 876 3285 915 non
3308 873 3369 915 se
3390 873 3484 913 ve-

1898 965 2044 1020 nisse
2055 963 2286 1027 solvere,
2301 960 2397 1017 sed
2410 959 2722 1028 adimplere.
2740 956 2893 1024 Quod
2916 956 3097 1010 sexies
3113 955 3269 1024 longa
3284 950 3351 1006 ad
3374 948 3491 1005 lati-

1901 1061 2141 1116 tudinem
2162 1072 2337 1122 suam,
2353 1063 2409 1112 et
2428 1055 2609 1110 decies
2624 1054 2691 1108 ad
2703 1051 3041 1107 altitudinem
3063 1062 3237 1110 suam,
3263 1042 3487 1100 humani

1900 1149 2143 1221 corporis
2190 1149 2363 1203 instar
2393 1130 2649 1210 ostendit,
2680 1143 2733 1197 in
2763 1157 2871 1211 quo
2895 1139 3144 1195 Christus
3180 1133 3438 1207 apparuit
3469 1148 3485 1186 :

1902 1240 2145 1311 corporis
2191 1238 2340 1295 enim
2367 1236 2643 1307 longitudo
2669 1250 2701 1288 a
2731 1233 2933 1288 vertice
2980 1243 3153 1299 usque
3202 1225 3273 1280 ad
3317 1223 3487 1279 vesti-

1902 1333 2070 1405 gium,
2101 1331 2280 1388 sexies
2305 1336 2512 1385 tantum
2532 1326 2739 1390 habet,
2767 1330 3031 1393 quantum
3076 1316 3327 1382 latitudo,
3369 1328 3491 1405 quae

1902 1403 1985 1479 est
2011 1423 2079 1478 ab
2104 1437 2212 1478 uno
2255 1421 2425 1476 latere
2452 1419 2521 1473 ad
2554 1418 2785 1473 alterum
2827 1414 2991 1477 latus,
3019 1426 3051 1477 ᾳ
3077 1409 3302 1465 dextera
3334 1406 3388 1460 in
3417 1403 3492 1459 si-

1902 1519 2150 1583 nistram,
2181 1515 2266 1572 vel
2291 1533 2322 1569 a
2346 1513 2567 1569 sinistra
2590 1512 2646 1566 in
2671 1511 2946 1566 dexteram
2975 1520 2990 1561 :
3018 1512 3075 1560 et
3102 1501 3283 1559 decies
3330 1511 3494 1568 quam

1905 1609 2045 1664 altus
2073 1624 2101 1662 a
2130 1618 2295 1662 terra.
2328 1603 2483 1661 Unde
2534 1602 2677 1657 facta
2723 1608 2806 1656 est
2850 1612 2976 1653 arca
3023 1601 3390 1651 trecentorum
3437 1587 3494 1642 in

1905 1698 2239 1771 longitudine
2267 1698 2597 1761 cubitorum,
2614 1702 2669 1750 et
2687 1687 3078 1763 quinquaginta
3104 1685 3159 1741 in
3187 1679 3493 1745 latitudine,

1908 1801 1963 1850 et
1995 1792 2215 1862 triginta
2241 1790 2297 1844 in
2325 1786 2631 1844 altitudine.

1977 1908 2178 1963 Eadem
2212 1920 2338 1962 arca
2359 1903 2584 1962 collecta
2630 1901 2686 1955 in
2720 1910 2887 1953 unum
2935 1893 3201 1954 cubitum,
3251 1887 3491 1956 desuper

1906 2006 2317 2057 consummatur
2354 2014 2367 2050 :
2403 1995 2487 2051 sic
2516 1990 2779 2056 Ecclesia,
2803 2000 3002 2057 corpus
3031 1979 3258 2045 Christi,
3287 1978 3343 2032 in
3373 1974 3493 2031 uni-

1906 2102 2019 2148 tate
2048 2090 2275 2148 collecta
2322 2086 2646 2143 sublimatur
2682 2090 2738 2137 et
2784 2078 3088 2151 perﬁcitur.
3120 2072 3277 2141 Quod
3307 2076 3495 2123 autem

1908 2187 2086 2241 aditus
2114 2185 2165 2239 ei
2193 2183 2262 2237 sit
2298 2196 2329 2236 a
2362 2181 2554 2242 latere,
2586 2190 2750 2232 nemo
2791 2174 2988 2243 quippe
3028 2169 3199 2223 intrat
3228 2163 3286 2218 in
3314 2158 3498 2216 Eccle-

1908 2262 2067 2341 siam,
2086 2275 2187 2330 nisi
2203 2288 2299 2343 per
2315 2276 2714 2327 sacramentum
2732 2258 3114 2332 redemptionis
3125 2262 3496 2331 peccatorum,

1909 2369 2053 2439 quod
2080 2382 2148 2421 ex
2176 2364 2380 2421 Christi
2417 2362 2589 2417 latere
2628 2365 2818 2430 aperto
2838 2354 3099 2411 manavit.

1982 2482 2137 2551 Quod
2175 2479 2431 2536 inferiora
2483 2490 2624 2531 arcae
2666 2475 2999 2530 bicamerata
3040 2474 3097 2522 et
3144 2465 3497 2520 tricamerata

1912 2586 2327 2639 construuntur,
2358 2574 2438 2629 sic
2483 2586 2551 2628 ex
2586 2568 2837 2626 omnibus
2880 2561 3131 2635 gentibus
3160 2556 3245 2612 vel
3275 2553 3500 2625 biperti-

1914 2682 2023 2727 tam
2082 2667 2481 2726 multitudinem
2530 2666 2820 2731 congregat
2865 2654 3120 2715 Ecclesia,
3155 2656 3377 2720 pr0pter
3398 2646 3500 2701 cir-

1913 2763 2303 2821 cumcisionem
2334 2767 2387 2811 et
2410 2753 2752 2828 praeputium,
2786 2748 2870 2802 vel
2901 2742 3249 2815 tripertitam,
3280 2745 3502 2828 propter

1915 2865 2026 2911 tres
2057 2853 2195 2907 filios
2225 2848 2357 2915 Noe,
2401 2826 2632 2917 quorum
2661 2838 2918 2912 progenie
2957 2834 3193 2905 repletus
3221 2837 3304 2886 est
3326 2826 3500 2883 orbis.

1914 2948 2040 3003 Ideo
2070 2960 2209 2999 arca:
2250 2940 2506 2998 inferiora
2537 2938 2681 2992 dicta
2709 2940 2856 2996 sunt,
2889 2929 3015 2999 quia
3047 2931 3100 2981 in
3133 2926 3239 2980 hac
3285 2930 3502 2976 terrena

1918 3042 2025 3096 vita
2050 3046 2133 3094 est
2160 3034 2447 3092 diversitas
2472 3030 2734 3102 gentium.
2766 3024 2823 3080 In
2868 3037 3078 3078 summa
3110 3026 3289 3074 autem
3315 3025 3507 3069 omnes

1917 3134 1972 3189 in
2026 3148 2192 3187 unum
2243 3138 2685 3185 consummamur
2729 3138 2741 3174 :
2782 3127 2838 3172 et
2881 3131 2985 3171 non
3024 3122 3108 3169 est
3137 3110 3211 3167 ibi
3242 3102 3500 3172 varietas,

229 3240 521 3310 cupiditate
558 3240 884 3311 naufragus,
919 3241 1119 3297 reverti
1164 3232 1480 3296 contemnit.
1516 3238 1656 3295 Area
1685 3254 1816 3295 con-
1842 3227 1889 3293 Ο
1921 3226 2048 3297 quia
2070 3221 2251 3278 omnia
2279 3227 2335 3273 et
2368 3218 2420 3272 in
2446 3213 2696 3271 omnibus
2725 3207 2994 3265 Christus.

229 3332 509 3399 struitura
550 3332 661 3387 Noe
683 3332 747 3387 de
777 3331 933 3403 lignis
960 3347 1063 3387 non
1093 3331 1550 3403 putrescentibus,
1575 3329 1818 3386 Ecclesia

232 3424 567 3479 construitur
588 3439 619 3476 a
665 3423 880 3479 Christo
906 3440 973 3478 ex
1009 3424 1315 3479 hominibus
1341 3424 1395 3478 in
1427 3423 1816 3493 sempiternum

234 3514 481 3580 victuris,
512 3529 634 3584 quae
663 3530 806 3569 nunc
849 3515 904 3569 in
946 3514 1197 3571 fluctibus
1227 3513 1385 3583 hujus
1430 3513 1613 3568 mundi
1644 3520 1816 3567 natat.

305 3608 457 3675 Quod
495 3615 676 3660 autem
702 3606 767 3661 de
793 3607 1070 3676 quadratis
1099 3606 1257 3678 lignis
1286 3604 1403 3659 ﬁeri
1436 3602 1676 3672 jubetur,
1711 3612 1821 3658 sta-

233 3699 397 3754 bilem
422 3699 583 3753 vitam
619 3709 929 3754 sanctorum
960 3698 1252 3770 signiﬁcat,
1283 3690 1521 3767 undique
1543 3696 1611 3750 ad
1660 3710 1821 3751 omne

234 3805 373 3860 Oplls
397 3790 595 3845 bonum
622 3801 868 3862 paratam
894 3809 906 3844 :
933 3804 1253 3862 quocunque
1279 3789 1422 3845 enim
1444 3789 1674 3843 verteris
1694 3802 1824 3859 qua-

237 3874 473 3947 dratum,
502 3881 733 3937 ﬁrmiter
753 3884 934 3938 stabit.

310 3974 462 4043 Quod
487 3975 746 4032 bitumine
773 3977 1109 4046 glutinantur
1133 3994 1275 4034 arcte
1309 3978 1451 4048 ligna
1496 3978 1826 4033 intrinsecus

236 4077 294 4121 et
330 4067 689 4135 extrinsecus,
721 4081 781 4123 ut
827 4069 879 4124 in
919 4084 1176 4141 compage
1228 4070 1450 4124 unitatis
1494 4070 1826 4141 signiﬁcetur

241 4159 528 4215 tolerantia
559 4162 862 4229 charitatis,
887 4178 953 4217 ue
981 4162 1251 4219 scandalis
1286 4161 1583 4218 Ecclesiam
1617 4170 1825 4217 tentan-

241 4252 407 4317 tibus,
438 4253 553 4307 sive
605 4254 673 4309 ab
729 4254 815 4313 his
848 4256 939 4325 qui
986 4255 1131 4311 intus
1161 4264 1305 4321 sunt,
1333 4256 1447 4311 sive
1485 4258 1554 4311 ab
1600 4254 1706 4311 illis
1733 4255 1826 4327 qui

242 4348 378 4403 foris
405 4356 552 4414 sunt,
580 4349 737 4404 cedat
778 4347 1019 4404 fraterna
1047 4349 1326 4417 iunctura,
1353 4358 1409 4405 et
1437 4348 1610 4405 solvat
1634 4349 1825 4405 vincu-

240 4439 354 4493 lum
377 4439 527 4508 pacis
555 4458 569 4491 :
602 4450 689 4495 est
710 4440 855 4496 enim
882 4441 1122 4497 bitumen
1152 4442 1606 4497 ferventissimum
1636 4448 1690 4496 et
1714 4441 1829 4496 vio—

242 4531 603 4587 lentissimum
635 4532 837 4604 gluten,
880 4534 1194 4604 signiﬁcans
1220 4534 1524 4591 dilectionis
1553 4533 1826 4600 ardorem,

242 4637 443 4693 magna
466 4621 781 4681 fortitudine
805 4626 873 4681 ad
892 4626 1174 4683 tenendam
1194 4627 1511 4684 societatem
1530 4626 1826 4698 spiritalem
1854 4610 1905 4669 Ι)

240 4714 429 4768 omnia
461 4716 797 4773 tolerantem.

312 4806 471 4872 Quod
507 4809 767 4866 trecentis
809 4809 1006 4866 cubitis
1054 4826 1180 4867 arca
1225 4810 1383 4883 longa
1426 4820 1530 4878 est,
1560 4819 1619 4866 ut
1648 4810 1829 4866 sexies

1991 3334 2143 3403 Quod
2188 3337 2382 3387 cuncta
2431 3325 2744 3382 animalium
2796 3320 3145 3377 includuntur
3203 3327 3402 3387 genere
3449 3308 3503 3364 in

1921 3442 2071 3492 arca,
2105 3425 2232 3496 quia
2268 3437 2337 3477 ex
2367 3420 2619 3476 omnibus
2645 3413 2897 3486 gentibus
2932 3418 2988 3464 et
3027 3406 3336 3496 nationibus
3377 3418 3505 3458 con-

1921 3519 2165 3592 gregatio
2191 3518 2262 3573 sit
2291 3516 2343 3570 in
2375 3511 2616 3568 Ecclesia
2660 3525 2676 3561 :
2711 3506 2853 3578 quod
2881 3502 3044 3559 etiam
3079 3500 3242 3592 Petro
3275 3495 3503 3592 demon-

1922 3586 2123 3668 stra'tlts
2143 3610 2323 3663 discus
2343 3605 2430 3660 ille
2453 3602 2739 3673 signiﬁcat,
2764 3596 2909 3668 quod
2933 3593 3130 3649 munda
3153 3599 3208 3646 et
3228 3586 3504 3644 immunda

1922 3706 1993 3761 ibi
2025 3704 2133 3760 sint
2170 3697 2421 3754 animalia
2458 3695 2599 3767 (Act.
2627 3692 2723 3761 n);
2770 3690 2913 3744 sicut
2955 3688 3010 3740 in
3035 3683 3502 3761 Ecclesizesacra-

1923 3795 2141 3859 mentis,
2165 3799 2220 3847 et
2245 3788 2372 3845 boni
2403 3794 2459 3841 et
2480 3784 2607 3840 mali
2636 3788 2946 3839 versantur.
3114 3788 3119 3795 ‘

1994 3906 2148 3976 Quod
2201 3909 2422 3972 septena
2473 3905 2602 3953 sunt
2652 3893 2874 3958 munda,
2919 3898 2976 3946 et
3026 3887 3155 3944 bina
3200 3884 3503 3976 immunda,

1925 3974 2046 4055 ideo
2076 3997 2204 4068 quia
2227 3993 2352 4049 boni
2375 3998 2597 4048 servant
2638 3988 2903 4043 unitatem
2931 3981 3157 4055 spiritus
3189 3979 3243 4034 in
3288 3974 3506 4032 vinculo

1924 4090 2097 4163 pacis,
2128 4094 2377 4144 sanctum
2408 4091 2587 4138 autem
2624 4078 2887 4153 Spiritum
2911 4080 2966 4131 in
2994 4074 3174 4130 divina
3219 4069 3505 4163 Scriptura

1926 4160 1981 4239 in
2009 4178 2311 4252 septiformi
2341 4174 2656 4247 operatione
2677 4169 3046 4233 commendat,
3079 4164 3208 4223 mali
3240 4170 3420 4218 autem
3450 4160 3508 4252 in

1924 4249 2140 4330 binario
2198 4283 2426 4325 numero
2465 4265 2757 4322 schismata
2796 4259 2983 4317 faciles
3022 4265 3079 4314 et
3111 4249 3511 4328 quodammodo

1926 4363 2225 4422 divisibiles
2257 4360 2635 4417 ostenduntur.

1996 4457 2150 4525 Quod
2180 4456 2295 4525 ipse
2321 4452 2433 4510 Noe
2462 4466 2585 4508 cum
2612 4449 2729 4505 suis
2753 4454 2985 4502 octavus
3012 4449 3352 4506 numeratur,
3382 4438 3512 4509 quia

1931 4555 1984 4609 in
2015 4551 2235 4607 Christo
2259 4561 2383 4617 spes
2424 4539 2840 4600 resurrectionis
2879 4545 3081 4593 nostrae
3120 4533 3391 4605 apparuit,
3418 4530 3513 4601 qui

1931 4654 2119 4699 octava
2148 4640 2257 4705 die,
2289 4639 2343 4694 id
2369 4644 2453 4694 est
2480 4643 2603 4707 post
2651 4630 2877 4689 Sabbati
2894 4628 3204 4699 septimam,
3231 4640 3264 4681 a
3285 4623 3516 4680 mortuis

1936 4734 2256 4793 resurrexit.

2000 4825 2153 4893 Quod
2181 4832 2303 4894 post
2329 4827 2536 4890 septem
2556 4818 2675 4874 dies
2715 4832 2784 4873 ex
2811 4830 2919 4886 quo
2970 4814 3248 4884 ingressus
3286 4818 3372 4865 est
3402 4806 3516 4864 Noe

239 4897 634 4971 quinquaginta
662 4903 1031 4973 compleantur
1061 4922 1075 4959 :
1100 4905 1241 4961 sicut
1272 4920 1367 4963 sex
1390 4905 1642 4961 atatibus
1669 4916 1829 4959 omne
1931 4919 1985 4973 in
2035 4931 2217 4973 arcam
2239 4914 2446 4971 factum
2464 4918 2550 4968 est
2573 4909 2856 4975 diluvium,
2887 4906 3013 4978 quia
3055 4906 3111 4960 in
3136 4917 3290 4975 spem
3323 4902 3518 4959 ﬁlium

239 4994 407 5076 hujus
431 4996 616 5051 saeculi
651 5007 861 5069 tempus
909 5001 1240 5067 extenditur,
1278 5001 1331 5056 in
1361 5002 1556 5072 quibus
1577 5000 1818 5057 omnibus

1931 5011 2148 5082 quietis,
2171 5023 2292 5080 quae
2317 5006 2549 5077 septimo
2574 5004 2661 5060 die
2683 4999 2985 5074 signiﬁcata
3015 5005 3120 5063 est,
3150 4994 3516 5067 baptiaamur,

239 5086 498 5145 Christus
524 5103 799 5160 nunquam
823 5092 1029 5148 destitit
1048 5094 1354 5163 praedicari,
1381 5095 1475 5152 sed
1500 5095 1553 5149 in
1576 5094 1833 5150 trecentis

2007 5101 2161 5169 Quod
2182 5108 2380 5171 praeter
2399 5106 2583 5152 arcam
2604 5094 2782 5151 omnis
2805 5106 2935 5149 caro
2957 5104 3118 5162 quam
3140 5097 3283 5145 terra
3306 5094 3519 5143 susten-

241 5180 446 5235 cubitis
491 5180 704 5252 signum
744 5182 875 5255 ligni
933 5185 1201 5256 passionis
1254 5187 1557 5243 ostenditur
1595 5204 1608 5240 :
1667 5185 1837 5256 ipsius
1937 5191 2324 5258 tabagdiluvio
2347 5185 3139 5259 consumptaest,quiaprzeter
3157 5178 3417 5236 Ecclesia:
3436 5187 3520 5231 so-

239 5270 393 5326 enim
448 5270 641 5327 litterae
694 5290 954 5332 numerus
1000 5278 1182 5334 crucis
1216 5279 1552 5335 demonstrat
1600 5279 1832 5349 signum,

240 5381 379 5436 quo,
428 5368 560 5423 socii
613 5368 817 5425 Christi
844 5371 1113 5442 passionis
1141 5372 1318 5430 eﬁ‘ecti
1360 5389 1458 5444 per
1485 5375 1834 5445 baptismum,

238 5460 640 5531 longitudinem
690 5465 815 5520 vitae
860 5474 1079 5522 aeterna:
1124 5467 1493 5538 adipiscimur.
1524 5467 1679 5536 Quod
1704 5481 1836 5523 vero

241 5553 450 5611 cubitis
477 5555 869 5630 quinquaginta
897 5560 1126 5616 latitudo
1152 5561 1269 5632 ejus
1314 5560 1655 5630 expanditur,
1698 5559 1836 5615 insi-

1936 5285 2209 5349 cietatem,
2227 5297 2366 5353 aqua
2378 5280 2634 5352 baptismi
2654 5278 2899 5350 quamvis
2911 5276 3100 5333 eadem
3112 5274 3204 5340 sit,
3221 5286 3329 5328 non
3344 5266 3516 5324 solum

1939 5391 2045 5432 non
2077 5374 2222 5430 valet
2240 5387 2300 5430 et
2324 5373 2573 5439 salutem,
2596 5371 2692 5427 sed
2730 5370 2909 5441 potius
2939 5367 3081 5423 valet
3105 5365 3170 5420 ad
3197 5358 3517 5434 perniciem.

2014 5466 2167 5534 Quod
2189 5465 2546 5536 quadraginta
2575 5463 2766 5518 diebus
2793 5471 2848 5517 et
2873 5456 3229 5530 quadraginta
3260 5448 3520 5505 noctibus

1942 5560 2094 5632 pluit,
2122 5558 2250 5628 quia
2274 5556 2454 5611 omnis
2483 5561 2668 5610 reatus
2708 5560 3053 5621 peccatorum
3080 5548 3133 5602 in
3165 5543 3354 5598 decem
3382 5553 3521 5610 pra:-

242 5656 386 5701 nuat
427 5649 572 5718 quod
614 5650 779 5706 corda
825 5651 1162 5707 credentium
1216 5651 1450 5722 Spiritus
1499 5653 1674 5709 sancti
1697 5652 1839 5709 dono
1942 5651 2115 5722 ceptis
2134 5650 2270 5721 legis
2291 5648 2599 5704 admittitur
2628 5661 2727 5715 per
2772 5644 3085 5701 universum
3128 5637 3319 5693 orbem
3350 5645 3523 5691 terra-

242 5740 522 5798 charitate
552 5741 880 5800 dilatantur:
912 5744 1055 5800 unde
1099 5744 1549 5817 quinquagesimo
1578 5745 1664 5801 die
1718 5752 1843 5817 post
1944 5760 2064 5798 rum
2111 5758 2125 5796 :
2169 5741 2261 5811 qui
2312 5749 2545 5809 quatuor
2598 5738 2845 5809 partibus
2886 5733 3218 5797 continetur,
3268 5729 3388 5788 sive
3432 5726 3524 5783 ille

246 5834 710 5893 resurrectionem
757 5852 912 5893 suam
961 5836 1210 5894 Christus
1264 5836 1525 5909 Spiritum
1593 5845 1842 5894 sanctum
1947 5842 2148 5899 reatus,
2174 5831 2267 5903 qui
2296 5830 2364 5886 ad
2396 5831 2512 5886 dies
2536 5830 2796 5902 pertinet,
2826 5842 2894 5884 ex
2920 5840 3103 5883 rerum
3127 5822 3520 5899 νεοδρθτίιδιθι
