4024 6362
499 377 567 435 31
1497 370 1554 425 S.
1597 364 1849 424 ADONIS
1885 359 2314 421 ARCHIEPISC.
2354 359 2768 421 VIENNENSIS
3697 357 3770 413 52

501 492 616 550 sive
642 487 734 560 qui
764 486 831 542 ad
853 493 1064 550 noctes,
1100 497 1167 540 ex
1187 495 1371 539 rerum
1400 480 1727 537 adversitate
1765 485 2078 534 contractus
2103 479 2158 539 Α
2182 477 2372 543 vitam,
2399 491 2521 546 quae
2545 476 2600 530 in
2630 475 2732 530 hoc
2775 472 2974 529 mundo
3001 472 3178 544 agitur
3211 469 3498 542 signiﬁcat.
3527 468 3774 540 Denique

500 582 592 648 sit,
617 585 958 636 sacramento
978 575 1233 648 baptismi
1256 573 1512 630 abluitur.

569 673 722 743 Quod
765 671 877 727 Noe
929 670 1344 741 quingentorum
1393 661 1515 722 erat
1561 679 1848 729 annorum,
1879 677 2002 718 cum
2029 660 2082 716 ei

499 767 714 825 locutus
741 774 825 821 est
860 764 1119 819 Dominus
1157 770 1218 816 ut
1254 774 1437 815 arcam
1477 758 1580 814 sibi
1608 759 1830 822 faceret,
1863 765 1920 812 et
1962 770 2083 811 sex-

501 871 690 920 centos
731 861 924 930 agebat
966 871 1135 912 annos
1178 870 1300 911 cum
1325 855 1380 909 in
1414 867 1535 909 eam
1556 852 1746 908 fuisset
1781 852 2081 920 ingressus,

500 954 841 1027 signiﬁcatur
867 961 1020 1008 sexta
1059 959 1219 1006 aetate
1269 951 1323 1005 in
1360 947 1800 1004 manifestatione
1853 959 2083 1016 evange-

501 1046 626 1110 lica,
668 1044 963 1100 Ecclesiam
1015 1042 1468 1108 construendam,
1521 1041 1663 1112 quod
1709 1047 1764 1094 et
1815 1037 2084 1094 secundus

500 1136 706 1193 mensis
739 1135 863 1191 anni
887 1135 1290 1200 sexcentesimi,
1323 1148 1430 1204 quo
1467 1141 1636 1188 intrat
1662 1131 1775 1186 Noe
1817 1129 1870 1185 in
1898 1142 2081 1183 arcam

501 1225 790 1296 signiﬁcat,
818 1225 926 1280 duo
952 1225 1100 1280 enim
1125 1239 1343 1280 menses
1365 1223 1581 1279 senario
1606 1235 1834 1277 numero
1864 1217 2083 1276 conclu-

501 1318 702 1373 duntur
733 1333 746 1348 ο
774 1332 805 1371 a
836 1316 1052 1373 senario
1089 1317 1235 1370 enim
1286 1330 1533 1381 numero,
1574 1321 1629 1369 et
1665 1313 1944 1382 sexaginta
1992 1325 2085 1365 co-

502 1409 908 1481 gnominantur,
941 1418 998 1464 et
1025 1409 1267 1464 sexcenti
1297 1416 1351 1463 et
1373 1422 1468 1463 sex
1505 1405 1699 1471 millia,
1727 1414 1782 1460 et
1802 1403 2084 1474 sexaginta

500 1502 691 1567 millia,
723 1511 779 1558 et
816 1511 1068 1558 sexcenta
1099 1501 1286 1566 millia,
1317 1508 1370 1556 et
1415 1499 1680 1570 quidquid
1725 1498 1980 1567 deinceps
2029 1496 2083 1550 in

502 1590 798 1661 majoribus
835 1591 1062 1648 summis
1105 1605 1204 1661 per
1247 1589 1497 1645 eumdem
1528 1587 1818 1642 articulum
1871 1585 2083 1640 numeri

501 1685 556 1741 in
587 1685 860 1740 inﬁnitum
902 1682 1198 1755 consurgit.
1225 1682 1293 1736 Et
1322 1681 1465 1750 quod
1505 1681 1797 1750 vigesimus
1821 1678 2084 1748 septimus

501 1777 618 1833 dies
652 1776 856 1832 mensis
881 1783 1357 1840 commemoratur,
1391 1775 1456 1829 ad
1479 1773 1719 1842 ejusdem
1742 1773 2086 1842 quadratum

2186 575 2310 639 post
2336 574 2541 638 septem
2572 564 2689 620 dies
2717 564 2936 621 dimissa
2967 571 3188 634 propter
3221 561 3366 616 illam
3402 559 3772 630 septenariam

2187 658 2556 730 operationem
2586 656 2904 728 spiritalem,
2934 655 3088 712 oliva:
3122 654 3458 710 fructuosum
3492 652 3772 710 surculum

2187 750 2410 806 retulit:
2444 764 2552 820 quo
2579 747 2908 820 signiﬁcaret
2935 746 3220 803 nonnullos
3257 745 3420 802 etiam
3466 753 3622 801 extra
3668 745 3773 802 Ec-

2186 843 2406 899 clesiam
2447 841 2775 912 baptizatos,
2815 841 2859 895 si
2896 840 2951 894 in
2995 839 3074 894 eis
3103 837 3371 910 pinguedo
3399 852 3506 892 non
3536 835 3774 892 defuerit

2188 935 2491 1000 charitatis,
2522 933 2818 1004 posteriore
2857 940 3096 1002 tempore
3130 930 3185 985 in
3226 945 3321 985 ore
3363 917 3624 985 columba:
3653 938 3775 986 tan-

2187 1043 2348 1098 quam
2378 1028 2432 1082 in
2461 1027 2646 1082 osculo
2682 1026 2851 1096 pacis,
2883 1026 2950 1080 ad
2985 1024 3247 1079 unitatem
3297 1023 3576 1079 societatis
3611 1037 3776 1094 posse

2186 1120 2425 1191 perduci.
2451 1119 2604 1187 Quod
2632 1127 2752 1190 post
2778 1119 2913 1174 alios
2939 1126 3144 1189 septem
3167 1117 3282 1173 dies
3305 1117 3494 1172 eadem
3521 1115 3772 1182 dimissa,

2187 1225 2294 1265 non
2323 1219 2406 1265 est
2426 1224 2663 1274 reversa,
2695 1207 2962 1279 signiﬁcat
2990 1207 3150 1262 ﬁnem
3178 1206 3383 1272 szeculi,
3413 1206 3632 1276 quando
3665 1207 3775 1260 erit

2189 1307 2499 1354 sanctorum
2544 1298 2775 1368 requies,
2809 1312 2918 1352 non
2949 1296 3124 1352 adhuc
3157 1297 3210 1351 in
3260 1305 3602 1352 sacramento
3630 1295 3772 1367 spei,

2187 1403 2294 1459 quo
2339 1389 2393 1444 in
2443 1391 2546 1444 hoc
2589 1398 2832 1458 tempore
2876 1387 3240 1454 consociatur,
3286 1387 3524 1457 quandiu
3567 1387 3775 1442 bibitur

2188 1480 2329 1550 quod
2355 1482 2421 1536 de
2448 1480 2614 1535 latere
2634 1480 2832 1535 Christi
2853 1479 3091 1534 manavit
3115 1497 3128 1533 :
3157 1478 3250 1533 sed
3275 1477 3389 1547 jam
3416 1479 3470 1532 in
3501 1478 3615 1549 ipsa
3649 1493 3774 1548 per-

2187 1572 2419 1627 fectione
2453 1573 2644 1627 salutis
2671 1580 2906 1637 aeterna,
2936 1587 3058 1627 cum
3100 1571 3345 1626 tradetur
3387 1585 3611 1641 regnum
3657 1568 3770 1625 Deo

2187 1673 2242 1721 et
2282 1665 2461 1732 Patri,
2494 1673 2554 1721 ut
2589 1665 2875 1736 perspicua
2920 1663 3370 1733 contemplatione
3414 1663 3774 1718 incommuta-

2187 1758 2312 1815 bilis
2339 1757 2605 1824 veritatis,
2649 1757 2811 1813 nullis
2855 1757 3170 1813 ministeriis
3198 1755 3570 1828 corporalibus
3615 1770 3774 1828 egea-

497 1869 950 1941 signiﬁcationem
972 1869 1225 1938 pertinet,
1259 1883 1378 1938 qua:
1399 1865 1512 1936 jam
1541 1867 1594 1920 in
1622 1865 1900 1936 quadratis
1922 1863 2082 1934 lignis
2110 1844 2158 1905 Β
2186 1871 2327 1911 mus.

497 1960 745 2032 exposita
770 1969 854 2016 est
890 1973 905 2013 :
939 1959 1036 2016 sed
1077 1959 1167 2015 hic
1196 1959 1501 2014 evidentius
1525 1957 1654 2028 quia
1682 1971 1782 2011 nos
1821 1956 1890 2010 ad
1923 1967 2085 2010 omne

496 2067 633 2124 opus
653 2053 854 2107 bonum
875 2059 1123 2122 paratos,
1146 2051 1200 2106 id
1224 2057 1310 2105 est
1328 2047 1729 2119 quodammodo
1751 2046 2086 2116 conquadra-

499 2155 604 2210 tos,
633 2144 873 2200 Trinitas
907 2142 1142 2215 perﬁcit,
1179 2142 1235 2197 in
1273 2141 1537 2196 memoria
1563 2156 1666 2211 qua
1691 2140 1859 2196 Deum
1889 2138 2082 2194 recoli-

503 2253 645 2303 mus,
677 2237 731 2292 in
772 2235 1127 2307 intelligentia
1152 2250 1258 2305 qua
1296 2233 1697 2304 cognoscimus,
1725 2234 1779 2288 in
1808 2232 2084 2288 voluntate

502 2341 611 2398 qua
641 2326 912 2396 diligimus
950 2344 964 2380 :
999 2324 1106 2380 tria
1131 2324 1276 2379 enim
1313 2332 1414 2387 ter,
1450 2333 1505 2379 et
1535 2324 1637 2379 hoc
1677 2330 1781 2389 ter,
1829 2323 1966 2377 ﬁunt
2007 2322 2084 2377 vi-

503 2417 637 2488 ginti
667 2424 896 2487 septem,
923 2415 1016 2484 qui
1039 2423 1124 2470 est
1156 2414 1367 2470 numeri
1398 2413 1623 2469 ternarii
1648 2412 1961 2483 quadratus.

574 2507 726 2575 Quod
758 2507 988 2577 septimo
1008 2521 1194 2561 mense
1215 2521 1341 2560 arca
1373 2506 1532 2569 sedit,
1554 2505 1656 2560 hoc
1689 2511 1775 2559 est
1792 2502 2080 2574 requievit,

501 2601 568 2656 ad
594 2600 737 2655 illam
766 2601 1050 2670 septimam
1078 2601 1323 2672 requiem
1351 2600 1674 2676 signiﬁcatio
1702 2600 1954 2664 recurrit,
1977 2615 2084 2670 qua

495 2691 721 2764 perfecti
754 2693 1142 2764 requiescunt:
1179 2694 1255 2750 ibi
1287 2709 1503 2764 quoque
1543 2693 1686 2749 illius
1725 2694 2073 2764 quadraturae

503 2798 764 2839 numerus
808 2783 1060 2850 iteratur,
1109 2799 1234 2839 nam
1294 2784 1551 2840 vicesima
1600 2785 1830 2854 septima
1874 2784 1960 2839 die
2001 2799 2085 2838 sc-

496 2874 660 2928 cundi
687 2875 915 2939 mensis,
940 2875 1373 2930 commendatum
1404 2882 1487 2930 est
1510 2875 1614 2930 hoc
1647 2881 2080 2930 sacramentum:

494 2971 554 3018 et
572 2978 760 3018 rursus
782 2963 1040 3020 vicesima
1063 2964 1293 3033 septima
1318 2965 1404 3019 die
1419 2964 1624 3020 mensis
1638 2964 1873 3034 septimi,
1891 2963 2085 3019 eadem

496 3054 898 3111 commendatio
949 3053 1270 3110 conﬁrmata
1309 3062 1395 3111 est
1445 3071 1569 3111 cum
1617 3070 1744 3110 arca
1781 3055 2080 3126 requievit;

493 3147 639 3218 quod
661 3147 804 3202 enim
833 3147 1169 3217 promittitur
1191 3146 1244 3201 in
1271 3161 1385 3218 spe,
1409 3147 1513 3202 hoc
1534 3146 1821 3202 exhibetur
1842 3147 1897 3202 in
1928 3161 2007 3202 re.

563 3239 734 3296 Porro
769 3240 894 3311 quia
943 3239 1059 3310 ipsa
1087 3240 1314 3310 septima
1359 3240 1575 3310 requies
1603 3255 1728 3295 cum
1760 3247 1951 3296 octava
1985 3253 2076 3296 re-
2109 3207 2155 3272 Ο

491 3334 831 3390 surrectione
875 3332 1240 3405 coniungitur,
1289 3334 1392 3390 hoc
1433 3334 1490 3388 in
1539 3343 1883 3390 sacramento
1925 3348 2082 3405 rege-

491 3427 794 3482 nerationis
829 3435 1052 3493 nostrae,
1093 3425 1148 3482 id
1177 3435 1262 3483 est
1305 3427 1361 3482 in
1391 3427 1687 3498 baptismo,
1735 3427 1905 3482 altum
1953 3443 2084 3498 pro-

491 3519 835 3590 zundumque
865 3519 1181 3592 mysterium
1215 3527 1332 3584 est,
1371 3521 1515 3591 quod
1550 3521 1858 3592 quindecim
1887 3521 2086 3578 cubitis

493 3610 856 3682 supercrescit
889 3627 1050 3680 aqua,
1093 3612 1366 3667 excedens
1412 3611 1753 3668 altitudinem
1792 3613 2081 3669 montium.

493 3700 629 3756 Octo
673 3701 857 3771 itaque
887 3708 944 3755 et
971 3709 1176 3772 septem
1206 3701 1515 3771 quindecim
1545 3700 1757 3757 faciunt
1786 3721 1799 3756 :
1832 3703 1926 3759 sed
1957 3713 2084 3760 oeto

491 3791 798 3864 signiﬁcant
867 3793 1354 3859 resurrectionem,
1395 3801 1602 3862 septem
1659 3794 1918 3862 quietem.
1969 3795 2084 3853 Hoc

491 3891 892 3938 sacramentum
939 3881 1354 3937 resurrectionis
1393 3888 1448 3936 et
1491 3881 1693 3950 quietis
1741 3885 2083 3940 transcendit

492 3989 709 4030 omnem
750 3972 1072 4042 sapientiam
1103 3972 1492 4044 superborum,
1538 3975 1611 4026 ita
1642 3981 1703 4028 ut
1735 3973 1881 4030 nullo
1921 3977 2083 4032 modo

493 4064 700 4136 possint
745 4063 1004 4134 indagare
1053 4064 1279 4119 scientia
1310 4079 1406 4118 sua
1445 4063 1785 4120 altitudinem
1835 4081 2082 4122 resurre-

491 4157 691 4213 ctionis
719 4167 775 4212 et
821 4158 1021 4228 quietis
1055 4175 1068 4211 :
1101 4167 1158 4214 et
1202 4157 1330 4228 quia
1376 4157 1720 4229 septuaginta
1749 4166 1805 4214 et
1839 4169 2044 4231 septem
2065 4201 2079 4229 ,

492 4255 549 4302 et
574 4246 846 4317 octoginta
881 4245 949 4302 ab
987 4255 1111 4303 octo
1145 4247 1580 4313 dinumerantur,
1615 4247 1904 4316 coniuncto
1929 4259 2082 4306 utro-

494 4353 598 4409 que
647 4352 903 4407 numero,
954 4346 1172 4392 centum
1229 4337 1619 4408 quinquaginta
1688 4339 1836 4406 dies,
1884 4342 2082 4411 quibus

493 4430 728 4485 exaltata
767 4437 852 4485 est
889 4444 1049 4501 aqua,
1079 4431 1326 4486 eamdem
1372 4432 1756 4487 commendant
1790 4432 1950 4488 nobis
1992 4443 2081 4490 at-

495 4537 600 4594 que
629 4523 954 4580 conﬁrmant
981 4523 1320 4578 altitudinem
1349 4523 1604 4594 baptismi
1629 4523 1683 4578 in
1710 4528 2078 4583 consecrando

496 4630 638 4671 novo
670 4615 889 4672 homine
922 4615 991 4671 ad
1030 4614 1316 4672 tenendam
1340 4615 1539 4686 quietis
1565 4624 1622 4671 et
1646 4618 2077 4674 consecrationis

498 4707 680 4765 ﬁdem.

569 4801 724 4870 Quod
753 4810 876 4872 post
913 4802 1030 4859 dics
1063 4802 1420 4874 quadraginta
1461 4805 1693 4860 emissus
1731 4818 1946 4871 corvus,
1974 4819 2083 4861 non

497 4901 584 4949 est
627 4908 903 4956 reversus,
931 4902 1024 4948 aut
1052 4893 1210 4964 aquis
1251 4894 1434 4964 utique
1482 4895 1835 4965 interceptus,
1865 4904 1960 4951 aut
1987 4897 2086 4953 ali-

497 4997 607 5054 que
637 4992 1023 5054 supernatante
1067 4985 1331 5040 cadavere
1376 4983 1613 5049 illectus,
1664 4984 1936 5056 signiﬁcat
1982 4987 2084 5043 ho-

499 5077 674 5134 mines
716 5076 1057 5132 immunditia
1105 5078 1418 5148 cupiditatis
1452 5077 1780 5144 teterrimos,
1808 5087 1864 5134 et
1885 5079 1956 5135 ob
1981 5081 2085 5137 hoc

499 5170 567 5227 ad
593 5183 657 5224 ea
680 5183 801 5241 qua:
829 5168 962 5225 foris
988 5178 1113 5226 sunt
1137 5170 1190 5224 in
1219 5171 1322 5226 hoc
1349 5169 1549 5225 mundo
1577 5169 1656 5225 ire
1680 5187 1693 5224 :
1724 5178 1819 5225 aut
1847 5171 2086 5242 rebapti-

499 5264 632 5328 zari,
663 5262 820 5334 quasi
869 5271 961 5318 aut
987 5270 1185 5334 praeter
1229 5278 1438 5328 arcam,
1467 5261 1520 5316 id
1558 5269 1644 5318 est
1673 5269 1872 5332 praeter
1900 5261 2088 5318 Eccle-

501 5355 658 5419 siam,
689 5353 989 5424 baptismus
1017 5353 1211 5424 prosit,
1239 5361 1298 5408 ut
1322 5352 1570 5408 occidant
1595 5358 1651 5408 et
1676 5350 1957 5418 seducant,
1990 5351 2089 5408 do-

499 5458 626 5503 cere
648 5455 704 5502 ει
730 5454 937 5503 tenere.
2004 5509 2006 5511 .

573 5539 727 5606 Quod
778 5541 1027 5598 columba
1079 5541 1298 5605 emissa,
1341 5556 1450 5597 non
1495 5541 1711 5596 inventa
1754 5543 1960 5612 requie,
1996 5556 2087 5599 re-

501 5645 662 5687 versa
697 5641 817 5699 est,
859 5634 1099 5690 ostendit
1143 5648 1242 5706 per
1291 5633 1498 5690 Novum
1549 5634 1955 5689 Testamentum
2004 5648 2090 5689 rc-

505 5721 685 5792 quiem
722 5726 925 5781 sanctis
957 5727 1009 5780 in
1042 5727 1143 5781 hoc
1186 5725 1387 5780 mundo
1427 5741 1530 5780 non
1571 5740 1693 5780 esse
1719 5725 2040 5794 promissam
2071 5743 2085 5779 :

507 5823 628 5888 post
650 5815 1005 5887 quadraginta
1030 5818 1176 5873 enim
1203 5819 1318 5874 dies
1341 5817 1539 5876 emissa
1572 5825 1686 5885 est;
1718 5818 1810 5887 qui
1833 5833 2091 5874 numerus

2257 1951 2410 2025 Quod
2454 1951 2844 2007 sexcentesimo
2866 1958 2923 2006 et
2945 1950 3122 2020 primo
3156 1963 3298 2004 anno
3322 1947 3449 2003 vitae
3475 1945 3607 2014 Noe,
3639 1961 3775 2017 ape-

2189 2041 2332 2095 ritur
2373 2056 2515 2096 arcte
2558 2048 2784 2107 tectum,
2827 2041 2952 2112 quia
3000 2040 3150 2094 ﬁnita
3195 2046 3348 2095 sexta
3388 2046 3550 2093 aetate
3587 2037 3773 2093 saeculi

2187 2133 2515 2189 revelabitur
2561 2132 2934 2190 absconditum
2982 2139 3382 2188 sacramentum
3424 2138 3588 2202 atque
3637 2145 3774 2200 pro-

2184 2226 2432 2281 missum.

2257 2317 2411 2386 Quod
2462 2317 2721 2376 vicesimo
2761 2317 2992 2388 septimo
3026 2316 3113 2372 die
3153 2315 3377 2372 secundi
3425 2314 3647 2380 mensis,
3688 2313 3776 2369 di—

2185 2411 2326 2467 citur
2368 2411 2511 2467 sicca
2555 2410 2722 2466 fuisse
2786 2418 2962 2476 terra,
3014 2417 3273 2477 tanquam
3336 2406 3484 2462 ﬁnita
3534 2416 3618 2462 est
3671 2403 3776 2461 ba-

2184 2503 2424 2575 ptizandi
2464 2502 2578 2572 jam
2631 2503 2928 2558 necessitas
2965 2502 3021 2557 in
3071 2514 3298 2556 numero
3348 2499 3552 2554 dierum
3609 2499 3776 2568 quin-

2187 2596 2500 2668 quagesimo
2546 2604 2600 2650 et
2653 2595 2883 2665 septimo
2928 2612 2941 2649 :
2992 2595 3108 2665 ipse
3163 2594 3308 2648 enim
3370 2600 3454 2648 est
3513 2593 3627 2648 dies
3685 2608 3778 2648 se-

2185 2692 2349 2748 cundi
2388 2690 2611 2756 mensis,
2650 2689 2940 2746 vicesimus
2976 2687 3259 2760 septimus,
3291 2687 3380 2756 qui
3420 2701 3679 2742 numerus
3707 2701 3777 2742 ex

2187 2783 2276 2840 illa
2317 2782 2697 2852 conjunctione
2743 2782 2967 2853 spiritus
3019 2789 3076 2837 et
3130 2780 3375 2851 corporis
3426 2778 3628 2849 septies
3677 2792 3776 2834 oc-

2190 2883 2342 2930 tones
2396 2873 2600 2940 habet,
2653 2889 2761 2930 uno
2809 2873 2990 2930 addito
3039 2879 3263 2945 propter
3311 2871 3539 2928 unitatis
3583 2870 3776 2926 vincu-

2187 2964 2320 3021 lum.
3775 2979 3778 2981 λ

2259 3059 2410 3127 Quod
2443 3060 2510 3117 de
2536 3075 2664 3117 arca
2693 3060 2966 3133 conjuncti
2995 3067 3214 3126 exeunt,
3243 3058 3334 3130 qui
3365 3057 3616 3130 disjuncti
3647 3064 3780 3112 ante

2188 3155 2554 3220 intraverant,
2595 3155 2720 3226 quia
2751 3156 2804 3210 in
2851 3155 2955 3212 hoc
2982 3166 3224 3226 tempore
3271 3170 3400 3210 caro
3445 3152 3783 3222 concupiscit

2186 3246 2446 3301 adversus
2497 3246 2790 3316 spiritum,
2841 3256 2897 3302 et
2953 3247 3176 3317 spiritus
3236 3247 3500 3302 adversus
3551 3256 3779 3299 carnem

2188 3336 2334 3412 (Cal.
2363 3338 2448 3410 v);
2498 3337 2838 3406 postmodum
2879 3346 3080 3404 autem,
3123 3339 3176 3394 id
3217 3345 3301 3393 est
3337 3337 3391 3393 in
3424 3337 3529 3391 ﬁne
3559 3334 3778 3399 saeculi,

2188 3429 2243 3484 in
2288 3430 2685 3486 resurrectione
2731 3429 2936 3487 scilicet
2983 3438 3326 3496 sanctorum,
3373 3428 3680 3484 omnimoda
3721 3435 3784 3482 et

2187 3520 2428 3592 perfecta
2496 3537 2627 3592 pace
2683 3522 2908 3592 spiritus
2965 3521 3180 3592 corpori
3241 3519 3574 3586 adhaerebit,
3627 3516 3780 3573 nulla

2190 3615 2534 3671 mortalitatis
2593 3615 2926 3687 indigentia,
2981 3613 3066 3668 vel
3130 3611 3567 3683 concupiscentia
3633 3610 3780 3668 resi-

2190 3713 2386 3762 stente.

2260 3797 2468 3850 Dantur
2507 3796 2586 3850 eis
2625 3803 2818 3850 cuncta
2849 3791 3104 3848 animalia
3144 3792 3198 3848 in
3235 3805 3440 3859 escam,
3480 3807 3550 3847 cx
3579 3791 3780 3862 quibus

2189 3886 2408 3955 sanguis
2429 3885 2745 3954 prohibetur
2764 3883 3098 3949 manducari,
3122 3897 3191 3938 ne
3211 3884 3321 3938 vita
3344 3881 3594 3954 pristina,
3616 3883 3776 3952 quasi

2189 3974 2470 4041 suﬁ‘ocata,
2515 3983 2762 4031 teneatur
2800 3975 2854 4030 in
2889 3975 3240 4041 conscientia,
3271 3973 3366 4029 sed
3413 3973 3613 4030 habeat
3653 3980 3778 4028 tan-

2187 4082 2349 4139 quam
2379 4066 2694 4122 eﬁ‘usionem
2724 4081 2820 4137 per
2842 4065 3261 4122 confessionem.

2261 4159 2414 4228 Quod
2443 4174 2570 4214 vero
2604 4166 2988 4214 testamentum
3036 4159 3219 4228 posuit
3263 4157 3404 4214 Deus
3433 4157 3574 4214 inter
3614 4172 3674 4214 se
3719 4164 3778 4213 et

2188 4250 2458 4315 homines,
2503 4257 2662 4318 atque
2720 4264 2936 4304 omnem
2993 4249 3230 4304 animam
3283 4248 3496 4314 vivam,
3541 4263 3610 4305 ne
3650 4263 3780 4319 per-

2187 4340 2342 4394 deret
2366 4353 2486 4395 eam
2517 4339 2739 4406 diluvio,
2770 4354 2957 4395 arcum
2987 4339 3196 4395 scilicet
3221 4339 3313 4410 qui
3349 4347 3570 4410 apparet
3597 4339 3651 4393 in
3678 4354 3778 4395 nu-

2187 4430 2367 4496 bibus,
2393 4431 2485 4501 qui
2513 4445 2792 4500 nunquam
2821 4429 2927 4486 nisi
2955 4430 3022 4486 de
3048 4430 3162 4486 sole
3186 4428 3514 4499 resplendet,
3543 4429 3668 4499 quia
3695 4429 3774 4484 illi

2187 4537 2295 4577 non
2328 4531 2554 4593 pereunt
2580 4522 2800 4589 diluvio,
2832 4523 2924 4593 qui
2951 4523 3006 4577 in
3032 4521 3311 4594 prophetis
3337 4530 3393 4577 et
3417 4522 3669 4577 omnibus
3695 4522 3777 4578 di-

2183 4615 2324 4671 vinis
2355 4615 2672 4688 Scripturis,
2702 4625 2958 4692 tanquam
2999 4616 3057 4672 in
3095 4617 3191 4673 Dei
3217 4615 3448 4673 nubibus
3478 4621 3778 4687 agnoscunt

2182 4705 2476 4763 Christum.

2255 4799 2312 4854 In
2342 4801 2444 4856 hac
2482 4809 2641 4856 aetate
2674 4801 2910 4857 secunda
2936 4809 3059 4872 post
3101 4800 3358 4858 diluvium
3387 4801 3650 4873 plantavit
3689 4801 3775 4857 vi-

2186 4907 2345 4948 neam
2386 4890 2499 4947 Noe
2527 4900 2582 4947 et
2613 4892 2911 4949 inebriatus
2938 4901 3099 4964 atque
3142 4893 3374 4948 nudatus
3397 4901 3482 4948 est
3523 4895 3578 4947 in
3614 4891 3778 4946 domo

2189 5000 2306 5050 sua,
2338 4992 2562 5056 portans
2584 4983 2782 5040 Christi
2814 4984 3059 5056 ﬁguram,
3086 4985 3181 5055 qui
3208 4984 3507 5040 inebriatus
3533 4991 3618 5040 est
3644 4983 3775 5038 dum

2189 5094 2383 5150 passus
2409 5085 2512 5143 est,
2545 5077 2778 5134 nudatus
2820 5087 2904 5134 est
2928 5078 3054 5134 dum
3087 5078 3377 5134 cruciﬁxus
3403 5086 3487 5134 est
3525 5078 3580 5132 in
3614 5077 3776 5131 domo

2191 5185 2309 5237 sua,
2355 5171 2407 5226 in
2448 5178 2608 5240 gente
2636 5186 2734 5227 sua
2782 5178 2838 5227 et
2881 5171 2936 5226 in
2984 5170 3296 5228 domesticis
3343 5171 3620 5243 sanguinis
3664 5171 3772 5226 sui.

2192 5259 2344 5316 Hanc
2385 5260 2709 5326 nuditatem,
2758 5261 2813 5317 id
2857 5270 2942 5318 est
2985 5262 3289 5332 passionem
3321 5261 3554 5329 Christi,
3583 5261 3777 5317 videns

2190 5349 2360 5407 Cham
2408 5350 2598 5408 derisit
2631 5369 2643 5406 :
2679 5359 2735 5406 et
2775 5351 2946 5408 Judaei
2991 5353 3192 5409 Christi
3233 5362 3461 5409 mortem
3502 5355 3774 5422 videntes,

2194 5447 2614 5501 subsannavere.
2663 5445 2788 5502 Sem
2833 5461 2963 5502 vero
3005 5453 3061 5502 et
3102 5445 3327 5516 Japhct,
3372 5456 3626 5519 tanquam
3666 5451 3776 5506 duo

2195 5537 2409 5609 populi,
2455 5551 2522 5591 ex
2569 5537 2980 5592 circumcisione
3027 5546 3082 5592 et
3128 5537 3424 5606 praeputio,
3465 5540 3773 5608 credentes,

2195 5633 2589 5705 quodammodo
2615 5633 2916 5702 passionem
2939 5633 3142 5689 Christi
3170 5635 3474 5692 velamento
3500 5645 3772 5705 texerunt,

2195 5726 2247 5780 id
2277 5733 2360 5780 est
2384 5731 2726 5779 sacramento
2753 5725 3152 5781 honoraverunt
3177 5745 3190 5781 :
3219 5728 3598 5783 vestimentum
3625 5731 3773 5786 enim

2193 5815 2462 5888 signiﬁcat
2509 5824 2934 5883 sacramentum,
2981 5818 3124 5889 quod
3170 5817 3329 5874 dorso
3371 5817 3772 5893 imposuerunt,
