4024 6362
236 377 312 435 55
1347 361 1766 421 CHRONICON.
1807 394 1836 404 -

1947 359 2129 418 ETAS
2166 360 2444 418 TERTIA.
3451 364 3528 424 δι

233 482 392 557 quasi
459 476 782 538 memoriam
837 475 1274 549 praeteritorum;
1333 476 1460 547 quia
1518 478 1830 546 passionem
1861 479 1908 540 Α
1938 475 2074 540 ﬁxit,
2111 475 2274 529 etiam
2304 473 2534 532 infilios
2560 488 2776 546 ptenam
2814 476 3179 534 damnationis
3211 493 3321 536 suae
3353 487 3530 537 trans-

231 575 434 635 Christi
466 580 797 629 transactam
827 569 1066 626 celebrat
1091 569 1351 634 Ecclesia,
1381 585 1486 625 non
1511 571 1690 625 adhuc
1716 585 1833 640 spe-

231 676 346 724 ctat
369 665 630 720 futuram.
657 661 866 718 Medius
893 668 1075 717 autem
1104 661 1271 716 frater
1299 659 1492 726 Cham,
1520 660 1574 716 id
1608 671 1690 718 est
1731 661 1833 716 im-

229 761 356 833 pius
403 755 634 828 populus
661 752 995 820 Iudaeorum,
1019 752 1112 823 qui
1146 768 1247 808 nec
1275 753 1568 824 primatum
1616 762 1832 824 aposto-

196 812 351 922 ‘Ilricae
382 812 577 915 tenuit,
608 861 711 901 nec
760 844 984 900 ultimus
1013 812 1069 899 in
1111 812 1366 916 gentibus
1395 812 1666 912 credidit;
1698 845 1833 900 vidit

230 941 539 999 nuditatem
579 938 775 1010 patris,
802 936 931 1009 quia
970 936 1246 992 consensit
1291 937 1346 992 in
1387 951 1578 992 necem
1615 936 1831 992 Domini

233 1033 538 1090 Salvatoris
571 1050 584 1086 :
618 1031 834 1087 nuntiat
876 1029 1138 1086 fratribus
1186 1028 1354 1096 foras,
1401 1031 1529 1101 quia
1566 1044 1665 1101 per
1704 1046 1830 1087 eum

231 1122 641 1181 manifestatum
668 1128 752 1179 est
779 1121 924 1192 quod
960 1129 1080 1175 erat
1124 1120 1178 1174 in
1218 1121 1498 1191 prophetis
1526 1129 1827 1185 secretum;

233 1214 467 1284 ideoque
496 1210 559 1266 fit
602 1225 792 1267 servus
835 1208 1062 1264 fratrum
1097 1224 1340 1277 suorum,
1373 1209 1514 1266 facta
1544 1211 1659 1280 ipsa
1699 1225 1832 1280 gens

236 1302 641 1377 quodammodo
684 1302 966 1358 scriniaria
990 1301 1444 1370 Christianorum,
1479 1300 1725 1371 bajulans
1753 1301 1831 1356 Ie-

235 1414 360 1472 gem
386 1405 444 1453 et
479 1397 774 1468 prophetas
795 1396 862 1451 ad
895 1395 1265 1451 testimonium
1291 1396 1607 1451 assertionis
1647 1395 1830 1450 Eccle-

236 1492 357 1556 siae,
389 1499 448 1546 ut
486 1490 818 1546 honoremus
859 1501 956 1558 per
1002 1496 1405 1545 sacramentum
1453 1490 1597 1558 quod
1638 1504 1832 1545 nume-

235 1593 366 1642 rant
395 1583 470 1638 illi
496 1597 592 1652 per
616 1581 876 1636 litteram.
905 1580 1173 1636 Peccante
1199 1581 1372 1636 Cham
1401 1581 1694 1652 posteritas
1718 1581 1835 1651 ejus

239 1681 550 1743 damnatur,
594 1674 722 1747 quia
750 1673 903 1747 plebs
927 1673 1148 1730 Iudaica
1178 1688 1301 1744 qua:
1335 1673 1622 1730 Dominum
1660 1673 1837 1730 cruci-

1939 572 2105 627 misit.
2145 570 2252 626 Sed
2278 581 2334 627 et
2362 571 2575 641 reprobi
2615 571 2707 642 qui
2748 571 2839 626 hic
2867 572 3204 642 delinquunt,
3247 573 3300 628 in
3339 582 3526 644 poste-

1939 679 2079 730 rum,
2109 664 2163 719 id
2189 671 2272 719 est
2308 661 2570 730 futurum,
2610 663 2936 718 sententiam
2982 663 3344 720 damnationis
3381 663 3529 722 exci-

1938 755 2112 826 piunt.

2011 846 2247 903 Nemrod
2292 846 2436 903 filius
2464 847 2630 913 Chus,
2677 846 2884 918 primus
2915 860 3111 903 novam
3143 846 3354 918 imperii
3382 849 3534 921 cupi-

1940 938 2111 995 ditate
2165 938 2508 1011 tyrannidem
2563 937 2832 1010 arripuit,
2886 946 3230 1009 comparatus
3294 939 3532 1008 diabolo,

1939 1031 2031 1102 qui
2071 1031 2302 1102 superbe
2352 1031 2718 1086 intumescens
2757 1043 2921 1101 super
2968 1029 3146 1085 sidera
3185 1045 3244 1085 se
3293 1030 3535 1089 exaltare

1938 1123 2110 1180 voluit
2151 1142 2164 1177 :
2213 1124 2415 1196 quique
2456 1131 2681 1178 venator
2727 1130 2782 1178 et
2826 1122 3082 1193 deceptor
3137 1122 3418 1178 hominum
3466 1124 3535 1180 ad

1938 1224 2173 1270 mortem
2205 1215 2258 1270 in
2288 1214 2478 1281 Babel,
2510 1214 2565 1270 id
2593 1221 2677 1270 est
2713 1213 2768 1268 in
2794 1212 3133 1280 confusione,
3163 1229 3394 1287 regnare
3427 1230 3534 1272 non

1940 1303 2212 1360 immerito
2254 1305 2480 1372 dicitur;
2522 1304 2613 1359 ubi
2656 1301 3060 1360 confunduntur
3097 1303 3293 1374 linguae
3341 1304 3534 1359 turrim

1939 1395 2235 1466 impietatis
2263 1396 2508 1467 superbae
2553 1394 2964 1460 zedificantium,
2998 1394 3240 1450 omnium
3279 1395 3535 1451 videlicet

1944 1487 2035 1557 qui
2097 1486 2165 1542 ab
2220 1488 2427 1542 unitate
2486 1486 2611 1542 fidei
2674 1494 2728 1542 et
2793 1485 3104 1557 integritate
3171 1485 3533 1540 confessionis

1945 1583 2100 1653 quasi
2153 1597 2252 1655 per
2308 1581 2698 1640 dissonantiam
2743 1579 2940 1653 linguae
2989 1580 3058 1636 ad
3103 1579 3332 1636 invicem
3381 1578 3531 1634 fece-

1948 1683 2093 1729 runt.

257 1833 3524 1871 Μ

1493 1991 1776 2072 IETAS
1846 1989 2240 2073 TERTIA

1357 2191 1440 2236 ΑΒ
1482 2191 1794 2237 ABBAHAM
1837 2191 1924 2236 AD
1965 2191 2162 2237 DAVID
2205 2189 2431 2244 USQUB.

317 2429 524 2507 [9185]
574 2429 760 2487 Tertia
816 2429 1004 2486 mundi
1063 2435 1198 2486 aetas
1244 2441 1278 2482 a
1334 2426 1617 2484 nativitate
1681 2425 1846 2498 coepit
1873 2435 1920 2497 Β
1947 2424 2040 2496 qui
2077 2423 2134 2481 in
2174 2431 2301 2496 typo
2340 2422 2643 2480 Salvatoris
2672 2436 2703 2478 a
2737 2430 2894 2495 patre
2930 2423 2984 2480 in
3025 2425 3295 2484 sacriﬁcio
3317 2427 3536 2489 oblatus

245 2525 526 2584 Abraham
551 2523 893 2597 patriarchae,
930 2523 1025 2593 qui
1071 2521 1416 2593 septuaginta
1457 2521 1698 2591 quinque
1742 2535 1840 2574 an-

249 2630 451 2672 norum
491 2628 615 2669 cum
642 2621 806 2680 esset,
844 2613 1033 2668 relicta
1063 2620 1224 2684 gente
1253 2620 1309 2666 et
1335 2611 1536 2682 patria,
1567 2609 1635 2665 ad
1662 2611 1842 2681 impe-

246 2707 394 2764 rium
440 2706 552 2760 Dei.
578 2705 719 2761 venit
757 2706 812 2760 in
849 2712 1048 2758 terram
1087 2701 1370 2767 Chanaan,
1413 2699 1687 2771 accipiens
1715 2713 1841 2770 pro-

243 2801 563 2858 missionem
613 2797 873 2856 nascituri
921 2798 992 2852 de
1039 2812 1138 2852 suo
1179 2794 1387 2851 semine
1436 2791 1752 2858 Salvatoris,
1782 2790 1839 2846 in

243 2911 357 2967 quo
381 2893 836 2951 benedicerentur
862 2905 1054 2946 omnes
1080 2897 1288 2961 gentes,
1325 2886 1486 2942 simul
1517 2893 1572 2942 et
1599 2884 1837 2957 seipsum

244 2986 304 3043 in
334 2992 550 3057 gentem
578 2996 828 3053 magnam
858 2995 977 3036 esse
1005 2978 1245 3033 futurum
1275 2975 1428 3050 (Gen.
1447 2975 1547 3047 xn)
1568 2994 1580 3030 :
1605 2989 1837 3046 quarum

245 3093 360 3133 una
386 3075 670 3147 spiritalis,
700 3073 839 3129 alter
866 3079 949 3130 est
968 3069 1259 3144 promissio
1287 3069 1521 3125 carnalis
1548 3067 1722 3138 (Rom.
1746 3084 1832 3135 iv;

250 3167 376 3224 Gal.
406 3183 490 3233 III,
525 3165 624 3239 iv).
653 3165 749 3222 His
782 3163 1115 3236 temporibus
1156 3161 1334 3217 adhuc
1363 3159 1534 3216 Ninus
1557 3169 1613 3215 et
1655 3157 1834 3215 Semi-

245 3259 420 3315 ramis
443 3259 497 3312 in
525 3257 765 3328 Assyriis
795 3264 1042 3324 regnant.

321 3348 507 3422 [9.271]
555 3349 832 3406 Abraham
889 3361 1155 3403 annorum
1201 3344 1476 3416 octoginta
1529 3358 1623 3399 sex
1652 3341 1839 3415 genuit

241 3440 477 3506 lsmael,
507 3457 536 3495 a
570 3455 677 3510 quo
719 3438 1043 3506 Ismaelitm,
1095 3437 1189 3507 qui
1227 3445 1414 3507 postea
1459 3433 1724 3504 Agareni,
1768 3433 1838 3488 ad

244 3533 499 3588 ultimum
549 3531 809 3589 Saraceni
871 3539 1000 3586 sunt
1045 3530 1196 3586 dicti.
1237 3528 1386 3584 Vixit
1431 3535 1613 3581 autem
1645 3524 1838 3580 lsmael

247 3640 423 3680 annos
450 3633 667 3679 centum
699 3623 918 3694 triginta
948 3631 1158 3693 septem
1185 3639 1198 3675 :
1234 3622 1625 3689 interpretatur
1655 3625 1840 3672 autem

245 3722 444 3778 lsmael
472 3721 673 3776 auditio
709 3719 827 3785 Dei,
863 3718 1123 3790 populum
1165 3716 1474 3773 Iudaeorum
1500 3711 1834 3785 significans,

1941 2526 2048 2574 εει.

2011 2605 2201 2684 [9440]
2248 2609 2416 2666 Iacob
2447 2625 2716 2667 annorum
2765 2612 3061 2684 nonaginta
3090 2613 3277 2686 genuit
3299 2614 3520 2688 Ioseph.

1941 2699 2038 2757 His
2085 2702 2420 2772 temporibus
2449 2700 2670 2772 Serapis
2709 2709 2766 2758 et
2805 2700 2956 2758 Jovi's
2994 2701 3160 2770 filius,
3200 2712 3262 2760 ut
3307 2705 3530 2776 quidam

1939 2790 2156 2858 ferunt,
2198 2791 2575 2865 IEgyptiorum
2615 2806 2711 2848 rex
2750 2792 3022 2859 moriens,
3062 2791 3202 2850 falso
3249 2809 3438 2851 errore
3476 2797 3533 2852 in

1940 2887 2070 2943 deos
2121 2883 2482 2951 transfertur;
2525 2893 2582 2940 et
2642 2883 2906 2955 Memphis
2951 2885 3147 2942 civitas
3196 2886 3252 2942 in
3289 2887 3530 2960 Egypto

1939 2978 2196 3037 conditur
2235 2979 2306 3034 ab
2341 2977 2457 3050 Ape
2493 2978 2818 3050 Argivorum
2858 2993 3024 3049 rege:
3066 2977 3264 3050 Sparta
3313 2994 3528 3050 quoque

1937 3069 1969 3127 a
1998 3072 2197 3143 Sparte
2223 3071 2496 3128 Phoronei
2524 3070 2635 3126 filio
2657 3070 2981 3142 Argivorum
3011 3071 3178 3144 regis.

2004 3165 2195 3240 [2480]
2225 3165 2394 3223 Iacob
2424 3181 2690 3222 annorum
2742 3175 2960 3222 centum
2993 3167 3212 3236 triginta
3249 3167 3531 3225 descendit

1937 3255 1995 3312 in
2017 3255 2336 3328 IEgyptum,
2365 3255 2420 3310 in
2466 3254 2752 3312 animabus
2773 3256 3132 3328 septuaginta.
3166 3258 3308 3313 Vixit
3345 3267 3529 3315 autem

1938 3349 2096 3405 annis
2145 3348 2332 3405 decem
2375 3356 2432 3404 et
2476 3355 2682 3419 septem
2727 3348 2783 3403 in
2827 3347 3062 3420 Egypto
3089 3347 3367 3420 :tfactique
3395 3357 3528 3406 sunt

1938 3455 2129 3498 omnes
2155 3442 2271 3497 dies
2296 3440 2421 3496 vitae
2468 3439 2635 3506 illius,
2665 3448 2882 3496 centum
2909 3440 3273 3512 quadraginta
3317 3451 3530 3512 septem

1941 3535 2089 3589 anni.
2137 3533 2530 3603 Interpretatur
2572 3541 2756 3589 autem
2801 3531 2969 3589 Jacob
3016 3533 3404 3605 supplantator,
3434 3536 3527 3606 qui

1939 3634 1996 3684 et
2026 3625 2192 3681 Israel
2219 3625 2396 3679 videns
2422 3624 2592 3680 Deum
2615 3639 2634 3677 :
2661 3624 2748 3680 vel
2772 3625 2966 3680 melius
2985 3627 3227 3695 princeps
3251 3643 3370 3680 cum
3395 3626 3531 3695 Deo,

1940 3716 2185 3774 omnium
2224 3724 2539 3772 sanctorum
2584 3715 2880 3786 praeferens
2923 3715 3245 3785 imaginem,
3293 3719 3387 3787 qui
3434 3733 3532 3789 per

247 3829 320 3870 eo
338 3815 483 3885 quod
518 3813 575 3868 in
601 3811 710 3868 fine
731 3810 916 3866 mundi
944 3809 1248 3865 crediturus
1273 3822 1302 3861 a
1328 3803 1556 3861 Domino
1580 3803 1838 3860 exaudia—
1864 3796 1910 3862 C
1943 3807 2105 3864 fidem
2134 3814 2297 3878 atque
2326 3806 2648 3862 munditiam
2671 3806 2851 3863 cordis
2880 3821 3095 3877 semper
3119 3807 3309 3864 videns
3339 3810 3528 3866 Deum.

247 3913 362 3961 tur.
399 3905 569 3961 Porro
593 3903 741 3976 Agar
778 3903 1171 3972 interpretatur
1202 3899 1403 3955 advena
1429 3897 1516 3953 vel
1556 3913 1836 3964 conversa,

249 3996 552 4068 Synagogae
580 4009 776 4066 gerens
807 4008 1111 4065 personam.

317 4083 510 4157 [2285]
539 4084 814 4139 Abraham
844 4099 1110 4138 annorum
1153 4090 1369 4138 centum
1423 4083 1610 4154 genuit
1641 4081 1792 4139 Isaac
1820 4099 1835 4138 :

248 4175 343 4246 qui
388 4174 595 4245 primus
636 4183 692 4230 et
727 4175 876 4232 solus
914 4176 1054 4230 intra
1104 4175 1439 4231 Testamenti
1487 4177 1699 4232 Veteris
1755 4191 1840 4232 se-

245 4269 411 4332 riem,
446 4267 644 4338 legitur
669 4277 860 4323 octava
886 4269 973 4324 die
1003 4268 1379 4324 circumcisus.
1406 4269 1560 4337 Quod
1587 4285 1695 4324 non
1723 4269 1840 4350 sine

245 4375 449 4431 magno
485 4359 748 4431 mysterio
797 4361 1142 4432 privilegium
1190 4369 1274 4417 est
1303 4360 1416 4416 filio
1463 4361 1841 4432 promissionis

247 4450 529 4506 donatum.
554 4451 944 4521 Interpretatur
969 4460 1152 4507 autem
1174 4453 1378 4508 Abram
1403 4461 1553 4523 pater
1580 4451 1837 4522 excelsus,

243 4553 471 4618 propter
500 4545 733 4616 priorem
759 4545 965 4603 scilicet
1003 4545 1259 4618 populum
1287 4545 1596 4602 Judaaornm
1627 4564 1639 4600 :
1669 4546 1844 4604 Abra-

243 4639 377 4694 ham
418 4652 549 4694 vero
600 4647 751 4708 pater
789 4637 1108 4705 multarum,
1147 4638 1202 4694 id
1239 4647 1324 4693 est
1376 4638 1640 4708 gentium,
1701 4637 1844 4695 sicut

242 4738 332 4786 est
384 4727 513 4783 illud
558 4728 613 4783 in
650 4729 912 4799 Apostolo
951 4746 966 4783 :
1018 4729 1120 4795 Qui
1178 4739 1362 4784 contra
1407 4747 1551 4801 spem
1589 4732 1644 4785 in
1697 4746 1841 4800 spem

240 4819 498 4884 credidit,
543 4829 597 4872 ut
644 4819 790 4888 fieret
840 4829 991 4891 pater
1035 4821 1323 4876 multarunt
1379 4825 1611 4893 gentium
1662 4821 1836 4892 (Rom.

239 4930 324 4980 Iv,
358 4914 467 4985 I8).
519 4911 668 4968 Vixit
715 4922 894 4970 autem
944 4921 1162 4971 centum
1211 4916 1549 4987 septuaginta
1600 4915 1842 4985 quinque

238 5006 424 5061 annis.

315 5095 508 5172 {1550]
536 5099 686 5156 Isaac
714 5113 981 5156 annorum
1012 5099 1353 5170 septuaginta
1403 5098 1589 5170 genuit
1611 5097 1754 5154 Esau
1783 5106 1840 5154 et

1943 3900 2140 3971 Joseph
2190 3915 2458 3957 annorum
2510 3907 2727 3955 centum
2783 3899 2972 3956 decem
3029 3909 3274 3958 mortuus
3316 3920 3331 3956 :
3373 3903 3530 3973 cujus

1941 4007 2066 4050 ossa
2118 3991 2243 4048 tulit
2298 3992 2512 4065 Moyses
2549 4000 2608 4049 et
2665 3990 2758 4047 filii
2816 3991 2982 4047 Israel
3040 3993 3352 4065 pariterque
3405 4009 3530 4051 ossa

1943 4086 2174 4142 fratrum
2225 4087 2396 4158 ipsius
2450 4086 2685 4141 filiorum
2721 4084 2910 4150 Iacob,
2959 4093 3015 4140 et
3068 4095 3422 4156 portaverunt
3474 4087 3531 4142 in

1941 4188 2147 4236 terram
2201 4179 2481 4236 Chanaan.
2529 4178 2645 4234 Hoc
2702 4188 2946 4248 tempore
2998 4177 3208 4235 Graecia
3244 4179 3392 4250 Argo
3437 4193 3530 4235 re-

1945 4281 2148 4346 gnante
2184 4274 2388 4330 habere
2425 4280 2636 4343 segetes
2673 4272 2860 4343 coepit,
2881 4270 3072 4328 delatis
3110 4271 3328 4329 aliunde
3363 4273 3532 4330 semio

1940 4363 2120 4420 nibus.
2160 4400 2164 4404 -

2005 4451 2198 4527 [2546]
2230 4451 2581 4511 Hebrmorum
2619 4451 2853 4508 servitus
2893 4451 2950 4508 in
2976 4450 3214 4524 Egypto
3254 4467 3524 4510 annorum

1939 4557 2159 4602 centum
2209 4545 2568 4617 quadraginta
2608 4549 2859 4614 quatuor.
2902 4542 2975 4600 Ut
3023 4543 3295 4613 scriptura
3340 4552 3528 4601 autem

1940 4646 2172 4695 testatur
2213 4637 2410 4703 Exodi,
2433 4635 2698 4692 habitatio
2727 4636 2966 4692 filiorum
2992 4635 3160 4693 Israel
3186 4636 3280 4707 qui
3307 4652 3527 4694 manse-

1941 4740 2070 4786 runt
2092 4728 2147 4785 in
2183 4729 2422 4801 IEgypto
2447 4728 2548 4785 fuit
2574 4728 3093 4800 quadringentorum
3116 4730 3337 4800 triginta
3360 4745 3532 4788 anno-

1941 4837 2062 4876 rum
2094 4840 2106 4876 :
2137 4821 2332 4890 quibus
2365 4820 2611 4891 expletis,
2653 4821 2844 4877 eadem
2873 4821 2964 4876 die
2998 4835 3249 4893 egressus
3290 4832 3378 4879 est
3407 4837 3526 4878 om-

1939 4913 2027 4968 nis
2062 4912 2336 4968 exercitus
2383 4911 2596 4967 Domini
2635 4913 2701 4968 de
2730 4921 2876 4968 terra
2903 4911 3150 4984 Egypti,
3181 4925 3412 4983 quorum
3443 4923 3528 4969 ta-

1941 5019 2065 5060 men
2080 5019 2346 5060 summam
2367 5019 2630 5060 annorum
2641 5045 2656 5071 ,
2673 5004 3072 5076 chronographi
3087 5021 3117 5060 a
3133 5007 3532 5079 septuagesimo

1943 5109 2086 5150 anno
2110 5103 2166 5149 et
2189 5095 2380 5164 quinto
2417 5095 2716 5150 nativitatis
2751 5095 3049 5163 Abraham,
3083 5100 3300 5168 quando
3323 5107 3526 5154 terram

238 5189 449 5256 Jacob,
495 5193 838 5263 patriarchas
880 5193 1130 5248 Idumaeas
1175 5201 1232 5248 et
1277 5191 1586 5250 Israeliticae
1635 5193 1835 5265 gentis,
1863 5199 1916 5260 1)
1941 5189 2376 5260 repromissionis
2425 5191 2668 5256 intravit,
2703 5202 3039 5264 computant,
3081 5205 3370 5266 sequentes
3407 5195 3529 5250 edi.

239 5291 371 5354 post
417 5297 649 5353 quorum
692 5294 876 5339 ortum
915 5283 1052 5339 vixit
1078 5284 1235 5340 annis
1278 5294 1498 5340 centum
1525 5294 1582 5340 et
1607 5285 1836 5357 viginti:

238 5375 489 5445 factique
540 5385 666 5432 sunt
701 5392 892 5433 omnes
921 5378 1048 5433 anni
1096 5378 1242 5434 illius
1293 5387 1511 5434 centum
1541 5380 1833 5450 octoginta.

237 5467 348 5522 His
397 5468 727 5537 temporibus
779 5469 985 5540 primus
1031 5471 1172 5541 apud
1210 5471 1382 5542 Argos
1420 5472 1666 5542 regnavit
1710 5472 1832 5525 Ina-

237 5560 408 5626 chus,
453 5561 612 5616 annis
653 5563 1041 5634 quinquaginta
1071 5581 1083 5616 :
1113 5563 1266 5633 cujus
1295 5562 1434 5618 filius
1482 5564 1584 5618 fuit
1623 5564 1832 5619 Phem-

235 5664 405 5715 neus,
446 5649 539 5720 qui
582 5650 790 5718 primus
823 5651 876 5704 in
923 5651 1134 5706 Graecia
1172 5651 1317 5720 leges
1353 5651 1665 5724 iudiciaque
1709 5669 1837 5709 con-

232 5742 488 5812 scripsit,
532 5743 622 5812 qui
668 5752 724 5798 et
765 5743 839 5810 Io,
882 5759 1042 5815 quem
1086 5744 1328 5816 Egyptii
1370 5756 1576 5803 mutato
1620 5749 1838 5803 nomine

232 5831 444 5890 Isidem
475 5831 778 5890 coluerunt.
811 5833 1208 5906 Interpretatur
1250 5845 1431 5896 autem
1482 5839 1632 5897 Isaac
1675 5841 1832 5906 risus,

1947 5282 2150 5339 tionem
2182 5281 2534 5355 Septuaginta
2581 5283 2959 5355 interpretum,
2999 5301 3119 5358 qua:
3167 5289 3298 5344 dicit
3325 5305 3339 5341 :
3365 5287 3530 5344 Habi-

1949 5375 2082 5430 tatio
2129 5384 2308 5429 autem
2362 5375 2594 5431 filiorum
2639 5377 2834 5443 Israel,
2885 5393 2991 5448 qua
3041 5379 3418 5434 habitaverunt
3475 5380 3530 5434 in

1947 5466 2184 5540 Egypto
2213 5478 2268 5523 et
2299 5471 2352 5524 in
2379 5478 2522 5524 terra
2563 5469 2843 5537 Chanaan,
2875 5472 2975 5542 ipsi
3016 5481 3070 5527 et
3100 5481 3280 5542 patres
3315 5485 3524 5539 eorum,

1945 5562 2072 5616 anni
2103 5561 2328 5617 trecenti
2374 5562 2613 5631 triginta.
2646 5563 2818 5629 Quam
2851 5563 3158 5618 necessario
3198 5563 3527 5631 sequendam

1946 5664 2000 5710 et
2027 5655 2144 5723 ipsa
2176 5653 2438 5709 IIebraica
2481 5656 2681 5710 veritas
2708 5656 2962 5720 ostendit,
3003 5669 3122 5724 qua:
3151 5665 3340 5710 narrat
3368 5656 3529 5724 Caat,

1947 5745 2117 5800 filium
2145 5745 2295 5810 Levi,
2339 5761 2496 5815 quem
2527 5757 2717 5802 natum
2743 5761 2862 5801 esse
2892 5754 3108 5801 constat
3131 5747 3183 5802 in
3212 5755 3354 5804 terra
3384 5748 3530 5806 Cha-

1945 5854 2114 5906 naan,
2137 5840 2335 5896 vixisse
2363 5840 2520 5896 annis
2547 5849 2767 5898 centum
2795 5836 3018 5908 triginta
3049 5839 3248 5909 tribus,
3277 5848 3333 5897 et
3355 5840 3529 5899 ﬁlium
