4024 6362
472 307 547 365 35
1492 292 1549 350 s.
1589 288 1842 348 ADONIS
1876 268 2311 343 ARCHIEPISC.
2358 244 2766 341 vaNENSis
3278 358 3281 361 ἢ
3677 279 3752 337 as

474 426 699 481 Amram
719 425 933 490 patrem
956 412 1158 485 Moysis
1180 425 1336 466 anms
1358 416 1572 465 centum
1590 406 1808 476 triginta
1834 412 2059 471 septem,
2090 407 2140 467 Α
2166 396 2416 451 Jordanis
2461 396 2633 461 alveo,
2677 396 2729 449 in
2787 404 2988 449 terram
3030 391 3459 490 repromissionis
3480 483 3491 490 .
3514 392 3751 448 induxit.

476 527 530 574 et
556 516 730 587 ipsum
756 509 991 582 Moyscm
1015 504 1288 577 octoginta
1313 501 1477 555 fuisse
1506 511 1791 561 annorum,
1819 504 2059 563 tempore

474 601 800 676 egressionis
821 600 887 653 de
917 597 1171 669 Egypto.
1207 594 1343 662 Quia
1379 590 1630 645 nimirum
1681 587 1873 641 horum
1913 599 2058 639 sum-

478 712 617 751 mam
667 706 932 747 annorum
989 695 1201 745 constat
1250 684 1671 756 quadringentos
1736 687 1791 733 et
1836 676 2056 748 triginta

481 786 707 859 implere
730 800 835 839 non
866 796 1042 853 posse.
1067 778 1267 834 Annuit
1288 785 1471 830 autem
1501 776 1693 830 horum
1721 769 2058 826 translationi

477 872 531 941 et
546 877 829 948 Apostolus
850 891 972 931 cum
993 874 1095 927 ait:
1116 871 1504 924 Abrahwdictw
1527 876 1644 922 sunt
1664 865 2053 936 promissiones,

476 981 524 1026 et
563 969 748 1024 semini
798 968 912 1038 ejus
952 981 1052 1019 non
1084 962 1211 1016 dicit
1255 977 1272 1015 :
1322 960 1387 1014 Et
1437 957 1755 1023 seminibus,
1806 954 1959 1026 quasi
2003 955 2058 1008 in

478 1059 680 1125 multis,
704 1057 793 1114 sed
815 1056 966 1128 quasi
1000 1055 1054 1107 in
1081 1070 1208 1118 uno,
1236 1061 1283 1105 et
1312 1049 1497 1105 semini
1537 1061 1645 1115 tuo,
1669 1047 1757 1118 qui
1796 1055 1871 1100 est
1909 1044 2060 1098 Chri-

476 1163 586 1206 stus
626 1164 645 1203 .'
682 1151 777 1203 hoc
798 1156 972 1200 autem
1017 1144 1134 1199 dico
1163 1157 1180 1194 :
1213 1141 1597 1196 Testamentum
1638 1136 2001 1206 conﬁrmatum
2026 1150 2059 1187 a

478 1243 758 1312 Deo,,quaz
782 1247 895 1311 post
923 1236 1331 1310 quadringentos
1375 1243 1421 1286 et
1458 1231 1673 1301 triginta
1715 1243 1880 1282 annos
1920 1226 2061 1296 facta

476 1343 551 1386 est
574 1332 675 1392 lex,
721 1346 823 1384 non
870 1329 1080 1381 irritum
1117 1325 1241 1395 [aut
1269 1323 1336 1377 ad
1370 1319 1727 1375 evacuandam
1760 1315 2061 1388 promissio-

478 1439 594 1477 nem
625 1419 767 1493 (Gal.
798 1436 871 1485 tv,
901 1414 1124 1487 16,17).
1160 1415 1255 1470 His
1288 1412 1637 1483 temporibus,
1666 1410 1873 1465 scilicet
1896 1409 2064 1464 servi-

480 1513 609 1575 tutis
632 1511 797 1567 Israel
818 1514 873 1564 'm
906 1507 1162 1580 Aigypto,
1191 1505 1546 1563 Prometheus
1591 1502 1757 1557 fuisse
1782 1500 2058 1564 scribitur,

477 1622 639 1677 quem
681 1605 851 1674 figunt
876 1601 1070 1657 fabulae
1094 1601 1158 1655 de
1186 1599 1299 1653 luto
1328 1597 1591 1652 formasse
1618 1596 1882 1650 homines.
1913 1592 2065 1649 Tunc

478 1700 642 1754 etiam
665 1696 862 1751 fratres
892 1693 1009 1762 ejus
1029 1690 1182 1745 Atlas
1205 1705 1431 1760 magnus
1455 1697 1540 1745 est
1564 1688 1869 1757 astrologus
1906 1686 2064 1741 habi-

2160 487 2276 554 Quo
2305 486 2551 540 videlicet
2580 501 2744 550 anno,
2784 493 2842 537 ut
2883 484 2934 537 in
2968 482 3249 538 Cbrouicis
3284 483 3492 537 Eusebii
3540 484 3753 555 reperi-

2158 595 2279 634 mus
2304 620 2319 643 ,
2357 578 2679 650 principium
2721 583 2841 630 erat
2885 575 3314 647 quinquagesimi
3347 574 3505 645 primi
3546 574 3757 645 jubilmi

2160 670 2455 727 secundum
2478 667 2755 733 Hebraeos,
2788 667 2945 722 facile
2973 666 3200 721 inveniri
3238 665 3400 733 valet,
3432 666 3484 720 id
3514 676 3599 719 est
3624 667 3756 721 anni

2159 762 2243 817 bis
2282 760 2426 816 mille
2452 759 2730 832 quingenti
2766 760 2832 813 ab
2873 758 3027 813 initio
3058 758 3241 813 mundi
3271 767 3428 827 erant
3456 758 3707 827 completi
3740 776 3753 813 :

2160 852 2386 923 singulis
2446 850 2796 906 Jubilworum
2856 848 3138 904 ordinibus
3190 864 3289 919 per
3340 849 3755 919 quinquagenos

2161 957 2334 997 annos
2390 942 2677 1012 deputatis.
2731 939 2838 997 Sed
2901 949 3088 996 nostra
3149 940 3431 1012 inquisitio
3486 944 3758 1015 comperit

2161 1035 2425 1089 minorem
2450 1033 2708 1104 temporis
2734 1031 2892 1102 hujus
2911 1048 3031 1088 esse
3047 1049 3312 1088 summam
3334 1045 3583 1091 :coustat
3606 1038 3755 1092 enim

2161 1126 2288 1198 quia
2324 1125 2470 1181 mille
2519 1124 2762 1181 sexcenti
2793 1124 3182 1196 quinquaginta
3225 1140 3322 1181 sex
3375 1126 3443 1180 ad
3491 1127 3755 1184 diluvium

2162 1231 2335 1285 usque
2363 1215 2515 1272 fuere
2544 1214 2670 1269 anni
2703 1232 2717 1268 :
2751 1214 2873 1269 inde
2911 1215 2976 1268 ad
3003 1214 3297 1281 Abraham,
3327 1216 3544 1271 ducenti
3584 1233 3756 1273 nona-

2163 1308 2311 1375 ginta
2361 1307 2466 1360 duo
2519 1307 2609 1376 qui
2664 1306 3002 1376 septuaginta
3043 1314 3159 1359 erat
3209 1320 3474 1361 annorum
3536 1308 3756 1378 quando

2164 1396 2580 1467 promissionem
2625 1397 2720 1451 Dei
2747 1388 2974 1468 accepit.
3012 1395 3395 1453 Promissionis
3456 1399 3582 1455 anni
3614 1415 3755 1469 qua-

2166 1488 2435 1559 dringenti
2478 1488 2731 1560 triginta;
2786 1490 3013 1545 ducatus
3068 1489 3248 1557 Mosis,
3298 1491 3424 1545 anni
3469 1494 3754 1562 sexaginta

2166 1579 2257 1649 qui
2292 1578 2533 1648 profecto
2559 1595 2816 1636 numerus
2843 1596 2948 1636 non
2983 1581 3066 1636 bis
3096 1581 3241 1636 mille
3277 1583 3626 1653 quingentos,
3655 1584 3754 1641 sed

2168 1683 2373 1743 septem
2401 1675 2595 1740 minus,
2632 1676 2685 1730 id
2713 1684 2796 1731 est
2824 1676 2907 1732 bis
2948 1676 3096 1731 mille
3125 1676 3552 1749 quadringentos
3583 1694 3754 1733 nona-

480 1798 570 1845 tus
596 1805 611 1843 :
644 1759 1054 1855 Mercuriusque
1076 1775 1248 1852 nepos
1273 1759 1511 1836 Atlantis
1546 1779 1834 1833 multarum
1864 1780 2061 1832 artium
2092 1759 2137 1820 Β
2165 1766 2319 1838 δίυιῦ
2343 1777 2459 1823 tres
2492 1782 2667 1823 annos
2692 1768 2935 1837 insipient-
2962 1767 3059 1823 ωε
3080 1769 3416 1840 temporibus
3431 1769 3618 1835 Iosue,
3642 1772 3756 1840 pri-

481 1865 721 1952 peritus,‘
750 1887 805 1933 et
830 1879 901 1933 ob
928 1878 1032 1931 hoc
1060 1882 1184 1944 post
1222 1881 1450 1928 mortem
1479 1887 1620 1927 vano
1641 1856 1829 1927 errore
1857 1871 1910 1925 in
1933 1870 2064 1926 deos

485 1970 800 2026 translatus.
1031 2012 1037 2018 .

548 2059 738 2135 [€655]
771 2059 883 2114 Hac
927 2059 1093 2114 etiam
1134 2065 1294 2111 aetate
1321 2056 1530 2125 primus
1556 2053 1820 2110 Proeidus
1847 2054 2066 2123 quadri-

481 2168 602 2225 gam
650 2149 829 2223 junxit
876 2168 889 2203 :
939 2147 1236 2217 eodemque
1263 2155 1504 2216 tempore
1544 2144 1781 2214 Cecrope
1820 2145 2064 2201 Athenas

481 2241 741 2305 condidit,
772 2249 827 2295 et
850 2255 914 2294 ex
941 2238 1160 2294 nomine
1196 2237 1449 2292 Minerva:
1472 2235 1682 2291 Atticos
1708 2236 2065 2290 Athenienses

480 2332 716 2387 vocavit.
746 2330 852 2385 Iste
894 2330 1060 2385 etiam
1088 2331 1279 2385 bovem
1309 2327 1612 2393 immolaris,
1644 2328 1852 2399 primus
1885 2328 1937 2382 in
1979 2343 2066 2382 sa—

478 2422 687 2479 crificio
713 2421 899 2476 Iovem
921 2420 1134 2475 adorari
1165 2419 1439 2491 praecepit.
1465 2417 1616 2473 Tunc
1639 2418 1799 2488 primi
1829 2417 2066 2473 chorites

482 2512 818 2583 Corybantes
850 2511 1178 2566 modulatam
1203 2511 1257 2564 in
1283 2509 1452 2564 armis
1481 2508 1824 2563 saltationem
1861 2516 1914 2562 et
1942 2521 2067 2562 con-

482 2616 671 2661 sonam
702 2603 1044 2659 invenerunt.
1084 2600 1237 2655 Tunc
1267 2600 1431 2656 etiam
1464 2600 1721 2655 scribitur
1748 2600 1801 2654 in
1830 2598 2066 2654 Thessa-

480 2692 552 2749 Iia
582 2695 685 2753 sub
714 2692 1038 2748 Deucalione
1094 2691 1297 2746 factum
1348 2691 1627 2754 diluvium,
1669 2699 1725 2745 et
1770 2688 2064 2745 Pbaetouis

480 2785 787 2842 fabulosum
820 2786 1151 2841 incendium.

552 2875 742 2949 [€849]
788 2875 1023 2946 Moyses,
1066 2877 1224 2930 annis
1283 2876 1639 2946 quadraginta
1688 2876 1943 2930 eductum
1996 2890 2064 2929 ex

483 2966 721 3038 Egypto
744 2969 1000 3037 populum
1028 2968 1211 3033 Israel,
1238 2976 1293 3023 et
1324 2968 1389 3022 de
1411 2968 1671 3024 servitute
1692 2967 1909 3040 Egypti
1933 2967 2065 3025 lihe-

487 3066 681 3121 ratum,
710 3058 849 3112 rexit
874 3057 928 3112 in
949 3059 1186 3124 deserto,
1203 3074 1430 3127 quorum
1454 3058 1630 3128 primo
1650 3070 1792 3113 anno
1816 3059 2065 3113 taberna-

2166 1874 2286 1913 mus
2324 1860 2724 1931 Erychthouius
2758 1861 3167 1917 Atheniensium
3196 1862 3447 1932 princeps
3470 1862 3522 1916 in
3544 1861 3753 1918 Graecia

2166 1950 2485 2023 quadrigam
2506 1950 2703 2018 junxit.
2737 1950 2899 2006 Josue
2940 1959 3156 2007 centum
3185 1960 3240 2007 et
3268 1952 3454 2007 decem
3486 1968 3751 2008 annorum

2165 2042 2413 2096 moritur.

2233 2133 2426 2208 [9757]
2450 2136 2705 2195 Othoniel
2745 2138 2900 2191 anuis
2927 2136 3285 2208 quadraginta
3333 2137 3399 2193 de
3440 2138 3584 2194 tribu
3613 2137 3753 2195 Juda

2163 2231 2373 2303 primus
2394 2230 2582 2296 Israel,
2606 2230 2716 2285 Deo
2738 2229 2980 2300 jubente,
3012 2228 3179 2297 judex
3201 2231 3572 2297 constituitur,
3601 2232 3752 2286 illum

2166 2322 2519 2394 praefigurans
2548 2322 2640 2392 qui
2670 2321 2723 2375 in
2758 2322 2918 2376 tertio
2965 2331 3207 2393 tempore
3234 2324 3420 2379 mundi
3449 2324 3589 2379 tribu
3614 2322 3752 2379 Juda

2167 2431 2291 2471 eum
2319 2416 2493 2485 gratia
2528 2415 2594 2469 ad
2631 2414 2914 2469 salvandos
2936 2413 3167 2484 populos
3193 2414 3360 2469 venit.
3402 2402 3583 2484 Hujus
3614 2425 3757 2470 tem-

2166 2509 2388 2580 poribus
2435 2508 2608 2578 primo
2648 2506 2741 2562 filii
2770 2506 2935 2563 Israel
2978 2508 3292 2563 servierunt
3331 2507 3546 2565 Chusan
3576 2509 3753 2565 Rasa-

2168 2599 2298 2653 taim
2323 2600 2434 2670 regi
2468 2598 2888 2669 Mesopotamiae,
2927 2609 3053 2656 octo
3095 2600 3251 2656 annis
3279 2600 3512 2656 Cadmus
3563 2610 3758 2674 regnat

2167 2690 2387 2755 Thebis,
2435 2690 2525 2759 qui
2556 2692 2762 2760 primus
2804 2689 3023 2746 Griecas
3061 2688 3273 2745 litteras
3309 2690 3608 2746 adinvenit.
3647 2690 3755 2746 Per

2168 2781 2308 2838 idem
2348 2792 2576 2852 tempus,
2603 2782 2763 2852 primi
2794 2782 2960 2837 Linus
2987 2791 3042 2838 et
3064 2781 3333 2853 Amphion
3357 2783 3497 2852 apud
3533 2781 3755 2838 Graecos

2168 2874 2220 2928 in
2262 2874 2467 2929 musica
2497 2884 2614 2928 arte
2657 2874 3001 2940 claruerunt,
3031 2874 3262 2944 Idaeique
3306 2873 3515 2943 Dactyli
3548 2873 3753 2930 ferrum

2166 2967 2490 3023 invenerunt
2522 2981 2587 3021 eo
2616 2974 2879 3036 tempore.

2239 3055 2425 3130 [9797]
2473 3056 2674 3120 Ahoth,
2704 3071 2845 3111 anno
2883 3056 3234 3126 octogesimo,
3287 3055 3431 3111 filius
3464 3053 3607 3121 Jera,
3660 3056 3757 3111 ﬁlii

486 3148 666 3203 culum
710 3150 940 3205 Domino
975 3151 1261 3215 construit,
1297 3159 1352 3204 et
1391 3127 1596 3221 septem
1624 3151 1900 3206 mensibus
1929 3166 2066 3223 opus
2092 3127 2138 3190 (δ
2169 3127 2516 3216 Geminigqui
2532 3157 2765 3217 utraque
2789 3162 2950 3201 manu
2978 3147 3229 3203 utebatur
3254 3163 3353 3219 pro
3376 3151 3619 3204 dextera.
3649 3149 3759 3202 Cu-

486 3239 789 3309 perticiens,
842 3253 1029 3294 mense
1058 3240 1235 3308 primo
1296 3240 1423 3294 anni
1467 3242 1712 3306 secundi,
1764 3241 1936 3311 prima
1982 3242 2070 3296 die

487 3330 694 3387 mensis
735 3330 926 3386 erexit.
985 3330 1090 3385 Per
1136 3331 1385 3385 eumdem
1427 3330 1662 3402 Moysem
1697 3329 1866 3386 Judaei
1910 3332 2069 3387 simul

487 3435 611 3479 cum
633 3419 749 3490 lege
768 3428 824 3474 et
854 3420 1063 3474 litteras
1090 3420 1293 3476 habere
1335 3430 1633 3492 cmperunt.
1670 3421 1919 3492 Quinque
1944 3422 2069 3478 libri

491 3510 714 3581 ons‘is,
744 3511 1040 3566 secundum
1069 3511 1418 3588 Septuaginta
1445 3512 1716 3568 seniorum
1742 3514 2071 3583 interpreta-

492 3602 716 3671 tionem,
761 3603 1042 3659 continent
1096 3612 1246 3674 gesta
1304 3618 1571 3658 annorum
1621 3605 1786 3658 trium
1841 3605 2069 3661 millium

487 3694 951 3771 septingentorum
987 3694 1226 3765 triginta.
1250 3694 1392 3762 Quot
1415 3709 1543 3751 vero
1569 3710 1742 3750 annos
1764 3694 1922 3765 hujus
1945 3705 2074 3752 temo

487 3786 635 3856 poris
665 3784 928 3841 Hebraica
971 3787 1177 3841 veritas
1225 3788 1522 3851 contineat,
1570 3786 1771 3857 Ioseph
1799 3787 1853 3842 in
1892 3789 2072 3857 primo

488 3884 676 3937 contra
707 3877 969 3955 Apionem
1012 3876 1440 3931 Grammaticum
1472 3878 1612 3933 libro
1642 3879 1714 3932 ita
1745 3892 2076 3935 commemo-

490 3976 575 4027 l‘at
603 3987 616 4027 ;
648 3967 839 4044 Neque
867 3969 1032 4038 igitur
1061 3969 1345 4025 innumera
1373 3971 1514 4040 apud
1555 3985 1655 4027 nos
1682 3972 1949 4029 habentur
1974 3989 2073 4029 vo-

489 4059 693 4119 lumina
721 4061 863 4116 inter
889 4076 952 4117 se
997 4061 1227 4117 invicem
1262 4062 1652 4129 discordantia,
1679 4064 1775 4121 sed
1804 4065 1910 4120 duo
1954 4074 2075 4119 tan-

492 4160 603 4209 tum
648 4161 704 4208 et
762 4153 949 4224 viginti
989 4162 1118 4208 sunt
1161 4154 1305 4219 libri,
1360 4156 1451 4225 qui
1484 4156 1726 4212 omnium
1768 4167 2072 4227 temporum

489 4246 690 4303 seriem
720 4246 1021 4310 continent,
1066 4246 1161 4316 qui
1209 4257 1265 4307 et
1295 4248 1441 4317 juste
1471 4249 1766 4303 creduntur
1812 4248 2075 4307 divinitus

492 4336 759 4405 inspirati.
792 4335 871 4390 Ex
900 4337 1097 4406 quibus
1122 4338 1362 4407 quinque
1390 4348 1518 4393 sunt
1537 4339 2075 4415 Moysis,_continen-

2163 3235 2255 3308 jus
2282 3238 2566 3308 principiis
2602 3239 2827 3293 servivit
2851 3236 3016 3294 Israel
3045 3239 3208 3310 Eglon
3242 3240 3357 3310 regi
3399 3238 3555 3295 Moab
3587 3256 3760 3313 annos

2173 3331 2359 3385 decem
2380 3337 2435 3383 et
2462 3338 2605 3393 octo,
2630 3330 2800 3385 donec
2816 3344 3074 3401 percusso
3095 3330 3263 3401 Eglon
3298 3330 3549 3386 liberavit
3568 3330 3755 3385 Israel.

2172 3418 2287 3474 Hoc
2329 3428 2571 3490 tempore
2624 3418 2833 3490 Cyrene
2872 3421 3062 3476 civitas
3093 3422 3307 3477 condita
3352 3431 3435 3478 est
3481 3423 3533 3477 in
3565 3423 3754 3494 Lit.ya.

2173 3507 2268 3564 His
2300 3511 2634 3580 temporibus
2686 3509 2880 3564 fabulae
2931 3512 3069 3566 licta:
3098 3521 3225 3567 sunt
3271 3514 3337 3567 de
3382 3514 3758 3581 Triptolemo,

2172 3599 2336 3671 quod,
2364 3598 2587 3668 jubente
2633 3601 2853 3664 Cerere,
2885 3602 3213 3669 serpentium
3253 3602 3446 3669 pennis
3495 3611 3761 3670 gestatus,

2174 3690 2536 3762 indigentibus
2564 3689 2830 3744 frumenta
2869 3690 3095 3744 volando
3125 3690 3435 3755 distribuit;
3463 3689 3530 3743 de
3560 3690 3763 3761 Hippo-

2178 3784 2477 3849 centauris,
2508 3784 2647 3852 quod
2674 3799 2937 3854 equorum
2988 3784 3375 3854 hominumque
3422 3784 3624 3840 fuerint
3667 3804 3763 3841 na-

2182 3881 2301 3928 tura
2338 3875 2614 3944 permisti;
2643 3876 2710 3929 de
2733 3875 2968 3930 Cerbero
3004 3876 3222 3946 tricipiti
3261 3876 3554 3933 inferorum
3590 3893 3758 3945 cane;

2179 3966 2244 4020 de
2273 3965 2475 4020 Phrixo
2502 3977 2557 4021 et
2593 3966 2743 4022 Helle
2774 3982 2960 4023 sorore
2979 3984 3097 4036 sua,
3127 3968 3271 4040 quod
3299 3971 3466 4024 ariete
3493 3972 3631 4025 vecti
3663 3986 3765 4042 per

2176 4070 2356 4112 aerem
2401 4058 2730 4123 volaverint;
2756 4060 2822 4113 de
2854 4060 3104 4131 Gorgoue
3148 4062 3459 4125 meretrice,
3490 4078 3608 4132 qua:
3647 4065 3759 4118 cri-

2175 4149 2286 4202 nita
2319 4150 2659 4219 serpentibus
2680 4149 2866 4217 fuerit,
2890 4161 2946 4207 et
2974 4153 3297 4222 aspicientes
3320 4156 3673 4209 convertebat
3705 4155 3758 4209 in

2175 4237 2418 4307 lapides;
2467 4241 2532 4295 de
2565 4240 3014 4312 Bellerophonte,
3065 4244 3208 4313 quod
3244 4260 3385 4315 equo
3425 4245 3618 4315 pennis
3661 4261 3758 4301 vo-

2176 4327 2307 4383 lanti
2341 4331 2412 4386 sit
2440 4340 2648 4398 vectus,
2696 4335 2762 4388 de
2790 4334 3110 4404 Amphione,
3144 4337 3286 4405 quod
3338 4337 3563 4392 citharae
3598 4347 3760 4392 cantu

492 4437 575 4485 tea
602 4429 750 4498 leges
776 4429 900 4484 vita:
937 4436 994 4491 et
1033 4431 1393 4486 successionis
1433 4433 1685 4486 humana:
1739 4432 2071 4503 prosapiam,
2102 4476 2152 4537 Β
2178 4422 2386 4494 lapides
2412 4434 2469 4480 et
2495 4440 2626 4480 saxa
2654 4429 3025 4483 commoverit.

999 4520 1044 4537 ..
1106 4522 1165 4537 _.
1230 4532 1241 4537 _
1372 4523 1383 4535 .
1654 4533 1663 4537 -
1765 4524 1776 4537 .
1860 4534 1866 4537 _
2059 4526 2072 4537 .
2245 4516 2661 4537 ,μοηηκιηη
2722 4535 2745 4537 __

493 4536 665 4589 usque
688 4521 759 4576 ad
786 4520 957 4589 ipsius
997 4520 1199 4592 Moysis
1229 4523 1517 4577 terminum
1540 4524 1955 4594 'pertendentes,
1982 4526 2077 4596 qui

490 4610 651 4680 paulo
681 4611 860 4671 minus
881 4627 913 4667 a
946 4612 1116 4666 tribus
1142 4612 1379 4669 millibus
1398 4629 1665 4670 annorum
1687 4616 2076 4671 continentiam

490 4710 704 4772 gerunt.
759 4700 960 4772 Moy‘sis
1001 4705 1333 4773 temporibus
1376 4705 1633 4775 templum
1682 4706 1899 4776 Delphis
1944 4724 2078 4763 con-

491 4792 724 4849 struitur
752 4806 767 4845 :
804 4791 1159 4849 Lacedaemon
1190 4796 1462 4850 conditur.
1492 4797 1706 4868 Moyses
1751 4808 1967 4855 centum
1997 4799 2082 4853 vi-

492 4882 631 4950 ginti
674 4897 942 4943 annorum
975 4885 1224 4941 moritur.
1261 4885 1399 4941 Vitis
1439 4887 1493 4941 iu
1530 4886 1739 4942 Graecia
1779 4890 2071 4946 invenitur.

494 4972 589 5029 llis
605 4974 942 5043 temporibus
962 4976 1098 5031 adeo
1119 4976 1308 5048 ingens
1329 4986 1384 5032 et
1405 4980 1587 5049 gravis
1599 4991 1762 5034 azstus
1783 4981 2077 5047 incanduit,

493 5070 554 5125 ut
576 5063 655 5118 sol
687 5078 783 5131 per
808 5065 961 5120 devia
994 5068 1385 5123 transcendens
1413 5070 1724 5125 universum
1751 5072 1937 5127 orbem
1973 5086 2079 5127 non

497 5151 677 5208 calore
706 5152 972 5220 affecisse,
1002 5157 1097 5221 sed
1137 5158 1262 5237 igpe
1290 5159 1556 5215 tor-ruisse
1584 5161 1814 5217 dicatur.
1846 5162 1973 5216 Inde
2010 5163 2084 5218 ri-

429 5324 435 5331 ,
495 5243 672 5299 dicula
711 5244 1007 5301 Phaetonis
1037 5248 1239 5305 texitur
1266 5247 1471 5304 fabula.

562 5334 726 5391 Iosue
754 5338 911 5393 annis
962 5338 1148 5408 viginti
1173 5353 1270 5394 sex
1302 5340 1441 5394 rexit
1476 5340 1731 5410 populum
1773 5341 1975 5407 Israel,
2022 5352 2083 5398 ut

491 5425 759 5500 Iosephus
797 5430 993 5496 docet;
1023 5446 1149 5485 nam
1181 5428 1461 5499 Scriptura
1506 5441 1693 5488 sancta
1727 5442 1857 5501 quot
1882 5432 2086 5489 fuerint

497 5522 624 5576 anni
639 5522 865 5578 ducatus
885 5522 1030 5579 illius
1052 5531 1215 5578 tacet.
1234 5522 1497 5579 Eusebius
1517 5525 1570 5579 in
1593 5525 1874 5582 Cbrouicis
1897 5527 2086 5597 viginti

498 5621 706 5681 septem
739 5616 939 5683 posuit.
956 5614 1138 5669 Primo
1169 5623 1347 5669 autem
1370 5616 1454 5669 sui
1483 5617 1707 5673 ducatus
1733 5634 1877 5674 anno
1899 5618 2085 5685 Iosue,

500 5705 674 5783 primo
703 5720 908 5771 mense,
941 5708 1147 5773 decima
1178 5708 1265 5769 die
1290 5709 1513 5775 mensis,
1536 5713 1789 5779 populum
1816 5710 2089 5784 patefacto

2245 4516 2437 4591 [2877]
2464 4518 2694 4585 Debora,
2721 4520 3063 4588 prophetissa
3087 4535 3153 4576 ex
3178 4521 3317 4577 tribu
3350 4521 3604 4592 Ephraim
3635 4538 3758 4578 cum

2181 4606 2354 4662 Barac
2382 4609 2449 4663 de
2473 4610 2618 4664 tribu
2646 4608 2948 4678 Neptbalim
2966 4650 2978 4673 ,
3008 4612 3164 4665 annis
3195 4613 3571 4685 quadraginta.
3597 4613 3763 4681 Cujus

2183 4699 2336 4753 initio
2365 4700 2594 4753 ducatus
2620 4700 2889 4768 oppressit
2923 4698 3063 4756 filios
3085 4700 3249 4758 Israel
3271 4701 3445 4768 Jahin,
3480 4720 3575 4760 rex
3621 4705 3763 4760 Cha-

2182 4809 2342 4858 naan,
2381 4795 2472 4862 qui
2501 4794 2761 4863 regnabat
2813 4794 2866 4848 in
2922 4794 3063 4849 Aser
3110 4798 3266 4852 annis
3288 4798 3494 4867 viginti,
3531 4800 3623 4855 sed
3667 4815 3763 4854 oc-

2184 4884 2298 4938 ciso
2318 4884 2387 4937 ab
2404 4885 2592 4948 Israel,
2610 4893 2664 4938 et
2681 4900 2709 4937 a
2730 4883 2849 4940 Jael
2874 4900 3047 4942 uxore
3067 4888 3374 4943 Ahercinei.
3403 4888 3587 4944 Sisara
3613 4890 3768 4959 prin-

2182 4975 2303 5044 cipe
2333 4975 2537 5029 militiae
2569 4975 2706 5046 ejus,
2730 4976 3042 5034 humiliatus
3083 4980 3311 5056 tandeni
3331 4995 3396 5033 ac
3421 4974 3630 5035 deletus
3654 4990 3781 5036 est.‘

2186 5065 2300 5121 Hoc
2353 5076 2591 5137 tempore
2649 5067 2859 5124 Miletus
2912 5071 3150 5125 condita.
3199 5069 3304 5127 Per
3356 5072 3496 5127 idem
3553 5081 3766 5143 tempus

2184 5160 2373 5230 Apollo
2433 5161 2713 5216 medicinae
2769 5171 2942 5218 artem
3010 5164 3231 5220 invenit.
3292 5164 3494 5221 Fabula
3549 5181 3768 5236 quoque

2186 5261 2314 5307 tunc
2352 5252 2477 5307 ﬁcta
2516 5262 2601 5307 est
2628 5253 2696 5308 de
2735 5252 2889 5309 fabro
2932 5254 3167 5319 Dzedalo,
3198 5264 3252 5310 et
3278 5256 3395 5326 ejus
3434 5255 3546 5310 tilio
3577 5254 3763 5322 Icaro,

2189 5344 2333 5413 quod
2384 5344 2651 5412 coaptatis
2700 5345 2801 5398 sibi
2854 5346 3048 5414 pennis
3086 5346 3368 5400 volaverit.
3429 5345 3554 5401 Haec
3605 5354 3771 5402 aetate

2189 5434 2397 5504 primus
2424 5443 2612 5505 regnat
2629 5434 2837 5490 Latinis
2856 5435 3039 5501 Picus,
3067 5436 3159 5506 qui
3186 5435 3358 5491 fertur
3377 5436 3598 5492 Saturni
3623 5438 3769 5493 filius

2191 5524 2375 5581 fuisse.
2881 5568 2893 5579 .
3053 5557 3059 5563 ο
3780 5530 3785 5537 ‘

2262 5616 2451 5690 [2918]
2499 5616 2717 5674 Cedeon
2766 5619 2922 5674 annis
2966 5622 3318 5691 quadraginta
3367 5637 3432 5676 ex
3469 5621 3609 5675 tribu
3648 5618 3767 5675 Ma-

2196 5726 2371 5765 nassc.
2407 5712 2519 5767 Sub
2569 5727 2675 5780 quo
2728 5712 2893 5767 servit
2940 5712 3103 5771 Israel
3157 5715 3460 5772 Madianitis
3507 5722 3563 5769 et
3604 5711 3769 5769 Ama-
