4024 6362
247 307 325 362 3'7
1363 292 1784 353 CHRONICON.
1826 321 1896 337 ---
1935 289 2142 351 AETAS
2177 295 2455 354 TERTIA.

3440 301 3542 369 μεθ

246 414 473 474 Ιιξίῐὶιίιῖε
494 386 710 483 septem
757 410 944 475 annis;
972 407 1069 466 sed
1095 408 1317 464 Gedeon
1352 414 1627 480 pugnante
1649 405 1848 461 libera-
1876 410 1933 470 Α
1952 415 2077 463 sunt
2111 407 2311 475 Latini,
2336 410 2427 480 qui
2451 417 2637 479 postea
2668 408 2898 473 Romani
2926 413 3217 484 nuncupati
3243 420 3392 481 sunt,
3415 423 3542 486 post

248 521 364 563 tur.
392 505 543 562 Urbs
567 503 746 575 Tyrus
779 501 996 556 condita
1018 540 1034 566 ,
1072 508 1198 554 ante
1236 501 1492 568 templum
1541 497 1852 571 Hierosoly‘

248 614 511 661 tuorum,
568 595 727 650 annis
766 592 1014 647 ducentis
1061 601 1118 646 et
1169 590 1549 662 quadraginta.
1599 590 1851 661 Orpheus

246 691 527 749 Thracius
574 687 850 755 Linusque
879 684 1136 754 magister
1165 682 1435 746 Herculis,
1464 684 1597 738 artis
1632 683 1863 737 musicae

249 785 592 845 inventores,
627 776 758 833 clari
783 776 1071 831 habentur.
1104 776 1545 842 Argonautarum
1575 772 1851 842 navigatio

249 873 538 930 scribitur.

320 962 546 1047 [2955.]
592 959 927 1022 Abimelech,
961 957 1119 1011 annis
1161 956 1334 1010 tribus
1384 956 1631 1047 regnavit
1671 955 1725 1047 in
1760 953 1850 1047 Si-

248 1046 434 1117 chem.
470 1056 575 1111 Iste
605 1051 948 1123 septuaginta
997 1048 1196 1102 fratres
1238 1061 1367 1101 suos
1397 1046 1537 1102 lilios
1581 1046 1855 1102 Gedeonis

250 1149 552 1208 interfecit.
583 1143 844 1200 Hercules
873 1141 1029 1196 Ilium
1062 1146 1262 1193 vastat.

322 1238 541 1315 [£958.]
574 1234 767 1297 Tbola,
814 1233 973 1287 annis
1023 1231 1210 1302 viginti
1259 1239 1494 1299 quatuor
1531 1229 1673 1285 illius
1715 1228 1845 1295 Foa,

250 1332 435 1405 pat-rui
461 1327 802 1389 Abimelech,
832 1325 916 1379 vir
943 1324 1010 1379 de
1038 1323 1305 1387 lssaehar,
1334 1322 1427 1391 qui
1458 1320 1739 1374 habitabat
1794 1320 1848 1373 in

254 1423 423 1481 Sanir
454 1421 653 1475 montis
687 1417 970 1487 Ephraim.
1005 1414 1252 1469 Priamus
1277 1413 1329 1466 in
1363 1409 1525 1479 Troja
1549 1421 1674 1480 post
1713 1410 1851 1465 Lao-

254 1514 591 1575 medontem,
624 1507 873 1579 regnavit
900 1519 1073 1559 annos
1098 1502 1380 1558 tredecim.
1412 1501 1612 1556 Fabula
1637 1502 1759 1556 ﬂeta
1784 1502 1851 1558 de

254 1604 582 1667 Minotauro,
617 1601 787 1655 bestia
834 1596 1144 1670 labyrintho
1174 1593 1406 1649 inclusa.
1454 1593 1659 1648 Bellum
1692 1592 1851 1663 Lapi-

258 1697 481 1750 tharum
526 1700 581 1747 et
622 1689 1057 1750 Centaurorum,
1107 1698 1245 1755 quos
1271 1682 1465 1738 scribit
1510 1682 1854 1752 Palaephatus

1958 500 2175 555 tertium
2203 516 2403 554 annum
2428 501 2761 571 captivitatis
2784 501 2825 555 Τ
2833 503 2978 571 rojte,
3020 504 3134 558 sive
3162 505 3319 559 annis
3340 505 3538 562 tribus.

1954 591 2245 661 Postquam
2266 601 2516 648 octavum
2552 594 2798 664 regnavit
2819 593 3025 650 Aiaces
3041 635 3056 660 ,
3082 604 3141 650 ut
3160 596 3378 665 quidam
3399 599 3539 655 scri-

1954 682 2107 747 bunt,
2131 682 2396 738 Ascanius
2417 684 2574 739 annis
2597 682 2817 755 triginta
2838 694 2981 740 octo.
3007 686 3147 745 Ante
3173 685 3426 754 jEneam,
3447 686 3542 745 Ja-

1956 789 2089 838 nus,
2122 773 2421 841 Saturnus,
2445 774 2636 841 Picus,
2662 774 2880 833 Faunus
2899 816 2914 841 ,
2942 775 3151 832 Latinis
3176 777 3229 832 in
3273 777 3423 832 Italia
3458 794 3542 837 te-

1952 875 2257 937 guaverunt
2286 883 2383 937 per
2420 882 2592 925 annos
2620 868 2840 924 circiter
2879 879 3095 925 centum
3127 871 3539 944 quinquaginta.

2028 953 2214 1028 [⁸5046]
2255 956 2371 1012 lleli
2409 960 2664 1015 sacerdos
2713 960 2871 1025 annis
2910 961 3287 1035 quadraginta.
3334 964 3391 1019 lu
3436 963 3538 1020 lle-

1954 1047 2223 1107 braeorum
2251 1048 2426 1115 libris,
2459 1049 2587 1105 anni
2618 1050 2976 1121 quadraginta
3014 1070 3028 1106 :
3069 1053 3122 1125 in
3151 1052 3540 1127 Septuaginta,

1955 1138 2085 1194 anni
2108 1139 2296 1209 viginti
2342 1141 2711 1197 inveniuntur.
2743 1141 2886 1197 Area
2929 1141 3265 1219 Testatncuti
3295 1147 3362 1202 ab
3392 1147 3541 1201 Allo-

1953 1233 2132 1303 phylis
2164 1234 2392 1304 capitur.
2431 1233 2672 1304 Regnum
2706 1232 3087 1305 Sicyoniorum
3117 1234 3325 1302 finitur,
3358 1238 3449 1307 qui
3476 1238 3544 1292 ab

1954 1324 2202 1398 Egialeo
2220 1342 2391 1398 usque
2408 1327 2474 1381 ad
2498 1326 2827 1397 Zeuzippum
2851 1338 3236 1400 regnaverunt,
3254 1345 3350 1400 per
3372 1344 3545 1385 annos

1954 1427 2260 1488 nongentos
2288 1419 2567 1488 sexaginta
2599 1419 2757 1474 duos.
2788 1417 3037 1474 Hectoris
3073 1419 3165 1473 filii
3198 1421 3350 1475 Ilium
3388 1438 3539 1477 rece-

1954 1510 2170 1572 perunt,
2197 1503 2434 1573 erpulsis
2453 1504 2741 1561 Antenoris
2769 1505 3022 1575 posteris,
3042 1505 3257 1564 Heleno
3282 1508 3390 1562 illis
3414 1511 3544 1564 sub-

1957 1592 2153 1651 sidium
2186 1592 2412 1648 ferente.
2453 1593 2772 1651 Latinorum
2807 1594 3001 1673 tertius
3032 1594 3232 1655 Silvius
3258 1595 3446 1652 A‘Zneze
3477 1597 3541 1651 fi—

1957 1684 2082 1750 lius,
2120 1695 2309 1756 regnat
2334 1687 2492 1742 annis
2519 1687 2708 1757 viginti
2732 1702 2925 1743 nove-.n
2949 1688 3041 1758 qui
3072 1690 3219 1759 quod.
3244 1701 3365 1761 post
3395 1706 3542 1747 mor-

260 1785 444 1858 primo
472 1784 535 1838 de
561 1779 969 1837 lncredibilibus
1000 1776 1161 1842 libro,
1201 1774 1410 1830 nobiles
1432 1773 1601 1829 fuisse
1639 1774 1854 1843 equites
1884 1768 1931 1827 Β
1960 1785 2065 1834 tem
2096 1779 2266 1848 patris
2287 1780 2485 1845 editus,
2528 1780 2638 1839 ruri
2669 1779 2848 1837 fuerat
2878 1782 3158 1857 educatus,
3189 1794 3241 1861 et
3276 1782 3421 1855 Sylvi
3443 1825 3462 1852 ,
3490 1793 3548 1840 et

266 1872 681 1932 Thessalorum.
1070 1952 1073 1955 Α

326 1965 522 2043 [298i]
555 1963 690 2029 Jair,
721 1962 880 2017 annis
901 1961 1110 2015 duobus
1137 1969 1192 2013 et
1222 1958 1440 2029 triginta
1468 1974 1536 2014 ex
1570 1960 1713 2016 tribu
1744 1960 1856 2017 Ma-

261 2074 443 2118 nasse.
472 2056 576 2111 Per
606 2057 720 2112 haec
753 2064 994 2125 tempora
1022 2050 1280 2109 Hercules
1317 2067 1543 2123 agonem
1575 2051 1854 2125 Olympia-

258 2167 383 2206 cum
408 2148 709 2211 constituit,
734 2156 897 2217 atque
915 2146 969 2200 in
993 2144 1162 2216 Libya
1183 2148 1432 2202 Antmum
1453 2145 1674 2211 occidit,
1691 2160 1721 2199 a
1744 2160 1853 2215 quo

259 2257 429 2313 usque
449 2242 516 2295 ad
536 2239 767 2311 primam
787 2236 1160 2309 Olympiadem
1185 2244 1550 2308 supputantur
1570 2235 1696 2289 anni
1718 2250 1854 2305 qua-

261 2332 530 2404 dringenti
557 2330 798 2400 triginta.

326 2422 521 2498 [5004]
552 2421 740 2493 Jeptes
784 2418 1059 2475 Galadites
1084 2459 1099 2485 ,
1141 2420 1300 2475 annis
1328 2435 1443 2474 sex.
1492 2417 1765 2473 Philistini
1794 2425 1851 2473 et

260 2516 531 2570 Amanitae
566 2514 873 2583 deprimunt
900 2511 1096 2578 Israel;
1129 2527 1199 2568 ex
1233 2513 1430 2582 quibus
1460 2512 1728 2568 Amanitm
1756 2512 1853 2566 des

263 2608 540 2663 bellantur
588 2623 617 2660 a
660 2605 841 2678 leptc;
890 2606 983 2676 qui
1018 2605 1071 2660 in
1101 2606 1242 2661 libro
1284 2607 1534 2662 Iudicum
1581 2608 1649 2662 ab
1691 2614 1852 2661 aetate

260 2703 469 2775 Moysis
510 2716 681 2772 usque
723 2703 790 2757 ad
819 2702 1172 2772 semetipsum
1205 2743 1219 2767 ,
1250 2707 1325 2757 ait
1351 2701 1631 2772 supputari
1677 2716 1851 2757 annos

258 2802 554 2860 trecentos,
582 2793 690 2860 vel,
719 2783 790 2848 ut.
809 2793 1031 2863 quidam
1060 2793 1276 2849 codices
1303 2794 1523 2858 habent,
1548 2807 1719 2847 annos
1741 2802 1851 2847 tre-

254 2894 451 2941 centos
490 2885 730 2956 quinque
768 2894 821 2940 et
868 2884 1079 2956 viginti.
1113 2883 1280 2953 Cujus
1308 2893 1547 2955 tempore
1588 2883 1849 2963 Hercules

254 2979 764 3049 quinquagesimum
791 2979 1091 3033 secundum
1120 2992 1318 3031 annum
1352 2992 1516 3048 agens
1535 3017 1549 3042 ,
1576 2978 1645 3032 ob
1672 2978 1847 3033 morbi

256 3069 502 3127 dolorem
516 3084 638 3124 sese
654 3069 884 3123 ﬂammis
899 3067 1101 3136 injecit.
1120 3067 1223 3122 Per
1238 3067 1379 3121 idem
1395 3074 1606 3136 tempus
1618 3066 1847 3121 Alexan-

1958 1868 2236 1926 Posthumi
2273 1887 2469 1937 nomen
2498 1874 2708 1942 accepit
2731 1913 2749 1939 ,
2792 1888 2822 1928 a
2848 1888 2956 1944 quo
2996 1888 3186 1931 omnes
3211 1875 3541 1935 Albanorum

1956 1981 2112 2037 reges
2139 1966 2305 2037 Sylvii
2333 1970 2511 2033 vocati
2548 1978 2698 2025 sunt.

2020 2055 2216 2132 (5085]
2256 2056 2475 2113 Samuel
2517 2067 2572 2115 et
2617 2058 2787 2131 Saul,
2833 2059 2992 2119 annis
3048 2059 3426 2139 quadraginta.
3483 2058 3542 2114 ιιι

1957 2148 2236 2220 Scriptura
2268 2165 2458 2216 sacra,
2490 2150 2720 2209 ducatus
2747 2148 3017 2206 Samuelis
3039 2160 3169 2220 quot
3191 2150 3349 2207 annis
3380 2147 3548 2207 fuerit

1955 2240 2181 2297 minime
2207 2249 2392 2309 patet;
2424 2241 2582 2301 docet
2604 2251 2785 2299 tamen
2807 2239 3075 2312 Josephus
3097 2240 3351 2295 tredecim
3381 2240 3545 2295 annis

1956 2333 2315 2403 principatum
2347 2334 2490 2390 illius
2514 2335 2826 2391 emicuisse.
2851 2334 3106 2391 Chronici
3134 2350 3282 2398 vero,
3317 2331 3538 2389 Samuel

1954 2431 2008 2477 et
2052 2421 2182 2479 Saul
2219 2424 2379 2479 simul
2408 2426 2565 2481 annis
2590 2425 2952 2496 quadraginta
2983 2425 3263 2497 praefuisse
3302 2424 3543 2496 signant.

1954 2510 2012 2565 In
2038 2510 2264 2569 Actibus
2291 2514 2659 2582 apostolorum
2684 2514 2961 2585 apostolus
2984 2514 3185 2573 Paulus
3217 2515 3291 2571 ita
3322 2515 3544 2571 concio-

1957 2615 2117 2659 natus
2142 2605 2209 2659 ad
2237 2606 2492 2675 pupulum
2528 2614 2611 2661 est
2644 2623 2656 2658 :
2684 2606 2827 2662 Deus
2851 2606 3024 2677 plebis
3050 2605 3216 2662 Israel
3245 2605 3407 2675 elegit
3440 2621 3542 2675 pa-

1957 2704 2067 2752 tres
2089 2706 2335 2761 nostros,
2364 2708 2417 2752 et
2441 2696 2649 2767 plebem
2673 2697 2965 2761 exultavit,
2998 2712 3120 2752 cum
3148 2705 3333 2751 essent
3353 2695 3543 2758 incolae

1954 2789 2008 2844 in
2038 2796 2182 2844 terra
2208 2788 2453 2861 Egypti,
2486 2799 2542 2845 et
2571 2790 2624 2843 in
2647 2789 2871 2845 brachio
2893 2789 3109 2846 excelso
3136 2789 3329 2844 eduxit
3351 2803 3445 2843 eos
3470 2804 3541 2843 ex

1955 2894 2040 2945 ea,
2073 2889 2130 2935 et
2160 2895 2258 2950 per
2286 2881 2648 2950 quadraginta
2678 2896 2948 2937 annorum
2974 2890 3209 2951 tempus,
3239 2894 3419 2934 mores
3443 2894 3541 2935 eo-

1955 2987 2074 3026 rum
2105 2972 2362 3027 sustinuit
2384 2972 2441 3027 in
2464 2973 2713 3039 deserto;
2736 2980 2792 3028 et
2810 2972 3095 3029 destruens
3119 2983 3310 3043 gentes
3334 2981 3542 3044 septem

1957 3064 2010 3118 in
2033 3072 2179 3119 terra
2201 3064 2478 3130 Chanaan,
2509 3072 2658 3121 sorte
2684 3065 2960 3121 distribuit
2988 3065 3066 3120 eis
3098 3071 3300 3121 terram
3327 3079 3540 3130 eorum,

256 3168 360 3223 der
378 3165 637 3221 Helenam
660 3163 861 3235 rapuit,
888 3162 929 3216 Τ
934 3162 1291 3233 rojanumque
1318 3160 1517 3214 bellum
1549 3158 1847 3215 decennale
1875 3139 1921 3205 (ἶ
1953 3154 2107 3224 quasi
2137 3166 2260 3225 post
2287 3155 2715 3226 quadringentos
2741 3163 2796 3209 et
2824 3154 3218 3225 quinquaginta
3245 3169 3455 3221 annos;
3482 3161 3537 3208 et

552 3346 729 3400 Abesa
771 3343 839 3399 de
880 3343 1196 3400 Bethlehem
1223 3384 1238 3408 ,
1268 3344 1426 3398 annis
1455 3351 1683 3412 septem.
1712 3342 1848 3413 Aga-

257 3451 515 3491 memnon
551 3436 784 3505 imperat
812 3433 1049 3505 Mycenis
1081 3433 1319 3503 quinque
1348 3442 1404 3487 et
1439 3432 1652 3502 viginti.
1682 3432 1849 3503 Cujus

258 3543 403 3581 anno
446 3525 795 3596 quindecimo
844 3522 1001 3593 Troja
1046 3524 1276 3594 capitur.
1325 3523 1630 3576 Amazones
1695 3536 1847 3587 arma

254 3625 624 3686 sumpsean

334 3707 518 3784 [3M7]
554 3709 744 3782 Ajalon
766 3708 1135 3772 Zabulonites,
1165 3708 1326 3763 annis
1356 3708 1568 3763 decem.
1599 3706 1699 3762 Hic
1722 3722 1844 3763 eum

255 3806 419 3857 annis
445 3803 559 3858 suis
593 3803 779 3857 decem
825 3802 879 3855 in
916 3800 1267 3872 Septuaginta
1309 3800 1699 3871 lnterpretibus
1736 3813 1845 3854 non

255 3895 508 3960 habetur,
539 3908 769 3964 quorum
799 3893 997 3948 damno
1024 3891 1345 3962 supplendo,
1372 3889 1537 3946 Josue
1562 3888 1673 3944 ﬁlio
1696 3888 1840 3954 Nun,

260 3986 524 4040 Eusebius
554 3984 790 4040 Samueli
816 3991 873 4039 et
897 3982 1069 4048 Sauli,
1093 3998 1322 4054 quorum
1352 3997 1524 4037 annos
1559 3980 1843 4051 Scriptura

255 4094 365 4133 non
398 4078 569 4143 dicit,
602 4077 786 4148 plures
831 4091 1003 4131 annos
1047 4090 1210 4146 quam
1240 4076 1294 4130 in
1325 4073 1561 4144 Josepho
1597 4073 1799 4145 legerat
1822 4108 1837 4137 ,

254 4170 559 4236 annotavit,
587 4177 858 4245 quatenus
879 4168 949 4224 ab
973 4182 1195 4237 egressu
1221 4166 1386 4221 Israel
1412 4181 1479 4222 ex
1500 4166 1735 4243 Egyplo
1752 4180 1844 4220 us-

252 4273 365 4331 que
392 4259 459 4313 ad
492 4256 901 4313 aediﬁcationem
930 4257 1114 4327 templi
1141 4257 1663 4327 quadringentorum
1689 4264 1841 4311 octo-

253 4353 404 4426 ginta
448 4366 713 4407 annorum
751 4366 1047 4415 summam,
1081 4365 1243 4421 quam
1274 4349 1555 4417 Scriptura
1581 4349 1842 4419 praedicat

254 4444 499 4498 haberet.

1952 3247 2199 3315 posthac
2220 3247 2368 3303 dedit
2382 3247 2595 3316 judices
2612 3286 2628 3313 ,
2655 3262 2825 3317 usque
2844 3248 2913 3301 ad
2937 3246 3155 3301 Samuel
3180 3247 3533 3317 prophetam;

1950 3348 2007 3395 et
2048 3340 2245 3396 exinde
2273 3339 2683 3409 postulaverunt
2722 3355 2935 3411 regem;
2971 3351 3026 3396 et
3070 3340 3217 3395 dedit
3252 3341 3360 3395 illis
3391 3340 3538 3396 Deus

1951 3432 2113 3499 Saul,
2146 3432 2317 3489 tilium
2346 3432 2439 3488 Cis
2464 3471 2480 3499 ,
2532 3433 2711 3489 virum
2757 3434 2824 3488 de
2855 3433 2998 3488 tribu
3028 3431 3308 3500 Benjamin
3337 3472 3351 3497 ,
3382 3431 3542 3487 annis

1949 3525 2326 3594 quadraginta.
2344 3525 2427 3579 Ab
2456 3525 2559 3579 hoe
2578 3533 2816 3595 tempora
2837 3525 3227 3595 prophetarum
3251 3523 3538 3594 incipiunt.

1947 3616 2484 3672 Laeedaunoniorum
2516 3631 2739 3687 regnum
2770 3617 3047 3687 exoritur;
3080 3626 3243 3685 atque
3272 3615 3536 3669 Homerus

1949 3709 2115 3765 fuisse
2140 3717 2380 3779 putatur.

2017 3800 2077 3856 In
2104 3802 2204 3857 bac
2228 3801 2387 3857 tertia
2408 3808 2570 3857 aetate
2595 3799 2805 3866 mundi,
2834 3799 2982 3857 salva
3003 3799 3233 3854 veritate
3256 3799 3535 3868 historica,

1946 3895 2262 3966 praeﬁgurat
2292 3896 2352 3950 in
2378 3895 2663 3952 vocatione
2705 3894 2937 3949 Abrahae
2962 3934 2976 3960 ,
3008 3902 3208 3948 terram
3239 3895 3536 3949 viventium

1945 3985 2150 4041 Christi
2179 3987 2378 4057 populo
2410 3985 2649 4041 futuram
2678 4025 2693 4051 ,
2722 4001 2824 4041 nec
2852 3985 3122 4040 incolatus
3149 3985 3321 4040 nostri
3352 3985 3538 4056 longos

1946 4079 2126 4135 exitus
2172 4078 2543 4135 formidandos
2570 4119 2585 4145 ,
2625 4087 2679 4135 et
2716 4079 2769 4133 in
2817 4078 3035 4134 Christo
3068 4078 3295 4133 Domino
3321 4092 3537 4149 semper

1944 4171 2273 4241 sperandum
2294 4211 2308 4237 ,
2354 4186 2454 4241 per
2494 4170 2647 4241 cujus
2683 4171 2912 4239 gratiam
2942 4170 3174 4225 vivendo
3204 4169 3536 4239 sempiterna

1944 4264 2217 4334 potiemur
2241 4264 2585 4330 haereditate;
2610 4273 2666 4318 et
2690 4264 2742 4317 in
2766 4263 2977 4319 semine
3005 4263 3254 4333 ejusdem
3278 4263 3534 4328 Abrahae,

1945 4366 2006 4410 ut
2035 4354 2221 4410 stellas
2245 4354 2368 4409 cteli
2392 4354 2743 4424 multiplicari
2764 4353 3024 4423 populum
3048 4353 3456 4417 Christianum;
3480 4359 3537 4406 et

1946 4435 2010 4500 in.
2028 4445 2302 4501 oblatione
2325 4454 2383 4500 et
2403 4444 2709 4500 sacerdotio
2731 4441 2851 4510 ejus
2871 4442 3051 4513 regale
3072 4442 3330 4498 Ecclesiae
3354 4456 3537 4497 sacer-

323 4495 514 4608 ἶξέθέὲ]
553 4533 746 4590 Abdon
773 4532 890 4589 sive
921 4533 1141 4590 Labdon
1172 4535 1239 4588 de
1266 4532 1407 4587 tribu
1436 4532 1716 4603 Ephraim,
1739 4546 1841 4586 an-
1865 4495 1919 4557 Β
1947 4495 3191 4606 '55...1i;;;.‘.;.;.;.s;.,;....,
3217 4534 3363 4603 quod
3389 4495 3536 4588 esset

250 4628 340 4680 nis
367 4619 511 4681 octo.
544 4624 711 4694 Cujus
747 4640 891 4681 anno
922 4626 1083 4681 tertio
1130 4622 1292 4692 'I‘roja
1321 4634 1480 4694 capta
1511 4636 1629 4690 est;
1663 4634 1721 4680 et
1745 4622 1843 4678 1E-

252 4733 389 4773 neas
424 4718 490 4771 ad
532 4717 742 4772 Italiam
768 4712 937 4773 venit.
969 4716 1265 4787 Completis
1301 4733 1331 4771 a
1357 4717 1537 4786 primo
1565 4732 1709 4785 anno
1735 4716 1842 4773 Ce-

248 4808 473 4879 cropis,
506 4807 600 4876 qui
644 4808 852 4877 primus
881 4808 1023 4877 apud
1066 4807 1301 4861 Atticam
1336 4807 1584 4878 regnavit
1608 4847 1623 4873 ,
1673 4822 1843 4863 annos

222 4904 528 4977 xtreeentos
562 4894 781 4965 triginta
817 4896 1074 4965 quinque.
1123 4895 1171 4949 Α
1211 4896 1628 4967 quadragesimo
1658 4905 1841 4952 autem

245 4996 308 5043 et
336 4986 494 5041 tertio
528 5000 671 5041 anno
701 4988 851 5056 regni
889 4985 1010 5040 Nini
1044 4980 1392 5058 Assyriorum
1420 4988 1586 5059 regis,
1616 5003 1841 5058 compu-

249 5088 436 5134 tantur
455 5078 582 5132 anni
604 5078 898 5148 octingenti
920 5078 1108 5150 viginti
1128 5080 1387 5150 quinque.
1404 5079 1444 5133 A
1466 5091 1682 5136 mortuo
1701 5080 1844 5147 Lab-

247 5171 359 5225 don
390 5169 618 5226 servivit
641 5168 807 5224 Israel
829 5169 1123 5224 Philistasis
1145 5170 1501 5239 quadraginta
1525 5168 1701 5227 annis.
1729 5172 1841 5229 Hac

246 5269 414 5315 aetate
438 5258 750 5314 Carmentis
774 5261 1009 5331 nympha
1038 5260 1262 5316 Latinas
1292 5261 1503 5319 litteras
1533 5264 1754 5333 reperit.

319 5349 513 5425 \3025]
553 5349 785 5405 Samson
816 5351 883 5406 de
911 5350 1055 5404 tribu
1081 5352 1220 5417 Dan,
1248 5352 1405 5408 annis
1436 5354 1643 5423 viginti.
1670 5352 1839 5411 Asca-

243 5446 375 5503 nius
416 5442 609 5498 IEnete
648 5442 799 5498 ﬁlius
821 5442 1013 5497 Albam
1060 5444 1319 5507 condidit.
1375 5445 1583 5517 Ulyssis
1621 5462 1836 5518 quoque

247 5539 432 5596 fabula
457 5538 605 5593 ficta.
633 5536 907 5594 Hactenus
930 5536 1179 5592 Iudicum
1209 5538 1347 5594 liber
1367 5548 1608 5611 tempora
1637 5541 1833 5611 signat,

249 5634 461 5689 habens
507 5644 679 5687 annos
707 5632 974 5687 ducentos
1002 5631 1296 5701 nonaginta
1341 5648 1575 5698 novem,
1621 5634 1838 5690 Judiees

252 5734 441 5782 autem
487 5726 801 5791 duodecim;
850 5730 974 5792 post
1020 5739 1157 5795 quos
1207 5727 1520 5791 sacerdotes
1558 5725 1838 5781 constituti

1950 4634 2002 4687 in
2031 4632 2249 4686 Christo
2273 4639 2431 4700 pater
2452 4629 2745 4685 multarum
2777 4627 3018 4697 gentium
3055 4642 3153 4698 per
3179 4627 3340 4681 tidem
3362 4666 3378 4691 ,
3409 4641 3533 4681 cum

1946 4722 2109 4776 unius
2140 4728 2350 4775 tantum
2377 4720 2554 4790 gentis
2582 4727 2737 4789 pater
2760 4716 2925 4773 fuerit
2952 4732 3050 4787 per
3077 4718 3484 4788 generationem
3511 4733 3525 4770 :

1947 4821 2002 4867 et
2026 4812 2082 4867 in
2109 4810 2524 4866 circumcisione
2549 4809 2757 4876 carnis,
2777 4809 2922 4879 quod
2948 4809 3111 4865 corde
3139 4800 3532 4873 circumciden-

1947 4904 2049 4960 dus
2072 4911 2219 4959 esset
2242 4901 2602 4958 Christianus.

2015 4997 2083 5052 Et
2113 4998 2166 5052 in
2207 4997 2358 5053 Isaac
2386 5006 2516 5053 nato
2537 5037 2550 5060 ,
2578 4996 2671 5068 qui
2698 4996 2840 5052 risus
2863 4995 3084 5063 dicitur,
3114 4995 3259 5067 quod
3289 4995 3531 5067 gentium

1943 5089 2175 5160 pepultts
2194 5089 2285 5158 qui
2308 5089 2363 5143 in
2382 5087 2658 5144 Christum
2677 5090 2743 5143 de
2766 5087 2855 5143 illa
2877 5088 3022 5144 serie
3045 5088 3097 5143 in
3120 5103 3293 5145 carne.
3310 5090 3534 5146 venien-

1946 5187 2054 5234 tem
2082 5179 2302 5234 irrisum
2328 5195 2356 5232 a
2380 5176 2580 5233 .ludazis
2601 5176 2906 5242 crederent,
2929 5188 2982 5233 et
3004 5187 3366 5248 agnoscerent
3387 5176 3529 5231 illius

1946 5269 2396 5326 contumeliosam
2422 5269 2757 5338 passionem,
2786 5283 2940 5324 suam
2965 5283 3151 5324 veram
3177 5283 3299 5327 esse
3328 5265 3530 5321 libera-

1948 5362 2167 5418 tionem.

2016 5455 2086 5510 Et
2126 5456 2181 5509 in
2226 5452 2460 5510 Sodoma
2492 5460 2546 5508 et
2577 5453 2879 5521 Gomorra,
2914 5453 3203 5525 impiarum
3246 5449 3527 5508 civitatum

1947 5548 2302 5603 subversione
2323 5588 2337 5613 ,
2369 5546 2751 5615 futuri-judicii
2780 5547 2922 5601 diem
2944 5587 2958 5611 ,
2988 5561 3088 5600 nec
3112 5558 3270 5613 posse
3298 5544 3530 5602 evadere

1946 5647 2148 5695 statuta
2166 5624 2450 5708 supplicia,
2472 5640 2630 5693 noxia
2646 5638 2963 5694 curiositate
2977 5636 3310 5705 propositum
3327 5643 3530 5693 sancite

1946 5730 2377 5789 conversationis
2395 5739 2829 5796 contemnentes,
2854 5710 3112 5802 retroque
3132 5730 3273 5789 male
3300 5730 3530 5789 vivendo
