4024 6362
499 259 571 318 59
1500 257 1558 312 S.
1598 254 1850 312 ADONIS
1888 253 2325 312 ARCHIEPISC.
2366 256 2778 316 VIENNENSIS
3710 265 3783 321 ιο

503 378 886 452 respicientes;
915 375 1165 447 solosque
1209 375 1469 445 liberari,
1502 391 1639 448 quos
1683 376 1856 445 gratia
1885 373 2086 431 Christi
2115 375 2167 437 Α
2192 370 2512 440 accipiebat.
2541 372 2649 428 Isto
2677 380 2926 443 tempore
2966 386 3127 430 omne
3155 375 3533 446 magisterium
3558 377 3782 438 Iudaeo-

501 471 835 529 liberaverit.

573 563 641 620 Et
685 565 740 618 in
770 561 1134 618 immolatione
1164 561 1351 617 arietis
1378 576 1476 632 pro
1506 560 1678 624 Isaac,
1719 559 1920 616 Christi
1963 574 2086 630 pas-

497 654 710 711 sionem
749 667 1095 723 expressam;
1140 661 1195 706 et
1224 651 1553 720 injuratione
1587 649 1682 705 Dei
1729 650 1870 720 quod
1899 665 2084 704 semen

497 746 732 802 Abrahze
756 746 812 802 in
843 744 1058 802 Christo
1087 761 1252 815 supra
1286 759 1570 799 numerum
1596 743 2002 808 extenderetur,
2029 751 2086 799 et

496 854 604 894 non
637 839 849 894 tantum
872 853 940 894 ex
969 837 1179 894 semine
1208 836 1411 901 carnis,
1443 836 1540 892 sed
1562 835 1668 892 ﬁde
1698 834 1882 891 vocari
1906 835 1974 890 ad
2001 835 2074 895 in.

496 926 712 984 ﬁnitum
744 943 1030 984 numerum
1056 926 1196 982 ﬁlios
1218 926 1514 982 Abraham.

567 1019 638 1075 Et
657 1036 725 1076 ex
747 1019 955 1078 femore
979 1018 1276 1086 Abraham,
1301 1033 1518 1075 carnem
1541 1008 2080 1086 Cliristi'venturam,

497 1114 714 1183 quando
755 1112 896 1167 idem
942 1110 1218 1166 Abraham
1259 1125 1418 1166 servo
1443 1111 1593 1182 jubet
1625 1128 1638 1166 :
1670 1111 1818 1167 Pone
1861 1127 2081 1167 manum

496 1216 646 1264 tuam
678 1207 779 1262 sub
809 1205 1016 1262 femore
1041 1220 1188 1271 meo,
1217 1214 1271 1261 et
1293 1203 1418 1274 jura
1442 1205 1574 1261 mibi
1606 1221 1704 1278 per
1727 1205 1896 1261 Deum
1922 1205 2077 1273 coeli;

493 1299 837 1368 ostenditque
863 1296 1140 1354 Christum
1166 1298 1259 1369 qui
1289 1307 1372 1354 est
1416 1298 1557 1355 Deus
1585 1299 1705 1355 coeli
1735 1340 1750 1366 ,
1782 1314 1880 1370 per
1903 1299 2082 1371 Virgi-

496 1404 622 1444 nem
645 1388 872 1444 Mariam
901 1403 970 1444 ex
998 1389 1204 1445 femore
1230 1405 1328 1446 suo
1360 1389 1414 1445 in
1447 1405 1611 1446 carne
1637 1391 1898 1446 futurum.

563 1478 633 1533 Et
662 1479 714 1533 in
747 1478 980 1550 geminis
997 1477 1270 1534 ‘Rebeccae
1299 1479 1434 1535 duos
1462 1480 1710 1550 populos,
1737 1479 2080 1537 Christianos

492 1581 550 1628 et
574 1570 790 1628 Judaeos
814 1613 830 1638 ,
859 1586 1090 1642 quorum
1122 1572 1301 1628 minor
1341 1570 1510 1627 Jacob
1539 1573 1707 1638 lenis,
1740 1573 1794 1627 in
1825 1573 1940 1643 ipsa
1964 1572 2080 1643 jam

489 1667 724 1738 pueritia
753 1680 852 1736 per
888 1675 1170 1722 cocturam
1198 1665 1421 1720 rubram
1467 1665 1765 1730 lenticulze,
1815 1664 2078 1735 majorem

2193 479 2335 528 rum,
2369 472 2424 518 et
2452 466 2702 535 mystica,
2761 466 2904 522 unde
2938 466 3138 523 Christi
3189 471 3558 538 vocabantur,
3594 476 3782 533 unctio

2189 554 2305 626 ipsa
2367 555 2662 612 defecerat.
2727 557 2912 629 Neque
2968 561 3034 614 ad
3097 562 3381 632 mysticam
3466 567 3780 626 unctionem

2187 645 2431 703 Herodes
2510 647 2746 718 pertinet
2807 649 3137 720 alienigena,
3200 653 3290 721 qui
3359 647 3646 712 deﬁciente
3709 672 3785 715 ex

2189 738 2332 793 tribu
2352 736 2488 795 Juda
2506 739 2748 810 principe
2773 741 2940 811 regio,
2956 757 2984 794 a
3002 741 3261 797 Romanis
3277 742 3330 796 in
3347 742 3534 800 Judaaa
3553 761 3787 818 regnum

2185 840 2508 902 acceperat;
2543 833 2643 888 sub
2695 831 2850 902 cujus
2883 843 3124 905 tempore
3176 844 3338 890 natus
3369 845 3454 891 est
3505 837 3777 908 Christus,

2186 932 2381 980 unctus
2421 923 2653 980 Sanctus
2712 933 3022 981 sanctorum
3067 924 3188 980 oleo
3234 925 3614 984 exsultationis
3660 945 3778 1000 pra:

2183 1015 2540 1086 participibus
2569 1016 2703 1082 suis,
2737 1017 2829 1088 qui
2851 1017 3080 1072 veniens
3108 1017 3176 1072 ad
3204 1031 3334 1073 oves
3358 1033 3477 1088 quae
3498 1021 3779 1090 perierant

2184 1104 2376 1161 domus
2402 1104 2565 1162 lsrael
2583 1146 2599 1171 ,
2631 1106 2943 1162 testimonio
2969 1105 3213 1172 Joannis,
3253 1106 3307 1160 in
3333 1122 3473 1178 aqua
3501 1124 3632 1165 usus
3653 1121 3774 1179 est;

2184 1195 2338 1266 cujus
2367 1195 2596 1266 ﬁguram
2627 1197 2799 1269 gessit
2827 1198 2941 1268 ipse
2967 1197 3134 1254 Judas
3159 1238 3174 1264 ,
3207 1213 3330 1253 cum
3387 1199 3491 1254 iret
3539 1201 3607 1256 ad
3655 1210 3777 1258 ton-

2182 1288 2387 1345 dendas
2421 1303 2549 1344 oves
2572 1289 2626 1343 in
2653 1289 3037 1359 Tamna,quod
3063 1289 3458 1361 interpretatur
3479 1292 3770 1364 deﬁciens;

2175 1378 2288 1449 jam
2319 1381 2463 1437 enim
2503 1381 2775 1437 defecerat
2813 1383 3064 1454 princeps
3095 1399 3164 1440 ex
3192 1381 3332 1440 Juda
3351 1425 3369 1453 ,
3400 1397 3566 1457 atque
3589 1379 3798 1446 unctio-

2181 1472 2411 1542 mystica
2439 1472 2771 1529 Judzeorum.
2804 1473 2966 1530 Venit
3005 1483 3187 1531 autem
3237 1492 3363 1533 cum
3417 1494 3516 1536 suo
3553 1489 3774 1550 pastore

2181 1561 2526 1630 Odollamite,
2555 1565 2641 1620 cui
2671 1579 2870 1620 nomen
2911 1575 3032 1621 erat
3054 1566 3202 1633 lras;
3233 1567 3631 1640 interpretatur
3672 1589 3772 1629 au-

2182 1663 2289 1710 tem
2316 1655 2667 1713 Odollamites
2691 1659 3048 1712 testimonium
3075 1647 3132 1713 in
3175 1676 3314 1731 aqua
3341 1701 3359 1727 ,
3413 1662 3620 1719 habens
3651 1667 3773 1735 qui-

490 1756 714 1812 fratrem
738 1757 884 1812 Esau
904 1756 1176 1827 hispidum
1193 1755 1567 1826 supplantans,
1586 1755 1762 1812 lenem
1781 1755 2077 1826 mitemque
2104 1743 2154 1804 Β
2180 1747 2302 1802 dem
2335 1746 2597 1804 Dominus
2633 1749 2999 1805 ῑθειίῐῐιοηίυιι]
3034 1751 3208 1821 majus
3243 1750 3452 1808 Joanne
3481 1794 3496 1819 ν
3552 1766 3772 1826 Propter

489 1851 671 1924 signat
695 1850 955 1922 populum
985 1849 1352 1906 Christianum
1377 1891 1392 1916 ,
1423 1849 1517 1920 qui
1547 1864 1646 1919 per
1669 1857 1946 1906 cocturam
1979 1866 2074 1905 ru-

488 1944 671 2012 bram,
694 1943 1006 2000 Passionem
1027 1942 1234 1998 scilicet
1251 1942 1474 2008 Christi,
1491 1943 1750 2013 sanguine
1772 1943 2074 2009 rubratam,

487 2033 643 2090 edaci
675 2049 738 2089 ac
768 2033 1015 2089 saevienti
1041 2031 1226 2087 Judteo
1246 2032 1464 2102 populo,
1495 2031 1649 2100 cujus
1679 2047 1868 2087 curam
1891 2043 2073 2104 gesta-

486 2125 581 2180 bat
599 2125 763 2192 Esau,
785 2125 1052 2196 primatus
1074 2125 1391 2196 dignitatem
1412 2124 1505 2180 illo
1526 2126 1794 2180 vendente
1815 2126 2070 2196 suscepit;

486 2216 578 2272 ille
611 2216 754 2286 quod
785 2218 1058 2272 nascendo
1089 2216 1279 2271 habuit
1301 2230 1400 2287 per
1426 2211 1924 2286 concupiscentiam
1949 2230 2075 2288 per-

485 2305 659 2372 didit;
689 2305 1028 2362 Christianus
1056 2322 1155 2377 per
1194 2308 1426 2376 gratiam
1452 2307 1595 2378 quod
1637 2307 1694 2362 in
1741 2315 1939 2364 natura
1964 2324 2072 2364 non

491 2395 720 2461 habuit,
749 2395 1056 2466 acquisivit.
1089 2395 1188 2452 Cui
1226 2397 1394 2466 pelles
1432 2397 1708 2452 haedorum
1739 2413 1904 2467 super
1942 2397 2072 2452 bra-

485 2486 607 2541 chia
634 2527 648 2554 ,
679 2495 735 2543 et
777 2488 1049 2544 cervicem
1088 2490 1286 2545 nudam
1332 2497 1508 2544 mater
1545 2489 1786 2558 aptavit,
1815 2497 2074 2560 vesteque

483 2579 830 2650 primogeniti
859 2579 944 2635 sui
979 2580 1154 2635 induit
1178 2621 1192 2646 ,
1223 2588 1479 2652 tanquam
1505 2579 1618 2649 jam
1643 2581 1799 2636 nobis
1827 2579 1977 2635 illum
2004 2580 2070 2634 ﬁ-

483 2678 734 2741 guratum
761 2671 1055 2727 ostendens
1075 2671 1352 2728 Christum
1375 2713 1389 2737 ,
1419 2673 1513 2743 qui
1537 2673 1779 2743 accepit,
1808 2687 1916 2728 non
1948 2687 2072 2728 car-

481 2777 602 2818 nem
620 2763 852 2833 peccati,
869 2763 964 2820 sed
979 2763 1392 2819 similitudinem
1413 2765 1597 2820 carnis
1619 2764 1853 2834 peccati,
1870 2763 2070 2835 legem-

481 2868 588 2924 que
611 2851 826 2908 Veteris
849 2853 1182 2909 Testamenti
1209 2862 1468 2924 tanquam
1490 2861 1694 2908 vestem
1724 2853 2068 2923 primogeniti

480 2947 793 3018 excipiens,
837 2961 944 3002 non
977 2948 1232 3014 solverit,
1264 2948 1360 3002 sed
1393 2945 1719 3017 impleverit.
1753 2945 1884 3001 Post
1913 2945 2069 3016 cujus

479 3039 703 3094 odorem
749 3037 1048 3094 benedictae
1094 3046 1430 3094 concurrunt
1467 3051 1658 3092 omnes
1689 3045 1877 3108 gentes
1902 3075 1918 3102 ,
1948 3050 2068 3104 quas

2177 1836 2424 1892 inﬁrmas
2477 1845 2656 1893 tamen
2695 1838 3014 1905 oves,‘hoc
3059 1840 3368 1897 testimonio
3413 1858 3543 1899 usus
3584 1853 3668 1900 est
3711 1847 3767 1901 in

2177 1945 2339 2002 aqua,
2380 1947 2506 1987 nam
2547 1941 2602 1988 et
2631 1933 2748 2004 ipse
2780 1933 2914 1998 lras,
2939 1936 3082 2005 quod
3115 1952 3312 1993 nomen
3345 1939 3491 1996 illius
3529 1943 3767 2011 pastoris

2175 2024 2312 2092 fuit,
2363 2026 2751 2095 interpretatur
2797 2027 2980 2097 fratris
3032 2031 3133 2084 mei
3178 2031 3325 2086 visio.
3359 2030 3508 2087 Vidit
3535 2036 3760 2092 omnino

2175 2114 2400 2171 fratrem
2455 2131 2612 2171 suum
2660 2115 2845 2172 Jesum
2899 2119 3196 2175 secundum
3253 2134 3441 2175 semen
3485 2122 3762 2192 Abrahae,

2175 2209 2470 2265 secundum
2515 2210 2896 2281 cognationem
2935 2210 3119 2267 Mariae
3159 2220 3215 2268 et
3247 2212 3524 2271 Elizabeth
3573 2219 3768 2275 matris

2173 2315 2319 2366 suae;
2353 2300 2713 2370 eumdemque
2746 2300 3033 2356 Dominum
3076 2313 3133 2359 et
3173 2303 3344 2360 Deum
3393 2322 3571 2376 suum,
3603 2324 3768 2380 quem

2168 2390 2280 2462 jam
2321 2392 2654 2447 salutaverat
2679 2407 2746 2447 ex
2796 2400 2972 2458 utero,
3017 2395 3236 2464 agnovit
3259 2395 3553 2466 perfectius
3576 2414 3643 2455 ex
3670 2415 3768 2456 co-

2172 2483 2389 2551 lumba;
2443 2493 2498 2540 et
2531 2484 2653 2539 ideo
2710 2493 2966 2556 tanquam
3016 2487 3384 2556 Odollamites,
3428 2505 3556 2546 vere
3607 2495 3769 2550 testi-

2172 2574 2413 2628 monium
2464 2573 2719 2644 perhibet
2770 2575 2825 2629 in
2870 2591 3032 2646 aqua.
3066 2578 3228 2633 Venit
3269 2588 3451 2636 autem
3500 2582 3768 2640 Dominus

2173 2663 2240 2718 ad
2269 2678 2398 2719 oves
2443 2664 2758 2730 tondendas,
2808 2651 2913 2721 hoc
2964 2676 3049 2722 est
3095 2671 3470 2728 exonerandas
3521 2676 3769 2733 sarcinas

2169 2763 2538 2824 peccatorum.
2568 2755 2698 2812 lnde
2728 2757 2967 2830 Thamar
2993 2759 3240 2816 habitum
3292 2771 3499 2828 mutat;
3535 2782 3660 2821 nam
3707 2779 3766 2824 et

2171 2855 2497 2899 commutans
2547 2846 2970 2916 interpretatur;
3020 2858 3195 2904 mutat
3241 2861 3297 2906 et
3327 2868 3524 2909 nomen
3551 2895 3568 2922 ,
3599 2864 3657 2912 et
3694 2858 3766 2914 de

2179 2933 2462 3007 Synagoga
2494 2937 2554 2992 ﬁt
2590 2937 2866 3004 Ecclesia,
2917 2940 3012 2996 sed
3059 2941 3116 2996 in
3159 2957 3222 2998 ea
3274 2959 3499 3015 prorsus
3559 2963 3760 3006 nomen

2170 3027 2551 3084 amaritudinis
2607 3041 2910 3100 permanet,
2956 3049 3066 3090 non
3100 3035 3246 3093 illius
3280 3038 3335 3094 in
3379 3056 3484 3111 qua
3532 3042 3764 3102 Domino

478 3141 579 3199 per
614 3128 846 3200 gratiam
871 3127 1071 3183 ιυάωίε
1104 3136 1159 3183 et
1195 3127 1516 3198 primarum,
1548 3134 1604 3181 et
1633 3125 2067 3181 benedictionem
2094 3110 2140 3174 C
2171 3118 2245 3174 fel
2271 3120 2615 3186 ministravit,
2650 3124 2743 3178 sed
2771 3123 2916 3182 illius
2942 3126 2996 3181 in
3021 3143 3128 3198 qua
3161 3128 3354 3186 Petrus
3379 3110 3526 3190 flevit
3552 3150 3760 3206 amare,

479 3219 841 3277 abstulerunt.
869 3219 1036 3275 Jacob
1065 3234 1298 3290 quoque,
1331 3218 1474 3274 ﬁlius
1499 3218 1672 3284 Isaac,
1703 3232 1870 3288 nepos
1895 3217 2068 3273 Abra-

481 3314 568 3370 hae
599 3312 810 3382 fugiens
855 3311 1045 3367 fratris
1071 3312 1328 3376 insidias,
1366 3311 1420 3366 in
1459 3318 1803 3366 sacramento
1833 3309 2066 3380 lapidem

481 3421 643 3477 quem
667 3407 734 3461 ad
756 3413 919 3476 caput
939 3405 1129 3460 habuit
1146 3405 1425 3461 dormiens
1445 3405 1656 3460 eminus
1676 3405 1893 3474 erigens
1914 3418 2066 3459 enm-

478 3513 586 3570 quc
615 3497 811 3553 liniens
840 3497 979 3563 oleo,
1010 3496 1288 3553 Christum
1311 3497 1469 3552 nobis
1493 3496 1726 3565 lapidem
1749 3494 2065 3564 angularem

477 3591 838 3646 consecravit.
871 3589 939 3644 Et
967 3589 1109 3644 idem
1138 3587 1325 3653 Jacob,
1358 3587 1584 3643 claudus
1606 3586 1834 3642 effectus
1859 3587 1913 3640 in
1941 3585 2066 3640 lati-

483 3683 670 3740 tudine
697 3681 918 3738 femoris
944 3681 1199 3752 populum
1231 3680 1577 3736 llebraeorum
1607 3679 1876 3749 signiﬁcat
1905 3679 2058 3734 clau-

475 3775 806 3831 dicaturum.
841 3772 1008 3829 ludas
1035 3772 1178 3828 ﬁlius
1205 3770 1395 3835 Jacob,
1417 3787 1540 3826 cum
1567 3787 1707 3826 nuru
1737 3786 1835 3826 sua
1864 3787 2063 3828 concu-

475 3866 595 3920 buit
628 3865 870 3920 Thamar
893 3903 907 3926 ,
941 3878 1048 3933 qua
1080 3862 1397 3932 intelligitur
1425 3862 1580 3932 plebs
1617 3861 1798 3918 Judaea
1819 3902 1835 3928 ,
1881 3864 1968 3918 cui
1997 3865 2064 3919 de

474 3952 621 4007 tribu
641 3951 778 4008 Juda
801 3965 958 4022 reges
981 3959 1238 4020 tanquam
1258 3950 1440 4005 mariti
1463 3951 1890 4018 adhibebantur;
1918 3953 2062 4010 unde

476 4058 675 4099 nomen
703 4041 821 4110 ejus
851 4041 1155 4096 amaritudo
1186 4042 1600 4112 interpretatur,
1645 4043 1772 4113 quia
1813 4043 1927 4104 ipsa
1957 4045 2063 4101 Do-

476 4133 626 4189 mino
657 4132 798 4188 fellis
823 4132 1075 4203 poculum
1105 4131 1274 4188 dedit.

545 4225 606 4280 In
652 4224 861 4281 duobus
910 4223 1036 4279 ﬁliis
1064 4222 1214 4279 ludas
1238 4223 1346 4279 duo
1390 4239 1590 4295 genera
1629 4225 1936 4295 principum
1965 4225 2058 4296 qui

475 4331 583 4373 non
616 4323 762 4372 recte
808 4316 1174 4386 Operabantur
1203 4313 1258 4370 in
1287 4314 1439 4384 plebe
1463 4356 1477 4381 ,
1520 4331 1686 4370 unum
1733 4331 1923 4371 eorum
1966 4316 2058 4387 qui

474 4409 716 4474 oberrat,
749 4406 982 4462 alterum
1011 4406 1104 4475 qui
1132 4405 1269 4461 nihil
1293 4405 1549 4475 proderat
1583 4423 1595 4459 :
1627 4420 1727 4460 nec
1757 4407 1902 4461 enim
1931 4414 2058 4462 sunt

475 4501 704 4570 amplius
735 4515 900 4570 quam
944 4500 1049 4555 duo
1079 4513 1275 4570 genera
1304 4499 1584 4555 hominum
1632 4500 1843 4554 inutilia
1871 4501 2058 4570 generi

474 4596 712 4650 humano
740 4611 752 4647 :
784 4608 950 4648 unum
980 4593 1290 4648 nocentium
1315 4634 1329 4658 ,
1372 4591 1602 4648 alterum
1651 4602 1916 4664 praestare
1962 4609 2058 4650 no-

473 4684 723 4750 lentium,
754 4693 826 4750 et,
856 4683 901 4738 si
932 4684 1060 4754 quid
1091 4683 1218 4739 boni
1247 4683 1468 4748 habent,
1497 4685 1550 4739 in
1582 4685 1686 4740 hac
1712 4694 1925 4741 terrena
1947 4687 2058 4741 vita

471 4779 815 4851 perdentium
843 4786 1146 4848 .,lanquam
1193 4778 1248 4832 in
1281 4786 1481 4833 terram
1512 4778 1886 4847 fundentium;
1917 4780 2058 4834 unde

472 4869 649 4939 major
678 4867 788 4922 Her
833 4868 1221 4937 interpretatur
1247 4869 1528 4938 petticitus,
1559 4870 1812 4940 qualibus
1858 4870 2058 4926 tunicis

473 4959 648 5014 induti
714 4968 839 5014 sunt
891 4959 1050 5027 primi
1108 4959 1391 5025 homines,
1457 4961 1509 5014 in
1566 4975 1781 5030 poenam
1836 4960 2059 5015 damna-

472 5051 637 5108 tionis
684 5063 838 5116 suaa,
891 5049 1097 5105 dimissi
1154 5065 1222 5104 ex
1277 5051 1550 5120 paradiso.
1609 5051 1850 5122 Sequens
1905 5049 2058 5105 Onan

472 5144 864 5213 interpretatur
904 5151 1117 5196 mlestus
1169 5157 1375 5206 eorum,
1423 5142 1476 5197 id
1526 5150 1630 5207 est,
1679 5142 1875 5211 quibus
1925 5142 2060 5198 nihil

473 5236 733 5306 prodesse
762 5249 883 5290 cum
925 5235 1122 5290 habeat
1161 5236 1304 5289 unde
1344 5236 1601 5306 prodesse
1640 5237 1828 5306 possit.
1871 5235 1927 5290 ln
1954 5246 2060 5292 ter-

474 5327 550 5382 tio
616 5326 724 5382 ﬁlio
787 5324 974 5390 Judte,
1048 5323 1172 5380 Sela
1223 5326 1313 5395 qui
1378 5326 1766 5396 interpretatur
1821 5327 2058 5382 dimissio

470 5420 612 5490 ejus,
640 5418 978 5490 signiﬁcatur
1009 5426 1221 5488 tempus
1252 5433 1316 5472 ex
1349 5434 1457 5487 quo
1489 5434 1643 5489 reges
1681 5419 1819 5490 plebi
1847 5419 2059 5476 Judaio-

471 5523 595 5564 rum
617 5515 899 5576 coeperunt
925 5507 992 5562 de
1023 5507 1163 5561 tribu
1191 5506 1328 5562 Juda
1357 5524 1461 5563 non
1493 5508 1640 5576 ﬁeri;
1672 5510 1794 5579 quia
1825 5520 1943 5565 erat
1969 5527 2062 5566 ea-

473 5596 598 5654 dem
621 5597 975 5666 tribusfluda,
1001 5597 1094 5653 sed
1122 5599 1285 5652 etiam
1316 5599 1368 5653 in
1395 5599 1590 5670 popqu
1614 5599 1766 5656 Juda:
1789 5616 1947 5658 nemo
1975 5617 2061 5659 re-

471 5689 705 5770 gnabat;
729 5700 1009 5762 propterea
1038 5690 1274 5749 Thamar
1301 5691 1468 5749 ﬁlium
1491 5693 1642 5752 ludas
1669 5695 1926 5751 maritum
1948 5711 2059 5754 non

2168 3226 2295 3267 nam
2325 3219 2382 3267 et
2404 3210 2543 3268 Juda
2583 3214 2855 3272 confessio
2884 3226 2988 3286 est,
3018 3221 3346 3279 confessioni
3376 3241 3506 3298 ergo
3553 3230 3762 3285 amari-

2167 3303 2300 3358 tudo
2348 3303 2641 3359 misceatur
2665 3345 2682 3372 ,
2727 3315 2788 3360 nt
2835 3323 2965 3364 vera
3014 3311 3332 3381 poenitentia
3381 3317 3759 3388 praesignetur.

2166 3397 2296 3456 Haec
2360 3400 2681 3470 pmnitentia
2734 3403 3055 3460 fecundatur
3115 3407 3354 3464 Ecclesia
3407 3410 3460 3464 in
3509 3413 3762 3470 omnibus

2167 3493 2452 3564 gentibus;
2494 3509 2622 3549 nam
2672 3505 2727 3551 et
2772 3497 2888 3566 ipse
2932 3498 3148 3555 habitus
3191 3502 3514 3568 meretricis,
3551 3504 3761 3561 confes-

2166 3585 2248 3641 sio
2288 3596 2634 3656 peccatorum
2671 3599 2782 3654 est;
2835 3599 3019 3660 typum
3065 3593 3262 3661 quippe
3306 3593 3565 3648 Ecclesiae
3619 3597 3760 3666 gerit

2165 3677 2400 3734 Thamar
2418 3693 2485 3734 ex
2515 3680 2764 3749 gentibus
2785 3691 3042 3747 evocataa,
3067 3683 3262 3737 sedens
3283 3697 3408 3737 cum
3438 3684 3541 3740 hoc
3567 3685 3759 3743 habitu

2165 3767 2234 3821 ad
2257 3775 2468 3837 portam
2501 3767 2759 3834 Enahim,
2785 3766 2928 3837 quod
2956 3769 3344 3840 interpretatur
3367 3771 3557 3841 fontes,
3586 3775 3762 3831 currit

2164 3861 2308 3916 enim
2346 3861 2493 3916 velut
2517 3876 2711 3918 cervus
2744 3863 2812 3918 ad
2855 3863 3035 3921 fontes
3073 3878 3336 3936 aquarum
3374 3871 3659 3938 pervenire
3686 3873 3761 3929 ad

2163 3966 2346 4006 semen
2389 3951 2622 4008 Abrahae
2656 3970 2668 4007 :
2700 3953 2810 4010 illic
2839 3956 2984 4011 enim
3027 3972 3056 4012 a
3089 3973 3196 4014 non
3228 3971 3590 4032 cognoscente
3619 3962 3762 4020 feta-

2163 4053 2270 4110 tur,
2299 4045 2422 4114 quia
2451 4045 2518 4101 de
2548 4045 2638 4101 illa
2669 4047 2990 4118 przedictum
3013 4059 3097 4106 est
3125 4069 3138 4106 :
3175 4051 3411 4122 Populus
3452 4069 3613 4124 quem
3644 4071 3758 4113 non

2160 4136 2420 4207 cognovi,
2465 4139 2693 4193 servivit
2725 4139 2881 4194 mihi.
2907 4140 3122 4213 Accipit
3153 4144 3208 4198 in
3234 4145 3448 4202 occulto
3471 4147 3755 4216 annulum,

2161 4227 2382 4294 monile,
2407 4237 2463 4284 et
2480 4229 2688 4299 virgam
2715 4247 2729 4296 ;
2772 4233 3057 4289 vocatione
3078 4234 3343 4306 signatur,
3364 4237 3762 4308 justiﬁcatione

2161 4316 2393 4385 decora,
2433 4318 2824 4390 gloriﬁcatione
2867 4324 3156 4390 exaltatur,
3191 4327 3287 4382 sed
3333 4328 3448 4383 haec
3496 4329 3675 4385 adhuc
3699 4330 3759 4385 in

2161 4407 2394 4474 occulto,
2427 4409 2518 4465 ubi
2563 4411 2624 4466 ﬁt
2653 4413 2940 4482 conceptio
2969 4422 3170 4470 sanctae
3199 4417 3487 4474 ubertatis.
3521 4418 3761 4479 Mittitur

2163 4503 2432 4558 meretrici
2462 4506 2764 4574 promissus
2789 4507 2975 4563 haedus
3005 4508 3350 4579 exprobratio
3379 4511 3587 4569 scilicet
3627 4529 3761 4584 pec-

2161 4595 2268 4648 cati
2297 4609 2396 4666 per
2423 4597 2672 4652 eumdem
2703 4597 3084 4654 Odollamitem
3112 4641 3127 4668 ,
3176 4610 3433 4673 tanquam
3464 4605 3759 4677 increpan-

2163 4695 2269 4740 tem
2310 4697 2367 4741 et
2405 4688 2672 4743 dicentem
2709 4707 2721 4741 :
2766 4686 3060 4747 Generatio
3111 4693 3456 4763 viperarum;
3497 4697 3591 4752 sed
3645 4713 3759 4754 non

2160 4793 2281 4834 eam
2317 4778 2522 4833 invenit
2545 4781 2752 4848 peccati
2780 4784 3150 4851 exprobratio,
3185 4800 3350 4855 quam
3375 4789 3602 4845 mutavit
3624 4804 3762 4846 con-

2159 4865 2412 4922 fessionis
2433 4869 2757 4924 amaritudo.
2775 4869 2906 4926 Post
2928 4888 3060 4928 vero
3091 4873 3324 4944 publicis
3348 4876 3520 4947 signis
3543 4879 3757 4948 annuli,

2161 4956 2398 5022 monitis,
2432 4965 2489 5012 et
2525 4958 2691 5029 virgae
2714 4961 2890 5030 arguit
2928 4969 3132 5018 temere
3169 4962 3476 5032 judicantes
3514 4965 3758 5036 Iudaeos,

2161 5062 2392 5117 quorum
2415 5047 2531 5117 jam
2578 5064 2868 5118 personam
2898 5051 3066 5108 ludas
3112 5054 3226 5124 ipse
3260 5057 3540 5126 gestabat,
3574 5058 3759 5128 prola-

2162 5139 2232 5194 tis
2261 5138 2582 5196 certissimis
2611 5141 2949 5200 documentis
2976 5159 3087 5199 suae
3112 5147 3443 5213 vocationis,
3483 5146 3759 5216 justiﬁca-

2167 5231 2330 5286 tionis
2377 5238 2432 5285 et
2480 5231 2905 5303 gloriﬁcationis.
2960 5234 3209 5291 Ostendit
3263 5239 3472 5308 virgam
3531 5240 3753 5309 signum

2163 5323 2452 5392 passionis,
2480 5333 2534 5380 et
2576 5326 2776 5382 monile
2818 5326 3068 5398 legitimae
3095 5329 3251 5400 legis,
3283 5339 3338 5384 et
3379 5331 3638 5386 annulum
3667 5331 3756 5401 pi-

2162 5431 2300 5486 gnus
2349 5417 2806 5486 immortalitatis,
2865 5422 3081 5490 quando
3135 5430 3425 5477 accusatur
3465 5439 3495 5478 a
3547 5422 3752 5479 Iudaeis

2162 5509 2315 5576 quasi
2345 5509 2696 5565 adulteratrix
2725 5511 2878 5583 legis.

2231 5600 2289 5656 ln
2311 5602 2615 5658 actionibus
2634 5619 2850 5674 quoque
2877 5603 3075 5677 Joseph
3097 5615 3154 5663 et
3176 5607 3478 5677 Benjamin,
3493 5608 3749 5666 Christus

2161 5703 2216 5751 et
2245 5695 2486 5753 Ecclesia
2509 5699 2690 5780 ipsius
2731 5699 3014 5770 ﬁguratur.
3040 5702 3282 5773 Quorum
3314 5720 3456 5780 unus
3479 5705 3680 5777 Joseph
3712 5719 3746 5761 a
