4024 6362
223 433 290 486 41
1307 436 1720 493 CIIRONICON.
1760 470 1803 479 —-

1914 441 2074 494 s'ns
2111 441 2380 496 mimi.
2903 505 2917 518 κ
3429 444 3499 499 t2

222 556 385 616 patre
420 546 647 611 missus,
681 547 856 620 signat
885 549 1161 605 Christum
1190 569 1218 604 a
1259 553 1421 608 Patre
1474 559 1696 608 missum
1743 556 1808 608 ad
1839 564 1884 619 Α
1913 572 2241 625 serpeusque
2260 557 2424 626 Moysi
2449 556 2654 608 voravit
2681 564 2958 624 serpentes
2971 570 3158 610 eorum
3185 573 3492 627 magorum:

221 655 360 695 oves
389 639 730 706 visitandas,
777 656 900 696 cum
943 642 1139 698 fratres
1193 645 1244 698 in
1296 647 1580 715 passione,
1633 647 1814 700 tunica

222 732 589 802 exspoliatum
608 733 873 788 miserunt
887 736 938 788 in
957 735 1128 789 lacum
1146 753 1160 802 ;
1180 751 1244 790 ac
1260 747 1462 791 vestem
1485 736 1601 805 ejus
1621 739 1674 791 in
1695 755 1819 792 sau-

223 827 391 895 guine
415 825 554 880 haedi
581 827 822 889 tinctam,
855 829 954 881 sub
986 827 1119 881 falsa
1153 829 1460 892 testatione,
1490 829 1627 899 patri
1652 829 1815 882 misc-

219 929 386 984 runt;
433 919 816 988 venditumque
841 919 1091 989 gentibus
1136 919 1473 975 Salvatorem
1503 919 1817 974 transmise-

217 1020 374 1077 runt,
408 1011 494 1066 cui
523 1011 576 1064 in
600 1011 737 1065 caelo
763 1011 863 1072 sol,
892 1012 1044 1066 stella
1070 1027 1132 1066 ac
1176 1012 1296 1066 luna
1317 1053 1332 1078 ,
1364 1021 1420 1067 et
1449 1013 1502 1066 iu
1530 1011 1816 1081 manipulis

213 1114 394 1169 terra,
444 1101 654 1158 inferna
703 1118 918 1172 quoque
962 1105 1204 1162 carceris
1251 1105 1645 1167 subderentur,
1677 1113 1737 1158 ut
1763 1104 1813 1159 ei

216 1209 386 1249 omne
425 1208 567 1265 genu
611 1192 858 1248 ﬂectatur
900 1194 1225 1260 caelestium,
1257 1196 1694 1261 terrestrium,et
1738 1196 1814 1250 in-

219 1287 527 1342 fernorum.
574 1285 710 1341 Cum
758 1287 947 1341 eodem
992 1284 1191 1356 Ioseph
1217 1326 1232 1351 ,
1274 1288 1344 1342 ad
1413 1296 1810 1342 sacramentum

221 1380 520 1434 Dominic'e
558 1378 845 1448 passionis,
871 1378 978 1432 duo
1007 1379 1306 1433 Pharaonis
1327 1380 1594 1448 spadones
1615 1379 1668 1433 in
1691 1393 1812 1433 car-

217 1485 405 1525 cerem
430 1469 634 1525 detrusi
663 1477 808 1532 sunt,
833 1475 893 1521 ut
921 1469 1084 1523 trium
1129 1467 1512 1523 cruciﬁxorum
1556 1483 1811 1524 numerus

218 1560 596 1631 suppleretur;
633 1573 665 1613 e
693 1558 888 1628 quibus
931 1574 1094 1613 verus
1135 1558 1335 1629 Ioseph
1361 1557 1630 1621 Christus,
1660 1573 1812 1614 reve-

221 1650 389 1705 lando
414 1651 673 1721 mysteria
707 1665 876 1703 unum
926 1650 1145 1720 puniret
1186 1665 1286 1720 per
1321 1651 1565 1704 debitum
1608 1649 1810 1720 suppli-

219 1741 391 1802 cium,
414 1741 640 1795 alterum
663 1754 762 1810 per
782 1740 1077 1794 iudebitam
1099 1741 1328 1810 gratiam
1358 1740 1632 1795 liberaret.
1663 1740 1808 1794 Idem

219 1832 428 1902 Ioseph
455 1831 728 1901 postduos
763 1846 940 1886 annos
967 1831 1179 1886 dierum
1223 1831 1386 1887 tertio
1411 1831 1717 1901 incipiente,
1742 1831 1808 1886 de

1921 646 2069 716 virga
2119 646 2342 708 Christi,
2395 646 2662 710 doctrina,
2713 661 2818 716 qua
2873 646 3116 700 omnium
3168 661 3498 718 paganorum

1919 740 2400 808 luercticorumque
2441 740 2688 810 dogmata
2725 748 3138 793 consumuntur.

1989 830 2046 883 lu
2074 829 2312 900 Egypto
2333 830 2521 884 decem
2550 829 2721 900 plagis
2749 831 2981 884 mundus
3015 831 3207 884 feritur
3231 849 3244 885 :
3274 832 3326 885 in
3355 833 3500 886 οἱοὶ-
3558 817 3569 826 ’

1917 918 2069 974 sione
2094 920 2242 990 agni,
2273 919 2472 975 Christi
2501 919 2794 973 immolatio
2823 937 2835 972 :
2866 929 2921 974 et
2962 920 3016 972 in
3060 920 3227 990 ﬁgura
3253 920 3494 984 Pascha,

1916 1013 2116 1068 Christi
2137 1011 2397 1066 transitus
2413 1012 2478 1065 ad
2499 1010 2731 1064 Patrem.
2753 1010 2807 1063 In
2833 1011 2967 1063 mari
2994 1010 3499 1080 Rubrobaptismus

1914 1105 2116 1160 Christi
2145 1105 2404 1174 sanguine
2424 1105 2696 1158 rubr-atus.
2724 1103 2780 1157 In
2811 1118 3030 1166 manna,
3053 1104 3209 1173 panis
3237 1101 3495 1158 caelestis.

1915 1194 2165 1249 Christus
2204 1208 2498 1263 expressus
2547 1194 2599 1247 in
2643 1193 2963 1248 extensione
3007 1208 3263 1248 manuum
3293 1193 3496 1267 Moysi.

1914 1287 2069 1357 signo
2090 1286 2266 1341 crucis
2291 1285 2586 1356 expugnari
2614 1283 2882 1341 inimicos.
2917 1285 3064 1339 Data:
3090 1285 3233 1354 leges
3255 1285 3306 1340 in
3346 1301 3499 1342 mon-

1917 1385 1988 1438 te,
2016 1375 2215 1430 Christi
2239 1376 2491 1430 mandata
2522 1375 2726 1428 servari
2757 1375 2810 1428 in
2840 1374 3068 1444 spiritali
3099 1374 3405 1440 altitudine,
3439 1377 3495 1430 in

1915 1465 2286 1531 tabernaculo,
2322 1466 2526 1521 Christi
2554 1465 2872 1521 Ecclesiam.

1985 1557 2042 1611 ln
2087 1557 2269 1613 Aaron
2300 1559 2624 1623 sacerdotio,
2673 1573 2870 1613 novum
2907 1559 2960 1613 in
2998 1559 3218 1614 Christo
3241 1562 3498 1617 sacerdo-

1913 1651 2072 1704 tium:
2098 1649 2156 1704 In
2183 1650 2468 1705 sacriﬁciis
2492 1651 2766 1714 omnibus,
2796 1649 3072 1706 Christum
3103 1650 3408 1721 ﬁguratum.
3439 1655 3498 1707 In

1911 1741 2173 1795 varietate
2195 1739 2486 1809 leprarum,
2506 1739 2781 1794 lnereseon
2809 1739 2892 1794 vel
2913 1754 3160 1794 errorum
3181 1741 3494 1806 varietates.

1912 1833 1966 1887 in
1995 1833 2136 1888 escis
2170 1832 2386 1887 mundis
2424 1844 2481 1886 et
2525 1831 2848 1897 immundis,
2894 1831 3260 1903 eleemosynis
3297 1835 3497 1888 munda

213 1937 450 1979 carcere
487 1922 762 1988 educitur;
811 1933 866 1977 et
899 1923 1147 1978 Christus
1181 1923 1269 1977 die
1312 1924 1469 1978 tertia
1518 1938 1550 1976 a
1581 1923 1809 1979 mortuis
1839 1917 1884 1975 Β
1915 1924 2096 1979 omnia
2125 1922 2260 1977 ﬁeri.
2290 1924 2346 1977 ln
2383 1921 2602 1995 Egypti
2642 1923 2786 1977 escis
2831 1921 3176 1987 desideratis,
3219 1922 3498 1979 Christum

216 2015 478 2086 resurgit.
501 2013 866 2070 Praesentatur
884 2013 1189 2080 Pharaoni;
1233 2015 1435 2069 mundo
1471 2016 1806 2072 resurrectio

217 2105 546 2162 declaratur.
565 2105 699 2159 Data
724 2115 808 2160 est
825 2104 1025 2177 Ioseph
1047 2115 1286 2176 potestas
1313 2108 1365 2162 in
1392 2107 1654 2178 IEgypto;
1681 2108 1806 2162 data

213 2208 302 2252 est
321 2197 542 2252 Christo
564 2197 743 2252 omnis
765 2207 1006 2268 potestas
1035 2199 1087 2252 in
1119 2199 1259 2254 coelo
1280 2208 1339 2253 et
1362 2199 1414 2253 in
1443 2208 1608 2253 terra.
1633 2199 1808 2254 Colle-

215 2287 296 2355 git
329 2285 530 2357 Ioseph
567 2302 666 2356 per
713 2301 842 2340 suos
897 2287 1228 2343 frumentum
1280 2288 1538 2353 multum;
1589 2288 1805 2360 collegit

212 2377 466 2432 Christus
489 2377 822 2432 credentium
848 2394 1133 2434 numerum
1160 2379 1277 2434 sine
1309 2394 1556 2435 numero.
1588 2381 1806 2436 Consti-

217 2469 321 2522 tuit
351 2467 553 2537 Ioseph
583 2468 778 2524 horrea
811 2484 910 2539 per
949 2479 1114 2526 totam
1139 2471 1464 2542 Egyptum;
1507 2487 1801 2528 consecra-

212 2557 298 2610 vit
341 2556 591 2612 Christus
615 2573 712 2628 per
753 2567 926 2614 totum
972 2560 1233 2616 mundum
1261 2561 1550 2616 Ecclesias.
1579 2562 1805 2632 Aperuit

218 2646 426 2716 Ioseph
472 2648 663 2702 horrea
694 2659 933 2720 tempore
959 2651 1152 2713 famis,
1201 2661 1258 2707 et
1300 2653 1628 2709 ministravit
1685 2653 1800 2708 fru-

217 2750 404 2794 menta
433 2741 667 2812 populis;
701 2745 910 2813 aperuit
936 2743 1187 2799 Christus
1208 2760 1275 2799 ex
1300 2746 1512 2801 horreis
1546 2748 1658 2802 suis
1684 2747 1804 2802 diu-

209 2840 429 2885 turnam
459 2832 545 2886 sui
588 2833 832 2901 corporis
864 2835 1188 2903 praebiturus
1213 2849 1486 2902 annonam
1513 2836 1802 2890 esurienti-

208 2923 315 2977 bus
341 2934 396 2978 et
439 2924 748 2979 sitientibus
763 2925 1052 2993 justitiam.
1077 2926 1599 2998 AcquisivitIoseph
1629 2936 1798 2984 totam

207 3011 508 3083 Egyptum
550 3013 854 3080 Pharaoni;
900 3015 1190 3084 acquisivit
1234 3015 1490 3072 Christus
1541 3018 1799 3073 mundum

207 3113 424 3173 pastum
476 3113 532 3159 et
580 3105 988 3160 reconciliatum
1041 3105 1210 3160 Patri.
1262 3105 1542 3162 Venerunt
1600 3107 1799 3178 fratres

206 3192 442 3263 Ioseph,
491 3195 584 3265 qui
623 3211 746 3250 eum
773 3197 1160 3260 vendiderant,
1210 3195 1354 3252 fame
1403 3197 1687 3269 compulsi,
1730 3199 1796 3254 ad

1911 2030 2108 2068 manna
2155 2013 2461 2076 fastidisse,
2519 2022 2576 2068 et
2624 2013 2992 2082 voluptatibus
3042 2012 3248 2068 illicitis
3290 2025 3494 2070 concir-

1909 2106 2202 2176 piscentias
2249 2105 2586 2174 praestitisse.
2633 2105 2689 2158 ln
2732 2105 2883 2176 virga
2925 2106 3107 2160 Aaron
3157 2106 3496 2177 germinante

1907 2198 2374 2254 conﬁrmationem
2397 2197 2699 2253 Sacerdotii
2718 2196 2942 2252 Christi.
2967 2197 3024 2252 In
3042 2214 3200 2253 amco
3218 2208 3492 2268 serpente,

1906 2288 2109 2344 Christi
2141 2298 2316 2344 morte
2335 2289 2533 2358 ubique
2576 2289 2630 2342 in
2657 2303 2752 2343 ore
2793 2287 3029 2344 ﬁdelium
3058 2299 3310 2353 sonante,
3341 2291 3492 2346 viru-

1908 2381 2130 2435 lentiam
2156 2381 2396 2435 virorum
2426 2380 2819 2450 perimendam,
2846 2388 2902 2434 et
2931 2395 2962 2434 a
2993 2383 3350 2450 percussione
3378 2385 3494 2438 dia-

1905 2471 2035 2534 boli,
2065 2470 2171 2525 ﬁde
2198 2479 2425 2525 mortem
2473 2470 2677 2526 Christi
2727 2471 3054 2541 aspicientes
3094 2475 3386 2530 sanandos.
3424 2476 3495 2530 Et

1905 2563 1961 2618 in
1983 2563 2068 2620 bis
2093 2579 2349 2634 percussa
2393 2573 2545 2634 petra
2595 2573 2939 2619 sacramenta
2980 2567 3250 2634 passionis
3288 2567 3490 2623 Christi

1906 2653 2137 2707 mirabili
2161 2667 2327 2722 opere
2363 2655 2638 2707 distincta.
2676 2654 2742 2707 Et
2764 2655 2816 2707 in
2841 2669 3003 2709 vacca
3050 2657 3186 2718 rufa,
3231 2657 3386 2724 cujus
3414 2659 3490 2712 ci-

1906 2742 1992 2798 nis
2019 2742 2072 2796 in
2116 2757 2286 2812 aquas
2314 2742 2650 2797 lustrationis
2693 2744 2999 2813 projicitur,
3031 2747 3347 2815 mysterium
3392 2763 3489 2802 no-

1903 2841 2031 2886 stra:
2056 2832 2444 2902 redemptionis
2469 2843 2524 2886 et
2571 2833 2762 2886 salutis
2807 2832 3120 2902 plenissime
3145 2850 3484 2906 expressum.

1974 2921 2031 2976 In
2060 2922 2336 2992 sepultura
2368 2921 2536 2992 Moysi
2577 2922 2864 2986 occultata,
2919 2923 3159 2980 litteram
3208 2924 3380 2996 legis;
3429 2937 3488 2982 et

1900 3011 2148 3066 carnales
2177 3011 2586 3066 observationes
2613 3011 2960 3068 oceulendas.

1972 3102 2030 3156 In
2051 3102 2181 3158 Iesu
2207 3101 2352 3156 Nave
2383 3103 2685 3172 principatu
2712 3113 2992 3173 sequente,
3017 3105 3302 3162 Dominum
3321 3107 3484 3170 Chri-,

1895 3202 2044 3248 stum
2067 3193 2120 3246 in
2143 3192 2293 3248 Novo
2317 3194 2665 3250 Testamento
2687 3209 2874 3249 verum
2897 3197 3089 3251 ducem
3109 3207 3162 3252 et
3186 3200 3486 3272 principem

207 3300 367 3350 cum;
401 3296 670 3341 venerum,
696 3297 750 3341 et,
775 3287 843 3342 ad
878 3288 1154 3342 Christum
1182 3287 1374 3353 Judmi,
1404 3289 1497 3359 qui
1522 3266 1647 3344 gum
1674 3306 1796 3344 (πυ-
1822 3266 1869 3330 C
1899 3282 2162 3347 futurum,
2193 3292 2247 3337 ct
2266 3284 2513 3338 civitates
2541 3285 2724 3339 mundi
2753 3266 3486 3351 destructurum,—ac‘aereas

205 3379 519 3446 cinxerant,
545 3391 605 3436 ut
647 3381 764 3452 ejus
812 3382 994 3438 refecti
1042 3385 1298 3450 cibariis,
1330 3401 1361 3439 a
1411 3385 1552 3440 fame
1599 3388 1794 3443 anima:

208 3461 589 3526 liberarentur.
619 3473 862 3529 Adorant
900 3473 996 3540 illi,
1041 3477 1268 3531 adorant
1313 3485 1370 3531 et
1419 3476 1508 3530 isti
1547 3495 1561 3531 :
1610 3479 1794 3548 sicque

209 3559 366 3614 miris
415 3563 790 3628 sacramentis,
824 3563 877 3617 in
915 3564 1129 3620 actione
1179 3565 1430 3630 fratrum,
1458 3568 1604 3620 actio
1642 3567 1796 3621 nobis

207 3651 505 3720 apostolica
536 3663 1008 3724 prtemonstratur.

281 3741 341 3795 In
375 3741 650 3813 Benjamin
682 3761 899 3814 quoque
919 3755 1164 3801 extremo
1189 3745 1392 3818 Ioseph
1429 3747 1596 3804 fratre
1623 3757 1679 3804 et
1702 3749 1794 3804 do-

203 3840 333 3886 ctor
356 3842 413 3887 et
440 3834 698 3904 magister
716 3836 954 3905 gentium
986 3836 1041 3890 in
1069 3836 1174 3891 ﬁde
1212 3847 1268 3892 et
1298 3839 1552 3904 veritate,
1598 3837 1796 3893 Paulus

201 3924 587 3994 praeﬁguntur
637 3945 650 3980 :
694 3927 782 3982 cui
833 3928 1060 3999 ﬁgurate
1114 3931 1353 4001 scyphus
1406 3939 1692 4003 argenteus
1740 3931 1794 3985 in

207 4029 372 4070 sacco
398 4015 531 4086 legis
555 4017 781 4084 celatur,
805 4028 861 4073 et
887 4020 1113 4075 trecenti
1139 4020 1380 4091 argentei
1403 4037 1528 4076 cum
1559 4022 1796 4092 quinque

205 4107 365 4162 stolis
386 4109 605 4177 optimis
633 4109 848 4166 dantur.

279 4196 348 4252 Et
403 4197 457 4251 in
504 4198 854 4257 descensione
894 4201 1063 4258 Iacob
1110 4203 1163 4256 in
1213 4201 1506 4274 Aigyptum
1537 4243 1551 4268 ,
1592 4203 1792 4258 Christi
1845 4263 1856 4279 .

203 4287 499 4342 descensio
521 4289 574 4342 in
602 4290 893 4356 mundum;
925 4301 980 4346 et
1012 4292 1064 4345 in
1102 4291 1544 4362 multiplicatione
1570 4292 1794 4347 seminis

205 4375 332 4445 ejus
359 4377 413 4432 in
446 4377 705 4450 A-Zgypto,
739 4381 791 4434 in
822 4381 1038 4436 Christo
1065 4397 1163 4450 per
1186 4381 1346 4437 ﬁdem
1375 4391 1565 4453 gentes
1601 4381 1654 4435 iu
1684 4369 1794 4436 toto

207 4468 414 4522 mundo
444 4470 877 4540 multiplicandze.

281 4558 341 4614 ln
362 4560 546 4630 Moyse
567 4561 735 4631 ﬁgura
765 4563 1089 4632 exprimitur
1111 4562 1442 4628 Mediatoris,
1469 4564 1560 4633 qui
1597 4563 1796 4617 mundo

1894 3383 2195 3446 potestates
2223 3375 2646 3438 debellaturum,
2670 3391 2740 3431 ac
2765 3390 2984 3431 omnem
3014 3377 3374 3434 idololatriam
3396 3396 3486 3452 pe.

1896 3467 2042 3521 nitus
2082 3467 2424 3530 abluturum,
2465 3476 2523 3522 et
2561 3467 2740 3524 onmis
2785 3467 2996 3536 generis
3039 3469 3169 3524 vitia
3204 3485 3486 3544 expugna-

1897 3566 2100 3610 turum.

1969 3648 2179 3702 Debora
2210 3649 2262 3702 in
2287 3657 2414 3719 typo
2431 3647 2688 3704 Ecclesiae
2709 3649 2921 3704 hostem
2946 3653 3240 3720 superavit.
3264 3653 3484 3710 Gedeon

1896 3741 2124 3810 gratiam
2147 3739 2348 3796 Christi
2373 3741 2733 3796 abundantem
2777 3745 3197 3810 commendavit,
3237 3754 3294 3800 et
3339 3749 3484 3814 quod

1898 3831 2026 3896 ﬁde,
2050 3832 2311 3888 trinitatis
2336 3832 2520 3888 hostes
2547 3843 2733 3888 essent
2759 3835 3082 3904 superandi,
3113 3852 3180 3890 ac
3221 3838 3484 3908 martyria

1898 3926 2194 3994 appetenda
2214 3926 2355 3980 actis
2393 3927 2508 3980 suis
2539 3926 2796 3980 insinuat.
2830 3926 2885 3980 ln
2925 3927 3238 3984 Abimelech
3282 3945 3483 3985 concu-

1896 4014 2038 4069 binae
2081 4015 2212 4080 ﬁlio,
2244 4016 2502 4070 haaretici.
2555 4016 2614 4069 In
2652 4014 2845 4086 Iephte
2876 4016 2982 4071 ﬁlia
3013 4021 3256 4090 virgine,
3295 4020 3482 4076 carnis

1896 4105 2100 4160 Christi
2131 4107 2432 4160 immolatio
2481 4107 2706 4177 virginis
2733 4115 2790 4162 et
2840 4107 2893 4161 in
2943 4111 3346 4166 resurrectione
3394 4119 3482 4165 to-

1893 4195 2005 4249 tius
2048 4196 2410 4266 corruptionvs
2457 4196 2754 4266 absorptio.
2803 4196 2860 4249 ln
2920 4197 3150 4254 Samson
3198 4199 3480 4264 Nazareo,

1895 4287 2146 4340 Christus
2201 4286 2461 4341 Dominus
2530 4288 2688 4341 fortis
2735 4289 2787 4342 in
2841 4290 3058 4358 capite;
3115 4292 3168 4344 in
3223 4291 3482 4362 ligatione

1898 4377 2068 4447 ipsius
2125 4392 2156 4430 a
2221 4379 2508 4432 meretrice
2567 4379 2828 4444 muliere,
2886 4380 3136 4436 Christus
3183 4382 3478 4446 Dominus.

1898 4467 2038 4535 quod
2093 4466 2402 4522 Iudteorum
2464 4470 2678 4523 vincula
2725 4471 2906 4524 omnia
2957 4474 3324 4541 potentialiter
3389 4475 3482 4530 di-

1900 4568 2194 4628 rumperet.
2227 4561 2282 4613 ln
2315 4559 2483 4623 Ruth,
2517 4560 2756 4615 Ecclesia
2783 4577 2851 4617 ex
2889 4563 3158 4632 gentibus,
3187 4563 3389 4621 Iudaeis
3410 4567 3478 4622 il-

203 4669 398 4728 paeeru
424 4627 629 4718 intulit,
651 4663 711 4708 ut
732 4627 940 4726 Moyses
959 4655 1248 4726 Egyptum
1277 4653 1467 4708 sabulo
1488 4627 1790 4718 abscondit,
1822 4627 1874 4686 Ῑ)
1899 4627 2110 4703 ludens.
2153 4648 2210 4702 In
2243 4649 2516 4713 Samuele,
2558 4649 2807 4705 Christus
2831 4627 3090 4707 Dominus
3120 4627 3227 4708 dux
3246 4695 3262 4718 ,
3291 4671 3476 4714 sacer-

204 4745 464 4801 Christus
485 4760 552 4798 ex
583 4745 824 4799 obsessis
851 4745 1108 4800 virtutem
1137 4745 1333 4800 diaboli
1358 4745 1674 4813 expellendo
1702 4761 1795 4799 co-

202 4834 405 4888 hibuit.
439 4833 592 4900 Quod
616 4832 758 4888 idem
791 4833 1000 4905 Moyses
1027 4850 1254 4889 uxorem
1296 4833 1460 4888 ﬁliam
1494 4835 1794 4890 sacerdotis

204 4924 422 4979 )ladiau
453 4926 678 4995 accepit,
725 4927 1080 4980 mediatorem
1118 4942 1186 4982 ex
1215 4927 1536 4996 alienigenis
1579 4941 1794 4982 sumere

201 5012 491 5085 conjugem
518 5015 787 5085 signiﬁcat
815 5026 871 5071 et
895 5016 1216 5072 Ecclesiam.
1248 5017 1401 5084 Quod
1431 5017 1570 5072 idem
1609 5025 1794 5086 pastor

198 5106 414 5169 ovium,
443 5105 797 5162 mediatorem
825 5109 1058 5178 signavit
1077 5119 1350 5179 pastorem
1385 5112 1582 5164 bonum
1603 5111 1786 5166 ovium

200 5195 258 5248 in
314 5209 478 5249 carne
521 5193 762 5250 futurum
807 5215 819 5250 :
867 5197 956 5266 qui
1011 5213 1077 5252 ex
1131 5199 1232 5252 hoc
1276 5199 1476 5254 mundo
1516 5201 1669 5269 quasi
1722 5215 1789 5253 ex

199 5283 442 5354 xl-Zgypto
465 5299 596 5340 oves
617 5301 745 5341 suas
776 5286 1095 5358 colligendo,
1142 5288 1195 5342 in
1226 5304 1391 5344 unum
1419 5291 1558 5346 ovile
1603 5290 1788 5345 Eccle-

197 5373 294 5426 si:e
345 5377 718 5444 congregaret.
771 5375 1112 5446 Superantur
1168 5393 1446 5447 magorum
1495 5380 1788 5450 przrstigia,

686 5904 958 5964 Parnm”
1003 5905 1296 5966 CXXIII.

1898 4742 1996 4794 dos
2015 4749 2070 4794 et
2093 4742 2376 4809 propheta,
2410 4741 2719 4796 sacerdotes
2763 4757 3014 4813 arguens,
3057 4751 3112 4797 et
3140 4743 3481 4816 Synagogaui

1898 4837 2137 4882 veterem
2193 4842 2334 4882 novo
2379 4829 2687 4883 sacerdotio
2746 4830 2950 4884 Christi
3001 4831 3055 4884 in
3105 4833 3278 4902 gratia
3336 4833 3472 4892 Novi

1898 4918 2229 4974 Testameuti
2261 4927 2594 4990 permutans.

1967 5010 2247 5066 Clauditur
2289 5013 2404 5067 haec
2451 5012 2612 5066 tertia
2663 5019 2795 5067 (etas
2823 5009 3262 5070 Patriarcharum
3317 5018 3478 5078 aclis,

1895 5114 1954 5159 et
1982 5104 2115 5175 legis
2143 5105 2522 5169 sacramentis,
2553 5120 2618 5159 ac
2639 5102 2902 5172 judicium
2938 5104 3146 5176 ﬁguris,
3193 5110 3480 5164 venerabi-

1898 5194 2023 5248 liter
2057 5194 2302 5264 insignis,
2354 5195 2408 5248 in
2459 5193 2762 5264 repulsione
2817 5202 2873 5251 et
2922 5195 3224 5266 abjectione
3279 5195 3477 5260 Saulis,

1898 5287 2181 5342 continens
2217 5301 2388 5342 annos
2422 5293 2726 5358 nongentos
2762 5285 3146 5359 quadraginta.
