4024 6362
548 367 616 421 Π
1546 368 1602 421 S.
1641 363 1892 420 ADONIS
1925 362 2341 417 ARClliEPlSC.
2384 363 2785 422 VIENNENSIS
3732 371 3799 429 48

549 480 788 550 quinque
850 495 1106 551 percussa
1164 499 1194 538 a
1266 483 1530 538 Chaldmis
1565 525 1580 548 ,
1641 485 1695 538 in
1768 481 2118 553 Babyloniam
2153 489 2198 543 Α
2226 496 2340 545 sus,
2368 483 2418 536 in
2445 499 2552 553 quo
2580 484 2838 552 sapientia
2861 483 3128 546 Christus,
3175 483 3400 539 veniens
3433 485 3647 541 mittere
3685 487 3800 560 gla-

549 579 753 626 suntet
781 571 880 642 ipsi
907 575 1290 646 transmigrati.
1325 574 1631 630 Secundum
1669 574 2022 643 Septuaginta
2047 574 2126 626 in-

532 667 814 731 l'terpretes
837 663 964 717 anni
1009 671 1387 733 computantur
1415 665 1483 718 ab
1523 664 1874 718 aediﬁcatione
1911 663 2122 731 templi,

546 753 926 824 quadringenti
949 755 1334 824 quinquaginta
1358 759 1604 822 quatuor.
1629 753 1732 807 Per
1752 753 1891 806 idem
1915 762 2122 821 tempus

546 848 730 917 Sapho
785 848 979 903 mulier
1035 849 1088 904 in
1131 849 1346 904 diverso
1394 856 1639 917 poemate
1687 846 1912 911 claruit;
1959 845 2120 901 Solon

527 935 689 1008 «leges
711 924 1128 994 Atheniensibus
1154 939 1320 994 dedit.

615 1029 672 1084 In
706 1031 808 1086 hac
836 1039 1028 1102 quarta
1057 1039 1236 1094 aetate,
1260 1031 1316 1101 in
1349 1031 1520 1087 David
1563 1046 1720 1086 manu
1757 1031 1908 1097 forti,
1956 1047 2122 1100 parvo

543 1121 598 1175 in
621 1120 876 1176 fratribus
899 1128 1082 1185 uncto,
1113 1121 1254 1192 regis
1299 1122 1471 1177 nostri
1513 1121 1720 1178 Christi
1769 1120 2121 1176 Sacramenta

537 1215 860 1286 ﬁgurantur.
891 1215 992 1283 Qui
1022 1225 1206 1284 pastor
1233 1216 1438 1280 ovium,
1489 1224 1686 1270 unctus
1724 1231 1755 1270 a
1787 1216 1897 1270 Deo
1937 1213 2114 1278 Patre,

535 1307 608 1360 de
627 1321 722 1360 ore
749 1305 920 1361 leonis
946 1306 1163 1370 diaboli,
1187 1317 1242 1361 et
1263 1306 1487 1361 Petrum
1521 1315 1827 1377 negantem,
1872 1313 1927 1360 et
1957 1304 2123 1358 latro-

536 1410 666 1450 nem
691 1394 892 1465 eripuit
921 1395 1290 1452 conﬁtentem.
1322 1395 1491 1464 Cujus
1529 1397 1817 1459 citharam,
1866 1395 1910 1450 si
1957 1395 2126 1464 respi-

529 1486 652 1540 cias
680 1493 1040 1550 resonantem,
1067 1500 1229 1555 quam
1249 1485 1395 1556 ligno
1423 1486 1603 1542 crucis
1628 1486 1813 1541 carnis
1850 1486 2121 1540 membro-

536 1588 764 1644 rumque
791 1589 1012 1629 suorum
1040 1574 1256 1629 chordis
1281 1583 1518 1644 aptatam
1547 1573 1756 1644 plectro
1786 1573 1913 1626 dum
1951 1573 2126 1643 tangit

537 1667 711 1720 sancti
747 1664 1000 1736 Spiritus,
1049 1678 1211 1718 omne
1260 1663 1460 1718 animal
1509 1662 1680 1734 replet
1723 1661 2120 1727 benedictione,

534 1765 592 1810 'et
621 1755 891 1811 diabolum
925 1755 992 1810 de
1018 1755 1274 1812 cordibus
1305 1754 1456 1826 fugat
1495 1753 1830 1824 iniquorum,
1871 1768 1974 1823 pro
1999 1755 2124 1823 qui-

2229 576 2374 630 dium
2427 577 2479 629 in
2527 585 2747 639 terram,
2797 575 3172 629 Innreticorum
3211 575 3456 630 fraudem
3505 591 3795 634 removens

2227 681 2369 721 verm
2412 667 2570 720 matri
2605 665 2894 721 Catholica:
2937 665 3013 720 uti
3065 667 3345 736 parvulum
3392 683 3496 722 non
3543 669 3797 737 divisum,

2223 758 2406 811 vivum
2463 757 2637 811 reddit
2688 766 2920 822 statum;
2985 773 3086 813 nec
3131 759 3247 813 vult
3292 769 3514 829 propter
3558 758 3800 832 jurgium

2225 849 2599 903 hinreticornm
2647 850 2892 904 scindere
2947 859 3003 906 et
3042 850 3327 906 dimidiare
3371 851 3539 907 filium
3591 854 3684 922 qui
3731 870 3802 910 ex

2225 941 2366 996 vivis
2399 941 2664 1012 lapidibus
2691 942 2905 996 domum
2936 951 3275 1007 construens,
3301 959 3466 998 unum
3514 958 3581 998 ex
3627 947 3803 999 omni-

2225 1032 2328 1086 bus
2359 1030 2604 1086 ﬁdelibus
2631 1031 2885 1102 templum
2924 1031 3088 1088 fecit:
3118 1033 3184 1088 ad
3215 1047 3374 1102 quem
3402 1033 3678 1088 visendum
3707 1051 3802 1089 sa-

2223 1123 2590 1194 pientiamque
2637 1121 2756 1192 ejus
2800 1124 3142 1191 audiendam,
3186 1125 3371 1194 regina
3422 1124 3586 1191 Saba,
3625 1126 3676 1180 id
3717 1137 3804 1182 est

2224 1214 2488 1279 Ecclesia,
2518 1229 2549 1268 a
2579 1213 2772 1269 ﬁnibus
2802 1224 2960 1270 terrae
2980 1217 3146 1272 venit.
3173 1215 3433 1271 Universa
3471 1216 3655 1284 itaque
3678 1232 3801 1286 qua:

2224 1303 2289 1357 de
2315 1301 2618 1366 Salomone,
2649 1303 2734 1357 vel
2753 1304 2820 1357 ab
2848 1318 2914 1358 eo
2939 1304 3252 1375 prephetiee
3289 1313 3441 1374 gesta
3502 1315 3626 1359 sunt
3653 1317 3801 1360 recte

2225 1393 2442 1450 Christo
2487 1393 2711 1448 Domino
2739 1394 3144 1465 consignantur.
3201 1394 3279 1450 Ne
3330 1396 3452 1464 quis
3496 1404 3675 1448 autem
3703 1411 3800 1465 pn-

2230 1494 2368 1542 taret
2392 1485 2445 1540 in
2474 1479 2761 1540 Salomone
2799 1496 2990 1541 cuncta
3021 1487 3234 1557 impleta
3257 1501 3376 1556 quae
3391 1487 3702 1557 prophetice
3730 1488 3801 1542 de

2229 1577 2446 1632 Christo
2469 1577 2807 1642 dicebantur,
2827 1578 2880 1630 in
2911 1587 3188 1633 senectute
3212 1579 3558 1648 depravatus,
3586 1580 3798 1647 sapien-

2233 1668 2358 1722 tiam
2391 1668 2571 1722 divino
2607 1668 2810 1738 judicio
2840 1668 3046 1732 amisit,
3090 1678 3150 1721 ut
3205 1668 3258 1722 in
3302 1668 3523 1723 Christo
3570 1668 3798 1723 Domino

2230 1761 2407 1815 omnia
2439 1761 2523 1815 illa
2549 1777 2668 1830 qua:
2699 1761 2905 1831 signata
2945 1760 3178 1824 fuerant,
3225 1769 3592 1815 servarentur.
3629 1759 3796 1816 Caete-

535 1843 640 1899 bus
666 1845 720 1898 in
751 1859 913 1900 cruce
962 1843 1156 1898 oravit.
1197 1843 1302 1910 Qui
1347 1843 1610 1898 adversus
1639 1857 1890 1913 magnum
1916 1844 2121 1896 hostem
2151 1839 2199 1901 B
2228 1867 2346 1905 rum
2370 1850 2667 1906 fornicatus
2697 1860 2877 1905 mente
2903 1860 2955 1904 et
2979 1865 3230 1920 corpore,
3273 1851 3502 1905 Domino
3543 1866 3602 1905 se
3639 1851 3795 1905 dese-

531 1949 724 1989 verum
767 1932 982 1990 Goliath
1009 1941 1366 2003 pugnaturus,
1393 1933 1708 2004 sapientiam
1735 1931 1893 2002 hujus
1912 1933 2120 1998 mundi,

532 2037 791 2097 tanquam
833 2025 926 2080 illa
964 2040 1116 2079 arma
1145 2024 1274 2080 Saul
1302 2024 1553 2096 rejiciens
1585 2024 1640 2079 in
1670 2025 1908 2093 quinque
1932 2024 2124 2096 lapidi-

530 2116 656 2181 bus,
687 2116 849 2172 stulta
882 2115 1066 2170 mundi
1109 2114 1291 2186 elegit,
1343 2124 1402 2171 ut
1461 2114 1754 2171 confundat
1809 2113 1990 2170 fortia.
2041 2115 2118 2171 Ex

530 2207 769 2276 quinque
799 2207 943 2261 enim
977 2206 1132 2261 libris
1170 2206 1306 2278 legis
1357 2205 1580 2278 Moysis,
1624 2221 1763 2260 unus
1797 2203 1935 2275 lapis
1982 2221 2120 2276 pra:-

528 2299 687 2355 dictis
711 2298 990 2354 fundihulo
1015 2299 1199 2354 carnis
1240 2299 1470 2364 locatus,
1509 2314 1671 2353 manu
1715 2298 1844 2352 forti
1895 2313 2119 2368 expres-

529 2405 642 2455 sus,
669 2398 836 2446 totam
873 2390 1072 2446 diaboli
1115 2390 1422 2461 superbiam
1453 2390 1615 2455 elisit,
1650 2405 1856 2460 suoque
1888 2391 2117 2460 peremit

529 2479 726 2550 gladio,
751 2481 877 2535 dum
905 2489 1133 2534 mortem
1162 2495 1228 2534 ex
1263 2489 1437 2534 morte
1459 2480 1675 2534 occidit.
1721 2481 1799 2534 Ex
1831 2477 1984 2547 cujus
2005 2479 2115 2534 vic-

528 2571 666 2626 toria
696 2571 898 2627 inimici
948 2570 1117 2626 Iudaai
1164 2571 1420 2625 invidiam
1474 2579 1857 2642 conceperunt,
1915 2579 1968 2626 et
2013 2585 2112 2641 pro

521 2663 814 2718 dilectione
835 2663 1017 2717 odium
1044 2662 1434 2717 retribuerunt.

597 2752 752 2820 Quod
783 2753 924 2807 idem
952 2751 1117 2806 David
1149 2766 1246 2820 per
1270 2751 1505 2804 latebras
1545 2751 1829 2817 montium,
1862 2765 1965 2821 per
1989 2767 2110 2822 spe-

521 2844 714 2900 luncas
763 2859 829 2900 ac
883 2844 1094 2899 deserta
1136 2843 1357 2899 inimico
1410 2854 1769 2914 persequente
1829 2847 2104 2910 discurrit,

522 2935 893 2990 membrorum
917 2949 1139 2991 suorum
1172 2949 1237 2990 ac
1258 2942 1552 3006 martyrum
1581 2937 1988 3006 persecutiones
2013 2953 2106 2993 ex-

522 3023 745 3095 pressit.

596 3113 750 3179 Quod
779 3111 997 3168 inimico
1017 3127 1116 3168 suo
1137 3113 1396 3184 pepercit,
1413 3114 1632 3184 pinnam
1663 3112 1961 3185 chlamydis
1987 3115 2102 3185 ejus

2227 1951 2398 2004 rente,
2429 1941 2567 1995 male
2595 1941 2794 1996 obiisse
2824 1940 3036 1994 videtur
3061 1959 3075 1993 :
3105 1943 3452 1995 metuendum
3490 1942 3795 2011 exemplum

2228 2032 2459 2103 posteris
2490 2031 2818 2101 relinquens,
2849 2047 2917 2087 ne
2947 2031 3202 2087 felicitate
3227 2032 3388 2103 hujus
3415 2033 3540 2087 vita:
3573 2035 3794 2099 turbati,

2225 2108 2499 2176 Christum
2528 2121 2810 2185 deserant;
2857 2125 3000 2192 quod
3045 2131 3130 2176 est
3168 2137 3387 2177 suorum
3429 2131 3633 2178 aeterna
3678 2122 3796 2179 feli-

2221 2213 2375 2266 citas.

2289 2299 2344 2354 ln
2372 2300 2634 2354 divisione
2661 2301 2834 2371 regni,
2860 2316 2924 2355 ac
2944 2301 3106 2354 totius
3132 2301 3310 2370 populi
3348 2315 3486 2370 pene
3510 2301 3789 2356 lsraelitici

2217 2406 2246 2444 a
2277 2391 2436 2444 domo
2453 2391 2637 2455 David,
2657 2392 3029 2446 Inereticorum
3052 2400 3106 2446 et
3127 2391 3596 2446 schismatieorum
3611 2399 3793 2445 osten-

2216 2478 2362 2532 ditur
2391 2479 2581 2548 ﬁgura.

2284 2571 2340 2624 In
2371 2571 2481 2624 Elia
2509 2571 2794 2635 Christus;
2820 2571 2909 2640 qui
2939 2587 3035 2641 per
3067 2571 3293 2642 ﬁguram
3341 2585 3561 2642 vespere
3604 2572 3790 2625 szeculi

2211 2672 2271 2718 ut
2313 2663 2510 2718 vitulus
2539 2664 2861 2728 immolatus,
2902 2665 3211 2719 sacerdotes
3241 2679 3430 2719 omnes
3477 2663 3796 2718 idololatrize

2211 2767 2332 2806 cum
2375 2753 2492 2822 ipso
2540 2767 2722 2806 errore
2779 2753 2939 2808 simul
2983 2754 3272 2816 exstinxit,
3323 2753 3540 2822 replens
3589 2763 3791 2807 terrain

2208 2842 2394 2912 gratia:
2461 2841 2638 2912 pluvia
2665 2883 2680 2906 ,
2717 2858 2825 2912 qua
2858 2841 3054 2899 fames
3101 2843 3272 2898 ﬁdelis
3317 2843 3516 2898 anima:
3564 2845 3790 2913 repella—

2211 2941 2320 2987 tur.

2276 3023 2430 3090 Quod
2457 3022 2628 3077 eidem
2657 3021 2788 3077 Elia:
2818 3024 2869 3076 in
2898 3038 3085 3078 eremo
3102 3025 3399 3078 cmstituto
3421 3023 3567 3077 corvi
3595 3038 3791 3092 panem

2206 3127 2364 3166 mane
2394 3121 2448 3167 et
2473 3126 2666 3167 carnes
2691 3127 2913 3182 vespere
2931 3114 3260 3178 ministrant,
3286 3112 3457 3182 ﬁgura
3485 3113 3649 3166 totius
3666 3127 3792 3167 cor-

502 3203 867 3269 ;abscindens,
896 3203 1096 3274 ﬁguras
1122 3182 1264 3274 quod
1293 3182 1538 3261 hostibus
1565 3205 1678 3260 suis
1719 3182 2102 3262 dumabscidit
2129 3182 2173 3244 δ
2204 3205 2352 3274 poris
2417 3203 2626 3258 Domini
2695 3212 3026 3258 monstratur
3057 3223 3069 3257 :
3099 3205 3223 3274 quia
3273 3205 3502 3273 primum
3549 3205 3602 3258 in
3650 3221 3790 3274 pne-

521 3294 710 3348 vitium
749 3309 1003 3366 magnum
1030 3296 1294 3364 superbia:
1321 3295 1514 3366 parcit,
1555 3310 1623 3350 ne
1651 3295 1849 3350 dentur
1883 3307 2101 3353 :eternae

497 3385 801 3440 «occisioni.

593 3475 744 3542 Quod
791 3476 1068 3532 declinans
1116 3477 1483 3546 persecutoris
1530 3475 1798 3541 insidias,
1859 3476 1995 3546 fugit
2046 3478 2100 3533 in

495 3565 698 3632 ‘Ceth;
741 3567 823 3622 sic
860 3565 1108 3622 Christus
1141 3564 1483 3621 saevientibus
1529 3564 1730 3620 Iudaeis
1775 3566 2101 3621 subtrahens

503 3671 582 3711 se
606 3658 854 3728 gentibus
881 3657 1047 3713 dedit.

589 3750 941 3821 Arreptitium
971 3749 1112 3805 idem
1143 3765 1202 3805 se
1242 3750 1526 3814 simulans,
1558 3749 1683 3805 dum
1729 3747 1911 3804 saliva:
1954 3749 2097 3805 illius

496 3843 576 3897 .in
625 3843 848 3898 barbam
900 3842 1213 3905 decurrunt,
1238 3841 1445 3897 Christi
1475 3840 1787 3894 ﬁrmitatem
1831 3841 2094 3910 sapientia

497 3933 812 3993 conditam,
841 3943 894 3986 et
926 3930 1346 3986 sacratissimum
1369 3945 1567 4000 corpus
1597 3929 1764 4000 ipsius
1786 3929 1838 3984 in
1859 3931 2089 3985 sanctiﬁ-

521 4034 642 4082 cato
667 4039 806 4094 pane
826 4031 1090 4094 gestatum
1109 4021 1355 4077 manibus
1367 4021 1478 4077 suis
1497 4021 1800 4092 presbyteri
1827 4024 2085 4092 mysterio

495 4139 499 4152 ι
516 4116 675 4172 nobis
697 4115 955 4170 insinuat.

588 4207 730 4261 Idem
773 4204 939 4261 David
981 4203 1124 4260 dolet
1159 4203 1395 4259 occisum
1424 4201 1701 4257 inimicum
1734 4201 1862 4258 Saul
1895 4221 1908 4257 :
1962 4203 2089 4273 quia

517 4305 570 4352 ct
590 4295 840 4352 Christus
866 4309 993 4350 suos
1017 4293 1302 4364 plurimum
1330 4291 1518 4347 dilexit
1541 4291 1812 4346 inimicos.

582 4385 666 4439 Ad
721 4384 888 4439 David
945 4391 1162 4438 unctum
1228 4391 1371 4437 totus
1419 4381 1694 4452 colligitur
1749 4381 1954 4448 Israel;
2021 4383 2090 4437 ad

492 4475 789 4530 £bristum
819 4481 880 4528 ut
907 4472 1233 4543 promissum
1263 4479 1347 4526 est
1373 4478 1518 4526 totus
1540 4471 1809 4542 colligitur
1833 4474 2087 4527 mundus.

581 4567 638 4621 In
672 4563 841 4618 David
864 4562 1110 4617 Christus
1140 4559 1228 4616 ille
1254 4559 1630 4616 desiderabilis
1669 4562 1920 4617 omnibus
1959 4577 2089 4630 gen-

493 4656 658 4710 Ftibus
683 4653 840 4724 quasi
887 4653 940 4706 in
989 4650 1242 4705 solatium
1287 4650 1660 4715 deambulans,
1699 4652 1824 4719 quia
1870 4651 1924 4706 in
1975 4651 2089 4707 sole

508 4744 690 4816 posuit
717 4739 1121 4796 tabernaculum
1145 4753 1324 4803 suum,
1351 4739 1623 4794 adamavit
1647 4739 1944 4796 Ecelesiam
1992 4756 2088 4796 su-

494 4848 606 4903 ,per
632 4840 932 4908 tectum‘se
969 4827 1261 4892 lavantem,
1294 4827 1348 4882 id
1387 4836 1493 4894 est,
1535 4827 1918 4883 emundantem
1969 4845 2029 4885 se
2056 4846 2086 4884 a

507 4924 760 4979 sordibus
783 4923 987 4988 smeuli,
1012 4933 1069 4978 et
1091 4923 1311 4979 domum
1353 4922 1554 4979 luteam
1579 4923 1808 4993 spiritali
1842 4932 2088 4978 contem-

498 5013 744 5082 platione
799 5011 1268 5068 transcendentem
1298 5020 1460 5083 atque
1514 5012 1854 5067 calcantem:
1901 5024 1957 5066 et
2006 5014 2086 5066 in-

506 5109 701 5162 choata
731 5122 854 5162 cum
891 5105 976 5160 illa
1022 5107 1210 5176 primae
1235 5105 1612 5160 conventionis
1659 5103 1869 5166 notitia,
1900 5113 2084 5174 postea

507 5200 664 5253 abea
685 5197 908 5267 penitus
952 5205 1265 5266 separatum
1311 5193 1584 5250 diabolum
1609 5193 1825 5257 occidit,
1857 5209 2086 5264 eamque

505 5291 608 5346 sibi
631 5299 889 5360 perpetuo
917 5289 1187 5344 connubio
1216 5287 1505 5355 copulavit.

577 5381 747 5437 David
770 5381 925 5436 senili
951 5390 1109 5435 aetate
1135 5373 1592 5435 confectoAbisac
1617 5379 1792 5447 virgo,
1813 5394 1932 5446 qua:
1958 5395 2083 5433 eum

507 5471 850 5537 calefaceret,
880 5470 1180 5540 applicatur
1212 5487 1224 5522 :
1258 5469 1410 5523 senio
1436 5478 1660 5538 urgente
1681 5470 1906 5531 mundo,
1925 5483 2084 5522 verus

505 5562 676 5617 David
694 5561 945 5618 Christus
973 5559 1075 5614 sibi
1099 5558 1361 5628 virginem
1392 5557 1654 5612 calentem
1692 5557 1796 5611 ﬁde
1849 5557 2084 5627 applicat

506 5650 824 5706 Ecclesiam.

577 5739 633 5793 In
664 5739 949 5794 Salomone
977 5756 1077 5809 pax
1103 5750 1304 5803 nostra,
1340 5739 1428 5808 qui
1457 5747 1540 5792 est
1579 5738 1827 5794 Christus
1865 5753 2081 5808 expres-

2206 3294 2377 3362 ceptis
2398 3308 2612 3362 panem,
2635 3303 2820 3362 postea
2850 3309 3070 3348 carnem
3099 3293 3392 3349 Dominicae
3427 3297 3694 3364 passionis
3717 3311 3788 3350 ex

2204 3384 2350 3453 ligno
2389 3385 2568 3439 crucis
2618 3385 2899 3440 decoctam
2945 3384 3114 3440 Iudaei
3166 3385 3292 3440 tetri
3320 3385 3502 3440 colore
3537 3387 3787 3455 gentibus

2203 3471 2602 3527 ministrarum.

2273 3562 2473 3618 Tribus
2525 3565 2860 3634 temporibus
2894 3567 3059 3619 etiam
3084 3577 3138 3620 et
3167 3566 3395 3619 dimidio
3437 3567 3697 3635 temporis
3727 3567 3784 3622 in

2202 3656 2374 3712 tribus
2401 3656 2562 3711 annis
2583 3665 2638 3709 et
2677 3671 2770 3710 sex
2798 3658 3069 3711 mensibus
3099 3655 3332 3710 caelestis
3355 3655 3533 3726 pluvia
3558 3659 3652 3712 Dei
3677 3659 3789 3714 alto

2189 3745 2395 3816 judicio
2421 3758 2648 3818 negatur
2686 3748 2786 3810 eis,
2826 3748 2918 3817 qui
2943 3761 3164 3801 carnem
3197 3747 3319 3817 ejus
3343 3763 3449 3801 non
3497 3752 3788 3804 comeden-

2197 3849 2278 3895 tes
2305 3854 2478 3908 neque
2502 3837 2618 3905 ejus
2645 3838 2963 3908 sanguinem
2985 3837 3254 3902 bibentes,
3273 3838 3534 3908 redempti
3567 3840 3634 3893 ab
3657 3840 3788 3910 ejus

2189 3941 2416 3995 corpore
2446 3926 2788 3980 inveniuntur
2815 3925 2995 3981 alieni.

2265 4018 2406 4071 Elias
2431 4025 2617 4088 pastus
2651 4032 2680 4070 a
2706 4018 2885 4083 vidua,
2917 4017 3169 4073 Christus
3191 4018 3578 4074 misericordia
3599 4035 3769 4090 opera

2193 4111 2515 4181 suscipiens,
2548 4121 2602 4165 et
2629 4125 3048 4180 recompensans
3070 4111 3126 4166 in
3156 4111 3420 4176 Ecclesia,
3445 4127 3566 4182 quae
3600 4113 3784 4166 adhuc

2191 4205 2350 4258 vidua
2383 4205 2432 4258 in
2457 4219 2589 4273 agro
2615 4218 2890 4259 sacrarum
2924 4199 3326 4274 Scripturarum
3355 4220 3454 4274 per
3500 4205 3608 4259 duo
3632 4205 3779 4273 ligna

2189 4295 2390 4358 crucis,
2415 4295 2520 4349 duo
2544 4304 2812 4365 praecepta
2839 4295 3059 4366 colligit,
3086 4305 3143 4349 nt
3167 4295 3271 4350 sibi
3298 4295 3528 4365 ﬁliisque
3558 4297 3609 4350 in
3640 4305 3778 4350 tem-

2189 4397 2320 4452 pore
2348 4384 2507 4439 famis
2531 4385 2792 4439 consulat.

2262 4475 2318 4528 ln
2346 4475 2538 4530 Elisazo
2565 4476 2726 4530 etiam
2757 4477 2950 4544 duplex
2977 4475 3198 4546 spiritus
3224 4475 3354 4530 Elia:
3382 4475 3779 4546 discipulorum

2191 4567 2389 4623 chorus
2415 4567 2640 4633 Christi,
2671 4568 2929 4638 Spiritum
2958 4577 3204 4624 sanctum
3234 4567 3396 4636 duplo
3421 4583 3645 4624 munere
3674 4585 3773 4623 ac-

2191 4658 2414 4728 cipiens.

2262 4747 2318 4801 In
2351 4756 2564 4801 mortuo
2587 4746 2872 4811 suscitato,
2901 4761 3071 4816 genus
3127 4747 3420 4803 humanum
3472 4762 3570 4816 per
3614 4749 3779 4804 Chri-

2168 4817 2333 4891 'stum
2359 4835 2538 4890 alllatu
2570 4836 2759 4904 gratia:
2785 4836 3125 4901 suscitatum,
3148 4852 3309 4906 quem
3340 4837 3422 4892 lex
3445 4838 3590 4892 nullo
3613 4839 3774 4892 modo

2191 4926 2453 4980 suscitare
2480 4924 2664 4978 valuit.

2259 5014 2546 5069 Iordanem
2570 5014 2794 5070 Elisazus
2823 5017 3011 5070 eodem
3039 5018 3228 5086 spiritu
3244 5027 3503 5087 operante
3532 5020 3727 5074 transit
3751 5037 3770 5085 ;

2190 5119 2297 5172 quo
2327 5113 2509 5158 noster
2535 5102 2789 5158 Dominus
2809 5102 2965 5159 Iesus
2992 5104 3238 5160 eumdem
3295 5105 3512 5160 ﬂuvium
3559 5121 3659 5161 suo
3713 5109 3773 5162 in

2192 5195 2464 5266 Baptismo
2497 5197 2852 5251 consecravit.

2265 5284 2525 5337 Insultant
2553 5285 2703 5352 pueri
2735 5285 2944 5350 Elisteo,
2970 5295 3074 5340 eta
3104 5286 3291 5340 bestiis
3337 5295 3461 5340 sunt
3497 5286 3723 5340 lacerati
3754 5305 3769 5342 :

2194 5376 2456 5430 insultant
2502 5373 2669 5430 Iudaei
2715 5375 2950 5440 Christo,
2974 5386 3079 5431 eta
3108 5375 3365 5429 Romanis
3398 5375 3479 5428 vel
3521 5376 3773 5443 malignis

2190 5464 2465 5534 spiritibus
2491 5474 2619 5520 sunt
2663 5467 2895 5536 pervasi.
2923 5465 3157 5520 Naaman
3201 5465 3426 5520 Elisaeus
3457 5467 3662 5535 septies
3695 5467 3774 5519 la-

2188 5555 2326 5618 vari,
2353 5564 2412 5609 ut
2433 5567 2754 5626 purgaretur
2783 5573 2810 5610 a
2840 5557 3006 5627 lepra,
3040 5558 3091 5610 in
3112 5557 3345 5612 Iordane
3367 5556 3522 5624 jubet
3551 5575 3562 5608 :
3595 5557 3774 5624 septi-

2189 5644 2377 5700 formis
2421 5647 2605 5715 gratice
2658 5648 2850 5716 spiritu
2908 5647 3156 5701 mundari
3202 5661 3232 5700 a
3295 5647 3441 5700 vitiis
3504 5645 3768 5704 animam,

2185 5738 2383 5806 quibus
2410 5738 2636 5792 interior
2660 5740 3005 5808 exteriorque
3049 5740 3210 5796 homo
3237 5736 3510 5799 polluitur,
3543 5742 3722 5803 signat
3751 5752 3764 5786 :
