4024 6362
287 325 359 386 49
1320 379 1326 384 ,
1366 321 1778 377 CllliONlCON.
1819 349 1887 357 ——
1923 319 2125 373 ACTAS
2165 320 2444 386 QUINTA.
3481 317 3552 372 50

289 434 432 505 quod
455 433 618 490 etiam
641 448 780 503 aqua
825 448 920 503 psa
945 434 1280 487 demonstrat
1299 448 1404 503 qua
1437 432 1714 502 tinguuntur
1743 445 1873 484 con-
1901 436 1949 494 Α
2049 432 2103 486 lu
2128 429 2286 486 Josim
2321 432 2550 496 actibus,
2581 430 2828 486 Christus
2852 445 3038 486 verum
3067 428 3265 498 pascha
3306 427 3461 482 nobis
3483 419 3561 482 fa-

289 525 512 589 secrati,
537 524 590 578 in
613 524 829 577 nomine
850 523 1028 577 Patris
1047 531 1102 577 et
1125 522 1246 576 Filii
1269 531 1323 575 et
1349 522 1584 590 Spiritus
1606 519 1801 574 sancti.

361 611 519 671 Giezi
564 630 698 686 puer
744 613 1019 685 prephetze
1060 629 1282 668 munera
1315 611 1551 667 Naaman
1579 610 1876 680 accipiens,

285 717 342 762 et
369 721 469 775 per
495 705 598 759 hoc
627 702 852 758 maculis
901 703 1064 772 leprze
1110 718 1406 774 respersus,
1466 701 1752 756 haereticos
1790 714 1878 754 os-

285 797 484 861 tendit,
511 795 603 864 qui
634 783 973 878 venditantes
1023 793 1174 848 velut
1223 793 1560 863 expiationes
1622 799 1876 860 peccato-

285 901 434 951 rum,
461 884 550 954 qui
578 875 792 954 quoque
821 882 1296 954 maculis,‘quibus
1317 882 1417 954 ipsi
1433 881 1648 936 fuerant
1665 879 1878 950 aspersi

283 975 629 1046 supplentur.

358 1066 416 1121 in
456 1065 702 1120 Ezechite
726 1064 872 1136 regis
897 1064 1053 1134 signo
1091 1063 1290 1120 Christi
1319 1063 1633 1125 descensus,
1669 1060 1760 1130 qui
1791 1065 1876 1115 est

283 1155 661 1225 Soljustitize;
695 1165 749 1210 et
788 1156 953 1210 etiam
1005 1153 1216 1209 inferna
1247 1153 1669 1210 misericorditer
1716 1165 1874 1220 pene-

285 1248 484 1303 trantis
506 1246 676 1318 ﬁgura
698 1246 1054 1318 praesignatur
1079 1263 1093 1299 :
1123 1245 1212 1314 qui
1241 1245 1410 1300 etiam
1448 1246 1608 1299 docet
1657 1257 1753 1298 nos
1816 1242 1878 1297 in

285 1341 430 1393 bono
461 1353 739 1408 nunquam
769 1337 1144 1409 prosperitatis
1165 1335 1372 1392 eiferri.

1985 523 2102 578 etus
2123 532 2306 592 aperte
2325 537 2626 592 expressus,
2648 521 2938 576 Ecclesiam
2959 535 3108 575 suam
3127 520 3392 574 mundaus
3402 526 3456 573 et
3469 534 3564 574 ex-

1984 628 2240 686 purgans,
2267 631 2364 685 pro
2387 630 2491 685 qua
2520 622 2762 670 mortuus
2785 622 2890 668 est.
2905 610 3069 681 Cujus
3091 611 3183 666 ﬁlii
3206 610 3276 666 ob
3310 611 3563 666 meritum

1987 707 2154 776 culpae
2175 708 2226 761 in
2249 707 2610 777 captivitatem
2645 705 2812 768 ducti,
2848 705 2939 775 qui
2969 704 3200 775 gratiam
3252 701 3455 756 Christi
3507 702 3572 756 in

1985 815 2214 854 vacuum
2243 799 2444 854 ducunt
2467 838 2483 862 ,
2511 797 2792 867 designant
2819 813 2832 850 :
2863 805 2917 851 et
2951 802 3220 865 prmeepta
3248 789 3448 847 Christi
3475 806 3573 844 ve»—

1983 890 2061 945 lut
2080 890 2329 946 Ieremia:
2353 890 2816 961 parvipendcntes,
2851 886 3064 942 diabolo
3092 884 3237 940 velut
3282 881 3563 937 Nabucho-

1982 980 2232 1045 donosor,
2265 981 2463 1051 captivi
2484 981 2629 1036 vitiis
2655 981 2961 1034 traduntur.
2989 975 3344 1034 Concluditur
3373 982 3554 1028 autem

1980 1071 2098 1126 haec
2120 1085 2252 1126 aetas
2282 1081 2473 1140 quarta
2522 1069 2707 1125 mundi
2733 1085 2764 1123 a
2792 1069 2959 1123 David
3009 1065 3272 1138 usquead
3309 1063 3564 1119 transmi-

1980 1163 2278 1232 grationem
2309 1162 2363 1216 in
2389 1160 3265 1234 Babyloniam,eoutiuensannos
3307 1155 3561 1226 quadrin-

1981 1252 2158 1322 gintos
2191 1251 2557 1323 septuaginta.

1301 1467 3556 1493 Μ

1524 1622 1805 1700 ιιΕΤΑε
1878 1623 2275 1720 QUINTA

810 1822 886 1864 AB
927 1820 1146 1862 ΕΔΒΕΜ
1189 1817 1783 1861 TRANSMIGIlATIONE
1831 1819 1860 1858 Δ

1970 1817 2214 1860 ὶῐιιιιδτυ
2227 1818 2271 1859 Μ
2313 1816 2724 1860 εΑινΑτοιιι-ῑω
2761 1817 3078 1860 NOSTRUM.

353 2059 542 2136 [127]]
583 2057 781 2126 Quinta
817 2053 1004 2110 mundi
1049 2063 1179 2110 tetas
1205 2053 1369 2124 coepit
1401 2053 1469 2136 ab
1493 2059 1739 2107 extremo
1781 2067 1874 2107 ex-
1904 2056 1952 2117 B
1975 2053 2236 2109 theorum.
2261 2055 2372 2119 Ego
2397 2056 2587 2120 Daniel
2624 2057 2865 2118 intellexi
2888 2059 2940 2113 in
2961 2058 3116 2115 libris
3142 2074 3428 2116 numerum
3457 2076 3570 2118 ann

282 2134 425 2208 cidto
455 2151 607 2222 regni
637 2147 870 2210 Judaici,
902 2145 1046 2215 quod
1083 2143 1237 2213 juxta
1261 2134 1599 2214 prophetiam
1627 2143 1876 2200 Ieremia:

281 2243 622 2313 septuaginta
645 2234 802 2293 annis
828 2235 1144 2307 permansit,
1198 2249 1341 2289 anno
1399 2235 1608 2290 decimo
1657 2244 1872 2304 quarto,

283 2346 572 2407 postquam
625 2345 882 2401 percussa
933 2335 1017 2383 est
1061 2328 1279 2392 civitas,
1306 2327 1398 2397 qui
1452 2336 1536 2382 est
1583 2327 1875 2384 vicesimus

287 2429 508 2498 quintus
531 2441 705 2478 annus
733 2419 1223 2491 transmigrationis
1251 2421 1393 2490 regis
1435 2419 1701 2486 Joachim,
1751 2437 1873 2476 cum

289 2534 398 2588 quo
428 2514 677 2570 Ezechiel
727 2512 1028 2582 captivatus
1052 2520 1137 2566 est
1164 2526 1185 2564 :
1208 2512 1323 2580 ipse
1351 2511 1598 2566 Ezechiel
1625 2512 1678 2566 in
1707 2513 1872 2568 visio-

295 2609 454 2663 nibus
483 2607 575 2659 Dei
604 2605 858 2659 adductus
889 2603 941 2656 in
975 2612 1175 2657 terram
1203 2594 1368 2657 israel
1395 2603 1529 2657 vidit
1565 2605 1872 2660 renovatio-

289 2713 416 2752 nem
469 2695 697 2750 civitatis
749 2709 813 2747 ac
859 2693 1065 2762 templi,
1111 2693 1670 2762 caeremoniarumque
1727 2693 1865 2762 ejus.

287 2785 506 2842 Vastata
533 2784 715 2840 Jud:ea
737 2784 970 2838 Chaldaei
1007 2799 1113 2837 non
1138 2792 1198 2837 ut
1224 2783 1430 2854 Assyrii
1467 2784 1521 2838 iu
1561 2782 1867 2840 Samariam

282 2878 418 2932 alios
467 2876 724 2930 miserere
754 2875 996 2937 colonos,
1021 2875 1116 2928 sed
1151 2875 1422 2928 desertam
1467 2873 1733 2944 reliquere
1760 2885 1869 2930 ter-

281 2983 423 3032 ram,
459 2967 628 3021 donec
651 2973 770 3033 post
794 2980 964 3018 annos
997 2964 1336 3033 septuaginta
1367 2963 1420 3018 in
1441 2980 1558 3018 eam
1584 2963 1752 3020 Judaei
1779 2980 1866 3021 re-

281 3059 476 3114 dirent.
505 3059 546 3111 A
574 3057 946 3112 sacerdotibus
977 3056 1117 3124 ignis
1143 3057 1211 3111 ab
1247 3055 1404 3109 altari
1435 3056 1866 3112 holocaustoma-

282 3151 354 3204 tis
382 3150 626 3204 sublatus
654 3157 710 3203 et
734 3148 1078 3202 absconditus
1110 3148 1162 3200 in
1191 3155 1350 3217 puteo
1389 3155 1512 3216 post
1532 3150 1866 3219 septuagesi-

281 3257 430 3294 mum
457 3239 809 3314 regressionis
837 3253 1035 3292 annum
1063 3239 1379 3303 assumitur,
1412 3239 1664 3294 inventus
1688 3239 1859 3295 vivus.

1979 2161 2194 2209 norum,
2253 2146 2321 2200 de
2367 2162 2474 2216 quo
2511 2146 2686 2203 factus
2729 2157 2814 2204 est
2867 2164 3048 2205 sermo
3073 2148 3287 2208 Domini
3319 2152 3386 2207 ad
3414 2149 3564 2210 Jere-

1976 2237 2139 2292 miam
2169 2239 2506 2308 prophetam,
2552 2248 2611 2293 ut
2640 2240 3042 2311 complerentur
3078 2242 3433 2301 desolationis
3472 2244 3577 2300 Je--

1971 2327 2208 2386 rusalem
2241 2330 2580 2400 septuaginta
2613 2331 2791 2386 annis.
2820 2331 3083 2389 Eusebius
3135 2334 3189 2389 in
3230 2333 3574 2405 Temporum.

1975 2417 2126 2474 libris
2159 2418 2381 2489 triginta
2426 2435 2598 2479 annos
2629 2420 2697 2475 ab
2722 2421 3003 2477 eversione
3028 2420 3332 2478 Jerusalem
3387 2439 3563 2494 usque

1971 2508 2042 2563 ad
2061 2507 2274 2564 initium
2304 2507 2429 2580 Cyri
2460 2511 2606 2582 regis
2631 2509 2951 2578 Persarum;
2995 2511 3169 2569 Julius
3207 2521 3387 2570 autem
3413 2514 3560 2569 Alri-

1971 2618 2138 2659 canus
2165 2605 2498 2674 septuaginta
2536 2615 2828 2677 computat.
2864 2608 3032 2663 Porro
3099 2607 3458 2680 Hieronymus
3500 2609 3555 2664 iu

1969 2695 2319 2764 Expositione
2371 2697 2648 2766 prophetae
2713 2697 2949 2754 Danielis
2976 2699 3050 2753 ita
3098 2699 3560 2754 dicit:'l‘radunt

1970 2784 2184 2842 Hebraei
2238 2786 2543 2856 hujusmodi
2600 2789 2833 2844 fabulam
2876 2805 3047 2859 usque
3107 2792 3176 2846 ad
3224 2791 3560 2861 septuagesi-

1967 2891 2118 2931 mum
2155 2893 2380 2943 annum,
2411 2895 2520 2948 quo
2547 2878 2812 2936 Jeremias
2854 2882 3221 2950 captivitatem
3247 2881 3573 2938 Judzeorum.

1967 2969 2181 3024 dixerat
2207 2984 2332 3025 esse
2358 2970 2689 3035 solvendam,
2717 2971 2786 3027 de
2815 2987 2922 3042 quo
2943 2981 2997 3027 et
3017 2972 3378 3029 Zachariasin
3409 2972 3570 3043 prium

1964 3066 2109 3136 cipio
2136 3057 2427 3121 voluminis
2451 3066 2536 3120 sui
2566 3067 2827 3136 loquitur,
2859 3068 3069 3122 irritam
3101 3076 3296 3137 putans
3317 3067 3412 3122 Dei
3442 3067 3556 3137 pol-

1970 3153 2328 3210 licitationem
2356 3156 2662 3223 Balthasar,
2685 3157 2989 3228 falsumque
3012 3158 3337 3228 promissum
3364 3171 3556 3213 versus

1965 3247 2018 3300 in
2045 3248 2318 3317 gaudium,
2348 3245 2474 3302 fecit
2503 3247 2706 3318 grande
2751 3248 3078 3312 convivium,
3123 3248 3390 3302 insultans
3415 3263 3553 3318 quo-

281 3331 650 3385 Romanorum
681 3341 862 3385 sextus
889 3329 1110 3386 Servius
1143 3331 1389 3401 regnavit
1436 3346 1606 3386 annos
1631 3333 1862 3401 quadra-
1962 3336 2249 3393 dammodo
2270 3339 2385 3408 spei
2421 3335 2750 3403 Judaaorum,
2777 3349 2832 3393 et
2875 3339 3019 3394 vasis
3047 3337 3268 3408 templi;
3298 3338 3392 3394 sed
3443 3346 3574 3392 sta-—

279 3422 430 3491 ginta
460 3419 710 3492 quatuor,
741 3422 832 3492 qui
872 3431 983 3476 tres
1015 3430 1225 3477 montes
1259 3421 1389 3478 Urbi
1419 3423 1663 3478 addidit:
1689 3424 1870 3491 Quiri-
1896 3433 1941 3495 (ζ
1975 3426 2070 3480 tim
2102 3426 2236 3482 uitio
2287 3438 2579 3483 consecuta
2624 3439 2723 3484 est.
2759 3429 2996 3484 Danielis
3043 3429 3221 3484 omnis
3271 3429 3578 3499 prophetia;

279 3513 476 3576 nalem,
511 3513 870 3582 Esquilinum,
902 3512 1262 3580 Viminalem;
1311 3514 1485 3570 fossas
1515 3515 1716 3570 circum
1751 3533 1866 3572 mu-
1958 3517 2247 3586 mysteriis
2291 3517 2416 3572 licet
2443 3519 2515 3573 sit
2544 3519 2719 3589 plena,
2769 3519 3012 3589 quaedam
3070 3529 3247 3574 tamen
3278 3534 3404 3588 pars
3436 3518 3576 3588 ejus.

279 3619 373 3659 ros
401 3605 570 3659 duxit.
597 3602 723 3659 Post
738 3603 1254 3672 Nabuchodonosor,
1283 3606 1397 3676 qui,
1448 3615 1584 3663 teste
1625 3607 1867 3680 Scriptu-
1967 3607 2044 3662 ita
2069 3605 2315 3660 claritate
2347 3607 2545 3672 elucet,
2573 3607 2826 3663 utetiam
2865 3617 3076 3678 tempus
3123 3609 3300 3677 signet
3337 3607 3580 3678 quando.

278 3713 342 3752 ra
369 3693 547 3764 sacra,
586 3697 770 3768 viginti
823 3699 1059 3768 quinque
1107 3707 1230 3770 post
1277 3715 1522 3755 eversam
1560 3698 1861 3756 Jerusalem

275 3788 417 3841 vixit
441 3787 613 3850 annis,
645 3787 1055 3843 Evilmerodach
1081 3787 1224 3843 ﬁlius
1249 3789 1365 3859 ejus
1411 3789 1662 3860 regnavit
1704 3791 1865 3847 annis

278 3879 470 3935 decem
507 3887 562 3934 et
606 3889 763 3945 octo;
791 3889 913 3950 post
961 3896 1120 3948 quem
1151 3880 1358 3951 Egesar
1379 3881 1519 3936 ﬁlius
1546 3883 1680 3952 ejus,
1713 3884 1869 3939 annis

277 3973 654 4043 quadraginta.
679 3971 775 4026 Cui
807 3971 1071 4026 successit
1100 3971 1274 4026 frater
1299 3972 1417 4042 ejus
1463 3971 1866 4041 Laborsodach,

278 4065 561 4120 Iliensibus
594 4080 804 4120 novem.
837 4063 950 4120 Hoc
977 4063 1228 4119 defuncto
1259 4064 1324 4118 ad
1341 4063 1626 4119 Balthasar
1645 4064 1736 4136 qui
1762 4065 1867 4119 Na-

274 4157 422 4212 boan
478 4165 838 4226 nuncupatur,
873 4155 1087 4210 transiit
1123 4155 1430 4225 imperium.
1460 4155 1559 4223 Qui
1591 4171 1711 4210 cum
1753 4156 1866 4226 jam

277 4248 668 4316 septemdecim
699 4255 952 4318 regnaret
970 4259 1160 4311 annos,
1185 4255 1341 4316 capta
1364 4255 1446 4301 est
1467 4261 1497 4300 a
1522 4246 1594 4318 Cy
1606 4262 1664 4300 ro
1675 4247 1869 4303 Persa-

275 4355 404 4394 rum
443 4348 498 4393 et
523 4338 685 4393 Dario
722 4333 996 4394 Medorum
1037 4354 1162 4410 rege
1186 4336 1501 4408 Babylonia,
1555 4338 1872 4396 discedente

275 4432 491 4488 Arbace
517 4427 770 4501 prmfecto
802 4430 854 4484 in
887 4429 1086 4492 Medos,
1116 4444 1146 4483 a
1170 4443 1277 4498 quo
1303 4429 1541 4498 primum
1567 4425 1865 4499 Babylonia

277 4523 617 4578 debonorata
644 4520 837 4575 fuerat.
871 4517 1088 4575 Partem
1118 4519 1270 4589 regni
1307 4533 1476 4589 penes
1499 4535 1560 4573 se
1589 4519 1875 4578 retinuere

277 4613 542 4676 Chaldzni,
567 4611 656 4681 qui
684 4609 1034 4682 Babyloniam
1078 4610 1185 4665 sibi
1221 4609 1504 4665 adversum
1537 4608 1864 4665 Medosvin-

275 4707 622 4770 dicaverunt,
677 4704 818 4758 unde
869 4702 1068 4756 factum
1103 4710 1187 4757 est
1233 4710 1293 4756 ut
1345 4699 1870 4766 Nabuchodonosor,

1966 3705 2228 3751 venturus
2244 3706 2387 3752 esset
2406 3697 2521 3766 ipse
2547 3691 2796 3752 Salvator
2822 3707 2879 3752 et
2901 3697 3180 3752 Dominus.
3201 3698 3556 3768 Septuaginta

1967 3787 2332 3844 hebdomadas
2357 3788 2626 3845 breviatas
2651 3802 2805 3854 esse,
2822 3787 3039 3845 Gabriel
3066 3787 3289 3860 angelus
3342 3788 3394 3842 in
3453 3803 3554 3858 po-

1966 3880 2092 3951 pulo
2116 3880 2232 3951 ejus
2284 3879 2458 3935 eidem
2504 3879 2707 3934 Danieli
2759 3878 3040 3945 revelavit,
3086 3888 3148 3933 ut
3195 3879 3544 3940 adduceretur

1960 3971 2173 4041 justitia
2197 3971 2559 4042 sempiterna,
2586 3978 2642 4026 et
2670 3971 2987 4041 impleretur
3035 3968 3336 4040 prophetia,
3369 3977 3424 4024 et
3453 3985 3552 4025 un-

1967 4071 2183 4134 geretur
2205 4061 2434 4118 Sanetus
2458 4072 2794 4118 sanctorum.
2823 4062 3034 4118 Beatus
3075 4061 3438 4132 Hieronymus
3465 4061 3544 4116 la-

1967 4155 2098 4207 bore
2125 4151 2444 4222 ingenioque
2475 4166 2670 4222 magno
2693 4166 2790 4222 per
2829 4151 3240 4222 supputationes
3283 4166 3550 4208 annorum

1968 4262 2152 4318 regum
2183 4245 2507 4316 Babyloniae,
2532 4245 2869 4315 septuaginta
2900 4245 3265 4300 hebdomadas
3287 4259 3457 4314 usque
3479 4246 3548 4300 ad

1967 4335 2137 4390 nostri
2163 4334 2540 4403 Redemptoris
2562 4334 2919 4398 nativitatem,
2953 4334 3110 4389 annis
3135 4333 3550 4403 quadringentis
3563 4375 3576 4387 ι.

1967 4427 2258 4495 nonaginta
2281 4424 2557 4494 perduxit,
2587 4425 2875 4495 sejungens
2899 4432 3105 4494 septem
3121 4425 3172 4478 in
3190 4423 3544 4478 restauratio-

1967 4532 2089 4571 nem
2125 4515 2306 4586 templi
2339 4516 2704 4572 hebdomadas
2726 4515 3116 4587 quinquaginta
3144 4526 3351 4586 septem
3376 4531 3546 4586 usque

1966 4607 2031 4660 ad
2057 4605 2264 4660 Domini
2292 4605 2626 4666 nativitatem
2651 4613 2706 4659 et
2748 4605 3048 4675 passionem
3079 4606 3270 4674 ipsius,
3298 4617 3354 4661 et
3381 4621 3546 4660 unam

1965 4697 2281 4752 vastationis
2304 4712 2423 4766 quae
2445 4696 2584 4751 facta
2612 4705 2695 4752 est
2720 4715 2751 4751 a
2777 4696 3104 4767 Vespasiano
3123 4697 3258 4752 duce
3279 4713 3400 4753 cum
3423 4698 3543 4752 Tito

275 4798 574 4866 celerique
612 4791 731 4865 post
757 4811 880 4849 eum
907 4810 1079 4864 usque
1106 4795 1171 4848 ad
1199 4794 1418 4865 Cyrum,
1470 4807 1642 4863 reges,
1672 4808 1870 4862 quam-
1889 4783 1941 4843 D
1968 4791 2077 4845 lilio
2119 4789 2253 4858 ejus.
2287 4789 2578 4845 Duodecim
2605 4803 2735 4846 sane
2762 4799 2888 4845 sunt
2935 4790 3261 4860 prophetica!
3309 4791 3546 4847 visiones

279 4891 369 4944 vis
393 4888 765 4944 Chaldaeorum
799 4888 1004 4942 viribus
1031 4895 1300 4956 potentes,
1340 4897 1395 4940 et
1422 4885 1728 4956 Babylonia:
1763 4900 1862 4940 no-

276 4983 430 5039 mine
451 4982 584 5037 clari
611 4981 876 5052 legantur,
908 4979 961 5033 in
990 4995 1215 5034 numero
1253 4989 1432 5034 tamen
1457 4987 1510 5032 et
1532 4978 1753 5033 cardine
1779 4993 1863 5032 re-

279 5089 410 5143 gum
452 5088 558 5127 non
596 5071 862 5126 habentur
899 5070 1206 5124 illustrium.
1242 5069 1438 5123 Darius
1465 5077 1642 5122 autem
1671 5068 1866 5141 Astya-

279 5166 363 5236 gis
387 5163 546 5227 ﬁlius,
574 5163 665 5231 qui
685 5160 1032 5232 Babyloniam
1058 5159 1342 5221 destruxit,
1368 5173 1488 5212 cum
1510 5157 1652 5229 Cyro
1666 5172 1865 5229 cogna-

280 5267 338 5311 to
372 5271 471 5310 suo
501 5256 694 5326 agebat
715 5269 912 5306 annum
940 5248 1662 5320 scxagesimumsccundum,
1687 5264 1860 5318 quan-

279 5349 350 5401 do
372 5345 664 5415 Bahylonia
691 5342 793 5397 fuit
819 5343 1021 5397 invasa.
1050 5339 1259 5408 Quique
1302 5333 1576 5392 Danielem
1635 5339 1862 5407 propheo

280 5447 392 5491 tam
424 5451 660 5497 stnneus,
687 5435 752 5488 ad
777 5449 835 5489 se
865 5434 916 5486 in
946 5431 1170 5486 Mediam
1214 5430 1388 5494 duxit,
1440 5437 1498 5484 et
1546 5429 1693 5482 omni
1735 5442 1858 5482 eum

277 5529 490 5584 honore
513 5525 822 5580 celebravit.
853 5523 1019 5592 ilujus
1048 5523 1188 5578 Darii
1215 5521 1400 5576 Daniel
1433 5521 1546 5589 ipse
1566 5521 1641 5574 ita
1671 5520 1861 5575 memi-

281 5621 384 5682 nit,
416 5619 602 5673 dicens
629 5636 640 5670 :
671 5619 726 5672 ln
759 5633 900 5672 anno
926 5616 1106 5688 primo
1127 5613 1270 5668 Darii
1299 5613 1390 5667 ﬁlii
1423 5612 1645 5667 Assueri
1680 5611 1749 5666 de
1773 5626 1858 5666 se-

281 5715 427 5768 nziue
460 5711 755 5776 Medorum,
785 5710 874 5780 qui
901 5707 1183 5779 imperavit
1225 5719 1384 5775 super
1425 5719 1647 5775 regnum
1701 5703 1857 5759 Chal-

1963 4885 2204 4953 ejusdem
2229 4883 2484 4948 Danielis,
2507 4886 2600 4939 sed
2646 4886 2699 4939 iu
2737 4884 2962 4940 Hebraeo
2987 4887 3171 4941 decem
3213 4895 3420 4941 tantum
3450 4905 3539 4943 rc-

1963 4975 2274 5044 periuntur-
2295 4974 2630 5046 Pythagoras
2651 4991 2748 5045 per
2772 4977 2912 5031 idem
2935 4986 3162 5047 tempus,
3196 4978 3543 5049 philosophus

1961 5073 2020 5118 et
2037 5064 2403 5119 Arithmetiea:
2432 5063 2682 5119 inventor
2709 5065 2888 5120 clarus
2912 5066 3158 5122 habetur.

2037 5154 2222 5228 [ΗΜ]
2248 5154 2529 5210 Persarum
2553 5157 2758 5225 primus
2772 5156 2944 5226 Cyrus
2957 5159 3202 5228 regnavit
3236 5175 3406 5216 annos
3438 5161 3504 5214 tri
3526 5189 3539 5199 -

1963 5249 2128 5319 ginta.
2145 5248 2336 5314 ilic,,ut
2354 5247 2711 5317 compleretur
2727 5249 2946 5304 verbum
2971 5248 3180 5306 Domini
3201 5265 3267 5306 ex
3287 5265 3382 5306 ore
3394 5249 3542 5310 Jen-

1967 5341 2108 5404 mize,
2123 5340 2296 5409 primo
2311 5339 2392 5392 sui
2415 5339 2563 5409 regni
2581 5355 2741 5404 anno,
2761 5337 2937 5395 laxata
2953 5339 3295 5396 liebrteornm
3313 5341 3542 5410 captivi-

1969 5431 2496 5501 tate,quinquaginta
2519 5430 2686 5486 ferme
2698 5431 2972 5486 hominum
2995 5432 3159 5487 millia
3184 5431 3390 5501 regredi
3407 5430 3540 5489 fecit

1969 5526 2020 5580 in
2035 5523 2290 5590 Judteam,
2311 5524 2599 5579 restituens
2613 5524 2694 5579 eis
2714 5539 2841 5579 vasa
2865 5524 3044 5594 templi
3069 5523 3279 5577 Domini
3305 5538 3469 5580 aurea
3485 5532 3557 5583 et;

1967 5624 2220 5686 argentea
2245 5614 2480 5684 quinque
2504 5614 2667 5668 millia
2683 5613 3092 5684 quadringenta.
3113 5612 3546 5685 Quieongregati
3617 5661 3624 5667 .

1968 5705 2020 5758 iu
2049 5703 2370 5768 Jerusalem,
2398 5719 2580 5758 mense
2610 5703 2838 5774 septimo
2859 5702 3258 5760 aedilicaverunt
3281 5705 3548 5770 altare,“
