4024 6362
502 369 565 430 Si
1505 375 1561 433 S.
1600 376 1851 434 ADONIS
1888 376 2319 437 ARCHIEPISC.
2361 374 2765 442 VIENNENSIS
3709 390 3784 453 δὲ

509 506 540 543 a
567 488 745 560 primo
763 487 849 545 die
874 489 1077 546 mensis
1101 488 1343 559 ejusdem
1371 499 1658 561 coeperunt
1690 487 1887 547 offerre
1941 487 2091 549 holo-
2118 501 2169 558 Α
2195 509 2386 551 versus
2415 495 2678 554 Graeciam
2717 507 3079 570 pugnaturus,
3110 500 3448 574 septingenta
3485 505 3654 562 millia
3684 524 3779 564 ar-

505 589 755 636 caustum
786 580 1033 636 Domino.
1056 582 1212 637 Anno
1232 582 1674 639 autem‘secundo
1694 583 1958 639 adventus
1983 584 2088 651 sui,

506 686 695 727 mense
742 673 1000 739 secundo,
1029 674 1213 745 templi
1246 674 1593 730 fundamenta
1624 672 1914 743 iecerunt;
1948 691 2091 732 anno

506 763 840 829 incensionis
861 764 997 834 ejus,
1023 765 1180 836 juxta
1219 764 1555 834 Africanum,
1585 769 1981 841 septuagesimo
2007 784 2092 825 se-

502 854 712 920 cundo;
741 855 896 925 juxta
924 866 1105 914 autem
1126 857 1393 913 Chronica
1439 856 1679 924 Eusebii,
1711 860 1987 930 trigesimo
2006 873 2090 914 se-

437 950 440 954 ‘
503 945 720 1012 wndo;
751 948 846 1004 sed
874 948 1289 1018 impedientibus
1320 948 1698 1014 Samaritanis,
1721 949 2089 1004 intermissum

501 1045 588 1091 est
612 1051 749 1107 opus
774 1054 943 1109 usque
967 1039 1035 1092 ad
1063 1053 1264 1093 annum
1289 1038 1437 1093 Darii
1461 1039 1784 1101 secundum,
1811 1039 1902 1109 qui
1925 1038 2088 1094 etiam

501 1128 556 1181 in
582 1141 749 1199 regno
777 1128 997 1195 Assueri
1026 1137 1082 1183 et
1101 1128 1421 1184 Artaxerxis
1477 1129 1813 1199 scripserunt
1863 1142 2088 1184 accusa-

502 1219 704 1274 tionem
730 1205 1016 1275 adversum
1053 1219 1301 1287 .ludzeos;
1355 1230 1410 1275 et
1432 1221 1710 1291 rescripsit
1758 1220 2090 1276 Artaxerxes

502 1323 570 1362 nc
612 1308 975 1365 aediﬁcaretur
1017 1310 1375 1371 Hierusalem.
1416 1310 1780 1367 Romanorum
1828 1311 2089 1380 septimus

503 1398 812 1470 Tarquiniis
867 1402 1110 1472 regnavit
1182 1402 1340 1457 annis
1394 1401 1612 1473 triginta
1665 1401 1934 1471 quinque;
1992 1402 2085 1471 qui

504 1507 671 1548 causa
723 1492 1000 1564 Tarquinii
1026 1493 1257 1562 junioris
1277 1495 1359 1549 sui
1390 1494 1482 1549 ﬁlii
1515 1493 1605 1563 qui
1633 1493 1937 1548 Lucretiam
1966 1508 2087 1548 cor-

501 1594 743 1656 ruperat,
766 1601 933 1656 reguo
956 1586 1209 1656 expulsus
1238 1595 1341 1642 est.

574 1685 761 1759 [4522]
801 1685 1118 1757 Cambyses,
1149 1686 1275 1759 Cyri
1304 1686 1464 1750 illius,
1496 1686 1656 1742 annis
1693 1695 1836 1742 octo.
1864 1684 1967 1742 Hic
1994 1687 2086 1743 de-

498 1784 643 1831 victa
669 1774 902 1848 λεπριο
930 1785 1178 1832 cunctam
1208 1777 1324 1846 ejus
1355 1776 1668 1845 religionem
1720 1777 2080 1842 abominatus,

2192 596 2490 652 malorum,
2535 595 2592 642 et
2623 597 2868 645 trecenta
2901 589 2969 645 de
3013 590 3250 658 auxiliis,
3294 604 3557 651 rostratas
3597 605 3780 665 autem

2192 687 2356 727 naves
2398 673 2544 729 mille
2572 676 2864 744 ducentas;
2920 681 3201 734 onerarias
3247 690 3426 737 autem
3460 685 3562 738 tria
3610 686 3781 743 millia

2192 776 2416 819 numero
2462 765 2718 822 habuisse
2764 776 3065 836 narratur;
3124 780 3180 825 et
3230 781 3410 828 tamen
3462 775 3659 842 victus,
3706 780 3777 835 ad

2191 853 2420 923 patriam
2448 854 2668 927 refugit.
2704 855 2992 925 Pindarus,
3041 859 3334 931 Sophocles
3386 872 3443 927 et
3486 864 3778 936 Euripides

2191 946 2577 1016 tragtediarum
2617 949 2934 1020 scriptores,
2961 951 3311 1008 celebrantur
3336 955 3598 1028 insignes.
3628 958 3780 1027 Inter

2188 1038 2429 1105 eruditos
2453 1053 2668 1110 quoque
2693 1042 3044 1098 historiarum
3088 1045 3402 1116 scriptores,
3444 1048 3777 1118 Herodotus,

2190 1133 2246 1179 et
2284 1124 2473 1183 Zeusis
2516 1130 2690 1199 pictor
2731 1130 3061 1201 agnoscitur.
3113 1134 3452 1203 Arrabanus,
3497 1140 3781 1210 mensibus

2190 1226 2420 1289 septem,
2451 1219 2707 1277 Socrates
2738 1224 3004 1279 nascitur.
3558 1214 3559 1217 “

2257 1310 2607 1380 Artaxerxes,
2625 1313 2717 1383 qui
2742 1321 2797 1370 et
2819 1313 3186 1387 Longimanus
3212 1320 3371 1376 annis
3394 1322 3777 1396 quadraginta.

2190 1399 2359 1472 llujus
2383 1418 2527 1458 anno
2551 1405 2799 1474 septimo,
2827 1408 3002 1478 prima
3031 1406 3120 1463 die
3137 1409 3339 1464 mensis
3366 1411 3549 1481 primi,
3576 1412 3780 1469 Esdras

2190 1490 2442 1547 sacerdos
2478 1502 2535 1548 et
2555 1494 2732 1550 scriba
2759 1495 2893 1568 legis
2943 1497 3040 1553 Dei
3088 1499 3333 1554 ascendit
3386 1500 3454 1556 de
3495 1501 3780 1574 Babylone

2187 1596 2309 1634 cum
2338 1582 2566 1652 epistola
2596 1586 2762 1656 regis,
2801 1596 2859 1643 et
2885 1588 2940 1643 in
2969 1589 3144 1659 prima
3184 1591 3388 1647 mensis
3417 1593 3594 1662 quinti
3623 1594 3780 1649 venit

2190 1672 2242 1726 in
2273 1672 2610 1730 Hierusalem
2640 1693 2763 1733 cum
2800 1680 2932 1735 viris
2957 1681 3103 1737 mille
3129 1683 3504 1754 septingentis.
3535 1684 3603 1739 Et
3634 1686 3779 1741 inter
3837 1682 3855 1698 ⁸

2188 1765 2290 1820 alia
2330 1776 2548 1823 strenue
2574 1779 2725 1841 gesta
2770 1773 3058 1843 castigavit
3107 1773 3244 1830 ﬁlios
3277 1777 3775 1847 transmigrationis

499 1846 853 1923 caeremonias
877 1866 994 1935 ejus
1020 1876 1076 1922 et
1115 1866 1311 1937 templa
1338 1866 1616 1936 deposuit;
1651 1864 1979 1936 Babylonem
2026 1865 2080 1921 in
2108 1846 2158 1907 Β
2187 1858 2255 1914 ab
2300 1860 2561 1917 uxoribus
2614 1863 2946 1935 alienigenis.
3002 1866 3253 1935 Ejusdem
3305 1883 3446 1922 anno
3484 1846 3776 1938 vicesimo,

500 1959 738 2032 Egypto
766 1960 1075 2016 aediﬁcavit.
1115 1960 1271 2015 Hunc
1317 1961 1466 2014 aiunt
1516 1959 1728 2016 Hebraei
1785 1961 2082 2016 secundum

498 2047 994 2106 Nabuchodonosor
1018 2051 1237 2113 Vocari,
1296 2052 1398 2104 sub
1460 2065 1567 2119 quo
1617 2049 1802 2106 Judith
1857 2051 2082 2107 historia

497 2142 776 2198 scribitur.

571 2230 795 2288 Fratres
829 2234 989 2306 magi.
1041 2234 1316 2291 mensibus
1359 2244 1582 2306 septem.
1615 2235 1775 2292 Jesus
1825 2237 2083 2294 sacerdos

498 2339 729 2398 magnus
754 2336 811 2383 et
839 2330 1091 2399 princeps
1140 2331 1316 2400 gentis
1346 2347 1360 2383 :
1388 2329 1687 2386 Zorobabel
1705 2371 1721 2395 ,
1750 2341 1807 2386 et
1830 2331 2079 2404 Aggzeus,

499 2414 818 2483 Zacharias,
847 2427 905 2473 et
933 2418 1227 2476 Malachias
1250 2423 1526 2493 prophetae
1554 2422 1688 2478 clari
1718 2423 2006 2479 habentur.

570 2506 757 2581 [4350‘]
798 2508 995 2581 Darius
1042 2526 1215 2566 annos
1256 2512 1461 2582 triginti
1514 2526 1631 2568 sex.
1683 2514 1829 2569 Inter
1859 2513 2081 2572 Darium

496 2608 554 2654 et
601 2598 923 2671 Cambysem
960 2617 1218 2671 regnasse
1243 2604 1379 2659 duos
1404 2603 1600 2660 fratres
1630 2621 1817 2677 magos
1841 2607 1897 2662 in
1925 2607 2081 2665 libris

494 2689 889 2747 Chronicorum
922 2693 1258 2762 reperimus;
1300 2709 1489 2749 verum
1524 2694 1587 2750 B.
1632 2694 1996 2768 Hieronymus
2023 2698 2076 2753 in

496 2783 831 2853 expositione
856 2783 1096 2840 Danielis
1127 2785 1339 2851 scribit,
1370 2794 1492 2856 post
1518 2785 1860 2858 Cambysen],
1894 2784 2079 2842 Smer-

496 2875 619 2929 dem
641 2890 858 2946 magum
889 2891 1168 2946 regnasse,
1212 2878 1302 2947 qui
1338 2877 1656 2948 Pantaptem
1704 2878 1867 2933 ﬁliam
1918 2877 2078 2934 Cam-

494 2966 647 3037 bysis
667 2965 821 3021 duxit
842 2981 1090 3022 uxorem.
1118 2967 1220 3033 Qui
1246 2981 1368 3022 cum
1393 2982 1424 3021 a
1459 2975 1662 3037 septem
1686 2967 1857 3039 magis
1885 2966 2081 3024 fuisset

496 3055 735 3120 occisus,
764 3065 821 3111 et
849 3057 903 3111 in
925 3056 1042 3112 loco
1064 3055 1180 3124 ejus
1196 3057 1391 3112 Darius
1412 3057 1738 3128 suscepisset
1763 3057 2075 3127 iruperium,

497 3144 688 3200 eadem
721 3144 986 3216 Pantapte
1033 3146 1212 3216 nupsit
1253 3145 1415 3201 Dario
1442 3186 1458 3212 ,
1507 3156 1565 3202 et
1610 3161 1675 3201 ex
1729 3161 1796 3202 eo
1835 3145 2074 3202 Xerxem

2191 1949 2441 2006 Neemias
2470 1952 2728 2021 pincema
2750 1956 2818 2011 de
2840 1955 2996 2011 Susis
3016 1965 3197 2011 castro
3218 1958 3532 2025 adveniens,
3555 1975 3776 2015 murum

2185 2038 2484 2097 Jerusalem
2518 2042 2909 2116 quinquaginta
2951 2046 3160 2102 duobus
3193 2047 3384 2103 diebus
3423 2049 3685 2115 restituit,
3714 2056 3777 2105 et

2187 2129 2438 2186 ducatum
2467 2133 2614 2203 geutl
2641 2134 2924 2191 duodecim
2948 2137 3104 2192 annis
3134 2139 3380 2208 praebuit.

2254 2222 2546 2294 llucusque
2566 2225 2748 2281 divina
2779 2226 3058 2298 Scriptura
3094 2239 3395 2302 temporum
3415 2232 3613 2290 seriem
3641 2250 3777 2291 con-

2185 2314 2338 2370 tinet.
2365 2314 2493 2382 Qua:
2515 2331 2643 2372 vero
2677 2320 2916 2388 posthaec
2938 2322 3078 2391 apud
3102 2320 3323 2379 Judzeos
3339 2336 3467 2380 sunt
3492 2335 3664 2398 gesta,
3700 2330 3776 2382 de

2182 2405 2338 2460 libris
2388 2404 2856 2475 Macbabreorum,
2912 2421 2967 2466 ct
3012 2411 3252 2484 Iosephi,
3288 2423 3475 2485 atque
3524 2417 3773 2473 Africani

2183 2495 2400 2566 scriptis
2419 2497 2763 2562 exhibentur,
2811 2502 2902 2571 qui
2930 2502 3188 2575 deinceps
3238 2505 3543 2561 universam
3594 2508 3773 2564 histo-

2184 2586 2320 2642 riam
2349 2603 2520 2660 usque
2539 2590 2606 2644 ad
2653 2590 2896 2648 Romana
2928 2602 3174 2665 tempora
3220 2598 3493 2667 persecuti
3521 2608 3667 2654 sunt.
3698 2599 3775 2656 Et

2181 2679 2399 2750 quidem
2453 2679 2742 2738 Africanus
2785 2684 2839 2739 in
2884 2684 3074 2756 quinto
3103 2687 3428 2758 Temporum
3472 2690 3768 2757 volumine,

2184 2770 2340 2841 hujus
2371 2775 2628 2842 temporis
2653 2775 2727 2829 ita
2767 2778 3057 2843 meminit;
3089 2780 3289 2834 mansit
3328 2780 3511 2850 itaque
3556 2782 3762 2851 imper-

2178 2861 2381 2918 fectum
2404 2877 2548 2928 opus
2570 2879 2745 2934 usque
2769 2867 2837 2923 ad
2856 2856 3226 2935 Neemiam,et
3246 2871 3564 2943 vigesimum
3608 2873 3773 2943 quin-

2181 2962 2295 3010 tum
2344 2971 2545 3012 annum
2600 2958 2744 3029 regis
2788 2959 3131 3014 Artaxerxis.
3174 2959 3292 3027 Quo
3337 2970 3579 3033 tempore
3614 2964 3771 3035 regni

2180 3045 2490 3113 Persarum,
2521 3057 2739 3104 centum
2769 3058 2826 3105 et
2876 3051 3211 3121 quindecim,
3234 3053 3363 3108 anni
3403 3040 3622 3111 fuerant
3641 3071 3775 3111 evo-

2181 3136 2300 3191 luti.
2324 3136 2666 3209 Captivitatis
2701 3149 2881 3196 autem
2920 3139 3218 3197 Jerusalem
3260 3145 3588 3201 centesimus
3608 3146 3775 3216 quin-

494 3235 666 3291 ﬁlium
713 3236 918 3307 genuit.
971 3235 1221 3293 Secundo
1257 3252 1400 3291 anno
1426 3237 1596 3302 Darii,
1642 3238 2075 3308 septuagesimi]:
2104 3222 2149 3284 C
2181 3230 2525 3301 quagesimus
2550 3240 2606 3287 et
2630 3233 2852 3303 quintus
2879 3249 3056 3290 annus
3083 3243 3241 3302 erat;
3273 3245 3331 3291 et
3358 3245 3487 3293 tunc
3530 3238 3770 3308 primum

495 3328 824 3398 captivitatis
843 3327 1175 3385 Hierusalem
1200 3344 1375 3384 annus
1395 3329 1666 3400 impletur,
1696 3339 1755 3384 ut
1775 3329 1889 3385 vult
1907 3328 2075 3385 Euse-

495 3417 636 3483 bius,
668 3426 860 3475 testem
884 3419 1146 3476 adhibens
1172 3419 1497 3476 Zachariam
1550 3422 1886 3491 praphetam,
1932 3422 2075 3492 apud

496 3523 659 3578 quem
701 3511 938 3566 secundo
968 3511 1109 3566 Darii
1148 3527 1292 3567 anno
1321 3512 1559 3582 loquitur
1572 3512 1795 3583 angelus
1817 3529 1831 3566 :
1857 3511 2075 3567 Domine

493 3599 838 3665 exercituum,
868 3617 1133 3673 usquequo
1161 3612 1218 3656 tu
1246 3618 1350 3657 non
1373 3602 1697 3659 misereberis
1718 3601 2072 3669 Hierusalem,

493 3700 542 3744 et
569 3692 776 3746 urbium
800 3690 839 3745 Ι
843 3692 948 3746 uda
967 3694 1155 3764 quibus
1191 3694 1362 3750 iratus
1404 3696 1500 3751 es?
1530 3694 1636 3750 Isle
1662 3696 2071 3767 septuagesimus

493 3800 666 3838 anuus
693 3794 769 3839 est
817 3783 1003 3855 (Zach.
1035 3804 1075 3852 ι,
1123 3786 1239 3856 12).
1271 3787 1439 3843 Sexto
1489 3788 1636 3843 Darii
1690 3804 1833 3843 anno
1887 3789 2068 3860 templi

493 3873 780 3928 aediﬁcatio
807 3874 1130 3945 completur,
1154 3876 1243 3932 die
1273 3877 1430 3931 tertia
1452 3878 1659 3933 mensis
1681 3877 1850 3943 Adar,
1876 3880 1967 3948 qui
1989 3889 2074 3934 est

494 3965 944 4035 quadragesimus
971 3975 1157 4022 sextus
1190 3980 1368 4022 annus
1401 3982 1470 4023 ex
1499 3983 1608 4038 quo
1633 3967 1750 4038 ejus
1795 3968 1896 4024 sub
1931 3968 2074 4040 Cyro

493 4054 678 4123 templi
725 4054 1072 4110 fundamenta
1101 4065 1228 4111 sunt
1269 4055 1448 4125 jacta;
1490 4058 1634 4113 unde
1686 4058 1739 4113 in
1785 4058 2074 4129 Evangelio

492 4147 682 4202 dicunt
728 4145 895 4202 Judaei
927 4167 941 4202 :
977 4147 1344 4221 Quadraginta
1380 4160 1428 4205 et
1456 4165 1548 4205 se:
1575 4152 1728 4206 anuis
1755 4150 2073 4220 wdiﬁcatum

492 4248 569 4293 est
601 4239 849 4310 (emplum
877 4240 973 4295 hoc
996 4240 1178 4313 (Joan.
1209 4258 1270 4307 ιι,
1302 4242 1727 4315 20).C(eperunt
1748 4252 1930 4299 autem
1953 4243 2077 4299 aedi-

2177 3319 2511 3377 Artaxerxes
2563 3320 2730 3391 jussit
2779 3339 2973 3380 muros
3013 3325 3193 3380 extrui
3234 3324 3569 3394 Jerusalem;
3612 3328 3772 3397 operi

2179 3412 2394 3483 prefuit
2421 3412 2693 3481 Neemias,
2714 3423 2769 3470 et
2797 3415 3068 3472 aediﬁcata
3079 3425 3163 3472 est
3185 3417 3383 3490 platea,
3423 3428 3480 3474 et
3500 3419 3639 3474 muri
3660 3420 3778 3475 cir-

2178 3502 2452 3570 cumdati;
2501 3513 2672 3564 et_ex
2721 3504 2812 3560 illo
2856 3514 3102 3577 tempore
3148 3506 3193 3561 si
3244 3521 3531 3563 numerare
3590 3509 3767 3569 velis.

2178 3593 2516 3663 septuaginta
2543 3609 2809 3649 annorum
2831 3595 3202 3650 hebdomadas
3212 3611 3383 3664 usque
3401 3597 3469 3651 ad
3484 3596 3771 3654 Christum

2181 3685 2383 3753 poteris
2433 3684 2692 3740 invenire.
2738 3684 2949 3740 Xerxes
2995 3699 3209 3739 menses
3259 3684 3431 3752 duos,
3474 3694 3767 3758 postquam

2182 3772 2485 3844 Sogdianus
2546 3788 2760 3829 menses
2812 3782 3039 3844 septem.
3103 3772 3457 3844 Hippocrates
3519 3775 3764 3832 medicus

2177 3864 2356 3918 clarus
2402 3864 2669 3929 habetur,
2736 3873 2791 3919 et
2844 3864 3188 3920 Democritus
3243 3866 3576 3936 agnoscitur.
3642 3866 3767 3934 Quo

2180 3961 2421 4023 tempore
2475 3952 2614 4007 Galli
2665 3952 2908 4008 Senones
2957 3962 3015 4008 et
3067 3952 3431 4022 Viennenses,
3467 3957 3656 4014 Martis
3706 3968 3766 4014 et

2180 4048 2429 4105 Victoria:
2459 4048 2716 4119 templum
2746 4049 2814 4104 ad
2843 4050 3108 4105 orientem
3141 4051 3291 4107 urbis
3314 4052 3536 4108 Viennae
3561 4055 3767 4109 consti-

2178 4149 2353 4195 tuunt.

2249 4234 2435 4308 [4428]
2474 4235 2668 4292 Darius
2714 4246 3074 4308 cognomento
3103 4235 3348 4302 Nothus,
3379 4238 3536 4292 annis
3564 4238 3761 4309 viginti

493 4331 660 4385 ticare
684 4344 828 4384 anno
846 4331 1082 4387 secundo
1115 4332 1284 4398 Darii,
1303 4348 1489 4389 mense
1509 4342 1683 4400 sexto,
1707 4334 1795 4390 die
1808 4333 2069 4406 vigesima
2175 4339 2234 4387 et
2253 4339 2400 4386 octo.
2434 4327 2703 4400 Egyptus
2727 4329 2955 4384 recessit
2984 4344 3014 4382 a
3032 4327 3234 4384 Persis.
3272 4328 3613 4385 Reversisde
3633 4346 3764 4401 cap-

495 4432 725 4491 quarta;
751 4432 809 4476 et
828 4435 971 4476 anno
999 4430 1176 4488 sexto,
1198 4430 1259 4477 ut
1286 4423 1488 4478 dictum
1513 4432 1617 4488 est,
1647 4432 1704 4478 et
1730 4437 1917 4479 mense
1941 4422 2076 4478 duo-
2180 4420 2388 4476 tivitatc
2417 4417 2640 4484 Iudaeis,
2672 4435 2778 4475 non
2809 4434 2982 4490 reges,
3006 4417 3102 4474 sed
3127 4417 3411 4488 pontiﬁces
3430 4417 3764 4489 praefuerunt

492 4514 724 4578 decimo,
771 4514 926 4567 tertia
977 4514 1066 4569 die
1111 4514 1535 4586 compleverunt.
1587 4514 1667 4569 Ex
1714 4530 1824 4586 quo
1852 4521 2077 4585 apparet
2102 4579 2143 4586 _
2176 4528 2348 4583 usque
2372 4513 2440 4568 ad
2465 4511 2858 4576 Aristobulum,
2882 4511 2974 4581 qui
3014 4525 3140 4566 cum
3182 4510 3443 4582 dignitate
3486 4510 3762 4582 pontiﬁcis

490 4618 628 4673 opus
662 4602 844 4672 templi
873 4612 928 4658 et
953 4614 1109 4659 antea
1137 4579 1252 4660 non.
1269 4620 1429 4675 parva
1454 4620 1522 4659 ex
1561 4613 1714 4675 parte
1733 4579 2066 4676 pera-ctum;
2102 4579 2153 4639 Π
2176 4579 2342 4665 etiam
2373 4608 2553 4681 regale
2583 4609 2685 4664 sibi
2735 4579 3192 4679 erepit—usurpare
3217 4579 3558 4664 vocabulum.
3605 4603 3765 4659 Plato

491 4710 665 4750 annos
678 4703 856 4749 autem
877 4695 1212 4765 septuaginta
1228 4713 1256 4749 ει
1280 4697 1645 4752 destructione
1663 4695 1807 4752 illius
1819 4711 1992 4766 usque
2001 4696 2072 4752 ad

488 4785 788 4856 perfectam
836 4786 1172 4840 restaurandi
1206 4786 1478 4840 licentiam
1519 4801 1641 4842 esse
1662 4785 2070 4856 computandas.

562 4875 739 4930 Pulsis
768 4876 902 4930 urbe
930 4876 1168 4946 regibus,
1196 4877 1287 4945 qui
1329 4877 1727 4946 impcraverant
1771 4876 1929 4931 annis
1968 4877 2071 4931 du-

486 4966 667 5020 centis
699 4965 1056 5035 quadraginta
1089 4975 1338 5035 quatuor,
1371 4966 1461 5019 vix
1501 4980 1669 5035 usque
1710 4965 1778 5019 ad
1822 4964 2074 5021 duodeci-

492 5071 642 5111 mum
672 5056 903 5127 lapidem
946 5056 1115 5114 Roma
1147 5057 1363 5112 tenebat
1390 5056 1695 5127 imperium.
1737 5056 1923 5111 Romae
1949 5063 2073 5126 post

489 5157 716 5205 exactos
746 5164 902 5220 reges
927 5150 1160 5219 primum
1190 5149 1442 5205 consules
1480 5166 1511 5203 a
1541 5149 1710 5204 Bruto
1738 5162 1860 5204 esse
1886 5161 2068 5218 coepe-

463 5253 655 5308 'runt;
692 5243 887 5298 deinde
913 5243 1113 5297 tribuni
1143 5241 1314 5312 plebis
1352 5258 1418 5296 ac
1438 5242 1745 5302 dictatores.
1775 5250 1832 5294 et
1857 5255 2070 5295 rursum

462 5356 467 5361 ι
491 5334 741 5391 consules
763 5347 977 5405 semper
1000 5333 1369 5396 obtinuerunt,
1408 5348 1506 5401 per
1531 5348 1702 5387 annos
1731 5331 1900 5387 ferme
1935 5346 2071 5401 qua-

490 5426 808 5496 dringentos
834 5424 1110 5493 sexaginta
1155 5432 1387 5491 quatuor
1417 5437 1587 5491 usque
1620 5422 1686 5476 ad
1716 5420 1914 5477 Julium
1957 5421 2073 5477 Cae—

492 5534 707 5581 sarem,
768 5518 859 5588 qui
910 5517 1119 5588 primus
1163 5517 1437 5587 singulare
1484 5517 1717 5586 arripuit
1763 5517 2069 5587 imperium,

493 5609 807 5680 Olympiade
836 5610 1129 5665 centesima
1159 5609 1487 5680 octogesima
1516 5618 1731 5677 quarta.

563 5700 751 5774 [4550]
787 5702 1033 5766 Xerxes,
1091 5700 1231 5755 ﬁlius
1278 5701 1447 5764 Darii,
1499 5702 1658 5756 annis
1706 5700 1917 5769 viginti.
1970 5701 2067 5758 llic

492 5794 808 5866 Aigyptum,
857 5811 976 5866 qtue
1021 5813 1049 5847 ει
1082 5794 1235 5848 Dario
1265 5795 1604 5855 discesserat.
1648 5794 1812 5866 capit,
1867 5802 1922 5848 et
1975 5795 2063 5849 ade

2176 4700 2439 4756 nascitur.

2250 4787 2437 4861 [4446]
2467 4788 2800 4843 Artaxerxes
2830 4785 2920 4855 qui
2943 4786 3352 4856 cognominatus
3381 4794 3465 4841 est
3486 4782 3760 4845 Mnemon,

2178 4880 2327 4935 Darii
2382 4887 2439 4934 et
2490 4876 2751 4933 Parisatis
2800 4877 2942 4932 ﬁlius
3003 4878 3163 4932 annis
3212 4877 3590 4949 quadraginta.
3645 4874 3761 4930 Sub

2181 4975 2286 5030 hoc
2337 4987 2465 5043 rege
2516 4970 2731 5025 videtur
2782 4971 3004 5025 historia
3039 4970 3239 5026 Esther
3283 4970 3593 5040 completa;
3646 4968 3762 5039 ipse

2176 5064 2375 5135 quippe
2394 5071 2480 5119 est
2492 5060 2584 5131 qui
2606 5062 2674 5113 ab
2691 5060 2930 5115 Hebraeis
2952 5060 3243 5126 Assuerus,
3260 5076 3290 5114 a
3310 5058 3658 5129 Septuaginta
3674 5058 3761 5111 in-

2173 5151 2498 5223 terpretibus
2520 5149 2850 5207 Artaxerxes
2882 5159 3126 5205 vocatur.
3149 5150 3507 5205 Athenienses
3526 5154 3763 5219 quatuor

2174 5252 2230 5300 et
2260 5243 2449 5314 viginti
2493 5242 2707 5298 litteras
2732 5241 2932 5297 habere
2961 5249 3271 5311 cmperunt;
3301 5249 3427 5296 ante
3458 5239 3603 5295 enim
3639 5251 3762 5293 tan-

2174 5342 2290 5390 tum
2317 5334 2590 5390 sexdecim
2618 5333 2909 5389 habebant.
2926 5332 3060 5388 Galli
3086 5332 3499 5397 Senones,duce
3521 5329 3756 5392 Brenno,

2174 5425 2415 5481 exercitu
2451 5424 2670 5494 copioso
2702 5423 2927 5479 Romam
2952 5423 3234 5486 invadunt,
3268 5432 3323 5477 et
3345 5423 3628 5477 incensam
3661 5434 3757 5474 sex

2174 5514 2454 5572 mensibus
2475 5523 2842 5570 vastaverunt.
2868 5513 3188 5571 Universum
3207 5511 3569 5580 juventutem,
3590 5526 3757 5582 quam

2174 5613 2389 5661 constat
2407 5605 2499 5659 vix
2529 5604 2674 5662 mille
2700 5605 2979 5661 hominum
2999 5612 3129 5659 tunc
3152 5603 3342 5670 fuisse,
3366 5604 3419 5658 in
3442 5617 3570 5658 arce
3593 5602 3757 5673 Capi-

2180 5696 2326 5752 tolini
2350 5697 2571 5764 montis,
2597 5697 2899 5753 latitantem
2953 5695 3233 5753 obsidione
3268 5695 3625 5772 concludunt;
3650 5694 3755 5749 ibi-

2174 5804 2279 5859 que
2337 5787 2581 5846 infelices
2631 5788 2884 5859 reliquias
2923 5785 3088 5853 fame,
3129 5796 3306 5858 peste,
3356 5785 3752 5857 desperatione,
