4024 6362
308 195 382 260 ss
954 160 967 169 ’
1383 194 1802 257 eanostcos-
1838 224 1907 234 -
1945 192 2152 248 .eras
2190 193 2467 262 coma.
3517 194 3584 244 ιιι

305 316 602 374 formidine
626 322 850 375 terrent.
884 314 1162 387 subigunt,
1207 313 1463 369 vendunt.
1500 311 1637 367 Nam
1663 307 1809 364 mille
1830 308 1898 362 li—
1928 310 1976 369 Α
2005 321 2218 375 quoque
2238 316 2331 362 sex
2359 316 2414 361 et
2456 308 2641 379 viginti
2669 307 2960 373 interfecti,
3013 318 3230 364 centum
3260 318 3308 363 et
3353 290 3585 379 quater:

304 412 443 467 bras
469 408 588 463 auri
618 408 968 463 discessionis
1010 406 1246 477 pretium
1288 405 1665 475 paciscuntur;
1701 400 1901 456 tribuni

303 502 577 559 militares
625 517 722 571 pro
760 499 1072 555 consulibus
1113 512 1233 553 esse
1277 503 1579 568 coeperunt.
1612 492 1900 561 Carthagi-

305 595 569 652 nensium
626 594 823 649 bellum
856 593 1418 649 formidolosissimum
1452 591 1789 654 inchoatum,
1813 587 1905 642 Li-

304 687 404 741 vio
434 685 675 741 consule.
714 684 913 739 Navale
936 683 1178 754 praelium
1227 699 1348 739 cum
1375 681 1638 738 Annibale
1690 681 1904 736 seniore

306 777 690 833 conmissum.
730 774 972 844 Triginta
1001 782 1058 827 et
1088 789 1193 828 una
1220 786 1385 827 naves
1402 770 1681 826 Annibalis
1707 777 1900 839 captat,

308 868 506 940 viginti
557 882 768 930 mersae,
818 867 922 921 tria
980 866 1145 921 millia
1168 865 1448 921 hominum
1468 863 1668 927 occisa,
1695 869 1901 932 septem

310 959 487 1014 millia
507 969 689 1027 capta.
715 956 950 1012 Annibal
978 956 1176 1028 scapha
1203 955 1499 1011 subductus
1513 952 1739 1024 aufugit.
1772 951 1902 1007 Caio

308 1046 573 1118 Aquilino
606 1045 791 1109 Floro,
814 1044 982 1099 Lucio
1008 1041 1260 1099 Cornelio
1288 1040 1541 1110 Scipione
1565 1037 1899 1103 consulibus,

310 1139 578 1194 Hannone
609 1137 665 1192 in
700 1136 877 1192 locum
918 1133 1201 1190 Annibalis
1226 1134 1552 1203 imperatore
1577 1129 1898 1198 subrogato,

310 1232 495 1291 navali
544 1230 731 1301 prmlio
775 1230 973 1289 vietus.
1017 1227 1259 1283 exercitu
1292 1225 1526 1287 amisso,
1569 1223 1681 1294 ipse
1710 1220 1902 1277 Hanno

310 1321 737 1378 confertissimis
764 1319 1013 1375 hostibus
1039 1332 1101 1372 se
1127 1315 1443 1380 immiscuit,
1477 1314 1659 1383 ibique
1684 1311 1901 1367 occisus

314 1419 420 1468 est.
446 1402 680 1465 Annibal
710 1407 893 1463 senior
922 1422 951 1461 a
1004 1403 1521 1474 Carthaginensibus
1564 1401 1759 1457 iterum
1797 1401 1901 1456 im-

311 1509 553 1574 perator,
578 1497 868 1554 infeliciter
894 1511 1019 1552 cum
1044 1494 1306 1550 Romanis
1350 1494 1528 1549 navali
1559 1492 1742 1563 przelio
1770 1506 1901 1547 conc

314 1608 555 1664 gressus,
583 1599 642 1646 et
664 1590 862 1654 victus,
900 1586 1167 1644 seditione
1214 1598 1435 1641 suorum
1463 1582 1727 1659 lapidibus
1771 1597 1900 1637 coo-

2006 399 2166 467 capti,
2195 399 2462 455 Asdrubal
2504 418 2625 456 cum
2649 402 2836 472 paucis
2861 402 3156 475 Lilybaeum
3196 404 3452 476 profugit.
3481 404 3585 458 11*-

2006 490 2187 557 gulus,
2205 492 2296 561 qui
2318 508 2414 563 per
2427 494 2852 565 quinquennium
2875 496 3117 566 captivus
3139 498 3545 563 delinchatur,‘a
3571 502 3583 551 l

2005 597 2192 652 pacem
2224 586 2506 654 petendam
2532 585 2754 640 Romam
2774 586 2989 653 missus,
3017 606 3121 645 non
3151 590 3430 658 impetrata
3456 608 3587 661 pem

2007 688 2275 733 reversus.
2312 676 2535 729 resectis
2554 677 2847 746 palhcbris,
2872 679 2924 733 in
2944 680 3193 735 machina
3221 681 3490 752 religatus.
3510 684 3583 734 v2-

2004 762 2221 831 gilando
2233 781 2262 818 a
2278 763 2791 835 carthaginensihus
2806 784 2933 824 ueca
2943 777 3045 824 tur.
3062 770 3258 825 Attilus
3273 771 3509 842 Regulus
3530 794 3556 825 ι·
3570 787 3594 824 ι·

2005 852 2232 910 Manlius
2260 871 2400 912 coss.
2429 857 2557 913 victi
2581 859 2649 914 ab
2671 859 2935 917 Annibale
2955 861 3239 919 Aniilcaris
3256 864 3382 927 filio,
3405 868 3551 935 perdi
3568 899 3586 905 -

2004 953 2057 997 ta
2102 946 2374 1003 exercitus
2422 956 2606 1019 parte,
2648 950 2737 1007 vix
2790 967 2932 1024 aegre
2980 965 3290 1011 evaserunt.
3333 956 3587 1011 Claudiis

2002 1036 2252 1092 consula
2292 1039 2466 1095 classe
2518 1039 2808 1096 Pmnorum
2840 1053 3144 1116 superatus,
3208 1063 3330 1102 cum
3367 1047 3585 1118 triginza

2002 1127 2230 1183 navibus
2255 1127 2548 1200 Lilybzcum
2582 1132 2634 1185 in
2679 1143 2859 1188 castra
2918 1134 3197 1206 confugit;
3248 1145 3371 1192 octo
3421 1139 3586 1191 millia

2002 1218 2232 1274 militum
2280 1236 2442 1285 carsa,
2476 1222 2692 1289 triginta
2746 1237 2903 1295 capta
2944 1226 3268 1283 referuntur.
3308 1227 3590 1284 Luctatius

2002 1310 2189 1368 consul
2227 1327 2349 1368 cum
2394 1312 2653 1370 Hannone
2686 1316 2909 1372 navibus
2948 1318 3233 1374 decertans
3266 1329 3499 1389 quatuor
3540 1334 3587 1368 et

2003 1406 2280 1476 sexaginta
2325 1406 2554 1463 Punicas
2584 1426 2749 1466 naves
2795 1411 2984 1480 coepit,
3016 1421 3230 1467 centum
3267 1421 3321 1468 et
3368 1413 3587 1483 trigint:

2004 1494 2297 1563 demersit;
2332 1499 2545 1568 triginta
2578 1500 2684 1555 duo
2731 1501 2895 1556 millia
2933 1503 3212 1557 hominum
3243 1514 3417 1573 capta,
3450 1522 3547 1559 cae.»
3578 1526 3587 1553 l

2001 1595 2237 1656 quatuor
2289 1589 2453 1643 millia
2506 1590 2677 1645 fuere.
2746 1590 2936 1648 Hanno
2994 1610 3184 1648 navczn
3244 1604 3588 1649 antevortar,

317 1693 505 1756 pertus
549 1683 774 1739 interiit.
824 1680 1074 1752 Carpeno
1120 1680 1479 1751 imperatore,
1529 1687 1585 1735 et
1636 1678 1899 1733 Hannone
1929 1680 1974 1740 B
2002 1675 2230 1746 aufugit,
2258 1676 2539 1734 Luctatius
2568 1681 2633 1733 ad
2668 1680 2954 1752 Erycinam
2990 1683 3263 1737 civitatem
3296 1683 3400 1737 duo
3430 1683 3534 1736 inii:
3565 1706 3590 1736 .t

312 1775 480 1831 classi
494 1773 776 1846 praefecto,
806 1774 999 1830 iterum
1024 1771 1478 1842 Carthaginenses
1493 1776 1742 1825 conserto
1764 1782 1901 1840 pra:-

312 1866 391 1922 lio
409 1882 533 1922 cum
560 1866 842 1931 Romanis,
867 1864 1144 1936 sexaginta
1169 1872 1226 1918 et
1252 1871 1486 1933 quatuor
1526 1876 1691 1917 naves
1716 1859 1900 1931 perdi-

317 1956 536 2010 derunt.
569 1954 836 2011 Trecenta
884 1961 1033 2009 eteo
1076 1952 1307 2023 amplius
1355 1950 1575 2006 castella
1621 1949 1896 2020 populata.

314 2046 512 2103 Manlio
545 2047 789 2111 consule,
823 2054 1027 2116 septem
1067 2053 1123 2100 ct
1151 2044 1337 2115 viginti
1370 2043 1538 2103 millia
1565 2042 1897 2113 captivorum

313 2154 436 2192 cum
462 2137 769 2209 ingentibus
791 2137 975 2206 spoliis
1000 2150 1067 2192 ex
1092 2136 1276 2191 Africa
1322 2135 1546 2189 Romam
1570 2134 1741 2189 missi.
1768 2131 1899 2189 Ser-

312 2244 447 2298 pens
467 2228 620 2283 mine
648 2227 1030 2298 magnitudinis
1053 2234 1273 2282 centum
1301 2226 1490 2297 viginti
1515 2224 1733 2296 pedum,
1756 2223 1899 2280 haud

312 2318 500 2387 procul
524 2332 556 2371 a
576 2316 795 2372 ﬂumine
821 2316 1056 2388 Bagada,
1090 2316 1144 2371 in
1172 2315 1355 2370 Africa
1383 2332 1412 2370 a
1446 2314 1652 2383 Regulo
1678 2314 1900 2369 consule

316 2408 605 2463 occiditur.
624 2408 926 2463 Asdrubale
947 2419 1003 2463 et
1024 2407 1296 2463 Amilcare
1323 2406 1762 2476 imperatoribus,
1795 2405 1900 2460 Re-

321 2498 449 2569 gulo
473 2497 708 2562 consule,
740 2497 1142 2555 atrocissimum
1172 2496 1368 2552 bellum
1420 2504 1632 2566 gestum
1686 2495 1739 2550 in
1790 2509 1899 2561 quo

324 2602 466 2643 causa
490 2597 614 2643 sunt
636 2570 1134 2661 Carthaginiensium
1166 2587 1351 2642 decem
1383 2597 1436 2640 et
1461 2596 1667 2656 septem
1708 2584 1895 2648 millia,

319 2686 479 2749 capta
516 2678 748 2749 quinque
775 2678 963 2733 millia.
994 2676 1274 2747 Elephanti
1305 2678 1488 2731 decem
1511 2684 1636 2730 octo
1658 2674 1896 2729 abducti.

315 2770 524 2843 Oppida
545 2771 818 2842 octoginta
844 2779 902 2826 et
941 2770 1049 2825 duo
1070 2770 1127 2824 in
1150 2768 1479 2822 deditionem
1501 2781 1735 2822 cessere.
1766 2766 1900 2821 Car-

316 2859 665 2930 thaginenses
712 2858 1090 2931 Hispanorum,
1132 2855 1432 2922 Gallorum,
1461 2856 1554 2911 sed
1580 2864 1635 2909 et
1678 2854 1898 2911 Gnaeo-

315 2966 435 3004 rum
480 2951 687 3006 auxilio
737 2957 1069 3021 comparato,
1122 2948 1434 3017 Xanthippo
1485 2946 1897 3002 Lacedaamonio

2003 1766 2508 1839 Carthaginensium
2543 1780 2792 1825 conserta
2824 1786 3000 1843 pugna
3029 1773 3317 1828 interfecit.
3360 1774 3555 1827 Carti..:
3588 1809 3594 1813 .

2002 1860 2254 1932 ginenses
2304 1876 2365 1917 ea
2392 1862 2703 1918 conditione
2737 1863 3103 1933 paciscuntur,
3156 1876 3213 1918 ut
3243 1864 3427 1919 Sicilia
3464 1865 3533 1916 Sa
3561 1884 3567 1891 -

2001 1949 2255 2020 diniaque
2284 1951 2624 2017 decederent,
2664 1962 2715 2006 et
2754 1952 2871 2021 puri
2920 1954 3126 2024 argenti
3171 1954 3269 2008 tria
3305 1953 3470 2008 millia
3510 1966 3555 2005 ιι

2000 2044 2269 2099 lcntorum
2293 2045 2467 2113 atquis
2518 2043 2868 2113 pensionibus
2900 2062 2995 2115 per
3041 2062 3214 2100 annos
3243 2047 3427 2115 viginti
3464 2065 3494 2116 p
3534 2089 3541 2097 .
3570 2079 3593 2086 ι-

2000 2133 2210 2189 derent.
2254 2132 2385 2189 Post
2421 2150 2591 2189 annos
2624 2146 2734 2190 tres
2763 2143 2818 2190 et
2871 2135 3062 2206 viginti
3101 2135 3298 2190 bellum
3330 2137 3496 2191 Punic
3541 2157 3551 2188 :
3580 2160 3589 2187 ι

1999 2224 2233 2295 primum
2261 2240 2326 2278 ex
2350 2240 2456 2296 quo
2487 2224 2792 2279 inchoatum
2824 2223 3020 2289 fuerat,
3066 2225 3296 2279 liuitinn.
3327 2226 3506 2279 Aristo
3539 2269 3545 2275 .
3575 2258 3590 2264 -

2001 2313 2081 2369 les
2109 2322 2360 2369 octavum
2390 2314 2659 2370 decimum
2681 2315 2857 2369 astatis
2882 2329 3083 2393 annum
3113 2329 3328 2387 gerens.
3351 2313 3518 2370 Plato:
3548 2319 3555 2367 ζ
3580 2349 3591 2364 .

2001 2405 2218 2460 auditor
2243 2414 2345 2461 est.
2880 2455 2885 2465 .

2070 2495 2420 2565 Artaxerxes,
2452 2497 2541 2567 qui
2588 2505 2645 2552 et
2671 2496 2852 2553 Ochus
2896 2497 3053 2552 annis
3076 2514 3169 2563 sex
3199 2506 3255 2552 et
3278 2498 3461 2567 viginti
3496 2517 3524 2565 ιξ
3574 2500 3585 2553 i

2001 2587 2279 2643 discedere
2307 2588 2375 2643 ab
2416 2588 2613 2652 armis,
2645 2596 2701 2643 et
2728 2588 3009 2658 quiescere
3041 2589 3093 2641 in
3121 2604 3251 2658 pace
3280 2589 3546 2641 universa:
3577 2614 3589 2635 ι

2000 2678 2265 2735 Crateiam
2314 2694 2411 2750 per
2439 2678 2658 2751 legatos
2687 2680 2937 2749 praecepit
2964 2719 2979 2743 ,
3013 2680 3337 2734 denuntians
3377 2689 3591 2734 cont::..

2000 2766 2263 2824 dictorem
2292 2769 2442 2839 pacis
2487 2768 2626 2824 bello
2649 2768 3033 2839 impeteudum.
3090 2768 3294 2823 Bellum
3326 2770 3483 2825 civile
3536 2792 3546 2821 ι
3577 2785 3591 2820 2.

2002 2860 2285 2932 plusquam
2305 2859 2463 2916 civile
2488 2859 2627 2929 apud
2643 2860 2836 2914 Persas
2855 2867 3083 2930 gestum,
3114 2860 3540 2914 CUIllAI‘L‘lXCl'M
3573 2890 3597 2909 ς

2002 2959 2057 3003 et
2082 2947 2287 3021 Cyrus,
2343 2949 2436 3004 lilii
2472 2949 2638 3014 Darii,
2674 2950 2739 3003 de
2768 2963 2933 3021 regno
2978 2950 3346 3021 ambigerem;
3397 2952 3449 3004 in
3485 2970 3516 3020 i;
3562 2974 3607 2998 τις

314 3058 438 3096 cum
462 3041 681 3097 auxiliis
708 3042 884 3098 accito
906 3056 1140 3113 pugnam
1158 3055 1280 3095 cum
1305 3038 1566 3093 Romanis
1581 3045 1896 3094 conserunt.
1928 3028 1974 3090 C
2006 3039 2256 3095 conﬂictu
2281 3079 2295 3103 ,
2347 3056 2469 3096 cum
2514 3057 2546 3095 e
2579 3040 2792 3096 diverso
2840 3052 3230 3096 concurrentes
3282 3041 3382 3097 sibi
3433 3043 3536 3095 attzi
3582 3065 3613 3092 ι.

314 3132 561 3203 Triginta
593 3132 758 3188 millia
793 3133 1158 3188 Romanorum
1193 3129 1422 3185 militum
1458 3138 1766 3201 prostrata;
1794 3129 1899 3186 Rc-

311 3222 490 3294 gulns,
523 3223 614 3278 ille
645 3224 751 3278 dux
800 3222 994 3278 nobilis
1033 3237 1155 3277 cum
1198 3221 1506 3292 quingentis
1533 3221 1665 3274 viris
1686 3230 1895 3291 captus,

313 3315 370 3368 in
396 3321 620 3368 catenas
648 3310 924 3381 conjectus
946 3319 1052 3367 est.
1102 3310 1322 3366 Decimo
1373 3324 1517 3365 anno
1562 3308 1745 3365 Punici
1775 3308 1897 3365 belli

312 3404 665 3479 Xanthippus
691 3413 801 3459 tam
824 3405 1045 3459 audacis
1065 3402 1193 3460 facti
1221 3402 1493 3465 conscius,
1521 3414 1699 3455 rerum
1733 3402 1900 3455 insta-

310 3498 507 3554 bilium
561 3497 916 3552 mutationem
967 3496 1184 3559 timens,
1237 3509 1304 3551 ex
1332 3493 1512 3547 Africa
1564 3492 1815 3562 migravit
1843 3491 1896 3547 in

312 3589 606 3644 Graeciam.
637 3586 858 3644 Emilio
881 3585 1084 3642 Pacilio
1109 3584 1298 3640 Fulvio
1326 3598 1467 3639 coss.
1500 3581 1732 3637 Romani
1774 3597 1897 3636 cum

291 3681 493 3754 classe
544 3688 912 3737 trecentorum
960 3680 1175 3736 navium
1216 3695 1339 3736 cum
1383 3678 1901 3749 Carthaginensibus

313 3773 434 3844 pari
464 3770 643 3828 classe
667 3780 1059 3827 convenerunt.
1110 3770 1340 3828 Centum
1365 3781 1420 3825 et
1461 3780 1694 3841 quatuor
1733 3784 1901 3824 naves

313 3862 823 3931 Carthaginensium
854 3863 1133 3917 demerste.
1160 3861 1403 3931 Triginta
1440 3876 1562 3915 eum
1589 3859 1902 3933 pugnatori-

286 3955 418 4013 .hus
446 3962 644 4024 captae,
694 3953 914 4024 triginta
936 3961 988 4009 et
1018 3953 1257 4024 quinque
1286 3952 1449 4007 millia
1483 3951 1712 4006 militum
1738 3966 1898 4016 czesa,

313 4057 511 4098 novem
537 4042 761 4096 navibus
797 4042 1163 4097 Romanorum
1194 4041 1486 4111 depressis,
1512 4039 1658 4093 mille
1682 4048 1900 4093 centum

315 4138 582 4193 militibus
610 4137 861 4208 perditis.
889 4136 1148 4190 Hannone
1196 4134 1331 4189 duce
1356 4134 1683 4204 imperatore
1708 4133 1899 4187 Pteuo-

316 4246 460 4294 rum,
484 4228 777 4284 commisso
799 4227 1005 4298 prmlio,
1038 4225 1257 4281 [Emilio
1295 4225 1493 4279 iterum
1524 4221 1768 4285 consule,
1800 4236 1899 4275 no-

315 4337 438 4376 vem
453 4321 621 4376 millia
641 4320 865 4375 militum
884 4318 1247 4391 perdiderunt.
1265 4316 1506 4373 Romana
1520 4314 1708 4369 classis
1722 4314 1788 4368 ad
1803 4313 1898 4368 lla-

2005 3128 2221 3193 fratrcs,
2255 3137 2441 3184 mutuo
2468 3144 2598 3185 casu
2621 3128 2845 3198 subjecti
2878 3129 3121 3195 fuissent,
3162 3131 3309 3201 prior
3332 3132 3530 3186 Artaxr
3559 3151 3571 3186 ᾳ

2004 3236 2100 3276 xes
2130 3221 2441 3277 vulneratus
2463 3236 2493 3275 a
2523 3221 2713 3286 fratre,
2741 3221 2864 3291 equi
2891 3222 3181 3277 velocitate
3211 3224 3368 3279 morti
3400 3240 3590 3278 exeu.»

2003 3322 2126 3384 plus
2150 3312 2359 3379 evasit;
2389 3311 2562 3385 Cyrus
2590 3323 2770 3368 autem
2803 3329 2927 3369 mox
2973 3331 3003 3368 a
3034 3314 3256 3370 cohorte
3309 3315 3455 3387 regia
3498 3334 3595 3385 (ῃ.-

2003 3421 2243 3478 pressus,
2285 3406 2444 3461 linem
2475 3405 2759 3461 certamini
2788 3406 2953 3461 dedit.
3010 3404 3100 3462 Sic
3128 3406 3462 3463 Artaxerxes
3497 3425 3523 3477 ιι
3552 3432 3571 3454 ο

2005 3507 2253 3554 testatem
2280 3499 2429 3569 regni
2448 3499 2752 3555 fratricidio
2778 3499 3465 3556 ﬁrmavit.Lacedzemoncs
3494 3513 3528 3555 ll
3580 3522 3615 3557 t.

2002 3590 2198 3647 orienti
2229 3589 2427 3645 bellum
2459 3599 2770 3656 moventes,
2804 3589 3116 3644 llircilidem
3145 3591 3335 3644 ducem
3370 3591 3421 3644 in
3454 3592 3518 3645 ha
3550 3617 3571 3647 2

2004 3678 2249 3733 militiam
2286 3678 2488 3750 legunt.
2521 3677 2622 3747 Qui
2669 3693 2791 3733 cum
2816 3678 2914 3733 sibi
2942 3679 3203 3733 adversus
3228 3679 3364 3734 duos
3392 3690 3534 3749 pote.
3554 3708 3575 3734 »ι

2004 3770 2241 3826 tissimos
2262 3770 2550 3825 Persarum
2605 3769 2749 3841 regis
2796 3767 3098 3840 praefectos,
3131 3768 3507 3825 Farnabuzuin
3576 3794 3591 3824 l.

2003 3863 2764 3935 Tisipbarnem,pngnandnm
2792 3863 3019 3929 videret,
3036 3862 3253 3934 proviso
3280 3862 3347 3918 ad
3380 3874 3559 3935 temp:-
3586 3906 3589 3911 .

2002 3956 2262 4020 consilio,
2298 3966 2358 4010 ut
2380 3957 2589 4027 pondus
2636 3956 2862 4027 geminae
2892 3957 3290 4028 congressionis
3326 3957 3525 4012 ClUtiCli
3555 3970 3587 4019 κ,

2003 4063 2169 4101 unum
2215 4046 2533 4101 denuntiato
2574 4045 2715 4101 bello
2740 4047 2967 4117 appetit,
3016 4046 3245 4101 alterum
3276 4056 3431 4117 pacta
3460 4064 3542 4117 pa.
3582 4072 3591 4085 ι

2002 4139 2298 4208 suspendit.
2324 4137 2675 4193 Farnahuzus
2689 4138 3060 4210 Tisipharnem
3083 4139 3516 4209 apudArtaxerxl
3544 4175 3567 4192 ..

2003 4238 2063 4284 ut
2087 4228 2418 4298 proditorem
2442 4228 2618 4283 defert
2651 4248 2664 4282 :
2714 4229 2766 4283 in
2802 4226 2957 4297 cujus
2986 4228 3167 4284 locum
3199 4230 3384 4285 Conon
3425 4230 3527 4283 All.

2002 4319 2208 4375 niensis
2230 4319 2383 4375 exsul
2411 4319 2583 4374 navali
2614 4318 2799 4390 praelio
2820 4319 3183 4375 constituitur.
3232 4320 3333 4388 Qui
3360 4322 3514 4376 clas.»
3559 4348 3591 4377 ,ι

316 4414 445 4467 liam
476 4412 674 4483 praedis
700 4419 892 4467 onusta
913 4424 1186 4473 remeans.
1206 4407 1424 4462 ἱιιΐίιιιάο
1450 4405 1731 4477 naufragio
1750 4419 1901 4458 θνετ·
1926 4377 1978 4438 D
2003 4410 2530 4466 Lacedaemoniorum
2582 4409 2807 4474 invadit,
2866 4409 3090 4465 hostiles
3135 4425 3294 4480 agros
3316 4450 3332 4477 ,
3390 4422 3535 4465 turru
3582 4456 3587 4461 ,

318 4521 399 4561 sa.
431 4505 567 4561 Nam
601 4505 669 4560 de
697 4502 953 4558 trecentis
991 4500 1221 4556 navibus
1242 4498 1483 4553 ducenta:
1507 4496 1693 4565 viginti
1723 4495 1896 4566 perie-

320 4608 465 4655 runt.
495 4596 780 4669 Octoginta
814 4595 906 4650 vix
928 4591 1154 4662 abiectis
1186 4590 1444 4645 oneribus
1495 4587 1758 4642 liberate.
1790 4586 1898 4641 Ha-

321 4691 530 4756 milcar,
560 4704 654 4744 rex
684 4686 993 4749 Poenorum,
1046 4682 1351 4738 Numidiam
1405 4678 1552 4736 mille
1578 4679 1785 4751 argenti
1817 4687 1899 4733 ta-

318 4785 500 4848 lentis,
533 4791 591 4836 et
627 4779 813 4853 viginti
838 4778 1072 4833 millibus
1095 4775 1259 4829 boum
1287 4772 1525 4843 reliquos
1569 4771 1897 4825 condemna-

317 4878 412 4933 vit.
448 4875 731 4945 Principes
759 4872 1000 4926 omnium
1025 4867 1345 4939 populorum
1386 4862 1629 4935 patibulo
1671 4861 1900 4916 suffixit.

317 4968 587 5026 Servilius
634 4975 692 5022 et
730 4963 1102 5033 Sempronius,
1134 4949 1382 5017 ducentis
1409 4968 1464 5012 et
1493 4956 1774 5027 sexaginta
1807 4972 1902 5011 na-

313 5060 474 5115 vibus
518 5058 574 5112 in
624 5053 863 5110 Africam
899 5050 1218 5123 transgressi
1269 5048 1540 5104 maritima
1588 5045 1731 5100 circa
1778 5043 1903 5117 Syr-

318 5166 402 5211 tes
429 5150 741 5223 depopulati
776 5155 921 5204 sunt.
963 5144 1088 5202 lude
1134 5159 1256 5198 cum
1296 5141 1362 5196 ad
1401 5139 1607 5194 Italiam
1637 5137 1898 5201 redirent,

288 5246 443 5305 .illisi
470 5240 728 5312 scopulis,
766 5247 982 5293 centum
1011 5234 1396 5306 quinquaginta
1428 5246 1589 5285 naves
1610 5230 1894 5284 onerarias

317 5333 690 5405 perdiderunt.
716 5326 982 5384 Asdrubal
1005 5327 1297 5395 imperator
1316 5338 1437 5391 cum
1455 5321 1754 5392 elephantis
1777 5336 1900 5374 cen-

321 5436 432 5479 tum
465 5422 676 5492 viginti,
706 5429 762 5475 et
781 5419 1021 5490 equitum
1051 5417 1398 5486 peditumque
1425 5412 1654 5482 amplius
1680 5412 1898 5482 triginta

277 5562 291 5586 τ
320 5516 557 5571 millibus
585 5530 707 5569 cum
736 5512 948 5567 Metello
975 5525 1204 5581 pugnam
1230 5506 1524 5563 conseruit.
1553 5503 1749 5576 Viginti
1778 5504 1897 5556 mil-

275 5598 283 5606 ’
322 5606 390 5662 lia
414 5605 917 5678 (‘mtlmgincnsiuut
945 5620 1008 5658 eo
1036 5600 1218 5673 pra-lio
1240 5615 1376 5656 (3:053
1423 5606 1566 5653 sunt.
1614 5594 1898 5665 Elephanti

2002 4500 2261 4567 castella,
2301 4509 2607 4571 cceteraque
2656 4499 2906 4570 praesidia
2952 4512 3261 4571 erpugnat:
3318 4510 3373 4556 et
3423 4504 3585 4563 veli,“
3614 4518 3631 4563 ξ,

2000 4591 2171 4649 effusa
2213 4601 2523 4661 tempestas,
2577 4607 2900 4662 quacunque
2948 4591 3212 4658 incubuit,
3244 4604 3436 4653 cuncta
3466 4612 3515 4666 p-
3551 4621 3571 4658 ε

2001 4685 2215 4741 sternit.
2245 4684 2489 4740 Thebani
2510 4684 2713 4753 auxilio
2735 4683 3141 4739 Atheniensium
3171 4685 3335 4741 multa
3362 4688 3518 4741 auius,
3554 4706 3585 4741 τι
3626 4720 3636 4747 ;

2002 4776 2197 4832 ﬁducia
2230 4784 2455 4847 propter
2500 4775 2757 4831 virtutem
2797 4785 2959 4847 atque
3006 4776 3324 4833 industriam
3371 4778 3514 4849 Epai:
3550 4787 3563 4797 ‘

2008 4867 2200 4924 nonda:
2231 4866 2387 4922 ducis
2434 4866 2536 4929 sui,
2598 4874 2855 4922 terrestre
2913 4866 3158 4936 puellum
3218 4870 3514 4928 committit:
3547 4885 3580 4923 ‘.
3631 4924 3635 4928 .

2005 4956 2302 5030 Lysander,
2342 4956 2864 5013 Lacedaemoniensis
2911 4956 3021 5015 dux
3074 4956 3253 5013 clarus
3295 4960 3527 5015 occidite
3570 5004 3577 5012 .

2005 5049 2299 5106 Pausanias
2327 5049 2433 5104 dux
2456 5049 2591 5104 alter
2611 5048 2953 5106 insimulatus
2977 5050 3314 5120 proditionis;
3358 5052 3410 5106 in
3438 5066 3497 5106 ex
3541 5064 3578 5113 ις-

2002 5140 2132 5195 lium
2162 5140 2392 5196 ducitur.
2410 5139 2834 5212 Agesilatis,,rex
2850 5141 3421 5209 .Lacedtemoniornm,
3439 5143 3511 5197 T2:
3543 5164 3583 5183 ιο

2000 5231 2172 5287 banos
2201 5245 2450 5286 successu
2481 5229 2709 5300 duplicis
2732 5230 2972 5287 victoriae
2999 5232 3230 5288 laetiores
3249 5231 3505 5301 aggretlit:
3543 5250 3581 5297 π,

2000 5334 2055 5379 et
2084 5334 2319 5394 superat.
2362 5322 2479 5392 Ipse
2515 5323 3017 5393 tamenAgesil-Jus
3064 5325 3301 5395 graviter
3330 5322 3518 5377 vulnez-
3544 5346 3578 5365 ι.

2004 5426 2108 5471 tur.
2145 5416 2327 5470 Conon
2357 5413 2704 5471 Atheniensis
2728 5415 2833 5469 dux
2872 5414 3074 5470 Persici
3102 5414 3388 5473 exercitus,
3418 5414 3515 5467 At}

2003 5522 2102 5560 nas
2135 5503 2441 5562 rezedilicat.
2486 5504 2902 5560 L‘acediemones
2942 5504 3125 5559 furtim
3170 5504 3448 5559 castellum
3481 5510 3501 5559 .'
3545 5523 3579 5544 -σ

2006 5595 2213 5654 cadum.
2250 5596 2528 5669 repentina
2589 5596 2887 5667 irruptione
2932 5593 3291 5671 perfringunt.
3345 5596 3595 5654 Arcada,
