4024 6362
483 258 558 316 55
1132 326 1135 329 η
1473 258 1532 316 s.
1571 258 1820 316 mons
1852 259 2282 318 mcunmsc.
2324 240 2735 319 VlENNENSlS
3680 267 3756 326 ss

475 376 666 448 juncto
703 375 805 432 sibi
841 376 1220 432 Thebanorum
1250 375 1477 442 auxilio,
1507 375 1704 430 amissa
1741 374 1884 429 furto
1927 373 2069 429 bello
2094 378 2142 436 Α
2173 364 2455 430 ιιιιικιίιίίι.¹Δ
2477 373 2759 447 Philippus
2809 371 3009 431 fratres
3038 390 3165 432 suos
3217 375 3358 448 patri
3408 392 3475 433 ex
3518 393 3754 438 noverca

480 477 754 541 repetunt.
805 469 1177 527 Archedamus
1231 470 1339 525 dux
1386 465 1950 532 Lacedzemoniorum,
1994 464 2099 522 ibi.

477 559 812 615 vulneratur.
881 557 1119 615 Thebani
1179 559 1305 613 dato
1355 555 1612 627 parcendi
1668 555 1854 627 signo,
1900 554 2065 608 ﬁnem

475 649 674 706 dedere
711 649 1017 705 certamini.
1073 646 1340 712 Thebani,
1381 645 1803 702 Lacedzemoniis
1850 645 1918 699 ad
1960 644 2065 699 alia

473 739 616 795 bella
642 741 944 806 conversis,
977 742 1139 797 tacito
1184 743 1506 813 intempesta
1537 753 1697 798 nocte
1721 738 2065 798 Lacedaemo-

478 844 602 883 nem
635 830 900 898 veniunt;
926 831 1256 902 praecOgnitu
1303 831 1539 887 adventu
1566 831 1829 897 hostium,
1866 829 2063 884 armati

474 934 677 987 senes,
736 936 852 976 aevo
902 920 1175 986 confecti,
1224 921 1485 978 adversus
1536 921 1843 991 quindecim
1896 918 2062 976 millia

474 1009 729 1075 militum,
763 1012 850 1065 vix
890 1019 1104 1066 centum
1133 1011 1381 1068 homines
1428 1014 1483 1066 in
1535 1012 1667 1082 ipsis
1698 1026 1757 1067 se
1781 1019 2060 1083 portarum

473 1100 740 1172 angustiis
788 1099 1057 1171 objecere.
1109 1101 1537 1174 Superveniente
1582 1101 1865 1171 iuventute
1886 1102 2059 1158 Lace-

476 1190 863 1246 daemoniorum
890 1232 906 1257 ,
978 1202 1166 1263 aperto
1228 1193 1413 1264 prazlio
1476 1193 1876 1265 Epaminondas
1948 1193 2058 1247 dux

473 1280 878 1349 Thebanorum,
920 1284 1191 1339 incautius
1217 1285 1503 1350 dimicans,
1534 1285 1873 1341 vulneratur.
1922 1284 2057 1340 Cum

472 1372 540 1427 de
568 1372 797 1428 victoria
829 1389 1046 1430 suorum
1078 1377 1450 1444 comperisset,
1479 1384 1688 1430 scutum
1714 1376 2058 1432 exosculatus

470 1474 681 1517 remota
713 1479 876 1518 manu
907 1480 1013 1534 qua
1052 1464 1243 1519 vulnus
1269 1463 1601 1531 occluserat,
1628 1480 1903 1535 egressum
1933 1481 2059 1520 sau-

472 1554 672 1623 guinis,
697 1572 762 1611 ac
797 1556 989 1612 mortis
1033 1555 1287 1626 patefecit
1308 1557 1610 1613 introitum.
1664 1558 1868 1613 lterum
1894 1560 2057 1614 terri-

469 1642 598 1699 bilis
627 1643 904 1701 Gallorum
938 1646 1218 1703 inundatio
1245 1648 1398 1719 juxta
1425 1648 1689 1705 Anienem
1716 1649 1958 1715 ﬂuvium,
1998 1660 2055 1706 et

2170 464 2381 536 genitos
2407 464 2716 521 interﬁcere
2757 479 3064 538 aggressus,
3113 465 3393 524 Olinthum
3430 469 3621 527 urbem
3650 470 3752 529 ﬂo-

2169 556 2552 621 rentissimam,
2581 554 2843 627 sanguine
2864 558 3090 627 repleta,
3118 559 3313 628 opibus
3333 560 3756 632 hominibusque

2168 647 2436 710 vacuavit,
2467 655 2525 700 et
2553 642 2856 703 abstractos
2888 645 3013 702 inde
3033 638 3233 703 fratres
3259 648 3524 719 supplicio
3546 659 3605 706 et
3626 652 3754 708 neci

2168 737 2334 792 dedit.
2365 737 2596 793 Auraria
2620 737 2742 793 loco’
2766 738 2820 794 in
2865 736 3165 804 Thessalia,
3196 750 3253 795 et
3280 742 3490 813 argenti
3535 745 3753 801 metalla

2162 828 2219 882 in
2270 825 2503 883 Thracia
2551 827 2767 884 invasit.
2836 826 3117 901 Philippus
3170 832 3446 903 angustias
3491 830 3755 891 Thermo-

2163 920 2409 992 pylarum
2432 921 2711 977 instructis
2729 921 2900 992 copiis
2922 922 3242 992 ingreditur,
3263 936 3466 993 easque
3483 925 3753 994 praesidiis

2161 1013 2391 1079 emunit,
2433 1012 2810 1077 Athenienses,
2857 1013 3198 1081 Phocenses,
3247 1025 3413 1087 atque
3460 1013 3755 1075 Thessalos

2162 1103 2485 1175 perdomuit.
2516 1104 2835 1175 Byzantium
2859 1120 2890 1159 a
2914 1103 3181 1161 Pausania
3205 1121 3334 1177 rege
3354 1106 3752 1177 Spartanorum

2160 1194 2455 1261 conditam,
2485 1193 2769 1250 obsidione
2799 1193 2990 1249 cinxit.
3033 1194 3349 1267 Scythicum
3373 1197 3571 1253 bellum
3622 1200 3753 1257 totis

2159 1283 2366 1340 viribus
2427 1284 2761 1356 aggreditur.
2833 1283 3039 1358 Viginti
3101 1287 3271 1343 millia
3333 1302 3626 1360 puerorum
3685 1304 3752 1348 ac

2161 1375 2508 1431 heminarum
2538 1376 2805 1448 Scythicae
2843 1378 3021 1448 gentis
3042 1389 3219 1449 capta.
3262 1380 3523 1437 Pccorum
3551 1397 3750 1454 magna

2159 1467 2310 1536 copia
2368 1467 2638 1534 abducta,
2694 1469 2812 1522 auri
2864 1470 3181 1540 argentique
3251 1470 3387 1526 nihil
3449 1482 3749 1544 repertum.

2159 1557 2361 1629 Viginti
2392 1559 2555 1614 millia
2604 1557 2859 1614 nobilium
2894 1576 3159 1631 equorum
3202 1562 3521 1618 sulliciendo‘
3557 1566 3747 1633 generi
3786 1634 3799 1639 _

2159 1644 2525 1703 Macedoniam
2548 1650 2737 1704 missa.
2778 1648 2928 1707 Bello
2951 1650 3241 1708 Triballico
3271 1652 3346 1707 ita
3366 1650 3649 1722 Philippus
3693 1656 3750 1711 in

469 1742 725 1801 quartum
769 1736 838 1790 ab
884 1735 1018 1792 urbe
1064 1736 1297 1806 lapidem
1328 1739 1595 1794 consedit.
1640 1738 1743 1795 Ubi
1773 1742 2050 1796 atrocissi-
2081 1726 2128 1787 Β
2154 1738 2361 1796 femore
2406 1740 2723 1797 vulneratus
2752 1752 2868 1806 est,
2909 1752 2970 1798 ut
3010 1759 3110 1813 per
3166 1760 3368 1817 corpus
3408 1744 3529 1815 ejus
3577 1761 3753 1818 equus

466 1838 615 1879 mam
664 1840 897 1897 pugnam
951 1825 1180 1884 Manlius
1230 1827 1536 1900 Torquatus
1591 1830 1939 1903 singulariter
1972 1832 2055 1888 in-

468 1911 701 1967 choavit.
753 1914 910 1972 Titus
958 1914 1189 1983 Quintus
1229 1917 1459 1973 dictator
1492 1919 1871 1974 cruentissima
1924 1936 2054 1975 con-

392 2071 403 2081 .
465 2004 745 2072 gressione
767 2007 1015 2064 confecit.
1046 2009 1245 2065 lterum
1278 2010 1332 2065 in
1365 2011 1565 2067 bellum
1591 2021 1808 2067 ruentes
1856 2011 1992 2068 Galli
2020 2029 2051 2069 a

467 2092 599 2150 Caio
655 2095 890 2168 Sulpitio
951 2098 1216 2154 dictatore
1262 2102 1502 2170 superati
1551 2111 1697 2167 sunt.
1743 2103 1942 2158 lterum
1993 2118 2053 2159 se

467 2182 607 2239 Galli
646 2202 743 2257 per
785 2189 1056 2245 maritima
1112 2190 1233 2249 ioca
1282 2190 1648 2260 diffuderunt,
1702 2204 1758 2250 ct
1799 2211 1830 2249 a
1870 2193 2052 2252 Marco

468 2273 686 2333 Valerio
731 2277 966 2336 Corvino
1017 2281 1202 2338 occiso
1248 2292 1602 2353 provocatore
1633 2284 1787 2341 Gallo
1816 2286 2053 2357 graviter

469 2367 722 2424 trucidati
791 2379 936 2426 sunt.
996 2370 1368 2439 Artaxerxes,
1429 2375 1521 2446 qui
1570 2384 1626 2431 et
1678 2374 1878 2444 Ochus,
1927 2387 2052 2448 post

467 2469 798 2518 transactum
852 2463 907 2519 in
974 2464 1209 2537 Egypto
1266 2467 1563 2523 maximum
1629 2468 2050 2541 diuturnumque

462 2551 685 2618 bellum,
713 2553 977 2623 plurimos
1010 2554 1224 2617 Iudaeos
1248 2556 1303 2611 in
1347 2556 1878 2628 transmigrationem
1916 2560 2052 2632 egit,

462 2649 627 2710 atque
655 2641 708 2695 in
739 2641 1005 2714 Hyrcania
1035 2645 1103 2700 ad
1147 2643 1401 2716 Caspium
1444 2662 1596 2702 mare
1640 2648 1893 2703 habitare
1910 2664 2049 2719 prze-

463 2731 628 2801 cepit.
653 2731 820 2802 Cujus
840 2734 1002 2790 etiam
1036 2735 1159 2791 belli
1190 2744 1509 2807 tempestate
1543 2745 1938 2806 transcurrens,
1991 2750 2050 2796 et

463 2820 720 2878 Sillodam
751 2824 1214 2895 opulentissimam
1242 2826 1524 2883 Phoenices
1547 2829 1836 2897 provinciae
1857 2831 2049 2886 urbem

461 2917 682 2982 delevit,
737 2927 794 2974 et
846 2916 1139 2991 Egyptum
1184 2921 1432 2991 quamvis
1483 2922 1634 2991 prius
1667 2923 1862 2988 victus,
1918 2932 2053 2980 tunc

462 3019 643 3064 tamen
696 3013 978 3069 subactam
1007 3013 1503 3085 comminutamque
1538 3013 1706 3079 ferro,
1746 3014 2043 3071 Persarum

2155 1828 2569 1886 interﬁceretur.
2602 1830 2701 1887 Hic
2730 1832 3075 1901 postmodum
3119 1834 3207 1890 die
3249 1837 3558 1906 nuptiarum
3597 1838 3751 1897 Cleo-

2154 1930 2322 1991 patrae
2346 1921 2467 1976 ﬁlim
2487 1937 2599 1976 suze
2624 1963 2638 1986 ,
2691 1937 2813 1976 cum
2839 1924 2983 1978 inter
3007 1924 3145 1979 duos
3163 1926 3522 1990 Alexandros.
3576 1930 3750 1985 ﬁlium

2153 2027 2546 2084 generumque,
2576 2015 2961 2080 contenderet,
2998 2031 3029 2069 a
3054 2016 3317 2073 Pausania
3367 2020 3535 2075 nobili
3566 2020 3749 2078 Macc-

2155 2103 2354 2158 donum
2410 2102 2752 2159 adolescente
2805 2105 2859 2159 i-n
2929 2107 3196 2177 angustiis
3259 2109 3380 2165 sine
3425 2113 3744 2169 custodibus

2151 2193 2554 2250 circumventus
2611 2196 2897 2252 occiditur.
2974 2197 3203 2255 Romani
3269 2201 3466 2257 bellum
3532 2203 3750 2261 Latinis

2153 2285 2537 2342 rebellantibus
2587 2282 2902 2355 intulerunt,
2946 2290 3145 2346 Manlio
3184 2291 3465 2364 Torquate
3481 2303 3540 2351 et
3576 2296 3750 2352 Decio

2153 2374 2304 2433 Mure
2335 2393 2480 2433 coss.
2533 2379 2588 2434 in
2619 2394 2727 2449 quo
2758 2381 2898 2436 bello
2925 2380 3122 2439 Decius
3165 2386 3457 2452 occubuit;
3509 2386 3743 2445 Manlius

2153 2468 2321 2523 ﬁlium
2345 2486 2498 2525 suum
2518 2472 2770 2542 juvenem
2809 2473 3069 2529 victorem
3097 2476 3314 2532 occidit.
3340 2476 3559 2533 Minutia
3580 2480 3744 2551 virgo

2138 2554 2387 2617 'Vestalis
2409 2563 2479 2618 ob
2532 2563 2830 2619 admissum
2893 2565 3197 2634 incestum,
3253 2569 3377 2625 viva
3430 2569 3623 2627 obruta
3680 2573 3743 2628 in

2151 2663 2342 2719 campo
2404 2653 2493 2723 qui
2568 2669 2712 2708 nunc
2772 2653 3079 2711 Sceleratus
3148 2668 3389 2713 vocatur.
3455 2658 3741 2717 Trecentos

2149 2742 2485 2813 septuaginta
2527 2753 2789 2798 matrona:
2855 2745 3167 2811 damnatae,
3237 2764 3359 2818 qua:
3420 2750 3742 2821 propinasse

2149 2847 2353 2887 venena
2379 2832 2513 2886 viris
2542 2833 2656 2887 suis
2677 2843 2731 2888 et
2751 2833 2973 2890 sceleris
3002 2836 3232 2894 conscia:
3260 2849 3487 2909 reperta:
3514 2851 3666 2896 sunt.

2218 2917 2406 2993 [4325]
2440 2920 2654 2986 Darius,
2683 2922 2897 2979 Arsami
2927 2923 3089 2990 ﬁlius,
3130 2927 3286 2982 annis
3337 2943 3464 2996 sex;
3503 2930 3741 2986 Alexan-

2147 3007 2244 3062 der
2264 3008 2493 3081 Philippi
2525 3020 2581 3066 et
2625 3011 2958 3083 Olympiadis
2998 3014 3158 3079 ﬁlius,
3199 3016 3391 3087 viginti
3437 3021 3612 3075 aetatis
3639 3035 3742 3075 an-

460 3099 691 3171 subjecit
745 3104 991 3174 imperio.
1040 3105 1434 3162 Demosthenes
1471 3115 1659 3161 orator
1708 3108 2039 3177 agnoscitur.
2071 3100 2115 3163 C
2149 3115 2247 3154 I105
2273 3115 2490 3170 gerens,
2520 3101 2904 3159 Macedonibus
2944 3118 3174 3176 regnare
3201 3108 3383 3177 cmpil.
3431 3107 3598 3165 Fabio
3625 3124 3743 3164 ma:

459 3196 781 3253 Aristoteles
815 3198 1168 3269 philosophus
1190 3198 1532 3269 praedicatur.
1563 3199 1713 3254 Plato
1744 3200 1987 3255 moritur.

533 3295 719 3371 [4512]
749 3296 936 3360 Arses,
974 3298 1110 3355 Ochi
1141 3298 1307 3364 ﬁiius,
1344 3314 1517 3356 annos
1566 3308 1694 3355 tres.
1735 3299 2041 3357 Judzeorum

455 3384 699 3454 pontifex
722 3387 992 3443 maximus
1016 3386 1221 3444 Jaddus
1239 3388 1417 3444 clarus
1436 3389 1684 3457 habetur,
1703 3390 1856 3460 cujus
1878 3389 2045 3446 frater

455 3473 735 3533 Manasscs
790 3479 1053 3547 templum
1113 3478 1172 3535 in
1223 3488 1406 3535 monte
1459 3478 1696 3535 Garizim
1739 3480 2039 3536 constituit.

456 3564 792 3637 Speusippus
838 3568 1090 3633 moritur,
1121 3570 1205 3624 cui
1227 3569 1467 3626 succedit
1495 3568 1847 3626 Xenocrates.
1873 3570 1931 3626 in
1956 3570 2041 3627 his

454 3654 645 3712 diebus
666 3656 970 3713 Alexander
997 3674 1252 3730 magnus,
1290 3660 1663 3716 atrocissimus
1689 3656 1847 3716 turbo
1879 3662 2042 3717 totius

452 3745 707 3813 orientis,
740 3748 1002 3805 nascitur.
1038 3749 1194 3808 Anno
1239 3752 1307 3807 ab
1339 3749 1479 3808 Urbe
1516 3750 1733 3808 condita
1777 3752 2037 3823 quadrin-

455 3837 758 3908 gentesimo
818 3839 1090 3906 secundo,
1154 3840 1462 3901 Amxauder
1503 3857 1597 3897 rex
1666 3842 2035 3913 Epirotarum,

450 3927 749 3985 Alexandri
804 3931 981 4002 magni
1041 3932 1364 3995 avunculus,
1426 3933 1665 4003 trajectis
1716 3934 1769 3989 in
1831 3935 2036 3992 italiam

451 4018 623 4088 copiis
650 4019 886 4076 maximo
920 4019 1061 4076 bello
1090 4022 1142 4075 in
1168 4021 1402 4079 [mantia
1434 4024 1610 4079 victus
1638 4034 1800 4094 atque
1825 4026 2038 4082 occisus

449 4118 554 4165 est.
599 4111 763 4167 Anno
804 4113 873 4168 ab
912 4113 1045 4167 urbe
1077 4113 1293 4168 condita
1323 4113 1872 4186 quadringentesimo,
1904 4115 2035 4171 Phi—

446 4199 626 4270 lippus
686 4200 972 4272 Amynthte
1018 4201 1177 4266 ﬁlius,
1240 4201 1531 4259 Alexandri
1586 4214 1765 4275 pater,
1812 4219 2033 4275 regnum

447 4289 803 4349 Macedonum
837 4294 1088 4366 adeptus,
1128 4295 1316 4366 viginti
1341 4296 1581 4366 quinque
1622 4297 1777 4371 anan
1816 4297 2029 4352 tenuit:

447 4385 643 4455 quibus
669 4385 768 4442 hos
804 4402 995 4444 utnues
1030 4388 1390 4444 aeerbitatum
1421 4405 1665 4456 acervos,
1699 4402 2032 4461 cunctasqu

2148 3190 2319 3260 gistro
2377 3191 2616 3260 equitum
2678 3192 3046 3249 Romanorum
3095 3210 3328 3266 pugnam
3384 3208 3738 3266 muserente,

2148 3278 2335 3350 viginti
2395 3280 2560 3334 millia
2619 3280 2923 3338 Samnitum
2987 3285 3322 3341 ceciderunt.
3388 3287 3611 3344 Veturio
3674 3300 3736 3346 et

2145 3367 2463 3425 Posthumio
2492 3371 2826 3437 consulibus,
2854 3374 2997 3443 apud
3011 3373 3282 3431 Caudinas
3302 3377 3559 3444 furculas,
3580 3376 3749 3434 ὃπω-

2144 3467 2285 3523 nites
2313 3468 2539 3524 victoria
2571 3471 2749 3541 potiti,
2782 3472 3099 3527 universum
3125 3473 3424 3528 exercitum
3464 3473 3735 3530 Romano-

2145 3575 2262 3613 rum
2314 3561 2540 3632 turpiter
2587 3572 2829 3632 captum,
2875 3561 3055 3616 armis
3076 3562 3244 3617 etiam
3286 3564 3737 3634 vestimentisque

2143 3653 2401 3708 nudatum
2435 3655 2537 3709 sub
2576 3654 2763 3725 jugum
2809 3656 3093 3719 miserunt,
3143 3655 3421 3710 sexcentis
3455 3656 3744 3726 equitibus

2141 3742 2403 3799 Romanis
2460 3745 2514 3799 in
2558 3745 2860 3800 obsidatqu
2908 3746 3159 3816 receptis.
3212 3746 3427 3818 Papirio
3481 3750 3740 3818 consule,

2120 3834 2413 3890 Samnites
2441 3836 2568 3889 victi
2600 3844 2745 3890 sunt.
2797 3834 2952 3891 Hunc
2982 3830 3259 3907 Papirium
3312 3837 3456 3894 inter
3500 3846 3732 3896 ureteras

2140 3926 2305 3981 duces
2333 3926 2532 3982 tuncin
2558 3924 2850 3996 Republica
2900 3944 2996 3984 sua
3045 3929 3298 3999 optimos,
3331 3929 3558 3985 Romani
3581 3930 3731 3986 dele—

2139 4028 2378 4089 gerunt,
2432 4018 2524 4090 qui
2588 4017 2883 4075 Alexandri
2944 4020 3205 4091 impetum
3260 4022 3573 4077 sustineret.
3626 4021 3736 4078 De-

2141 4111 2451 4166 mosthenes
2521 4121 2709 4165 orator
2762 4126 2896 4165 auro
2943 4110 3234 4167 Persarum
3280 4120 3602 4182 corruptus,
3665 4122 3728 4168 ut

2137 4199 2309 4256 Graeci
2352 4200 2422 4256 ab
2462 4200 2687 4271 imperio
2738 4199 3091 4257 Macedonum
3140 4201 3478 4270 deﬁcerent,
3532 4213 3733 4259 auctor

2135 4292 2363 4349 exstitit.
2394 4291 2702 4349 Alexander
2726 4293 3087 4350 Athenienses
3115 4303 3260 4350 metu
3284 4295 3496 4350 mulct:e
3520 4295 3679 4350 solvit
3703 4313 3726 4362 ;

2137 4386 2423 4442 Thebanos
2480 4403 2604 4442 cum
2666 4385 2842 4442 diruta
2906 4386 3128 4443 civitate
3185 4387 3424 4453 delevit;
3482 4385 3732 4457 reliquos

445 4474 714 4531 malorum
747 4476 913 4534 moles
938 4479 1156 4534 struxit.
1184 4478 1285 4535 Hic
1312 4480 1471 4553 obses
1492 4482 1726 4551 primum
1756 4480 2029 4537 Thebanis
2061 4464 2107 4523 ί)
2134 4476 2235 4530 sub
2288 4491 2488 4532 corona
2554 4475 2832 4543 vendidit;
2898 4485 3123 4532 caeteras
3174 4477 3334 4532 urbes
3393 4478 3611 4533 Achaia:
3662 4487 3727 4534 et

443 4567 605 4623 datus
632 4583 662 4622 a
704 4577 901 4638 patre,
936 4585 1035 4640 per
1072 4570 1363 4626 triennium
1408 4573 1550 4642 apud
1601 4572 2028 4645 Epaminondam

443 4659 829 4729 imperatorem
876 4669 931 4715 et
957 4661 1331 4731 philosophum
1351 4703 1366 4726 ,
1404 4663 1647 4718 eruditus
1668 4673 1770 4718 est.
1804 4662 1901 4719 llic
1934 4680 2030 4719 rex

442 4760 664 4807 sanctus
685 4768 807 4808 cum
838 4752 1070 4809 Athenis
1112 4753 1331 4818 bellum,
1361 4754 1529 4824 gessit
1551 4763 1606 4809 et
1634 4754 1763 4809 vicit
1792 4772 1805 4819 ;
1842 4754 2026 4811 Laris-

440 4860 559 4900 sam
600 4844 788 4900 urbem
819 4844 1206 4901 nobilissimam
1251 4846 1434 4916 cepit;
1475 4847 1811 4902 Thessaliam
1858 4847 2028 4903 ambi-

441 4936 589 4993 tione
615 4936 982 4992 habendorum
1023 4938 1265 5010 equitum
1317 4938 1533 5006 invasit,
1572 4948 1626 4994 et
1653 4939 1893 4996 exercitu
1923 4956 2024 5003 suo

437 5026 748 5082 admiscuit.
803 5025 937 5081 Cum
987 5027 1169 5083 Aruba
1216 5026 1571 5084 Molossorum
1628 5044 1753 5099 rege
1809 5038 2022 5099 pactus,

434 5134 683 5174 sororem
710 5119 827 5189 ejus
847 5118 1218 5190 Olympiadem
1253 5133 1476 5174 uxorem
1506 5119 1680 5175 duxit.
1709 5117 1809 5186 Qui
1841 5116 2025 5174 Aruba

434 5196 585 5266 dum
609 5212 893 5283 imperium
921 5229 1077 5268 suum
1120 5213 1468 5268 Macedonum
1514 5210 1775 5266 alliuilate
1799 5225 1860 5267 se
1884 5209 2029 5265 dila-

436 5312 675 5360 taturum
703 5313 880 5377 putat,
903 5319 1001 5374 per
1027 5305 1127 5360 hoc
1150 5304 1406 5374 deceptus
1427 5304 1640 5365 amisit;
1675 5303 2029 5372 privatusque»

434 5396 489 5451 in
518 5396 711 5452 exsilio
738 5397 1043 5452 consenuit.
1072 5396 1351 5466 Philippus
1375 5394 1515 5465 apud
1543 5394 1809 5449 Matonam
1834 5392 2021 5447 urbem

435 5491 544 5541 ictu
568 5488 777 5559 sagittae
808 5486 1041 5561 loculum
1093 5486 1349 5561 perdidit,
1378 5494 1434 5540 et
1456 5500 1621 5554 prope
1656 5491 1823 5538 totam
1872 5480 2023 5536 Cra:-

434 5578 577 5633 ciam
605 5556 846 5651 consiliis
871 5588 1225 5649 praeventam,
1268 5576 1472 5631 viribus
1518 5574 1764 5637 domuit;
1815 5573 2023 5643 Cappa-

436 5650 665 5733 dociam,
706 5680 863 5740 capto
911 5685 1007 5740 per
1037 5669 1217 5725 dolum
1250 5685 1391 5739 rege,
1442 5668 1667 5739 imperio
1696 5664 2021 5722 Macedonia:

2137 4567 2428 4624 Thessaliae
2458 4569 2745 4637 vectigales
2773 4569 2938 4635 fecit;
2966 4569 3176 4642 Illyrios
3213 4577 3267 4625 et
3303 4570 3545 4626 Thracas
3578 4570 3730 4627 bello

2137 4660 2362 4717 domuit.
2419 4661 2763 4716 Profecturus
2816 4659 2882 4714 ad
2937 4659 3484 4729 Persicum'bellum,
3529 4676 3727 4719 omnes

2134 4763 2393 4825 cognatos
2429 4768 2495 4807 ac
2521 4752 2799 4823 proximos
2850 4767 2977 4808 suos
3016 4753 3312 4809 interfecit.
3369 4754 3427 4810 ln
3473 4755 3727 4811 exercitu

2131 4842 2247 4912 ejus
2287 4844 2505 4899 fuerunt
2546 4843 2785 4913 peditum
2821 4843 3039 4915 triginta
3079 4844 3187 4900 duo
3233 4843 3423 4910 millia,
3471 4845 3718 4915 equitum

2132 4943 2364 5004 quatuor
2392 4931 2599 4999 millia,
2653 4946 2819 4987 naves
2871 4941 3088 4987 centum
3130 4940 3187 4988 et
3231 4934 3529 5004 octoginta.
3581 4932 3718 4989 Tam

2130 5042 2297 5097 parva
2353 5040 2513 5080 manu
2570 5025 2878 5079 universum
2937 5023 3454 5080 terrarum‘orbem
3494 5024 3723 5095 aggredi

2132 5134 2295 5173 ausus
2328 5125 2430 5172 est.
2463 5115 2646 5172 Primo
2688 5114 2807 5185 ejus
2853 5132 2977 5171 cum
3019 5115 3185 5172 Dario
3219 5131 3345 5188 rege
3396 5124 3721 5187 congressu.

2131 5217 2383 5263 sexcenta
2417 5206 2582 5262 millia
2600 5206 2885 5263 Persarum
2913 5205 2966 5261 in
2995 5207 3114 5262 acie
3135 5206 3305 5261 fuere.
3334 5204 3586 5261 Secundo
3608 5206 3721 5261 Da-

2134 5300 2197 5353 rii
2234 5300 2466 5353 adventu
2522 5298 2716 5354 timens
2751 5297 3058 5354 Alexander
3104 5298 3383 5369 angustias
3434 5297 3714 5363 locorum,

2104 5376 2107 5379 ’
2131 5391 2372 5447 Taurum
2397 5402 2634 5448 montem
2663 5392 2799 5447 mira
2821 5392 3097 5448 celeritate
3119 5390 3473 5455 transcendit,
3489 5397 3547 5445 et
3563 5390 3719 5459 quin-

2132 5481 2310 5551 gentis
2340 5481 2531 5536 stadiis
2544 5482 2644 5537 sub
2664 5498 2770 5536 una
2797 5481 2885 5537 die
2912 5496 3072 5536 cursu
3097 5480 3451 5545 transmissis,
3483 5479 3713 5534 Tarsum

2131 5571 2299 5625 venit.
2337 5571 2522 5640 Ibique
2573 5586 2692 5625 cum
2726 5571 2925 5626 sudans
2981 5571 3032 5625 in
3059 5569 3289 5625 Cidnum
3341 5568 3712 5640 praefrigidum

2132 5678 2379 5729 amnem,
2402 5663 2791 5728 descendisset,
2824 5661 3064 5728 obriguit
3095 5681 3109 5717 :
3163 5654 3552 5732 conlractuque
3583 5674 3712 5715 ner-
