4024 6362
252 312 350 367 5⁸1

1314 268 1769 363 ὐιὶιιοκιροκ.
1810 336 1864 344 -

1971 304 2130 363 E'I‘AS
2171 311 2451 378 QUINTA.
3497 316 3570 375 58

276 440 480 484 verum
510 421 794 495 proximus
838 417 1001 474 morti
1041 416 1191 473 fuit:
1238 418 1434 473 Darius
1460 432 1581 472 cum
1612 414 1869 471 trecentis
1895 418 1947 475 A
1972 417 2145 473 Graeci
2186 422 2538 485 :estimantcs,
2585 412 2667 478 ne
2697 422 2914 480 exsules
2948 436 3164 496 recepta
3190 418 3467 493 libertate,
3507 440 3570 486 ut

279 516 531 574 millibus
579 513 843 586 peditum,
872 518 928 565 et
972 517 1190 566 centum
1242 509 1482 565 millibus
1510 508 1772 579 equitum,
1823 508 1879 589 in

279 612 466 669 aciem
517 606 782 679 procedit.
814 604 1124 675 Ingentibus
1163 603 1417 672 utrinque
1466 601 1663 656 animis
1702 615 1879 672 pugna

279 700 681 765 committitur;
714 698 769 753 in
810 712 916 768 qua
952 696 1111 751 ambo
1141 710 1314 765 reges,
1375 703 1430 750 et
1470 693 1777 748 Alexander
1823 699 1881 747 et

278 790 894 860 Darius,vulnerantur.
914 787 1201 844 Persarum
1227 786 1299 841 ibi
1323 794 1451 841 tunc
1472 784 1701 840 militum
1723 774 1876 839 octo?

219 864 227 899 Ἰ
282 885 442 956 ginta
468 882 659 946 millia,
715 879 960 949 equitum
987 879 1172 934 decem
1199 877 1363 933 millia
1396 893 1561 940 caesa,
1602 884 1758 947 capta
1782 890 1879 930 au-

282 983 402 1028 tem
440 970 797 1042 quadraginta
823 967 989 1021 millia
1020 965 1191 1022 fuere.
1217 966 1298 1021 Ex
1325 966 1704 1021 Macedonibus
1732 964 1876 1020 ceci-

282 1066 423 1121 dere
448 1065 658 1135 pedites
683 1069 899 1117 centum
937 1067 993 1115 et
1046 1059 1288 1129 triginta,
1316 1059 1527 1129 equites
1551 1064 1769 1113 centum
1823 1064 1881 1112 et

282 1157 669 1230 quadraginta.
701 1154 758 1208 In
790 1152 987 1208 castris
1004 1151 1292 1207 Persarum
1322 1149 1549 1205 multum
1578 1149 1696 1204 auri
1721 1156 1879 1204 caete-

284 1264 587 1318 rarumque
613 1261 776 1317 opum
798 1252 1091 1314 repertum.
1118 1243 1263 1299 inter
1282 1243 1525 1313 captivos
1551 1249 1875 1308 castrorum,

284 1350 468 1397 mater
485 1348 545 1394 et
567 1354 708 1395 uxor
727 1336 941 1403 eadem,
964 1352 1122 1392 soror
1144 1344 1200 1390 et
1246 1335 1370 1389 filia:
1391 1335 1510 1390 dua:
1538 1333 1686 1388 Darii
1702 1332 1873 1389 fuere.

284 1432 531 1499 Quarum
561 1428 989 1499 redemptionem
1024 1412 1217 1481 Darius
1243 1426 1420 1482 oblata
1444 1425 1606 1480 etiam
1625 1425 1773 1494 regni
1796 1424 1877 1479 di-

283 1521 456 1577 midia
478 1528 657 1590 parte,
682 1535 790 1575 non
813 1518 1140 1588 impetravit.
1172 1517 1367 1579 Darius
1386 1533 1481 1586 spe
1506 1516 1657 1588 pacis
1676 1515 1876 1571 amissa

283 1609 643 1680 quadraginta
663 1617 898 1677 quatuor
918 1606 1087 1661 millia
1110 1594 1371 1677 peditum,
1394 1615 1451 1661 et
1473 1616 1689 1661 centum
1709 1605 1873 1660 millia

289 1704 557 1772 equitum,
582 1700 892 1755 Alexandro
932 1699 1073 1768 apud
1100 1697 1328 1754 Tarsum
1377 1697 1520 1753 bello
1540 1697 1782 1768 Opponit.
1814 1696 1871 1751 In

1979 508 2287 565 Alexander
2315 528 2412 581 per
2430 513 2710 583 epistolam
2730 512 2991 583 iusserat,
3015 516 3217 573 ultione
3244 521 3570 577 meditaren-

1982 609 2088 665 tur,
2110 617 2140 655 a
2170 617 2336 670 regno
2363 604 2711 661 Macedonum
2743 606 3059 664 defecerunt
3083 628 3095 663 :
3133 611 3438 682 bellumque
3458 616 3570 684 An-

1982 691 2203 761 tipatro,
2236 694 2323 748 cui
2353 692 2562 751 Gracia
2588 706 2736 751 sorte
2763 709 3010 762 venerat,
3058 700 3332 770 ingerunt.
3360 702 3569 760 Bellum

1980 780 2122 837 inter
2139 784 2465 854 Antigonum
2486 796 2541 840 et
2559 785 2895 852 Perdiccam,
2917 789 3003 844 cui
3030 774 3203 845 Media
3224 792 3401 845 minor
3422 803 3570 849 sorte

1978 872 2296 938 obvenerat,
2327 874 2709 944 gravissimum
2763 878 2962 932 oritur.
2997 878 3323 936 Ptolomaeus
3346 879 3570 954 Aigypti

1978 961 2185 1017 viribus
2220 963 2538 1039 Perdiccam
2570 967 2921 1023 acerbissimo
2971 969 3113 1024 bello
3140 985 3448 1041 aggressus,
3480 968 3571 1027 in;

1981 1052 2208 1109 terfecit.
2244 1052 2522 1125 Olympias
2562 1065 2736 1111 mater
2763 1056 3055 1113 Alexandri
3086 1064 3242 1130 capta
3267 1077 3297 1115 a
3333 1060 3570 1117 Cassan-

1979 1145 2079 1201 dro
2116 1145 2290 1201 Cariae
2311 1147 2449 1203 duce
2477 1148 2780 1214 occiditur;
2827 1149 3154 1208 Ptolomaaus
3179 1162 3234 1208 et
3262 1153 3571 1212 Cassander

1978 1237 2115 1292 inita
2145 1254 2268 1292 cum
2302 1237 2632 1310 Lysimacho
2659 1248 2712 1295 et
2765 1239 2993 1297 Seleuco
3022 1244 3281 1299 societate
3307 1285 3322 1310 ,
3368 1245 3569 1301 bellum

1977 1340 2122 1387 terra
2146 1334 2396 1403 marique
2422 1344 2613 1389 contra
2638 1334 2991 1404 Antigonum,
3015 1337 3108 1408 qui
3131 1352 3227 1409 spe
3253 1337 3567 1396 dominandi

1976 1421 2263 1479 Herculem
2310 1425 2600 1481 Alexandri
2632 1426 2825 1493 illium,
2854 1427 3091 1485 liberare
3121 1429 3433 1496 simulabat,
3485 1432 3564 1486 in-

1976 1523 2210 1570 struunt.
2246 1515 2322 1570 Eo
2349 1516 2487 1571 bello
2514 1517 2820 1590 Antigonus
2851 1535 2974 1575 cum
3007 1518 3117 1576 lilio
3146 1522 3421 1577 Demetrio
3448 1524 3569 1579 vin-

1976 1603 2137 1659 citur.
2165 1604 2469 1662 Cassander
2487 1607 2780 1664 Ptolomaeo
2805 1609 2860 1663 in
2884 1610 3115 1666 victoria
3138 1612 3412 1684 particeps
3432 1611 3569 1668 lier-

1975 1696 2150 1751 culem
2179 1696 2468 1753 Alexandri
2492 1699 2685 1763 lilium,
2701 1701 3112 1771 quatuordecim
3129 1701 3243 1772 jam
3267 1719 3557 1769 annorum,

286 1795 498 1850 ferrum
543 1800 706 1847 ruunt
748 1790 1087 1857 Macedones,
1116 1804 1348 1860 raroque
1375 1789 1483 1844 ullo
1524 1788 1709 1859 prazlio
1755 1798 1873 1844 tan-
1899 1772 1949 1833 Β
1977 1802 2099 1841 cum
2125 1797 2297 1842 matre
2317 1788 2672 1846 occidendum
2687 1800 2864 1846 curat.
2880 1791 3209 1849 Ptolomaeus
3228 1809 3352 1849 cum
3380 1794 3567 1852 Deme—

287 1897 403 1943 tum
455 1884 734 1957 sanguinis
772 1884 949 1939 fusum
986 1893 1088 1939 est.
1119 1882 1317 1939 Darius
1358 1882 1551 1946 victus,
1608 1896 1869 1951 persuasu

283 1994 507 2035 suorum
538 1978 723 2048 fugere
751 1974 1084 2045 compulsus,
1116 1983 1370 2044 totusque
1401 1973 1597 2029 Oriens
1635 1973 1688 2027 in
1715 1980 1871 2041 pote-

283 2078 481 2126 statem
514 2066 817 2123 Macedonii
843 2065 1009 2121 cessit
1035 2065 1268 2136 imperii.
1302 2061 1605 2118 Alexander
1637 2070 1871 2133 quatuor

280 2171 337 2217 et
366 2160 585 2233 triginta
611 2157 884 2214 coutinuis
914 2157 1122 2221 diebus,
1146 2164 1451 2211 castrorum
1478 2157 1716 2226 praedam
1746 2174 1870 2228 per-

279 2254 514 2309 censuit.
550 2249 873 2321 Persipolim
918 2258 1078 2320 caput
1124 2249 1331 2304 Persici
1363 2249 1511 2320 regni
1535 2248 1871 2305 confertissi-

279 2361 430 2400 mam
459 2344 652 2415 opibus
680 2343 848 2398 totius
875 2342 1024 2397 orbis
1053 2342 1271 2397 invasit.
1320 2342 1542 2396 Darium
1568 2357 1694 2397 cum
1742 2357 1869 2411 pro-

279 2434 505 2507 pinquis
529 2435 641 2490 suis
665 2434 904 2489 vinetum
941 2432 1292 2505 compedibus
1318 2433 1501 2488 aureis
1524 2433 1695 2488 teneri
1719 2447 1869 2487 com-

285 2529 542 2598 perisset,
569 2542 687 2581 cum
726 2541 821 2581 sex
849 2524 1087 2581 millibus
1115 2525 1354 2595 equitum
1385 2526 1638 2596 persequi
1682 2525 1872 2580 statuit

294 2618 678 2686 inventumque
704 2616 753 2670 in
782 2615 981 2669 itinere
998 2613 1182 2685 multis
1201 2613 1511 2670 confossum
1532 2614 1868 2681 vulneribus,

288 2719 358 2758 ac
380 2714 669 2768 mortuum,
685 2702 902 2774 sepeliri
927 2702 980 2757 in
1005 2703 1278 2773 sepultura
1301 2702 1565 2772 majorum
1592 2703 1866 2773 praecepit.

286 2793 490 2849 Tribus
532 2794 730 2864 pneliis
785 2793 1116 2863 totidemque
1167 2794 1325 2847 annis
1355 2792 1642 2863 quinquies
1687 2792 1868 2848 decies

282 2895 517 2942 centena
542 2886 710 2941 millia
735 2886 972 2957 peditum
1002 2885 1355 2955 equitumque
1382 2893 1721 2953 consumpta,
1747 2883 1869 2963 Alc:

282 2978 494 3033 xander
540 2977 705 3032 etiam
752 2974 990 3031 Judmam
1038 2976 1337 3047 ingressus,
1396 2974 1871 3045 favorabiliterque

281 3077 563 3140 exceptus,
596 3069 709 3124 Deo
737 3069 986 3125 victimas
1007 3067 1253 3123 immolat
1274 3077 1328 3121 et
1354 3066 1660 3139 pontificem
1684 3066 1867 3138 templi

1975 1878 2078 1933 trio
2107 1879 2284 1933 navali
2325 1880 2512 1950 pradio
2558 1881 2803 1937 conﬂixit
2840 1883 3123 1954 victusque
3166 1885 3219 1939 in
3250 1883 3565 1961 [Egyptum

1974 1970 2189 2042 refugit.
2226 1971 2336 2026 llac
2366 1973 2589 2027 victoria
2618 1973 2922 2045 Antigonus
2943 1975 3139 2043 elatus,
3163 1993 3348 2047 regem
3378 1994 3565 2034 secum

1975 2063 2248 2119 Demetrio
2279 2063 2390 2118 filio
2412 2066 2671 2136 appellari
2696 2065 2871 2136 jubet.

2043 2156 2196 2223 Quod
2222 2144 2524 2227 exemplum
2556 2173 2745 2211 omnes
2779 2158 2951 2213 secuti
2970 2200 2984 2223 ,
3018 2173 3205 2227 regum
3237 2160 3338 2215 sibi
3366 2178 3565 2219 nomen

1972 2249 2397 2320 dignitatemque
2420 2260 2787 2320 sumpserunt.
2809 2251 3134 2307 Ptolomaeus
3157 2262 3212 2327 et
3234 2254 3563 2322 Cassander,

1971 2343 2261 2412 caeterique
2286 2344 2509 2398 alterius
2535 2343 2787 2400 factionis
2827 2344 3018 2410 duces,
3060 2344 3321 2402 Seleucus
3348 2362 3565 2418 quoque

1970 2449 2037 2488 ex
2085 2431 2457 2502 Asia'majore
2498 2432 2744 2502 epistolis
2772 2450 2832 2489 se
2890 2433 3121 2491 invicem
3176 2436 3564 2493 confirmantes

1970 2523 2168 2580 bellum
2220 2524 2482 2579 adversus
2533 2524 2863 2594 Antigonum
2917 2524 3296 2581 communibus
3354 2526 3564 2583 viribus

1971 2624 2207 2671 Sli‘Uﬂﬂl.

2045 2706 2123 2761 Eo
2149 2705 2288 2761 bello
2327 2706 2629 2775 Antigonus
2673 2706 2887 2761 occisus
2926 2714 3029 2760 est.
3062 2705 3309 2761 Victores
3340 2723 3462 2762 eum
3493 2707 3562 2764 de

1970 2796 2151 2867 praeda
2177 2811 2282 2849 non
2300 2794 2675 2857 convenirent,
2701 2794 2754 2848 iu
2777 2793 2911 2848 duas
2928 2793 3192 2850 factiones
3210 2795 3558 2863 diducuntur,

1973 2886 2234 2942 Seleucus
2263 2885 2556 2950 Demetrio,
2603 2884 2930 2941 Ptolomaeus
2975 2884 3300 2957 Lysimacho
3347 2894 3404 2941 et
3430 2887 3562 2943 Cas-

1973 2976 2170 3034 sandro
2184 2977 2447 3049 jungitur.

2046 3067 2354 3124 Cassandro
2380 3067 2656 3135 defuncto,
2688 3068 2968 3141 Philippus
2990 3068 3132 3125 filius
3156 3070 3416 3125 succedit.
3449 3071 3560 3127 An-

277 3132 825 3231 Jaddumhonoribus
844 3159 1093 3232 plurimis
1106 3132 1463 3230 prosequitur,
1486 3132 1866 3215 Andromacho
1893 3132 1940 3193 θ
1973 3159 2170 3229 tipater
2188 3158 2624 3214 Thessalonicem
2643 3132 2882 3216 matrem
2905 3176 3082 3226 suam,
3102 3160 3394 3216 Cassandri
3423 3178 3557 3217 uxo-

280 3255 528 3311 locorum
574 3254 797 3309 custode
859 3252 1104 3309 dimisso.
1155 3251 1270 3307 Sub
1310 3251 1597 3307 Persarum
1646 3252 1865 3322 regibus

277 3345 566 3418 pontiﬁces
590 3344 785 3400 summi
810 3342 1055 3411 fuerunt,
1077 3341 1260 3409 Josue,
1293 3341 1559 3407 Joachim,
1600 3340 1858 3414 Eliasiph,

278 3438 494 3502 Joiada,
537 3435 830 3500 Jouathan,
868 3433 1090 3490 Jaddus.
1138 3433 1339 3489 Mansit
1365 3443 1542 3487 autem
1572 3433 1863 3488 Persarum

278 3544 530 3602 regnum,
575 3528 719 3599 quod
747 3525 1031 3581 interfecto
1059 3525 1222 3580 Dario
1252 3526 1585 3581 destructum
1627 3532 1734 3589 est,
1760 3540 1860 3577 an-

277 3638 381 3677 nos
404 3622 661 3676 ducentos
686 3617 906 3688 triginta
928 3632 1116 3670 unum.
1146 3615 1455 3689 Alexander
1482 3621 1603 3683 post
1632 3622 1860 3667 mortem

274 3713 448 3780 Darii,
472 3713 630 3767 annis
659 3713 895 3783 quinque
918 3711 1179 3781 regnavit.
1202 3707 1405 3763 indiam
1436 3706 1739 3779 ingressus,
1765 3705 1858 3760 Ni-

278 3822 395 3861 sam
420 3807 611 3861 urbem
644 3805 796 3860 adiit.
819 3803 1203 3860 Callisthenem
1237 3801 1611 3873 philosophum
1650 3800 1860 3870 sibique

277 3895 421 3968 apud
446 3895 795 3951 Aristotelem
834 3893 1285 3964 condiscipulum,
1322 3908 1444 3948 cum
1473 3890 1718 3962 plurimis
1738 3890 1859 3946 aliis

274 3986 636 4057 principibus,
683 3984 826 4056 quod
857 3999 981 4040 eum
1030 3983 1278 4054 deposito
1322 3981 1590 4037 salutandi
1622 3996 1771 4035 more
1801 3988 1860 4034 ut

274 4077 450 4132 Deum
480 4090 584 4129 non
609 4075 882 4138 adoraret,
920 4074 1139 4128 occidit.
1164 4074 1298 4128 Cum
1325 4071 1464 4127 Poro
1490 4071 1744 4126 ludorum
1774 4086 1860 4126 re-

272 4184 344 4239 ge
369 4167 803 4223 cruentissimum
828 4166 1024 4221 bellum
1052 4169 1236 4238 gessit.
1270 4163 1443 4221 Porus
1463 4165 1645 4220 multis
1665 4165 1854 4221 vulne—

270 4260 431 4315 ribus
454 4257 753 4317 confossus.
790 4267 846 4313 et
865 4267 1076 4328 captus,
1108 4256 1178 4313 ob
1200 4257 1514 4311 memoriam
1540 4256 1754 4311 virtutis
1771 4298 1784 4320 ,
1804 4257 1857 4311 in

270 4365 502 4421 regnum
522 4349 805 4404 restitutus
834 4358 939 4413 est,
970 4348 1153 4403 multa:
1180 4356 1366 4421 gentes
1391 4348 1627 4403 subactae
1652 4349 1857 4419 pericu-

269 4442 563 4498 iosissimis
590 4442 810 4512 pneliis.
858 4442 1045 4497 indum
1074 4442 1275 4496 ﬂumen
1332 4443 1633 4512 ingressus,
1681 4441 1858 4515 Baby-

270 4536 459 4591 lonem
486 4534 738 4590 celeriter
775 4534 1074 4599 rediit,uhi
1097 4548 1221 4589 eum
1255 4535 1639 4589 exterritarum
1689 4537 1854 4589 totius

271 4629 429 4684 orbis
464 4629 864 4699 provinciarum
911 4626 1107 4698 legatio
1133 4626 1479 4697 operiebatur
1515 4644 1528 4678 :
1570 4626 1855 4696 Carthagi—

268 4720 547 4783 nensium,
576 4720 742 4774 totius
764 4717 961 4772 Africae
983 4717 1286 4788 civjtatum,
1318 4715 1702 4786 Hispanorum,
1729 4716 1855 4770 Cal-

268 4812 477 4876 lorum,
503 4808 723 4875 Siciliae,
769 4808 1032 4864 Sardiniae
1060 4823 1074 4862 :
1099 4808 1343 4879 plurima:
1384 4817 1642 4878 praeterea
1673 4796 1855 4876 partes

268 4901 473 4966 Italiae;
506 4900 687 4971 ibique
713 4900 988 4955 tricesimo
1016 4888 1253 4953 secundo
1281 4899 1425 4965 vitae,
1468 4898 1622 4968 regni
1671 4907 1850 4953 autem

270 4990 695 5047 sui'duodecimo
715 5004 883 5053 anno,
903 4987 1141 5043 ministri
1162 4987 1372 5042 insidiis
1416 4985 1611 5041 veneni
1658 4986 1851 5040 haustu

269 5082 454 5154 periit.
484 5081 615 5137 Post
645 5097 807 5151 quem
832 5080 1096 5135 translato
1119 5080 1171 5134 in
1204 5080 1403 5135 multos
1419 5074 1852 5151 imperio,ASgy-

267 5184 424 5245 ptum
446 5174 789 5239 Ptolomaeus,
812 5155 953 5245 Lagi
973 5172 1145 5239 ﬁlius,
1161 5173 1367 5238 tenuit;
1390 5170 1707 5227 Macedonas
1727 5171 1856 5226 Phi-

268 5263 469 5333 lippus,
496 5263 588 5333 qui
623 5271 679 5318 et
720 5261 958 5317 Artheus
982 5261 1152 5316 frater
1180 5261 1506 5325 Alexandri;
1543 5260 1757 5332 Syriam
1799 5270 1855 5316 et

267 5352 618 5425 Babylonem,
646 5362 699 5408 et
739 5353 920 5409 omnia
946 5367 1114 5424 regna
1135 5351 1375 5407 Orientis
1403 5350 1668 5407 Seleucus
1698 5351 1854 5406 Nica-

269 5459 404 5509 nor;
436 5445 578 5499 Asia:
603 5445 848 5515 regnavit
889 5445 1214 5515 Antigonus.
1265 5443 1365 5510 Qui
1411 5442 1548 5514 apud
1576 5442 1850 5497 Danielem

264 5547 365 5602 per
404 5544 643 5604 quatuor
683 5536 820 5591 hirci
868 5536 961 5606 qui
1004 5537 1228 5591 arietem
1255 5528 1712 5590 conteritcornua
1758 5535 1853 5590 de-

268 5623 515 5691 signantu
524 5636 587 5679 r.‘

337 5715 535 5787 ξίδδη
565 5714 905 5783 Ptolomaeus,
935 5717 1063 5787 Lagi
1117 5717 1277 5782 illius,
1307 5717 1463 5773 annis
1492 5716 1847 5796 quadraginta

1966 3254 2105 3315 rem,
2131 3264 2292 3304 manu
2323 3263 2420 3304 sua
2444 3252 2869 3306 transverberat.
2898 3250 3205 3307 Alexander
3232 3251 3401 3307 frater
3417 3250 3554 3321 ejus,

1966 3340 2036 3396 ob
2056 3340 2314 3395 ultionem
2339 3341 2551 3406 matris,
2565 3342 2766 3396 bellum
2788 3341 3047 3397 adversus
3063 3342 3289 3397 fratrem
3306 3326 3553 3408 instruit,

1964 3439 2020 3487 ct
2043 3447 2072 3486 a
2095 3430 2390 3496 Demetrio,
2417 3430 2572 3500 cuius
2593 3432 2855 3486 auxilium
2878 3433 3135 3503 petierat,
3151 3434 3555 3491 circumventus

1963 3523 2251 3579 occiditur.
2272 3523 2600 3580 Ptolommus
2621 3535 2676 3581 et
2695 3524 2958 3582 Seleucus
2976 3538 3034 3581 et
3055 3526 3433 3598 Lysimachus,
3460 3524 3557 3585 ae.

1965 3632 2084 3671 rum
2132 3617 2390 3672 societate
2441 3626 2622 3687 pacta,
2660 3617 2859 3673 bellum
2904 3620 3169 3675 adversus
3218 3621 3553 3677 Demetrium

1965 3708 2321 3765 transferunt.
2359 3708 2457 3764 His
2487 3709 2740 3765 comitem
2778 3719 2835 3765 et
2857 3709 2979 3765 belli
3002 3712 3210 3767 socium
3233 3727 3291 3766 se
3312 3711 3556 3784 Pyrrhus

1960 3816 2055 3857 rex
2103 3802 2249 3877 Epiri
2306 3802 2527 3873 jungit,
2580 3801 2964 3874 Demetrioque
3011 3802 3321 3858 Macedonia
3369 3804 3551 3874 pulso,

1962 3908 2187 3966 regnum
2240 3893 2569 3950 Macedoniae
2621 3892 2866 3966 Pyrrhus
2925 3894 3143 3950 invasit.
3198 3894 3554 3967 Lysimachus

1961 4006 2218 4062 generum
2246 4005 2401 4045 suum
2437 3989 2783 4060 Antipatrum
2814 3988 3156 4045 insidiantem
3185 3990 3286 4045 sibi
3320 3988 3549 4046 interfe—

1958 4085 2058 4150 cit,
2084 4083 2361 4153 liliumque
2386 4097 2546 4137 suum
2571 4082 2924 4153 Agathoclem
2960 4097 3190 4153 perosus
3209 4084 3429 4140 occidit.
3453 4081 3553 4141 Se-

1958 4174 2143 4230 leucus
2180 4175 2395 4229 decimo
2431 4174 2592 4228 tertio
2628 4172 2905 4229 Ptolontaﬁ
2958 4191 3102 4229 anno
3130 4174 3301 4247 Syriae
3324 4192 3553 4249 regnare

1958 4265 2125 4337 carpit
2156 4283 2169 4319 :
2202 4263 2552 4335 Babyloniam
2605 4266 2937 4336 espugnavit
2985 4284 2998 4321 :
3045 4266 3363 4323 Bactrianos
3394 4270 3555 4325 novis

1958 4358 2194 4413 motibus
2239 4364 2584 4425 assurgentes
2638 4357 2987 4426 perdomuit:
3021 4359 3306 4414 transitum
3351 4360 3405 4415 in
3455 4362 3551 4416 ln-

1959 4448 2103 4503 diam
2136 4446 2262 4501 fecit
2291 4461 2412 4516 qua:
2445 4455 2567 4517 post
2592 4456 2820 4501 mortem
2848 4447 3139 4504 Alexandri
3173 4465 3405 4507 excusso
3428 4469 3553 4508 cer-

1962 4538 2170 4592 vicibus
2210 4534 2341 4607 iugo
2372 4535 2656 4607 prxefeetos
2683 4536 2800 4607 ejus
2827 4538 3120 4594 occiderat.
3161 4539 3294 4595 Cum
3330 4542 3547 4598 Andra-

1962 4623 2125 4695 gatho
2159 4621 2294 4675 duce
2324 4621 2488 4675 multa
2537 4630 2593 4676 et
2631 4622 2815 4693 gravia
2854 4624 3036 4694 praelia
3074 4627 3260 4696 gessit,
3285 4628 3549 4687 ﬁrmatis-

1963 4729 2069 4783 que
2095 4711 2498 4767 conditionibus
2536 4722 2693 4782 pacta
2723 4728 2857 4782 pace
2891 4714 3140 4770 discessit
3171 4740 3183 4770 :
3215 4732 3242 4769 a
3271 4733 3380 4788 quo
3409 4732 3545 4776 tem-

1956 4806 2094 4876 pore
2147 4802 2578 4859 Machahseorum
2639 4803 2867 4859 Bebraaa
2930 4806 3154 4862 historia
3231 4808 3549 4868 Graecorum

1960 4903 2215 4966 supputat
2270 4909 2516 4964 regnum.
2548 4893 2591 4947 A
2638 4910 2745 4964 quo
2771 4904 2825 4950 et
2866 4895 3109 4951 Edisseni
3144 4914 3238 4954 sua
3294 4909 3543 4973 tempora

1958 4994 2295 5057 computant.
2360 4986 2739 5052 Antiochiam,
2811 4986 3151 5057 Laodiceam,
3210 4991 3540 5063 Seleuciam,

1956 5078 2259 5148 Apamiam,
2295 5077 2581 5143 Edessam,
2603 5076 2883 5145 Beroeam,
2916 5090 2968 5135 et
2992 5078 3192 5136 Pellam
3217 5086 3381 5139 urbes
3402 5102 3537 5141 con-

1956 5168 2093 5223 didit
2131 5187 2145 5222 :
2195 5168 2248 5222 in
2301 5182 2503 5237 easque
2551 5168 2712 5223 urbes
2763 5186 2901 5238 quas
2930 5174 3543 5240 exstruxerat,.ludaeos

1958 5260 2233 5324 transfert,
2256 5260 2346 5329 jus
2372 5259 2453 5314 eis
2500 5259 2698 5313 civium
2749 5271 2805 5316 et
2854 5264 3230 5334 municipalem
3265 5267 3541 5335 ordinem,

1956 5368 2079 5406 cum
2096 5351 2304 5407 Graecis
2329 5350 2525 5419 mquali
2544 5350 2749 5408 honore
2771 5356 3095 5409 concedens.
3113 5356 3407 5410 Exstinclis
3420 5357 3539 5425 jam

1956 5443 2173 5514 triginta
2199 5451 2432 5512 quatuor
2451 5440 2741 5497 Alexandri
2774 5430 3019 5510 ducibus,
3045 5446 3403 5518 Lysimachus
3434 5462 3539 5503 an-

1956 5546 2054 5587 nos
2077 5540 2234 5586 natus
2247 5533 2584 5614 septuaginta
2601 5544 2850 5603 quatuor,
2871 5545 2925 5590 et
2948 5536 3205 5591 Seleucus
3223 5539 3545 5612 septuagin»

1959 5635 2009 5678 ta
2037 5633 2243 5695 septem
2272 5622 2469 5679 hellqu
2518 5626 2660 5681 inter
2688 5642 2747 5681 se
2786 5625 3089 5680 conferunt.
3126 5626 3383 5684 Ultimum
3432 5632 3539 5687 hoc

1956 5714 2152 5769 bellum
2201 5713 2489 5769 Alexandri
2539 5716 2962 5772 commilitonum
3013 5715 3134 5772 fuit.
3179 5717 3538 5789 Lysimachus
