4024 6362
481 250 549 327 59
1573 264 1822 320 A00le
1865 254 2289 318 AltClltEl’lSC.
2336 262 2735 320 vxexxeusrs
3677 269 3746 326 6ο

479 385 565 441 vel
589 383 805 438 amissis
833 382 913 437 vel
937 381 1238 437 interfectis
1264 391 1388 435 ante
1421 380 1724 449 quindecim
1755 378 1938 432 liberis
1963 392 2060 448 po-
2092 383 2135 437 Λ
2167 375 2418 432 Ᾰίιηίιίιιε
2461 377 2658 432 Paulus
2685 419 2698 443 ,
2751 390 2804 432 ct
2851 379 2908 432 P.
2944 380 3228 433 Terentius
3253 377 3424 433 Varro
3467 395 3743 442 consuies.

483 487 715 532 strenuus
740 476 956 530 occisus
969 484 1068 530 est.
1100 475 1356 529 Seleucus
1377 473 1743 542 postmodum,
1775 471 2060 524 insistente

480 568 810 630 Ptolomaeo,
861 565 1014 633 cujus
1063 581 1306 621 sororem
1360 563 1716 634 Lysimachus
1779 562 2058 626 habuerat,

481 659 696 714 insidiis
740 658 1164 721 circumventus,
1193 657 1404 712 occisus
1432 664 1535 709 est.
1581 653 1904 709 Ptolomaeus
1936 653 2062 708 llic-

481 751 772 823 rosolyinis
815 759 870 806 et
916 749 1099 805 Judaca
1151 750 1203 804 in
1240 749 1495 804 ditionem
1552 763 1704 802 suam
1748 747 1869 800 dolo
1913 747 2064 800 reda—

481 847 624 910 ctis,
701 845 964 915 plurimos
1023 842 1360 912 captivorum
1419 841 1474 897 in
1525 840 1818 912 IEgyptutn
1879 848 2057 893 trans-

481 937 627 992 tulit.

551 1028 858 1086 .iudazorum
909 1027 1151 1100 pontifex
1183 1029 1452 1083 maximus
1497 1024 1662 1082 Onias
1700 1022 1854 1079 Jaddi
1900 1023 2060 1088 filius,

481 1121 665 1178 clarus
694 1121 942 1174 habetur.
971 1117 1100 1174 Post
1134 1134 1292 1188 quem
1325 1116 1763 1188 religiosissimus
1787 1129 1850 1170 ac
1880 1113 2061 1184 piissi—

483 1228 605 1268 mus
630 1209 870 1282 pontifex
901 1210 1086 1264 Simon
1115 1209 1264 1265 Onia:
1301 1208 1463 1262 filius.

556 1303 681 1359 Post
710 1316 872 1372 quem
915 1301 1231 1364 Eleazarus,
1279 1297 1448 1352 frater
1474 1296 1613 1366 ejus,
1637 1295 1745 1349 filio
1782 1296 1899 1365 ejus
1929 1293 2060 1348 Onia

478 1408 649 1466 parvo
673 1392 960 1446 admodum
998 1390 1276 1444 derelicto.
1315 1389 1427 1442 Hoc
1478 1397 1715 1457 tempore
1744 1386 1890 1440 Zeno
1918 1383 2064 1438 Sini-

481 1501 600 1548 cus,
628 1493 682 1540 et
727 1483 1021 1538 Menander
1063 1481 1335 1544 comicus,
1368 1489 1423 1535 et
1460 1478 1864 1548 Theophrastus
1895 1476 2068 1547 philo-

481 1575 683 1643 sophus
712 1572 1040 1628 claruerunt.
1077 1571 1320 1641 Pyrrhus
1363 1585 1456 1624 rex
1502 1570 1842 1638 Epirotarum
1870 1578 1920 1621 et
1952 1567 2064 1620 Ma-

484 1667 724 1724 cedoniae
757 1666 1065 1722 Tarentinis
1100 1664 1340 1735 junctus,
1385 1665 1475 1734 qui
1504 1664 1734 1718 classem
1767 1661 2063 1715 Romanam

2167 477 2356 522 contra
2388 470 2701 524 Annibalem
2745 457 2914 533 missi,
2957 486 3145 524 omnes
3178 486 3317 541 pene
3348 471 3602 526 Romana;
3630 475 3745 543 spei

2161 557 2306 612 vires
2351 559 2699 627 perdiderunt
2735 578 2747 612 :
2794 561 3147 632 quadraginta
3201 570 3255 615 et
3298 570 3531 630 quatuor
3576 562 3745 618 millia

2165 648 2530 704 Romanorqu
2567 651 2868 706 interfecta.
2915 651 3112 707 Consul
3143 653 3394 708 AZmilius
3422 653 3621 711 Paulus
3647 673 3745 712 oc-

2163 741 2346 802 risus;
2407 739 2576 795 Varro
2615 743 2800 796 consul
2854 760 2977 798 omn
3026 745 3414 814 quinquaginta
3473 747 3749 816 equitibus

2165 829 2326 900 fugit;
2352 831 2666 886 consulares
2692 843 2746 887 et
2784 835 3020 902 przrtorii
3062 835 3162 888 viri
3206 836 3394 904 viginti
3445 836 3744 904 interfecti;

2166 937 2444 980 senatores
2472 928 2612 996 capti
2641 929 2725 982 vel
2768 930 2930 984 occisi
2981 930 3231 1000 triginta;
3276 931 3481 988 nobiles
3507 935 3607 989 viri
3634 945 3747 990 tre-

2167 1015 2334 1076 centi.
2369 1016 2694 1086 pedestrium
2735 1020 2963 1073 militum
2995 1021 3350 1090 quadraginta
3381 1023 3568 1090 millia,
3597 1027 3751 1096 equi-

2167 1115 2277 1158 tum
2317 1114 2400 1158 ter
2431 1106 2577 1160 mille
2609 1109 2907 1180 quingenti.
2947 1109 3127 1179 Usque
3162 1112 3298 1167 adeo
3340 1113 3525 1169 ultima
3558 1117 3752 1189 despeo

2167 1197 2304 1251 ratio
2352 1196 2679 1266 Reipublicae
2724 1204 2863 1272 apud
2909 1204 3154 1260 residuos
3197 1204 3468 1262 Romanos
3517 1206 3645 1274 fuit,
3689 1218 3755 1268 ut

2167 1297 2448 1342 senatores
2475 1289 2950 1359 derelinquendam
2968 1292 3165 1348 Urbem
3191 1305 3464 1364 putarent,
3488 1299 3590 1353 nisi
3616 1299 3753 1355 Cor-

2168 1377 2342 1432 nelius
2368 1376 2550 1449 Scipio
2594 1380 2843 1437 tribunus
2884 1391 3013 1439 tunc
3045 1385 3297 1450 militum,
3333 1388 3470 1442 idem
3513 1390 3604 1459 qui
3647 1407 3754 1462 po-

2171 1479 2284 1523 stea
2315 1469 2630 1536 Africanus,
2673 1473 2920 1536 districto
2955 1475 3133 1546 gladio
3164 1477 3536 1545 deterruisset,
3564 1495 3627 1535 ac
3656 1498 3758 1552 po-

2173 1561 2276 1613 tius
2326 1577 2426 1629 pro
2489 1564 2676 1632 patriae
2725 1564 3041 1621 defensione
3095 1569 3147 1622 in
3193 1583 3287 1622 sua
3347 1571 3508 1626 verba
3567 1574 3758 1643 jurare

2174 1655 2456 1724 coegisset,
2509 1656 2765 1712 Claudius
2811 1658 3096 1714 Marcellus
3124 1661 3403 1716 Annibalis
3452 1665 3758 1720 exercitum

491 1766 906 1829 prietereuntem
935 1727 1260 1815 invaserant.
1296 1727 1417 1810 cuni
1461 1753 1700 1808 exercitu
1739 1751 1984 1805 Romano
2011 1759 2066 1804 ct
2100 1727 2141 1784 Β
2172 1744 2355 1813 ί)γωίἰο
2379 1744 2532 1800 fudit.
2561 1747 2856 1804 Centenius
2883 1749 3083 1804 Penula
3115 1752 3360 1806 centurio
3392 1754 3460 1806 ab
3488 1753 3757 1810 Annibale

481 1848 687 1904 Levino
708 1847 930 1903 consule
960 1861 1192 1916 pugnam
1224 1846 1360 1900 iniit.
1389 1845 1488 1912 Qui
1526 1843 1717 1914 viginti
1748 1843 2066 1912 elephantos

483 1955 654 2010 usque
673 1940 741 1993 ad
777 1939 827 1992 id
853 1947 1063 2008 tempus
1094 1938 1355 1992 Romanis
1378 1937 1600 2000 invisos,
1634 1935 1689 1989 in
1716 1934 1925 1989 Italiam
1949 1934 2062 2004 pri-

487 2047 607 2085 mus
630 2031 853 2084 invexit.

533 2121 746 2193 ~[4570]
794 2121 1120 2177 Ptolomazus
1169 2119 1584 2188 Philadelphus,
1637 2119 1795 2174 annis
1847 2117 2064 2189 triginta

488 2221 632 2268 octo.
666 2212 948 2267 Sostratus
984 2213 1214 2282 pharnm
1265 2213 1317 2266 in
1369 2212 1692 2266 Alexandria
1739 2211 2063 2267 construxit.

486 2301 810 2356 Ptolommus
853 2301 1067 2357 Iudaeos
1121 2302 1211 2372 qui
1260 2303 1312 2356 in
1352 2301 1586 2373 Egypto
1641 2310 1820 2365 erant,
1869 2301 2066 2357 liberos

487 2408 611 2448 esse
632 2394 895 2464 permisit,
928 2403 984 2449 et
1005 2395 1264 2449 Eleazaro
1289 2395 1528 2466 pontifici
1550 2410 1676 2450 vasa
1699 2403 1882 2450 sancta
1910 2396 2068 2451 resti—

489 2491 670 2548 tuens,
695 2484 862 2538 multa
891 2485 1115 2540 donaria
1137 2486 1189 2539 in
1216 2486 1470 2556 templum
1494 2485 1878 2558 Hierosolymis
1895 2495 2070 2542 trans-

489 2576 655 2630 misit.
683 2575 1033 2648 Septuaginta
1068 2579 1395 2649 interpretes
1418 2580 1590 2650 petiit,
1615 2582 1705 2650 qui
1732 2580 2065 2652 Scripturam

488 2676 734 2722 sanctam
772 2668 825 2722 in
857 2668 1103 2724 Graecum
1132 2669 1407 2740 eloquium
1436 2681 1732 2726 verterent.
1767 2671 1952 2727 'l'auta:
1973 2688 2067 2726 au-

487 2765 598 2812 tem
627 2759 880 2827 potentia:
923 2759 1054 2827 fuit,
1091 2769 1152 2814 nt
1193 2759 1542 2816 Ptolomaeum
1573 2770 1780 2831 patrem
1807 2762 2063 2817 vinceret.

488 2847 690 2904 Habuit
715 2850 860 2903 enim
907 2852 1147 2920 peditum
1195 2852 1406 2906 infinita
1454 2852 1640 2915 millia,
1693 2852 1934 2920 equitum
1985 2853 2066 2905 vi-

487 2941 620 3010 ginti
671 2941 856 3005 millia,
889 2957 1148 2996 curruum
1176 2943 1282 2996 duo
1313 2943 1512 3007 millia,
1565 2942 1881 3012 elephantos
1927 2957 2064 3012 quos

485 3031 696 3098 primus
723 3031 944 3086 adduxit
963 3047 1030 3087 ex
1057 3032 1332 3103 Ethiopia
1377 3034 1821 3105 quadringentos.
1855 3033 2068 3088 Iudaeo-

491 3136 610 3174 rum
629 3121 999 3189 pontificatum
1021 3134 1143 3194 post
1161 3123 1480 3179 Eleazarum
1501 3124 1798 3179 avunculus
1820 3125 1936 3194 ejus
1957 3124 2068 3178 Ma-

488 3227 678 3267 nasses
705 3216 930 3283 accepit.
962 3215 1158 3270 Aratus
1181 3217 1484 3286 astrologus
1522 3218 1868 3288 agnoscitur:
1904 3225 2067 3286 atque

490 3305 731 3374 argentei
757 3307 959 3360 nummi
991 3307 1222 3376 primum
1249 3307 1434 3362 Roma:
1461 3309 1880 3363 constituuntur.
1905 3308 2068 3363 Amil-

487 3408 604 3458 car,
628 3395 730 3448 dux
751 3394 1278 3465 Carthaginensium,
1304 3399 1370 3452 ab
1400 3397 1653 3468 Hispanis
1685 3399 1738 3452 in
1765 3399 1905 3455 bello
1929 3401 2071 3456 occi-

490 3498 583 3538 sus
611 3495 712 3539 est.
734 3484 1000 3557 Illyricum
1028 3488 1222 3542 bellum
1245 3491 1642 3545 atrocissimum
1666 3508 1787 3546 cum
1811 3491 2070 3548 Romanis

491 3585 722 3644 gestum.
740 3575 1005 3646 Cisalpina
1034 3577 1202 3633 Gallia
1226 3595 1256 3633 a
1288 3579 1548 3636 Romanis
1574 3580 1790 3636 defecit.
1807 3582 2071 3643 Commis-

491 3680 660 3733 soque
683 3666 866 3735 prmlio
887 3670 1023 3737 apud
1038 3669 1282 3725 Aretium
1305 3671 1502 3726 Atilius
1527 3673 1714 3727 consul
1739 3674 1951 3728 occisus
1965 3682 2067 3728 est.

490 3757 692 3812 Eodem
725 3773 868 3811 anno
897 3761 1014 3812 diro
1041 3763 1294 3816 miseram
1324 3762 1520 3818 Urbem
1547 3771 1789 3818 terruere
1808 3765 2069 3836 prodigia.

495 3845 740 3916 Namque
792 3849 842 3902 in
871 3848 1066 3903 Piceno
1107 3850 1266 3905 fluvio
1312 3854 1533 3923 sanguis
1583 3853 1805 3914 chluxit,
1841 3864 1896 3909 et
1929 3856 2067 3925 apud

492 3940 737 3994 Thuscos
760 3940 956 3994 callum
980 3943 1171 3996 ardere
1195 3943 1390 4008 visum,
1417 3953 1467 3996 et
1493 3944 1724 3999 Arimini
1747 3956 1904 4000 nocte
1933 3948 2067 4002 mul-

496 4041 603 4082 tam
633 4029 804 4083 lucem
843 4030 1044 4083 claram
1075 4029 1362 4086 obfulsisse
1397 4048 1461 4087 ac
1491 4042 1600 4088 tres
1639 4034 1792 4090 lunas
1825 4035 2073 4092 distanti-

495 4117 600 4171 bus
630 4117 749 4172 (κὰτιί
788 4118 1097 4188 regionibus
1127 4131 1345 4175 exortus
1386 4125 1720 4192 apparuisse.
1781 4126 2075 4182 Flaminius

493 4209 716 4273 consul,
749 4210 1075 4280 contemptis
1115 4213 1374 4282 auguriis,
1407 4229 1527 4267 cum
1557 4214 1729 4269 Gallis
1754 4225 1810 4270 et
1836 4218 2078 4273 conﬂixit

495 4308 548 4352 et
590 4300 738 4353 vicit.
785 4299 1016 4354 Annibal
1065 4301 1353 4356 Pomorum
1403 4303 1696 4374 imperator
1739 4309 1876 4375 patri
1907 4307 2077 4362 Antil-

493 4393 628 4456 cari,
657 4407 778 4446 cum
816 4404 961 4448 esset
989 4409 1179 4448 novem
1225 4396 1380 4450 annis
1427 4406 1598 4459 natus,
1632 4398 1839 4469 juravit
1881 4416 1938 4455 se
1970 4401 2074 4456 Ro-
2104 4433 2153 4492 Ι)

493 4482 670 4536 inanis
697 4499 970 4554 nunquam
999 4487 1231 4542 amicum
1259 4487 1513 4542 futurum.
1548 4488 1835 4560 Pyrenaeos
1861 4503 2072 4550 montes

493 4582 868 4645 transgressus
929 4575 1070 4631 inter
1130 4576 1493 4634 ferocissimas
1541 4579 1816 4636 Gallorum
1885 4593 2072 4656 gentes

494 4664 642 4720 ferro
672 4666 812 4720 viam
846 4669 1093 4737 aperuit:
1119 4679 1174 4724 et
1201 4687 1342 4726 nono
1369 4675 1581 4728 demum
1631 4675 1718 4729 die
1756 4691 1785 4730 a
1811 4676 2073 4748 Pyrenaao

495 4758 565 4812 ad
591 4759 756 4827 Alpes
779 4749 1046 4830 pervenit,
1077 4772 1239 4834 atque
1268 4766 1440 4821 invias
1479 4783 1640 4838 rupes
1680 4769 1791 4838 igni
1821 4767 2074 4839 ferroque

495 4850 736 4914 rescidit,
765 4853 1060 4922 quintoque
1087 4854 1176 4910 die
1204 4872 1323 4910 cum
1353 4859 1589 4914 maximo
1611 4859 1796 4916 labore
1824 4861 1890 4914 ad
1915 4861 2073 4930 plana

497 4943 747 5010 pervenit
771 4962 784 4996 :
809 4960 930 4998 cum
958 4944 1214 5016 Scipione
1244 4949 1466 5003 consule
1494 4951 1735 5020 praelium
1781 4952 2072 5006 commisit.

493 5030 617 5100 Ipse
659 5032 843 5102 Scipio
892 5036 961 5090 ibi
1010 5039 1248 5107 graviter
1276 5040 1610 5107 vulneratus,
1644 5057 1740 5112 per
1769 5042 2076 5112 Scipionem

496 5121 665 5177 filium
713 5125 998 5181 admodum
1045 5140 1458 5198 prmtextatum,
1508 5135 1599 5203 qui
1641 5141 1762 5204 post
1789 5133 2077 5190 Africanus

499 5215 675 5270 dictus
704 5225 807 5282 est,
838 5219 906 5272 ab
936 5219 1049 5289 ipsa
1079 5231 1251 5277 morte
1290 5222 1546 5277 liberatus
1576 5225 1765 5280 evasit.
1818 5225 2074 5294 Sempro-

499 5305 622 5362 nius
653 5309 841 5362 consul
871 5309 1121 5365 similiter
1147 5328 1268 5366 cum
1298 5328 1362 5366 eo
1391 5329 1733 5385 congressus,
1763 5330 1900 5384 pene
1929 5321 2077 5374 solus

494 5398 690 5475 evasit.
719 5399 951 5454 Annibal
982 5402 1234 5456 violentia
1273 5403 1509 5473 frigoris,
1547 5406 1849 5475 vigiliarum
1891 5424 1955 5462 ac
1996 5408 2078 5462 la-

499 5486 667 5552 boris,
695 5490 906 5545 oculum
937 5492 1138 5547 amisit.
1166 5493 1247 5546 Ad
1277 5493 1701 5566 Thrasymenum
1735 5497 1934 5562 lacum,
1959 5498 2079 5551 Fla-

502 5579 671 5634 minio
719 5582 937 5637 consule
981 5584 1183 5647 occiso,
1208 5583 1484 5639 Romanus
1521 5587 1792 5648 exercitus
1840 5586 2080 5644 funditus

496 5671 805 5729 trucidatus
830 5683 929 5729 est.
982 5676 1134 5746 Apud
1164 5676 1378 5731 Carinas
1408 5678 1646 5748 Appulia:
1674 5679 1851 5734 vicum
1881 5680 2077 5736 Lucius

2092 3083 2140 3144 C

2169 1851 2290 1890 cum
2340 1846 2463 1892 octo
2505 1839 2742 1895 millibus
2789 1841 3015 1895 millium
3059 1857 3251 1896 caesus.
3292 1841 3492 1899 Cneius
3532 1843 3760 1902 Fulvius

2169 1936 2367 1998 prmtor
2390 1930 2586 1984 victus.
2633 1931 2864 1985 Annibal
2915 1932 2982 1985 ad
3011 1931 3272 1986 Anienem
3319 1931 3537 1987 fluvium
3582 1935 3759 1991 tribus

2169 2018 2406 2074 millibus
2444 2021 2512 2076 ab
2552 2020 2732 2088 Urbe,
2781 2037 2900 2077 cum
2931 2017 3247 2078 Cu.'Fulvio
3277 2033 3331 2079 et
3357 2024 3587 2095 Sulpitio
3626 2042 3762 2082 con-

2169 2109 2377 2164 sulibus
2401 2127 2635 2182 pugnam
2667 2114 3075 2178 commissurus,
3105 2115 3286 2170 subito
3314 2116 3486 2172 imbre
3513 2127 3568 2173 et
3593 2135 3762 2190 gran-

2169 2197 2295 2254 dine
2323 2200 2498 2255 mistae
2524 2201 2754 2258 nubibus
2779 2202 2967 2269 effuso,
2999 2205 3220 2260 territus
3246 2205 3296 2259 in
3327 2215 3505 2266 castra
3533 2209 3756 2280 refugit.

2171 2293 2431 2363 Tuncque
2461 2293 2662 2348 dixisse
2692 2293 2866 2349 fertur
2892 2313 2904 2348 :
2937 2295 3209 2365 potiunda:
3239 2298 3339 2351 sibi
3377 2298 3563 2354 Roma:
3593 2300 3761 2355 modo

2170 2389 2498 2445 voluntatem
2542 2405 2648 2444 non
2698 2390 2840 2455 dari,
2866 2391 3028 2445 modo
3071 2400 3418 2462 potestatem.
3469 2392 3761 2462 Scipiones

2171 2481 2278 2536 duo
2326 2480 2524 2537 fratres
2561 2482 2614 2536 in
2645 2481 2900 2552 Hispania
2931 2482 3282 2537 Asdrubalem
3321 2483 3605 2538 Pmnorum
3647 2485 3760 2538 im-

2169 2582 2476 2644 peratorem
2507 2574 2827 2644 gravissimo
2854 2573 2994 2627 bello
3023 2582 3430 2644 oppresserunt.
3471 2575 3611 2629 Idem
3641 2573 3760 2629 Sei-

2173 2669 2360 2738 piones
2388 2668 2548 2723 ambo
2582 2682 2612 2722 e
2649 2667 2816 2722 fratre
2841 2667 3161 2722 Asdrubalis
3196 2667 3248 2721 in
3283 2666 3538 2736 Hispania
3583 2666 3758 2721 inter-

2171 2757 2300 2812 fecti
2347 2766 2506 2824 sunt;
2559 2773 2589 2810 a
2632 2757 2732 2824 Qu.
2776 2757 2962 2831 Fulvio
3009 2759 3190 2828 Capua
3240 2765 3396 2828 capta
3433 2767 3533 2812 est.
3573 2758 3759 2828 Scipio

2172 2862 2342 2900 annos
2376 2857 2536 2901 natus
2561 2847 2749 2917 viginti
2783 2857 3042 2918 quatuor,
3083 2848 3367 2918 imperium
3412 2848 3466 2902 in
3495 2846 3756 2917 Hispania

2173 2940 2557 3010 proconsulare
2593 2941 2817 2995 sortitus
2865 2949 2968 3004 est,
3017 2955 3115 3009 pro
3163 2949 3314 3010 patre
3363 2949 3418 2995 et
3456 2951 3648 3011 patruo
3683 2940 3757 2995 ibi

2171 3033 2389 3089 occisis.
2435 3033 2715 3104 Magonem
2764 3033 2984 3088 fratrem
3027 3033 3308 3087 Annibalis
3354 3042 3572 3104 captum
3629 3049 3752 3086 cum

2175 3124 2388 3178 creteris
2444 3124 2668 3178 Romam
2734 3123 2899 3178 misit.
2964 3121 3147 3192 Scipio
3210 3121 3499 3177 Poenorum
3564 3123 3755 3176 ducem

2171 3211 2529 3267 Asdrubalem
2578 3211 2731 3274 vicit,
2780 3220 2835 3266 et
2865 3212 3060 3267 castris
3089 3211 3256 3265 exuit.
3316 3209 3633 3264 Universam
3665 3210 3758 3264 Hi-

2173 3304 2418 3374 spaniam
2473 3321 2502 3357 a
2531 3303 2790 3375 Pyrenaeo
2831 3317 3003 3374 usque
3034 3304 3099 3357 ad
3131 3302 3405 3359 Oceanum
3456 3305 3507 3357 in
3539 3304 3759 3372 provin-

2174 3399 2312 3452 ciam
2339 3396 2566 3467 redegit.
2601 3396 2800 3451 Consul
2827 3413 2948 3452 cum
2978 3397 3186 3452 Licinio
3210 3396 3404 3452 Crasso
3434 3407 3676 3464 creatus,
3703 3399 3757 3452 in

2173 3489 2412 3544 Africam
2443 3489 2679 3544 transiit.

2243 3581 2526 3635 Annonem
2555 3579 2842 3634 Amilcaris
2873 3579 3038 3632 filium
3067 3579 3256 3633 ducem
3280 3577 3570 3632 Pcenorum
3600 3580 3762 3633 inter-

2175 3673 2326 3730 fecit.
2396 3671 2665 3726 Asdrubal
2720 3672 3018 3739 imperator
3060 3669 3445 3739 Carthagincm
3499 3670 3762 3740 profugus
3794 3703 3808 3713 ο

2175 3766 2340 3819 venit.
2383 3761 2611 3817 Annibal
2665 3762 2716 3815 in
2743 3761 2894 3816 Italia
2937 3760 3183 3815 Fluvium
3215 3759 3592 3829 proconsulem
3630 3777 3754 3815 cum

2175 3854 2422 3910 undecim
2469 3853 2698 3906 tribunis
2725 3851 3014 3908 interfecit.
3048 3851 3331 3906 Marcellus
3381 3851 3568 3905 consul
3630 3867 3754 3905 cum

2175 3945 2442 4002 Annibale
2469 3945 2645 3999 triduo
2675 3944 2933 3998 continuo
2965 3944 3260 3998 dimicavit.
3289 3941 3472 3996 Primo
3507 3942 3616 4007 die,
3643 3943 3762 4012 pari

2176 4051 2350 4110 pugna
2378 4036 2672 4091 discessum
2703 4045 2824 4101 est;
2866 4035 3130 4104 sequenti,
3165 4035 3337 4089 victus
3383 4032 3566 4087 consul
3602 4049 3616 4097 ;
3653 4041 3765 4085 ter-

2179 4132 2276 4195 tio,
2302 4130 2474 4184 victor
2495 4127 2814 4182 Annibalem
2850 4127 3036 4198 fugere
3068 4127 3122 4180 in
3150 4135 3323 4181 castra
3352 4125 3626 4195 compulit.
3660 4123 3767 4177 Fa-

2177 4222 2299 4276 bius
2350 4220 2614 4275 Maximus
2661 4219 2889 4285 consul,
2937 4220 3232 4274 Tarentum
3281 4235 3401 4289 qurr.
3435 4235 3465 4273 a
3505 4218 3767 4272 Romanis

2181 4311 2502 4375 desciverat,
2534 4310 2675 4379 cepit
2701 4328 2713 4363 ε
2742 4310 2924 4380 ibique
2961 4311 3204 4380 ingentes
3249 4311 3432 4380 copias
3453 4302 3763 4374 Annibalis,

2179 4416 2301 4455 cum
2353 4400 2468 4470 ipso
2507 4399 2643 4454 duce
2695 4401 2812 4471 ejus
2854 4400 3180 4455 Carthalone
3224 4400 3460 4464 delevit;
3507 4398 3767 4454 Claudius

2183 4494 2468 4549 Marcellus
2506 4494 2691 4549 consul
2727 4495 2794 4549 ab
2823 4494 3088 4550 Annibale
3119 4494 3240 4548 cum
3272 4494 3512 4548 exercitu
3550 4493 3767 4547 occisus

2180 4594 2282 4639 est.
2327 4584 2560 4638 Annibal
2601 4593 2888 4652 utrumque
2917 4584 3194 4638 consulem
3224 4583 3530 4637 Marcellum
3563 4590 3618 4636 et
3646 4581 3766 4638 Cri—

2183 4692 2337 4747 spum
2371 4677 2582 4731 insidiis
2604 4677 3001 4730 circumventos
3029 4675 3333 4741 interfecit;
3361 4673 3626 4729 Asdrubal
3651 4674 3766 4727 frao

2185 4779 2267 4824 ter
2287 4767 2566 4825 Annibalis
2611 4783 2640 4820 a
2671 4767 2850 4822 Marco
2872 4768 3025 4822 Livio
3054 4777 3107 4822 et
3136 4767 3360 4822 Claudio
3389 4767 3600 4821 Nerone
3631 4782 3766 4821 con-

2183 4859 2390 4912 sulibus
2426 4864 2747 4927 praeventus,
2774 4872 2896 4910 cum
2926 4857 3070 4911 omni
3103 4857 3344 4910 exercitu
3393 4873 3489 4911 suo
3522 4857 3574 4909 iu
3606 4857 3762 4911 Italia

2183 4949 2499 5004 interfectus
2521 4954 2624 5000 est.
2649 4947 2899 5001 Annibali
2929 4956 3091 5016 caput
3120 4945 3304 5001 fratris
3339 4947 3420 5000 sui
3447 4946 3767 5001 Asdrubalis

2183 5049 2310 5096 ante
2353 5048 2532 5094 castra
2588 5038 2758 5108 ipsius
2800 5040 3120 5109 projectum.
3173 5037 3526 5108 Sempronius
3575 5041 3767 5093 consul

2181 5146 2304 5185 cum
2329 5127 2592 5184 Annibale
2620 5144 2962 5198 congressus,
2991 5138 3044 5183 et
3072 5128 3266 5193 victus,
3294 5127 3520 5183 Romam
3547 5129 3762 5195 refugit.

2181 5221 2412 5277 Annibal
2449 5230 2583 5290 post
2633 5221 2891 5276 tredecim
2946 5237 3121 5277 annos
3174 5223 3352 5277 redire
3401 5223 3454 5275 in
3500 5219 3766 5285 Africam,

2177 5315 2364 5384 jussus
2411 5313 2648 5368 obsessis
2688 5312 3206 5381 Carthaginiensibus
3252 5313 3578 5377 subvenire,
3630 5311 3769 5367 flens

2185 5407 2404 5476 reliquit
2448 5406 2654 5461 Italiam
2682 5448 2696 5471 ,
2742 5407 2992 5462 omnibus
3031 5407 3197 5461 Italici
3245 5407 3459 5476 generis
3506 5405 3769 5460 militibus

2185 5499 2274 5565 qui
2323 5497 2473 5567 sequi
2513 5497 2714 5550 nollent
2769 5497 3099 5559 interfectis,
3152 5495 3532 5566 Carthaginem
3583 5496 3765 5557 venit,

2186 5591 2510 5659 colloquium
2556 5589 2824 5658 Scipionis
2865 5591 2996 5658 petit
3025 5607 3037 5643 :
3069 5590 3156 5642 ubi
3184 5606 3304 5643 cum
3333 5604 3390 5644 se
3417 5589 3505 5642 diu
3549 5587 3764 5640 attoniti

2189 5681 2544 5736 auhniratinnc
2593 5689 2774 5734 mutua
2825 5680 3211 5749 suspexisscut,
3257 5679 3453 5735 infecto
3490 5678 3638 5748 pacis
3679 5692 3770 5730 ueA
