4024 6362
275 331 354 387 61
1362 328 1773 387 CHRONICON.
1811 361 1873 370 ~—

1974 328 2126 384 πλε
2163 328 2440 398 QUIN‘I‘A.
2532 302 2537 311 ’
3483 344 3554 400 ω

275 444 460 513 gotio,
505 440 748 512 prndium
788 448 1094 497 consertum
1139 451 1242 495 est.
1293 441 1419 521 Inde
1465 440 1693 497 Annibal
1744 457 1864 496 cum
1895 440 2245 506 A‘Gracchns
2277 441 2522 496 Tiberius
2548 440 2922 512 Sempronius,
2969 446 3110 521 apud
3146 446 3407 505 Viennam
3452 470 3544 507 ur-

276 534 482 603 pancis
512 533 655 587 inter
686 531 971 586 tumultum
995 530 1227 601 elapsus,
1258 518 1648 586 Adrumentum
1682 531 1874 586 confu-

275 626 390 693 git.
430 623 948 694 Carthaginiensibus
985 636 1089 692 pax
1124 637 1221 691 per
1247 621 1555 690 Scipionem
1589 637 1869 687 concessa,

274 728 460 767 naves
486 711 771 781 plusquam
814 713 1119 781 quingenta:
1167 709 1420 764 incensae.
1476 709 1660 779 Scipio
1688 712 1875 766 trium-

274 806 469 873 phans
493 802 691 859 Urbem
725 802 1019 870 ingressus,
1056 815 1241 869 quam.
1265 811 1291 840 α
1330 800 1614 856 Terentius
1635 801 1874 856 comicus

274 910 353 948 ex
384 893 655 949 nobilibus
676 890 1182 962 Carthaginiensium
1210 892 1436 961 captivis
1459 892 1706 962 pileatus,
1732 891 1874 962 quod

278 986 509 1056 insigne
573 982 794 1038 indulta:
844 982 946 1036 sibi
991 982 1257 1035 libertatis
1304 981 1403 1035 fuit
1457 982 1871 1052 triumphantem

278 1085 415 1147 post
438 1089 658 1131 currum
684 1081 902 1128 secutus
926 1081 1030 1127 est.
1068 1071 1327 1127 Punicum
1359 1074 1552 1128 bellum
1580 1076 1872 1130 secundum

282 1166 530 1229 ﬁnitum,
560 1164 704 1234 quod
743 1172 952 1235 gestum
993 1171 1077 1217 est
1106 1165 1265 1217 annis
1294 1165 1584 1218 sexdecim.

352 1254 552 1329 {4588]
575 1254 899 1309 Ptolomanis
916 1253 1206 1323 Evergths
1232 1252 1397 1308 frater
1419 1255 1711 1326 superioris
1732 1257 1874 1328 regis

284 1348 453 1405 annis
498 1346 688 1417 viginti
713 1359 829 1410 sex,
874 1346 963 1414 qui
1018 1345 1140 1399 inde
1184 1347 1472 1415 Evergetes
1516 1348 1584 1402 ab
1604 1347 1874 1420 Egyptiis

284 1445 376 1492 est
420 1443 667 1498 vocatus,
719 1434 845 1504 Quia
892 1443 1047 1504 capta
1083 1434 1237 1505 Syria
1276 1436 1537 1498 aCilieia.
1584 1448 1639 1491 et
1687 1454 1877 1507 prope-

286 1529 514 1584 modum
543 1529 795 1581 universa
824 1526 974 1589 Asia,
1007 1526 1148 1581 inter
1191 1527 1470 1583 innumera
1505 1530 1712 1599 argenti
1742 1545 1874 1599 pon-

288 1621 425 1675 dera
463 1633 527 1673 ac
548 1634 673 1672 vasa
706 1617 963 1687 pretiosa,
992 1618 1154 1672 etiam
1181 1619 1310 1674 deos
1337 1634 1523 1673 eorum
1552 1636 1686 1690 quos
1710 1619 1870 1676 Cam-

291 1711 482 1781 byses,
509 1718 661 1779 capta
686 1707 943 1779 Egypto,
981 1709 1033 1762 in
1069 1708 1267 1763 Persas
1317 1720 1649 1778 portaverat,
1692 1712 1872 1765 retulit

208 1836 211 1837 ν
289 1801 599 1855 Iudaeorum
626 1797 866 1868 pontifex
896 1797 1082 1861 Ouias,
1126 1797 1370 1853 Simonis
1411 1800 1540 1869 justi
1574 1800 1733 1866 ﬁlius,
1765 1802 1873 1856 cla—
1905 1784 1946 1844 Β

289 1906 390 1945 rus
436 1889 684 1944 habetur.
729 1886 895 1956 Cujus
938 1888 1068 1941 item
1115 1886 1255 1941 ﬁlius
1285 1886 1471 1943 Simon
1521 1905 1626 1943 non
1674 1891 1869 1945 minori

287 1984 460 2054 gloria
502 1982 688 2051 fulget.
737 1975 850 2036 Sub
874 1996 980 2049 quo
1000 1980 1155 2036 Jesns
1190 1982 1330 2036 filius
1359 1983 1551 2038 Sirach
1582 1983 1871 2054 Sapientia:

289 2073 489 2127 librum
535 2087 889 2143 componens,
933 2087 1092 2141 quem
1122 2071 1444 2127 Panaretum
1488 2077 1869 2131 vocatzetiam

289 2164 534 2219 Simonis
586 2164 638 2219 in
669 2179 735 2218 eo
766 2163 894 2218 fecit
922 2164 1267 2218 mentionem.
1301 2164 1597 2221 Flaminius
1637 2180 1870 2236 procon-

288 2255 391 2315 sul,
424 2254 728 2325 Philippum
761 2269 941 2324 regem
975 2261 1030 2308 et
1058 2269 1181 2309 cum
1217 2269 1281 2308 eo
1324 2254 1579 2317 Thracas,
1626 2258 1871 2313 Macedo-

285 2361 410 2410 nes,
456 2343 686 2415 Illyrios,
736 2343 1042 2411 multasque
1088 2350 1347 2411 praeterea
1396 2354 1623 2415 gentes,
1665 2362 1785 2416 qme
1816 2348 1868 2402 in

291 2443 552 2497 auxilium
601 2442 720 2511 ejus
761 2450 1066 2505 venerant,
1112 2441 1254 2496 bello
1297 2443 1528 2511 subegit.
1573 2443 1872 2497 Antiochus

293 2547 395 2586 rex
436 2531 607 2602 Syria:
650 2530 848 2586 bellum
897 2540 1086 2585 contra
1132 2532 1387 2601 populum
1436 2533 1738 2587 Romanum
1787 2534 1864 2587 in-

302 2631 540 2684 stniens,
567 2622 619 2676 in
644 2622 902 2692 Europam
932 2621 1184 2676 transivit
1209 2637 1277 2676 ex
1296 2623 1447 2677 Asia.
1466 2622 1695 2677 Annibal
1724 2624 1872 2677 exhi-

294 2712 414 2767 beri
436 2713 657 2766 Romam
696 2729 726 2767 a
753 2721 943 2768 senatu
978 2711 1182 2781 jussus,
1211 2713 1351 2767 clam
1388 2728 1453 2767 ex
1478 2711 1659 2767 Africa
1694 2712 1871 2784 profe-

292 2813 460 2868 ctus,
508 2803 574 2859 ad
613 2805 941 2861 Antiochum
990 2805 1239 2876 migravit
1287 2822 1302 2858 :
1345 2821 1505 2875 quem
1558 2821 1680 2860 cum
1727 2807 1870 2876 apud

290 2895 564 2964 Ephesum
596 2895 889 2950 invenisset
915 2904 1279 2961 cunctantem,
1307 2911 1429 2951 mox
1465 2897 1516 2951 in
1542 2896 1740 2951 bellum
1770 2898 1872 2951 im—

289 2984 445 3055 pulit.
478 2983 666 3056 Scipio
696 2984 979 3041 Africanus
1020 2986 1164 3039 inter
1191 2994 1418 3042 caeteros
1436 2987 1640 3057 legatos
1666 2988 1732 3040 ad
1754 2986 1870 3040 An-

291 3075 531 3129 tiochum
581 3075 800 3142 missus,
850 3076 1012 3130 etiam
1063 3091 1183 3130 cum
1223 3076 1490 3132 Annibale
1536 3076 1865 3146 colloquium

290 3164 560 3221 familiare
589 3135 816 3221 habuit':
847 3166 943 3223 sed
986 3167 1187 3224 infecto
1214 3172 1361 3239 pacis
1402 3170 1639 3240 negotio,
1666 3135 1733 3224 ab
1759 3169 1869 3224 An-
1893 3135 1939 3198 ε

291 3255 476 3310 tiocho
507 3256 778 3311 discessit.
820 3256 1226 3328 Cominissoque
1256 3259 1416 3323 bello,
1446 3276 1477 3314 a
1505 3259 1725 3315 consule
1751 3258 1872 3314 Gla-

290 3346 484 3401 brione
527 3358 814 3417 superatus
859 3348 1159 3406 Antiochus
1206 3352 1297 3405 vix
1344 3368 1465 3407 cum
1504 3352 1693 3422 paucis
1734 3350 1872 3424 fugit

290 3449 322 3488 e
346 3436 552 3505 praelio.
583 3436 781 3492 Iterum
814 3437 995 3509 Scipio
1023 3438 1316 3494 Africanus
1357 3440 1564 3495 habens
1590 3440 1643 3494 in
1669 3440 1870 3495 auxilio

291 3527 591 3584 Eumenem
636 3529 799 3584 Attali
846 3529 1047 3593 ﬁlium,
1086 3531 1349 3586 adversus
1385 3532 1725 3595 Annibalem,
1777 3532 1870 3601 qui

289 3630 425 3677 tunc
458 3622 708 3677 Antiochi
748 3622 909 3679 classi
937 3631 1188 3692 prmerat,
1231 3622 1426 3679 bellum
1464 3623 1659 3678 navale
1683 3623 1867 3694 gessit.

289 3713 615 3775 Antiochus,
644 3714 789 3770 victo
812 3715 1077 3769 Annibale
1118 3723 1281 3785 atque
1324 3714 1379 3768 in
1422 3713 1599 3786 fugam
1632 3724 1774 3779 acto,
1804 3713 1874 3768 si-

290 3804 512 3872 mulque
557 3805 705 3859 omni
751 3805 994 3860 exercitu
1039 3804 1261 3869 amisso,
1306 3819 1497 3875 pacem
1543 3803 1772 3875 rogavit,
1803 3802 1869 3856 fl-

288 3893 532 3964 Iiumque
575 3894 812 3950 Africani
859 3894 1160 3966 (incertum
1209 3896 1424 3964 quando
1458 3894 1683 3967 ceperit)
1728 3893 1871 3948 ultro

288 3986 768 4043 remisit.Annibal
798 3986 936 4057 apud
961 3985 1208 4041 Prusiam
1232 3987 1511 4059 Bytbynize
1536 4002 1717 4058 regem
1743 4001 1867 4041 cum

287 4092 321 4131 a
350 4076 606 4132 Romanis
637 4085 1031 4148 reposceretur,
1058 4091 1266 4131 veneno
1303 4090 1424 4131 sese
1455 4077 1687 4131 necavit.

366 4168 643 4238 Philippus
665 4182 777 4231 rex,
807 4166 898 4236 qui
947 4166 1154 4236 legatos
1178 4167 1356 4236 populi
1389 4166 1614 4221 Romani
1646 4165 1869 4221 interfe-

286 4266 464 4322 cerat,
492 4266 710 4327 propter
728 4258 983 4313 Demetrii
1010 4259 1103 4312 filii
1124 4260 1230 4323 sui,
1253 4274 1413 4329 quem
1440 4258 1677 4329 legatum
1708 4259 1869 4314 mise-

290 4359 403 4413 rat,
430 4349 917 4404 verecundissimas
956 4363 1163 4419 preces,
1205 4350 1419 4403 veniam
1460 4342 1659 4404 meruit
1682 4366 1697 4403 :
1721 4363 1870 4403 eum-

290 4442 417 4496 dem
445 4442 805 4517 Demetrium,
827 4444 1084 4498 continuo
1128 4442 1277 4496 velut
1305 4440 1562 4495 Romanis
1609 4440 1865 4504 amicum,

291 4533 626 4604 fratremque
663 4535 850 4605 ipsius,
877 4550 1083 4590 veneno
1105 4534 1335 4589 necavit.
1376 4533 1559 4602 Scipio
1581 4532 1868 4589 Africanus

291 4626 364 4679 ab
390 4628 599 4695 ingrata
626 4627 728 4681 sibi
759 4625 902 4682 Urbe
932 4627 1020 4681 diu
1059 4626 1336 4688 exsulans,
1361 4625 1500 4695 apud
1526 4622 1866 4679 Amiternum

290 4717 550 4785 oppidum
578 4717 766 4771 morbo
797 4718 974 4787 periit.
992 4710 995 4713 ’
1016 4716 1218 4788 Lepido
1246 4725 1300 4772 et
1327 4715 1502 4770 Mucio
1533 4714 1867 4780 consulibus,

280 4806 683 4862 ‘Basternarum
711 4822 843 4878 gens
873 4808 1228 4871 ferocissima,
1259 4816 1482 4861 auctore
1507 4805 1712 4860 Perseo
1739 4803 1869 4859 Phi-

274 4899 423 4970 'Iippi
456 4899 588 4958 ﬁlio.
633 4901 938 4970 prwdarum
982 4913 1076 4968 spe
1112 4899 1418 4960 sollicitata,
1452 4906 1509 4952 et
1553 4895 1868 4951 transeundi

272 4987 462 5047 'llistri
489 4987 726 5044 ﬂuminis
752 4988 1028 5051 facultate,
1057 4989 1173 5042 sine
1200 4987 1309 5041 ulla
1353 5003 1531 5057 pugna
1562 4985 1649 5041 vel
1689 4985 1872 5054 aliquo

296 5080 452 5135 hoste
481 5080 654 5135 deleta
689 5089 791 5135 est.
842 5080 976 5135 Nam
1028 5088 1156 5135 tunc
1196 5079 1334 5134 forte
1363 5079 1657 5143 Danubius,
1686 5078 1777 5149 qui
1818 5091 1873 5133 et

297 5168 499 5235 Hister,
548 5187 731 5226 crassa
779 5171 950 5241 glacie
999 5180 1315 5241 superatus,
1359 5171 1664 5240 pedestrem
1715 5168 1873 5224 facile

299 5260 587 5315 transitum
636 5263 979 5331 patiebatur,
1028 5262 1352 5316 enormitate
1409 5262 1574 5332 igitur
1620 5260 1873 5330 ponderis

296 5358 354 5403 et
397 5353 756 5407 concussione
810 5352 1155 5422 gladientium
1202 5361 1565 5421 concrepante
1612 5350 1732 5419 gelu
1760 5390 1775 5414 ,
1816 5364 1874 5404 se

277 5437 539 5509 glacialis
575 5451 757 5496 crusta
794 5440 1070 5506 dissolvit,
1119 5441 1535 5509 universumque
1582 5442 1635 5495 in
1680 5438 1875 5495 mediis

277 5519 603 5602 gurgitibus
627 5532 769 5587 victa
793 5541 848 5587 et
872 5532 1203 5586 connninuta
1240 5532 1503 5586 destituit.
1535 5529 1761 5585 Vulcani
1795 5529 1876 5583 in-

274 5616 443 5693 ‘sula,
471 5640 590 5698 qua:
618 5637 747 5683 ante
773 5642 878 5682 non
908 5625 1104 5691 fuerat,
1136 5637 1359 5698 repente
1382 5625 1434 5680 in
1463 5625 1597 5680 mari
1628 5634 1744 5679 orta
1771 5633 1870 5678 est.

370 5749 401 5779 ι
449 5738 524 5794 De
559 5737 813 5795 Terentio
836 5737 1073 5795 Culeone
1122 5737 1220 5793 ista
1263 5735 1601 5807 intelligenda
1642 5733 1941 5794 docuimus,

1979 530 2095 584 hem
2140 529 2364 592 Galliae.
2423 532 2477 586 in
2528 531 2836 601 Hispaniam
2884 532 3195 591 ulteriorem
3243 540 3546 607 transiens,

1977 621 2280 677 Platomam
2314 624 2453 678 miro
2491 638 2652 693 opere
2697 626 3018 691 construxit,
3050 635 3105 681 et
3143 636 3360 698 pontem
3381 645 3545 703 super

1976 712 2295 768 Rhodanum
2338 716 2406 770 ab
2447 726 2679 787 utroque
2726 717 2910 772 littore
2957 723 3154 776 castris
3202 722 3343 778 miro
3385 710 3550 796 opere

1974 804 2214 859 fundatis
2262 807 2593 877 superduxit.
2643 807 2703 861 P.
2748 807 2957 863 Licinio
3003 810 3229 877 Crasso,
3276 811 3337 869 C.
3360 812 3549 869 Cassio

1976 895 2217 966 Longino
2250 913 2389 952 coss.
2422 897 2819 954 Macedonicum
2849 899 3043 955 bellum
3072 913 3282 973 gestum
3308 922 3320 957 :
3365 904 3419 958 in
3450 920 3549 961 au-

1975 986 2103 1039 xilio
2131 986 2494 1041 Romanorum
2531 998 2641 1042 tota
2669 989 2897 1057 primum
2936 990 3085 1044 Italia
3108 1031 3123 1056 ,
3157 993 3347 1047 deinde
3376 993 3551 1050 Ptolo-

1976 1098 2140 1137 maeus
2182 1100 2271 1137 rex
2296 1081 2500 1155 JEgyIi,
2546 1091 2595 1138 et
2628 1084 2920 1140 Araratbes
2960 1086 3327 1156 Cappadocize,
3361 1088 3553 1145 Eume-

1976 1188 2072 1226 nes
2116 1172 2257 1227 Asia:
2284 1214 2296 1231 ,
2352 1173 2660 1227 Massinissa
2704 1172 2969 1229 Numidiae
3012 1175 3262 1233 fuerunt:
3292 1177 3547 1232 Perseum

1976 1262 2233 1316 Demetrii
2259 1261 2488 1332 Philippi
2530 1262 2719 1322 ﬁlium.
2757 1273 2808 1318 et
2835 1263 3151 1319 Macedones
3193 1267 3362 1320 seculi
3390 1275 3545 1322 sunt:

1976 1349 2216 1407 Thraces
2238 1368 2357 1406 cum
2384 1367 2507 1423 rege
2524 1352 2683 1407 Cbesi
2713 1363 2767 1408 et
2796 1354 3034 1409 universi
3065 1354 3226 1426 Illyrii
3260 1372 3383 1411 cum
3417 1373 3544 1429 rege

1974 1442 2170 1499 Gentio
2200 1446 2489 1500 commisso
2530 1446 2714 1515 prtelio
2761 1444 2887 1501 victi
2936 1446 3120 1518 fugere
3148 1441 3398 1504 Romani.
3455 1448 3553 1505 Se-

1975 1545 2173 1604 quente
2195 1551 2391 1607 pugna,
2418 1552 2555 1605 pene
2578 1537 2694 1606 pari
2725 1537 2877 1592 clade
2911 1538 2962 1591 in
2992 1538 3216 1594 hiberna
3249 1538 3547 1595 discessum

1975 1633 2078 1678 est.
2108 1624 2310 1681 Deinde
2336 1628 2564 1681 Perseus
2600 1628 2784 1682 multis
2813 1629 3010 1697 przeiiis
3037 1630 3275 1683 exercitu
3309 1629 3551 1683 Romano

1976 1714 2282 1786 proﬂigato,
2331 1718 2382 1771 in
2425 1717 2692 1788 Illyricum
2744 1718 2975 1773 transiit.
3006 1718 3320 1774 Praesidium
3348 1720 3553 1775 Roma-

1980 1821 2171 1859 norum
2219 1808 2546 1876 expugnavit
2573 1826 2584 1859 :
2609 1808 2697 1861 ubi
2732 1823 2981 1877 magnam
3004 1809 3402 1864 multitudinem
3434 1809 3546 1864 Ro-

1973 1910 2255 1949 manorum
2283 1898 2480 1966 partim
2526 1899 2745 1963 occidit,
2775 1900 2968 1969 partim
3003 1901 3101 1954 sub
3132 1891 3329 1956 corona
3361 1901 3551 1955 vendi-

1972 1987 2071 2051 dit,
2098 1988 2293 2057 partim
2323 2005 2506 2044 secum
2546 1991 2600 2044 in
2634 1991 2996 2046 Macedoniam
3027 1993 3195 2047 duxit.
3226 1992 3331 2048 Sed
3364 1978 3550 2063 postea

1972 2093 2002 2132 a
2043 2077 2107 2133 L.
2135 2078 2356 2134 .Emilio
2392 2079 2559 2134 Paulo
2592 2082 2763 2137 victus
2809 2092 2864 2135 et
2911 2092 3120 2153 captus,
3175 2086 3227 2139 in
3279 2086 3553 2155 triumpho

1971 2184 2092 2222 cum
2131 2169 2257 2224 filiis
2286 2180 2413 2224 ante
2445 2186 2662 2225 currum
2691 2180 2864 2235 actus,
2893 2174 3034 2242 apud
3067 2174 3257 2229 Albam
3288 2175 3340 2230 in
3371 2184 3551 2231 custo-

1971 2261 2055 2315 dia
2084 2260 2296 2316 defecit.
2327 2261 2493 2317 Filius
2520 2264 2635 2332 ejus
2670 2264 2853 2333 junior
2902 2264 3161 2319 fabricam
3196 2266 3445 2320 aerariam
3474 2266 3546 2320 ob

1972 2349 2305 2405 tolerandam
2343 2352 2574 2420 inopiam
2605 2352 2789 2408 Roma:
2827 2353 3052 2409 didicit:
3082 2354 3264 2425 ibique
3294 2370 3553 2411 consum-

1970 2448 2094 2506 ptus
2130 2448 2232 2494 est.

2042 2529 2228 2602 [4614]
2259 2531 2579 2587 Ptolomaeus
2601 2533 2936 2605 Philopator,
2966 2535 3107 2590 ﬁlius
3131 2532 3432 2606 Evergetis,
3455 2531 3553 2592 a'n-

1968 2618 2056 2672 nis
2077 2619 2261 2673 decem
2285 2630 2339 2675 et
2358 2630 2583 2691 septem.
2608 2622 2704 2676 Hie
2726 2623 2913 2692 prtelio
2930 2624 3089 2679 victis
3106 2624 3306 2680 Iudaeis
3326 2641 3551 2681 numero

1971 2711 2246 2779 sexaginta
2275 2723 2607 2767 armatorum
2639 2714 2888 2780 millium,
2912 2716 3110 2770 bellum
3151 2717 3409 2773 adversus
3434 2718 3551 2773 An-

1972 2798 2209 2853 tioclunn
2263 2816 2440 2871 regem
2480 2802 2652 2873 Syria:
2700 2805 2903 2859 sumit:
2931 2815 2985 2861 et
3031 2807 3174 2861 victo
3207 2806 3552 2879 Philopatore

1968 2888 2208 2945 Judmam
2253 2893 2354 2946 sibi
2403 2895 2648 2949 sociavit.
2703 2895 3010 2950 Judzcorum
3056 2897 3296 2967 pontifex
3361 2899 3552 2967 Onias,

1971 2980 2113 3037 ﬁlius
2155 2983 2414 3048 Simonis,
2464 2986 2693 3057 insignis
2738 2988 2993 3053 habetur,
3020 2990 3086 3043 ad
3114 3005 3273 3059 quem
3300 2990 3553 3046 Lacedte-

1969 3074 2270 3128 moniorum
2304 3090 2395 3129 rex
2429 3075 2619 3131 Arrius
2643 3077 2845 3148 legatos
2876 3078 3080 3133 mittit:
3112 3078 3366 3135 Claudius
3406 3080 3550 3135 Mar-

1972 3162 2137 3217 celius
2174 3162 2472 3233 Syracusas
2493 3163 2928 3221 ﬂorentissimam
2950 3168 3138 3223 urbem
3165 3167 3364 3224 Sicilia:
3383 3170 3547 3240 cepit.

1971 3252 2152 3323 Scipio
2182 3254 2319 3307 alter
2340 3254 2627 3309 Africanus
2652 3255 2792 3310 ultro
2814 3271 2871 3311 se
2893 3257 3250 3311 militaturum
3272 3259 3325 3312 in
3353 3257 3542 3329 Hispa-

1970 3344 2056 3397 nia
2086 3344 2281 3398 obtulit
2314 3363 2328 3397 :
2368 3346 2752 3415 profectusque
2786 3362 3009 3418 magnas
3053 3357 3262 3419 strages
3309 3348 3549 3418 gentium

1969 3434 2134 3489 dedit.
2174 3434 2419 3489 Tertium
2465 3437 2728 3491 Punicum
2777 3438 2972 3492 bellum
3021 3448 3285 3494 exortum.
3315 3439 3552 3493 Procon—

1969 3523 2113 3579 snles
2140 3525 2366 3594 profecti
2412 3526 2465 3579 in
2496 3526 2759 3591 Africam,
2790 3544 2911 3583 cum
2935 3528 3047 3597 jam
3078 3538 3300 3584 senatus
3325 3528 3553 3584 Cartha-

1968 3617 2146 3687 ginem
2197 3616 2475 3670 delendam
2525 3619 2845 3685 censuisset,
2892 3620 3345 3691 Carthaginenses
3386 3619 3545 3691 jussi.

1968 3722 2118 3760 arma
2141 3715 2196 3760 et
2224 3722 2389 3760 naves
2406 3707 2760 3762 tradiderunt.
2778 3708 3127 3764 Postmodum
3143 3709 3329 3779 procul
3355 3725 3384 3763 a
3409 3710 3549 3764 mari

1968 3797 2290 3862 residentes,
2326 3796 2565 3852 dolorem
2615 3798 2683 3853 ad
2712 3800 3146 3870 desperationem
3182 3800 3544 3864 contulerunt,

1967 3888 2209 3960 duosque
2239 3891 2402 3946 duces
2451 3891 2781 3947 Asdrubales
2822 3899 3141 3947 creaverunt
3182 3910 3197 3947 :
3232 3899 3287 3947 et
3328 3898 3549 3961 propter

1968 3982 2205 4052 inopiam
2238 3982 2387 4048 ferri,
2414 3999 2563 4038 arma
2592 3984 2830 4055 aggressi
2856 3983 3056 4048 facere,
3086 3984 3204 4038 auri
3229 3982 3549 4054 argentique

1969 4075 2201 4129 metallis
2241 4076 2644 4146 suppleverunt.
2675 4075 3016 4148 Carthaginis
3067 4077 3204 4132 situs
3250 4075 3419 4130 fuisse
3449 4075 3547 4129 bu-

1961 4165 2195 4234 jusmodi
2239 4168 2436 4224 dicitur
2466 4186 2479 4223 :
2511 4167 2712 4239 Viginti
2747 4171 2854 4225 duo
2880 4169 3044 4223 millia
3097 4184 3350 4240 passumn
3393 4181 3548 4221 muro

1970 4256 2238 4327 amplexa,
2293 4266 2403 4313 tota
2434 4273 2571 4329 pene
2608 4260 2743 4313 mari
2771 4261 3116 4328 cingebatur,
3147 4260 3350 4326 absque
3377 4256 3547 4311 fauci-

1968 4348 2070 4403 bus
2095 4364 2215 4419 qua:
2231 4350 2403 4404 tribus
2425 4349 2662 4404 millibus
2682 4350 3078 4419 aperiebantur.
3096 4349 3146 4403 Is
3168 4349 3316 4403 locus
3339 4362 3548 4401 murum

1970 4438 2159 4507 viginti
2191 4437 2354 4506 pedes
2401 4438 2569 4492 latum
2602 4439 2789 4492 habuit
2819 4453 2952 4492 saxo
2982 4439 3249 4507 quadrato
3291 4439 3343 4492 in
3371 4436 3553 4491 altitu-

1973 4527 2152 4582 dinem
2180 4527 2484 4581 cubitorum
2514 4527 2887 4599 quadraginta.
2918 4526 3043 4581 Arci
3072 4526 3221 4580 urbis
3250 4525 3432 4598 Byrsa:
3456 4538 3552 4579 no-

1975 4633 2097 4672 men
2120 4624 2239 4671 erat
2268 4633 2283 4671 :
2313 4617 2471 4687 paulo
2498 4617 2728 4685 amplius
2770 4632 2929 4687 quam
2959 4617 3066 4671 duo
3103 4615 3267 4671 millia
3297 4629 3549 4685 passuum

1975 4708 2210 4763 tenebat.
2237 4707 2313 4761 Ex
2339 4722 2440 4761 una
2467 4715 2622 4775 parte
2651 4722 2836 4762 murus
2864 4707 3166 4762 communis
3210 4715 3296 4762 est
3327 4705 3476 4759 urbis
3496 4714 3553 4757 et

1975 4799 2176 4871 Byrsae,
2210 4799 2498 4854 imminens
2523 4799 2680 4853 mari.
2705 4798 2942 4853 Primum
2966 4800 3034 4853 ab
3063 4799 3166 4853 bac
3192 4796 3441 4853 consules
3472 4810 3533 4850 re

1970 4890 2117 4962 pulsi
2139 4909 2151 4944 :
2177 4888 2370 4945 deinde
2389 4891 2456 4944 ab
2472 4890 2724 4959 Scipione
2746 4891 2889 4944 intra
2915 4905 3101 4943 muros
3122 4890 3306 4945 hostes
3327 4885 3549 4956 repulsi.

1978 4983 2242 5038 Asdrubal
2262 4984 2575 5052 imperator,
2594 4980 2918 5037 Massinissa:
2933 4981 3073 5051 regis
3096 4978 3360 5033 Numidia:
3386 4991 3553 5046 nepos

1979 5074 2352 5129 subselliorum
2399 5073 2715 5144 fragmentis
2766 5074 2818 5125 in
2884 5071 3033 5124 curia
3082 5085 3111 5124 a
3176 5069 3288 5124 suis
3334 5073 3554 5137 propter

1980 5165 2341 5236 suspicionem
2383 5164 2702 5235 proditionis
2728 5163 2941 5217 occisus
2961 5170 3063 5217 est.
3089 5162 3271 5231 Scipio
3298 5172 3549 5228 suprema

1979 5267 2125 5311 sorte
2167 5254 2549 5322 Carthaginem
2582 5253 2762 5307 delere
2812 5252 3031 5307 molitus
3065 5270 3078 5307 :
3112 5253 3237 5306 dum
3278 5245 3551 5304 continuis

1980 5363 2077 5403 sex
2116 5347 2305 5403 diebus
2334 5345 2685 5413 noctibusque
2724 5352 3013 5414 pugnatur,
3044 5342 3227 5396 ultima
3268 5334 3526 5407 Carthagi

1981 5454 2176 5495 nenses
2211 5436 2639 5508 desperationem
2672 5435 2864 5497 traxit,
2905 5450 2997 5489 rex
3024 5428 3289 5488 Asdrubal
3316 5425 3454 5483 alter
3488 5440 3548 5481 se

1982 5532 2125 5585 ultro
2151 5528 2314 5584 dedit.
2345 5526 2658 5597 Transfuga:
2697 5526 2788 5597 qui
2837 5523 3130 5594 Esculapii
3160 5518 3416 5590 templum
3461 5533 3548 5574 oo-

1983 5627 2345 5693 cupaverant,
2376 5617 2682 5674 voluntario
2733 5615 3030 5687 praecipitio
3078 5611 3221 5676 dati,
3273 5609 3386 5681 igni
3418 5621 3550 5667 cen-

1984 5747 2099 5800 rap.
2137 5731 2215 5795 l9,
2245 5730 2316 5785 lib
2344 5746 2396 5786 tv
2425 5728 2580 5785 Oros.
2609 5730 2661 5785 5.
