4024 6362
503 268 571 322 63
1496 271 1553 325 S.
1591 271 1841 326 ADONIS
1873 272 2298 328 AliCHlEPlSC.
2345 273 2746 334 VIENNENSIS
3686 289 3755 344 64

499 389 697 460 sumpti
734 398 878 444 sunt.
921 390 1067 446 Uxor
1089 391 1402 449 Asdrubalis
1440 410 1497 448 se
1531 395 1771 465 duosque
1815 396 1952 451 filios
1986 413 2070 451 se-
2096 403 2146 460 Α
2172 397 2360 454 fuisset
2381 416 2588 456 eversa.
2613 402 2872 458 Thiresns
2901 405 3192 474 respondit,
3220 405 3752 474 concordiainvicta,

498 495 622 533 cum
660 479 714 558 in
764 480 999 534 medium
1041 479 1177 548 jecit
1220 481 1525 536 incendium
1573 500 1588 538 :
1640 485 1890 539 eumdem
1930 501 2072 540 nunc

497 568 692 623 mortis
719 567 923 623 exitum
975 569 1181 626 faciens
1233 572 1520 625 novissima
1563 574 1746 643 regina
1787 574 2071 644 Carthagi-

496 658 604 722 nis,
631 674 792 728 quem
837 661 1013 729 prima
1038 660 1262 716 fecerat.
1306 662 1422 732 Ipsa
1453 663 1643 719 civitas
1684 667 2071 735 septemdecim

496 750 768 805 continuis
793 751 983 806 diebus
1011 752 1164 816 arsit,
1194 753 1340 806 omni
1365 753 1559 807 murali
1590 754 1768 824 lapide
1801 755 1855 809 in
1887 755 2073 824 pulve-

494 855 611 895 rem
645 841 998 907 comminuto,
1045 841 1523 912 septingentesimo
1566 851 1689 915 post
1734 860 1876 900 anno
1911 861 2073 915 quam

494 931 711 986 condita
735 941 838 986 est.

567 1022 751 1094 [4651]
791 1023 1112 1079 Ptolomaus
1151 1024 1480 1094 Epiphanes,
1521 1025 1662 1081 illius
1690 1025 2069 1097 Philopatoris,

494 1129 668 1168 annos
694 1113 877 1183 viginti
897 1113 1324 1182 quatuor.Hujus
1353 1125 1594 1186 tempore
1619 1125 1767 1187 gesta
1799 1126 1926 1172 sunt
1952 1134 2072 1188 qua

494 1204 717 1258 secundi
758 1203 880 1258 libri
910 1202 1342 1259 Machabaeorum
1365 1208 1610 1263 continet
1637 1209 1883 1264 historia.
1908 1209 2073 1266 Onias

493 1295 1080 1364 sacerdos-assumptis
1135 1283 1443 1352 Judaorum
1496 1298 1776 1367 plurimis,
1833 1300 1970 1370 fugit
2017 1302 2072 1356 in

492 1387 808 1458 Egyptum,
851 1398 907 1445 et
933 1405 964 1443 a
991 1389 1284 1446 Ptolomao
1312 1393 1608 1448 honoriﬁce
1652 1404 1951 1465 susceptus,
1983 1410 2072 1451 ac-

492 1491 649 1551 cepta
681 1498 743 1537 ea
777 1483 996 1554 regione
1024 1500 1142 1554 qua
1164 1483 1501 1554 Heliopoleos
1526 1486 1841 1552 vocabatur,
1871 1496 1925 1542 et
1943 1503 2072 1542 con-

492 1575 718 1628 cedente
749 1590 896 1644 rege,
929 1575 1186 1645 templum
1229 1577 1499 1631 exstruxit
1529 1577 1581 1631 in
1626 1576 1860 1648 Egypto
1894 1579 2071 1634 simile

491 1665 693 1733 templo
719 1665 1046 1730 Judaorum,
1096 1666 1238 1736 quod
1270 1669 1567 1737 permansit
1589 1684 1761 1738 usque
1797 1669 1865 1722 ad
1900 1670 2070 1737 impe-

493 1754 636 1808 rium
669 1755 1008 1824 Vespasiani,
1061 1756 1216 1810 annis
1271 1757 1518 1812 ducentis
1556 1765 1611 1811 et
1654 1758 2063 1828 quinquaginta.
2097 1761 2144 1820 Β

492 1850 606 1905 Sub
635 1851 922 1907 occasione
952 1851 1114 1922 igitur
1135 1849 1283 1906 Onia
1305 1852 1593 1922 pontificis,
1620 1852 1827 1906 infinita
1860 1851 2071 1907 Iudaeo-

489 1956 610 1994 rum
633 1942 881 1995 examina
935 1943 989 1996 in
1029 1942 1317 2013 Egyptum
1368 1942 1744 2014 confugerunt.
1782 1945 1898 2010 Quo
1943 1954 2072 1997 tem-

488 2047 620 2102 pore
646 2039 700 2086 et
727 2032 936 2102 Cyrene
979 2048 1166 2087 eorum
1220 2033 1560 2089 multitudine
1596 2034 1798 2104 repleta
1838 2043 1940 2100 est,
1972 2050 2070 2104 pu-

487 2123 780 2194 gnantibus
835 2133 1021 2178 contra
1072 2140 1130 2180 se
1191 2141 1384 2196 magno
1429 2126 1695 2181 Antiocho
1734 2137 1788 2181 et
1843 2127 2071 2183 ducibus

487 2211 791 2277 Ptolomaei,
829 2215 999 2282 posita
1024 2215 1077 2268 in
1104 2215 1279 2269 medio
1300 2214 1485 2270 Judaea
1514 2215 1566 2269 in
1593 2216 1865 2271 contraria
1891 2215 2070 2270 studia

489 2306 871 2368 scindebatur,
935 2306 1055 2361 aliis
1107 2307 1406 2371 Antiocho,
1465 2307 1588 2361 aliis
1638 2307 1932 2362 Ptolomao
1989 2306 2070 2361 fa-

488 2399 764 2454 ventibus.
790 2393 916 2452 Hac
943 2407 1122 2453 autem
1154 2399 1236 2454 vel
1267 2398 1416 2455 Onia
1444 2399 1528 2453 vel
1549 2400 1761 2455 caeteris
1784 2399 1884 2454 fuit
1905 2415 2068 2454 causa

490 2489 785 2562 Egyptum
812 2491 1050 2561 petendi.
1071 2491 1301 2546 Consule
1323 2491 1599 2557 Mummio,
1626 2491 1918 2547 Corinthus
1941 2493 2070 2547 urbs

489 2583 915 2652 opulentissima,
941 2582 1138 2652 quippe
1161 2597 1281 2652 qua
1309 2582 1454 2636 velut
1476 2583 1687 2638 oflicina
1719 2584 1958 2638 onmium
1989 2598 2072 2636 ar-

490 2677 695 2731 tificum
726 2685 780 2730 et
809 2677 1182 2740 artificiorum,
1205 2684 1260 2730 et
1288 2677 1590 2745 emporium
1619 2689 1907 2730 commune
1927 2675 2070 2728 Asia

489 2774 652 2834 atque
697 2766 926 2835 Europa
973 2765 1157 2830 fuerit,
1203 2774 1511 2835 expugnata
1557 2772 1611 2818 et
1655 2764 1914 2818 subversa
1962 2771 2066 2818 est.

488 2857 728 2911 Plurima
760 2858 944 2926 itaque
986 2865 1140 2927 parte
1167 2857 1346 2927 populi
1384 2856 1530 2911 ferro
1561 2856 1898 2925 flammisque
1943 2871 2071 2910 con-

491 2957 732 3018 sumpta,
752 2948 958 3017 reliqua
985 2949 1085 3002 sub
1100 2962 1300 3002 corona
1328 2947 1538 3002 vendita
1563 2955 1646 3001 est
1668 2947 1796 3001 urbs
1823 2947 2066 3010 incensa,

489 3039 631 3092 muri
675 3037 919 3093 funditus
949 3038 1114 3092 diruti
1162 3055 1176 3091 :
1233 3037 1458 3092 muralis
1513 3037 1652 3107 lapis
1685 3038 1736 3091 in
1789 3037 2064 3108 pulverem

2174 487 2442 544 discordia
2476 493 2642 548 exitio
2673 492 2789 548 fuit.
2822 493 3152 549 Ptolomaeus
3185 508 3430 548 sororem
3461 509 3612 549 suam
3645 503 3757 550 stu-

2172 595 2274 650 pro
2301 582 2592 652 cognitam,
2617 599 2682 638 ac
2708 584 2900 640 deinde
2933 585 2988 638 in
3017 585 3422 640 matrimonium
3451 595 3752 656 receptam,

2165 670 2464 730 novissime
2513 673 2722 744 turpius
2764 690 2924 745 quam
2979 675 3132 730 duxit
3180 675 3393 744 abjecit.
3438 675 3756 748 Privignam

2174 774 2348 824 suam,
2383 761 2485 816 hoc
2521 772 2607 818 est
2652 763 2817 819 filiam
2860 766 3063 821 sororis
3091 774 3145 820 et
3174 767 3440 838 conjugis,
3469 766 3755 838 coujugem

2173 849 2384 903 ascivit.
2436 850 2634 906 Filium
2674 869 2831 907 suum
2886 869 3046 924 quem
3095 871 3159 910 ex
3200 871 3387 912 sorore
3414 865 3755 928 susceperat,

2172 953 2382 994 necnon
2413 948 2466 995 et
2498 940 2668 996 filium
2707 943 2894 999 fratris
2934 946 3151 1000 occidit.
3186 946 3548 1014 Quamobrem
3585 949 3758 1004 tantis

2172 1027 2393 1084 incestis
2420 1031 2834 1103 parricidiisque
2868 1035 3240 1101 exsecrabilis,
3269 1037 3337 1090 ab
3366 1037 3754 1094 Alexandrinis

2172 1133 2340 1187 regno
2372 1121 2558 1190 pulsus
2588 1131 2690 1177 est.
2721 1124 3022 1180 Antiochus
3048 1140 3156 1179 non
3204 1134 3488 1181 contentus
3515 1125 3756 1197 Babylo-

2173 1209 2261 1264 nia
2283 1221 2444 1281 atque
2481 1211 2780 1279 Ecbatana,
2808 1222 3028 1284 totoque
3057 1215 3245 1271 Media
3269 1215 3518 1286 imperio,
3548 1199 3752 1272 adver-

2173 1319 2266 1358 sus
2294 1304 2616 1360 Phraartem
2646 1307 2967 1362 Parthorum
3008 1322 3187 1378 regem
3226 1322 3547 1381 congressus
3574 1318 3629 1364 et
3672 1310 3759 1384 vi:-

2173 1402 2292 1448 ctus
2321 1403 2420 1449 est.
2446 1394 2645 1450 Habuit
2675 1397 2819 1452 enim
2849 1397 2905 1452 in
2932 1399 3174 1454 exercitu
3205 1414 3303 1454 suo
3325 1409 3542 1454 centum
3581 1401 3756 1466 millia

2173 1492 2508 1536 armatorum
2537 1524 2551 1549 ,
2611 1486 2842 1540 ducenta
2890 1486 3058 1542 millia
3110 1497 3165 1542 et
3208 1488 3439 1558 amplius
3500 1489 3755 1544 calonum

2174 1582 2340 1643 atque
2370 1573 2624 1641 lixarum,
2656 1577 2896 1634 immista
2920 1579 3116 1634 scortis
3141 1588 3197 1634 et
3219 1580 3589 1636 histrionibus.
3619 1580 3757 1636 Par-

2175 1667 2389 1722 thorum
2416 1668 2580 1738 igitur
2604 1669 2812 1726 viribus
2837 1686 3128 1742 oppressus
3157 1674 3388 1731 interiit.

2243 1757 2428 1831 [4655]
2492 1757 2816 1817 Ptolomaus
2882 1762 3249 1831 Philometor,
3318 1768 3473 1822 annis
3533 1769 3756 1841 triginta

2173 1849 2431 1919 quinque.
2481 1850 2826 1908 Aristobulus
2851 1855 3073 1911 natione
3098 1853 3315 1912 Judaus
3365 1859 3756 1930 peripateticus

2170 1940 2523 2010 phiIOSOphus
2543 1943 2904 2012 cognoscitur.
2930 1945 3031 2013 Qui
3057 1948 3222 2002 etiam
3249 1946 3595 2004 Philometori
3625 1949 3758 2005 Pto-

2171 2031 2360 2086 lomao
2379 2032 2815 2102 explanationum
2838 2037 2894 2090 in
2916 2037 3150 2108 Moysem
3170 2040 3594 2096 commentarios
3619 2042 3759 2096 scri-

2170 2124 2293 2193 psit.
2323 2124 2558 2189 Attalus,
2593 2125 2820 2180 Eumeni
2851 2128 3012 2194 filius,
3043 2130 3282 2186 moriens
3311 2140 3632 2187 testamento
3651 2149 3756 2202 po-

2170 2213 2351 2284 pulum
2393 2216 2696 2272 liomanum
2732 2218 2960 2290 imperio
2989 2218 3131 2275 Asia
3160 2222 3450 2276 succedere
3483 2221 3756 2276 haredem

2163 2306 2346 2377 jussit.
2369 2307 2608 2364 Licinius
2631 2308 2858 2365 Crassus
2885 2309 3358 2366 consul-adversus
3380 2310 3754 2366 Aristonicum

2169 2397 2332 2453 Attali
2359 2399 2605 2466 fratrem,
2629 2401 2721 2471 qui
2747 2401 2998 2456 traditam
3024 2417 3122 2472 per
3146 2410 3524 2456 testamentum
3549 2401 3759 2456 Roma-

2171 2489 2256 2543 nis
2299 2489 2484 2544 Asiam
2531 2500 2871 2561 pervaserat,
2926 2506 3047 2546 cum
3090 2491 3503 2546 instructissimo
3551 2490 3758 2545 missus

2170 2581 2411 2634 exercitu
2443 2599 2454 2633 :
2487 2590 2748 2650 praterea
2780 2597 2810 2634 a
2832 2581 3040 2652 magnis
3062 2581 3300 2650 regibus,
3324 2582 3426 2636 hoc
3448 2588 3550 2646 est,
3590 2579 3755 2635 Nico-

2170 2672 2326 2725 mede
2351 2671 2638 2742 Bithynia,
2667 2670 2976 2726 Mithridate
3001 2670 3157 2725 Ponti
3182 2679 3236 2724 et
3270 2669 3560 2735 Armenia,
3586 2669 3753 2723 Aria-

2172 2763 2327 2816 rathe
2355 2761 2730 2833 Cappadocia,
2757 2763 3069 2820 Philemene
3097 2760 3493 2832 Paphlagonia,
3534 2775 3755 2815 eorum-

2170 2865 2273 2920 que
2304 2851 2554 2905 maximis
2599 2851 2768 2920 copiis
2817 2851 3052 2921 adjutus,
3095 2858 3345 2906 conserto
3385 2849 3526 2904 bello
3575 2848 3752 2903 victus

2169 2957 2290 3001 est:
2319 2955 2374 3001 et
2395 2947 2796 3002 circumventus
2817 2946 2883 3000 ab
2911 2945 3156 3000 hostibus
3191 2959 3326 3015 pene
3360 2951 3551 3013 captus
3579 2951 3747 3007 esset,

2171 3039 2274 3092 nisi
2308 3038 2509 3106 virgam
2554 3051 2660 3106 qua
2709 3043 2827 3090 erat
2861 3050 2993 3090 usus
3037 3035 3106 3088 ad
3153 3049 3376 3104 equum,
3427 3033 3480 3087 in
3531 3032 3748 3088 oculum

490 3127 765 3190 redactus,
807 3128 987 3196 prada
1038 3129 1228 3196 ingens
1252 3135 1437 3196 erepta
1473 3135 1574 3182 est.
1611 3127 1752 3181 Sane
1781 3143 1903 3181 cum
1943 3143 2068 3197 pro-
2096 3107 2141 3168 (ἶ
2175 3129 2401 3184 Thracis
2445 3129 2776 3200 impegisset.
2845 3127 3118 3182 Barbarus
3160 3143 3282 3181 cum
3340 3127 3422 3180 ira
3469 3134 3523 3181 et
3563 3125 3749 3181 dolore

489 3227 614 3287 pter
640 3219 1038 3274 multitudinem
1086 3229 1142 3274 et
1165 3220 1480 3275 varietatem
1523 3229 1822 3274 statuarum
1851 3219 2072 3274 simula-

489 3323 816 3376 crorumque
863 3309 916 3362 in
977 3308 1067 3364 illo
1123 3309 1359 3364 civitatis
1410 3310 1682 3373 incendio,
1732 3311 1985 3379 permista
2015 3309 2068 3363 in

489 3413 658 3452 unum
694 3399 836 3463 auri,
893 3400 1129 3469 argenti,
1180 3409 1343 3468 atque
1399 3401 1524 3455 aris
1565 3402 1854 3470 omniaque
1909 3400 2069 3454 simul

491 3486 708 3540 metalla
737 3486 1041 3552 auxissent,
1074 3503 1272 3542 novmn
1308 3504 1478 3558 genus
1501 3489 1700 3544 metalli
1732 3489 1934 3543 factum
1961 3499 2065 3543 est.

493 3575 648 3630 Unde
675 3593 844 3648 usque
871 3579 1027 3634 hodie
1073 3579 1186 3633 sive
1227 3594 1294 3634 ex
1340 3581 1475 3649 ipso,
1507 3581 1620 3636 sive
1641 3595 1704 3635 ex
1730 3580 2063 3646 imitatione;

489 3669 661 3738 ipsius
705 3684 781 3723 as
815 3669 1151 3725 Corinthium
1181 3680 1237 3726 et
1285 3669 1564 3728 Corinthia
1615 3686 1741 3726 vasa
1790 3671 2062 3726 dicuntur.

489 3757 729 3813 Viriatus
780 3759 835 3814 in
893 3759 1190 3830 Hispania,
1261 3776 1459 3832 genere
1508 3761 1839 3827 Lusitanus,
1905 3762 2067 3816 homo

485 3851 773 3919 pastoralis
799 3859 852 3906 et
877 3851 1039 3917 latro,
1059 3852 1292 3920 primum
1316 3851 1623 3908 infestando
1645 3852 1779 3917 vias,
1804 3855 2066 3908 vastando

485 3942 820 4010 provincias,
877 3943 1113 3997 maximo
1166 3943 1362 3998 terrori
1407 3944 1664 3997 Romanis
1709 3942 1850 3997 fuit:
1885 3942 2068 4000 Venti-

485 4034 636 4088 diqu
663 4042 952 4102 pratorem
1007 4048 1129 4087 cum
1155 4034 1302 4088 omni
1345 4034 1585 4088 exercitu
1615 4033 2064 4103 fugavit:Caium

486 4126 739 4180 similiter
785 4125 970 4180 multis
1027 4126 1226 4196 praliis
1277 4125 1551 4193 fractum;
1609 4126 1890 4182 Claudium
1940 4143 2064 4182 cum

483 4232 676 4289 magna
703 4217 1030 4276 instructura
1059 4218 1185 4274 belli
1213 4217 1416 4287 pepulit
1440 4237 1452 4271 :
1479 4217 1716 4284 trabeas,
1740 4217 1937 4284 fasces,
1967 4234 2065 4275 ca-

483 4316 712 4380 teraque
748 4309 978 4378 insignia
1023 4309 1265 4364 Romana
1300 4309 1353 4363 in
1405 4311 1678 4366 montibus
1713 4310 1824 4365 suis
1864 4320 2064 4380 tr0paa

483 4401 781 4470 suspendit.
811 4399 903 4456 Sic
931 4415 1030 4470 per
1058 4401 1468 4471 quatuordecim
1493 4418 1688 4470 annos,
1717 4419 1838 4458 cum
1868 4404 2064 4458 Roma-

482 4507 586 4548 nos
632 4492 798 4547 duces
851 4501 1014 4562 atque
1062 4493 1334 4548 exercitus
1388 4495 1805 4562 prostravisset,
1857 4495 2065 4549 insidiis

482 4600 705 4639 suorum
757 4583 1072 4637 interfectus
1121 4592 1223 4638 est.
1262 4583 1619 4655 Androgynus
1659 4585 1846 4640 Roma
1896 4585 2064 4648 visus,

476 4679 628 4747 jussu
651 4676 957 4745 aruspicum
979 4675 1031 4728 in
1057 4691 1206 4730 mare
1229 4690 1437 4731 mersus
1457 4686 1558 4732 est.
1582 4677 1893 4733 Pestile‘ntia
1916 4687 2062 4731 tanta

480 4777 690 4830 exorta,
708 4778 766 4820 ut
790 4768 1023 4822 ministri
1044 4767 1414 4824 faciendorum
1437 4769 1680 4824 funerum
1705 4771 1934 4839 primum
1955 4785 2063 4824 non

481 4859 806 4924 sufficerent,
839 4861 1031 4915 deinde
1059 4876 1162 4915 non
1184 4869 1385 4926 essent,
1413 4877 1618 4932 magna
1643 4862 1854 4925 domus,
1882 4877 2063 4917 vacua

479 4952 619 5006 vivis
640 4953 810 5020 plena
835 4954 1060 5007 mortuis
1086 4963 1458 5008 remanserunt
1484 4967 1497 5005 :
1530 4953 1846 5021 largissima
1870 4953 2062 5015 intror-

479 5059 598 5099 sum
629 5045 976 5108 haretitates,
1004 5053 1058 5100 et
1083 5045 1211 5098 nulli
1240 5045 1453 5115 penitus
1497 5045 1756 5099 haredes.
1790 5045 1931 5098 Puer
1954 5043 2061 5096 Ro—

479 5151 580 5189 ma
607 5150 670 5189 ex
693 5136 885 5189 ancilla
913 5145 1070 5190 natus
1092 5137 1419 5206 quadrupes,
1451 5137 1857 5205 quadrimanus,
1889 5135 2059 5189 oculis

479 5238 730 5298 quatuor,
779 5229 998 5284 auribus
1028 5229 1265 5291 totidem,
1302 5239 1491 5283 natura
1519 5229 1620 5282 viri
1669 5227 1883 5296 duplex.
1935 5227 2054 5282 Sci-

477 5321 637 5390 pione
685 5319 943 5375 Africano
984 5320 1228 5385 consule,
1272 5319 1558 5386 Numantia
1591 5317 1644 5372 in
1684 5318 1936 5372 citeriore
1964 5316 2055 5372 Hi-

479 5417 689 5484 spania,
731 5414 1044 5469 Numantini
1093 5429 1309 5483 quoque
1342 5411 1522 5467 cuncti
1553 5410 1759 5479 pariter
1789 5408 1932 5464 ferro
1959 5424 2053 5464 ve-
2143 5459 2146 5462 .

476 5518 619 5558 neno
642 5503 803 5573 atque
849 5505 970 5575 igne
1017 5503 1320 5573 consumpti
1369 5510 1515 5556 sunt.
1549 5500 1732 5570 Scipio
1761 5499 2054 5554 .Tliiresum

478 5596 764 5664 quemdam
807 5596 1068 5652 Celticum
1117 5596 1414 5665 principem
1465 5592 1754 5648 consuluit.
1804 5589 1917 5656 Qua
1954 5605 2055 5661 ope

477 5690 787 5758 Numantia,
837 5701 928 5746 aut
983 5691 1132 5760 prius
1181 5690 1375 5745 invicta
1428 5687 1727 5750 claruisset,
1785 5690 1876 5737 aut
1936 5692 2056 5753 post

2154 3220 2488 3283 exarsisset,
2542 3226 2825 3290 propterea
2866 3217 3008 3271 latus
3056 3217 3237 3272 Crassi
3265 3216 3441 3287 gladio
3469 3226 3746 3271 transver-

2171 3309 2380 3364 beravit
2413 3328 2426 3363 :
2460 3310 2534 3364 ita
2559 3310 2863 3379 excogitato
2891 3323 3088 3379 genere
3123 3309 3335 3374 mortis,
3362 3306 3549 3378 effugit
3569 3315 3626 3362 et
3653 3309 3747 3362 de-

2169 3417 2267 3456 cus
2291 3410 2345 3455 et
2373 3401 2714 3457 servitutem.
2745 3400 3026 3472 Perpenna
3052 3399 3240 3456 consul
3269 3400 3638 3456 Aristonicum
3663 3415 3749 3455 re-

2169 3493 2312 3546 centi
2354 3492 2579 3547 victoria
2629 3491 2902 3558 feriatum,
2935 3492 3230 3563 improviso
3282 3491 3419 3546 bello
3467 3491 3520 3544 in
3565 3489 3749 3560 fugam

2169 3584 2345 3645 vertit,
2377 3591 2429 3637 et
2452 3582 2641 3637 urbem
2681 3583 2747 3637 ad
2772 3599 2933 3652 quam
2969 3581 3284 3651 confugerat
3312 3579 3594 3634 obsidione
3625 3578 3746 3635 cin-

2168 3682 2310 3727 ctam
2339 3674 2405 3728 ad
2437 3674 2760 3729 deditionem
2793 3672 2986 3743 coegit.
3012 3669 3352 3726 Aristonicus
3377 3667 3565 3724 Roma
3588 3667 3748 3738 jussu

2167 3773 2386 3820 senatus
2410 3765 2774 3835 strangulatus
2789 3773 2889 3818 est.
2909 3762 3162 3818 Seleucus
3185 3770 3543 3833 cognomento
3559 3760 3750 3818 Philo-

2167 3868 2361 3921 metor,
2389 3856 2636 3911 undecim
2656 3855 2812 3910 annis
2836 3855 3080 3926 regnavit
3099 3853 3150 3908 in
3174 3853 3352 3924 Syria.
3373 3852 3582 3908 Seleuci
3611 3862 3754 3910 tem-

2166 3947 2390 4016 poribus
2436 3945 2755 4001 Heliodorus
2790 3944 2988 3999 missus
3031 3960 3060 3998 a
3092 3927 3309 4013 rege’ad
3337 3943 3752 4012 exspoliandum

2165 4040 2416 4093 ararinm
2446 4037 2646 4106 templi,
2693 4035 2952 4091 divinitus
2979 4033 3278 4106 ﬂagellatus
3321 4034 3612 4102 repellitur.
3643 4034 3749 4112 Cui

2167 4131 2412 4186 succedit
2435 4129 2753 4194 Antiochus,
2775 4127 2868 4196 qui
2893 4125 3189 4196 appellatus
3211 4135 3295 4180 est
3324 4124 3478 4180 Soter
3510 4143 3523 4179 :
3553 4125 3751 4181 deinde

2165 4221 2485 4284 Antiochus,
2509 4219 2598 4289 qui
2632 4217 2932 4288 appellatus
2956 4225 3040 4271 est
3083 4216 3124 4270 Τ
3132 4216 3280 4281 heos,
3323 4214 3376 4269 id
3427 4224 3512 4270 est
3553 4215 3694 4269 Deus
3727 4233 3743 4268 :

2168 4317 2358 4372 deinde
2380 4314 2676 4369 Antiochus
2702 4312 3028 4382 Epiphanes.
3054 4311 3152 4365 Hic
3173 4311 3448 4380 ingressus
3475 4316 3560 4363 est
3579 4307 3746 4379 Egy-

2170 4416 2342 4475 ptum,
2392 4414 2446 4459 et
2497 4404 2772 4459 constituit
2824 4403 3025 4456 bellum
3069 4401 3356 4454 adversum
3393 4397 3745 4452 Ptolomaeum

2168 4512 2346 4566 regem
2371 4495 2609 4567 {EgyptL
2652 4493 2752 4549 llic
2773 4491 3082 4548 Judaorum
3112 4491 3282 4562 legem
3319 4489 3595 4559 impugnat
3625 4503 3745 4542 om-

2165 4589 2360 4656 niaque
2397 4589 2644 4642 sordibus
2683 4586 2944 4640 idolorum
2975 4584 3270 4652 complens,
3304 4583 3357 4636 in
3399 4578 3600 4650 templo
3644 4579 3740 4632 Dei

2163 4679 2310 4735 Jovis
2334 4679 2559 4749 Olympii
2583 4677 2931 4733 simulacrum
2981 4678 3152 4746 pouit.
3197 4675 3314 4734 ,Sed
3335 4673 3462 4728 etin
3493 4671 3743 4727 Samaria

2165 4785 2326 4838 super
2369 4768 2627 4821 verticem
2659 4767 2857 4821 montis
2900 4765 3138 4831 Garizia,
3171 4765 3318 4821 Jovis
3344 4761 3620 4834 Peregrini
3651 4761 3747 4816 de-

2165 4861 2376 4914 lubrum
2405 4857 2824 4928 adilicat,‘ipsis
2870 4856 3250 4922 Samaritanis,
3309 4863 3368 4909 ut
3421 4854 3475 4909 id
3513 4853 3740 4919 faceret,

2165 4949 2529 5021 precantibus.
2573 4945 2770 5002 Verum
2803 4948 3126 5002 Mathathias
3167 4947 3418 5002 sacerdos
3468 4945 3612 5014 leges
3647 4960 3746 5014 pa-

2165 5044 2295 5097 trias
2327 5042 2580 5105 vindicat,
2622 5041 2880 5095 adversus
2908 5039 3162 5094 Antiochi
3192 5039 3355 5093 duces
3383 5051 3532 5090 arma
3563 5035 3741 5090 corri-

2158 5135 2350 5204 piens;
2383 5133 2522 5187 unde
2574 5141 2752 5186 ortum
2801 5131 3118 5201 martyrium
3171 5138 3483 5184 sanctorum
3517 5126 3770 5182 Macha-_

2144 5224 2394 5287 ,baorum
2420 5231 2623 5291 septem
2656 5220 2880 5274 fratrum
2905 5219 3064 5273 nimis
3085 5216 3411 5284 venerabile,
3429 5217 3482 5270 in
3507 5230 3747 5285 quorum

2160 5312 2365 5384 honore
2394 5311 2716 5367 Viennensis
2737 5309 2978 5372 Ecclesia
3006 5309 3228 5363 fundata
3258 5316 3360 5362 est.
3704 5375 3709 5380 Δ

2219 5402 2386 5458 Onias
2419 5418 2661 5458 summus
2707 5399 2947 5471 pontifex
2977 5400 3224 5462 habetur,
3257 5397 3410 5468 cujus
3440 5396 3608 5450 frater
3647 5393 3740 5450 Ja-

2159 5511 2280 5559 son,
2331 5495 2646 5563 praripiens
2684 5507 2954 5546 summum
2982 5490 3364 5554 sacerdotium,
3388 5487 3743 5557 permittente

2159 5587 2458 5650 Antiocho,
2509 5586 2746 5654 legitima
2807 5585 3002 5639 civium
3059 5583 3178 5651 jura
3241 5582 3569 5643 destituens;
3635 5577 3739 5632 sub

2160 5679 2274 5748 ipsa
2330 5692 2455 5732 arce
2518 5673 2851 5746 gymnasium
2915 5673 3236 5736 constituit,
3305 5679 3360 5724 et
3414 5661 3740 5739 Ephtebiam
