4024 6362
211 403 286 459 65
1288 397 1698 454 CIIRONICON.
1741 426 1812 436 —
1846 395 2052 451 AETAS
2091 397 2368 464 QUINTA.
3417 398 3485 452 66

211 515 630 581 Hierosolymis.
676 515 794 583 Quo
820 524 943 586 post
993 513 1209 569 triennii
1259 523 1469 582 tempus
1501 514 1552 566 in
1586 516 1801 567 Amma-
1828 517 1876 573 Α
1903 520 2026 581 ptos
2046 512 2314 576 viderent,
2337 512 2530 568 occisis
2567 511 2886 582 conjugibus
2907 528 2970 567 ac
3005 513 3211 578 liberis,
3253 515 3303 568 in
3333 513 3484 569 llam-

205 611 387 667 nitem
417 606 694 679 regionem
722 605 968 675 expulso,
1010 603 1287 658 Menelaus
1341 603 1512 657 frater
1561 602 1801 657 Simonis

209 701 280 755 de
349 699 488 754 tribu
551 697 834 768 Benjamin
899 696 1262 766 principatum
1311 695 1602 750 sacerdotii
1663 693 1802 748 obti-

207 789 354 844 nuit.
406 786 572 857 Cujus
625 786 787 856 impia
839 785 1111 848 factione,
1165 785 1287 854 pius
1331 783 1496 838 Onias
1559 783 1804 853 pontifex

206 893 316 948 per
355 876 728 932 Andronicum
776 883 1087 946 peremptus
1124 883 1238 928 “est.
1295 873 1464 940 Quem
1513 881 1802 944 propterea

207 981 313 1022 rex
357 965 659 1020 Antiochus
691 978 933 1033 purpura
968 972 1190 1017 exutum
1220 963 1408 1017 eodem
1446 963 1586 1025 loco,
1609 977 1718 1032 quo
1747 962 1800 1016 in

208 1055 411 1111 Oniam
443 1055 778 1126 impietatem
807 1054 1180 1116 commiserat,
1222 1053 1388 1123 jussit
1419 1053 1526 1107 vita
1574 1053 1799 1122 privari.

208 1147 517 1202 Menelaum
540 1161 672 1201 vero
701 1146 1002 1201 Antiochus
1031 1145 1292 1216 Eupator,
1323 1147 1666 1215 postmodum
1692 1146 1805 1200 An-

211 1241 386 1297 tiochi
419 1241 558 1295 illius
600 1241 668 1294 de
713 1240 847 1294 turri
872 1241 1259 1310 quinquaginta
1296 1240 1600 1295 cubitorum
1645 1240 1802 1308 dejici

205 1330 374 1401 jussit
405 1346 420 1385 :
447 1330 652 1400 talique
697 1339 873 1385 morte
905 1329 1204 1398 iustissime
1234 1331 1519 1385 damnatus
1547 1339 1650 1385 est.
1685 1329 1802 1383 Ma-

215 1420 426 1475 thathia
456 1419 738 1474 sacerdote
765 1417 1037 1483 defuncto,
1067 1418 1235 1474 ludas
1271 1418 1607 1475 Machameus
1633 1420 1799 1475 duca-—

214 1522 327 1566 tum
353 1510 661 1566 Judzeorum
687 1511 941 1578 suscepit,
974 1525 1116 1564 anno
1141 1510 1438 1565 centesimo
1482 1519 1537 1564 et
1563 1511 1800 1579 quadra-

212 1601 423 1673 gesimo
469 1607 624 1653 sexto
675 1597 825 1668 regni
855 1597 1190 1654 Graecorum.
1238 1597 1341 1666 Qui
1382 1613 1509 1654 mox
1549 1599 1800 1655 Antiochi

213 1692 386 1746 duces
427 1689 495 1743 de
520 1687 706 1742 Iudaea
735 1688 1028 1758 expellens,
1060 1697 1115 1743 et
1147 1689 1404 1759 templum
1436 1690 1503 1744 ab
1537 1689 1800 1745 idolorum

217 1783 544 1854 imaginibus
577 1782 899 1846 emundans,
936 1783 1140 1852 patrias
1176 1782 1326 1852 leges
1357 1791 1478 1852 post
1507 1780 1800 1836 triennium

1906 617 2021 656 mas
2069 616 2189 656 sese
2246 600 2606 672 proiecerunt.
2665 603 2766 669 Qui
2812 619 2942 656 vero
2979 605 3480 672 przeoccupantibus

1905 692 2184 754 Romanis,
2238 692 2556 762 peragendae
2577 691 2767 746 mortis
2791 705 2904 746 sua!
2954 691 3162 760 copiam
3214 707 3320 746 non
3376 693 3480 747 ha-

1907 783 2158 846 buerunt,
2190 781 2279 834 alii
2310 781 2474 845 ferro,
2510 781 2603 835 alii
2631 781 3046 850 suspendio,alii
3072 782 3339 851 abnegato
3361 781 3482 836 cibo

1906 889 2026 929 sese
2053 881 2504 943 consumpserunt
2543 891 2556 926 :
2589 873 2873 942 nullusque
2909 873 3130 927 omnino
3169 873 3248 928 vel
3281 887 3482 943 parvu-

1909 965 1993 1018 lus
2019 962 2305 1034 superfuit,
2337 964 2427 1034 qui
2479 965 2752 1018 servitutis
2796 965 3157 1020 conditionem
3215 965 3481 1020 tolerarit.

1904 1053 2187 1124 Jugurtha,
2221 1054 2454 1123 Micipsa:
2479 1052 2828 1109 Numidarum
2851 1054 2990 1124 regis
3030 1055 3314 1125 adoptivus
3335 1054 3488 1111 illius

1909 1146 2186 1213 Ineresque
2230 1145 2371 1198 inter
2394 1144 2668 1199 naturales
2695 1143 2812 1212 ejus
2841 1144 2980 1200 filios
3007 1145 3206 1210 factus,
3245 1147 3487 1202 cohaere-

1906 1235 2002 1291 des
2045 1250 2173 1290 suos
2208 1234 2530 1289 Hiemsalem
2576 1235 2796 1298 occidit,
2834 1234 3194 1292 Adherbalem
3226 1237 3366 1292 bello
3405 1239 3488 1293 vi-

1905 1335 2054 1381 ctum
2075 1325 2258 1380 Africa
2289 1325 2513 1395 expulit.
2529 1325 2880 1396 Calpurnium
2892 1329 3167 1382 consulem
3196 1331 3485 1385 adversum

1910 1430 1969 1470 se
2018 1417 2242 1471 missum
2278 1417 2508 1486 pecunia
2547 1416 2807 1486 corrupit,
2855 1426 2912 1472 et
2948 1419 3018 1473 ad
3068 1427 3250 1489 turpes
3293 1421 3486 1476 condi-

1906 1508 2082 1562 tiones
2120 1507 2272 1576 pacis
2297 1507 2540 1563 adduxit.
2570 1507 2799 1563 Romam
2829 1509 2970 1564 idem
3009 1511 3254 1576 veniens,
3301 1513 3485 1567 omni-

1904 1600 2007 1653 bus
2028 1599 2254 1668 pecunia
2285 1608 2378 1653 aut
2405 1601 2692 1670 corruptis,
2726 1610 2819 1656 aut
2846 1603 3142 1667 attentatis,
3182 1604 3481 1660 seditiones

1905 1687 2374 1758 dissensionesque
2398 1691 2734 1759 permiscuit.
2758 1689 2930 1756 Quam
2947 1707 3073 1747 cum
3089 1692 3485 1764 ingrederetur.

1905 1778 2092 1835 infami
2115 1781 2247 1835 satis
2269 1782 2472 1835 notavit
2495 1781 2693 1852 elogio,
2711 1781 2925 1836 dicens:
2947 1782 3144 1840 Urbem
3168 1783 3412 1839 venalem
3433 1793 3491 1839 et

214 1874 332 1927 suis
361 1873 568 1928 civibus
594 1871 845 1927 reddidit.
883 1872 1179 1928 Antiochus
1206 1871 1504 1942 Persipolin
1531 1873 1799 1928 nobilissi-
1826 1858 1874 1917 Β
1902 1879 2112 1924 mature
2128 1870 2444 1939 perituram,
2463 1871 2509 1924 si
2538 1880 2833 1940 emptorem
2866 1871 3154 1927 invenerit.
3179 1873 3324 1928 Idem
3357 1883 3480 1928 tan-

214 1981 362 2022 mam
404 1975 459 2020 et
492 1965 922 2035 copiosissimam
971 1964 1246 2018 civitatem
1285 1964 1519 2034 spoliare
1553 1964 1796 2034 cupiens,

213 2057 554 2114 multitudine
583 2056 652 2111 ad
680 2071 833 2111 arma
861 2065 1218 2110 concurrente
1239 2095 1256 2122 ,
1305 2055 1359 2108 in
1404 2055 1585 2126 fugam
1611 2071 1802 2111 versus

213 2161 294 2207 est
328 2167 343 2205 :
373 2159 430 2207 et
459 2149 669 2206 ctelesti
696 2163 821 2204 eum
844 2149 1048 2220 judicio
1075 2157 1420 2219 perurgente,
1446 2149 1572 2203 dum
1595 2149 1803 2204 accele‘

217 2250 366 2298 raret
413 2241 550 2304 iter,
595 2250 659 2294 ut
703 2239 1133 2310 Hierosolymam
1191 2240 1499 2309 congeriem
1568 2239 1801 2310 sepulcri

212 2332 523 2388 Iudaeorum
552 2331 775 2395 faceret,
809 2330 1095 2385 insanabili
1124 2330 1277 2401 plaga
1305 2345 1610 2400 percussus,
1630 2331 1802 2385 homi-

214 2424 336 2478 cida
390 2432 447 2477 et
497 2422 844 2492 blasphemus
890 2420 1187 2476 miserabili
1236 2422 1386 2476 obitu
1429 2423 1538 2476 vita
1587 2423 1802 2478 functus

213 2523 321 2570 est.
353 2513 451 2568 Cui
479 2512 740 2567 successit
774 2511 1074 2566 Antiochus
1110 2511 1349 2580 Eupator
1375 2509 1490 2580 ejus
1533 2513 1674 2567 filius
1704 2531 1717 2565 :
1747 2521 1803 2567 et

221 2612 350 2673 post
377 2603 510 2656 duos
537 2617 720 2665 annos,
753 2601 806 2656 id
831 2609 918 2655 est
942 2616 1086 2656 anno
1116 2602 1418 2656 centesimo
1455 2611 1510 2656 et
1533 2604 1802 2672 quinqua-

224 2696 433 2766 gesimo
466 2710 573 2750 uno
607 2695 749 2764 regni
799 2693 1148 2758 Graecorum,
1205 2695 1460 2764 regnavit
1498 2694 1802 2752 Demetrius

221 2787 432 2844 Seleuci
469 2786 624 2841 filius.
669 2785 768 2841 llic
801 2785 1083 2840 constituit
1123 2785 1429 2839 Alchimum
1483 2786 1704 2856 impium
1747 2787 1801 2841 in

217 2879 546 2944 sacerdotio,
577 2877 713 2932 Juda
741 2877 1052 2932 Machabteo
1088 2877 1143 2930 in
1172 2876 1312 2932 bello
1338 2892 1436 2946 pro
1467 2877 1673 2948 legibus
1702 2893 1800 2948 pa-

215 2972 340 3026 triis
367 2979 423 3026 et
459 2970 654 3041 populo
685 2970 777 3024 Dei
807 2976 1080 3040 pugnante
1110 2969 1293 3022 occiso
1325 2985 1339 3021 :
1367 2979 1423 3022 et
1448 2983 1590 3023 anno
1623 2979 1803 3024 centes

213 3061 355 3115 simo
391 3069 446 3116 et
478 3060 925 3131 quinquagesimo
964 3067 1159 3128 quarto
1197 3058 1443 3112 Alchimo
1478 3059 1802 3114 miserabili-

203 3157 302 3204 ter
341 3158 579 3213 mortuo,
634 3149 874 3204 omnium
922 3147 1137 3213 favore,
1178 3147 1422 3202 Jonatha:
1465 3148 1800 3219 principatus
1843 3215 1872 3219 _
1896 3154 2081 3212 Jarent
2111 3186 2126 3210 ,

1829 3215 2148 3289 Cextendit
2215 3215 2522 3306 imperium.
2599 3215 2953 3292 Demetrium
3002 3215 3179 3308 ipsum
3251 3241 3491 3300 secundo

213 3246 270 3294 et
300 3239 666 3294 sacerdotium
696 3238 1025 3292 decernitur.

288 3325 474 3400 [4690]
511 3328 835 3382 Ptolomaeus
892 3327 1180 3398 Evergetes
1204 3326 1361 3381 annis
1386 3335 1510 3381 octo
1538 3335 1593 3381 et
1617 3326 1824 3396 viginti.

211 3419 493 3485 Jonathas,
523 3419 831 3476 Iudaeorum
860 3420 968 3474 dux
1012 3429 1068 3474 et
1103 3418 1366 3488 pontifex,
1397 3434 1519 3473 cum
1547 3418 1805 3474 Romanis

179 3495 272 3569 'et
302 3503 592 3584 Spartiatis
633 3513 900 3568 amicitias
948 3513 1101 3567 facit.
1150 3511 1247 3567 llic
1289 3525 1502 3566 summa
1543 3509 1803 3564 industria

216 3603 520 3658 sacerdotio
561 3601 942 3657 administrate
978 3599 1280 3655 octodecim
1319 3598 1496 3662 annis,
1530 3597 1804 3667 Triphone

210 3690 500 3754 occiditur,
541 3689 818 3759 fraterque
857 3687 975 3756 ejus
1006 3687 1195 3744 Simon
1229 3688 1281 3742 in
1320 3685 1681 3741 sacerdotium
1711 3699 1802 3739 as-

211 3781 472 3844 sumitur,
494 3795 637 3835 anno
663 3795 830 3852 regno
855 3778 1137 3849 Evergetis
1165 3778 1418 3848 septimo.
1453 3775 1635 3847 Scipio
1660 3776 1804 3830 Afri-

212 3887 388 3927 canus
412 3872 678 3926 exanimis
705 3872 760 3926 in
787 3871 1038 3926 cubiculo
1063 3885 1160 3924 suo
1185 3877 1455 3939 repertus,
1485 3867 1669 3922 uxoris
1691 3883 1804 3921 suae

212 3961 552 4031 Sempronia;
574 3961 940 4016 Gracchorum
983 3960 1186 4014 sororis
1217 3958 1340 4014 dolo
1365 3968 1607 4014 necatus.
1635 3956 1802 4027 Cujus

211 4054 370 4124 vigor
395 4061 451 4108 et
480 4054 741 4129 modestia
772 4054 827 4107 in
859 4053 993 4106 urbe
1025 4052 1268 4106 Romana
1307 4050 1386 4106 sic
1421 4048 1607 4114 valuit,
1641 4057 1700 4102 ut
1738 4063 1804 4104 eo

212 4143 342 4196 vivo
379 4156 553 4212 neque
588 4142 788 4198 sociale
836 4153 1011 4212 neque
1046 4141 1202 4196 civile
1245 4139 1443 4195 bellum
1486 4154 1646 4210 posse
1684 4139 1803 4193 exi-

211 4241 365 4287 stere
411 4232 741 4288 crederetur.
798 4231 861 4285 L.
899 4230 1078 4286 Caecili
1116 4229 1359 4293 Metello,
1397 4239 1454 4284 et
1504 4227 1607 4295 Qu.
1661 4226 1803 4282 Titio

212 4321 482 4376 Flaminio
528 4321 872 4384 consulibus,
926 4319 1194 4391 Carthago
1244 4320 1300 4374 in
1354 4320 1538 4375 Africa
1590 4319 1802 4375 restitui

207 4411 394 4482 iussa,
427 4413 744 4468 duodecimo
772 4413 988 4466 demqu
1021 4427 1164 4466 anno
1191 4427 1354 4480 quam
1389 4411 1566 4466 fuerat
1589 4426 1798 4476 eversa,

210 4511 270 4556 et
295 4501 542 4556 deductis
562 4501 758 4555 civium
787 4500 1155 4556 Romanorum
1184 4499 1404 4555 familiis
1427 4516 1548 4570 quae
1573 4514 1692 4554 eam
1718 4499 1801 4553 in-

1903 1959 2026 2014 dem
2066 1960 2305 2015 cruentis
2351 1959 2506 2015 bellis
2558 1976 2588 2016 a
2637 1961 2896 2017 Romanis
2925 1973 3234 2032 superatus.
3262 1965 3480 2020 Boccho

1904 2047 2212 2103 Maurorum
2259 2049 2369 2119 regi
2414 2065 2472 2104 se
2538 2050 2808 2104 sociavit:
2854 2053 3251 2122 commissaque
3299 2069 3480 2124 pugna

1902 2153 2010 2193 una
2039 2154 2162 2194 cum
2186 2138 2446 2194 Romanis
2470 2139 2641 2196 Mario
2659 2141 2884 2196 consule
2908 2142 3175 2210 Bocchus,
3205 2153 3262 2200 et
3283 2143 3486 2214 Jugur-

1908 2230 2000 2284 tha
2055 2228 2344 2301 fugerunt;
2408 2231 2534 2286 inde
2584 2233 2874 2304 nonaginta
2923 2235 3100 2298 .millia
3154 2245 3489 2291 armatorum

1901 2321 2240 2376 vincentibus
2269 2321 2529 2378 Romanis
2552 2339 2722 2393 usque
2745 2324 2838 2382 ad.
2865 2324 3292 2382 internecionem
3319 2343 3483 2382 caesa.

1901 2409 2148 2467 Bocchus
2198 2414 2252 2467 in
2299 2415 2529 2483 pretium
2558 2416 2723 2484 'pacis
2747 2415 3064 2484 Iugurtham
3096 2419 3219 2474 dolo
3243 2429 3484 2489 captum.

1903 2503 2218 2572 catenisque
2278 2505 2624 2570 obstrictum,
2677 2522 2774 2576 per
2813 2505 3016 2577 Syllum
3046 2505 3283 2581 legatum
3342 2511 3493 2565 misit

1905 2598 1972 2651 ad
2021 2597 2252 2652 Marium
2297 2617 2310 2652 :
2361 2600 2453 2669 qui
2505 2601 2557 2654 in
2604 2601 2874 2671 triumpho
2910 2611 3035 2658 ante
3095 2621 3314 2659 currum
3363 2609 3488 2661 cum

1902 2687 2115 2742 duobus
2167 2688 2292 2743 filiis
2343 2689 2456 2744 suis
2479 2698 2653 2754 actus,
2685 2701 2743 2745 et
2767 2707 2892 2745 mox
2920 2692 2973 2746 in
2995 2707 3215 2747 carcere
3241 2704 3492 2764 strangu-

1903 2776 2048 2832 latus
2076 2787 2180 2832 est.
2231 2779 2570 2835 Mithridates
2632 2796 2729 2836 rex
2791 2780 3142 2847 Parthorum,
3178 2792 3364 2838 sextus
3419 2785 3491 2837 ab

1901 2875 2127 2939 Arsace,
2156 2874 2299 2929 victo
2337 2875 2593 2930 Demetrii
2621 2875 2896 2946 praefecto,
2920 2876 3273 2948 Babyloniam
3292 2878 3485 2932 urbem

1901 2964 2147 3034 finesque
2185 2962 2302 3033 ejus
2341 2965 2622 3020 universos
2648 2965 2824 3020 victor
2864 2967 3078 3022 invasit.
3111 2967 3312 3023 Omnes
3353 2983 3494 3038 pra:-

1903 3063 2052 3109 terea
2081 3064 2287 3124 gentes,
2319 3071 2438 3124 quae
2476 3055 2625 3111 inter
2645 3055 2950 3127 Hydaspem
2973 3055 3203 3112 fluvium:
3222 3067 3277 3112 et
3300 3059 3490 3114 Indum

2199 3147 2462 3217 subegit:
2512 3147 2581 3201 ad
2651 3146 2856 3201 Indiam
2921 3162 3138 3218 quoque
3201 3157 3488 3204 cruentum

1906 3325 2008 3380 sibi
2055 3325 2195 3379 bello
2247 3334 2626 3382 occurrentem
2669 3328 2800 3381 vicit
2831 3335 2887 3382 et
2923 3329 3086 3398 cepit.
3137 3329 3258 3397 Quo
3304 3340 3491 3400 capto,

1907 3414 2179 3494 Deodatus
2216 3415 2436 3486 quidam
2479 3431 2604 3471 cum
2650 3417 2958 3472 Alexandro
2981 3417 3094 3474 filio
3119 3435 3346 3490 regnum
3374 3419 3494 3489 ejus

1904 3516 1964 3560 et
2012 3508 2220 3576 regium
2294 3523 2492 3563 nomen
2568 3511 2872 3579 usurpavit.
2921 3510 3023 3576 Qui
3072 3520 3258 3579 postea
3316 3512 3492 3580 ipsum

1903 3593 2274 3648 Alexandrum
2325 3594 2537 3659 lilium,
2587 3611 2748 3665 quem
2791 3598 3110 3666 participem
3161 3599 3385 3669 periculi
3437 3600 3492 3652 in

1905 3685 2245 3753 pervadendo
2285 3699 2456 3755 regno
2499 3687 2798 3751 habuerat,
2843 3703 2912 3742 ne
2948 3688 3002 3742 in
3041 3689 3334 3744 obtinendo
3363 3704 3493 3743 con-

1903 3784 2109 3832 sortem
2142 3775 2388 3841 haberet,
2421 3777 2640 3833 occidit.
2668 3777 2868 3834 Lucius
2895 3780 3084 3834 consul
3117 3781 3171 3834 in
3199 3780 3371 3835 Gallia
3400 3781 3494 3834 Ti-

1904 3869 2096 3924 burtes
2131 3883 2306 3938 usque
2326 3867 2605 3938 Oceanum
2641 3877 2976 3938 persecutus,
3009 3870 3221 3926 insidiis
3247 3870 3493 3925 circum-

1903 3968 2098 4014 ventus
2143 3937 2430 4014 occiditur.
2489 3959 2534 4012 A
2580 3937 2834 4029 Scipione
2883 3960 3106 4015 consule
3149 3971 3306 4030 capta
3355 3963 3494 4016 urbe

1903 4051 2182 4106 Gallorum
2234 4051 2428 4107 Tolosa
2477 4060 2692 4107 centum
2741 4051 2908 4107 millia
2956 4053 3134 4122 pondo
3163 4054 3277 4107 auri
3317 4062 3373 4108 et
3402 4069 3492 4108 ar-

1901 4143 2050 4213 genti
2076 4152 2294 4196 centum
2322 4142 2508 4198 decem
2534 4141 2701 4196 millia
2732 4158 2764 4198 e
2796 4142 2995 4213 templo
3019 4143 3281 4213 Apollinis
3304 4159 3491 4199 susce-

1903 4234 2000 4302 pit.
2031 4233 2160 4300 Quae
2183 4248 2305 4287 cum
2337 4233 2403 4287 ad
2435 4231 2730 4288 Massiliam
2755 4235 2985 4290 amicam
3015 4235 3210 4304 populo
3244 4235 3492 4291 Romano

1903 4324 2092 4378 urbem
2132 4324 2372 4380 misisset
2404 4339 2528 4380 cum
2554 4325 2840 4394 praesidiis,
2874 4325 3176 4383 interfectis
3205 4328 3344 4382 clam
3385 4345 3484 4383 cu-

1904 4415 2147 4471 stodibus
2175 4426 2370 4470 cuncta
2398 4431 2495 4486 per
2528 4416 2706 4472 scelus
2743 4416 2922 4471 furata
2969 4417 3136 4473 fuisse
3173 4428 3487 4473 narrantur.

1905 4503 2131 4559 Manlius
2157 4512 2212 4559 et
2235 4503 2301 4570 Q.
2330 4504 2508 4575 Caepio
2535 4520 2677 4561 coss.
2707 4506 2966 4560 adversus
2994 4506 3242 4563 Cimbros
3267 4519 3323 4562 et
3349 4509 3491 4563 Teu-

213 4590 482 4654 colerent,
519 4592 765 4646 restituta
795 4600 852 4645 et
879 4591 1080 4660 repleta
1115 4598 1220 4654 est,
1250 4590 1420 4646 Fabio
1444 4566 1686 4646 consule.
1713 4591 1802 4644 Bi-
1826 4566 1879 4626 Ῑ)
1908 4606 2064 4651 tonas
2093 4606 2149 4652 et
2175 4566 2512 4666 Teugurinos
2541 4587 2596 4653 et
2621 4598 2922 4653 Ambranos
2945 4597 3238 4655 Galliarum
3265 4600 3491 4656 Germa-

213 4684 355 4738 toito
393 4683 506 4754 regi
538 4684 904 4738 Arvernorum
929 4671 1116 4738 Galliae
1140 4683 1376 4738 civitatis
1405 4681 1602 4738 bellum
1629 4683 1801 4736 maxi-

213 4787 310 4828 mo
333 4773 598 4828 instructu
633 4774 968 4842 comparanti
989 4813 1004 4840 ,
1030 4773 1278 4843 paucitas
1307 4773 1674 4827 Romanorum
1708 4787 1801 4827 oc-

212 4864 410 4928 currit,
441 4874 499 4919 ut
524 4865 616 4919 vix
644 4866 712 4920 ad
739 4880 920 4920 escam
950 4865 1174 4921 canibus
1205 4880 1341 4935 quos
1369 4865 1423 4918 in
1455 4864 1670 4934 agmine
1701 4863 1798 4917 ha-

213 4956 404 5021 bebat,
420 4956 833 5027 sulllcereposse
850 4957 1334 5026 Bitoitusjactaret.
1361 4955 1600 5022 Quicum
1613 4954 1714 5010 sibi
1729 4953 1796 5008 ad

213 5045 623 5102 transferendus
644 5048 828 5118 copias
859 5062 1024 5102 unutn
1046 5055 1264 5116 pontem
1313 5047 1563 5101 Rhodani
1603 5060 1796 5116 parum

211 5151 342 5191 esse
372 5137 716 5210 intelligeret,
752 5138 916 5192 alium
945 5137 1245 5207 compactis
1278 5136 1532 5192 lintribtis
1558 5137 1795 5193 catenis-

209 5245 327 5301 que
347 5245 648 5285 connexum
694 5245 857 5301 super
899 5230 1087 5285 stratis
1125 5230 1460 5301 conlixisque
1489 5229 1689 5286 tabulis
1711 5230 1798 5284 in-

209 5323 442 5377 struxit.
505 5322 767 5377 Conserta
805 5336 1008 5393 pugna,
1056 5321 1185 5375 victi
1231 5319 1392 5384 Galli,
1455 5321 1702 5376 conversi
1746 5321 1800 5375 in

208 5415 422 5484 fugam,
447 5418 780 5472 coacervatis
825 5413 1127 5471 inconsulte
1177 5413 1507 5478 hominibus,
1561 5429 1801 5484 praepro-

207 5517 351 5575 pero
381 5507 610 5560 transitu
649 5506 826 5576 pontis
849 5503 1061 5559 vincula
1093 5511 1374 5573 ruperunt,
1415 5518 1480 5557 ac
1523 5518 1649 5558 mox
1677 5519 1799 5557 cum

209 5595 632 5665 ipsislintribus
653 5598 820 5653 mersi
859 5603 1004 5652 sunt.
1033 5595 1138 5662 Qu.
1177 5594 1403 5649 Martius
1431 5595 1639 5660 consul,
1677 5594 1803 5649 Gal-

205 5685 396 5740 lorum
436 5696 652 5758 gentem
679 5688 780 5743 sub
824 5687 1006 5752 radice
1041 5686 1259 5755 Alpium
1312 5685 1470 5739 situm
1528 5685 1668 5739 bello
1706 5701 1802 5754 ag-

211 5792 444 5851 gressus
463 5788 565 5836 est.
594 5777 698 5846 Qui
743 5794 866 5834 cum
895 5793 954 5834 se
980 5776 1239 5832 Romanis
1287 5775 1456 5845 copiis
1509 5776 1802 5831 circumse-

1906 4686 2226 4753 niarumque
2268 4693 2457 4755 gentes
2498 4685 2679 4749 missi,
2728 4687 3032 4756 provincias
3078 4688 3180 4743 sibi
3225 4687 3490 4743 Rhodano

1901 4771 2067 4828 ﬂuvio
2099 4774 2276 4828 medio
2305 4773 2624 4830 diviserunt.
2668 4775 2768 4832 Ubi
2802 4777 2943 4833 inter
2970 4792 3029 4833 se
3056 4778 3376 4847 gravissima
3408 4779 3491 4834 in-

1902 4864 2045 4918 vidia
2072 4873 2126 4918 et
2150 4865 2496 4920 contentione
2515 4864 2856 4922 decertantes
2883 4881 3008 4921 cum
3036 4882 3230 4938 magna
3257 4867 3487 4939 ignomi-

1903 4954 1993 5008 nia
2021 4963 2077 5010 et
2104 4953 2347 5024 periculo
2383 4955 2609 5010 Romani
2637 4957 2871 5011 nominis
2900 4957 3028 5012 victi
3058 4966 3202 5012 sunt.
3232 4957 3310 5012 Ita
3335 4965 3396 5012 ut
3419 4971 3488 5012 ex

1899 5048 2046 5102 omni
2075 5047 2292 5116 penitus
2317 5049 2561 5104 exercitu
2606 5049 2796 5104 decem
2839 5058 3048 5104 tantum
3097 5051 3369 5117 homines,
3394 5051 3489 5121 qui

1902 5137 2162 5193 miserum
2195 5139 2442 5194 nuntium
2480 5147 2858 5210 reportarent,
2888 5139 3220 5211 superfuisse
3245 5142 3490 5198 referan-

1902 5235 2010 5282 tur.
2043 5227 2235 5285 Hostes
2261 5230 2462 5302 ingenti
2491 5233 2671 5302 praeda
2697 5233 2875 5302 potiti,
2906 5248 3043 5288 nova
3071 5235 3304 5304 quadam
3327 5241 3492 5302 atquo

1903 5320 2122 5376 insolita
2140 5323 2536 5388 exsecratione,
2555 5332 2748 5378 cuncta
2763 5339 2882 5394 quae
2899 5334 3160 5396 ceperant
3175 5324 3487 5396 pessumde-

1906 5409 2123 5465 derunt.
2149 5410 2320 5468 Mario
2339 5421 2533 5482 quarto
2554 5412 2775 5468 consule
2797 5429 2922 5469 cum
2947 5417 2999 5471 in
3029 5416 3306 5488 provincia
3330 5411 3465 5467 Vien

1909 5503 2063 5557 nensi
2103 5501 2258 5570 juxta
2305 5503 2485 5558 ἰείη-ξω
2515 5501 2874 5573 Rhodanique
2898 5505 3136 5570 flumina,
3165 5505 3257 5559 ubi
3287 5504 3340 5557 in
3370 5517 3494 5558 sese

1907 5590 2203 5660 confluunt,
2230 5605 2408 5651 castra
2432 5597 2724 5667 posuisset,
2755 5597 3049 5663 Teutones,
3080 5596 3324 5662 Cimbrii,
3356 5596 3492 5650 Teu-

1909 5686 2086 5754 gurini
2113 5702 2234 5740 cum
2262 5687 2436 5744 tribus
2463 5691 2768 5761 agminibus
2789 5691 2993 5746 Italiam
3022 5698 3206 5760 petere
3231 5689 3496 5746 destinas-

1912 5784 2062 5842 sent,
2101 5777 2557 5846 pcriculosissimo
2603 5783 2788 5851 prtelio
2816 5797 2845 5836 a
2877 5782 3136 5836 Romanis
3170 5782 3298 5836 victi
3345 5788 3490 5835 sttut.
