4024 6362
515 318 527 328 '
554 363 621 417 67
1554 357 1610 411 3.
1654 355 1900 410 ADONlS
1933 354 2356 409 ABCIIIEPISC.
2403 352 2804 410 VIENNENSIS
3624 342 3633 351 ’
3737 353 3805 406 68

554 479 738 532 Roma:
761 476 818 530 P.
847 474 1119 530 Malleolus
1142 475 1508 530 annitentibus
1528 476 1699 528 servis
1727 483 1952 526 matrem
1977 485 2128 525 suam
2157 478 2206 532 Α
2235 471 2403 531 linito,
2453 471 2634 524 Romae
2677 468 2851 537 primo
2907 464 3104 520 bellant
3143 465 3300 520 civile
3343 474 3672 520 commotum
3698 475 3804 523 est.

552 567 842 623 interfecit.
865 567 1158 620 Damnatus
1178 566 1452 636 parricidii
1477 566 1792 633 insutusque
1815 565 1866 618 in
1889 563 2124 625 culeum,

549 669 606 710 et
632 658 688 711 in
725 672 874 710 mare
903 656 1171 725 projectus
1199 663 1283 707 est
1314 669 1330 707 :
1360 655 1412 708 in
1445 663 1703 722 tantoque
1745 654 1984 708 facinore
2022 653 2128 706 Ro-

551 745 698 799 mani
727 744 1046 814 supplicium
1078 743 1347 812 singulare
1375 751 1689 796 sanxerunt.
1738 741 1905 796 Sexto
1933 757 2128 797 consu—

549 837 659 892 latn
689 837 749 892 C.
780 838 931 891 Marii
963 845 1134 890 status
1162 835 1389 889 Romani
1424 835 1634 904 imperii
1667 836 1737 888 ita
1774 833 2128 888 labefactatus

550 937 675 993 est,
724 935 783 981 ut
832 941 968 996 pene
1016 940 1184 993 usque
1228 925 1295 977 ad
1340 935 1638 979 extremum
1681 923 1933 978 intestina
1974 924 2126 977 clade

551 1018 869 1076 conciderit.
944 1016 1185 1071 Metellus
1250 1015 1606 1080 Numidicus,
1669 1017 1750 1068 vir
1817 1014 2126 1084 primarius,

550 1109 784 1164 factione
833 1107 982 1161 Marii
1037 1123 1068 1160 a
1125 1106 1344 1161 Glaucia
1423 1117 1649 1175 praetore
1716 1116 1771 1159 ct
1833 1105 2124 1159 Saturnino

549 1203 767 1255 tribuno
818 1200 1073 1253 innocens
1122 1200 1436 1262 damnatus,
1487 1198 1537 1251 in
1583 1197 1833 1250 exsilium
1879 1211 1998 1248 cum
2044 1204 2125 1248 to-

549 1291 658 1343 tius
712 1289 860 1343 urbis
913 1288 1096 1341 dolore
1163 1287 1432 1341 discessit.
1481 1286 1827 1340 Postmodnm
1878 1283 2125 1337 Saturni-

550 1396 653 1434 nus
680 1389 736 1434 et
780 1377 1028 1433 Saufeius
1074 1387 1129 1432 et
1171 1377 1462 1441 Labienus,
1497 1392 1618 1430 cum
1651 1375 1761 1443 jam
1797 1373 2038 1444 praelium
2070 1373 2122 1426 in

547 1472 666 1527 foro
709 1471 1123 1534 commisissent,
1157 1478 1384 1539 cogente
1413 1468 1580 1522 Mario
1622 1468 1674 1520 in
1705 1467 1909 1520 curiam
1941 1463 2126 1518 confu-

549 1573 780 1635 gerunt,
831 1563 1010 1633 ibique
1079 1577 1178 1631 per
1237 1561 1446 1630 equites
1511 1560 1827 1622 Romanos,
1890 1555 2126 1611 effractis

551 1657 776 1717 foribus,
807 1655 969 1709 occisi
1010 1663 1152 1708 sunt.
1198 1651 1418 1707 Glaucia
1457 1661 1511 1705 et
1546 1650 1812 1705 Dolabella
1845 1649 2124 1702 Saturnini

549 1744 718 1798 frater
755 1743 1039 1798 interfecti.
1079 1743 1311 1797 Rutilius
1352 1758 1566 1812 quoque
1599 1744 1680 1796 vir
1722 1741 2121 1811 integerrimus,

2231 560 2540 628 Eodemque
2565 575 2706 613 anno
2736 557 2804 611 ab
2826 556 2972 612 Urbe
2997 556 3214 611 condita
3244 551 3638 612 sexcentesimo
3655 573 3810 612 sexa-

2231 654 2434 722 gesimo
2459 651 2717 712 secundo,
2747 649 3164 703 Mithridaticum
3202 648 3399 702 bellum
3431 658 3667 717 emptum
3699 661 3806 718 est,

2230 742 2372 810 quod
2399 742 2618 811 triginta
2660 738 2839 804 annis,
2870 739 2972 803 vel,
3007 739 3146 793 sicut
3173 738 3337 808 aliqui
3382 740 3649 803 scribunt,
3674 756 3812 810 qna-

2231 833 2477 902 draginta
2507 840 2715 899 gestum
2757 839 2858 884 est.
2908 829 3244 883 Mithridates
3299 829 3462 898 igitur
3507 843 3603 883 rex
3650 829 3812 886 Ponti

2231 933 2392 992 atque
2416 922 2686 976 Armeniae
2714 921 2899 974 multis
2925 920 3124 990 pmliis
3153 936 3182 974 a
3211 919 3472 974 Romanis
3495 931 3810 990 superatus,

2229 1013 2519 1068 novissime
2542 1026 2663 1066 cum
2693 1009 2886 1065 Castor
2910 1009 3026 1077 ejus
3053 1008 3357 1080 praefectus,
3387 1010 3478 1078 qui
3504 1010 3814 1081 Fanagorio

2230 1111 2480 1172 praeerat,
2507 1101 2803 1156 interfectis
2823 1100 3016 1155 amicis
3057 1101 3222 1170 regis,
3252 1115 3432 1155 arcem
3461 1112 3807 1171 occupasset,

2229 1205 2593 1265 quartuorque
2627 1195 2765 1250 filios
2793 1197 2907 1263 ejus
2958 1194 3028 1249 ad
3063 1194 3314 1264 praesidia
3342 1193 3588 1248 Romana
3620 1205 3810 1249 trans-

2229 1287 2488 1350 misisset,
2520 1301 2782 1340 accensus
2804 1286 2905 1352 ira,
2937 1286 2992 1340 in
3021 1286 3224 1340 scelera
3249 1286 3463 1340 tandem
3499 1287 3724 1353 exarsit,
3749 1297 3814 1342 ut

2229 1378 2282 1431 in
2307 1377 2487 1446 plures
2538 1378 2742 1431 amicus
2776 1393 2923 1442 suos,
2945 1385 3000 1431 et
3037 1376 3366 1446 Exipodram
3418 1377 3585 1432 tilium
3622 1393 3804 1442 suum,

2228 1465 2498 1535 aliumque
2531 1467 2794 1520 Maearem
2844 1466 3193 1522 interficeret.
3245 1467 3580 1533 Pharnaces,
3627 1485 3814 1524 exemo

2227 1558 2316 1626 plo
2363 1556 2589 1610 fratrum
2640 1558 2879 1620 territus,
2916 1559 3215 1612 exercitum
3265 1559 3331 1612 ad
3377 1560 3808 1628 persequendum

2227 1663 2286 1702 se
2307 1648 2530 1702 missum
2561 1647 2662 1702 sibi
2689 1649 3012 1712 conciliavit,
3062 1657 3118 1702 et
3156 1664 3279 1703 mox
3309 1650 3567 1705 adversus
3595 1659 3811 1719 patrem

2229 1739 2401 1794 duxit.
2423 1739 2758 1795 Mithridates
2791 1740 2881 1794 diu
2925 1757 2990 1796 ex
3019 1741 3280 1796 altissimo
3310 1758 3467 1796 muro
3495 1741 3665 1796 filium
3695 1744 3809 1797 fru-

550 1835 792 1904 qniadeo
808 1835 928 1889 fidei
950 1845 1110 1904 atque
1134 1835 1765 1889 imiocentiaeconstantia
1792 1850 1921 1888 usus
1943 1842 2048 1897 est,
2072 1842 2130 1886 ut
2163 1826 2205 1885 ll
2234 1839 2347 1883 stra
2404 1839 2673 1898 precatus,
2722 1829 2811 1884 ubi
2861 1830 3247 1888 inexorabilem
3293 1832 3429 1886 vidit
3451 1873 3468 1897 ,
3504 1834 3808 1890 moriturus

553 1929 640 1982 die
667 1928 766 1981 sibi
795 1927 863 1980 ab
890 1926 1299 1981 accusatoribus
1326 1924 1488 1990 dicta,
1546 1941 1720 1996 usque
1763 1926 1830 1979 ad
1853 1925 2120 1994 cognitio-

549 2031 672 2070 nem
705 2031 878 2084 ncque
906 2016 1156 2084 capillum
1195 2007 1526 2086 barbamque
1561 2016 1892 2085 deposuerit,
1948 2029 2123 2083 neque

550 2105 764 2160 sordida
791 2116 936 2159 veste
969 2105 1224 2158 hnmilive
1253 2106 1435 2159 habitu
1459 2104 1843 2176 suffragatores
1865 2105 2125 2160 concilia-

550 2197 643 2261 rit,
684 2196 932 2249 inimicos
960 2195 1322 2264 permulserit,
1365 2195 1576 2263 judices
1621 2196 1959 2264 temperarit,
1999 2209 2123 2248 cum

548 2285 781 2339 evidenti
828 2295 1229 2355 oppugnaretur
1255 2286 1546 2349 calumnia,
1595 2286 1830 2355 perjnrio
1881 2285 2120 2354 judicnm

546 2378 958 2442 condemnatus,
1029 2375 1315 2448 Smyrnam
1394 2379 1755 2446 comniigrans
1824 2379 2122 2431 litterarum

548 2466 741 2521 studiis
781 2467 1022 2521 intentus
1069 2468 1368 2522 consenuit.
1417 2469 1582 2522 Sexto
1628 2467 1769 2521 Julio
1825 2469 2036 2522 Caesare
2068 2477 2124 2522 et

547 2554 714 2609 Lucio
743 2555 933 2610 Martio
963 2557 1290 2621 consulibus,
1325 2558 1598 2612 intestinis
1657 2558 1853 2620 causis,
1907 2557 2123 2612 Sociale

547 2645 744 2699 bellum
799 2655 966 2700 totam
1022 2647 1313 2701 commovit
1367 2647 1595 2702 Italiam.
1662 2647 1788 2701 Post
1847 2648 2122 2701 Simonem

547 2733 771 2790 fratrem
825 2735 1091 2802 Jonathaa,
1153 2737 1389 2792 Joannes
1448 2738 1588 2791 filius
1613 2737 1728 2805 ejus
1755 2739 1808 2791 in
1853 2753 2121 2792 summum

547 2826 909 2879 sacerdotium
955 2827 1325 2881 constituitur.
1384 2825 1482 2880 Hic
1529 2828 1814 2881 adversum
1861 2826 2123 2882 llircanos

549 2914 746 2967 bellum
777 2929 990 2983 gerens,
1048 2914 1268 2968 Hircani
1318 2930 1511 2969 nomen
1563 2915 1792 2982 accepit,
1845 2923 1899 2968 et
1945 2930 1976 2968 a
2019 2915 2125 2968 llo-

547 3003 722 3056 manis
740 3001 830 3070 jus
859 3003 1111 3057 amicitiae
1146 3004 1423 3072 postulans
1449 3044 1462 3067 ,
1505 3004 1724 3057 decreto
1779 3011 1998 3058 senatus
2036 3005 2120 3057 in-

547 3099 632 3146 ter
655 3092 858 3146 amicos
881 3092 1084 3148 relatus
1112 3102 1215 3148 est.
1253 3093 1574 3158 Samariam,
1619 3110 1740 3164 qua:
1771 3105 1956 3148 nostro
1989 3104 2122 3149 tem-

2225 1919 2559 1974 exclamasse
2610 1919 2782 1974 fertur
2825 1921 3137 1987 :Quoniam
3191 1920 3537 1988 Pharnaces,
3604 1924 3807 1994 inquit,

2225 2012 2363 2064 mori
2392 2008 2568 2076 jubet,
2601 2025 2716 2076 vos,
2751 2013 2795 2066 si
2835 2012 2986 2076 estis,
3015 2012 3089 2065 dii
3118 2012 3298 2080 patrii,
3323 2026 3516 2080 precor
3550 2022 3609 2066 ut
3637 2028 3811 2082 quan‘

2225 2102 2400 2171 doque
2419 2113 2473 2156 et
2503 2103 2616 2171 ipse
2641 2104 2778 2157 hanc
2817 2119 3004 2157 vocem
3027 2119 3059 2156 a
3083 2102 3271 2158 liberis
3299 2104 3411 2158 suis
3445 2103 3649 2158 audiat.
3683 2103 3808 2159 Sta-

2227 2191 2432 2260 timque
2456 2191 2791 2245 descendens
2814 2191 2881 2245 ad
2909 2205 3132 2254 uxores,
3157 2191 3374 2260 pellices
3397 2205 3462 2246 ac
3494 2191 3634 2247 filias
3653 2208 3808 2259 suas,

2224 2295 2490 2334 venenum
2536 2279 2787 2335 omnibus
2843 2281 3007 2334 dedit.
3060 2281 3213 2346 Quod
3249 2295 3372 2335 cum
3416 2281 3530 2350 ipse
3576 2283 3810 2338 novissi-

2224 2387 2343 2425 mus
2370 2371 2659 2435 hausisset,
2684 2386 2784 2424 nec
2829 2379 3008 2426 tamen
3058 2380 3278 2440 propter
3309 2373 3564 2438 remedia,
3607 2374 3827 2442 quibus

2223 2462 2405 2514 vitalia
2429 2476 2524 2514 sua
2547 2461 2807 2515 adversus
2838 2466 3027 2514 noxios
3047 2477 3236 2517 succos
3265 2477 3407 2531 saepe
3429 2463 3800 2530 obstruxerat,

2221 2567 2429 2607 veneno
2477 2551 2670 2605 confici
2707 2561 2928 2621 posset,
2985 2550 3293 2624 frustraque
3347 2553 3714 2620 spatiaretur,
3757 2554 3806 2608 si

2223 2657 2331 2711 quo
2357 2643 2566 2696 tandem
2591 2643 2746 2697 modo
2773 2642 2948 2696 infuso
2985 2643 3151 2711 pestis
3189 2658 3286 2711 per
3315 2658 3480 2698 venas
3505 2645 3803 2714 agitatione

2222 2733 2464 2801 corporis
2509 2741 2628 2786 acta
2672 2731 3022 2796 discurreret,
3064 2731 3296 2799 Gallum,
3337 2735 3625 2802 quemdam
3665 2735 3806 2790 mili-

2226 2834 2354 2887 tem,
2377 2823 2489 2891 jam
2514 2820 2683 2877 fracto
2709 2824 3305 2890 murodiscurrentem,
3340 2825 3605 2890 invitavit,
3639 2829 3798 2896 eique

2219 2916 2465 2986 jugulum
2515 2916 2789 2983 praebuit:
2842 2931 3122 2987 annosque
3173 2927 3331 2971 natus
3366 2916 3472 2972 duo
3509 2925 3561 2972 et
3589 2928 3805 2987 septua-

2224 3005 2372 3073 ginta
2397 3005 2541 3058 hunc
2584 3004 2789 3058 exitum
2822 3005 2944 3058 vita:
2984 3004 3192 3059 habuit.
3238 3005 3411 3060 Tullio
3445 3006 3705 3062 Cicerone
3750 3018 3806 3063 et

2224 3093 2354 3148 Caio
2399 3093 2632 3147 Antonio
2680 3093 3008 3159 consulibus,
3046 3094 3367 3165 Pompeius,
3398 3097 3564 3153 occisi
3595 3097 3808 3154 Mithri-

545 3197 678 3252 pore
707 3183 931 3238 Sebaste
971 3194 1211 3249 vocatur,
1243 3187 1309 3238 ad
1356 3202 1514 3254 quam
1552 3186 1871 3241 Ptolommus
1900 3187 1990 3256 qui
2021 3204 2118 3257 pa-
2148 3185 2192 3246 C
2224 3185 2365 3240 datis
2390 3186 2578 3239 nuntio
2597 3193 2839 3254 accepto,
2864 3184 3297 3254 Syriamcmlem,
3324 3196 3380 3240 et
3407 3186 3638 3243 Felicem
3662 3188 3805 3242 bello

547 3285 685 3330 trem
715 3276 831 3345 ejus
859 3276 981 3331 dolo
1009 3288 1332 3345 peremerat.
1387 3289 1440 3332 et
1470 3289 1698 3334 matrem
1729 3281 1846 3349 ejus
1893 3283 2120 3337 vinculis

545 3369 971 3432 constrinxerat,
1025 3369 1337 3439 confugium
1412 3370 1634 3434 fecerat,
1694 3373 1970 3449 obsidione
2031 3393 2121 3429 ca-

544 3469 690 3528 ptant
731 3460 846 3512 solo
877 3461 1176 3528 coaequavit
1201 3479 1213 3513 :
1247 3477 1407 3529 quam
1431 3471 1614 3530 postea
1644 3461 1886 3519 Herodes
1917 3467 2120 3521 instau-

547 3565 700 3613 rans,
742 3547 1004 3604 Sebasten
1055 3552 1107 3604 in
1154 3552 1412 3608 honorem
1452 3554 1674 3624 Augusti
1718 3557 1973 3627 appellari
2023 3576 2120 3614 vo-

547 3640 667 3696 luit.

616 3733 938 3789 Ptolomaeus
997 3735 1250 3798 Phiscon,
1315 3737 1405 3807 qui
1457 3747 1512 3792 et
1564 3741 1740 3805 Soter,
1778 3757 1948 3796 annos
2001 3758 2120 3812 sep-

545 3823 851 3877 temdecim.
895 3822 1083 3877 Cicero
1121 3824 1308 3893 Arpini
1345 3827 1604 3890 nascitur,
1665 3839 1834 3916 piatre
1874 3831 2116 3898 l-lelvina,

543 3920 697 3980 patre
719 3913 986 3981 equestris
1018 3913 1227 3966 ordinis
1251 3929 1318 3967 ex
1360 3916 1508 3984 regio
1534 3913 1871 3974 Wolécorum
1900 3937 2115 3992 genere.

544 4002 792 4070 Prodigia
837 4002 952 4054 dira
987 4003 1292 4070 apparendo
1329 4005 1624 4060 Romanam
1651 4010 1838 4064 urbem
1871 4021 2116 4066 maestam

546 4091 740 4145 Sociali
780 4091 919 4146 bello
958 4101 1284 4147 terruerunt.
1327 4093 1460 4150 Nam
1499 4098 1598 4152 sub
1619 4108 1738 4153 ortu
1770 4102 1898 4155 solis
1929 4103 2117 4171 globus

545 4181 688 4250 ignis
737 4197 768 4235 a
837 4183 1053 4252 regione
1099 4186 1481 4252 septentrionis
1524 4204 1644 4242 cum
1713 4192 1948 4247 maximo
1993 4191 2114 4247 caeli

544 4269 761 4342 fragore
793 4274 1032 4328 emicuit.
1060 4274 1213 4345 Apud
1241 4276 1510 4334 Attalinos
1545 4295 1666 4335 cum
1698 4296 1864 4349 panes
1899 4283 2114 4352 frange-

546 4375 751 4429 rentur,
780 4382 944 4421 cruor
973 4382 1004 4421 e
1035 4367 1226 4422 mediis
1256 4371 1503 4438 panibus,
1549 4375 1701 4441 quasi
1727 4389 1760 4428 e
1786 4374 2112 4441 vulneribus,

546 4457 717 4510 ﬂuxit.
742 4457 846 4512 Per
867 4468 1072 4528 septem
1120 4460 1236 4514 dies
1282 4463 1564 4518 continuos
1605 4467 1807 4534 grando
1856 4466 2110 4536 lapidum,

2224 3291 2526 3346 aggressus,
2559 3275 2765 3330 ltureos
2799 3276 3111 3346 Arabasque
3144 3279 3473 3348 perdomuit,
3497 3279 3802 3349 urbemque

2225 3385 2432 3432 eorum,
2475 3384 2637 3437 quam
2666 3368 2882 3423 Petram
2923 3371 3225 3435 nominant,
3255 3369 3418 3440 cepit.
3452 3371 3588 3426 Hinc
3616 3373 3682 3426 ad
3709 3372 3807 3427 .Iu-

2223 3458 2369 3513 daeus
2401 3467 2563 3527 atque
2603 3459 2668 3512 ad
2717 3457 3141 3531 Hierosolymam
3190 3463 3378 3517 urbem
3419 3478 3605 3518 eorum
3642 3464 3805 3518 Gabi-

2223 3549 2370 3601 nium
2401 3565 2523 3601 cum
2560 3551 2804 3603 exercitu
2849 3551 3032 3604 mittit.
3061 3552 3266 3616 Quibus
3301 3565 3425 3608 tunc
3460 3554 3804 3612 Aristobolus

2223 3639 2445 3706 expulso
2487 3638 2656 3692 fratre
2698 3638 2933 3692 llircano
2980 3640 3188 3708 primus
3239 3657 3307 3694 ex
3350 3646 3632 3700 sacerdote
3656 3662 3805 3700 anno

2225 3744 2329 3782 uno
2359 3744 2450 3782 rex
2483 3737 2731 3798 praeerat.
2761 3729 2889 3782 Post
2911 3731 3444 3801 quadringentesimo
3470 3739 3803 3806 octogesimo

2225 3820 2382 3872 tertio
2409 3834 2551 3873 anno
2579 3818 2885 3888 Babyloniae
2915 3822 3265 3889 captivitatis,
3289 3834 3574 3894 postquam
3600 3841 3805 3897 regna-

2219 3909 2299 3961 vit
2323 3907 2523 3961 .Ianeus
2571 3918 2927 3977 cognomento
2964 3909 3296 3977 Alexander,
3343 3921 3550 3985 septem
3592 3924 3645 3967 et
3697 3917 3802 3969 tri-

2221 4001 2367 4069 ginta
2397 4001 2574 4066 annis,
2617 4001 2709 4071 qui
2741 4002 3112 4070 pontificatum
3153 4019 3366 4074 quoque
3390 4005 3801 4073 administrans,

2219 4091 2594 4147 crudelissime
2616 4092 2823 4146 civibus
2861 4091 3094 4163 praefuit.
3117 4095 3236 4164 Ipse
3265 4111 3478 4164 quoque
3509 4095 3804 4166 Pompeius

2219 4182 2476 4236 continuo
2526 4191 2646 4250 post
2681 4180 2970 4236 Gabinium
3005 4184 3344 4252 subsecutus,
3378 4195 3434 4239 et
3479 4201 3509 4239 a
3554 4187 3804 4255 patribus

2220 4272 2352 4326 urbe
2375 4282 2681 4342 susceptus,
2731 4274 2825 4326 sed
2854 4288 2884 4326 a
2914 4271 3068 4342 plebe
3112 4291 3267 4330 muro
3306 4276 3490 4345 templi
3530 4279 3799 4346 repulsus,

2220 4365 2274 4418 in
2303 4368 2755 4436 expugnationem
2797 4366 2915 4435 ejus
2962 4366 3190 4421 intendit
3218 4385 3231 4419 :
3262 4367 3316 4421 id
3358 4382 3462 4422 non
3496 4370 3672 4423 solum
3705 4389 3804 4426 na-

2220 4463 2341 4508 tura
2371 4455 2502 4520 loci,
2545 4471 2734 4510 verum
2771 4457 2936 4510 etiam
2983 4457 3290 4525 ingentibus
3331 4459 3498 4513 muris
3545 4459 3802 4530 fossaque

546 4546 798 4601 innuistis
826 4549 988 4601 etiam
1025 4556 1283 4603 testarum
1333 4530 1670 4622 fragmentis,
1717 4530 1925 4610 terram-
1967 4530 2191 4612 latis-1)
2219 4547 2451 4600 ιιὶὶυὶῖιῐιδ
2502 4548 2793 4610 "mullum,
2835 4562 2958 4600 cum
3010 4547 3144 4602 alias
3182 4547 3304 4602 aliis
3352 4549 3654 4619 legionibus
3681 4553 3800 4606 dies

543 4641 680 4694 sime
705 4639 1029 4694 verberavit.
1054 4639 1211 4694 lliatu
1251 4652 1408 4698 terrae
1449 4642 1664 4700 ﬂamma
1706 4649 1969 4717 prorupit,
1995 4666 2115 4718 quae

542 4743 713 4797 usque
735 4727 799 4780 ad
827 4728 1022 4782 caelum
1057 4732 1270 4785 extendi
1303 4733 1414 4787 visa
1467 4743 1568 4789 est.
1602 4736 1800 4792 Cneius
1830 4739 2114 4809 Pompeius

541 4825 742 4888 praetor
769 4832 891 4871 cum
932 4817 1238 4874 Picentibus
1264 4820 1419 4888 jussu
1472 4835 1708 4888 senatus,
1753 4828 1950 4882 bellum
1991 4846 2112 4900 ges-

544 4908 638 4972 sit,
671 4917 726 4960 et
749 4908 926 4962 victus
951 4918 1052 4962 est.
1082 4909 1344 4965 Similiter
1400 4914 1572 4970 Julius
1609 4917 1790 4972 Cmsar
1809 4921 2110 4976 Samnitum

542 5015 720 5069 pugna
750 4999 943 5062 victus,
999 5015 1137 5055 caeso
1161 4999 1298 5071 fugit
1344 5005 1603 5059 exercitu.
1659 5006 1853 5063 Postea
1891 5018 2110 5064 contra-

541 5090 644 5144 ctis
674 5090 907 5158 undique
933 5091 1123 5160 copiis,
1155 5093 1320 5146 multa
1349 5093 1582 5150 hostium
1611 5099 1774 5153 millia
1808 5101 2113 5155 Samnitum

520 5187 598 5232 tet
630 5177 966 5233 Lucanorum
993 5180 1280 5237 interfecit.
1309 5181 1549 5254 Cumque
1575 5187 1643 5240 ab
1671 5188 1912 5241 exercitu
1944 5189 2115 5259 impe-

543 5277 692 5322 rator
729 5269 1026 5339 appellatus
1072 5282 1187 5336 est,
1216 5284 1434 5328 senatus
1466 5290 1616 5345 saga,
1646 5277 1749 5331 hoc
1788 5288 1870 5331 est
1907 5287 2112 5334 vestem

543 5361 792 5414 nimroris
822 5377 983 5430 quam
1012 5373 1202 5418 exorto
1249 5363 1442 5419 Sociali
1492 5367 1632 5421 bello
1674 5377 2000 5436 sumpserat,
2049 5385 2114 5424 ac

539 5466 635 5520 spe
671 5452 942 5506 arridente
967 5451 1232 5522 deposuit,
1268 5463 1429 5525 atque
1463 5458 1746 5526 antiquum
1783 5467 1918 5528 togae
1951 5460 2114 5515 deco-

540 5555 654 5594 rem
683 5541 1038 5610 recuperavit.
1071 5541 1169 5595 Cn.
1200 5541 1486 5613 Pompeius
1505 5546 1783 5602 Piscentes
1809 5549 1959 5618 gravi
1983 5565 2115 5617 prae-

539 5629 612 5683 lio
645 5630 809 5694 fudit,
843 5647 948 5701 qua
998 5633 1222 5688 victoria
1268 5645 1487 5690 senatus
1525 5636 1797 5693 laticlavia
1828 5648 1884 5694 et
1916 5650 2111 5696 caetera

537 5721 817 5791 dignitatis
869 5725 1097 5795 insignia
1159 5727 1378 5798 recepit.
1435 5727 1632 5786 Sociali
1691 5729 1831 5788 bello
1879 5733 2111 5788 necdum

2216 4647 2506 4708 noctesque
2532 4638 2821 4694 succedere
2849 4639 2966 4692 sine
3008 4641 3194 4709 requie
3238 4654 3475 4710 cogeret,
3514 4643 3604 4696 vix
3637 4646 3799 4700 tertio

2217 4742 2404 4783 mense
2454 4727 2799 4797 expugnavit.
2847 4727 3130 4783 Tredecim
3176 4731 3342 4785 millia
3374 4732 3446 4786 ibi
3485 4729 3797 4788 Iudaeorum

2215 4835 2352 4873 caesa
2382 4830 2690 4873 narrantur.
2737 4819 2947 4875 Caetera
2999 4822 3287 4878 multitudo
3318 4825 3372 4878 in
3421 4824 3581 4878 fidem
3622 4826 3795 4880 venit.

2216 4910 2502 4980 Pompeius
2547 4926 2730 4965 muros
2776 4913 3013 4968 civitatis
3067 4915 3274 4979 everti,
3325 4916 3639 4985 aequarique
3679 4916 3797 4970 solo

2220 5003 2526 5072 imperavit,
2584 5003 2891 5071 aliquantos
2935 5005 3205 5074 principes
3253 5005 3561 5060 Iudaeorum
3611 5010 3794 5062 securi

2217 5095 2521 5163 percussit:
2553 5092 2786 5156 l-lircano
2820 5093 3180 5148 sacerdotium
3222 5096 3482 5149 restituit.
3510 5095 3799 5150 Aristobu-

2218 5184 2329 5240 lum
2359 5185 2630 5255 captivum
2680 5184 2905 5239 Romam
2945 5185 3119 5241 duxit.
3167 5187 3468 5256 Mansitque
3496 5188 3548 5241 in
3579 5189 3801 5256 pontifi-

2221 5285 2346 5331 catu
2373 5277 2639 5331 llircanus
2664 5287 2785 5346 post
2822 5287 3048 5330 mortem
3077 5276 3395 5331 Alexandra:
3422 5279 3630 5353 matris,
3674 5294 3800 5347 qua:

2221 5378 2342 5438 post
2379 5369 2744 5422 Alexandrum
2791 5369 3071 5439 conjugem
3119 5379 3440 5438 regnaverat
3478 5371 3532 5424 in
3573 5369 3796 5436 Judzcis,

2217 5461 2372 5514 anuis
2403 5461 2624 5514 circiter
2659 5463 2879 5530 triginta
2923 5472 2978 5514 et
3016 5470 3265 5529 quatuor.
3320 5461 3556 5517 llircano
3591 5463 3798 5518 etenim

2217 5551 2271 5605 in
2306 5549 2624 5618 pontificatu
2653 5552 2915 5605 successit
2943 5551 3282 5607 Aristobolus
3327 5568 3470 5607 anno
3501 5567 3608 5606 uno
3627 5591 3644 5617 ,
3674 5562 3800 5620 post

2217 5655 2376 5709 quem
2422 5637 2644 5706 Janeus,
2676 5651 3043 5712 cognomento
3077 5642 3406 5697 Alexander.
3441 5642 3654 5696 Mortuo
3675 5643 3800 5697 Ale-

2220 5731 2446 5798 xandro,
2479 5733 2726 5804 regnavit
2763 5732 3071 5790 Alexandra
3117 5749 3254 5788 uxor
3298 5732 3434 5801 ejus.
3473 5733 3602 5788 Post
3640 5729 3800 5802 cujus
