4024 6362
231 384 310 441 (39

1345 385 1757 443 CllRONlCON.
1796 416 1869 428 --
1911 384 2114 441 AETAS
2150 384 2430 454 QUINTA.

3470 384 3542 439 70

236 511 485 555 mortem
521 496 865 554 Aristobulus
899 504 953 552 et
985 496 1251 552 Hircanus
1300 495 1396 552 lilii
1442 496 1560 566 ejus
1608 498 1753 552 inter
1777 511 1837 552 se
1864 503 1911 560 Α
1941 497 2160 551 virtutis
2208 495 2445 557 aﬂerret,
2494 495 2744 551 similiter
2797 494 3104 551 habuerunt
3145 496 3538 569 quinquaginta

237 592 313 647 de
334 590 570 661 imperio
593 589 939 654 dimicantes,
963 589 1305 645 occasionem
1333 588 1615 660 praebuere
1641 589 1835 643 Roma-

236 682 334 736 nis
356 689 419 735 ut
465 678 707 735 Judaeam
746 679 1082 735 invaderent.
1127 678 1197 736 Ut
1233 680 1491 746 diximus,
1519 680 1833 749 Pompeius,

238 770 626 842 Hierosolyma
655 782 814 841 capta
843 772 978 826 urbe
1015 778 1071 826 et
1114 769 1314 841 templo
1359 779 1620 836 reserato,
1665 786 1837 840 usque

236 862 313 917 ad
359 861 562 918 Sancta
615 868 929 916 sanctorum
978 860 1209 924 accedit,
1258 861 1574 931 victumque
1626 860 1836 915 Aristo-

236 953 440 1009 bulum
477 967 663 1007 secum
699 951 938 1016 abducit,
970 951 1344 1022 pontiﬁcatum
1370 950 1609 1007 Hircano
1643 952 1873 1006 conlir-'

240 1052 364 1101 mat
385 1062 399 1099 :
422 1059 582 1115 quem
600 1043 790 1107 tenuit,
805 1050 866 1098 ut
889 1042 1145 1106 diximus,
1171 1043 1396 1113 triginta
1422 1052 1477 1097 et
1495 1049 1727 1112 quatuor
1741 1058 1838 1097 an-

239 1137 355 1192 nis.
380 1136 672 1206 Pompeius
692 1135 1033 1204 Antipatrum
1061 1134 1289 1190 Herodis
1313 1134 1636 1190 Ascalonita:
1666 1134 1834 1189 tilium

240 1236 658 1300 procuratorem
672 1227 960 1283 Palestina:
975 1225 1123 1281 facit.
1140 1225 1428 1296 Pompeius
1442 1225 1637 1281 bellum
1652 1225 1838 1282 Orien-

241 1325 344 1390 tis,
391 1337 519 1379 cum
546 1321 736 1393 viginti
772 1327 828 1375 et
858 1320 1068 1375 duobus
1110 1319 1325 1390 regibus
1352 1333 1412 1373 se
1454 1318 1687 1389 gessisse
1734 1334 1837 1388 pro

244 1394 511 1471 concione
558 1412 820 1468 narravit.
865 1411 962 1467 llis
1013 1411 1203 1467 diebus
1245 1408 1548 1478 coniuratio
1589 1409 1835 1466 Catilina:

244 1502 513 1558 adversus
569 1500 804 1570 patriam
861 1500 915 1554 in
968 1500 1105 1554 urbe
1153 1499 1372 1565 habita,
1432 1513 1499 1553 ac
1549 1500 1767 1570 prodita
1816 1517 1829 1555 :

244 1606 411 1661 quam
431 1589 715 1644 historiam
743 1598 934 1661 agente
952 1588 1213 1644 Cicerone
1246 1588 1534 1644 Sallustius
1555 1589 1831 1645 describit.

246 1680 512 1754 Virgilius
552 1680 702 1737 Maro
756 1682 810 1736 in
868 1697 1007 1752 pago
1051 1681 1141 1751 qui
1193 1681 1376 1737 Andes
1414 1681 1648 1747 dicitur,
1691 1683 1835 1737 haud

248 1762 497 1843 procula
528 1771 767 1839 Mantua,
807 1772 1070 1827 nascitur.
1103 1771 1266 1827 Poeta
1303 1788 1520 1844 quoque
1551 1773 1834 1829 Lucretius

1937 588 2125 643 millia.
2144 588 2426 644 Atrebates
2445 597 2502 644 et
2520 588 2790 654 Ambiani,
2809 589 2997 644 decem
3022 588 3219 656 millia;
3247 589 3438 646 Morini
3461 591 3542 647 vi-

1936 681 2069 752 ginti
2109 682 2345 750 quinque
2372 680 2575 748 millia;
2624 681 2876 752 Menapii,
2908 696 3103 737 novem
3132 682 3328 749 millia;
3364 682 3539 740 Caleti

1937 774 2122 829 decem
2151 773 2348 838 millia;
2376 773 2690 829 Velocasses
2713 782 2769 828 et
2796 772 3142 840 Veromandi,
3167 789 3321 844 eque
3348 774 3540 830 decent

1937 864 2144 930 millia;
2174 864 2465 930 Aduatuci,
2493 864 2680 919 decem
2713 872 2768 919 et
2788 874 2912 919 octo
2953 864 3119 919 millia
3144 880 3160 929 ;
3207 864 3536 931 Condursci,

1937 954 2235 1020 Eberones,
2264 953 2698 1020 Cerosi,Cemani
2717 994 2733 1020 ,
2765 956 2858 1026 qui
2880 970 2989 1009 uno
3014 956 3234 1011 nomine
3269 954 3535 1012 Germani

1936 1056 2216 1113 vocantur,
2246 1047 2605 1118 quadraginta
2648 1047 2837 1103 millia.
2884 1047 2964 1102 Ita
3009 1046 3318 1103 referuntur
3361 1048 3532 1105 fuisse

1938 1138 2167 1193 ducenta
2200 1138 2541 1209 septuaginta
2575 1141 2681 1194 duo
2709 1138 2878 1193 millia
2917 1148 3253 1194 armatorum
3296 1138 3535 1196 lectissi-

1936 1245 2045 1285 ma.
2085 1230 2180 1286 His
2209 1241 2428 1301 repente
2451 1231 2585 1286 silva
2615 1232 3023 1303 erumpentibus
3050 1230 3324 1287 exercitus
3358 1231 3565 1288 Caesa--

1937 1319 2017 1374 ris
2044 1335 2350 1391 aggressus,
2375 1321 2592 1376 hortatu
2617 1321 2773 1376 ducis
2792 1320 2867 1375 ita
2898 1320 3113 1385 restitit,
3145 1321 3426 1390 victosque
3463 1320 3537 1376 ad

1937 1408 2363 1467 internecionem
2386 1427 2523 1482 pene
2543 1411 2757 1468 delevit.
2785 1411 2969 1467 Cassar
2992 1410 3161 1467 Galba
3176 1427 3298 1468 cum
3323 1412 3537 1483 legione

1938 1500 2254 1556 duodecima
2279 1503 2347 1557 ad
2378 1503 2642 1575 Beragros
2685 1502 3040 1573 Sedunosque
3070 1503 3254 1568 misit,
3290 1504 3381 1572 qui
3407 1519 3535 1559 cum

1938 1588 2213 1646 hiemandi
2235 1607 2400 1647 causa
2424 1593 2481 1649 in
2510 1593 2630 1648 vico
2652 1593 3036 1664 Beragrorum,
3066 1592 3154 1648 cui
3176 1608 3370 1648 nomen
3408 1602 3534 1648 erat

1937 1678 2262 1747 Octodorus,
2278 1684 2627 1747 consedisset,
2643 1683 3039 1754 circumseptus
3055 1699 3085 1737 a
3101 1683 3269 1739 Gallis
3282 1691 3385 1739 est.
3417 1682 3526 1751 Qui

1939 1788 2002 1828 ex
2022 1776 2295 1830 montibus
2314 1775 2491 1843 eﬂ'usi,
2514 1786 2694 1832 castra
2709 1776 3023 1847 imperfecta
3035 1777 3291 1846 saxisque
3306 1776 3532 1846 telisque

247 1865 501 1921 nascitur
549 1865 642 1936 qui
695 1874 885 1935 postea
939 1880 1062 1921 sese
1116 1863 1304 1919 furore
1348 1867 1615 1923 amatorio
1664 1866 1836 1922 inter—
1864 1856 1910 1917 Β
1936 1878 2188 1922 onerant.
2219 1866 2326 1922 Sed
2354 1867 2616 1923 Romanis
2644 1868 2813 1938 portis
2852 1867 3258 1938 erumpentibus
3291 1865 3526 1936 amplius

248 1955 401 2011 fecit.

317 2047 504 2121 [4755]
531 2047 876 2113 Ptolomaeus,
904 2046 993 2118 qui
1015 2055 1070 2102 et
1092 2047 1418 2111 Alexander,
1446 2048 1604 2104 annis
1626 2048 1832 2104 decem.

247 2143 419 2212 Hujus
460 2157 608 2197 anno
658 2142 886 2211 septimo
931 2139 1088 2212 Syria
1134 2140 1186 2195 in
1233 2140 1528 2204 Romanam
1575 2139 1835 2196 ditionem

250 2234 434 2297 cessit,
462 2241 623 2303 capto
649 2230 895 2302 Philippo
917 2247 945 2285 a
975 2230 1224 2286 Gabinio.

317 2320 505 2394 [5745]
557 2320 827 2391 Expulsus
878 2335 1047 2391 regno
1095 2321 1417 2376 Ptolomaeus
1459 2320 1693 2378 Phiscon
1739 2338 1838 2393 per

244 2421 474 2469 matrem
509 2409 873 2480 Cleopatram,
914 2411 967 2465 in
1015 2409 1252 2483 Cyprum
1283 2412 1501 2467 secedit.
1537 2412 1836 2484 Regressus

251 2503 318 2556 de
337 2501 463 2573 luga
492 2517 713 2573 regnum
739 2500 975 2556 obtinuit
997 2501 1154 2556 anuis
1188 2516 1403 2568 novem,
1434 2503 1560 2573 quia
1592 2503 1831 2560 Alexan-

257 2593 433 2657 drum,
463 2592 697 2661 quiante
728 2607 852 2648 eum
887 2592 1083 2659 fuerat,
1115 2593 1186 2649 ob
1227 2593 1664 2651 interfectionem
1713 2613 1831 2652 ma-

259 2683 356 2737 tris
384 2681 526 2736 cives
550 2683 879 2752 pepulerant.

323 2770 510 2844 [4745]
547 2771 867 2829 Ptolomaeus
895 2773 1205 2848 Dionysius,
1228 2777 1387 2832 annis
1410 2777 1648 2849 triginta.
1670 2779 1833 2851 Apol-

247 2864 485 2929 lodorus,
533 2875 832 2936 prmceptor
873 2867 1215 2937 postmodum
1244 2868 1490 2940 Augusti,
1522 2864 1829 2925 clarus'ha-

242 2957 420 3012 betur.
477 2955 620 3027 Lege
663 2956 876 3011 Vatinia
923 2956 1123 3013 Caesari
1172 2957 1313 3013 Julio
1374 2968 1485 3014 tres
1538 2961 1831 3030 provinciae

243 3059 367 3100 cum
397 3044 697 3116 legionibus
723 3056 927 3117 septem
974 3047 1028 3101 in
1061 3047 1485 3118 quinquennium
1511 3051 1650 3106 data:
1679 3063 1828 3119 sunt,

242 3131 415 3188 Gallia
437 3134 812 3205 Transalpina,
838 3145 892 3190 et
914 3135 1205 3209 Cisalpina,
1234 3148 1289 3194 et
1307 3138 1569 3209 lllyricus.
1596 3141 1825 3197 Galliam

242 3218 522 3281 Comatam
572 3236 757 3297 postea
806 3237 1025 3285 senatus
1055 3229 1274 3299 adjecit.
1304 3230 1671 3288 Helvetiorum
1702 3234 1825 3288 ani-
1854 3204 1899 3268 θ

241 3334 385 3383 mos,
436 3320 745 3375 fortissimae
789 3320 1063 3376 Gallorum
1100 3324 1337 3377 outnium
1386 3323 1585 3394 gentis,
1638 3340 1703 3380 ea
1745 3325 1830 3381 vel

243 3408 482 3463 maxime
509 3424 673 3464 causa
708 3411 851 3479 quod
899 3420 1158 3480 perpetuo
1201 3427 1337 3481 pene
1381 3428 1503 3467 cum
1544 3412 1830 3470 Germanis

241 3499 389 3555 bello
414 3501 840 3567 altercabantur,
872 3518 901 3556 a
932 3503 1128 3571 quibus
1156 3501 1347 3557 Rheno
1376 3510 1580 3556 tantum
1612 3502 1831 3560 ﬂumine

242 3590 594 3654 dirimuntur,
628 3588 825 3660 Orgcta
871 3606 988 3655 rex,
1019 3592 1272 3661 princeps
1323 3592 1517 3661 gentis,
1548 3605 1643 3662 spe
1691 3600 1830 3648 totas

243 3678 535 3734 invadendi
575 3679 795 3744 Gallias,
850 3680 902 3734 in
933 3696 1083 3735 arma
1111 3680 1607 3747 accenderatuQuo
1651 3682 1831 3738 cazteri

244 3771 539 3840 optimates
560 3784 811 3841 correpto
830 3780 883 3826 et
904 3772 969 3825 ad
988 3780 1214 3827 mortem
1227 3780 1438 3837 coacto,
1459 3764 1832 3841 conjuratione'

242 3859 389 3915 facta
416 3862 622 3917 exustis
652 3862 785 3916 vicis
808 3878 874 3917 ac
898 3863 1145 3918 domibus
1173 3863 1304 3927 suis,
1330 3878 1431 3918 nec
1456 3865 1599 3934 qttod
1621 3863 1832 3919 deside:

245 3950 391 4003 rium
428 3966 494 4004 ex
526 3966 619 4019 Spe
646 3952 950 4011 revertendi
985 3950 1144 4017 foret,
1173 3951 1400 4022 profeCti
1444 3964 1588 4009 sunt.
1630 3954 1832 4010 ﬂorum

246 4040 375 4103 fuit,
424 4056 547 4095 cum
597 4042 831 4110 primum
876 4056 1161 4112 progressa
1193 4051 1295 4099 est
1326 4044 1503 4098 omnis
1549 4044 1834 4099 multitudo

244 4129 641 4197 Helvetiorum,
687 4131 1079 4203 Tulingiorum,
1127 4132 1480 4203 Latobagutu,
1526 4132 1833 4188 Raucarum

244 4234 299 4278 et
334 4221 621 4293 Bogiorum
652 4223 943 4293 utriusque
975 4237 1156 4288 sexus,
1188 4224 1256 4278 ad
1303 4232 1521 4278 centum
1563 4224 1832 4293 quinqua-

243 4314 396 4383 ginta
437 4323 641 4381 septem
672 4313 839 4366 millia
865 4314 1164 4368 hominum.
1195 4314 1340 4381 Quos
1364 4328 1487 4368 cum
1522 4314 1662 4383 apud
1689 4312 1835 4368 Rho-

244 4405 447 4459 danum
472 4402 690 4459 ﬂuvium
719 4405 906 4460 obvios
936 4404 1119 4459 Cmsar
1146 4404 1442 4470 habuisset,
1467 4419 1665 4474 magno
1702 4402 1835 4458 difﬁ-

242 4496 445 4565 cilique
480 4496 620 4550 bello
648 4496 732 4551 bis
770 4495 916 4550 vicit.
947 4495 1026 4550 Ex
1053 4495 1120 4550 iis
1146 4496 1504 4566 quadraginta
1537 4505 1592 4549 et
1623 4505 1829 4566 septem

243 4588 415 4643 millia
465 4588 519 4642 in
559 4587 698 4642 bello
739 4587 1070 4649 ceciderunt,
1119 4596 1345 4641 caeteros
1386 4585 1453 4640 ad
1500 4585 1826 4641 deditionem

242 4679 441 4749 coegit.
492 4679 693 4733 lterum
733 4676 913 4733 Caesar
940 4678 1285 4733 incredibiles
1311 4679 1704 4733 Germanorum
1734 4695 1826 4733 co-

242 4770 386 4840 pias,
422 4768 619 4837 quibus
651 4776 881 4837 praeerat
909 4768 1211 4823 Ariovistus
1248 4783 1366 4834 rex,
1395 4768 1534 4837 apud
1566 4768 1830 4838 Sequani-

240 4875 338 4914 eos
372 4859 518 4912 vicit.
550 4857 793 4913 Fuerunt
820 4868 998 4914 autem
1031 4860 1085 4914 in
1115 4861 1358 4916 exercitu
1405 4860 1663 4915 Ariovisti
1688 4860 1831 4913 Aru-

243 4950 359 5012 des,
384 4948 782 5015 Marcumuues,
811 4949 1067 5017 Tributii,
1091 4951 1416 5023 Vangiones,
1436 4952 1703 5018 Nemetes,
1727 4952 1828 5007 Se-

242 5037 412 5093 duces
449 5048 505 5094 et
535 5037 719 5094 Suevi.
749 5038 947 5095 lterum
977 5041 1260 5113 Belgarum
1311 5059 1462 5113 gens,
1511 5060 1632 5113 quae
1671 5045 1829 5099 tertia

241 5141 374 5198 pars
400 5128 699 5184 Galliarum
728 5139 831 5195 est,
862 5132 1122 5188 adversus
1148 5133 1417 5189 Caesarem
1440 5136 1663 5189 exarsit.
1694 5134 1832 5202 Qua-
1866 5140 1877 5150 '

1937 1972 2099 2027 quam
2132 1959 2351 2029 triginta
2375 1958 2541 2013 millia
2578 1959 2934 2014 barbarorum
2962 1957 3293 2013 ceciderunt.
3330 1955 3553 2012 Veneti.

1936 2048 2229 2118 caaterique
2256 2050 2497 2105 conﬁnes
2532 2049 2723 2105 Sevios
2763 2048 2867 2103 sibi
2896 2049 2964 2103 ad
2994 2047 3192 2103 bellum
3222 2047 3525 2111 asciscant,

1936 2136 2199 2203 Osismos,
2243 2138 2517 2205 Lixovias,
2561 2138 2874 2204 Namnetes,
2928 2137 3318 2203 Ambibaritos,
3357 2134 3546 2193 Μονί-Δ

1936 2242 2053 2292 nos,
2105 2228 2407 2285 Diablintes
2452 2238 2508 2284 et
2536 2228 2812 2301 Menapios
2864 2228 3065 2282 auxilia
3095 2243 3310 2299 quoque
3336 2243 3365 2282 a
3406 2227 3528 2282 Bri—

1935 2321 2121 2374 tannia
2148 2328 2453 2377 arcessunt.
2502 2321 2701 2376 Contra
2730 2321 2832 2375 hos
2881 2319 3067 2374 Caesar
3120 2334 3285 2374 naves
3335 2319 3526 2390 longas

1935 2410 2193 2466 aadillcari
2228 2412 2280 2466 in
2308 2411 2503 2483 Ligere
2531 2410 2697 2466 fluvio
2735 2410 2909 2479 jubet,
2937 2424 3035 2480 per
3060 2423 3220 2479 quem
3257 2409 3309 2462 in
3355 2408 3528 2464 Ocea-

1934 2516 2064 2555 num
2092 2501 2397 2557 deducitur.
2447 2500 2635 2556 Navali
2660 2501 2847 2572 praelio
2873 2509 3142 2565 conserto,
3171 2499 3404 2554 incensa:
3426 2514 3525 2553 na-

1933 2606 2028 2645 ves
2049 2591 2306 2657 hostium,
2347 2591 2646 2647 interiectis
2685 2592 2752 2647 iis
2775 2592 2866 2662 qui
2920 2597 3293 2660 pugnaverant
3329 2588 3519 2653 Gallis,

1934 2684 2125 2755 reliqui
2153 2699 2343 2739 omnes
2371 2695 2492 2739 sese
2534 2683 2873 2739 dediderunt.
2928 2681 3035 2736 Sed
3072 2680 3255 2736 Ctesar
3284 2682 3522 2734 maxime

1932 2778 2003 2832 ob
2032 2776 2282 2845 iniuriam
2310 2776 2607 2847 legatorum
2648 2788 2893 2839 suorum,
2924 2775 3135 2828 cunctis
3180 2771 3519 2842 principibus

1931 2880 2028 2938 per
2057 2875 2323 2921 tormenta
2349 2864 2670 2928 interfectis,
2698 2862 2931 2932 reliquos
2957 2862 3056 2916 sub
3098 2875 3296 2916 corona
3328 2859 3533 2916 vendi-.

1932 2959 2032 3014 dit.
2060 2957 2216 3013 Titus
2237 2958 2402 3013 etiam
2433 2956 2690 3012 Sabinius
2716 2955 3001 3020 Aulercos,
3031 2952 3384 3018 Eburonices,
3413 2951 3521 3005 Lu-

1931 3049 2248 3119 xoviosque,
2278 3047 2371 3117 qui
2422 3048 2681 3117 primates
2727 3061 2877 3111 suos,
2907 3045 3049 3116 quod
3094 3052 3348 3099 auctores
3391 3040 3520 3098 belli

1933 3138 2230 3195 suscitandi
2252 3152 2370 3193 esse
2394 3138 2620 3202 nollent,
2642 3135 3045 3202 interfecerant,
3067 3137 3352 3207 eruptione
3378 3135 3519 3191 facta

1930 3230 2235 3288 incredibili
2287 3230 2434 3286 cmde
2491 3229 2710 3286 delevit.
2765 3228 3034 3299 Oppidum
3086 3229 3402 3283 Sauciatum
3460 3228 3525 3283 in

1929 3320 2219 3390 Aquitania
2245 3328 2632 3391 expugnatum.
2680 3318 2760 3373 Ex
2785 3318 3094 3388 Aquitaniis
3122 3328 3177 3373 et
3202 3317 3523 3382 Cantabris,-

1931 3413 2320 3483 quinquaginta
2373 3409 2542 3465 millia
2579 3425 2737 3465 caesa.
2790 3408 3067 3474 Germani,
3119 3408 3210 3478 qui
3240 3407 3521 3463 'Rhenum

1932 3517 2054 3558 cum
2079 3503 2358 3558 immensis
2384 3503 2555 3573 copiis
2583 3501 3015 3565 transmiserant,
3053 3515 3225 3571 usque
3249 3501 3316 3554 ad
3346 3501 3525 3556 inter.

1931 3593 2210 3647 necionem
2239 3592 2419 3647 deleti.
2448 3592 2688 3659 Quorum
2727 3606 2986 3646 numerus
3012 3590 3114 3645 fuit
3142 3592 3208 3646 ad
3254 3592 3523 3660 quadrina

1931 3693 2090 3754 genta
2136 3693 2191 3737 et
2230 3683 2588 3753 quadraginta
2632 3681 2818 3736 millia.
2874 3680 3004 3736 inde
3054 3682 3237 3736 Ctesar
3279 3683 3334 3736 in
3385 3682 3521 3737 Ger-

1933 3775 2168 3830 maniam
2216 3773 2359 3829 l‘acto
2415 3782 2580 3843 ponte
2634 3770 3050 3842 transgreditur.
3108 3769 3420 3825 Sicambros
3462 3779 3521 3825 et

1934 3864 2102 3921 Ubios
2125 3862 2413 3948 obsidigne
2439 3861 2655 3916 liberat.
2696 3860 2923 3923 Suevos,
2956 3860 3249 3913 maximam
3275 3868 3331 3913 et
3377 3858 3521 3914 ferae

1932 3953 2203 4008 cissimam
2231 3960 2469 4023 gentem,
2502 3962 2731 4019 quorum
2766 3963 2887 4004 esse
2915 3959 3133 4003 centum
3156 3963 3319 4019 pagos
3337 3956 3393 4003 et
3419 3963 3520 4018 ρο-

1933 4042 2086 4114 pulos
2102 4042 2252 4097 multi
2274 4041 2585 4111 prodidere,
2603 4049 2881 4108 totamque
2911 4036 3258 4093 Germaniam
3284 4038 3518 4093 adventu

1933 4150 2032 4190 suo
2049 4142 2234 4189 terret.
2255 4133 2377 4188 Mox
2400 4133 2452 4187 in
2478 4131 2709 4188 Galliam
2731 4130 2905 4185 reciso
2924 4140 3086 4199 ponte
3100 4130 3369 4184 concedit.
3392 4129 3519 4184 inde

1933 4227 2001 4281 ad
2030 4226 2267 4281 Morinos
2309 4225 2492 4288 venit,
2522 4224 2665 4279 unde
2695 4223 2749 4276 in
2779 4222 3112 4276 Britanniam
3140 4222 3420 4292 proximus
3465 4230 3521 4276 et

1932 4316 2286 4372 brevissimus
2316 4315 2581 4369 transitus
2603 4312 2982 4369 est..Navibus
3006 4312 3228 4365 circiter
3247 4311 3520 4367 onerariis

1935 4418 2098 4479 atque
2127 4407 2385 4463 actuariis
2420 4407 2695 4477 octoginta
2724 4404 3062 4475 praeparatis,
3095 4404 3149 4458 in
3179 4403 3517 4459 Britanniam

1938 4498 2326 4562 transvehitur,
2362 4496 2453 4551 ubi
2492 4499 2690 4550 acerba
2717 4508 2894 4575 pugna
2922 4490 3202 4561 fatigatur.
3250 4492 3382 4548 Inde
3422 4494 3519 4549 ads

1934 4605 2089 4645 versa
2115 4596 2437 4658 tempestate
2464 4592 2765 4656 correptus,
2797 4584 3091 4654 plurimam
3119 4584 3309 4640 classis
3333 4586 3520 4640 amisit

1937 4687 2166 4748 partem.
2226 4677 2525 4746 Regressus
2556 4674 2608 4728 in
2646 4673 2876 4728 Galliam
2905 4712 2920 4738 ,
2953 4683 3311 4729 sexcentenas
3352 4689 3520 4729 naves

1936 4769 2220 4839 utriusque
2259 4766 2528 4822 commodi
2572 4765 2688 4820 ﬁeri
2717 4763 3044 4835 imperavit,
3097 4764 3296 4834 quibus
3323 4764 3519 4819 iterum

1937 4857 1991 4912 in
2037 4856 2371 4912 Britanniam
2416 4856 2595 4927 primo
2623 4870 2751 4909 vere
2781 4863 3120 4908 transvectus
3145 4862 3249 4910 est.
3294 4854 3520 4910 Triden-

1939 4961 2072 5017 tum,
2104 4951 2471 5006 firmissimam
2499 4951 2775 5006 civitatem
2796 4986 2812 5013 ,
2845 4947 2990 5002 datis
3018 4944 3378 5016 quadraginta
3422 4945 3520 4999 ob-

1932 5044 2140 5098 sidibus
2169 5052 2224 5098 et
2250 5042 2643 5107 Cassobellum,
2671 5040 2927 5111 oppidum
2955 5039 3098 5094 inter
3119 5038 3254 5094 duas
3295 5036 3521 5108 paludes

1933 5139 2118 5203 situm,
2151 5138 2368 5192 tandem
2391 5138 2543 5208 gravi
2571 5151 2745 5207 pugna
2768 5134 2929 5204 cepit.
2957 5133 3016 5188 lu
3047 5133 3375 5189 deditionem
3395 5130 3517 5186 Bri-

244 5231 367 5272 rum
412 5218 743 5274 distributitn
797 5222 951 5292 copia
1001 5221 1124 5276 fuit.
1159 5223 1449 5291 Bellovaci,
1483 5225 1572 5295 qui
1620 5225 1833 5280 caeteris
1923 5234 2129 5283 tannos
2174 5227 2476 5298 accipiens,
2530 5227 2584 5281 iu
2633 5224 2864 5281 Galliam
2907 5219 3516 5284 revertitur.1reveri,

243 5323 474 5364 numero
499 5318 556 5365 et
578 5311 778 5366 virtute
814 5321 1073 5381 praestare
1101 5313 1437 5379 viderentur,
1486 5315 1729 5371 habuere
1752 5316 1832 5371 le-

242 5402 487 5457 ctissima
519 5404 795 5472 sexaginta
826 5406 991 5459 millia
1029 5414 1382 5460 armatorum.
1412 5404 1734 5461 Suessiones
1765 5420 1831 5461 ex

246 5494 531 5549 duodecim
574 5496 784 5565 oppidis
822 5498 1209 5568 quinquaginta
1250 5497 1449 5564 millia;
1476 5497 1681 5564 Nervii,
1706 5514 1838 5568 quo-

248 5598 366 5637 rum
397 5585 534 5639 adeo
586 5586 845 5641 indomita
893 5586 1081 5643 feritas
1111 5596 1250 5654 erat,
1282 5599 1342 5643 ut
1391 5604 1666 5659 nunquam
1698 5590 1750 5644 in
1780 5590 1833 5643 id

245 5678 509 5748 temporis
525 5690 854 5736 mercatores
867 5681 935 5736 ad
951 5698 1009 5737 se
1024 5683 1370 5752 permiserint
1385 5682 1505 5737 vina
1531 5692 1834 5753 ceteraque

244 5771 480 5827 venialia
507 5771 739 5840 deferre,
770 5775 966 5844 quibus
988 5774 1204 5833 inducta
1221 5775 1534 5847 iucunditas
1562 5785 1833 5847 torporem

1936 5317 2230 5373 Eburonati
2257 5357 2272 5381 ,
2324 5316 2571 5371 Aduatici
2617 5325 2672 5370 et
2709 5313 2892 5369 Nervii
2936 5312 3222 5368 multitudo
3262 5311 3319 5365 in
3363 5324 3513 5364 arma

1936 5407 2384 5477 conspiraverunt
2407 5445 2421 5470 ,
2454 5421 2577 5475 quae
2623 5419 2691 5459 ex
2732 5405 2835 5460 hoc
2868 5403 3047 5472 colligi
3092 5401 3322 5471 plurima
3347 5398 3520 5456 fuisse

1934 5507 2133 5567 potest,
2161 5498 2290 5569 quia
2315 5514 2437 5553 cum
2464 5498 2822 5553 instrumenta
2854 5496 3054 5550 ruralia
3101 5508 3204 5547 non
3235 5492 3516 5561 haberent,

1937 5590 2130 5659 gladiis
2158 5588 2494 5644 concidendo
2540 5598 2779 5651 terram,
2830 5597 2885 5641 et
2912 5582 3112 5656 sagulis
3155 5582 3515 5653 exportanda,

1938 5682 2027 5736 vix
2064 5682 2237 5737 tribus
2257 5682 2408 5737 horis
2439 5681 2636 5751 vallum
2662 5681 2859 5751 pedum
2884 5678 3070 5733 decem
3095 5684 3150 5730 et
3182 5675 3380 5732 fossam
3422 5691 3518 5748 pe-

1937 5774 2064 5830 dum
2113 5773 2419 5844 quindecim
2465 5788 2562 5845 per
2611 5771 2779 5828 millia
2817 5784 3097 5843 passuum,
3125 5770 3429 5841 quindecim
3459 5768 3515 5823 in

3569 841 3587 881 \
