4024 6362
509 369 572 425 ’ἷί
1524 372 1581 423 S.
1625 369 1875 424 ADONIS
1919 370 2342 428 ARClllEl’lSC.
2389 370 2788 427 VlliNNENSlS
3712 383 3783 439 72

511 484 741 540 circuitu
771 484 1153 555 perfecerunt;
1195 493 1452 554 praeterea
1478 495 1698 539 centum
1740 485 1925 554 viginti
1975 495 2089 539 tur-
2119 492 2165 548 Λ
2195 486 2432 547 condita,
2454 487 2678 540 exussit.
2709 487 2905 543 lterum
2919 490 3209 544 commisso
3238 491 3422 562 praelio
3449 508 3573 548 cum
3598 495 3782 552 Achil-

506 589 598 630 res
629 575 780 629 mirae
826 575 1126 630 altitudinis
1155 584 1559 630 exstruxerunt.
1607 575 1716 631 llos
1745 575 1926 631 Caesar
1968 593 2108 636 vas-.

505 665 714 720 tissima
737 666 882 720 caede
903 665 1152 721 confecit.
1177 666 1468 730 Labienus,
1495 667 1584 736 qui
1610 667 1909 737 legionibus
1926 685 2092 739 pnee-

506 767 611 822 rat,
638 773 828 813 omnes
847 749 1205 812 Treverorum
1232 758 1414 827 copias
1437 759 1732 824 interfecit,
1755 769 1808 815 et
1833 763 2090 816 continuo

507 849 682 918 ipsam
709 850 978 904 civitatem
1008 850 1170 919 capit.
1206 848 1388 904 Caesar
1409 850 1692 907 Eburones
1715 863 2001 924 postquam
2033 855 2088 908 in

503 939 858 995 Arduennam
886 941 1077 995 silvam
1108 938 1371 1010 refugisse
1399 944 1685 1013 comperit,
1708 959 1830 1014 quae
1855 945 1988 998 silva
2015 956 2091 1000 to-

506 1032 613 1087 tius
635 1031 822 1088 Gallize
851 1032 1085 1085 maxima
1114 1040 1218 1096 est,
1251 1041 1415 1103 atque
1444 1050 1476 1089 a
1507 1035 1640 1104 ripis
1668 1035 1837 1090 Rheni
1864 1035 2092 1092 finibus-

505 1138 611 1194 que
658 1122 1014 1177 Treverorum
1054 1123 1122 1175 ad
1151 1120 1381 1177 Nervios
1410 1138 1582 1193 usque
1610 1124 1898 1195 pertingit,
1933 1133 1987 1180 et
2035 1126 2088 1180 in

504 1212 836 1283 longitudine
853 1212 1139 1281 plusquam
1161 1213 1554 1284 quinquaginta
1577 1215 1813 1270 millibus
1833 1231 2088 1284 passuum

503 1310 678 1371 patet,
705 1316 920 1356 omnem
951 1301 1180 1357 Galliam
1229 1318 1326 1373 per
1352 1305 1573 1360 nuntios
1616 1305 1831 1372 invitat,
1862 1316 1922 1360 ut
1971 1308 2092 1377 qui-

501 1407 608 1461 que
637 1392 933 1448 secundum
957 1391 1216 1462 placitum
1239 1408 1399 1448 suum
1423 1397 1733 1453 reconditas
1761 1399 1813 1452 in
1844 1397 2090 1454 Arduen-

500 1502 570 1540 na
601 1486 732 1540 silva
785 1487 994 1556 prazdas
1041 1496 1288 1556 quzerant
1337 1488 1722 1560 diripiantque.
1774 1490 1891 1557 Quo
1939 1491 2086 1548 facto

502 1574 674 1631 Gallis
699 1577 950 1648 utrinque
975 1578 1333 1638 morientibus
1357 1620 1374 1644 ,
1403 1581 1669 1637 maximas
1717 1583 2085 1638 Romanorum

501 1665 748 1734 injurias,
772 1667 890 1722 sine
918 1665 1197 1735 cujusdam
1227 1669 1457 1724 Romani
1485 1671 1818 1736 discrimine,
1850 1673 2091 1728 vindica-

499 1752 598 1807 vit.
629 1751 812 1807 Caasar
835 1751 1022 1808 multis
1049 1753 1247 1823 praeliis
1275 1752 1477 1809 Gallias
1521 1756 1844 1824 perdomuit.
1889 1756 2089 1814 Roma-

2194 572 2265 637 la,
2300 573 2482 641 Caesar
2505 577 2554 629 vi
2586 577 2952 633 insistentium
2978 579 3211 635 hostium
3241 597 3492 652 pressus,
3519 588 3781 657 scapham

2193 665 2451 718 ascendit.
2491 663 2606 730 Qua
2642 682 2765 721 mox
2802 669 3038 737 pondere
3066 671 3509 741 subsequentium
3556 685 3782 746 gravata

2193 770 2258 809 ac
2289 771 2487 820 mersa,
2519 774 2616 826 per
2644 759 2905 815 ducentos
2934 777 3128 830 passus
3163 763 3231 816 ad
3258 779 3448 818 navem
3477 781 3584 821 una
3615 784 3783 825 manu

2191 845 2420 911 elevata,
2463 864 2567 918 qua
2607 851 3095 920 chartastenebat,
3129 856 3307 908 nando
3349 860 3616 925 pervenit.
3654 861 3782 918 Mox

2192 938 2366 992 navali
2403 939 2584 1009 praelio
2617 942 2730 1010 ipse
2760 942 2989 997 classem
3018 945 3220 1013 regiam
3252 956 3346 1001 aut
3375 948 3646 1018 depressrt
3684 963 3784 1008 aut

2191 1028 2353 1096 cepit.
2406 1028 2790 1087 Alexandrinis
2831 1036 3137 1103 petentibus
3182 1053 3385 1108 regem.
3419 1038 3779 1099 Ptolomzeum

2192 1117 2454 1173 infantem
2484 1121 2738 1186 reddidit,
2765 1123 2857 1193 qui
2889 1124 3033 1179 illico
3060 1134 3120 1179 ut
3149 1126 3287 1182 liber
3319 1129 3443 1194 fuit,
3475 1131 3673 1186 bellum
3697 1135 3786 1188 in-

2193 1207 2331 1270 tulit,
2356 1211 2452 1264 sed
2473 1212 2730 1266 continuo
2758 1213 2874 1282 ipse
2898 1230 3024 1268 cum
3047 1223 3158 1270 toto
3183 1219 3426 1273 exercitu
3451 1235 3549 1274 suo
3570 1221 3786 1278 deletus

2189 1306 2296 1352 est.
2345 1297 2478 1352 Nam
2507 1300 2700 1370 viginti
2749 1301 2916 1356 millia
2947 1302 3226 1359 hominum
3264 1307 3318 1360 in
3367 1322 3432 1362 eo
3461 1309 3604 1364 bello
3638 1326 3784 1366 caasa

2190 1395 2338 1450 sunt,
2362 1388 2646 1444 duodecim
2676 1389 2840 1444 millia
2862 1407 2987 1446 cum
3029 1396 3369 1466 septuaginta
3411 1397 3586 1468 longis
3628 1403 3785 1456 navi-

2189 1475 2292 1529 bus
2320 1476 2519 1532 dedita.
2554 1477 2670 1532 Rex
2701 1480 2815 1548 ipse
2841 1481 3156 1538 adolescens
3201 1487 3403 1555 scapha
3433 1481 3692 1558 exceptus
3719 1499 3786 1546 ut

2191 1565 2418 1638 fugeret,
2445 1569 2630 1624 multis
2667 1570 3030 1628 insilientibus
3065 1589 3275 1630 mersus
3300 1587 3627 1648 necatusque
3669 1591 3781 1637 est.

2221 1689 2245 1724 ο
2261 1657 2444 1730 [4784]
2468 1659 2648 1715 Carsar
2682 1676 2906 1731 regnum
2934 1663 3153 1736 [Egypti
3175 1667 3474 1737 Cleopatra:
3499 1670 3781 1728 Ptolomaei

2191 1748 2362 1803 sorori
2391 1749 2558 1815 dedit,
2599 1753 2744 1820 quod
2776 1754 2948 1808 tenuit
2980 1755 3138 1810 annis
3168 1759 3356 1828 viginti
3381 1761 3610 1816 duobus.
3659 1764 3782 1819 Cae-

501 1858 630 1898 num
681 1843 967 1912 imperium
995 1884 1011 1906 ,
1059 1858 1184 1899 eum
1229 1845 1483 1901 Lucullus
1523 1847 1709 1902 Asiam
1737 1889 1754 1913 ,
1799 1848 2079 1920 Pompeius

2183 1851 2302 1927 .sar,
2336 1836 2550 1910 Syriam
2580 1853 2928 1913 pervagatus,
2960 1844 3298 1903 Pharnacem
3329 1851 3384 1904 in
3421 1849 3594 1906 Ponto
3619 1854 3780 1909 vicit.

501 1933 838 2004 Hispaniam,
863 1934 1048 1990 Caesar
1077 1933 1311 1990 Galliam
1343 1936 1666 2005 perdomuit,
1698 1953 1872 2008 usque
1902 1940 1970 1994 ad
1991 1955 2089 1996 ex-

497 2031 703 2078 tremos
751 2024 1139 2093 propemodum
1208 2033 1368 2079 terra:
1429 2027 1688 2081 terminos
1736 2041 2092 2099 propagatum

495 2121 600 2168 est.
637 2112 839 2168 Caesari
892 2113 1085 2167 victori
1141 2127 1207 2166 ex
1257 2112 1449 2169 Galliis
1512 2118 1841 2182 revertenti,
1901 2119 2089 2174 decre-

497 2209 614 2256 tum
659 2217 692 2257 a
740 2211 931 2256 senatu
981 2211 1066 2256 est
1093 2210 1152 2255 ut
1219 2203 1273 2257 in
1323 2203 1522 2259 Urbem
1571 2221 1679 2260 non
1732 2208 1836 2262 nisi
1897 2210 2088 2266 dimis-

496 2311 558 2350 so
615 2294 859 2349 exercitu
922 2295 1172 2358 veniret;
1237 2297 1331 2350 sed
1409 2295 1590 2351 Casar
1651 2299 1967 2356 Ravennam
2029 2319 2090 2359 se

495 2384 742 2440 contulit.
774 2383 1058 2454 Pompeius
1072 2393 1234 2455 atque
1255 2401 1443 2441 omnes
1470 2399 1773 2455 senatores,
1801 2395 2090 2448 crescenti-

497 2475 598 2530 bus
623 2474 853 2530 Caesaris
886 2475 1090 2530 viribus
1119 2476 1335 2545 trepidi,
1359 2485 1614 2546 tanquam
1642 2479 1792 2536 Italia
1826 2483 1997 2551 pulsi,
2030 2485 2087 2539 in

495 2565 760 2622 Graeciam
784 2567 1102 2631 transvecti,
1125 2567 1480 2635 Dyrrachium
1508 2572 1728 2638 gerendi
1749 2573 1874 2627 belli
1904 2576 2086 2630 sedem

495 2655 833 2726 delegerunt.
884 2655 1065 2711 Caesar
1091 2655 1321 2710 Romam
1364 2657 1544 2724 venit,
1575 2671 1934 2732 negatamque
1981 2665 2085 2720 sibi

495 2761 564 2801 ex
589 2747 782 2803 aerario
809 2747 1092 2818 pecuniam
1117 2746 1307 2801 fratris
1330 2745 1538 2804 foribus
1579 2751 1796 2818 invasit,
1829 2756 2083 2823 protulit-

495 2853 602 2906 que
642 2854 712 2893 ex
739 2853 806 2895 eo
853 2840 1031 2908 pondo
1073 2848 1306 2908 quatuor
1369 2840 1536 2896 millia
1591 2853 1810 2899 centum
1864 2848 2085 2917 triginta

494 2930 730 3000 quinque
750 2930 938 3004 [auri],
959 2935 1166 3002 argenti
1192 2931 1371 3000 pondo
1391 2946 1559 3002 prope
1589 2939 1866 3007 octoginta
1893 2940 2080 2994 millia.

495 3021 620 3076 Mox
663 3037 785 3078 cum
838 3023 1135 3094 legionibus
1182 3028 1346 3099 Alpes
1395 3038 1760 3093 transvectus,
1788 3029 2083 3085 Massiliam

493 3113 659 3168 venit.
705 3112 858 3168 Hanc
880 3114 1159 3172 obsidione
1201 3120 1458 3175 domitam
1506 3119 1754 3174 libertate
1795 3134 2076 3185 concessa,

2192 1929 2381 1985 Romae
2401 1931 2634 1986 dictator
2655 1935 2909 2002 etconsul
2931 1945 3170 2002 creatus,
3199 1939 3254 1993 in
3273 1939 3514 1996 Africam
3537 1945 3777 2001 transiit.

2189 2022 2343 2092 Apud
2367 2021 2600 2092 Tapsum
2622 2040 2742 2080 cum
2757 2024 2894 2082 Juba
2916 2038 2972 2083 et
3000 2027 3252 2100 Scipione
3266 2035 3522 2104 pugnavit
3541 2045 3598 2090 et
3621 2038 3776 2092 vicit.

2190 2110 2324 2167 Cato
2354 2129 2474 2168 sese
2502 2115 2644 2184 apud
2668 2115 2880 2172 Uticam
2909 2121 3129 2174 occidit.
3159 2120 3295 2176 Juba
3326 2127 3635 2193 percussori
3678 2127 3778 2197 ju-

2189 2202 2370 2270 gulum
2402 2207 2576 2273 pretio
2597 2205 2724 2260 dato
2747 2209 2998 2276 praebuit.
3028 2210 3275 2267 Petreius
3299 2216 3488 2270 eodem
3509 2232 3568 2272 se
3595 2218 3779 2288 gladio

2189 2292 2442 2362 perfodit.
2475 2294 2656 2365 Scipio
2686 2297 2741 2350 in
2777 2301 3095 2370 navim°qua
3127 2302 3193 2356 ad
3219 2302 3504 2373 Hispanias
3537 2306 3774 2378 fugeret,

2188 2386 2575 2448 conscendens,
2607 2396 2770 2442 vento
2795 2387 3016 2446 coactus
3043 2393 3094 2446 in
3121 2392 3359 2449 Africam
3398 2397 3654 2463 redierat,
3687 2415 3776 2456 se—

2188 2475 2480 2543 metipsum
2505 2474 2794 2545 jugulavit.
2819 2478 2877 2533 In
2901 2482 3089 2536 eadem
3117 2484 3241 2538 navi
3269 2487 3432 2540 etiam
3459 2485 3610 2543 Titus
3638 2489 3778 2544 Tor-

2186 2573 2381 2631 quatus
2403 2566 2614 2620 occisus
2637 2575 2740 2620 est.
2766 2567 2948 2622 Czesar
2972 2570 3214 2640 Pompeii
3238 2575 3421 2644 magni
3451 2585 3677 2646 nepotes
3716 2589 3775 2633 et

2187 2654 2348 2708 filiam
2385 2655 2500 2723 ejus
2529 2657 2838 2726 Pompeiam
2857 2661 3020 2730 jussit
3045 2665 3235 2719 occidi.
3264 2665 3523 2722 Ultimum
3568 2669 3773 2724 bellum

2186 2748 2330 2817 apud
2353 2747 2606 2802 Mundam
2632 2749 2829 2805 flumen
2853 2763 3064 2822 gestum
3092 2762 3174 2809 est
3198 2756 3461 2812 adversus
3482 2757 3770 2828 Pompeios

2185 2837 2320 2891 duos
2347 2845 2402 2891 et
2429 2836 2723 2892 Labienum
2751 2849 2914 2910 atque
2948 2843 3162 2897 Actium
3209 2846 3428 2900 Varum.
3456 2847 3640 2902 Cresar
3667 2847 3768 2902 Ro-

2184 2943 2329 2981 mam
2380 2929 2632 2996 rediens,
2660 2932 2751 2986 ubi
2801 2934 2928 2987 dum
2957 2935 3283 3004 Reipublicae
3329 2945 3529 2993 statum
3576 2949 3768 2995 contra

2185 3020 2431 3090 exempla
2498 3023 2763 3078 malorum
2829 3025 3125 3080 clementer
3187 3028 3474 3094 instaurat,
3531 3031 3769 3085 auctori-

2184 3115 2287 3170 bus
2319 3114 2490 3171 Bruto
2519 3125 2573 3170 et
2602 3115 2815 3182 Cassio,
2844 3119 3008 3173 etiam
3030 3119 3264 3188 plurimo
3289 3129 3500 3188 senatu,
3531 3121 3583 3176 in
3612 3123 3766 3177 curia

493 3204 706 3258 ameris
729 3205 889 3260 rebus
910 3206 1135 3260 abrasit.
1159 3208 1312 3278 Apud
1334 3209 1688 3281 Dyrrachium
1711 3209 1865 3264 mum
1887 3209 2079 3265 orien-
2105 3193 2150 3254 C
2184 3203 2356 3258 tribus
2377 3212 2431 3257 et
2457 3204 2646 3274 viginti
2667 3206 2978 3262 vulneribus
2998 3209 3297 3272 confossus,
3321 3211 3546 3265 interiit.
3567 3210 3629 3264 in
3656 3226 3762 3280 qua

492 3297 566 3351 tis
591 3313 748 3368 reges
783 3299 853 3354 ad
899 3298 1212 3370 Pompeium
1249 3315 1373 3358 cum
1421 3304 1636 3359 auxiliis
1685 3313 2073 3360 convenerant.

493 3388 678 3460 Pugna
723 3391 1047 3457 commissa,
1085 3393 1284 3449 milites
1335 3395 1566 3451 Caesaris
1610 3395 1883 3466 fugerunt,
1922 3397 2079 3452 caesis

491 3487 727 3548 quatuor
743 3479 986 3535 millibus
1004 3497 1072 3536 ex
1102 3483 1220 3552 ejus
1241 3486 1505 3541 exercitu.
1546 3487 1678 3541 Inde
1703 3485 1882 3542 Caesar
1910 3487 2078 3544 citato

490 3570 704 3640 agmine
752 3585 849 3641 per
876 3572 1098 3642 Epirum
1142 3575 1198 3629 in
1229 3575 1562 3632 Thessaliam
1606 3577 1867 3647 perrexit.
1917 3577 2078 3634 Pom-

491 3661 647 3730 peius
672 3651 798 3717 eum
813 3665 1022 3735 magnis
1043 3665 1213 3735 copiis
1234 3668 1554 3724 subsecutus
1581 3678 1685 3726 est.
1712 3670 1955 3726 Fuerunt
1983 3686 2079 3725 au-

491 3760 601 3806 tem
625 3753 880 3823 Pompeio
907 3757 1180 3826 octoginta
1209 3759 1461 3816 cohortes
1488 3760 1683 3829 triplici
1725 3762 1913 3818 ordine
1938 3761 2078 3818 loca-

489 3848 580 3907 tae,
609 3843 849 3912 peditum
885 3845 1240 3912 quadraginta
1271 3847 1461 3912 millia,
1489 3849 1701 3938 equites
1741 3849 1796 3903 in
1851 3849 2077 3908 sinistro

489 3948 659 3988 cornu
703 3935 964 3998 sexcenti,
997 3935 1052 3989 in
1082 3936 1274 3990 dextro
1294 3938 1602 4006 quingenti;
1634 3935 1893 4009 pimterea
1922 3955 2077 4012 reges

488 4025 666 4080 multi.
709 4025 1206 4082 Caesari‘similiter
1247 4029 1500 4084 cohortes
1524 4031 1830 4100 octoginta,
1877 4031 2074 4102 triplici

487 4114 680 4171 ordine
705 4116 998 4185 disposita},
1029 4118 1207 4173 minus
1231 4133 1396 4189 quam
1441 4121 1662 4192 triginta
1706 4121 1875 4176 millia
1925 4124 2074 4193 pedi~

487 4213 628 4270 tum,
669 4205 879 4274 equites
902 4205 1068 4262 mille.
1095 4206 1397 4264 Commissa
1419 4225 1616 4280 pugna,
1637 4226 1759 4266 eum
1783 4213 1874 4267 diu
1896 4215 2072 4268 utrin-

485 4310 593 4365 que
617 4295 779 4350 dubia
809 4304 956 4351 sorte
981 4297 1339 4366 caederentur,
1363 4301 1578 4356 tandem
1601 4303 1887 4358 universus
1911 4303 2074 4360 Pom-

486 4385 593 4456 peii
616 4384 754 4454 fugit
776 4387 1084 4453 exercitus,
1111 4398 1396 4459 castraque
1429 4391 1672 4463 dispersa
1714 4401 1858 4448 sunt.
1915 4393 2074 4449 Pom-

484 4477 641 4546 peius
666 4477 910 4547 fugiens,
939 4480 1245 4534 onerariam
1291 4497 1484 4536 navem
1536 4493 1726 4540 nactus
1749 4525 1764 4549 ,
1799 4485 1855 4539 in
1880 4485 2065 4540 Asiam

2178 3292 2551 3361 conjuratione
2574 3293 2744 3349 fuisse
2769 3296 3000 3366 amplius
3025 3299 3377 3369 quadraginta
3405 3301 3652 3356 conscios
3680 3301 3763 3356 fe-

2179 3391 2326 3437 runt.
2341 3384 2546 3454 Corpus
2557 3384 2672 3454 ejus
2687 3396 2896 3457 raptum
2913 3390 3161 3458 populus,
3176 3391 3358 3445 dolore
3380 3391 3764 3458 instimulatus,

2179 3474 2233 3528 in
2250 3474 2368 3530 foro
2393 3475 2711 3546 fragmentis
2725 3478 3070 3534 tribunalium
3084 3497 3147 3536 ac
3162 3482 3540 3537 subselliorum
3552 3497 3766 3537 crema-

2177 3566 2255 3620 vit
2277 3575 2401 3636 post
2427 3556 2598 3622 annos
2626 3577 2735 3623 tres
2764 3579 2819 3624 et
2846 3585 3061 3626 menses
3090 3586 3184 3625 sex
3209 3587 3370 3640 quam
3403 3589 3633 3643 regnare
3657 3588 3764 3629 cte-

2175 3668 2387 3728 perant.
2419 3659 2552 3713 Nam
2582 3670 2816 3730 quatuor
2840 3662 2998 3716 annis
3023 3670 3146 3731 post
3170 3669 3399 3716 mortem
3425 3664 3609 3733 magni
3657 3664 3761 3719 Cn.

2177 3747 2419 3819 Pompeii
2440 3749 2642 3804 bellum
2665 3749 2825 3804 civile
2858 3759 2970 3804 toto
2999 3750 3134 3805 orbe
3157 3750 3526 3806 indesinenter
3563 3753 3761 3807 tonuit.

2176 3838 2454 3909 Regnante
2484 3841 2624 3909 apud
2651 3839 3050 3896 Alexandrinos
3077 3840 3384 3911 Cleopatra,
3417 3852 3614 3911 quarto
3639 3843 3764 3912 ejus

2175 3943 2317 3982 anno
2344 3927 2516 3993 ﬁnito,
2543 3928 2727 3984 Ctesar
2750 3928 2923 3985 Julius
2944 3932 3150 4000 primus
3177 3931 3543 3986 Romanorum
3577 3932 3764 4000 singu-

2175 4015 2345 4071 larem
2371 4017 2606 4072 obtinuit
2648 4019 3036 4090 principatum.
3082 4021 3129 4075 A
3177 4036 3286 4091 quo
3320 4022 3483 4076 etiam
3513 4020 3763 4077 Caesares

2174 4107 2425 4176 appellati
2459 4117 2604 4163 sunt.
2633 4110 2853 4165 Cassius
2877 4111 3113 4176 interim,
3139 4110 3324 4166 Judzea
3366 4120 3526 4181 capta
3554 4151 3569 4178 ,
3624 4121 3763 4167 tem-

2173 4199 2320 4269 plum
2345 4200 2556 4270 spoliat.
2583 4202 2796 4257 Abhinc
2824 4203 3208 4273 imperatorum
3238 4218 3452 4258 nomen.

2243 4288 2574 4345 Octavianus
2615 4289 2796 4346 Caesar
2841 4290 3116 4362 Augustus
3146 4292 3513 4348 Romanorum
3553 4308 3757 4348 secun-

2175 4382 2302 4449 dus,
2351 4383 2598 4454 regnavit
2642 4399 2812 4439 annos
2865 4384 3255 4456 quinquaginta
3297 4400 3393 4440 sex
3437 4395 3494 4439 et
3537 4399 3757 4441 menses

2173 4489 2270 4530 sex
2315 4492 2327 4529 :
2373 4491 2404 4529 a
2443 4489 2551 4544 quo
2578 4475 2804 4545 Augusti
2853 4475 3105 4546 appellati
3156 4491 3311 4546 reges
3361 4477 3753 4530 Romanorum.

485 4532 872 4621 transiitjnde
897 4532 995 4637 is.
1013 4532 1247 4640 Cyprius
1270 4532 1855 4644 εἰὶᾖέξᾷρὶξῶῖεῖιῖ
1880 4532 2065 4644 ἦῆξῷ

2183 4564 2410 4633 Quorum
2437 4532 2768 4634 quindecim,
2798 4532 3013 4621 vivente
3059 4532 3362 4637 Cleopatra,
3393 4569 3752 4639 quadraginta

485 4670 612 4712 mox
638 4655 866 4711 utlittus
891 4657 1090 4727 attigit,
1107 4659 1262 4728 jussu
1292 4660 1569 4717 Ptolomaei
1602 4663 1979 4729 ailolescentls,
2009 4666 2064 4720 in

2169 4665 2226 4710 et
2252 4673 2414 4711 unum
2445 4668 2632 4728 postea
2662 4659 2815 4711 vixit.
2840 4657 3068 4728 Augusti
3099 4661 3384 4716 undecimo
3426 4675 3588 4726 anno,
3616 4660 3754 4716 deli-

484 4747 716 4818 gratiam
742 4744 974 4802 Caesaris
1005 4748 1249 4815 victoris,
1275 4752 1489 4809 occisus
1513 4762 1616 4809 est.
1654 4755 1899 4824 Pompeii
1927 4772 2066 4811 uxor

2183 4748 2342 4803 :iente
2383 4748 2438 4800 in
2486 4747 2670 4802 Judaea
2695 4747 3007 4817 pontificum
3054 4750 3381 4822 principatu,
3412 4751 3754 4822 complentur

485 4835 690 4906 filiique
726 4836 1000 4906 fugerunt,
1020 4838 1318 4909 classisque
1345 4841 1670 4912 Pompeiana
1697 4844 1930 4915 direpta.
1955 4846 2067 4902 Ct!!-

483 4942 596 4991 sar,
631 4928 946 4998 compositis
987 4929 1127 4999 apud
1177 4931 1558 4989 Thessalianos
1600 4934 1793 4998 rebus,
1839 4936 2065 4991 Alexan-

481 5019 660 5074 driam
680 5019 847 5084 venit,
872 5021 1185 5093 perlatoque
1210 5025 1276 5080 ad
1299 5039 1357 5080 se
1388 5033 1444 5082 et
1473 5027 1590 5082 viso
1620 5026 1860 5097 Pompeii
1890 5031 2067 5098 capite

485 5110 814 5181 annuloque,
838 5110 1002 5168 flevit.
1033 5113 1220 5188 [4755]
1244 5117 1503 5184 Achillas,
1524 5118 1632 5172 dux
1661 5119 1862 5189 regius,
1887 5119 2064 5174 imbu-

483 5211 573 5258 tus
596 5201 763 5258 semel
779 5202 1027 5272 Pompeii
1055 5207 1348 5276 sanguine,
1375 5206 1606 5262 Csesaris
1635 5222 1850 5277 quoque
1878 5221 2064 5262 necem

481 5293 862 5350 meditabatur.
889 5293 1026 5349 Nam
1066 5293 1252 5361 jussus
1299 5297 1598 5351 exercitum
1651 5297 1955 5362 dimittere,
1980 5298 2064 5353 cui

481 5393 740 5455 praeerat,
789 5384 977 5455 viginti
1029 5384 1256 5440 millium
1314 5394 1643 5441 armatorum
1672 5426 1688 5452 ,
1740 5402 1849 5441 non
1907 5388 2067 5442 modo

481 5477 689 5546 sprevit
713 5475 1021 5544 imperium,
1048 5489 1235 5530 verum
1267 5485 1324 5530 et
1369 5477 1542 5532 aciem
1572 5477 1788 5532 direxit.
1849 5477 1906 5531 In
1949 5479 2066 5547 ipso

481 5565 667 5635 praelia
705 5566 848 5636 regia
887 5567 1079 5622 classis
1121 5565 1262 5621 forte
1297 5567 1557 5623 subducta
1579 5569 1800 5638 jubetur
1828 5569 2061 5624 incendi.

485 5656 561 5710 Ea
609 5655 823 5711 ﬂamma
869 5673 992 5714 cum
1041 5667 1248 5727 partem
1300 5673 1514 5728 quoque
1559 5658 1706 5714 urbis
1759 5660 2061 5722 invasisset,

481 5746 840 5816 quadraginta
869 5749 1033 5803 millia
1069 5749 1348 5815 librorum,
1376 5750 1636 5818 proximis
1682 5750 1822 5804 forte
1861 5749 2065 5806 aedibus

2168 4837 2515 4892 hebdomadaa
2545 4838 2879 4908 septuaginta
2906 4839 2961 4892 in
2992 4838 3213 4895 Daniele
3242 4841 3473 4912 scripta.
3501 4842 3652 4896 Anno
3678 4843 3752 4897 ab

2170 4927 2315 4982 Urbe
2343 4928 2558 4982 condita
2581 4929 3058 5000 septingentesimo
3079 4932 3310 4998 decimo,
3340 4932 3626 4988 interfecto
3649 4931 3750 4989 Ju-

2170 5019 2242 5073 lio
2269 5017 2504 5082 Caesare,
2527 5017 2874 5084 Octavianus,
2900 5021 2994 5090 qui
3025 5030 3346 5076 testamento
3364 5020 3488 5075 Julii
3517 5020 3751 5077 Cesaris

2168 5112 2419 5166 avunculi
2446 5119 2502 5166 et
2525 5112 2894 5167 luereditatem
2927 5122 2983 5167 et
3021 5126 3216 5167 nomen
3256 5121 3657 5182 assumpserat,
3688 5121 3751 5168 ut

2168 5202 2393 5256 Romam
2434 5203 2747 5258 adolescens
2786 5205 3072 5259 admodum
3113 5205 3263 5259 venit
3313 5204 3544 5258 indolem
3591 5219 3749 5258 suam

2168 5290 2322 5347 bellis
2347 5293 2596 5348 civilibus
2628 5295 2774 5349 vicit.
2813 5295 2884 5350 Ut
2911 5297 3053 5350 enim
3083 5296 3320 5370 breviter
3341 5295 3604 5365 explicem
3635 5295 3750 5348 bel-

2168 5382 2217 5436 la
2249 5382 2424 5437 civilia
2457 5399 2578 5453 qute
2628 5383 2744 5453 ipse
2782 5385 2978 5453 gessit,
3013 5385 3312 5438 Mutinense
3334 5424 3349 5448 ,
3381 5383 3746 5452 Philippense,

2169 5473 2470 5538 Perusium,
2506 5475 2766 5537 Siculum,
2795 5475 3093 5532 Actiacum.
3147 5476 3189 5528 E
3227 5476 3423 5544 quibus
3459 5475 3598 5535 duo.
3643 5476 3747 5542 hoe

2166 5575 2250 5618 est
2302 5565 2534 5633 primum
2565 5580 2628 5618 ac
2654 5566 3001 5619 novissimum
3030 5604 3041 5626 ,
3077 5564 3333 5618 adversus
3363 5563 3599 5616 Marcum
3633 5563 3746 5615 An-

2167 5656 2408 5718 tonium;
2465 5657 2781 5721 secundum,
2817 5657 3075 5709 adversus
3116 5654 3338 5708 Brutum
3383 5662 3437 5705 et
3465 5653 3743 5716 Cassium;

2169 5749 2410 5812 tertium,
2440 5751 2696 5803 adversus
2729 5749 2948 5804 Lucium
2975 5748 3300 5812 Antonium;
3335 5757 3617 5816 quartum,
3653 5749 3748 5800 ai!-
