4024 6362
235 364 308 417 75
1313 352 1725 412 CHIIONICON.
1760 382 1830 394 —
1869 350 2074 406 A‘JTAS
2111 349 2397 419 QUINTA.
3425 345 3494 401 “II

235 486 434 528 versus
483 470 709 525 Sextum
755 467 1096 539 Pompeium,
1152 466 1301 521 Cneii
1347 465 1581 534 Pompeii
1624 464 1810 524 lilium,
1843 471 1886 524 Α
1919 462 2060 515 idem
2091 461 2355 516 Antonius
2387 474 2507 515 sese
2534 458 2676 515 ferro
2705 460 3180 514 transverberavit.
3208 457 3493 529 Cleopatra

233 579 402 633 quem
425 557 676 615 confecit.
715 557 897 613 Caesar
917 559 983 612 ad
1007 557 1165 612 ﬁdem
1187 557 1488 612 conciliata:
1505 554 1692 626 gratia:
1715 569 1820 623 qua

230 655 537 710 Antonium
570 664 870 721 receperat,
901 649 1064 703 tiliam
1087 651 1204 719 ejus
1229 647 1572 702 matrimonio
1599 643 1824 698 sortitus

232 756 348 801 est.
400 744 670 808 Herodes,
697 751 945 798 cessante
973 757 1136 811 regno
1169 755 1232 795 ac
1285 739 1584 794 sacerd0tio
1615 737 1826 791 Iudaao-

236 850 387 898 rnm,
417 832 550 887 nihil
570 832 637 886 ad
663 847 784 886 eam
810 839 1022 902 gentem
1061 830 1366 900 pertinens,
1397 836 1582 897 utpote
1603 824 1826 894 Antipa-

235 925 311 978 tri
355 922 680 978 Asealonitze
709 929 763 975 et
791 921 981 975 matris
1022 919 1271 990 Cypridis
1323 917 1566 972 Arabicae
1601 915 1760 980 filius,
1793 930 1823 968 a

236 1014 507 1068 Romanis
529 1011 834 1066 Iudaeorum
864 1011 1098 1080 suscepit
1125 1010 1505 1080 principatum,
1548 1021 1707 1076 quem
1748 1017 1826 1060 te-

237 1106 361 1159 nuit
389 1119 564 1159 annos
594 1103 812 1174 triginta
842 1093 956 1158 sex.
989 1101 1089 1168 Qui
1123 1116 1190 1156 ne
1226 1099 1475 1172 ignobilis
1520 1098 1658 1154 forte
1687 1105 1743 1153 et
1793 1111 1826 1150 a

236 1194 552 1250 Iudaeorum
597 1194 804 1249 semine
850 1202 1167 1263 argueretur
1193 1202 1506 1256 extraneus,
1529 1189 1828 1246 combussit

240 1286 413 1341 libros
429 1300 619 1340 omnes
651 1284 844 1355 quibus
873 1285 1127 1339 nobilitas
1152 1285 1327 1356 gentis
1367 1284 1565 1339 Iudaeae
1595 1282 1650 1337 in
1681 1293 1824 1337 tem-

240 1376 334 1446 plo
379 1376 702 1430 servabatur
726 1374 956 1444 ascripta
975 1413 992 1439 ,
1023 1385 1080 1429 ut
1107 1375 1478 1430 delieientibus
1504 1375 1827 1444 prohamen-

245 1468 342 1532 tis,
390 1474 444 1520 et
494 1467 608 1536 ipse
654 1467 720 1520 ad
749 1465 890 1519 hanc
937 1466 1208 1535 pertinere
1253 1475 1576 1537 putaretur:
1607 1465 1826 1533 insuper

241 1555 408 1609 etiam
437 1564 496 1609 ut
541 1570 694 1610 suam
739 1554 980 1610 sobolem
1010 1571 1156 1625 regio
1185 1554 1395 1609 illorum
1445 1555 1627 1625 generi
1675 1570 1824 1609 com-

246 1647 546 1712 misceret,
614 1645 853 1717 projecta
905 1646 1128 1701 Dosside
1177 1645 1376 1701 femina
1438 1645 1826 1716 Hierosolymi-

247 1747 398 1803 taua,
421 1755 576 1808 quam
627 1740 870 1808 privatus
899 1748 1183 1809 acceperat
1209 1755 1430 1795 uxorem
1450 1779 1465 1804 ,
1493 1749 1550 1794 et
1576 1748 1706 1794 nato
1755 1754 1821 1794 ex

1930 561 2214 622 postquam
2243 567 2303 608 se
2331 553 2595 608 reservari
2627 553 2694 607 ad
2722 553 3048 622 triumplmm
3085 552 3365 615 intellexit,
3399 567 3494 606 vo-

1926 642 2216 696 luntariam
2262 652 2490 699 mortem
2542 652 2752 713 petens,
2808 643 3091 713 serpentis,
3145 651 3205 696 ut
3255 652 3494 712 putatur,

1927 748 2131 797 morsu,
2177 734 2229 786 in
2258 734 2477 788 sinistro
2513 743 2652 788 tacta
2703 735 2949 800 brachio,
2983 733 3496 813 exanimis_inventa

1925 832 2029 886 cst,
2078 821 2276 876 frustra
2322 823 2534 880 Czesare
2575 825 2738 880 etiam
2785 824 2992 896 Psyllos
3036 827 3375 891 admovente,
3405 827 3499 896 qui

1925 926 2129 966 venena
2159 922 2468 982 serpentum
2499 930 2528 968 e
2554 916 2862 971 vulneribus
2886 917 3161 972 hominum
3191 917 3384 972 haustu
3416 934 3502 973 re-

1927 1015 2123 1054 vocare
2149 1009 2311 1072 atque
2331 1014 2593 1073 exsugere
2616 1004 2805 1058 solent.

1995 1088 2175 1144 Caesar
2211 1090 2529 1146 Alexandria
2556 1093 2707 1159 urbe,
2731 1095 2971 1150 omnium
3001 1095 3155 1168 longe
3205 1098 3502 1167 opulcntiso

1927 1183 2061 1237 sima
2090 1191 2144 1238 et
2189 1184 2442 1249 maxima,
2503 1185 2671 1240 victor
2700 1187 2900 1256 potitus
2941 1197 3043 1243 est.
3091 1187 3363 1245 Ilactenus
3408 1190 3501 1259 qui

1925 1273 2262 1328 vocabantur
2309 1273 2525 1345 Lagidae
2573 1277 2641 1330 ab
2669 1275 2958 1332 Ptolomtco
2975 1279 3176 1349 primo,
3209 1277 3336 1348 Lagi
3369 1279 3500 1343 lilio,

1927 1363 1981 1418 in
2031 1364 2263 1435 Egypto
2312 1376 2670 1435 regnaverunt
2715 1367 2872 1423 annis
2919 1368 3163 1424 ducentis
3212 1370 3501 1440 nonaginta

1927 1455 2182 1526 quinque.
2210 1455 2388 1511 Caesar
2427 1457 2598 1512 victor
2650 1457 2719 1512 ab
2763 1458 2982 1514 Oriente
3034 1460 3273 1525 veniens,
3309 1471 3502 1515 octavo

1927 1546 2050 1602 ldus
2093 1546 2378 1603 Ianuarias
2433 1548 2628 1604 Urbem
2683 1551 2877 1620 triplici
2928 1552 3197 1620 triumpho
3229 1553 3502 1623 ingessus

1927 1646 2030 1693 est.
2078 1635 2192 1693 Hoc
2244 1639 2329 1694 die
2370 1640 2603 1708 primum
2651 1640 2924 1712 Augustus
2975 1643 3346 1697 consalutatus
3393 1653 3500 1707 est,

1929 1737 2090 1796 atque
2109 1742 2177 1782 ex
2203 1730 2388 1784 eadem
2420 1730 2504 1785 die
2541 1747 2748 1786 summa
2781 1747 2960 1787 rerum
2987 1749 3051 1788 ac
3081 1742 3318 1802 potestas
3338 1750 3505 1804 penes

248 1843 312 1881 ea
368 1829 480 1882 lilio
523 1827 807 1898 Antipatro
856 1829 1077 1883 sociavit
1120 1829 1220 1883 sibi
1273 1829 1603 1884 Marianncm
1659 1828 1821 1882 ﬁliam

1928 1832 2094 1872 unum
2117 1828 2236 1872 esse
2264 1817 2425 1888 cmpit
2445 1828 2499 1873 et
2525 1821 2745 1886 mansit,
2768 1822 2910 1890 quod
2938 1821 3108 1877 Graeci
3131 1825 3502 1878 monarchiam

243 1918 559 1982 Alexandri,
604 1928 817 1987 neptem
863 1918 1158 1973 Aristobuli
1210 1918 1396 1974 fratris
1441 1918 1681 1984 Hircani,
1731 1918 1822 1987 qui

243 2017 370 2061 ante
409 2023 532 2060 eum
562 2016 774 2062 rexerat
800 2007 1104 2064 Iudteorum
1141 2018 1376 2080 gentem.
1418 2007 1541 2064 Ha:c
1586 2009 1824 2080 quinque

247 2098 387 2152 lilios
426 2099 476 2153 ei
504 2100 713 2170 genuit,
751 2115 979 2169 quorum
1003 2100 1169 2167 duos,
1198 2102 1565 2158 Alexandrum
1606 2111 1662 2157 et
1698 2103 1821 2158 Ari-

245 2189 542 2255 stobulum,
577 2191 689 2260 ipse
719 2191 947 2261 peremit
975 2192 1029 2246 in
1056 2192 1320 2247 Samaria.
1353 2193 1461 2248 Nec
1496 2209 1678 2260 mora,
1702 2202 1826 2264 post

246 2282 410 2335 etiam
469 2281 683 2336 illorum
741 2293 1004 2347 matrem,
1045 2299 1150 2352 qua
1193 2283 1269 2338 nil
1317 2284 1535 2338 charius
1577 2292 1822 2348 noverat,

244 2374 410 2428 simili
437 2375 637 2429 scelere
665 2375 913 2443 peremit.
970 2375 1012 2429 Ε
1037 2377 1232 2446 quibus
1276 2377 1617 2432 Aristobulus
1658 2377 1823 2432 Hero-

247 2466 371 2518 dem
411 2480 477 2519 cx
507 2465 761 2520 Berenice
804 2476 1116 2536 susceperat
1162 2467 1361 2532 lilium,
1410 2483 1570 2538 quem
1602 2467 1654 2521 in
1682 2466 1827 2521 Acti-

247 2555 356 2608 bus
416 2555 770 2624 apostolorum
826 2557 894 2610 ab
951 2555 1141 2626 angelo
1204 2571 1517 2625 percussum
1575 2555 1822 2626 legimus.

259 2643 526 2698 Antonius
585 2645 947 2711 Artabanem,
1018 2647 1288 2700 Armeniae
1363 2661 1542 2716 regem
1577 2686 1594 2711 ,
1649 2646 1828 2716 prodi-

255 2735 404 2788 tione
426 2743 476 2788 et
506 2733 622 2788 dolo
649 2737 807 2805 cepit.
839 2734 1008 2800 Quem
1057 2745 1314 2806 argentea
1339 2745 1530 2790 catena
1562 2735 1823 2801 vinctum,

249 2824 320 2876 ad
347 2825 734 2879 confessionem
773 2828 1144 2881 thesaurorum
1190 2828 1460 2896 regiorum
1496 2827 1668 2896 coegit
1692 2842 1706 2880 :
1729 2843 1825 2882 ex-

249 2925 592 2985 pugnatoque
623 2917 818 2986 oppido
847 2917 900 2971 in
931 2932 1037 2986 quo
1063 2918 1307 2972 conditos
1335 2931 1454 2972 esse
1495 2918 1824 2987 prodiderat,

249 3023 495 3076 magnam
533 3007 640 3061 vim
685 3009 801 3062 auri
846 3009 1162 3078 argentique
1205 3009 1445 3063 abstulit.
1490 3011 1604 3076 Qua
1653 3009 1827 3065 elatus

247 3100 474 3168 pecunia
504 3085 840 3154 denuntiavit
887 3099 1082 3154 bellum
1137 3100 1361 3165 Caesari,
1402 3111 1562 3172 atque
1591 3101 1828 3158 Octavia:

1923 1918 2135 1967 vocant.
2169 1910 2334 1965 Porro
2357 1919 2538 1966 autem
2582 1911 2723 1967 hunc
2747 1929 2871 1968 esse
2919 1915 3168 1968 etnndem
3204 1915 3371 1981 diem,
3401 1915 3505 1970 hoc

1923 2011 2008 2058 est
2031 2013 2279 2058 octavum
2310 2002 2430 2058 ldus
2455 2002 2718 2069 Januarii,
2753 2019 2858 2074 quo
2880 2021 2976 2060 nos
3003 2006 3378 2076 Epiphaniam,
3403 2010 3504 2064 hoc

1924 2101 2010 2148 est
2031 2092 2421 2164 apparitionem
2454 2094 2565 2149 sive
2603 2093 3093 2150 manifestationem
3123 2098 3386 2153 Dominici
3417 2115 3506 2154 sa-

1925 2185 2185 2241 cramenti
2211 2183 2580 2251 observamus,
2610 2202 2769 2242 nemo
2813 2190 3147 2245 credentium
3187 2191 3302 2248 sive
3338 2193 3504 2248 etiam

1927 2276 2048 2331 fidei
2067 2277 2569 2344 contradicentium,
2598 2280 2788 2334 nescit.

1997 2367 2100 2424 Per
2128 2370 2307 2424 omnia
2357 2371 2522 2441 igitur
2578 2373 2789 2427 venturi
2824 2372 3022 2429 Christi
3068 2376 3241 2446 gratia
3299 2393 3505 2447 pra‘pa-

1927 2468 2104 2515 ratum
2131 2459 2360 2515 Ctesaris
2408 2459 2693 2530 imperium
2743 2464 3161 2533 comprobatur:
3221 2480 3346 2520 nam
3382 2483 3507 2522 cum

1925 2551 2157 2620 primum
2221 2551 2350 2608 Caio
2402 2551 2615 2608 Caesare
2646 2555 2908 2610 avunculo
2959 2571 3057 2612 suo
3107 2557 3392 2614 interfecto
3438 2573 3502 2614 ex

1924 2642 2206 2713 Apollonia
2241 2643 2453 2698 rediens
2479 2643 2675 2698 Urbem
2706 2645 3100 2715 ingrederetur,
3129 2649 3260 2702 hora
3289 2649 3506 2703 circiter

1926 2735 2104 2799 tertia,
2150 2743 2370 2803 repente
2414 2733 2615 2804 liquido
2649 2749 2711 2789 ac
2750 2746 2878 2804 puto
2925 2751 3119 2792 sereno
3168 2737 3402 2793 circulus
3437 2741 3506 2794 ad

1926 2825 2163 2896 speciem
2210 2824 2445 2880 ctelestis
2481 2841 2639 2881 arcus
2674 2827 2859 2880 orbem
2902 2829 3030 2882 solis
3079 2829 3290 2895 ambiit,
3349 2847 3483 2901 quas

1926 2930 2050 2969 eum
2083 2931 2248 2969 unum
2281 2931 2345 2969 ac
2373 2915 2710 2986 potissimum
2743 2916 2796 2969 in
2851 2917 2952 2972 hoc
2977 2918 3176 2972 mundo
3225 2918 3509 2989 solumque

1927 3005 2288 3061 clarissimum
2337 3006 2391 3060 in
2441 3005 2573 3060 orbe
2632 3015 2997 3061 monstraret:
3055 3007 3209 3076 cujus
3265 3019 3509 3080 tempore

1926 3105 2186 3152 venturus
2209 3106 2352 3152 esset
2396 3097 2487 3167 qui
2517 3097 2688 3166 ipsum
2716 3097 2905 3163 solem,
2934 3099 3301 3168 mundumque
3334 3108 3505 3155 totum

245 3192 452 3246 sororis
492 3191 740 3257 Cmsaris,
776 3195 958 3249 uxoris
1003 3209 1135 3258 suae,
1169 3195 1448 3264 repudium
1485 3195 1678 3250 ξιιάίχίι
1715 3211 1730 3260 ;
1773 3204 1828 3250 ει
1853 3177 1899 3239 C
1929 3198 1984 3244 et
2009 3188 2225 3244 fecisset
2254 3199 2310 3250 et
2339 3197 2567 3260 regeret.
2597 3188 2798 3243 Deinde
2824 3205 2947 3244 cum
2970 3191 3208 3244 secundo
3236 3191 3288 3244 in
3321 3189 3506 3246 Sicilia

244 3283 587 3352 Cleopatram
619 3284 720 3339 sibi
750 3299 816 3338 ex
845 3285 1166 3340 Alexandria
1195 3302 1482 3342 occurrere
1519 3287 1823 3356 imperavit,

245 3385 412 3444 atque
439 3390 661 3430 uxorem
708 3376 878 3430 duxit.
912 3376 1030 3445 Ipse
1055 3378 1290 3443 Actium,
1322 3378 1410 3433 ubi
1441 3378 1667 3434 classem
1694 3396 1824 3436 con-

246 3468 522 3529 stituerat,
560 3465 856 3536 profectus,
887 3484 1009 3522 cum
1036 3483 1203 3537 prope
1240 3469 1451 3523 tertiam
1479 3479 1687 3540 partem
1735 3487 1822 3525 re-

248 3557 450 3627 migum
491 3556 634 3611 fame
680 3558 1014 3627 absumptam
1057 3559 1389 3624 oll'cndissct,
1437 3558 1572 3613 nihil
1602 3569 1821 3614 motus:

249 3647 429 3712 Remi,
463 3647 654 3717 inquit,
702 3648 859 3702 nodo
897 3647 1028 3702 salvi
1080 3657 1244 3703 sunt:
1274 3665 1397 3702 nam
1442 3649 1673 3719 remiges
1719 3665 1825 3704 non

249 3738 479 3792 deerunt
505 3737 677 3806 quoad
707 3738 913 3793 Graecia
930 3739 1174 3796 homines
1199 3739 1466 3795 habuerit.
1491 3739 1744 3794 Ducentaz
1771 3749 1827 3794 ct

251 3831 473 3901 triginta
499 3840 742 3885 rostrata:
768 3831 916 3887 fuere
941 3832 1172 3888 Cmsaris
1195 3847 1380 3900 naves,
1403 3841 1457 3888 et
1480 3834 1698 3905 triginta
1711 3835 1828 3890 sine

248 3922 459 3975 rostris.
501 3920 771 3976 Triremcs
819 3922 1102 3978 velocitate
1152 3923 1460 3979 Liburnicis
1491 3940 1669 3994 pares,
1702 3933 1826 3981 octo

247 4011 485 4083 legiones
509 4013 668 4068 classi
695 4015 1061 4083 superposiue,
1090 4016 1294 4086 absque
1338 4017 1650 4073 cohortibus
1673 4019 1827 4087 quin-

248 4121 353 4175 que
383 4107 674 4175 prtetoriis.
707 4105 908 4162 Classis
953 4108 1193 4173 Antonii,
1225 4118 1442 4164 centum
1488 4111 1826 4181 septuaginta

247 4198 468 4252 navium
499 4197 616 4263 fuit,
647 4209 908 4267 quantum
941 4214 1166 4254 numero
1195 4200 1412 4264 cedens,
1459 4209 1666 4259 tantum
1713 4217 1828 4256 ma-

244 4290 528 4360 gnitudine
564 4289 902 4358 praecellens;
935 4305 1058 4344 nam
1089 4291 1276 4345 decem
1319 4291 1516 4361 pedum
1542 4291 1828 4348 altitudine

244 4379 432 4434 amari
471 4379 713 4434 aberant.
766 4379 969 4435 Bellum
998 4380 1066 4435 ab
1081 4383 1211 4458 hora
1240 4383 1427 4452 quinta
1467 4383 1830 4453 usqueinho-

247 4487 368 4525 ram
393 4472 676 4540 septimam
710 4472 913 4526 incerta
937 4473 1180 4528 vincendi
1211 4487 1304 4543 spe
1329 4481 1682 4543 protractum,
1707 4490 1830 4546 gra-

1928 3281 2161 3351 receptis
2189 3296 2220 3334 a
2267 3279 2522 3350 Pompeio
2565 3292 2619 3334 et
2666 3281 2865 3352 Lepido
2915 3281 3235 3353 legionibus,
3287 3285 3509 3355 triginta

1927 3373 2096 3428 millia
2117 3389 2394 3429 servorum
2425 3373 2654 3428 dominis
2701 3374 3048 3440 restituisset,
3080 3386 3134 3430 et
3159 3392 3254 3430 sex
3304 3378 3496 3442 millia,

1927 3481 2156 3536 quorum
2207 3465 2408 3520 domini
2453 3480 2558 3520 non
2596 3466 2881 3520 exstabant
2938 3466 2991 3520 in
3041 3483 3255 3522 crucem
3285 3469 3507 3539 egisset,

1928 3557 2236 3628 ingentique
2285 3557 2466 3610 animo
2510 3557 2697 3626 viginti
2751 3558 2916 3612 millia
2967 3559 3193 3613 militum
3249 3570 3507 3615 exaucto-

1931 3651 2186 3714 ravisset,
2246 3659 2406 3718 atque
2432 3649 2787 3716 quadraginta
2821 3659 3052 3718 quatuor
3098 3651 3334 3720 legiones
3364 3653 3510 3706 solus

1927 3739 2154 3810 imperio
2182 3754 2282 3794 suo
2315 3739 2384 3792 ad
2437 3746 2675 3793 tutamen
2714 3740 2863 3794 orbis
2918 3749 3076 3794 terrae
3123 3741 3508 3807 distribuisset,

1926 3843 2201 3898 ovansque
2266 3825 2466 3884 Urbem
2527 3827 2818 3896 ingressus,
2871 3830 3051 3884 omnia
3104 3831 3384 3900 superiora
3416 3848 3510 3902 po-

1927 3921 2038 3990 puli
2067 3921 2297 3976 Romani
2327 3920 2506 3976 debita
2542 3920 2812 3985 donanda,
2865 3920 3166 3976 litterarum
3210 3924 3372 3977 etiam
3400 3940 3512 3978 mo-

1927 4011 2202 4066 numentis
2247 4009 2463 4065 abolitis
2502 4009 2823 4075 censuisset,
2872 4011 2924 4064 in
2966 4011 3154 4066 diebus
3208 4011 3340 4082 ipsis
3391 4013 3512 4067 fons

1927 4103 2033 4159 olei
2087 4102 2426 4174 largissimus
2452 4101 2519 4157 de
2569 4101 2791 4156 taberna
2842 4102 3139 4167 meritoria,
3193 4118 3291 4173 per
3339 4111 3512 4159 totum

1927 4197 2069 4252 diem
2097 4195 2289 4262 ﬂuxit;
2336 4210 2444 4264 quo
2474 4195 2626 4266 signo
2678 4195 2805 4264 quid
2863 4195 3162 4251 evidentius
3197 4212 3360 4266 quam
3409 4200 3509 4252 suh

1927 4289 2230 4360 principatu
2264 4287 2494 4344 Caesaris
2541 4288 2893 4358 Romanoque
2939 4290 3165 4359 imperio
3216 4304 3309 4358 per
3340 4299 3509 4344 totum

1929 4381 2096 4444 diem,
2135 4379 2236 4432 hoc
2279 4387 2361 4433 est
2401 4393 2497 4446 per
2533 4392 2693 4432 omne
2741 4377 2969 4431 Romani
3020 4387 3227 4446 tempus
3274 4379 3508 4448 imperii,

1931 4465 2227 4533 Christum,
2259 4476 2420 4535 atque
2461 4481 2528 4520 ex
2577 4480 2642 4520 eo
2671 4464 3030 4530 Christianos,
3063 4465 3114 4520 id
3163 4474 3244 4520 est
3287 4475 3508 4522 unctum

244 4562 484 4618 vissima‘.
532 4564 782 4632 utrinque
825 4565 998 4619 caedes
1027 4575 1200 4620 actae:
1231 4566 1494 4636 reliquum
1547 4568 1650 4622 diei
1700 4585 1824 4624 cum

1931 4567 2093 4628 atque
2141 4572 2209 4611 ex
2258 4571 2323 4611 eo
2376 4565 2568 4611 unctos
2599 4596 2612 4618 ,
2666 4556 2732 4611 de
2787 4555 3062 4610 meritoria
3111 4557 3354 4626 taberna,
3407 4560 3512 4614 hoc

246 4654 612 4722 subsequente
659 4664 814 4709 nocte
846 4655 900 4709 in
929 4655 1210 4710 victoriam
1253 4655 1485 4712 Caasaris
1513 4657 1822 4714 declinavit.

244 4745 408 4799 Prior
455 4745 639 4814 regina
685 4746 966 4816 CleOpatra
1008 4764 1130 4803 cum
1161 4751 1442 4816 sexaginta
1472 4751 1826 4806 velocissimis

244 4835 478 4890 navibus
502 4833 656 4905 fugit.
685 4835 948 4891 Antonius
977 4853 1102 4890 mox
1131 4837 1420 4909 fugientem
1448 4855 1667 4894 uxorem
1699 4841 1824 4894 sub-

244 4933 472 4981 secutus
502 4933 602 4980 est.
643 4925 720 4979 Ex
743 4926 898 4981 victis
926 4927 1206 4982 duodecim
1243 4928 1407 4983 millia
1436 4930 1695 4985 cecidisse
1737 4947 1824 4986 re-

245 5016 522 5082 feruntur,
553 5032 646 5071 sex
678 5018 841 5072 millia
898 5018 1174 5073 vulnerata
1211 5030 1356 5085 sunt,
1398 5036 1428 5075 e
1453 5021 1648 5090 quibus
1683 5021 1828 5076 mile

249 5108 397 5161 inter
431 5109 730 5180 curandum
760 5107 1092 5164 defecerunt.
1125 5109 1303 5165 Caesar
1345 5120 1498 5165 sexto
1538 5111 1830 5180 imperator

249 5199 575 5268 appellatus,
592 5209 647 5254 et
676 5209 873 5270 quarto
896 5201 1010 5270 ipse
1036 5217 1156 5256 cum
1185 5201 1367 5257 Marco
1393 5201 1602 5258 Licinio
1631 5203 1829 5258 Crasso

249 5289 446 5344 consul
473 5288 838 5345 Brundusium
867 5292 1034 5346 venit.
1057 5291 1132 5346 lbi
1174 5293 1322 5348 orbis
1352 5301 1616 5347 terrarum
1644 5294 1829 5364 ρι’ωεί-

251 5381 364 5446 dia,
409 5381 598 5437 divisis
641 5382 940 5454 legionibus
989 5384 1309 5454 composuit.
1359 5383 1655 5439 Novissime
1703 5401 1825 5440 cum

253 5471 436 5526 navali
488 5473 672 5544 praelio
717 5474 986 5528 Antonius
1037 5475 1322 5530 decertare
1368 5487 1603 5546 pararet,
1651 5477 1828 5532 subito

255 5563 526 5619 universa:
541 5579 704 5620 naves
729 5565 1050 5619 Antonianae
1074 5565 1247 5635 partis
1275 5566 1344 5621 ad
1368 5565 1636 5622 Caesarem
1657 5577 1832 5622 trans-

256 5657 455 5709 ierunt.
487 5655 751 5726 Trepidus
788 5655 1056 5713 Antonius
1083 5673 1206 5712 eum
1231 5657 1419 5730 paucis
1462 5673 1520 5714 se
1547 5659 1600 5713 in
1632 5660 1831 5730 regiam

257 5749 477 5820 recepit.
516 5747 715 5802 Deinde
757 5749 1068 5804 imminente
1096 5750 1327 5817 Caesare,
1351 5751 1562 5806 turbata
1594 5751 1831 5817 civitate,

623 5842 894 5903 Ριτιιοι..
937 5843 1223 5907 CXXIII.

1928 4659 2011 4706 est
2047 4650 2113 4704 de
2161 4649 2371 4719 hospita
2423 4648 2677 4718 largaque
2721 4647 2980 4712 Ecclesia,
3019 4646 3295 4704 alliuenter
3345 4659 3510 4722 atque

1930 4741 2326 4797 incessabiliter
2345 4756 2718 4811 processuros,
2753 4741 3222 4810 restituendosque
3247 4758 3343 4814 per
3382 4742 3506 4799 Ca:-

1929 4848 2106 4889 sarem
2142 4847 2332 4887 omnes
2361 4847 2575 4897 servos,
2605 4832 2694 4901 qui
2742 4841 2920 4886 tamen
2967 4844 3357 4903 cognoscerent
3410 4837 3506 4891 do-

1929 4924 2133 4978 minum
2175 4938 2350 4987 suum,
2395 4932 2725 4992 cmterosque
2752 4923 2843 4994 qui
2881 4923 2997 4978 sine
3035 4924 3252 4980 domino
3299 4925 3508 4980 inveni-

1930 5028 2138 5086 rentur,
2166 5019 2326 5074 morti
2353 5018 2717 5089 supplicioque
2743 5016 3040 5082 dedendos,
3081 5019 3510 5089 remittendaque

1930 5111 2031 5167 sub
2055 5111 2268 5166 Czesare
2295 5110 2472 5165 debita
2493 5125 2654 5181 pecea
2663 5118 2836 5164 torum
2855 5108 2910 5163 in
2923 5123 2986 5164 ea
3003 5109 3134 5164 urbe
3148 5109 3200 5165 in
3217 5126 3322 5181 qua
3339 5125 3508 5182 spon-

1930 5211 2148 5259 taneum
2189 5201 2431 5258 ﬂuxisset
2477 5201 2693 5257 oleum?
2733 5199 2916 5256 Tertio
2944 5209 3122 5255 autem
3153 5216 3273 5255 cum
3303 5195 3504 5255 Urbem

1930 5295 2273 5364 triumphans
2298 5293 2486 5365 quinto
2515 5291 2704 5348 consul
2755 5291 3030 5363 ingressus
3055 5301 3159 5357 est,
3182 5301 3373 5347 octavo
3402 5289 3509 5345 sci-

1931 5385 2060 5442 licet
2103 5384 2226 5440 ldus
2249 5383 2558 5448 Ianuarias,
2587 5398 2708 5438 cum
2759 5391 2814 5436 et
2859 5381 3051 5437 Ianum
3087 5389 3209 5452 post
3247 5381 3508 5434 ducentos

1936 5491 2108 5532 annos
2131 5477 2361 5546 primum
2387 5475 2502 5546 ipse
2530 5473 2752 5536 clausit,
2779 5482 2835 5528 et
2862 5471 3216 5527 clarissimum
3242 5467 3370 5524 illud
3397 5468 3508 5522 Au-

1937 5569 2078 5639 gusti
2101 5583 2298 5624 nomen
2324 5566 2635 5638 assumpsit.
2667 5563 2804 5633 Quid
2837 5564 3044 5620 fidelius
3069 5575 3132 5616 ac
3159 5561 3336 5615 verius
3358 5560 3515 5617 credi

1937 5666 2312 5730 potest,quam
2341 5657 2553 5715 occulto
2583 5666 2852 5728 gestorum
2879 5655 3068 5710 ordine
3095 5652 3161 5706 ad
3188 5652 3506 5724 obsequium

1940 5749 2347 5821 prmparationis
2371 5750 2486 5820 ejus
2514 5747 2948 5819 praedestinatum
2989 5741 3152 5797 fuisse
3189 5743 3278 5812 qui
3321 5743 3453 5798 eode
3472 5758 3511 5795 ιι

3037 5840 3079 5901 3
