4024 6362
523 323 594 378 75
1548 330 1604 385 S.
1648 330 1899 388 ADONIS
1938 334 2360 394 ARCHIEPISC.
2407 339 2808 400 VIENNENSIS
3625 358 3631 368 '
3702 345 3771 398 76

516 438 602 493 die
620 450 728 508 quo
756 435 844 492 ille
867 436 1293 494 manifestandus
1315 439 1484 494 multo
1506 451 1626 510 post
1650 443 1922 511 paululum
1949 453 2088 510 erat,
2117 453 2166 510 Α
2193 459 2335 504 esset
2363 451 2415 505 in
2446 452 2609 508 mimo
2642 471 2654 506 :
2683 453 2728 510 Ο
2756 453 3030 510 dominum
3076 468 3290 526 aequum
3314 461 3369 508 et
3396 451 3626 518 bonum;
3656 455 3774 508 uni-

513 535 570 581 σει
605 527 754 597 pacis
785 526 995 595 signum
1031 528 1332 604 praeferret,
1364 537 1418 583 et
1461 532 1743 600 potestatis
1785 548 1980 588 nomen
2011 549 2097 589 as-
2197 541 2450 610 versique
2473 545 2627 613 quasi
2654 545 2722 601 de
2751 546 2865 616 ipso
2893 547 3094 600 dictum
3117 555 3282 609 esset,
3309 543 3770 615 approbavissent,

509 626 753 672 sumeret
778 617 876 689 (ita
909 633 1050 672 anno
1075 620 1144 673 ab
1173 621 1317 676 Urbe
1349 623 1565 676 condita
1617 625 2056 695 septingentesim

2197 643 2252 688 et
2278 636 2463 690 statim
2493 637 2710 706 quidem
2737 655 2901 694 manu
2924 639 3180 708 vultuque
3207 639 3489 693 indecoras
3513 639 3777 694 adulatio-

511 710 852 778 sexagesimo
881 712 1062 774 tertio,
1105 710 1302 765 clausis
1348 711 1469 766 Jani
1523 714 1714 782 ροτιίδ,
1745 731 1869 769 cum
1913 717 2094 770 CEESIII‘
2198 741 2294 780 nes
2341 728 2617 796 repressit,
2647 736 2702 782 ει
2745 728 2798 783 in
2847 729 3091 798 sequenti
3123 729 3208 783 die
3249 728 3572 798 gravissimo
3599 731 3777 782 θοι-τί-

509 799 784 868 Augustus
806 801 956 854 finito
979 801 1302 856 Cantabrico
1327 802 1486 867 bello,
1507 805 1820 874 pacatisque
1841 806 2091 860 omnibus
2193 815 2310 884 puit
2338 815 2538 880 edicto,
2568 817 2952 886 dominumque
2979 831 3037 871 se
3066 817 3292 887 posthac
3323 815 3612 886 appellari,
3644 831 3713 870 ne
3743 831 3774 869 ε

508 888 797 956 gentibus,
828 889 898 943 ab
941 889 1152 944 oriente
1182 890 1234 943 in
1265 890 1600 946 occidentem
1621 932 1635 957 ,
1667 907 1696 946 a
1727 893 2056 962 septentrion

2195 904 2379 960 liberis
2426 907 2644 976 quidem
2679 915 2773 962 aut
2800 923 2832 962 a
2862 909 3147 978 nepotibus
3189 907 3324 975 suis,
3368 905 3454 962 vel
3501 906 3645 964 serio
3688 905 3776 960 vel

513 979 581 1032 ad
607 978 909 1043 meridiem,
942 994 1007 1034 ac
1033 993 1128 1049 per
1166 988 1335 1035 totum
1366 981 1564 1038 Oceani
1593 983 1854 1037 circulum
1889 983 2087 1039 Urbem
2189 993 2316 1064 joco
2350 1011 2544 1066 passus
2570 1006 2671 1053 est.

514 1069 809 1140 ingressus,
855 1086 975 1125 cum
1020 1082 1302 1141 spectante
1343 1089 1410 1130 eo
1452 1075 1639 1141 ludos,
1685 1075 2088 1146 pronuntiatum

516 1212 3768 1248 mm

1798 1367 2072 1448 [ΕΤΛὲ
2149 1367 2467 1446 SEXTA

719 1547 768 1586 ν
1634 1568 1666 1608 Α
1713 1565 1979 1630 (:nars'ro
2026 1566 2106 1606 AD
2152 1564 2356 1606 meum
2402 1565 2625 1608 FINEM.

568 1767 754 1844 [4852]
789 1768 955 1841 Igitur
993 1785 1058 1827 eo
1107 1781 1369 1842 tempore,
1402 1789 1544 1828 anno
1594 1773 1802 1830 scilicet
1846 1775 2077 1830 Caesaris
2105 1779 2152 1836 Β
2180 1773 2377 1838 fuerat,
2429 1773 2818 1844 triumphavit;
2847 1773 2961 1844 ipse
3009 1782 3190 1828 autem
3237 1772 3486 1830 Tiberius
3534 1776 3768 1847 plurima

498 1861 725 1932 Augusti
755 1864 1167 1933 quadragesimo
1199 1867 1455 1928 secundo,
1487 1881 1518 1920 a
1546 1875 1718 1922 morte
1758 1881 1887 1922 vero
1917 1866 2074 1922 Cleo-

490 1962 659 2024 patra:
683 1961 740 2008 et
767 1954 1014 2018 Antonii,
1047 1958 1261 2026 quando
1287 1966 1341 2011 et
1368 1957 1632 2028 zEgyptus
1663 1959 1714 2012 in
1744 1959 2076 2028 provinciam

491 2056 647 2096 versa
675 2050 777 2105 est,
808 2058 950 2098 anno
977 2044 1238 2114 vigesimo
1260 2047 1512 2116 septimo,
1543 2046 1861 2117 Olympiadis
1892 2058 2074 2103 cente-

483 2130 646 2186 sima:
674 2133 846 2187 tertiae
872 2150 1016 2189 anno
1041 2137 1222 2202 tertio,
1261 2137 1328 2191 ab
1358 2135 1503 2192 Urbe
1530 2139 1746 2194 condita
1774 2140 2075 2212 septingen-

487 2221 685 2276 tesimo
711 2223 1159 2295 quinquagesimo
1189 2227 1446 2295 secundo,
1482 2228 1535 2283 id
1579 2238 1663 2284 est
1687 2244 1752 2285 eo
1779 2245 1921 2285 anno
1965 2245 2073 2301 quo

487 2315 815 2382 compressis
843 2324 1160 2371 cunctarum
1189 2317 1337 2374 orbis
1368 2327 1526 2374 terra:
1568 2322 1808 2391 gentium
1838 2323 2071 2378 motibus

479 2401 861 2460 ﬁrmissimam
901 2408 1348 2480 verissimamque
1376 2427 1564 2482 pacem
1609 2414 1948 2470 ordinatione
1973 2415 2070 2471 Dei

477 2493 670 2550 Czrsar
698 2498 1020 2568 composuit,
1047 2499 1204 2555 Jcsus
1233 2500 1484 2558 Christus
1515 2502 1683 2558 Filius
1714 2504 1828 2568 Dei,
1861 2514 2067 2560 sextam

476 2583 670 2637 mundi
698 2593 911 2640 :etatem
942 2603 1040 2642 suo
1065 2591 1404 2646 consecravit
1429 2593 1684 2648 adventu.
1712 2593 1871 2648 Anno
1900 2593 2068 2663 impe-

470 2679 552 2734 rii
591 2679 819 2751 Augusti
861 2683 1275 2754 quadragesimo
1303 2694 1517 2750 octavo,
1553 2686 1795 2742 Herodes
1825 2695 2067 2757 patrator

474 2771 786 2838 scelerum,
834 2783 890 2829 et
938 2774 1254 2832 interfector
1300 2792 1398 2846 pro
1445 2777 1662 2834 Christo
1697 2779 2063 2835 innocentium

478 2860 850 2930 parvulorum,
885 2867 1076 2920 morbo
1105 2866 1390 2923 intercutis
1439 2884 1592 2938 aqua:
1632 2879 1685 2925 et
1731 2871 2064 2926 scatentibus

473 2959 595 3006 loto
619 2965 845 3022 corpore
875 2955 1172 3020 vermibus,
1203 2955 1587 3013 miserabiliter
1616 2959 1778 3030 digne
1804 2960 2055 3014 moritur.

471 3039 586 3104 Pro
611 3057 719 3113 quo
743 3043 1067 3101 substitutus
1091 3047 1160 3100 ab
1178 3045 1420 3117 Augusto
1443 3047 1584 3103 filius
1601 3048 1720 3119 ejus
1737 3049 2056 3117 Archelaus,

2179 1864 2390 1934 imperii
2435 1874 2612 1934 parte,
2645 1880 2766 1918 cum
2801 1880 2992 1935 magna
3020 1873 3073 1918 et
3099 1865 3247 1933 gravi
3292 1867 3554 1922 modestia
3589 1869 3768 1939 reipu-

2175 1955 2328 2010 blicze
2345 1955 2560 2026 praefuit
2577 1975 2587 2009 :
2607 1959 2741 2010 adeo
2759 1965 2814 2009 ut
2831 1957 3151 2025 quibusdam
3175 1958 3493 2026 praesidibus
3513 1962 3763 2030 augenda

2174 2046 2465 2115 provinciis
2483 2045 2681 2100 tributa
2705 2047 3052 2101 suadentibus
3072 2047 3365 2115 scripserit,
3381 2047 3506 2102 boni
3523 2049 3766 2118 pastoris

2173 2153 2293 2193 esse
2325 2139 2545 2193 tondere
2567 2153 2752 2208 pecus,
2779 2152 2882 2192 non
2907 2137 3244 2205 deglabrare.
3269 2136 3440 2206 Hujus
3459 2154 3602 2193 anno
3625 2140 3764 2194 duo-

2174 2229 2381 2283 decimo
2401 2227 2606 2283 Pilatus
2625 2227 2823 2282 Judrece
2849 2236 3169 2299 procurator
3190 2229 3256 2282 ab
3279 2228 3466 2284 eodem
3481 2229 3756 2300 dirigitur.

2173 2318 2413 2375 llerodes
2434 2320 2726 2384 tetrarcha,
2755 2320 2844 2389 qui
2867 2318 3171 2374 Iudaeorum
3195 2320 3553 2390 principatum
3579 2323 3759 2377 tenuit

2172 2411 2330 2466 annis
2348 2412 2534 2482 viginti
2552 2420 2874 2480 etquatuor,
2893 2411 2944 2464 in
2970 2411 3229 2464 honorem
3251 2410 3452 2465 Tiberii
3479 2419 3533 2466 et
3562 2413 3759 2471 matris

2169 2503 2286 2572 ejus
2312 2503 2509 2567 Liviae,
2544 2502 2884 2558 'l‘iheriadem
2917 2501 3154 2556 condidit
3182 2510 3238 2556 et
3267 2501 3562 2557 Liviadem.
3593 2502 3758 2560 Auno

2169 2593 2380 2647 decimo
2409 2592 2598 2660 quinto
2625 2591 2836 2662 imperii
2863 2590 3082 2653 Tiberii,
3114 2592 3367 2646 Dominus
3393 2600 3516 2662 post
3543 2593 3753 2663 baptis-

2168 2695 2338 2744 mum,
2368 2679 2512 2748 quod
2542 2679 2852 2748 przedicavit
2877 2677 3132 2741 Joannes,
3165 2678 3363 2734 mundo
3385 2693 3606 2750 regnum
3640 2693 3754 2734 cte-

2167 2772 2340 2826 lorum
2356 2770 2658 2833 annuntiat,
2677 2769 2910 2838 peractis
2926 2786 2954 2822 a
2975 2769 3156 2821 mundi
3176 2767 3438 2838 principio
3451 2770 3748 2825 secundum

2166 2863 2438 2927 llebrteos,
2469 2863 2646 2926 annis,
2672 2870 2732 2915 ut
2765 2862 2928 2916 etiam
2958 2860 3223 2915 Eusebius
3247 2861 3298 2913 iu
3320 2861 3604 2915 Chronicis
3634 2863 3748 2916 suis

2163 2953 2360 3024 signat,
2413 2961 2646 3022 quatuor
2690 2952 2946 3014 millibus,
2993 2951 3301 3004 annotando
3343 2951 3487 3020 quod
3537 2952 3748 3007 decimo

2163 3053 2315 3100 sexto
2337 3059 2478 3097 anno
2500 3041 2700 3098 Tiberii
2725 3042 3044 3112 principium
3071 3040 3233 3097 fuerit
3252 3042 3606 3113 octuagesimi
3633 3043 3746 3112 pri-

473 3133 725 3202 regnavit
773 3148 943 3190 annos
991 3149 1182 3191 novem
1206 3175 1220 3202 ,
1253 3137 1305 3192 id
1335 3145 1419 3192 est
1445 3151 1616 3208 usque
1646 3140 1713 3194 ad
1743 3140 1910 3210 ipsius
1951 3140 2059 3194 Au-
2089 3137 2133 3201 C
2166 3137 2239 3192 mi
2268 3135 2476 3192 Jubilzei
2526 3135 2819 3190 secundum
2847 3133 3138 3188 llebrmos:
3168 3142 3352 3189 nostra
3383 3146 3561 3189 autem
3612 3151 3742 3205 sup-

469 3221 619 3292 gusti
667 3223 860 3289 finem;
897 3233 1025 3280 tunc
1072 3224 1216 3280 enim
1267 3242 1374 3281 non
1423 3226 1721 3285 ferentibus
1763 3229 1923 3296 ultra,
1966 3231 2059 3285 sed

475 3314 860 3370 accusantibus
909 3315 1245 3372 ferocitatem
1289 3317 1406 3388 ejus
1453 3319 1592 3388 apud
1639 3319 1937 3391 Augustum
1968 3319 2060 3374 Ju-

476 3407 626 3472 dzeis,
661 3407 718 3462 in
762 3406 1023 3462 Viennam
1055 3410 1242 3464 urbem
1271 3409 1456 3464 Gallia:
1497 3410 1884 3466 nobilissimam
1932 3411 2062 3466 rele-

449 3506 657 3569 .gatur,
703 3505 758 3552 et
798 3497 866 3552 ad
909 3498 1257 3554 minuendam
1301 3498 1510 3556 Iudaici
1560 3501 1710 3572 regni
1764 3503 2056 3570 potentiam

470 3587 925 3660 insolentiamque
953 3589 1301 3654 domandam,
1331 3599 1564 3660 quatuor
1591 3589 1788 3645 fratres
1819 3589 1935 3658 ejus
1961 3607 2058 3661 pro

465 3694 538 3734 eo
563 3689 690 3734 sunt
712 3681 1000 3736 tetrarchae
1025 3681 1214 3747 creati,
1243 3681 1506 3749 Herodes,
1532 3683 1839 3752 Antipater,
1868 3682 2058 3754 Lysias

472 3781 528 3827 et
569 3771 879 3844 Philippus;
927 3789 1158 3843 quorum
1208 3772 1490 3845 Philippus
1535 3785 1592 3829 et
1641 3775 1918 3842 Herodes,
1965 3777 2056 3845 qui

468 3863 695 3934 Antipas
742 3865 893 3934 prius
936 3865 1370 3934 nuncupabatur,
1407 3865 1573 3919 etiam
1611 3865 1826 3920 vivente
1859 3865 2060 3920 Arche-

469 3953 576 4019 lao,
606 3955 893 4009 tetrarcha:
918 3954 1134 4008 fuerant
1152 3954 1408 4008 ordinati.
1435 3953 1604 4009 Natus
1628 3954 1789 4025 igitur
1809 3953 2056 4011 Christus

453 4058 633 4100 verus
656 4045 917 4100 Dominus
946 4045 1110 4100 totius
1133 4044 1346 4116 generis
1368 4044 1612 4109 humani,
1641 4045 1786 4100 inter
1808 4045 2056 4102 homines

467 4133 714 4189 Romano
741 4134 926 4190 censui
957 4134 1142 4188 statim
1173 4135 1440 4204 ascriptus
1478 4143 1581 4200 est,
1615 4135 1702 4190 illa
1748 4137 1920 4206 prima
1945 4137 2057 4191 cla-

454 4225 789 4294 .rissimaque
816 4224 1154 4294 professione
1187 4241 1291 4295 qua
1325 4225 1507 4280 Ctesar
1533 4241 1590 4281 se
1621 4227 1862 4281 omnium
1901 4227 2050 4296 prin-

462 4317 662 4388 cipem,
687 4316 1070 4387 Romanosque
1094 4331 1274 4372 rerum
1306 4316 1553 4372 dominos
1580 4311 1892 4388 singillatim
1920 4332 2052 4372 cun-

462 4413 677 4462 ctorum
703 4405 981 4462 hominum
1011 4405 1154 4463 edita
1184 4407 1512 4477 ascriptione
1555 4407 1808 4478 signavit.
1844 4407 2047 4478 (Oros.,

2166 3227 2370 3298 putatio
2399 3225 2730 3296 undeviginti
2773 3224 2950 3278 minus
2992 3223 3267 3294 ponendos
3296 3237 3419 3277 esse
3445 3223 3740 3278 existimat.

2165 3316 2324 3372 Juxta
2360 3330 2490 3370 vero
2513 3313 2779 3369 Chronica
2807 3311 2998 3367 eadem
3047 3327 3166 3381 qua:
3212 3311 3325 3382 ipse
3372 3312 3636 3367 Eusebius
3676 3315 3745 3368 de

2162 3417 2392 3477 utraque
2419 3407 2676 3471 editione,
2708 3415 2767 3460 ut
2787 3405 2890 3460 sibi
2917 3405 3220 3471 videbatur,
3258 3404 3582 3475 composuit,
3615 3405 3740 3459 anni

2162 3509 2518 3571 supputautur
2559 3499 2798 3568 quinque
2836 3497 3002 3552 millia
3038 3497 3254 3552 ducenti
3291 3505 3347 3552 et
3381 3495 3572 3567 viginti
3594 3506 3738 3550 octo.

2159 3591 2393 3646 Joannes
2422 3589 2661 3659 Baptista
2688 3589 2754 3642 ab
2796 3588 3008 3643 Herode
3043 3588 3097 3641 in
3121 3601 3342 3642 carcere
3391 3588 3600 3655 positus
3640 3601 3742 3657 pro

2159 3684 2386 3739 veritate
2410 3684 2584 3752 capite
2613 3689 2908 3736 truncatur.
2938 3681 3094 3734 Auno
3115 3679 3325 3734 decimo
3353 3687 3545 3734 octavo
3571 3679 3742 3750 impe-

2160 3775 2225 3830 rii
2261 3773 2484 3836 Tiberii,
2516 3772 2773 3826 Dominus
2802 3785 2897 3824 sua
2926 3769 3172 3840 passione
3210 3769 3468 3823 mundum
3492 3770 3737 3834 redimit,

2157 3863 2574 3935 etprmdicaturi
2600 3878 2695 3932 per
2731 3860 2928 3916 Judzeae
2971 3860 3224 3932 regiones
3264 3861 3529 3931 apostoli,
3575 3861 3739 3918 Jaco—

2158 3955 2284 4010 bum
2311 3953 2531 4007 fratrem
2564 3953 2774 4007 Domini
2808 3951 3196 4023 Hierosolymis
3237 3951 3492 4006 ordinant
3529 3953 3741 4023 episco-

2155 4061 2313 4118 pum;
2347 4045 2600 4100 ordinant
2627 4055 2682 4100 et
2706 4054 2910 4116 septem
2953 4045 3229 4110 diaconos,
3262 4059 3493 4114 quorum
3524 4059 3630 4098 uno
3656 4045 3737 4098 la-

2155 4135 2338 4206 pidato
2367 4135 2398 4190 a
2423 4133 2622 4191 Iudaeis
2647 4134 2943 4206 Stephano,
2971 4135 3210 4191 Ecclesia
3237 4149 3336 4205 per
3364 4135 3609 4205 regiones
3640 4135 3742 4189 .ln-

2155 4227 2283 4281 daaze
2323 4237 2377 4282 et
2417 4225 2678 4282 Samaria:
2723 4227 3070 4298 dispergitur.
3110 4226 3368 4282 Praelatus
3404 4241 3605 4295 praeses
3633 4225 3740 4280 Pa-

2156 4319 2378 4375 trestinte
2408 4319 2696 4389 provincire
2716 4319 2783 4374 ad
2810 4318 3085 4374 Tiberium
3124 4318 3530 4387 imperatorem,
3568 4327 3738 4388 atque

2157 4411 2224 4466 ad
2277 4422 2524 4467 senatum
2569 4411 2752 4466 retulit
2810 4411 2877 4465 de
2928 4411 3180 4480 passione
3223 4424 3288 4464 ac
3335 4410 3739 4467 resurrectione

467 4495 505 4550 l.
525 4494 642 4568 vn).
669 4495 838 4552 Natus
859 4506 1136 4553 estautem
1159 4505 1352 4553 octavo
1373 4497 1750 4553 KalJanuarii
1774 4498 2046 4566 Christus,
2077 4503 2126 4562 D
2152 4503 2375 4567 Christi,
2423 4501 2878 4572 consequentibus
2919 4502 3207 4556 virtutibus
3248 4515 3368 4569 qua:
3417 4515 3514 4570 per
3556 4501 3735 4570 ipsum

456 4605 587 4645 cum
617 4589 850 4660 primum
887 4590 1220 4646 incrementa
1265 4590 1447 4645 omnia
1479 4591 1606 4645 anni
1651 4590 1878 4646 virentis
1907 4591 2046 4646 inci-

461 4685 636 4754 piunt.
683 4685 864 4742 Caesar
888 4685 1077 4742 Caium
1102 4694 1352 4756 nepotem
1403 4701 1559 4740 suum
1605 4685 1672 4740 ad
1714 4685 2048 4741 ordinandas

464 4775 683 4848 Egypti
714 4775 885 4848 Syria:
929 4777 1236 4846 provincias
1283 4775 1447 4830 misit.
1494 4775 1596 4842 Qui
1638 4775 1954 4844 przetericns
1981 4776 2048 4830 ab

461 4867 720 4941 Egypto,
766 4869 904 4924 fines
958 4867 1254 4924 Palzestincc
1302 4868 1442 4939 apud
1493 4867 1958 4938 Hierosolymam,
1993 4869 2045 4922 in

462 4959 662 5030 templo
690 4959 784 5014 Dei
819 4968 945 5015 tunc
995 4969 1183 5016 sancto
1228 4969 1282 5016 et
1311 4959 1511 5015 celebri
1552 4959 1780 5014 adorare
1807 4971 2049 5014 contem-

462 5048 589 5118 psit,
613 5048 754 5104 sicut
785 5047 1076 5106 Suetonius
1121 5048 1468 5120 Tranquillus
1516 5048 1699 5103 rcfert.
1746 5047 1898 5115 Quod
1934 5048 2046 5101 Au-

460 5150 648 5210 gustus
677 5139 767 5195 ubi
805 5141 1084 5212 comperit,
1116 5156 1284 5212 pravo
1324 5155 1453 5196 usus
1489 5139 1723 5211 judicio,
1755 5139 2048 5210 prudenter

457 5230 654 5286 fecisse
682 5229 940 5286 laudavit.

531 5320 646 5394 [l7]
686 5321 934 5378 Tiberius
979 5322 1255 5394 privignus
1306 5319 1552 5392 Augusti,
1599 5320 1704 5375 hoc
1754 5328 1838 5375 est
1877 5319 2044 5375 Livia:

457 5413 644 5468 uxoris
685 5411 802 5482 ejus
849 5413 1013 5479 filius,
1041 5413 1286 5484 regnavit
1329 5426 1502 5468 annos
1550 5413 1769 5484 triginta
1816 5421 1870 5468 et
1915 5413 2041 5466 duo.

459 5503 560 5561 Hic
587 5521 684 5576 per
719 5505 1072 5576 semetipsum
1112 5505 1257 5560 nulla
1286 5503 1423 5558 bella
1454 5505 1645 5576 gessit.
1679 5503 1822 5559 Sane
1849 5513 2041 5575 quarto

459 5595 670 5666 imperii
720 5597 837 5667 ejus
877 5612 1050 5662 anno,
1081 5593 1334 5651 Germani
1386 5593 1544 5651 Drusi
1596 5594 1756 5659 filius,
1789 5594 2040 5666 Caligulae

453 5697 613 5746 Oater
639 5687 702 5741 de
723 5686 1027 5756 Germanis,
1057 5687 1124 5742 ad
1151 5701 1287 5758 quos
1318 5684 1384 5740 ab
1414 5687 1654 5757 Augusto
1687 5702 1815 5742 sene
1843 5686 2039 5741 missus

2149 4591 2328 4660 palam
2355 4589 2511 4647 facta:
2534 4590 2764 4655 fuerant,
2795 4589 2878 4643 vel
2907 4603 3003 4659 per
3032 4588 3321 4658 discipulos
3349 4588 3518 4659 ipsius
3547 4589 3599 4642 in
3629 4604 3735 4644 no-

2151 4684 2296 4738 mine
2316 4683 2432 4752 ejus
2461 4685 2680 4746 ﬁebant,
2711 4690 2766 4736 et
2793 4682 2859 4736 de
2897 4696 2963 4736 eo
3001 4681 3143 4751 quod
3173 4683 3423 4736 certatim
3452 4691 3736 4736 crescente

2149 4775 2504 4846 plurimorum
2536 4776 2637 4829 tidc
2658 4775 2797 4828 Deus
2822 4774 3156 4828 crederetur.
3187 4773 3437 4830 Tiberius
3471 4790 3593 4829 cum
3624 4776 3738 4830 suf-

2152 4867 2322 4938 fragio
2349 4865 2531 4936 magni
2564 4864 2766 4918 favoris
2792 4864 2977 4920 retulit
3000 4865 3068 4919 ad
3107 4874 3373 4930 senatum,
3402 4874 3461 4918 ut
3485 4865 3736 4920 Christus

2152 4957 2294 5013 Deus
2329 4958 2638 5011 haberetur.
2699 4954 2930 5011 Senatus
2977 4955 3344 5026 indignatione
3387 4966 3584 5020 motus,
3635 4973 3738 5012 cur

2151 5061 2258 5102 non
2289 5047 2390 5102 sibi
2419 5046 2715 5100 secundum
2740 5060 2946 5100 morem
2976 5044 3208 5099 delatum
3237 5053 3403 5109 esset,
3440 5054 3498 5098 ut
3537 5044 3605 5099 dc
3638 5061 3734 5100 su-

2149 5137 2426 5208 scipiendo
2467 5136 2614 5191 cultu
2646 5135 2798 5206 prius
2830 5135 2942 5204 ipse
2991 5135 3330 5201 decerneret,
3363 5135 3734 5190 consecratio-

2149 5243 2274 5283 nem
2304 5227 2503 5284 Christi
2531 5226 2830 5290 recusavit,
2863 5225 3144 5295 edictoque
3167 5227 3446 5280 constituit
3472 5227 3734 5280 extermi-

2154 5317 2360 5371 nandos
2387 5329 2507 5371 esse
2563 5314 2708 5370 Urbe
2736 5314 3092 5379 Christianos,
3114 5316 3382 5384 prmcipue
3403 5330 3524 5368 cum
3548 5324 3603 5369 et
3632 5314 3734 5369 Se-

2142 5407 2308 5478 janus
2337 5406 2624 5479 praefectus
2655 5405 2858 5462 Tiberii
2886 5406 3240 5476 suscipienda:
3283 5405 3528 5475 religioni
3563 5406 3737 5461 obstio

2149 5501 2430 5556 natissime
2459 5498 2858 5554 contradiceret
2897 5497 3178 5562 Tiberius;
3221 5507 3398 5552 tamen
3436 5497 3613 5552 edicto
3638 5513 3732 5553 ac-

2149 5590 2488 5645 cusatoribus
2504 5588 2933 5645 Christianorum
2969 5596 3192 5642 mortem
3239 5590 3601 5643 comminatus
3625 5598 3728 5642 est.

2147 5681 2332 5752 Itaque
2378 5680 2638 5750 paulatim
2689 5679 2976 5735 immutata
3027 5689 3113 5734 est
3154 5678 3241 5733 illa
3271 5679 3472 5734 Tiberii
3499 5679 3730 5735 Czesaris
