  <div class='ocr_page' id='page_1' title='image "/cluster/home/n/w/nwhite01/storage/ocr_20150623/123/hvd.32044011218062/044.png"; bbox 0 0 4024 6362; ppageno 0'>
   <div class='ocr_carea' id='block_1_1' title="bbox 209 353 3470 423">
    <p class='ocr_par' dir='ltr' id='par_1_1' title="bbox 209 353 3470 423">
     <span class='ocr_line' id='line_1_1' title="bbox 209 353 3470 423; baseline -0 0"><span class='ocrx_word' id='word_1_1' title='bbox 209 353 276 423; x_wconf 78' lang='lat'><strong>77</strong></span> <span class='ocrx_word' id='word_1_2' title='bbox 607 420 618 423; x_wconf 73' lang='lat'><strong>-</strong></span> <span class='ocrx_word' id='word_1_3' title='bbox 1303 357 1711 420; x_wconf 77' lang='lat' dir='ltr'><strong>CHRONICON.</strong></span> <span class='ocrx_word' id='word_1_4' title='bbox 1754 393 1822 402; x_wconf 88' lang='lat'>—</span> <span class='ocrx_word' id='word_1_5' title='bbox 1861 363 2066 419; x_wconf 62' lang='lat' dir='ltr'><strong>mas</strong></span> <span class='ocrx_word' id='word_1_6' title='bbox 2108 363 2360 420; x_wconf 67' lang='lat' dir='ltr'><strong>sexu.</strong></span> <span class='ocrx_word' id='word_1_7' title='bbox 3405 369 3470 422; x_wconf 68' lang='grc' dir='ltr'><strong>γε</strong></span> 
     </span>
    </p>
   </div>
   <div class='ocr_carea' id='block_1_2' title="bbox 208 474 3468 548">
    <p class='ocr_par' dir='ltr' id='par_1_2' title="bbox 208 474 3468 548">
     <span class='ocr_line' id='line_1_2' title="bbox 208 474 3468 548; baseline 0 -15"><span class='ocrx_word' id='word_1_8' title='bbox 208 477 590 536; x_wconf 83' lang='lat' dir='ltr'><strong>laudatissima</strong></span> <span class='ocrx_word' id='word_1_9' title='bbox 625 477 907 538; x_wconf 82' lang='lat' dir='ltr'><strong>modestia,</strong></span> <span class='ocrx_word' id='word_1_10' title='bbox 945 476 994 531; x_wconf 90' lang='lat' dir='ltr'><strong>in</strong></span> <span class='ocrx_word' id='word_1_11' title='bbox 1025 489 1240 545; x_wconf 70' lang='lat' dir='ltr'><strong>pmnam</strong></span> <span class='ocrx_word' id='word_1_12' title='bbox 1267 475 1681 530; x_wconf 75' lang='lat' dir='ltr'><strong>contradictoris</strong></span> <span class='ocrx_word' id='word_1_13' title='bbox 1710 489 1796 529; x_wconf 89' lang='lat' dir='ltr'><strong>se-</strong></span> <span class='ocrx_word' id='word_1_14' title='bbox 1827 478 1872 536; x_wconf 76' lang='grc' dir='ltr'>Α</span> <span class='ocrx_word' id='word_1_15' title='bbox 1903 474 2003 529; x_wconf 92' lang='lat' dir='ltr'><strong>bus</strong></span> <span class='ocrx_word' id='word_1_16' title='bbox 2031 477 2365 545; x_wconf 87' lang='lat' dir='ltr'><strong>approbavit.</strong></span> <span class='ocrx_word' id='word_1_17' title='bbox 2397 475 2574 545; x_wconf 91' lang='lat' dir='ltr'><strong>ibique</strong></span> <span class='ocrx_word' id='word_1_18' title='bbox 2604 476 2788 547; x_wconf 80' lang='lat' dir='ltr'><strong>viginti</strong></span> <span class='ocrx_word' id='word_1_19' title='bbox 2827 485 2881 530; x_wconf 92' lang='lat' dir='ltr'><strong>et</strong></span> <span class='ocrx_word' id='word_1_20' title='bbox 2911 478 3144 548; x_wconf 88' lang='lat' dir='ltr'><strong>quinque</strong></span> <span class='ocrx_word' id='word_1_21' title='bbox 3185 480 3468 535; x_wconf 67' lang='lat' dir='ltr'><strong>annis-ca-</strong></span> 
     </span>
    </p>
   </div>
   <div class='ocr_carea' id='block_1_3' title="bbox 208 566 1801 638">
    <p class='ocr_par' dir='ltr' id='par_1_3' title="bbox 208 566 1801 638">
     <span class='ocr_line' id='line_1_3' title="bbox 208 566 1801 638; baseline -0.005 -11"><span class='ocrx_word' id='word_1_22' title='bbox 208 581 396 627; x_wconf 87' lang='lat' dir='ltr'><strong>natns.</strong></span> <span class='ocrx_word' id='word_1_23' title='bbox 439 569 572 624; x_wconf 86' lang='lat' dir='ltr'><strong>Nam</strong></span> <span class='ocrx_word' id='word_1_24' title='bbox 607 569 867 635; x_wconf 87' lang='lat' dir='ltr'><strong>plurimos</strong></span> <span class='ocrx_word' id='word_1_25' title='bbox 904 577 1214 621; x_wconf 90' lang='lat' dir='ltr'><strong>senatorum</strong></span> <span class='ocrx_word' id='word_1_26' title='bbox 1251 568 1588 638; x_wconf 83' lang='lat' dir='ltr'><strong>proscripsit,</strong></span> <span class='ocrx_word' id='word_1_27' title='bbox 1632 576 1687 621; x_wconf 90' lang='lat' dir='ltr'><strong>ct</strong></span> <span class='ocrx_word' id='word_1_28' title='bbox 1735 566 1801 620; x_wconf 90' lang='lat' dir='ltr'><strong>ad</strong></span> 
     </span>
    </p>
   </div>
   <div class='ocr_carea' id='block_1_4' title="bbox 208 643 1802 731">
    <p class='ocr_par' dir='ltr' id='par_1_4' title="bbox 208 643 1802 731">
     <span class='ocr_line' id='line_1_4' title="bbox 208 643 1802 731; baseline -0.005 -12"><span class='ocrx_word' id='word_1_29' title='bbox 208 673 448 720; x_wconf 82' lang='lat' dir='ltr'><strong>mortem</strong></span> <span class='ocrx_word' id='word_1_30' title='bbox 483 663 677 730; x_wconf 84' lang='lat' dir='ltr'><strong>coegit.</strong></span> <span class='ocrx_word' id='word_1_31' title='bbox 732 661 931 731; x_wconf 77' lang='lat' dir='ltr'><strong>Viginti</strong></span> <span class='ocrx_word' id='word_1_32' title='bbox 973 660 1072 714; x_wconf 86' lang='lat' dir='ltr'><strong>sibi</strong></span> <span class='ocrx_word' id='word_1_33' title='bbox 1114 643 1371 728; x_wconf 84' lang='lat' dir='ltr'><strong>patricios</strong></span> <span class='ocrx_word' id='word_1_34' title='bbox 1403 659 1553 714; x_wconf 90' lang='lat' dir='ltr'><strong>viros</strong></span> <span class='ocrx_word' id='word_1_35' title='bbox 1591 658 1802 713; x_wconf 88' lang='lat' dir='ltr'><strong>consilii</strong></span> 
     </span>
    </p>
   </div>
   <div class='ocr_carea' id='block_1_5' title="bbox 208 746 1800 821">
    <p class='ocr_par' dir='ltr' id='par_1_5' title="bbox 208 746 1800 821">
     <span class='ocr_line' id='line_1_5' title="bbox 208 746 1800 821; baseline -0.006 -13"><span class='ocrx_word' id='word_1_36' title='bbox 208 767 380 808; x_wconf 80' lang='lat' dir='ltr'><strong>causa</strong></span> <span class='ocrx_word' id='word_1_37' title='bbox 413 751 708 821; x_wconf 88' lang='lat' dir='ltr'><strong>selegerat;</strong></span> <span class='ocrx_word' id='word_1_38' title='bbox 743 751 936 804; x_wconf 90' lang='lat' dir='ltr'><strong>horum</strong></span> <span class='ocrx_word' id='word_1_39' title='bbox 968 748 1057 801; x_wconf 86' lang='lat' dir='ltr'><strong>vix</strong></span> <span class='ocrx_word' id='word_1_40' title='bbox 1084 749 1216 802; x_wconf 91' lang='lat' dir='ltr'><strong>duos</strong></span> <span class='ocrx_word' id='word_1_41' title='bbox 1239 748 1536 802; x_wconf 87' lang='lat' dir='ltr'><strong>incolumes</strong></span> <span class='ocrx_word' id='word_1_42' title='bbox 1561 746 1800 816; x_wconf 85' lang='lat' dir='ltr'><strong>reliquit,</strong></span> 
     </span>
    </p>
   </div>
   <div class='ocr_carea' id='block_1_6' title="bbox 207 837 1801 910">
    <p class='ocr_par' dir='ltr' id='par_1_6' title="bbox 207 837 1801 910">
     <span class='ocr_line' id='line_1_6' title="bbox 207 837 1801 910; baseline -0.007 -8"><span class='ocrx_word' id='word_1_43' title='bbox 207 855 442 902; x_wconf 62' lang='lat' dir='ltr'><strong>caeteros</strong></span> <span class='ocrx_word' id='word_1_44' title='bbox 470 844 700 898; x_wconf 77' lang='lat' dir='ltr'><strong>diversis</strong></span> <span class='ocrx_word' id='word_1_45' title='bbox 720 842 900 897; x_wconf 80' lang='lat' dir='ltr'><strong>causis</strong></span> <span class='ocrx_word' id='word_1_46' title='bbox 925 840 1175 904; x_wconf 85' lang='lat' dir='ltr'><strong>necavit;</strong></span> <span class='ocrx_word' id='word_1_47' title='bbox 1209 839 1461 910; x_wconf 89' lang='lat' dir='ltr'><strong>Sejanum</strong></span> <span class='ocrx_word' id='word_1_48' title='bbox 1489 837 1801 909; x_wconf 71' lang='lat' dir='ltr'><strong>prmfectum</strong></span> 
     </span>
    </p>
   </div>
   <div class='ocr_carea' id='block_1_7' title="bbox 207 928 1804 994">
    <p class='ocr_par' dir='ltr' id='par_1_7' title="bbox 207 928 1804 994">
     <span class='ocr_line' id='line_1_7' title="bbox 207 928 1804 994; baseline -0.003 -6"><span class='ocrx_word' id='word_1_49' title='bbox 207 950 374 989; x_wconf 89' lang='lat' dir='ltr'><strong>suum</strong></span> <span class='ocrx_word' id='word_1_50' title='bbox 426 949 514 987; x_wconf 89' lang='lat' dir='ltr'><strong>res</strong></span> <span class='ocrx_word' id='word_1_51' title='bbox 555 948 722 986; x_wconf 89' lang='lat' dir='ltr'><strong>novas</strong></span> <span class='ocrx_word' id='word_1_52' title='bbox 773 931 1081 985; x_wconf 81' lang='lat' dir='ltr'><strong>molientem</strong></span> <span class='ocrx_word' id='word_1_53' title='bbox 1132 929 1400 984; x_wconf 89' lang='lat' dir='ltr'><strong>interfecit</strong></span> <span class='ocrx_word' id='word_1_54' title='bbox 1444 928 1628 994; x_wconf 84' lang='lat' dir='ltr'><strong>;filios</strong></span> <span class='ocrx_word' id='word_1_55' title='bbox 1677 943 1804 983; x_wconf 90' lang='lat' dir='ltr'><strong>suos</strong></span> 
     </span>
    </p>
   </div>
   <div class='ocr_carea' id='block_1_8' title="bbox 209 1017 1800 1092">
    <p class='ocr_par' dir='ltr' id='par_1_8' title="bbox 209 1017 1800 1092">
     <span class='ocr_line' id='line_1_8' title="bbox 209 1017 1800 1092; baseline -0.003 -15"><span class='ocrx_word' id='word_1_56' title='bbox 209 1025 448 1092; x_wconf 75' lang='lat' dir='ltr'><strong>Drusum</strong></span> <span class='ocrx_word' id='word_1_57' title='bbox 485 1033 539 1076; x_wconf 90' lang='lat' dir='ltr'><strong>et</strong></span> <span class='ocrx_word' id='word_1_58' title='bbox 572 1020 976 1083; x_wconf 86' lang='lat' dir='ltr'><strong>Germanicum,</strong></span> <span class='ocrx_word' id='word_1_59' title='bbox 1019 1035 1247 1087; x_wconf 89' lang='lat' dir='ltr'><strong>quorum</strong></span> <span class='ocrx_word' id='word_1_60' title='bbox 1280 1020 1486 1074; x_wconf 86' lang='lat' dir='ltr'><strong>Drusus</strong></span> <span class='ocrx_word' id='word_1_61' title='bbox 1513 1017 1800 1082; x_wconf 85' lang='lat' dir='ltr'><strong>naturalis,</strong></span> 
     </span>
    </p>
   </div>
   <div class='ocr_carea' id='block_1_9' title="bbox 210 1108 1801 1180">
    <p class='ocr_par' dir='ltr' id='par_1_9' title="bbox 210 1108 1801 1180">
     <span class='ocr_line' id='line_1_9' title="bbox 210 1108 1801 1180; baseline -0.002 -13"><span class='ocrx_word' id='word_1_62' title='bbox 210 1113 575 1167; x_wconf 86' lang='lat' dir='ltr'><strong>Germanicus</strong></span> <span class='ocrx_word' id='word_1_63' title='bbox 612 1112 893 1180; x_wconf 80' lang='lat' dir='ltr'><strong>adoptivus</strong></span> <span class='ocrx_word' id='word_1_64' title='bbox 917 1119 1056 1172; x_wconf 92' lang='lat' dir='ltr'><strong>erat,</strong></span> <span class='ocrx_word' id='word_1_65' title='bbox 1094 1109 1392 1164; x_wconf 79' lang='lat' dir='ltr'><strong>manifestis</strong></span> <span class='ocrx_word' id='word_1_66' title='bbox 1418 1109 1608 1163; x_wconf 85' lang='lat' dir='ltr'><strong>veneni</strong></span> <span class='ocrx_word' id='word_1_67' title='bbox 1632 1108 1801 1179; x_wconf 87' lang='lat' dir='ltr'><strong>signis</strong></span> 
     </span>
    </p>
   </div>
   <div class='ocr_carea' id='block_1_10' title="bbox 210 1200 1517 1274">
    <p class='ocr_par' dir='ltr' id='par_1_10' title="bbox 210 1200 1517 1274">
     <span class='ocr_line' id='line_1_10' title="bbox 210 1200 1517 1274; baseline -0.005 -16"><span class='ocrx_word' id='word_1_68' title='bbox 210 1205 472 1274; x_wconf 87' lang='lat' dir='ltr'><strong>perdidit,</strong></span> <span class='ocrx_word' id='word_1_69' title='bbox 501 1203 637 1256; x_wconf 87' lang='lat' dir='ltr'><strong>tilios</strong></span> <span class='ocrx_word' id='word_1_70' title='bbox 659 1201 971 1256; x_wconf 87' lang='lat' dir='ltr'><strong>Germanici</strong></span> <span class='ocrx_word' id='word_1_71' title='bbox 1002 1200 1096 1254; x_wconf 85' lang='lat' dir='ltr'><strong>filii</strong></span> <span class='ocrx_word' id='word_1_72' title='bbox 1123 1201 1204 1254; x_wconf 93' lang='lat' dir='ltr'><strong>sui</strong></span> <span class='ocrx_word' id='word_1_73' title='bbox 1228 1200 1517 1254; x_wconf 83' lang='lat' dir='ltr'><strong>interfecit.</strong></span> 
     </span>
    </p>
   </div>
   <div class='ocr_carea' id='block_1_11' title="bbox 286 1288 1801 1364">
    <p class='ocr_par' dir='ltr' id='par_1_11' title="bbox 286 1288 1801 1364">
     <span class='ocr_line' id='line_1_11' title="bbox 286 1288 1801 1364; baseline -0.004 -17"><span class='ocrx_word' id='word_1_74' title='bbox 286 1295 521 1364; x_wconf 78' lang='lat' dir='ltr'><strong>Agrippa</strong></span> <span class='ocrx_word' id='word_1_75' title='bbox 555 1301 910 1362; x_wconf 90' lang='lat' dir='ltr'><strong>cognomento</strong></span> <span class='ocrx_word' id='word_1_76' title='bbox 936 1289 1200 1352; x_wconf 84' lang='lat' dir='ltr'><strong>Herodes,</strong></span> <span class='ocrx_word' id='word_1_77' title='bbox 1246 1288 1382 1343; x_wconf 80' lang='lat' dir='ltr'><strong>filios</strong></span> <span class='ocrx_word' id='word_1_78' title='bbox 1409 1288 1709 1345; x_wconf 88' lang='lat' dir='ltr'><strong>Aristobuli</strong></span> <span class='ocrx_word' id='word_1_79' title='bbox 1742 1289 1801 1342; x_wconf 63' lang='lat' dir='ltr'><strong>li-</strong></span> 
     </span>
    </p>
   </div>
   <div class='ocr_carea' id='block_1_12' title="bbox 213 1379 1803 1450">
    <p class='ocr_par' dir='ltr' id='par_1_12' title="bbox 213 1379 1803 1450">
     <span class='ocr_line' id='line_1_12' title="bbox 213 1379 1803 1450; baseline -0.003 -12"><span class='ocrx_word' id='word_1_80' title='bbox 213 1384 272 1440; x_wconf 89' lang='lat' dir='ltr'><strong>lii</strong></span> <span class='ocrx_word' id='word_1_81' title='bbox 302 1385 532 1439; x_wconf 85' lang='lat' dir='ltr'><strong>Herodis</strong></span> <span class='ocrx_word' id='word_1_82' title='bbox 561 1383 722 1450; x_wconf 89' lang='lat' dir='ltr'><strong>regis,</strong></span> <span class='ocrx_word' id='word_1_83' title='bbox 763 1389 1048 1436; x_wconf 86' lang='lat' dir='ltr'><strong>accusator</strong></span> <span class='ocrx_word' id='word_1_84' title='bbox 1090 1379 1316 1434; x_wconf 88' lang='lat' dir='ltr'><strong>Herodis</strong></span> <span class='ocrx_word' id='word_1_85' title='bbox 1359 1379 1662 1444; x_wconf 69' lang='lat' dir='ltr'><strong>tetrarchae,</strong></span> <span class='ocrx_word' id='word_1_86' title='bbox 1697 1379 1803 1433; x_wconf 90' lang='lat' dir='ltr'><strong>Ro-</strong></span> 
     </span>
    </p>
   </div>
   <div class='ocr_carea' id='block_1_13' title="bbox 215 1467 1800 1544">
    <p class='ocr_par' dir='ltr' id='par_1_13' title="bbox 215 1467 1800 1544">
     <span class='ocr_line' id='line_1_13' title="bbox 215 1467 1800 1544; baseline -0.004 -14"><span class='ocrx_word' id='word_1_87' title='bbox 215 1491 359 1530; x_wconf 87' lang='lat' dir='ltr'><strong>mam</strong></span> <span class='ocrx_word' id='word_1_88' title='bbox 381 1473 676 1544; x_wconf 91' lang='lat' dir='ltr'><strong>profectus,</strong></span> <span class='ocrx_word' id='word_1_89' title='bbox 727 1471 758 1524; x_wconf 74' lang='grc' dir='ltr'><strong>Ξ]</strong></span> <span class='ocrx_word' id='word_1_90' title='bbox 799 1471 1014 1525; x_wconf 88' lang='lat' dir='ltr'><strong>Tiberio</strong></span> <span class='ocrx_word' id='word_1_91' title='bbox 1042 1471 1094 1524; x_wconf 91' lang='lat' dir='ltr'><strong>in</strong></span> <span class='ocrx_word' id='word_1_92' title='bbox 1125 1470 1339 1524; x_wconf 89' lang='lat' dir='ltr'><strong>vincula</strong></span> <span class='ocrx_word' id='word_1_93' title='bbox 1367 1467 1676 1537; x_wconf 82' lang='lat' dir='ltr'><strong>conjicitur,</strong></span> <span class='ocrx_word' id='word_1_94' title='bbox 1710 1470 1800 1524; x_wconf 88' lang='lat' dir='ltr'><strong>ubi</strong></span> 
     </span>
    </p>
   </div>
   <div class='ocr_carea' id='block_1_14' title="bbox 213 1561 1801 1637">
    <p class='ocr_par' dir='ltr' id='par_1_14' title="bbox 213 1561 1801 1637">
     <span class='ocr_line' id='line_1_14' title="bbox 213 1561 1801 1637; baseline -0.003 -17"><span class='ocrx_word' id='word_1_95' title='bbox 213 1567 417 1637; x_wconf 86' lang='lat' dir='ltr'><strong>primos</strong></span> <span class='ocrx_word' id='word_1_96' title='bbox 436 1565 539 1620; x_wconf 88' lang='lat' dir='ltr'><strong>sibi</strong></span> <span class='ocrx_word' id='word_1_97' title='bbox 571 1563 801 1618; x_wconf 82' lang='lat' dir='ltr'><strong>adscivit</strong></span> <span class='ocrx_word' id='word_1_98' title='bbox 829 1561 896 1616; x_wconf 88' lang='lat' dir='ltr'><strong>ad</strong></span> <span class='ocrx_word' id='word_1_99' title='bbox 938 1561 1253 1628; x_wconf 85' lang='lat' dir='ltr'><strong>amicitiam,</strong></span> <span class='ocrx_word' id='word_1_100' title='bbox 1295 1569 1350 1617; x_wconf 84' lang='lat' dir='ltr'><strong>et</strong></span> <span class='ocrx_word' id='word_1_101' title='bbox 1395 1562 1632 1616; x_wconf 79' lang='lat' dir='ltr'><strong>maxime</strong></span> <span class='ocrx_word' id='word_1_102' title='bbox 1669 1561 1801 1617; x_wconf 86' lang='lat' dir='ltr'><strong>Ger-</strong></span> 
     </span>
    </p>
   </div>
   <div class='ocr_carea' id='block_1_15' title="bbox 213 1654 845 1714">
    <p class='ocr_par' dir='ltr' id='par_1_15' title="bbox 213 1654 845 1714">
     <span class='ocr_line' id='line_1_15' title="bbox 213 1654 845 1714; baseline -0.011 0"><span class='ocrx_word' id='word_1_103' title='bbox 213 1657 412 1714; x_wconf 82' lang='lat' dir='ltr'><strong>manici</strong></span> <span class='ocrx_word' id='word_1_104' title='bbox 445 1656 612 1710; x_wconf 81' lang='lat' dir='ltr'><strong>filium</strong></span> <span class='ocrx_word' id='word_1_105' title='bbox 639 1654 845 1710; x_wconf 88' lang='lat' dir='ltr'><strong>Caium.</strong></span> 
     </span>
    </p>
   </div>
   <div class='ocr_carea' id='block_1_16' title="bbox 291 1744 1796 1821">
    <p class='ocr_par' dir='ltr' id='par_1_16' title="bbox 291 1744 1796 1821">
     <span class='ocr_line' id='line_1_16' title="bbox 291 1744 1796 1821; baseline -0.001 -18"><span class='ocrx_word' id='word_1_106' title='bbox 291 1748 406 1821; x_wconf 64' lang='grc'><strong>[40]</strong></span> <span class='ocrx_word' id='word_1_107' title='bbox 446 1748 604 1803; x_wconf 89' lang='lat' dir='ltr'><strong>Caius</strong></span> <span class='ocrx_word' id='word_1_108' title='bbox 639 1753 996 1817; x_wconf 88' lang='lat' dir='ltr'><strong>cognomento</strong></span> <span class='ocrx_word' id='word_1_109' title='bbox 1034 1744 1298 1815; x_wconf 78' lang='lat' dir='ltr'><strong>Caligula,</strong></span> <span class='ocrx_word' id='word_1_110' title='bbox 1341 1745 1587 1816; x_wconf 81' lang='lat' dir='ltr'><strong>regnavit</strong></span> <span class='ocrx_word' id='word_1_111' title='bbox 1627 1759 1796 1802; x_wconf 86' lang='lat' dir='ltr'><strong>annos</strong></span> 
     </span>
    </p>
   </div>
   <div class='ocr_carea' id='block_1_17' title="bbox 1906 565 3473 638">
    <p class='ocr_par' dir='ltr' id='par_1_17' title="bbox 1906 565 3473 638">
     <span class='ocr_line' id='line_1_17' title="bbox 1906 565 3473 638; baseline 0.004 -19"><span class='ocrx_word' id='word_1_112' title='bbox 1906 565 2150 620; x_wconf 91' lang='lat' dir='ltr'><strong>thedram</strong></span> <span class='ocrx_word' id='word_1_113' title='bbox 2187 568 2356 622; x_wconf 90' lang='lat' dir='ltr'><strong>tenuit</strong></span> <span class='ocrx_word' id='word_1_114' title='bbox 2391 567 2772 637; x_wconf 88' lang='lat' dir='ltr'><strong>episcopalem,</strong></span> <span class='ocrx_word' id='word_1_115' title='bbox 2807 567 2860 622; x_wconf 91' lang='lat' dir='ltr'><strong>id</strong></span> <span class='ocrx_word' id='word_1_116' title='bbox 2901 577 3006 632; x_wconf 89' lang='lat' dir='ltr'><strong>est,</strong></span> <span class='ocrx_word' id='word_1_117' title='bbox 3037 584 3206 638; x_wconf 90' lang='lat' dir='ltr'><strong>usque</strong></span> <span class='ocrx_word' id='word_1_118' title='bbox 3241 571 3308 624; x_wconf 88' lang='lat' dir='ltr'><strong>ad</strong></span> <span class='ocrx_word' id='word_1_119' title='bbox 3349 571 3473 627; x_wconf 87' lang='lat' dir='ltr'><strong>ulti-</strong></span> 
     </span>
    </p>
   </div>
   <div class='ocr_carea' id='block_1_18' title="bbox 1904 656 3474 734">
    <p class='ocr_par' dir='ltr' id='par_1_18' title="bbox 1904 656 3474 734">
     <span class='ocr_line' id='line_1_18' title="bbox 1904 656 3474 734; baseline 0.006 -26"><span class='ocrx_word' id='word_1_120' title='bbox 1904 670 2050 708; x_wconf 88' lang='lat' dir='ltr'><strong>mutn</strong></span> <span class='ocrx_word' id='word_1_121' title='bbox 2084 656 2311 711; x_wconf 87' lang='lat' dir='ltr'><strong>Neronis</strong></span> <span class='ocrx_word' id='word_1_122' title='bbox 2348 672 2568 711; x_wconf 90' lang='lat' dir='ltr'><strong>annum.</strong></span> <span class='ocrx_word' id='word_1_123' title='bbox 2605 656 2814 712; x_wconf 78' lang='lat' dir='ltr'><strong>Marcus</strong></span> <span class='ocrx_word' id='word_1_124' title='bbox 2850 659 3178 727; x_wconf 80' lang='lat' dir='ltr'><strong>evangelista</strong></span> <span class='ocrx_word' id='word_1_125' title='bbox 3229 661 3474 734; x_wconf 86' lang='lat' dir='ltr'><strong>Evange-</strong></span> 
     </span>
    </p>
   </div>
   <div class='ocr_carea' id='block_1_19' title="bbox 1904 744 3468 821">
    <p class='ocr_par' dir='ltr' id='par_1_19' title="bbox 1904 744 3468 821">
     <span class='ocr_line' id='line_1_19' title="bbox 1904 744 3468 821; baseline 0.007 -25"><span class='ocrx_word' id='word_1_126' title='bbox 1904 744 2056 808; x_wconf 92' lang='lat' dir='ltr'><strong>lium,</strong></span> <span class='ocrx_word' id='word_1_127' title='bbox 2080 747 2220 815; x_wconf 89' lang='lat' dir='ltr'><strong>quod</strong></span> <span class='ocrx_word' id='word_1_128' title='bbox 2235 746 2416 802; x_wconf 73' lang='lat' dir='ltr'><strong>Romtn</strong></span> <span class='ocrx_word' id='word_1_129' title='bbox 2429 749 2740 816; x_wconf 87' lang='lat' dir='ltr'><strong>scripserat,</strong></span> <span class='ocrx_word' id='word_1_130' title='bbox 2763 749 2922 803; x_wconf 88' lang='lat' dir='ltr'><strong>Petro</strong></span> <span class='ocrx_word' id='word_1_131' title='bbox 2945 751 3211 816; x_wconf 89' lang='lat' dir='ltr'><strong>mittente,</strong></span> <span class='ocrx_word' id='word_1_132' title='bbox 3237 751 3468 821; x_wconf 90' lang='lat' dir='ltr'><strong>primum</strong></span> 
     </span>
    </p>
   </div>
   <div class='ocr_carea' id='block_1_20' title="bbox 1901 831 3474 907">
    <p class='ocr_par' dir='ltr' id='par_1_20' title="bbox 1901 831 3474 907">
     <span class='ocr_line' id='line_1_20' title="bbox 1901 831 3474 907; baseline 0.006 -23"><span class='ocrx_word' id='word_1_133' title='bbox 1901 831 2158 901; x_wconf 74' lang='lat' dir='ltr'><strong>Aquileia:</strong></span> <span class='ocrx_word' id='word_1_134' title='bbox 2183 835 2512 903; x_wconf 64' lang='lat' dir='ltr'><strong>praadicavit.</strong></span> <span class='ocrx_word' id='word_1_135' title='bbox 2541 835 2721 904; x_wconf 89' lang='lat' dir='ltr'><strong>Ibique</strong></span> <span class='ocrx_word' id='word_1_136' title='bbox 2753 836 3001 891; x_wconf 89' lang='lat' dir='ltr'><strong>ordinato</strong></span> <span class='ocrx_word' id='word_1_137' title='bbox 3030 836 3352 907; x_wconf 88' lang='lat' dir='ltr'><strong>Hermagora</strong></span> <span class='ocrx_word' id='word_1_138' title='bbox 3393 841 3474 894; x_wconf 86' lang='lat' dir='ltr'><strong>di-</strong></span> 
     </span>
    </p>
   </div>
   <div class='ocr_carea' id='block_1_21' title="bbox 1901 921 3478 998">
    <p class='ocr_par' dir='ltr' id='par_1_21' title="bbox 1901 921 3478 998">
     <span class='ocr_line' id='line_1_21' title="bbox 1901 921 3478 998; baseline 0.006 -22"><span class='ocrx_word' id='word_1_139' title='bbox 1901 921 2105 991; x_wconf 88' lang='lat' dir='ltr'><strong>scipulo</strong></span> <span class='ocrx_word' id='word_1_140' title='bbox 2125 939 2244 990; x_wconf 91' lang='lat' dir='ltr'><strong>suo,</strong></span> <span class='ocrx_word' id='word_1_141' title='bbox 2267 925 2332 978; x_wconf 91' lang='lat' dir='ltr'><strong>ad</strong></span> <span class='ocrx_word' id='word_1_142' title='bbox 2349 924 2640 994; x_wconf 65' lang='lat' dir='ltr'><strong>.Egyptnm</strong></span> <span class='ocrx_word' id='word_1_143' title='bbox 2666 927 2938 994; x_wconf 86' lang='lat' dir='ltr'><strong>pervenit;</strong></span> <span class='ocrx_word' id='word_1_144' title='bbox 2965 927 3378 998; x_wconf 91' lang='lat' dir='ltr'><strong>constitutisque</strong></span> <span class='ocrx_word' id='word_1_145' title='bbox 3398 941 3478 985; x_wconf 88' lang='lat' dir='ltr'><strong>at-</strong></span> 
     </span>
    </p>
   </div>
   <div class='ocr_carea' id='block_1_22' title="bbox 1901 1015 3474 1089">
    <p class='ocr_par' dir='ltr' id='par_1_22' title="bbox 1901 1015 3474 1089">
     <span class='ocr_line' id='line_1_22' title="bbox 1901 1015 3474 1089; baseline 0.006 -23"><span class='ocrx_word' id='word_1_146' title='bbox 1901 1028 2008 1083; x_wconf 91' lang='lat' dir='ltr'><strong>que</strong></span> <span class='ocrx_word' id='word_1_147' title='bbox 2037 1015 2368 1071; x_wconf 79' lang='lat' dir='ltr'><strong>confirmatis</strong></span> <span class='ocrx_word' id='word_1_148' title='bbox 2396 1017 2648 1071; x_wconf 83' lang='lat' dir='ltr'><strong>Eeclesiis</strong></span> <span class='ocrx_word' id='word_1_149' title='bbox 2670 1033 2766 1087; x_wconf 89' lang='lat' dir='ltr'><strong>per</strong></span> <span class='ocrx_word' id='word_1_150' title='bbox 2796 1017 3044 1089; x_wconf 85' lang='lat' dir='ltr'><strong>Libyam,</strong></span> <span class='ocrx_word' id='word_1_151' title='bbox 3080 1019 3474 1086; x_wconf 82' lang='lat' dir='ltr'><strong>Marmaricam,</strong></span> 
     </span>
    </p>
   </div>
   <div class='ocr_carea' id='block_1_23' title="bbox 1901 1105 3479 1182">
    <p class='ocr_par' dir='ltr' id='par_1_23' title="bbox 1901 1105 3479 1182">
     <span class='ocr_line' id='line_1_23' title="bbox 1901 1105 3479 1182; baseline 0.005 -23"><span class='ocrx_word' id='word_1_152' title='bbox 1901 1105 2344 1172; x_wconf 91' lang='lat' dir='ltr'><strong>Ammoniacam,</strong></span> <span class='ocrx_word' id='word_1_153' title='bbox 2413 1107 2782 1178; x_wconf 87' lang='lat' dir='ltr'><strong>Pentapolim,</strong></span> <span class='ocrx_word' id='word_1_154' title='bbox 2839 1109 3252 1178; x_wconf 78' lang='lat' dir='ltr'><strong>Alexandriam,</strong></span> <span class='ocrx_word' id='word_1_155' title='bbox 3318 1123 3479 1182; x_wconf 88' lang='lat' dir='ltr'><strong>atque</strong></span> 
     </span>
    </p>
   </div>
   <div class='ocr_carea' id='block_1_24' title="bbox 1900 1199 3478 1277">
    <p class='ocr_par' dir='ltr' id='par_1_24' title="bbox 1900 1199 3478 1277">
     <span class='ocr_line' id='line_1_24' title="bbox 1900 1199 3478 1277; baseline 0.004 -23"><span class='ocrx_word' id='word_1_156' title='bbox 1900 1199 2194 1271; x_wconf 67' lang='lat' dir='ltr'><strong>Egyptum</strong></span> <span class='ocrx_word' id='word_1_157' title='bbox 2225 1203 2551 1267; x_wconf 90' lang='lat' dir='ltr'><strong>universam,</strong></span> <span class='ocrx_word' id='word_1_158' title='bbox 2577 1205 2644 1257; x_wconf 89' lang='lat' dir='ltr'><strong>ad</strong></span> <span class='ocrx_word' id='word_1_159' title='bbox 2673 1203 2920 1258; x_wconf 91' lang='lat' dir='ltr'><strong>ultimum</strong></span> <span class='ocrx_word' id='word_1_160' title='bbox 2950 1212 3159 1276; x_wconf 89' lang='lat' dir='ltr'><strong>tempus</strong></span> <span class='ocrx_word' id='word_1_161' title='bbox 3188 1221 3218 1259; x_wconf 89' lang='lat' dir='ltr'><strong>a</strong></span> <span class='ocrx_word' id='word_1_162' title='bbox 3251 1208 3478 1277; x_wconf 86' lang='lat' dir='ltr'><strong>paganis</strong></span> 
     </span>
    </p>
   </div>
   <div class='ocr_carea' id='block_1_25' title="bbox 1898 1290 3476 1364">
    <p class='ocr_par' dir='ltr' id='par_1_25' title="bbox 1898 1290 3476 1364">
     <span class='ocr_line' id='line_1_25' title="bbox 1898 1290 3476 1364; baseline 0.005 -20"><span class='ocrx_word' id='word_1_163' title='bbox 1898 1290 2234 1346; x_wconf 75' lang='lat' dir='ltr'><strong>Alexandria:</strong></span> <span class='ocrx_word' id='word_1_164' title='bbox 2263 1293 2579 1363; x_wconf 83' lang='lat' dir='ltr'><strong>martyrium</strong></span> <span class='ocrx_word' id='word_1_165' title='bbox 2607 1309 2761 1348; x_wconf 90' lang='lat' dir='ltr'><strong>suum</strong></span> <span class='ocrx_word' id='word_1_166' title='bbox 2800 1295 3105 1364; x_wconf 88' lang='lat' dir='ltr'><strong>complevit.</strong></span> <span class='ocrx_word' id='word_1_167' title='bbox 3145 1295 3342 1352; x_wconf 84' lang='lat' dir='ltr'><strong>Furius</strong></span> <span class='ocrx_word' id='word_1_168' title='bbox 3369 1297 3476 1352; x_wconf 89' lang='lat' dir='ltr'><strong>Ca-</strong></span> 
     </span>
    </p>
   </div>
   <div class='ocr_carea' id='block_1_26' title="bbox 1899 1379 3479 1454">
    <p class='ocr_par' dir='ltr' id='par_1_26' title="bbox 1899 1379 3479 1454">
     <span class='ocr_line' id='line_1_26' title="bbox 1899 1379 3479 1454; baseline 0.006 -22"><span class='ocrx_word' id='word_1_169' title='bbox 1899 1379 2078 1434; x_wconf 88' lang='lat' dir='ltr'><strong>millus</strong></span> <span class='ocrx_word' id='word_1_170' title='bbox 2107 1380 2493 1438; x_wconf 81' lang='lat' dir='ltr'><strong>Scribonianus</strong></span> <span class='ocrx_word' id='word_1_171' title='bbox 2512 1382 2790 1438; x_wconf 70' lang='lat' dir='ltr'><strong>Dalmatia:</strong></span> <span class='ocrx_word' id='word_1_172' title='bbox 2810 1382 3039 1454; x_wconf 89' lang='lat' dir='ltr'><strong>legatus,</strong></span> <span class='ocrx_word' id='word_1_173' title='bbox 3077 1385 3276 1440; x_wconf 90' lang='lat' dir='ltr'><strong>bellum</strong></span> <span class='ocrx_word' id='word_1_174' title='bbox 3321 1386 3479 1442; x_wconf 88' lang='lat' dir='ltr'><strong>civile</strong></span> 
     </span>
    </p>
   </div>
   <div class='ocr_carea' id='block_1_27' title="bbox 1901 1471 3473 1545">
    <p class='ocr_par' dir='ltr' id='par_1_27' title="bbox 1901 1471 3473 1545">
     <span class='ocr_line' id='line_1_27' title="bbox 1901 1471 3473 1545; baseline 0.004 -20"><span class='ocrx_word' id='word_1_175' title='bbox 1901 1471 2139 1536; x_wconf 89' lang='lat' dir='ltr'><strong>molitus,</strong></span> <span class='ocrx_word' id='word_1_176' title='bbox 2171 1471 2411 1542; x_wconf 89' lang='lat' dir='ltr'><strong>legiones</strong></span> <span class='ocrx_word' id='word_1_177' title='bbox 2435 1473 2635 1528; x_wconf 91' lang='lat' dir='ltr'><strong>multas</strong></span> <span class='ocrx_word' id='word_1_178' title='bbox 2685 1473 3118 1545; x_wconf 91' lang='lat' dir='ltr'><strong>fortissimasque</strong></span> <span class='ocrx_word' id='word_1_179' title='bbox 3167 1477 3237 1530; x_wconf 93' lang='lat' dir='ltr'><strong>ad</strong></span> <span class='ocrx_word' id='word_1_180' title='bbox 3293 1490 3473 1531; x_wconf 72' lang='lat' dir='ltr'><strong>sacra-</strong></span> 
     </span>
    </p>
   </div>
   <div class='ocr_carea' id='block_1_28' title="bbox 1900 1563 3477 1634">
    <p class='ocr_par' dir='ltr' id='par_1_28' title="bbox 1900 1563 3477 1634">
     <span class='ocr_line' id='line_1_28' title="bbox 1900 1563 3477 1634; baseline 0.006 -21"><span class='ocrx_word' id='word_1_181' title='bbox 1900 1563 2068 1614; x_wconf 88' lang='lat' dir='ltr'><strong>menti</strong></span> <span class='ocrx_word' id='word_1_182' title='bbox 2097 1563 2450 1617; x_wconf 88' lang='lat' dir='ltr'><strong>mutationem</strong></span> <span class='ocrx_word' id='word_1_183' title='bbox 2479 1563 2790 1632; x_wconf 90' lang='lat' dir='ltr'><strong>pellexerat.</strong></span> <span class='ocrx_word' id='word_1_184' title='bbox 2820 1565 3004 1634; x_wconf 85' lang='lat' dir='ltr'><strong>Itaque</strong></span> <span class='ocrx_word' id='word_1_185' title='bbox 3048 1567 3135 1621; x_wconf 89' lang='lat' dir='ltr'><strong>die</strong></span> <span class='ocrx_word' id='word_1_186' title='bbox 3181 1565 3308 1621; x_wconf 73' lang='lat' dir='ltr'><strong>datb</strong></span> <span class='ocrx_word' id='word_1_187' title='bbox 3337 1576 3396 1621; x_wconf 93' lang='lat' dir='ltr'><strong>ut</strong></span> <span class='ocrx_word' id='word_1_188' title='bbox 3423 1567 3477 1622; x_wconf 92' lang='lat' dir='ltr'><strong>in</strong></span> 
     </span>
    </p>
   </div>
   <div class='ocr_carea' id='block_1_29' title="bbox 1898 1651 3476 1724">
    <p class='ocr_par' dir='ltr' id='par_1_29' title="bbox 1898 1651 3476 1724">
     <span class='ocr_line' id='line_1_29' title="bbox 1898 1651 3476 1724; baseline 0.004 -20"><span class='ocrx_word' id='word_1_189' title='bbox 1898 1666 2062 1704; x_wconf 90' lang='lat' dir='ltr'><strong>unum</strong></span> <span class='ocrx_word' id='word_1_190' title='bbox 2090 1652 2326 1720; x_wconf 90' lang='lat' dir='ltr'><strong>undique</strong></span> <span class='ocrx_word' id='word_1_191' title='bbox 2350 1651 2417 1706; x_wconf 88' lang='lat' dir='ltr'><strong>ad</strong></span> <span class='ocrx_word' id='word_1_192' title='bbox 2443 1668 2637 1707; x_wconf 90' lang='lat' dir='ltr'><strong>novum</strong></span> <span class='ocrx_word' id='word_1_193' title='bbox 2667 1653 3049 1724; x_wconf 87' lang='lat' dir='ltr'><strong>imperatorem</strong></span> <span class='ocrx_word' id='word_1_194' title='bbox 3072 1656 3476 1721; x_wconf 87' lang='lat' dir='ltr'><strong>conveniretur,</strong></span> 
     </span>
    </p>
   </div>
   <div class='ocr_carea' id='block_1_30' title="bbox 1899 1743 3478 1816">
    <p class='ocr_par' dir='ltr' id='par_1_30' title="bbox 1899 1743 3478 1816">
     <span class='ocr_line' id='line_1_30' title="bbox 1899 1743 3478 1816; baseline 0.003 -18"><span class='ocrx_word' id='word_1_195' title='bbox 1899 1758 2071 1813; x_wconf 89' lang='lat' dir='ltr'><strong>neque</strong></span> <span class='ocrx_word' id='word_1_196' title='bbox 2094 1743 2288 1814; x_wconf 67' lang='lat' dir='ltr'><strong>aquilze</strong></span> <span class='ocrx_word' id='word_1_197' title='bbox 2313 1745 2574 1810; x_wconf 89' lang='lat' dir='ltr'><strong>ordinari,</strong></span> <span class='ocrx_word' id='word_1_198' title='bbox 2597 1759 2771 1815; x_wconf 90' lang='lat' dir='ltr'><strong>neque</strong></span> <span class='ocrx_word' id='word_1_199' title='bbox 2800 1745 3028 1800; x_wconf 88' lang='lat' dir='ltr'><strong>convelli</strong></span> <span class='ocrx_word' id='word_1_200' title='bbox 3075 1761 3292 1816; x_wconf 90' lang='lat' dir='ltr'><strong>quoquo</strong></span> <span class='ocrx_word' id='word_1_201' title='bbox 3319 1747 3478 1802; x_wconf 91' lang='lat' dir='ltr'><strong>modo</strong></span> 
     </span>
    </p>
   </div>
   <div class='ocr_carea' id='block_1_31' title="bbox 221 1825 3478 1904">
    <p class='ocr_par' dir='ltr' id='par_1_31' title="bbox 221 1825 3478 1904">
     <span class='ocr_line' id='line_1_31' title="bbox 221 1825 3478 1904; baseline -0.002 -9"><span class='ocrx_word' id='word_1_202' title='bbox 221 1849 352 1904; x_wconf 90' lang='lat' dir='ltr'><strong>tres,</strong></span> <span class='ocrx_word' id='word_1_203' title='bbox 388 1854 599 1894; x_wconf 88' lang='lat' dir='ltr'><strong>menses</strong></span> <span class='ocrx_word' id='word_1_204' title='bbox 627 1840 840 1902; x_wconf 89' lang='lat' dir='ltr'><strong>decem,</strong></span> <span class='ocrx_word' id='word_1_205' title='bbox 865 1837 981 1892; x_wconf 85' lang='lat' dir='ltr'><strong>dies</strong></span> <span class='ocrx_word' id='word_1_206' title='bbox 1016 1846 1176 1892; x_wconf 88' lang='lat' dir='ltr'><strong>octo:</strong></span> <span class='ocrx_word' id='word_1_207' title='bbox 1216 1838 1377 1892; x_wconf 93' lang='lat' dir='ltr'><strong>homo</strong></span> <span class='ocrx_word' id='word_1_208' title='bbox 1401 1837 1641 1892; x_wconf 90' lang='lat' dir='ltr'><strong>omnium</strong></span> <span class='ocrx_word' id='word_1_209' title='bbox 1673 1849 1797 1892; x_wconf 86' lang='lat' dir='ltr'><strong>ante</strong></span> <span class='ocrx_word' id='word_1_210' title='bbox 1826 1825 1872 1886; x_wconf 84' lang='grc' dir='ltr'><strong>Β</strong></span> <span class='ocrx_word' id='word_1_211' title='bbox 1899 1833 2052 1904; x_wconf 89' lang='lat' dir='ltr'><strong>signa</strong></span> <span class='ocrx_word' id='word_1_212' title='bbox 2080 1833 2350 1888; x_wconf 87' lang='lat' dir='ltr'><strong>moverivc</strong></span> <span class='ocrx_word' id='word_1_213' title='bbox 2379 1843 2667 1903; x_wconf 84' lang='lat' dir='ltr'><strong>potuerunt</strong></span> <span class='ocrx_word' id='word_1_214' title='bbox 2693 1835 2997 1901; x_wconf 87' lang='lat' dir='ltr'><strong>exercitus;</strong></span> <span class='ocrx_word' id='word_1_215' title='bbox 3047 1835 3182 1890; x_wconf 90' lang='lat' dir='ltr'><strong>tanti</strong></span> <span class='ocrx_word' id='word_1_216' title='bbox 3209 1845 3266 1892; x_wconf 92' lang='lat' dir='ltr'><strong>et</strong></span> <span class='ocrx_word' id='word_1_217' title='bbox 3299 1836 3478 1891; x_wconf 84' lang='lat' dir='ltr'><strong>minus</strong></span> 
     </span>
    </p>
   </div>
   <div class='ocr_carea' id='block_1_32' title="bbox 212 1929 1798 2001">
    <p class='ocr_par' dir='ltr' id='par_1_32' title="bbox 212 1929 1798 2001">
     <span class='ocr_line' id='line_1_32' title="bbox 212 1929 1798 2001; baseline -0.001 -15"><span class='ocrx_word' id='word_1_218' title='bbox 212 1947 272 1987; x_wconf 88' lang='lat' dir='ltr'><strong>se</strong></span> <span class='ocrx_word' id='word_1_219' title='bbox 304 1930 775 2001; x_wconf 81' lang='lat' dir='ltr'><strong>ﬂagitiosissimus,</strong></span> <span class='ocrx_word' id='word_1_220' title='bbox 806 1937 862 1984; x_wconf 93' lang='lat' dir='ltr'><strong>et</strong></span> <span class='ocrx_word' id='word_1_221' title='bbox 885 1929 976 1998; x_wconf 90' lang='lat' dir='ltr'><strong>qui</strong></span> <span class='ocrx_word' id='word_1_222' title='bbox 1012 1944 1136 1984; x_wconf 88' lang='lat' dir='ltr'><strong>vere</strong></span> <span class='ocrx_word' id='word_1_223' title='bbox 1171 1929 1364 2000; x_wconf 91' lang='lat' dir='ltr'><strong>dignus</strong></span> <span class='ocrx_word' id='word_1_224' title='bbox 1401 1929 1658 1985; x_wconf 81' lang='lat' dir='ltr'><strong>Romanis</strong></span> <span class='ocrx_word' id='word_1_225' title='bbox 1686 1931 1798 1984; x_wconf 84' lang='lat' dir='ltr'><strong>bla-</strong></span> 
     </span>
    </p>
   </div>
   <div class='ocr_carea' id='block_1_33' title="bbox 213 2019 1799 2094">
    <p class='ocr_par' dir='ltr' id='par_1_33' title="bbox 213 2019 1799 2094">
     <span class='ocr_line' id='line_1_33' title="bbox 213 2019 1799 2094; baseline -0.001 -17"><span class='ocrx_word' id='word_1_226' title='bbox 213 2021 645 2094; x_wconf 87' lang='lat' dir='ltr'><strong>sphemantibns,</strong></span> <span class='ocrx_word' id='word_1_227' title='bbox 675 2029 732 2076; x_wconf 91' lang='lat' dir='ltr'><strong>et</strong></span> <span class='ocrx_word' id='word_1_228' title='bbox 755 2019 954 2076; x_wconf 69' lang='lat' dir='ltr'><strong>Iudaeis</strong></span> <span class='ocrx_word' id='word_1_229' title='bbox 989 2021 1428 2090; x_wconf 89' lang='lat' dir='ltr'><strong>persecutoribus</strong></span> <span class='ocrx_word' id='word_1_230' title='bbox 1461 2022 1678 2091; x_wconf 87' lang='lat' dir='ltr'><strong>punitor</strong></span> <span class='ocrx_word' id='word_1_231' title='bbox 1705 2023 1799 2076; x_wconf 90' lang='lat' dir='ltr'><strong>ad-</strong></span> 
     </span>
    </p>
   </div>
   <div class='ocr_carea' id='block_1_34' title="bbox 215 2113 738 2168">
    <p class='ocr_par' dir='ltr' id='par_1_34' title="bbox 215 2113 738 2168">
     <span class='ocr_line' id='line_1_34' title="bbox 215 2113 738 2168; baseline -0.006 0"><span class='ocrx_word' id='word_1_232' title='bbox 215 2113 418 2168; x_wconf 76' lang='lat' dir='ltr'><strong>hibitus</strong></span> <span class='ocrx_word' id='word_1_233' title='bbox 441 2113 738 2166; x_wconf 88' lang='lat' dir='ltr'><strong>videretur.</strong></span> 
     </span>
    </p>
   </div>
   <div class='ocr_carea' id='block_1_35' title="bbox 283 2200 1798 2274">
    <p class='ocr_par' dir='ltr' id='par_1_35' title="bbox 283 2200 1798 2274">
     <span class='ocr_line' id='line_1_35' title="bbox 283 2200 1798 2274; baseline 0.001 -16"><span class='ocrx_word' id='word_1_234' title='bbox 283 2202 383 2258; x_wconf 88' lang='lat' dir='ltr'><strong>Hic</strong></span> <span class='ocrx_word' id='word_1_235' title='bbox 405 2202 742 2258; x_wconf 80' lang='lat' dir='ltr'><strong>exclamasse</strong></span> <span class='ocrx_word' id='word_1_236' title='bbox 768 2200 976 2257; x_wconf 89' lang='lat' dir='ltr'><strong>fertur:</strong></span> <span class='ocrx_word' id='word_1_237' title='bbox 1010 2201 1227 2258; x_wconf 86' lang='lat' dir='ltr'><strong>Utinam</strong></span> <span class='ocrx_word' id='word_1_238' title='bbox 1259 2203 1488 2274; x_wconf 89' lang='lat' dir='ltr'><strong>populus</strong></span> <span class='ocrx_word' id='word_1_239' title='bbox 1521 2203 1798 2260; x_wconf 89' lang='lat' dir='ltr'><strong>Romanus</strong></span> 
     </span>
    </p>
   </div>
   <div class='ocr_carea' id='block_1_36' title="bbox 215 2292 1797 2364">
    <p class='ocr_par' dir='ltr' id='par_1_36' title="bbox 215 2292 1797 2364">
     <span class='ocr_line' id='line_1_36' title="bbox 215 2292 1797 2364; baseline 0.001 -17"><span class='ocrx_word' id='word_1_240' title='bbox 215 2307 374 2348; x_wconf 88' lang='lat' dir='ltr'><strong>unam</strong></span> <span class='ocrx_word' id='word_1_241' title='bbox 451 2293 720 2348; x_wconf 89' lang='lat' dir='ltr'><strong>cervicem</strong></span> <span class='ocrx_word' id='word_1_242' title='bbox 782 2292 1047 2348; x_wconf 84' lang='lat' dir='ltr'><strong>haberet!</strong></span> <span class='ocrx_word' id='word_1_243' title='bbox 1102 2292 1272 2348; x_wconf 66' lang='lat' dir='ltr'><strong>Judaei</strong></span> <span class='ocrx_word' id='word_1_244' title='bbox 1361 2294 1502 2364; x_wconf 90' lang='lat' dir='ltr'><strong>apud</strong></span> <span class='ocrx_word' id='word_1_245' title='bbox 1561 2294 1797 2349; x_wconf 80' lang='lat' dir='ltr'><strong>Alexan-</strong></span> 
     </span>
    </p>
   </div>
   <div class='ocr_carea' id='block_1_37' title="bbox 215 2382 1797 2455">
    <p class='ocr_par' dir='ltr' id='par_1_37' title="bbox 215 2382 1797 2455">
     <span class='ocr_line' id='line_1_37' title="bbox 215 2382 1797 2455; baseline 0.002 -17"><span class='ocrx_word' id='word_1_246' title='bbox 215 2383 385 2438; x_wconf 90' lang='lat' dir='ltr'><strong>driam</strong></span> <span class='ocrx_word' id='word_1_247' title='bbox 415 2384 681 2439; x_wconf 88' lang='lat' dir='ltr'><strong>seditione</strong></span> <span class='ocrx_word' id='word_1_248' title='bbox 719 2384 951 2439; x_wconf 88' lang='lat' dir='ltr'><strong>excitata</strong></span> <span class='ocrx_word' id='word_1_249' title='bbox 990 2382 1255 2455; x_wconf 85' lang='lat' dir='ltr'><strong>proﬂigati</strong></span> <span class='ocrx_word' id='word_1_250' title='bbox 1303 2387 1430 2440; x_wconf 91' lang='lat' dir='ltr'><strong>sede</strong></span> <span class='ocrx_word' id='word_1_251' title='bbox 1474 2393 1636 2455; x_wconf 89' lang='lat' dir='ltr'><strong>atque</strong></span> <span class='ocrx_word' id='word_1_252' title='bbox 1664 2387 1797 2441; x_wconf 87' lang='lat' dir='ltr'><strong>urbe</strong></span> 
     </span>
    </p>
   </div>
   <div class='ocr_carea' id='block_1_38' title="bbox 215 2474 1796 2544">
    <p class='ocr_par' dir='ltr' id='par_1_38' title="bbox 215 2474 1796 2544">
     <span class='ocr_line' id='line_1_38' title="bbox 215 2474 1796 2544; baseline 0.003 -16"><span class='ocrx_word' id='word_1_253' title='bbox 215 2474 378 2544; x_wconf 88' lang='lat' dir='ltr'><strong>pulsi,</strong></span> <span class='ocrx_word' id='word_1_254' title='bbox 415 2475 902 2544; x_wconf 85' lang='lat' dir='ltr'><strong>expromendarum</strong></span> <span class='ocrx_word' id='word_1_255' title='bbox 929 2475 1280 2544; x_wconf 90' lang='lat' dir='ltr'><strong>querelarum</strong></span> <span class='ocrx_word' id='word_1_256' title='bbox 1306 2491 1492 2541; x_wconf 86' lang='lat' dir='ltr'><strong>causa,</strong></span> <span class='ocrx_word' id='word_1_257' title='bbox 1518 2476 1796 2532; x_wconf 84' lang='lat' dir='ltr'><strong>Philonem</strong></span> 
     </span>
    </p>
   </div>
   <div class='ocr_carea' id='block_1_39' title="bbox 222 2565 1795 2638">
    <p class='ocr_par' dir='ltr' id='par_1_39' title="bbox 222 2565 1795 2638">
     <span class='ocr_line' id='line_1_39' title="bbox 222 2565 1795 2638; baseline 0.003 -20"><span class='ocrx_word' id='word_1_258' title='bbox 222 2565 534 2634; x_wconf 82' lang='lat' dir='ltr'><strong>quemdam,</strong></span> <span class='ocrx_word' id='word_1_259' title='bbox 559 2567 734 2620; x_wconf 90' lang='lat' dir='ltr'><strong>virum</strong></span> <span class='ocrx_word' id='word_1_260' title='bbox 774 2581 909 2622; x_wconf 86' lang='lat' dir='ltr'><strong>sane</strong></span> <span class='ocrx_word' id='word_1_261' title='bbox 943 2567 1211 2637; x_wconf 83' lang='lat' dir='ltr'><strong>imprimis</strong></span> <span class='ocrx_word' id='word_1_262' title='bbox 1235 2568 1530 2631; x_wconf 89' lang='lat' dir='ltr'><strong>eruditum,</strong></span> <span class='ocrx_word' id='word_1_263' title='bbox 1564 2568 1795 2638; x_wconf 89' lang='lat' dir='ltr'><strong>legatum</strong></span> 
     </span>
    </p>
   </div>
   <div class='ocr_carea' id='block_1_40' title="bbox 229 2655 1797 2729">
    <p class='ocr_par' dir='ltr' id='par_1_40' title="bbox 229 2655 1797 2729">
     <span class='ocr_line' id='line_1_40' title="bbox 229 2655 1797 2729; baseline 0.003 -19"><span class='ocrx_word' id='word_1_264' title='bbox 229 2655 298 2710; x_wconf 84' lang='lat' dir='ltr'><strong>ad</strong></span> <span class='ocrx_word' id='word_1_265' title='bbox 323 2655 586 2711; x_wconf 67' lang='lat' dir='ltr'><strong>Cresarem</strong></span> <span class='ocrx_word' id='word_1_266' title='bbox 617 2658 868 2722; x_wconf 85' lang='lat' dir='ltr'><strong>mittunt;</strong></span> <span class='ocrx_word' id='word_1_267' title='bbox 899 2659 994 2712; x_wconf 90' lang='lat' dir='ltr'><strong>sed</strong></span> <span class='ocrx_word' id='word_1_268' title='bbox 1022 2658 1261 2729; x_wconf 88' lang='lat' dir='ltr'><strong>Caligula</strong></span> <span class='ocrx_word' id='word_1_269' title='bbox 1290 2657 1490 2714; x_wconf 69' lang='lat' dir='ltr'><strong>Judaeis</strong></span> <span class='ocrx_word' id='word_1_270' title='bbox 1512 2659 1797 2714; x_wconf 88' lang='lat' dir='ltr'><strong>infestissi-</strong></span> 
     </span>
    </p>
   </div>
   <div class='ocr_carea' id='block_1_41' title="bbox 223 2747 1796 2819">
    <p class='ocr_par' dir='ltr' id='par_1_41' title="bbox 223 2747 1796 2819">
     <span class='ocr_line' id='line_1_41' title="bbox 223 2747 1796 2819; baseline 0.001 -17"><span class='ocrx_word' id='word_1_271' title='bbox 223 2762 366 2812; x_wconf 87' lang='lat' dir='ltr'><strong>mus,</strong></span> <span class='ocrx_word' id='word_1_272' title='bbox 385 2758 561 2818; x_wconf 85' lang='lat' dir='ltr'><strong>spreta</strong></span> <span class='ocrx_word' id='word_1_273' title='bbox 580 2747 844 2819; x_wconf 87' lang='lat' dir='ltr'><strong>legatione</strong></span> <span class='ocrx_word' id='word_1_274' title='bbox 867 2749 1130 2814; x_wconf 86' lang='lat' dir='ltr'><strong>Philonis,</strong></span> <span class='ocrx_word' id='word_1_275' title='bbox 1164 2765 1355 2805; x_wconf 91' lang='lat' dir='ltr'><strong>omnes</strong></span> <span class='ocrx_word' id='word_1_276' title='bbox 1379 2749 1686 2804; x_wconf 80' lang='lat' dir='ltr'><strong>Judaeornm</strong></span> <span class='ocrx_word' id='word_1_277' title='bbox 1709 2766 1796 2804; x_wconf 89' lang='lat' dir='ltr'><strong>sa-</strong></span> 
     </span>
    </p>
   </div>
   <div class='ocr_carea' id='block_1_42' title="bbox 218 2840 1796 2912">
    <p class='ocr_par' dir='ltr' id='par_1_42' title="bbox 218 2840 1796 2912">
     <span class='ocr_line' id='line_1_42' title="bbox 218 2840 1796 2912; baseline 0.001 -18"><span class='ocrx_word' id='word_1_278' title='bbox 218 2854 345 2895; x_wconf 79' lang='lat' dir='ltr'><strong>cras</strong></span> <span class='ocrx_word' id='word_1_279' title='bbox 365 2840 530 2905; x_wconf 65' lang='lat' dir='ltr'><strong>aedes,</strong></span> <span class='ocrx_word' id='word_1_280' title='bbox 551 2849 712 2910; x_wconf 89' lang='lat' dir='ltr'><strong>atque</strong></span> <span class='ocrx_word' id='word_1_281' title='bbox 737 2841 1018 2910; x_wconf 88' lang='lat' dir='ltr'><strong>antiqumn</strong></span> <span class='ocrx_word' id='word_1_282' title='bbox 1051 2841 1181 2896; x_wconf 90' lang='lat' dir='ltr'><strong>illud</strong></span> <span class='ocrx_word' id='word_1_283' title='bbox 1207 2840 1594 2912; x_wconf 87' lang='lat' dir='ltr'><strong>Hierosolymis</strong></span> <span class='ocrx_word' id='word_1_284' title='bbox 1615 2857 1796 2896; x_wconf 90' lang='lat' dir='ltr'><strong>sacra-</strong></span> 
     </span>
    </p>
   </div>
   <div class='ocr_carea' id='block_1_43' title="bbox 217 2931 1798 3004">
    <p class='ocr_par' dir='ltr' id='par_1_43' title="bbox 217 2931 1798 3004">
     <span class='ocr_line' id='line_1_43' title="bbox 217 2931 1798 3004; baseline 0.002 -19"><span class='ocrx_word' id='word_1_285' title='bbox 217 2931 358 2986; x_wconf 88' lang='lat' dir='ltr'><strong>rium</strong></span> <span class='ocrx_word' id='word_1_286' title='bbox 396 2932 671 3001; x_wconf 89' lang='lat' dir='ltr'><strong>profanari</strong></span> <span class='ocrx_word' id='word_1_287' title='bbox 699 2933 981 2988; x_wconf 86' lang='lat' dir='ltr'><strong>sacrificiis</strong></span> <span class='ocrx_word' id='word_1_288' title='bbox 1022 2933 1321 3004; x_wconf 89' lang='lat' dir='ltr'><strong>gentilium,</strong></span> <span class='ocrx_word' id='word_1_289' title='bbox 1355 2948 1418 2987; x_wconf 90' lang='lat' dir='ltr'><strong>ac</strong></span> <span class='ocrx_word' id='word_1_290' title='bbox 1464 2933 1656 3002; x_wconf 85' lang='lat' dir='ltr'><strong>repleri</strong></span> <span class='ocrx_word' id='word_1_291' title='bbox 1688 2943 1798 2988; x_wconf 87' lang='lat' dir='ltr'><strong>sta-</strong></span> 
     </span>
    </p>
   </div>
   <div class='ocr_carea' id='block_1_44' title="bbox 219 3022 1793 3094">
    <p class='ocr_par' dir='ltr' id='par_1_44' title="bbox 219 3022 1793 3094">
     <span class='ocr_line' id='line_1_44' title="bbox 219 3022 1793 3094; baseline 0.002 -17"><span class='ocrx_word' id='word_1_292' title='bbox 219 3022 323 3077; x_wconf 86' lang='lat' dir='ltr'><strong>tuis</strong></span> <span class='ocrx_word' id='word_1_293' title='bbox 342 3023 752 3094; x_wconf 86' lang='lat' dir='ltr'><strong>simulacrisque</strong></span> <span class='ocrx_word' id='word_1_294' title='bbox 781 3024 1082 3093; x_wconf 84' lang='lat' dir='ltr'><strong>imperavit.</strong></span> <span class='ocrx_word' id='word_1_295' title='bbox 1115 3025 1180 3080; x_wconf 86' lang='lat' dir='ltr'><strong>Et</strong></span> <span class='ocrx_word' id='word_1_296' title='bbox 1218 3033 1390 3079; x_wconf 88' lang='lat' dir='ltr'><strong>statua</strong></span> <span class='ocrx_word' id='word_1_297' title='bbox 1427 3024 1576 3080; x_wconf 82' lang='lat' dir='ltr'><strong>Jovis</strong></span> <span class='ocrx_word' id='word_1_298' title='bbox 1599 3027 1793 3094; x_wconf 90' lang='lat' dir='ltr'><strong>posita,</strong></span> 
     </span>
    </p>
   </div>
   <div class='ocr_carea' id='block_1_45' title="bbox 214 3113 1794 3186">
    <p class='ocr_par' dir='ltr' id='par_1_45' title="bbox 214 3113 1794 3186">
     <span class='ocr_line' id='line_1_45' title="bbox 214 3113 1794 3186; baseline 0.001 -18"><span class='ocrx_word' id='word_1_299' title='bbox 214 3129 276 3169; x_wconf 81' lang='lat' dir='ltr'><strong>se</strong></span> <span class='ocrx_word' id='word_1_300' title='bbox 298 3113 368 3168; x_wconf 89' lang='lat' dir='ltr'><strong>ibi</strong></span> <span class='ocrx_word' id='word_1_301' title='bbox 393 3123 452 3169; x_wconf 88' lang='lat' dir='ltr'><strong>ut</strong></span> <span class='ocrx_word' id='word_1_302' title='bbox 483 3115 642 3170; x_wconf 88' lang='lat' dir='ltr'><strong>deum</strong></span> <span class='ocrx_word' id='word_1_303' title='bbox 669 3115 770 3170; x_wconf 86' lang='lat' dir='ltr'><strong>coli</strong></span> <span class='ocrx_word' id='word_1_304' title='bbox 795 3115 1054 3186; x_wconf 64' lang='lat' dir='ltr'><strong>praecipit.</strong></span> <span class='ocrx_word' id='word_1_305' title='bbox 1083 3113 1181 3170; x_wconf 90' lang='lat' dir='ltr'><strong>Hic</strong></span> <span class='ocrx_word' id='word_1_306' title='bbox 1221 3114 1482 3170; x_wconf 87' lang='lat' dir='ltr'><strong>Herodem</strong></span> <span class='ocrx_word' id='word_1_307' title='bbox 1503 3116 1794 3186; x_wconf 85' lang='lat' dir='ltr'><strong>Agrippam</strong></span> 
     </span>
    </p>
   </div>
   <div class='ocr_carea' id='block_1_46' title="bbox 1904 1923 3477 1996">
    <p class='ocr_par' dir='ltr' id='par_1_46' title="bbox 1904 1923 3477 1996">
     <span class='ocr_line' id='line_1_46' title="bbox 1904 1923 3477 1996; baseline 0.003 -20"><span class='ocrx_word' id='word_1_308' title='bbox 1904 1923 2084 1978; x_wconf 86' lang='lat' dir='ltr'><strong>usitati</strong></span> <span class='ocrx_word' id='word_1_309' title='bbox 2111 1923 2355 1978; x_wconf 88' lang='lat' dir='ltr'><strong>miraculi</strong></span> <span class='ocrx_word' id='word_1_310' title='bbox 2381 1923 2485 1978; x_wconf 80' lang='lat' dir='ltr'><strong>fide</strong></span> <span class='ocrx_word' id='word_1_311' title='bbox 2507 1933 2704 1983; x_wconf 89' lang='lat' dir='ltr'><strong>motus,</strong></span> <span class='ocrx_word' id='word_1_312' title='bbox 2728 1932 2783 1978; x_wconf 92' lang='lat' dir='ltr'><strong>et</strong></span> <span class='ocrx_word' id='word_1_313' title='bbox 2806 1940 3101 1980; x_wconf 90' lang='lat' dir='ltr'><strong>conversus</strong></span> <span class='ocrx_word' id='word_1_314' title='bbox 3133 1925 3184 1980; x_wconf 93' lang='lat' dir='ltr'><strong>in</strong></span> <span class='ocrx_word' id='word_1_315' title='bbox 3209 1925 3477 1996; x_wconf 81' lang='lat' dir='ltr'><strong>pamiten-</strong></span> 
     </span>
    </p>
   </div>
   <div class='ocr_carea' id='block_1_47' title="bbox 1902 2013 3478 2085">
    <p class='ocr_par' dir='ltr' id='par_1_47' title="bbox 1902 2013 3478 2085">
     <span class='ocr_line' id='line_1_47' title="bbox 1902 2013 3478 2085; baseline 0.002 -16"><span class='ocrx_word' id='word_1_316' title='bbox 1902 2014 2056 2081; x_wconf 90' lang='lat' dir='ltr'><strong>tiam,</strong></span> <span class='ocrx_word' id='word_1_317' title='bbox 2083 2013 2496 2070; x_wconf 90' lang='lat' dir='ltr'><strong>Scribonianum</strong></span> <span class='ocrx_word' id='word_1_318' title='bbox 2555 2016 2744 2085; x_wconf 87' lang='lat' dir='ltr'><strong>quinta</strong></span> <span class='ocrx_word' id='word_1_319' title='bbox 2786 2019 2970 2071; x_wconf 88' lang='lat' dir='ltr'><strong>statim</strong></span> <span class='ocrx_word' id='word_1_320' title='bbox 3023 2017 3110 2072; x_wconf 93' lang='lat' dir='ltr'><strong>die</strong></span> <span class='ocrx_word' id='word_1_321' title='bbox 3163 2019 3478 2073; x_wconf 90' lang='lat' dir='ltr'><strong>destitutum</strong></span> 
     </span>
    </p>
   </div>
   <div class='ocr_carea' id='block_1_48' title="bbox 1901 2105 3480 2176">
    <p class='ocr_par' dir='ltr' id='par_1_48' title="bbox 1901 2105 3480 2176">
     <span class='ocr_line' id='line_1_48' title="bbox 1901 2105 3480 2176; baseline 0.001 -16"><span class='ocrx_word' id='word_1_322' title='bbox 1901 2105 2194 2171; x_wconf 86' lang='lat' dir='ltr'><strong>interfecit,</strong></span> <span class='ocrx_word' id='word_1_323' title='bbox 2246 2121 2472 2176; x_wconf 88' lang='lat' dir='ltr'><strong>seseque</strong></span> <span class='ocrx_word' id='word_1_324' title='bbox 2521 2105 2576 2160; x_wconf 93' lang='lat' dir='ltr'><strong>in</strong></span> <span class='ocrx_word' id='word_1_325' title='bbox 2631 2116 2972 2161; x_wconf 89' lang='lat' dir='ltr'><strong>sacramento</strong></span> <span class='ocrx_word' id='word_1_326' title='bbox 3031 2108 3226 2176; x_wconf 88' lang='lat' dir='ltr'><strong>prioris</strong></span> <span class='ocrx_word' id='word_1_327' title='bbox 3275 2108 3480 2162; x_wconf 76' lang='lat' dir='ltr'><strong>militia:</strong></span> 
     </span>
    </p>
   </div>
   <div class='ocr_carea' id='block_1_49' title="bbox 1901 2197 3477 2272">
    <p class='ocr_par' dir='ltr' id='par_1_49' title="bbox 1901 2197 3477 2272">
     <span class='ocr_line' id='line_1_49' title="bbox 1901 2197 3477 2272; baseline 0.003 -19"><span class='ocrx_word' id='word_1_328' title='bbox 1901 2198 2188 2254; x_wconf 90' lang='lat' dir='ltr'><strong>continuit.</strong></span> <span class='ocrx_word' id='word_1_329' title='bbox 2211 2197 2363 2264; x_wconf 84' lang='lat' dir='ltr'><strong>Quod</strong></span> <span class='ocrx_word' id='word_1_330' title='bbox 2387 2199 2508 2254; x_wconf 88' lang='lat' dir='ltr'><strong>sine</strong></span> <span class='ocrx_word' id='word_1_331' title='bbox 2559 2198 2722 2255; x_wconf 89' lang='lat' dir='ltr'><strong>dubio</strong></span> <span class='ocrx_word' id='word_1_332' title='bbox 2757 2209 2976 2269; x_wconf 89' lang='lat' dir='ltr'><strong>propter</strong></span> <span class='ocrx_word' id='word_1_333' title='bbox 3015 2201 3302 2256; x_wconf 88' lang='lat' dir='ltr'><strong>adventum</strong></span> <span class='ocrx_word' id='word_1_334' title='bbox 3346 2217 3477 2272; x_wconf 84' lang='lat' dir='ltr'><strong>apo-</strong></span> 
     </span>
    </p>
   </div>
   <div class='ocr_carea' id='block_1_50' title="bbox 1901 2287 3482 2361">
    <p class='ocr_par' dir='ltr' id='par_1_50' title="bbox 1901 2287 3482 2361">
     <span class='ocr_line' id='line_1_50' title="bbox 1901 2287 3482 2361; baseline 0.004 -19"><span class='ocrx_word' id='word_1_335' title='bbox 1901 2287 2022 2342; x_wconf 90' lang='lat' dir='ltr'><strong>stoli</strong></span> <span class='ocrx_word' id='word_1_336' title='bbox 2050 2287 2196 2343; x_wconf 90' lang='lat' dir='ltr'><strong>Petri</strong></span> <span class='ocrx_word' id='word_1_337' title='bbox 2249 2297 2306 2344; x_wconf 90' lang='lat' dir='ltr'><strong>et</strong></span> <span class='ocrx_word' id='word_1_338' title='bbox 2347 2298 2534 2344; x_wconf 89' lang='lat' dir='ltr'><strong>tenera</strong></span> <span class='ocrx_word' id='word_1_339' title='bbox 2588 2288 3017 2345; x_wconf 88' lang='lat' dir='ltr'><strong>Christianorum</strong></span> <span class='ocrx_word' id='word_1_340' title='bbox 3065 2293 3328 2361; x_wconf 87' lang='lat' dir='ltr'><strong>germina,</strong></span> <span class='ocrx_word' id='word_1_341' title='bbox 3377 2294 3482 2348; x_wconf 84' lang='lat' dir='ltr'><strong>hoc.</strong></span> 
     </span>
    </p>
   </div>
   <div class='ocr_carea' id='block_1_51' title="bbox 1901 2376 3482 2452">
    <p class='ocr_par' dir='ltr' id='par_1_51' title="bbox 1901 2376 3482 2452">
     <span class='ocr_line' id='line_1_51' title="bbox 1901 2376 3482 2452; baseline 0.004 -20"><span class='ocrx_word' id='word_1_342' title='bbox 1901 2376 2056 2432; x_wconf 89' lang='lat' dir='ltr'><strong>civile</strong></span> <span class='ocrx_word' id='word_1_343' title='bbox 2096 2376 2295 2432; x_wconf 85' lang='lat' dir='ltr'><strong>bellum</strong></span> <span class='ocrx_word' id='word_1_344' title='bbox 2338 2377 2592 2434; x_wconf 89' lang='lat' dir='ltr'><strong>divinitus</strong></span> <span class='ocrx_word' id='word_1_345' title='bbox 2640 2388 2725 2434; x_wconf 89' lang='lat' dir='ltr'><strong>est</strong></span> <span class='ocrx_word' id='word_1_346' title='bbox 2781 2395 3174 2452; x_wconf 89' lang='lat' dir='ltr'><strong>compressum.</strong></span> <span class='ocrx_word' id='word_1_347' title='bbox 3233 2381 3482 2438; x_wconf 87' lang='lat' dir='ltr'><strong>Tiberius</strong></span> 
     </span>
    </p>
   </div>
   <div class='ocr_carea' id='block_1_52' title="bbox 1900 2469 3480 2542">
    <p class='ocr_par' dir='ltr' id='par_1_52' title="bbox 1900 2469 3480 2542">
     <span class='ocr_line' id='line_1_52' title="bbox 1900 2469 3480 2542; baseline 0.004 -18"><span class='ocrx_word' id='word_1_348' title='bbox 1900 2469 2156 2525; x_wconf 87' lang='lat' dir='ltr'><strong>Claudius</strong></span> <span class='ocrx_word' id='word_1_349' title='bbox 2186 2470 2522 2525; x_wconf 86' lang='lat' dir='ltr'><strong>Britanniam</strong></span> <span class='ocrx_word' id='word_1_350' title='bbox 2576 2471 2783 2538; x_wconf 89' lang='lat' dir='ltr'><strong>adiens,</strong></span> <span class='ocrx_word' id='word_1_351' title='bbox 2835 2488 2955 2542; x_wconf 73' lang='lat' dir='ltr'><strong>qua:</strong></span> <span class='ocrx_word' id='word_1_352' title='bbox 3007 2475 3240 2529; x_wconf 86' lang='lat' dir='ltr'><strong>excitata</strong></span> <span class='ocrx_word' id='word_1_353' title='bbox 3292 2475 3346 2529; x_wconf 89' lang='lat' dir='ltr'><strong>in</strong></span> <span class='ocrx_word' id='word_1_354' title='bbox 3395 2486 3480 2530; x_wconf 86' lang='lat' dir='ltr'><strong>tu—</strong></span> 
     </span>
    </p>
   </div>
   <div class='ocr_carea' id='block_1_53' title="bbox 1900 2558 3479 2632">
    <p class='ocr_par' dir='ltr' id='par_1_53' title="bbox 1900 2558 3479 2632">
     <span class='ocr_line' id='line_1_53' title="bbox 1900 2558 3479 2632; baseline 0.003 -20"><span class='ocrx_word' id='word_1_355' title='bbox 1900 2559 2126 2614; x_wconf 91' lang='lat' dir='ltr'><strong>multum</strong></span> <span class='ocrx_word' id='word_1_356' title='bbox 2153 2574 2274 2614; x_wconf 89' lang='lat' dir='ltr'><strong>esse</strong></span> <span class='ocrx_word' id='word_1_357' title='bbox 2303 2558 2614 2625; x_wconf 88' lang='lat' dir='ltr'><strong>videbatur,</strong></span> <span class='ocrx_word' id='word_1_358' title='bbox 2645 2575 2808 2629; x_wconf 92' lang='lat' dir='ltr'><strong>quam</strong></span> <span class='ocrx_word' id='word_1_359' title='bbox 2859 2576 3034 2632; x_wconf 90' lang='lat' dir='ltr'><strong>neque</strong></span> <span class='ocrx_word' id='word_1_360' title='bbox 3086 2571 3210 2618; x_wconf 89' lang='lat' dir='ltr'><strong>ante</strong></span> <span class='ocrx_word' id='word_1_361' title='bbox 3279 2560 3479 2618; x_wconf 81' lang='lat' dir='ltr'><strong>Julium</strong></span> 
     </span>
    </p>
   </div>
   <div class='ocr_carea' id='block_1_54' title="bbox 1899 2653 3473 2725">
    <p class='ocr_par' dir='ltr' id='par_1_54' title="bbox 1899 2653 3473 2725">
     <span class='ocr_line' id='line_1_54' title="bbox 1899 2653 3473 2725; baseline -0.001 -16"><span class='ocrx_word' id='word_1_362' title='bbox 1899 2653 2184 2716; x_wconf 65' lang='lat' dir='ltr'><strong>Caesarem,</strong></span> <span class='ocrx_word' id='word_1_363' title='bbox 2216 2667 2389 2722; x_wconf 89' lang='lat' dir='ltr'><strong>neque</strong></span> <span class='ocrx_word' id='word_1_364' title='bbox 2417 2662 2539 2722; x_wconf 89' lang='lat' dir='ltr'><strong>post</strong></span> <span class='ocrx_word' id='word_1_365' title='bbox 2560 2667 2684 2707; x_wconf 91' lang='lat' dir='ltr'><strong>eum</strong></span> <span class='ocrx_word' id='word_1_366' title='bbox 2712 2653 2997 2724; x_wconf 86' lang='lat' dir='ltr'><strong>quisquam</strong></span> <span class='ocrx_word' id='word_1_367' title='bbox 3052 2655 3319 2725; x_wconf 87' lang='lat' dir='ltr'><strong>attingere</strong></span> <span class='ocrx_word' id='word_1_368' title='bbox 3372 2670 3473 2709; x_wconf 66' lang='grc' dir='ltr'><strong>ειυς</strong></span> 
     </span>
    </p>
   </div>
   <div class='ocr_carea' id='block_1_55' title="bbox 1899 2744 3476 2817">
    <p class='ocr_par' dir='ltr' id='par_1_55' title="bbox 1899 2744 3476 2817">
     <span class='ocr_line' id='line_1_55' title="bbox 1899 2744 3476 2817; baseline 0.001 -16"><span class='ocrx_word' id='word_1_369' title='bbox 1899 2762 1994 2802; x_wconf 93' lang='lat' dir='ltr'><strong>sus</strong></span> <span class='ocrx_word' id='word_1_370' title='bbox 2020 2746 2216 2810; x_wconf 91' lang='lat' dir='ltr'><strong>fuerat,</strong></span> <span class='ocrx_word' id='word_1_371' title='bbox 2250 2745 2366 2800; x_wconf 88' lang='lat' dir='ltr'><strong>sine</strong></span> <span class='ocrx_word' id='word_1_372' title='bbox 2396 2745 2504 2800; x_wconf 92' lang='lat' dir='ltr'><strong>ullo</strong></span> <span class='ocrx_word' id='word_1_373' title='bbox 2530 2744 2714 2815; x_wconf 70' lang='lat' dir='ltr'><strong>prmlio</strong></span> <span class='ocrx_word' id='word_1_374' title='bbox 2773 2762 2838 2801; x_wconf 89' lang='lat' dir='ltr'><strong>ac</strong></span> <span class='ocrx_word' id='word_1_375' title='bbox 2865 2746 3126 2817; x_wconf 84' lang='lat' dir='ltr'><strong>sanguine</strong></span> <span class='ocrx_word' id='word_1_376' title='bbox 3159 2747 3301 2801; x_wconf 90' lang='lat' dir='ltr'><strong>intra</strong></span> <span class='ocrx_word' id='word_1_377' title='bbox 3345 2762 3476 2816; x_wconf 81' lang='lat' dir='ltr'><strong>pau-</strong></span> 
     </span>
    </p>
   </div>
   <div class='ocr_carea' id='block_1_56' title="bbox 1899 2834 3480 2906">
    <p class='ocr_par' dir='ltr' id='par_1_56' title="bbox 1899 2834 3480 2906">
     <span class='ocr_line' id='line_1_56' title="bbox 1899 2834 3480 2906; baseline 0.001 -14"><span class='ocrx_word' id='word_1_378' title='bbox 1899 2837 2148 2892; x_wconf 86' lang='lat' dir='ltr'><strong>cissimos</strong></span> <span class='ocrx_word' id='word_1_379' title='bbox 2175 2835 2291 2891; x_wconf 86' lang='lat' dir='ltr'><strong>dies</strong></span> <span class='ocrx_word' id='word_1_380' title='bbox 2311 2835 2596 2904; x_wconf 89' lang='lat' dir='ltr'><strong>plurimam</strong></span> <span class='ocrx_word' id='word_1_381' title='bbox 2643 2834 2832 2890; x_wconf 73' lang='lat' dir='ltr'><strong>insula:</strong></span> <span class='ocrx_word' id='word_1_382' title='bbox 2883 2845 3092 2906; x_wconf 88' lang='lat' dir='ltr'><strong>partem</strong></span> <span class='ocrx_word' id='word_1_383' title='bbox 3148 2836 3202 2890; x_wconf 92' lang='lat' dir='ltr'><strong>in</strong></span> <span class='ocrx_word' id='word_1_384' title='bbox 3253 2838 3480 2894; x_wconf 88' lang='lat' dir='ltr'><strong>deditio-</strong></span> 
     </span>
    </p>
   </div>
   <div class='ocr_carea' id='block_1_57' title="bbox 1900 2925 3484 2999">
    <p class='ocr_par' dir='ltr' id='par_1_57' title="bbox 1900 2925 3484 2999">
     <span class='ocr_line' id='line_1_57' title="bbox 1900 2925 3484 2999; baseline 0.002 -19"><span class='ocrx_word' id='word_1_385' title='bbox 1900 2942 2022 2981; x_wconf 90' lang='lat' dir='ltr'><strong>nem</strong></span> <span class='ocrx_word' id='word_1_386' title='bbox 2052 2927 2269 2996; x_wconf 89' lang='lat' dir='ltr'><strong>reccpit.</strong></span> <span class='ocrx_word' id='word_1_387' title='bbox 2298 2925 2538 2981; x_wconf 88' lang='lat' dir='ltr'><strong>Orcadas</strong></span> <span class='ocrx_word' id='word_1_388' title='bbox 2562 2925 2729 2980; x_wconf 87' lang='lat' dir='ltr'><strong>etiam</strong></span> <span class='ocrx_word' id='word_1_389' title='bbox 2786 2926 2992 2981; x_wconf 88' lang='lat' dir='ltr'><strong>insulas</strong></span> <span class='ocrx_word' id='word_1_390' title='bbox 3037 2927 3277 2982; x_wconf 90' lang='lat' dir='ltr'><strong>Romano</strong></span> <span class='ocrx_word' id='word_1_391' title='bbox 3334 2929 3484 2999; x_wconf 87' lang='lat' dir='ltr'><strong>adje-</strong></span> 
     </span>
    </p>
   </div>
   <div class='ocr_carea' id='block_1_58' title="bbox 1901 3016 3480 3088">
    <p class='ocr_par' dir='ltr' id='par_1_58' title="bbox 1901 3016 3480 3088">
     <span class='ocr_line' id='line_1_58' title="bbox 1901 3016 3480 3088; baseline 0.004 -16"><span class='ocrx_word' id='word_1_392' title='bbox 1901 3019 1974 3073; x_wconf 85' lang='lat' dir='ltr'><strong>cit</strong></span> <span class='ocrx_word' id='word_1_393' title='bbox 1999 3019 2244 3088; x_wconf 90' lang='lat' dir='ltr'><strong>imperio,</strong></span> <span class='ocrx_word' id='word_1_394' title='bbox 2269 3033 2334 3072; x_wconf 92' lang='lat' dir='ltr'><strong>ac</strong></span> <span class='ocrx_word' id='word_1_395' title='bbox 2361 3025 2516 3072; x_wconf 89' lang='lat' dir='ltr'><strong>sexto</strong></span> <span class='ocrx_word' id='word_1_396' title='bbox 2575 3032 2736 3086; x_wconf 86' lang='lat' dir='ltr'><strong>quam</strong></span> <span class='ocrx_word' id='word_1_397' title='bbox 2795 3016 3070 3086; x_wconf 84' lang='lat' dir='ltr'><strong>profectus</strong></span> <span class='ocrx_word' id='word_1_398' title='bbox 3117 3027 3236 3073; x_wconf 90' lang='lat' dir='ltr'><strong>erat</strong></span> <span class='ocrx_word' id='word_1_399' title='bbox 3276 3035 3480 3080; x_wconf 87' lang='lat' dir='ltr'><strong>mense.</strong></span> 
     </span>
    </p>
   </div>
   <div class='ocr_carea' id='block_1_59' title="bbox 1904 3109 3483 3182">
    <p class='ocr_par' dir='ltr' id='par_1_59' title="bbox 1904 3109 3483 3182">
     <span class='ocr_line' id='line_1_59' title="bbox 1904 3109 3483 3182; baseline 0.002 -17"><span class='ocrx_word' id='word_1_400' title='bbox 1904 3110 2129 3165; x_wconf 81' lang='lat' dir='ltr'><strong>Romam</strong></span> <span class='ocrx_word' id='word_1_401' title='bbox 2185 3110 2362 3165; x_wconf 89' lang='lat' dir='ltr'><strong>rediit.</strong></span> <span class='ocrx_word' id='word_1_402' title='bbox 2421 3109 2498 3164; x_wconf 86' lang='lat' dir='ltr'><strong>Eo</strong></span> <span class='ocrx_word' id='word_1_403' title='bbox 2554 3125 2697 3164; x_wconf 92' lang='lat' dir='ltr'><strong>anno</strong></span> <span class='ocrx_word' id='word_1_404' title='bbox 2745 3119 2940 3180; x_wconf 89' lang='lat' dir='ltr'><strong>quarto</strong></span> <span class='ocrx_word' id='word_1_405' title='bbox 2985 3110 3233 3167; x_wconf 90' lang='lat' dir='ltr'><strong>videlicet</strong></span> <span class='ocrx_word' id='word_1_406' title='bbox 3273 3112 3483 3182; x_wconf 90' lang='lat' dir='ltr'><strong>imperii</strong></span> 
     </span>
    </p>
   </div>
   <div class='ocr_carea' id='block_1_60' title="bbox 214 3189 3485 3281">
    <p class='ocr_par' dir='ltr' id='par_1_60' title="bbox 214 3189 3485 3281">
     <span class='ocr_line' id='line_1_60' title="bbox 214 3189 3485 3281; baseline -0.001 -23"><span class='ocrx_word' id='word_1_407' title='bbox 214 3205 448 3260; x_wconf 90' lang='lat' dir='ltr'><strong>amicum</strong></span> <span class='ocrx_word' id='word_1_408' title='bbox 486 3221 644 3268; x_wconf 78' lang='lat' dir='ltr'><strong>stium</strong></span> <span class='ocrx_word' id='word_1_409' title='bbox 686 3205 915 3261; x_wconf 90' lang='lat' dir='ltr'><strong>vinculis</strong></span> <span class='ocrx_word' id='word_1_410' title='bbox 945 3205 1252 3281; x_wconf 81' lang='lat' dir='ltr'><strong>liberatum,</strong></span> <span class='ocrx_word' id='word_1_411' title='bbox 1284 3220 1464 3276; x_wconf 87' lang='lat' dir='ltr'><strong>regem</strong></span> <span class='ocrx_word' id='word_1_412' title='bbox 1498 3205 1694 3260; x_wconf 67' lang='lat' dir='ltr'><strong>Judteze</strong></span> <span class='ocrx_word' id='word_1_413' title='bbox 1723 3205 1800 3259; x_wconf 81' lang='lat' dir='ltr'><strong>fe-</strong></span> <span class='ocrx_word' id='word_1_414' title='bbox 1826 3189 1869 3250; x_wconf 73' lang='lat' dir='ltr'><strong>C</strong></span> <span class='ocrx_word' id='word_1_415' title='bbox 1900 3199 2037 3270; x_wconf 54' lang='lat' dir='ltr'><strong>Ejus,</strong></span> <span class='ocrx_word' id='word_1_416' title='bbox 2089 3199 2258 3254; x_wconf 73' lang='lat' dir='ltr'><strong>fames</strong></span> <span class='ocrx_word' id='word_1_417' title='bbox 2299 3200 2614 3270; x_wconf 88' lang='lat' dir='ltr'><strong>gravissima</strong></span> <span class='ocrx_word' id='word_1_418' title='bbox 2663 3215 2760 3269; x_wconf 91' lang='lat' dir='ltr'><strong>per</strong></span> <span class='ocrx_word' id='word_1_419' title='bbox 2806 3199 3039 3271; x_wconf 86' lang='lat' dir='ltr'><strong>Syriam,</strong></span> <span class='ocrx_word' id='word_1_420' title='bbox 3099 3203 3253 3273; x_wconf 87' lang='lat' dir='ltr'><strong>cujus</strong></span> <span class='ocrx_word' id='word_1_421' title='bbox 3309 3204 3485 3260; x_wconf 80' lang='lat' dir='ltr'><strong>Lucas</strong></span> 
     </span>
    </p>
   </div>
   <div class='ocr_carea' id='block_1_61' title="bbox 213 3296 1798 3367">
    <p class='ocr_par' dir='ltr' id='par_1_61' title="bbox 213 3296 1798 3367">
     <span class='ocr_line' id='line_1_61' title="bbox 213 3296 1798 3367; baseline -0.001 -16"><span class='ocrx_word' id='word_1_422' title='bbox 213 3297 323 3362; x_wconf 88' lang='lat' dir='ltr'><strong>cit;</strong></span> <span class='ocrx_word' id='word_1_423' title='bbox 347 3297 440 3367; x_wconf 90' lang='lat' dir='ltr'><strong>qni</strong></span> <span class='ocrx_word' id='word_1_424' title='bbox 471 3298 672 3352; x_wconf 88' lang='lat' dir='ltr'><strong>mansit</strong></span> <span class='ocrx_word' id='word_1_425' title='bbox 697 3297 750 3350; x_wconf 90' lang='lat' dir='ltr'><strong>in</strong></span> <span class='ocrx_word' id='word_1_426' title='bbox 775 3311 942 3367; x_wconf 88' lang='lat' dir='ltr'><strong>regno</strong></span> <span class='ocrx_word' id='word_1_427' title='bbox 967 3311 1138 3350; x_wconf 91' lang='lat' dir='ltr'><strong>annos</strong></span> <span class='ocrx_word' id='word_1_428' title='bbox 1159 3307 1387 3366; x_wconf 88' lang='lat' dir='ltr'><strong>septem,</strong></span> <span class='ocrx_word' id='word_1_429' title='bbox 1421 3296 1473 3350; x_wconf 93' lang='lat' dir='ltr'><strong>id</strong></span> <span class='ocrx_word' id='word_1_430' title='bbox 1497 3305 1600 3360; x_wconf 88' lang='lat' dir='ltr'><strong>est,</strong></span> <span class='ocrx_word' id='word_1_431' title='bbox 1630 3311 1798 3364; x_wconf 87' lang='lat' dir='ltr'><strong>usque</strong></span> 
     </span>
    </p>
   </div>
   <div class='ocr_carea' id='block_1_62' title="bbox 214 3386 1799 3458">
    <p class='ocr_par' dir='ltr' id='par_1_62' title="bbox 214 3386 1799 3458">
     <span class='ocr_line' id='line_1_62' title="bbox 214 3386 1799 3458; baseline 0 -18"><span class='ocrx_word' id='word_1_432' title='bbox 214 3389 283 3440; x_wconf 85' lang='lat' dir='ltr'><strong>ad</strong></span> <span class='ocrx_word' id='word_1_433' title='bbox 313 3396 565 3458; x_wconf 89' lang='lat' dir='ltr'><strong>quartum</strong></span> <span class='ocrx_word' id='word_1_434' title='bbox 587 3387 793 3443; x_wconf 86' lang='lat' dir='ltr'><strong>Claudii</strong></span> <span class='ocrx_word' id='word_1_435' title='bbox 816 3403 1039 3441; x_wconf 90' lang='lat' dir='ltr'><strong>annum.</strong></span> <span class='ocrx_word' id='word_1_436' title='bbox 1067 3387 1184 3454; x_wconf 86' lang='lat' dir='ltr'><strong>Qun</strong></span> <span class='ocrx_word' id='word_1_437' title='bbox 1211 3388 1280 3440; x_wconf 88' lang='lat' dir='ltr'><strong>ab</strong></span> <span class='ocrx_word' id='word_1_438' title='bbox 1301 3386 1508 3457; x_wconf 87' lang='lat' dir='ltr'><strong>Angelo</strong></span> <span class='ocrx_word' id='word_1_439' title='bbox 1544 3401 1799 3456; x_wconf 90' lang='lat' dir='ltr'><strong>percusso</strong></span> 
     </span>
    </p>
   </div>
   <div class='ocr_carea' id='block_1_63' title="bbox 215 3475 1800 3548">
    <p class='ocr_par' dir='ltr' id='par_1_63' title="bbox 215 3475 1800 3548">
     <span class='ocr_line' id='line_1_63' title="bbox 215 3475 1800 3548; baseline -0.001 -16"><span class='ocrx_word' id='word_1_440' title='bbox 215 3477 479 3532; x_wconf 81' lang='lat' dir='ltr'><strong>successit</strong></span> <span class='ocrx_word' id='word_1_441' title='bbox 508 3476 561 3530; x_wconf 92' lang='lat' dir='ltr'><strong>in</strong></span> <span class='ocrx_word' id='word_1_442' title='bbox 589 3491 814 3548; x_wconf 90' lang='lat' dir='ltr'><strong>regnum</strong></span> <span class='ocrx_word' id='word_1_443' title='bbox 858 3476 998 3531; x_wconf 81' lang='lat' dir='ltr'><strong>filius</strong></span> <span class='ocrx_word' id='word_1_444' title='bbox 1027 3475 1144 3544; x_wconf 91' lang='lat' dir='ltr'><strong>ejus</strong></span> <span class='ocrx_word' id='word_1_445' title='bbox 1182 3475 1416 3546; x_wconf 86' lang='lat' dir='ltr'><strong>Agrippa</strong></span> <span class='ocrx_word' id='word_1_446' title='bbox 1451 3515 1467 3538; x_wconf 89' lang='lat'><strong>,</strong></span> <span class='ocrx_word' id='word_1_447' title='bbox 1497 3476 1588 3544; x_wconf 85' lang='lat' dir='ltr'><strong>qui</strong></span> <span class='ocrx_word' id='word_1_448' title='bbox 1630 3489 1800 3543; x_wconf 89' lang='lat' dir='ltr'><strong>usque</strong></span> 
     </span>
    </p>
   </div>
   <div class='ocr_carea' id='block_1_64' title="bbox 218 3564 1801 3636">
    <p class='ocr_par' dir='ltr' id='par_1_64' title="bbox 218 3564 1801 3636">
     <span class='ocr_line' id='line_1_64' title="bbox 218 3564 1801 3636; baseline 0.002 -19"><span class='ocrx_word' id='word_1_449' title='bbox 218 3564 285 3618; x_wconf 84' lang='lat' dir='ltr'><strong>ad</strong></span> <span class='ocrx_word' id='word_1_450' title='bbox 305 3565 686 3618; x_wconf 79' lang='lat' dir='ltr'><strong>exterminium</strong></span> <span class='ocrx_word' id='word_1_451' title='bbox 718 3564 1043 3628; x_wconf 71' lang='lat' dir='ltr'><strong>Judmorum,</strong></span> <span class='ocrx_word' id='word_1_452' title='bbox 1083 3565 1273 3636; x_wconf 85' lang='lat' dir='ltr'><strong>viginti</strong></span> <span class='ocrx_word' id='word_1_453' title='bbox 1303 3574 1358 3618; x_wconf 91' lang='lat' dir='ltr'><strong>et</strong></span> <span class='ocrx_word' id='word_1_454' title='bbox 1378 3573 1611 3634; x_wconf 90' lang='lat' dir='ltr'><strong>quatuor</strong></span> <span class='ocrx_word' id='word_1_455' title='bbox 1644 3565 1801 3621; x_wconf 89' lang='lat' dir='ltr'><strong>annis</strong></span> 
     </span>
    </p>
   </div>
   <div class='ocr_carea' id='block_1_65' title="bbox 216 3647 1798 3724">
    <p class='ocr_par' dir='ltr' id='par_1_65' title="bbox 216 3647 1798 3724">
     <span class='ocr_line' id='line_1_65' title="bbox 216 3647 1798 3724; baseline 0.001 -17"><span class='ocrx_word' id='word_1_456' title='bbox 216 3654 602 3722; x_wconf 86' lang='lat' dir='ltr'><strong>perseveravit.</strong></span> <span class='ocrx_word' id='word_1_457' title='bbox 643 3647 885 3710; x_wconf 80' lang='lat' dir='ltr'><strong>Heredes</strong></span> <span class='ocrx_word' id='word_1_458' title='bbox 912 3655 1185 3710; x_wconf 90' lang='lat' dir='ltr'><strong>telrarcha</strong></span> <span class='ocrx_word' id='word_1_459' title='bbox 1222 3663 1275 3710; x_wconf 89' lang='lat' dir='ltr'><strong>et</strong></span> <span class='ocrx_word' id='word_1_460' title='bbox 1307 3655 1420 3724; x_wconf 91' lang='lat' dir='ltr'><strong>ipse</strong></span> <span class='ocrx_word' id='word_1_461' title='bbox 1462 3654 1576 3710; x_wconf 89' lang='lat' dir='ltr'><strong>Caii</strong></span> <span class='ocrx_word' id='word_1_462' title='bbox 1607 3655 1798 3709; x_wconf 88' lang='lat' dir='ltr'><strong>amici-</strong></span> 
     </span>
    </p>
   </div>
   <div class='ocr_carea' id='block_1_66' title="bbox 216 3744 1800 3814">
    <p class='ocr_par' dir='ltr' id='par_1_66' title="bbox 216 3744 1800 3814">
     <span class='ocr_line' id='line_1_66' title="bbox 216 3744 1800 3814; baseline 0.003 -17"><span class='ocrx_word' id='word_1_463' title='bbox 216 3745 351 3798; x_wconf 87' lang='lat' dir='ltr'><strong>tiam</strong></span> <span class='ocrx_word' id='word_1_464' title='bbox 382 3754 587 3814; x_wconf 91' lang='lat' dir='ltr'><strong>petens,</strong></span> <span class='ocrx_word' id='word_1_465' title='bbox 613 3753 840 3814; x_wconf 86' lang='lat' dir='ltr'><strong>cogente</strong></span> <span class='ocrx_word' id='word_1_466' title='bbox 880 3744 1204 3812; x_wconf 88' lang='lat' dir='ltr'><strong>Herodiade,</strong></span> <span class='ocrx_word' id='word_1_467' title='bbox 1252 3746 1478 3801; x_wconf 83' lang='lat' dir='ltr'><strong>Romam</strong></span> <span class='ocrx_word' id='word_1_468' title='bbox 1509 3747 1672 3810; x_wconf 90' lang='lat' dir='ltr'><strong>venit,</strong></span> <span class='ocrx_word' id='word_1_469' title='bbox 1706 3747 1800 3802; x_wconf 87' lang='lat' dir='ltr'><strong>sed</strong></span> 
     </span>
    </p>
   </div>
   <div class='ocr_carea' id='block_1_67' title="bbox 214 3833 1801 3905">
    <p class='ocr_par' dir='ltr' id='par_1_67' title="bbox 214 3833 1801 3905">
     <span class='ocr_line' id='line_1_67' title="bbox 214 3833 1801 3905; baseline 0.003 -18"><span class='ocrx_word' id='word_1_470' title='bbox 214 3843 499 3889; x_wconf 87' lang='lat' dir='ltr'><strong>accusatus</strong></span> <span class='ocrx_word' id='word_1_471' title='bbox 521 3833 590 3888; x_wconf 89' lang='lat' dir='ltr'><strong>ab</strong></span> <span class='ocrx_word' id='word_1_472' title='bbox 609 3834 865 3904; x_wconf 84' lang='lat' dir='ltr'><strong>Agrippa,</strong></span> <span class='ocrx_word' id='word_1_473' title='bbox 887 3835 1415 3904; x_wconf 83' lang='lat' dir='ltr'><strong>etiamtetrarchiam</strong></span> <span class='ocrx_word' id='word_1_474' title='bbox 1431 3836 1690 3905; x_wconf 86' lang='lat' dir='ltr'><strong>perdidit;</strong></span> <span class='ocrx_word' id='word_1_475' title='bbox 1716 3852 1801 3891; x_wconf 88' lang='lat' dir='ltr'><strong>re-</strong></span> 
     </span>
    </p>
   </div>
   <div class='ocr_carea' id='block_1_68' title="bbox 214 3923 1797 3994">
    <p class='ocr_par' dir='ltr' id='par_1_68' title="bbox 214 3923 1797 3994">
     <span class='ocr_line' id='line_1_68' title="bbox 214 3923 1797 3994; baseline 0.001 -18"><span class='ocrx_word' id='word_1_476' title='bbox 214 3923 532 3993; x_wconf 84' lang='lat' dir='ltr'><strong>legatosque</strong></span> <span class='ocrx_word' id='word_1_477' title='bbox 556 3923 769 3988; x_wconf 87' lang='lat' dir='ltr'><strong>exsilio,</strong></span> <span class='ocrx_word' id='word_1_478' title='bbox 802 3925 942 3994; x_wconf 90' lang='lat' dir='ltr'><strong>apud</strong></span> <span class='ocrx_word' id='word_1_479' title='bbox 976 3924 1238 3978; x_wconf 82' lang='lat' dir='ltr'><strong>Viennam</strong></span> <span class='ocrx_word' id='word_1_480' title='bbox 1286 3923 1580 3980; x_wconf 85' lang='lat' dir='ltr'><strong>Galliarum</strong></span> <span class='ocrx_word' id='word_1_481' title='bbox 1613 3925 1797 3980; x_wconf 88' lang='lat' dir='ltr'><strong>urbem</strong></span> 
     </span>
    </p>
   </div>
   <div class='ocr_carea' id='block_1_69' title="bbox 213 4011 1800 4085">
    <p class='ocr_par' dir='ltr' id='par_1_69' title="bbox 213 4011 1800 4085">
     <span class='ocr_line' id='line_1_69' title="bbox 213 4011 1800 4085; baseline 0.001 -18"><span class='ocrx_word' id='word_1_482' title='bbox 213 4021 339 4083; x_wconf 91' lang='lat' dir='ltr'><strong>post</strong></span> <span class='ocrx_word' id='word_1_483' title='bbox 369 4023 595 4067; x_wconf 88' lang='lat' dir='ltr'><strong>mortem</strong></span> <span class='ocrx_word' id='word_1_484' title='bbox 623 4011 759 4079; x_wconf 91' lang='lat' dir='ltr'><strong>Caii,</strong></span> <span class='ocrx_word' id='word_1_485' title='bbox 791 4013 915 4068; x_wconf 90' lang='lat' dir='ltr'><strong>inde</strong></span> <span class='ocrx_word' id='word_1_486' title='bbox 935 4013 987 4068; x_wconf 90' lang='lat' dir='ltr'><strong>in</strong></span> <span class='ocrx_word' id='word_1_487' title='bbox 1013 4013 1328 4085; x_wconf 87' lang='lat' dir='ltr'><strong>Hispaniam</strong></span> <span class='ocrx_word' id='word_1_488' title='bbox 1353 4030 1473 4069; x_wconf 90' lang='lat' dir='ltr'><strong>cum</strong></span> <span class='ocrx_word' id='word_1_489' title='bbox 1504 4015 1800 4070; x_wconf 89' lang='lat' dir='ltr'><strong>llcrodiade</strong></span> 
     </span>
    </p>
   </div>
   <div class='ocr_carea' id='block_1_70' title="bbox 211 4102 1796 4174">
    <p class='ocr_par' dir='ltr' id='par_1_70' title="bbox 211 4102 1796 4174">
     <span class='ocr_line' id='line_1_70' title="bbox 211 4102 1796 4174; baseline 0.001 -16"><span class='ocrx_word' id='word_1_490' title='bbox 211 4102 452 4172; x_wconf 83' lang='lat' dir='ltr'><strong>fugiens,</strong></span> <span class='ocrx_word' id='word_1_491' title='bbox 480 4116 712 4156; x_wconf 68' lang='lat' dir='ltr'><strong>maerore</strong></span> <span class='ocrx_word' id='word_1_492' title='bbox 734 4104 912 4172; x_wconf 90' lang='lat' dir='ltr'><strong>periit.</strong></span> <span class='ocrx_word' id='word_1_493' title='bbox 938 4103 1164 4170; x_wconf 88' lang='lat' dir='ltr'><strong>Pilatus,</strong></span> <span class='ocrx_word' id='word_1_494' title='bbox 1188 4105 1279 4174; x_wconf 89' lang='lat' dir='ltr'><strong>qui</strong></span> <span class='ocrx_word' id='word_1_495' title='bbox 1302 4107 1621 4160; x_wconf 88' lang='lat' dir='ltr'><strong>sententiam</strong></span> <span class='ocrx_word' id='word_1_496' title='bbox 1643 4107 1796 4159; x_wconf 86' lang='lat' dir='ltr'><strong>dam-</strong></span> 
     </span>
    </p>
   </div>
   <div class='ocr_carea' id='block_1_71' title="bbox 213 4191 1801 4265">
    <p class='ocr_par' dir='ltr' id='par_1_71' title="bbox 213 4191 1801 4265">
     <span class='ocr_line' id='line_1_71' title="bbox 213 4191 1801 4265; baseline 0.001 -17"><span class='ocrx_word' id='word_1_497' title='bbox 213 4192 454 4248; x_wconf 87' lang='lat' dir='ltr'><strong>nationis</strong></span> <span class='ocrx_word' id='word_1_498' title='bbox 481 4193 536 4246; x_wconf 91' lang='lat' dir='ltr'><strong>in</strong></span> <span class='ocrx_word' id='word_1_499' title='bbox 562 4191 834 4248; x_wconf 89' lang='lat' dir='ltr'><strong>Christum</strong></span> <span class='ocrx_word' id='word_1_500' title='bbox 865 4194 1095 4260; x_wconf 89' lang='lat' dir='ltr'><strong>dixerat,</strong></span> <span class='ocrx_word' id='word_1_501' title='bbox 1138 4203 1192 4248; x_wconf 92' lang='lat' dir='ltr'><strong>et</strong></span> <span class='ocrx_word' id='word_1_502' title='bbox 1235 4195 1347 4264; x_wconf 89' lang='lat' dir='ltr'><strong>ipse</strong></span> <span class='ocrx_word' id='word_1_503' title='bbox 1374 4205 1633 4265; x_wconf 90' lang='lat' dir='ltr'><strong>perpetuo</strong></span> <span class='ocrx_word' id='word_1_504' title='bbox 1658 4195 1801 4250; x_wconf 79' lang='lat' dir='ltr'><strong>exsi-</strong></span> 
     </span>
    </p>
   </div>
   <div class='ocr_carea' id='block_1_72' title="bbox 213 4281 1800 4355">
    <p class='ocr_par' dir='ltr' id='par_1_72' title="bbox 213 4281 1800 4355">
     <span class='ocr_line' id='line_1_72' title="bbox 213 4281 1800 4355; baseline 0 -19"><span class='ocrx_word' id='word_1_505' title='bbox 213 4281 289 4338; x_wconf 89' lang='lat' dir='ltr'><strong>lio</strong></span> <span class='ocrx_word' id='word_1_506' title='bbox 317 4281 539 4336; x_wconf 73' lang='lat' dir='ltr'><strong>Vienna:</strong></span> <span class='ocrx_word' id='word_1_507' title='bbox 588 4281 913 4349; x_wconf 87' lang='lat' dir='ltr'><strong>recluditur;</strong></span> <span class='ocrx_word' id='word_1_508' title='bbox 945 4284 1220 4354; x_wconf 90' lang='lat' dir='ltr'><strong>tantisque</strong></span> <span class='ocrx_word' id='word_1_509' title='bbox 1253 4284 1326 4338; x_wconf 88' lang='lat' dir='ltr'><strong>ibi</strong></span> <span class='ocrx_word' id='word_1_510' title='bbox 1368 4284 1642 4355; x_wconf 90' lang='lat' dir='ltr'><strong>irrogante</strong></span> <span class='ocrx_word' id='word_1_511' title='bbox 1670 4283 1800 4338; x_wconf 86' lang='lat' dir='ltr'><strong>Caio</strong></span> 
     </span>
    </p>
   </div>
   <div class='ocr_carea' id='block_1_73' title="bbox 211 4373 1799 4444">
    <p class='ocr_par' dir='ltr' id='par_1_73' title="bbox 211 4373 1799 4444">
     <span class='ocr_line' id='line_1_73' title="bbox 211 4373 1799 4444; baseline 0.001 -16"><span class='ocrx_word' id='word_1_512' title='bbox 211 4373 531 4444; x_wconf 79' lang='lat' dir='ltr'><strong>langoribus</strong></span> <span class='ocrx_word' id='word_1_513' title='bbox 554 4382 865 4428; x_wconf 88' lang='lat' dir='ltr'><strong>coarctatus</strong></span> <span class='ocrx_word' id='word_1_514' title='bbox 900 4383 1002 4440; x_wconf 89' lang='lat' dir='ltr'><strong>est,</strong></span> <span class='ocrx_word' id='word_1_515' title='bbox 1047 4384 1103 4428; x_wconf 92' lang='lat' dir='ltr'><strong>ut</strong></span> <span class='ocrx_word' id='word_1_516' title='bbox 1134 4390 1228 4429; x_wconf 92' lang='lat' dir='ltr'><strong>sua</strong></span> <span class='ocrx_word' id='word_1_517' title='bbox 1261 4389 1320 4429; x_wconf 89' lang='lat' dir='ltr'><strong>se</strong></span> <span class='ocrx_word' id='word_1_518' title='bbox 1356 4374 1799 4429; x_wconf 87' lang='lat' dir='ltr'><strong>transverberans</strong></span> 
     </span>
    </p>
   </div>
   <div class='ocr_carea' id='block_1_74' title="bbox 211 4464 1797 4535">
    <p class='ocr_par' dir='ltr' id='par_1_74' title="bbox 211 4464 1797 4535">
     <span class='ocr_line' id='line_1_74' title="bbox 211 4464 1797 4535; baseline 0 -16"><span class='ocrx_word' id='word_1_519' title='bbox 211 4480 380 4519; x_wconf 87' lang='lat' dir='ltr'><strong>manu</strong></span> <span class='ocrx_word' id='word_1_520' title='bbox 415 4464 676 4518; x_wconf 88' lang='lat' dir='ltr'><strong>malorum</strong></span> <span class='ocrx_word' id='word_1_521' title='bbox 711 4466 1089 4534; x_wconf 88' lang='lat' dir='ltr'><strong>compendium</strong></span> <span class='ocrx_word' id='word_1_522' title='bbox 1124 4466 1315 4519; x_wconf 88' lang='lat' dir='ltr'><strong>mortis</strong></span> <span class='ocrx_word' id='word_1_523' title='bbox 1350 4465 1626 4520; x_wconf 89' lang='lat' dir='ltr'><strong>celeritate</strong></span> <span class='ocrx_word' id='word_1_524' title='bbox 1653 4481 1797 4535; x_wconf 74' lang='lat' dir='ltr'><strong>qua:-</strong></span> 
     </span>
    </p>
   </div>
   <div class='ocr_carea' id='block_1_75' title="bbox 1899 3290 3483 3355">
    <p class='ocr_par' dir='ltr' id='par_1_75' title="bbox 1899 3290 3483 3355">
     <span class='ocr_line' id='line_1_75' title="bbox 1899 3290 3483 3355; baseline 0.004 -11"><span class='ocrx_word' id='word_1_525' title='bbox 1899 3293 2061 3345; x_wconf 90' lang='lat' dir='ltr'><strong>etiam</strong></span> <span class='ocrx_word' id='word_1_526' title='bbox 2087 3291 2348 3355; x_wconf 84' lang='lat' dir='ltr'><strong>meminit,</strong></span> <span class='ocrx_word' id='word_1_527' title='bbox 2376 3290 2515 3346; x_wconf 89' lang='lat' dir='ltr'><strong>facta</strong></span> <span class='ocrx_word' id='word_1_528' title='bbox 2547 3299 2650 3345; x_wconf 92' lang='lat' dir='ltr'><strong>est.</strong></span> <span class='ocrx_word' id='word_1_529' title='bbox 2679 3290 2785 3345; x_wconf 88' lang='lat' dir='ltr'><strong>Sed</strong></span> <span class='ocrx_word' id='word_1_530' title='bbox 2816 3291 3249 3348; x_wconf 86' lang='lat' dir='ltr'><strong>Christianorum</strong></span> <span class='ocrx_word' id='word_1_531' title='bbox 3296 3309 3483 3350; x_wconf 86' lang='lat' dir='ltr'><strong>neces-</strong></span> 
     </span>
    </p>
   </div>
   <div class='ocr_carea' id='block_1_76' title="bbox 1901 3378 3482 3454">
    <p class='ocr_par' dir='ltr' id='par_1_76' title="bbox 1901 3378 3482 3454">
     <span class='ocr_line' id='line_1_76' title="bbox 1901 3378 3482 3454; baseline 0.003 -21"><span class='ocrx_word' id='word_1_532' title='bbox 1901 3381 2174 3444; x_wconf 87' lang='lat' dir='ltr'><strong>sitatibus,</strong></span> <span class='ocrx_word' id='word_1_533' title='bbox 2203 3381 2343 3449; x_wconf 75' lang='lat' dir='ltr'><strong>apud</strong></span> <span class='ocrx_word' id='word_1_534' title='bbox 2400 3378 2826 3450; x_wconf 86' lang='lat' dir='ltr'><strong>Hierosolymam</strong></span> <span class='ocrx_word' id='word_1_535' title='bbox 2875 3382 3152 3437; x_wconf 85' lang='lat' dir='ltr'><strong>convectis</strong></span> <span class='ocrx_word' id='word_1_536' title='bbox 3198 3383 3264 3437; x_wconf 89' lang='lat' dir='ltr'><strong>ab</strong></span> <span class='ocrx_word' id='word_1_537' title='bbox 3312 3383 3482 3454; x_wconf 55' lang='lat' dir='ltr'><strong>{Egy-</strong></span> 
     </span>
    </p>
   </div>
   <div class='ocr_carea' id='block_1_77' title="bbox 1901 3470 3484 3544">
    <p class='ocr_par' dir='ltr' id='par_1_77' title="bbox 1901 3470 3484 3544">
     <span class='ocr_line' id='line_1_77' title="bbox 1901 3470 3484 3544; baseline 0.004 -20"><span class='ocrx_word' id='word_1_538' title='bbox 1901 3482 1993 3542; x_wconf 90' lang='lat' dir='ltr'><strong>pto</strong></span> <span class='ocrx_word' id='word_1_539' title='bbox 2024 3471 2327 3534; x_wconf 88' lang='lat' dir='ltr'><strong>frtnnentis,</strong></span> <span class='ocrx_word' id='word_1_540' title='bbox 2362 3470 2562 3526; x_wconf 90' lang='lat' dir='ltr'><strong>Helena</strong></span> <span class='ocrx_word' id='word_1_541' title='bbox 2593 3471 2970 3541; x_wconf 90' lang='lat' dir='ltr'><strong>Agabenorum</strong></span> <span class='ocrx_word' id='word_1_542' title='bbox 3008 3474 3191 3544; x_wconf 89' lang='lat' dir='ltr'><strong>regina</strong></span> <span class='ocrx_word' id='word_1_543' title='bbox 3221 3489 3484 3530; x_wconf 88' lang='lat' dir='ltr'><strong>conversa</strong></span> 
     </span>
    </p>
   </div>
   <div class='ocr_carea' id='block_1_78' title="bbox 1901 3561 3482 3637">
    <p class='ocr_par' dir='ltr' id='par_1_78' title="bbox 1901 3561 3482 3637">
     <span class='ocr_line' id='line_1_78' title="bbox 1901 3561 3482 3637; baseline 0.002 -20"><span class='ocrx_word' id='word_1_544' title='bbox 1901 3565 1966 3617; x_wconf 90' lang='lat' dir='ltr'><strong>ad</strong></span> <span class='ocrx_word' id='word_1_545' title='bbox 1999 3563 2158 3617; x_wconf 84' lang='lat' dir='ltr'><strong>fidem</strong></span> <span class='ocrx_word' id='word_1_546' title='bbox 2189 3563 2408 3624; x_wconf 86' lang='lat' dir='ltr'><strong>Christi,</strong></span> <span class='ocrx_word' id='word_1_547' title='bbox 2435 3561 2736 3630; x_wconf 86' lang='lat' dir='ltr'><strong>largissime</strong></span> <span class='ocrx_word' id='word_1_548' title='bbox 2768 3563 3115 3618; x_wconf 88' lang='lat' dir='ltr'><strong>ministravit.</strong></span> <span class='ocrx_word' id='word_1_549' title='bbox 3141 3565 3342 3632; x_wconf 89' lang='lat' dir='ltr'><strong>Quinto</strong></span> <span class='ocrx_word' id='word_1_550' title='bbox 3363 3566 3482 3637; x_wconf 88' lang='lat' dir='ltr'><strong>ejus</strong></span> 
     </span>
    </p>
   </div>
   <div class='ocr_carea' id='block_1_79' title="bbox 1902 3653 3481 3723">
    <p class='ocr_par' dir='ltr' id='par_1_79' title="bbox 1902 3653 3481 3723">
     <span class='ocr_line' id='line_1_79' title="bbox 1902 3653 3481 3723; baseline 0.003 -15"><span class='ocrx_word' id='word_1_551' title='bbox 1902 3655 2111 3723; x_wconf 89' lang='lat' dir='ltr'><strong>imperii</strong></span> <span class='ocrx_word' id='word_1_552' title='bbox 2138 3669 2278 3707; x_wconf 91' lang='lat' dir='ltr'><strong>anno</strong></span> <span class='ocrx_word' id='word_1_553' title='bbox 2306 3653 2446 3708; x_wconf 91' lang='lat' dir='ltr'><strong>inter</strong></span> <span class='ocrx_word' id='word_1_554' title='bbox 2478 3653 2712 3707; x_wconf 88' lang='lat' dir='ltr'><strong>Theram</strong></span> <span class='ocrx_word' id='word_1_555' title='bbox 2738 3663 2790 3708; x_wconf 90' lang='lat' dir='ltr'><strong>et</strong></span> <span class='ocrx_word' id='word_1_556' title='bbox 2814 3655 3150 3720; x_wconf 86' lang='lat' dir='ltr'><strong>Therasiam,</strong></span> <span class='ocrx_word' id='word_1_557' title='bbox 3190 3657 3363 3712; x_wconf 86' lang='lat' dir='ltr'><strong>insula</strong></span> <span class='ocrx_word' id='word_1_558' title='bbox 3413 3659 3481 3713; x_wconf 91' lang='lat' dir='ltr'><strong>de</strong></span> 
     </span>
    </p>
   </div>
   <div class='ocr_carea' id='block_1_80' title="bbox 1901 3744 3478 3817">
    <p class='ocr_par' dir='ltr' id='par_1_80' title="bbox 1901 3744 3478 3817">
     <span class='ocr_line' id='line_1_80' title="bbox 1901 3744 3478 3817; baseline 0.002 -17"><span class='ocrx_word' id='word_1_559' title='bbox 1901 3745 2164 3815; x_wconf 88' lang='lat' dir='ltr'><strong>profundo</strong></span> <span class='ocrx_word' id='word_1_560' title='bbox 2187 3744 2409 3800; x_wconf 87' lang='lat' dir='ltr'><strong>emicuit</strong></span> <span class='ocrx_word' id='word_1_561' title='bbox 2433 3745 2651 3814; x_wconf 88' lang='lat' dir='ltr'><strong>triginta</strong></span> <span class='ocrx_word' id='word_1_562' title='bbox 2679 3745 2978 3801; x_wconf 89' lang='lat' dir='ltr'><strong>stadiorum</strong></span> <span class='ocrx_word' id='word_1_563' title='bbox 3008 3748 3185 3817; x_wconf 85' lang='lat' dir='ltr'><strong>spatio</strong></span> <span class='ocrx_word' id='word_1_564' title='bbox 3239 3758 3478 3803; x_wconf 83' lang='lat' dir='ltr'><strong>extenta.</strong></span> 
     </span>
    </p>
   </div>
   <div class='ocr_carea' id='block_1_81' title="bbox 1903 3833 3482 3908">
    <p class='ocr_par' dir='ltr' id='par_1_81' title="bbox 1903 3833 3482 3908">
     <span class='ocr_line' id='line_1_81' title="bbox 1903 3833 3482 3908; baseline 0.001 -15"><span class='ocrx_word' id='word_1_565' title='bbox 1903 3839 2143 3908; x_wconf 88' lang='lat' dir='ltr'><strong>Septimo</strong></span> <span class='ocrx_word' id='word_1_566' title='bbox 2172 3837 2381 3906; x_wconf 90' lang='lat' dir='ltr'><strong>imperii</strong></span> <span class='ocrx_word' id='word_1_567' title='bbox 2412 3837 2528 3906; x_wconf 92' lang='lat' dir='ltr'><strong>ejus</strong></span> <span class='ocrx_word' id='word_1_568' title='bbox 2557 3853 2698 3891; x_wconf 88' lang='lat' dir='ltr'><strong>anno</strong></span> <span class='ocrx_word' id='word_1_569' title='bbox 2743 3839 2844 3893; x_wconf 93' lang='lat' dir='ltr'><strong>sub</strong></span> <span class='ocrx_word' id='word_1_570' title='bbox 2889 3845 3240 3908; x_wconf 83' lang='lat' dir='ltr'><strong>procuratore</strong></span> <span class='ocrx_word' id='word_1_571' title='bbox 3284 3833 3482 3895; x_wconf 59' lang='lat' dir='ltr'><strong>Iudaee</strong></span> 
     </span>
    </p>
   </div>
   <div class='ocr_carea' id='block_1_82' title="bbox 1902 3926 3483 3999">
    <p class='ocr_par' dir='ltr' id='par_1_82' title="bbox 1902 3926 3483 3999">
     <span class='ocr_line' id='line_1_82' title="bbox 1902 3926 3483 3999; baseline 0.004 -19"><span class='ocrx_word' id='word_1_572' title='bbox 1902 3931 2165 3994; x_wconf 76' lang='lat' dir='ltr'><strong>Cumano,</strong></span> <span class='ocrx_word' id='word_1_573' title='bbox 2197 3928 2252 3982; x_wconf 91' lang='lat' dir='ltr'><strong>in</strong></span> <span class='ocrx_word' id='word_1_574' title='bbox 2309 3926 2693 3999; x_wconf 85' lang='lat' dir='ltr'><strong>Hierosolymis</strong></span> <span class='ocrx_word' id='word_1_575' title='bbox 2736 3937 2885 3983; x_wconf 89' lang='lat' dir='ltr'><strong>tanta</strong></span> <span class='ocrx_word' id='word_1_576' title='bbox 2954 3929 3146 3984; x_wconf 73' lang='lat' dir='ltr'><strong>seditio</strong></span> <span class='ocrx_word' id='word_1_577' title='bbox 3196 3930 3250 3985; x_wconf 91' lang='lat' dir='ltr'><strong>in</strong></span> <span class='ocrx_word' id='word_1_578' title='bbox 3297 3930 3483 3986; x_wconf 85' lang='lat' dir='ltr'><strong>diebus</strong></span> 
     </span>
    </p>
   </div>
   <div class='ocr_carea' id='block_1_83' title="bbox 1901 4021 3482 4094">
    <p class='ocr_par' dir='ltr' id='par_1_83' title="bbox 1901 4021 3482 4094">
     <span class='ocr_line' id='line_1_83' title="bbox 1901 4021 3482 4094; baseline 0.002 -20"><span class='ocrx_word' id='word_1_579' title='bbox 1901 4028 2426 4092; x_wconf 83' lang='lat' dir='ltr'><strong>azyntornmexorta</strong></span> <span class='ocrx_word' id='word_1_580' title='bbox 2445 4028 2548 4085; x_wconf 90' lang='lat' dir='ltr'><strong>est,</strong></span> <span class='ocrx_word' id='word_1_581' title='bbox 2580 4029 2639 4074; x_wconf 93' lang='lat' dir='ltr'><strong>ut</strong></span> <span class='ocrx_word' id='word_1_582' title='bbox 2671 4021 2724 4075; x_wconf 92' lang='lat' dir='ltr'><strong>in</strong></span> <span class='ocrx_word' id='word_1_583' title='bbox 2769 4030 3044 4092; x_wconf 89' lang='lat' dir='ltr'><strong>portarmn</strong></span> <span class='ocrx_word' id='word_1_584' title='bbox 3090 4023 3239 4077; x_wconf 84' lang='lat' dir='ltr'><strong>exitu</strong></span> <span class='ocrx_word' id='word_1_585' title='bbox 3286 4024 3482 4094; x_wconf 92' lang='lat' dir='ltr'><strong>populo</strong></span> 
     </span>
    </p>
   </div>
   <div class='ocr_carea' id='block_1_84' title="bbox 1902 4111 3479 4184">
    <p class='ocr_par' dir='ltr' id='par_1_84' title="bbox 1902 4111 3479 4184">
     <span class='ocr_line' id='line_1_84' title="bbox 1902 4111 3479 4184; baseline 0 -16"><span class='ocrx_word' id='word_1_586' title='bbox 1902 4121 2200 4177; x_wconf 89' lang='lat' dir='ltr'><strong>coarctato,</strong></span> <span class='ocrx_word' id='word_1_587' title='bbox 2235 4111 2452 4182; x_wconf 85' lang='lat' dir='ltr'><strong>triginta</strong></span> <span class='ocrx_word' id='word_1_588' title='bbox 2482 4111 2648 4166; x_wconf 88' lang='lat' dir='ltr'><strong>millia</strong></span> <span class='ocrx_word' id='word_1_589' title='bbox 2682 4111 2992 4168; x_wconf 70' lang='lat' dir='ltr'><strong>Jndzeorum</strong></span> <span class='ocrx_word' id='word_1_590' title='bbox 3019 4113 3166 4169; x_wconf 58' lang='lat' dir='ltr'><strong>caede</strong></span> <span class='ocrx_word' id='word_1_591' title='bbox 3190 4125 3479 4184; x_wconf 86' lang='lat' dir='ltr'><strong>prostrata,</strong></span> 
     </span>
    </p>
   </div>
   <div class='ocr_carea' id='block_1_85' title="bbox 1901 4205 3482 4277">
    <p class='ocr_par' dir='ltr' id='par_1_85' title="bbox 1901 4205 3482 4277">
     <span class='ocr_line' id='line_1_85' title="bbox 1901 4205 3482 4277; baseline -0.001 -14"><span class='ocrx_word' id='word_1_592' title='bbox 1901 4215 1956 4263; x_wconf 79' lang='lat' dir='ltr'><strong>et</strong></span> <span class='ocrx_word' id='word_1_593' title='bbox 1983 4206 2387 4277; x_wconf 82' lang='lat' dir='ltr'><strong>compressione</strong></span> <span class='ocrx_word' id='word_1_594' title='bbox 2413 4205 2673 4261; x_wconf 85' lang='lat' dir='ltr'><strong>suffocata</strong></span> <span class='ocrx_word' id='word_1_595' title='bbox 2703 4206 3025 4261; x_wconf 88' lang='lat' dir='ltr'><strong>referantur.</strong></span> <span class='ocrx_word' id='word_1_596' title='bbox 3055 4205 3310 4262; x_wconf 87' lang='lat' dir='ltr'><strong>Claudius</strong></span> <span class='ocrx_word' id='word_1_597' title='bbox 3337 4223 3482 4262; x_wconf 93' lang='lat' dir='ltr'><strong>nono</strong></span> 
     </span>
    </p>
   </div>
   <div class='ocr_carea' id='block_1_86' title="bbox 1901 4296 3478 4371">
    <p class='ocr_par' dir='ltr' id='par_1_86' title="bbox 1901 4296 3478 4371">
     <span class='ocr_line' id='line_1_86' title="bbox 1901 4296 3478 4371; baseline 0.001 -16"><span class='ocrx_word' id='word_1_598' title='bbox 1901 4315 2044 4356; x_wconf 90' lang='lat' dir='ltr'><strong>anno</strong></span> <span class='ocrx_word' id='word_1_599' title='bbox 2073 4299 2283 4368; x_wconf 90' lang='lat' dir='ltr'><strong>imperii</strong></span> <span class='ocrx_word' id='word_1_600' title='bbox 2307 4297 2411 4361; x_wconf 92' lang='lat' dir='ltr'><strong>sui,</strong></span> <span class='ocrx_word' id='word_1_601' title='bbox 2435 4296 2650 4354; x_wconf 70' lang='lat' dir='ltr'><strong>Jndteos</strong></span> <span class='ocrx_word' id='word_1_602' title='bbox 2679 4299 3069 4354; x_wconf 91' lang='lat' dir='ltr'><strong>tumultuantes</strong></span> <span class='ocrx_word' id='word_1_603' title='bbox 3095 4299 3261 4354; x_wconf 92' lang='lat' dir='ltr'><strong>Roma</strong></span> <span class='ocrx_word' id='word_1_604' title='bbox 3306 4314 3478 4371; x_wconf 87' lang='lat' dir='ltr'><strong>expu-</strong></span> 
     </span>
    </p>
   </div>
   <div class='ocr_carea' id='block_1_87' title="bbox 1902 4390 3482 4448">
    <p class='ocr_par' dir='ltr' id='par_1_87' title="bbox 1902 4390 3482 4448">
     <span class='ocr_line' id='line_1_87' title="bbox 1902 4390 3482 4448; baseline 0 -1"><span class='ocrx_word' id='word_1_605' title='bbox 1902 4393 1983 4447; x_wconf 86' lang='lat' dir='ltr'><strong>lit.</strong></span> <span class='ocrx_word' id='word_1_606' title='bbox 2019 4392 2428 4448; x_wconf 91' lang='lat' dir='ltr'><strong>Snetoninshoc</strong></span> <span class='ocrx_word' id='word_1_607' title='bbox 2471 4392 2630 4446; x_wconf 89' lang='lat' dir='ltr'><strong>modo</strong></span> <span class='ocrx_word' id='word_1_608' title='bbox 2675 4392 2801 4448; x_wconf 90' lang='lat' dir='ltr'><strong>inde</strong></span> <span class='ocrx_word' id='word_1_609' title='bbox 2850 4390 3015 4446; x_wconf 88' lang='lat' dir='ltr'><strong>refert</strong></span> <span class='ocrx_word' id='word_1_610' title='bbox 3046 4409 3059 4445; x_wconf 90' lang='lat'><strong>:</strong></span> <span class='ocrx_word' id='word_1_611' title='bbox 3089 4391 3343 4447; x_wconf 84' lang='lat' dir='ltr'><strong>Claudius</strong></span> <span class='ocrx_word' id='word_1_612' title='bbox 3389 4391 3482 4447; x_wconf 81' lang='lat' dir='ltr'><strong>Ju-</strong></span> 
     </span>
    </p>
   </div>
   <div class='ocr_carea' id='block_1_88' title="bbox 1903 4479 3480 4550">
    <p class='ocr_par' dir='ltr' id='par_1_88' title="bbox 1903 4479 3480 4550">
     <span class='ocr_line' id='line_1_88' title="bbox 1903 4479 3480 4550; baseline 0.001 -13"><span class='ocrx_word' id='word_1_613' title='bbox 1903 4482 2048 4538; x_wconf 73' lang='lat' dir='ltr'><strong>dzeos</strong></span> <span class='ocrx_word' id='word_1_614' title='bbox 2071 4480 2362 4550; x_wconf 87' lang='lat' dir='ltr'><strong>impulsore</strong></span> <span class='ocrx_word' id='word_1_615' title='bbox 2383 4481 2620 4543; x_wconf 89' lang='lat' dir='ltr'><strong>Christo,</strong></span> <span class='ocrx_word' id='word_1_616' title='bbox 2643 4480 2858 4534; x_wconf 74' lang='lat' dir='ltr'><strong>assidue</strong></span> <span class='ocrx_word' id='word_1_617' title='bbox 2876 4479 3278 4548; x_wconf 89' lang='lat' dir='ltr'><strong>tumultuantes,</strong></span> <span class='ocrx_word' id='word_1_618' title='bbox 3306 4481 3480 4538; x_wconf 87' lang='lat' dir='ltr'><strong>Roma</strong></span> 
     </span>
    </p>
   </div>
   <div class='ocr_carea' id='block_1_89' title="bbox 211 4537 3478 4643">
    <p class='ocr_par' dir='ltr' id='par_1_89' title="bbox 211 4537 3478 4643">
     <span class='ocr_line' id='line_1_89' title="bbox 211 4537 3478 4643; baseline 0.001 -33"><span class='ocrx_word' id='word_1_619' title='bbox 211 4555 386 4610; x_wconf 81' lang='lat' dir='ltr'><strong>sierit.</strong></span> <span class='ocrx_word' id='word_1_620' title='bbox 439 4553 721 4610; x_wconf 63' lang='lat' dir='ltr'><strong>Mattheus</strong></span> <span class='ocrx_word' id='word_1_621' title='bbox 767 4555 1111 4626; x_wconf 88' lang='lat' dir='ltr'><strong>Evangelium</strong></span> <span class='ocrx_word' id='word_1_622' title='bbox 1145 4555 1202 4609; x_wconf 94' lang='lat' dir='ltr'><strong>in</strong></span> <span class='ocrx_word' id='word_1_623' title='bbox 1243 4553 1425 4609; x_wconf 71' lang='lat' dir='ltr'><strong>Iudaea</strong></span> <span class='ocrx_word' id='word_1_624' title='bbox 1474 4555 1792 4624; x_wconf 73' lang='lat' dir='ltr'><strong>prazdicans,</strong></span> <span class='ocrx_word' id='word_1_625' title='bbox 1827 4537 1873 4596; x_wconf 81' lang='lat' dir='ltr'>D</span> <span class='ocrx_word' id='word_1_626' title='bbox 1898 4571 2120 4640; x_wconf 67' lang='grc' dir='ltr'><strong>οκρυιίι,</strong></span> <span class='ocrx_word' id='word_1_627' title='bbox 2148 4537 2228 4624; x_wconf 69' lang='lat' dir='ltr'><strong>be</strong></span> <span class='ocrx_word' id='word_1_628' title='bbox 2250 4570 2438 4625; x_wconf 66' lang='lat' dir='ltr'><strong>eadem</strong></span> <span class='ocrx_word' id='word_1_629' title='bbox 2467 4537 2776 4639; x_wconf 57' lang='lat' dir='ltr'><strong>cxpujsione</strong></span> <span class='ocrx_word' id='word_1_630' title='bbox 2803 4569 2977 4624; x_wconf 69' lang='lat' dir='ltr'><strong>Lucas</strong></span> <span class='ocrx_word' id='word_1_631' title='bbox 3002 4570 3056 4624; x_wconf 77' lang='lat' dir='ltr'><strong>in</strong></span> <span class='ocrx_word' id='word_1_632' title='bbox 3084 4537 3307 4627; x_wconf 62' lang='grc' dir='ltr'><strong>Αειξδιίε</strong></span> <span class='ocrx_word' id='word_1_633' title='bbox 3347 4588 3478 4643; x_wconf 69' lang='lat' dir='ltr'><strong>apo-</strong></span> 
     </span>
    </p>
   </div>
   <div class='ocr_carea' id='block_1_90' title="bbox 212 4646 1795 4718">
    <p class='ocr_par' dir='ltr' id='par_1_90' title="bbox 212 4646 1795 4718">
     <span class='ocr_line' id='line_1_90' title="bbox 212 4646 1795 4718; baseline -0.001 -16"><span class='ocrx_word' id='word_1_634' title='bbox 212 4647 496 4703; x_wconf 86' lang='lat' dir='ltr'><strong>Hebraicis</strong></span> <span class='ocrx_word' id='word_1_635' title='bbox 525 4647 718 4703; x_wconf 86' lang='lat' dir='ltr'><strong>litteris</strong></span> <span class='ocrx_word' id='word_1_636' title='bbox 742 4648 986 4718; x_wconf 89' lang='lat' dir='ltr'><strong>scripsit;</strong></span> <span class='ocrx_word' id='word_1_637' title='bbox 1017 4647 1177 4703; x_wconf 88' lang='lat' dir='ltr'><strong>Caius</strong></span> <span class='ocrx_word' id='word_1_638' title='bbox 1206 4646 1442 4717; x_wconf 88' lang='lat' dir='ltr'><strong>Caligula</strong></span> <span class='ocrx_word' id='word_1_639' title='bbox 1470 4662 1499 4700; x_wconf 90' lang='lat' dir='ltr'><strong>a</strong></span> <span class='ocrx_word' id='word_1_640' title='bbox 1523 4646 1636 4700; x_wconf 91' lang='lat' dir='ltr'><strong>suis</strong></span> <span class='ocrx_word' id='word_1_641' title='bbox 1666 4662 1795 4716; x_wconf 82' lang='lat' dir='ltr'><strong>pro-</strong></span> 
     </span>
    </p>
   </div>
   <div class='ocr_carea' id='block_1_91' title="bbox 215 4737 1798 4808">
    <p class='ocr_par' dir='ltr' id='par_1_91' title="bbox 215 4737 1798 4808">
     <span class='ocr_line' id='line_1_91' title="bbox 215 4737 1798 4808; baseline -0.001 -15"><span class='ocrx_word' id='word_1_642' title='bbox 215 4738 517 4795; x_wconf 84' lang='lat' dir='ltr'><strong>tectoribus</strong></span> <span class='ocrx_word' id='word_1_643' title='bbox 541 4740 753 4794; x_wconf 90' lang='lat' dir='ltr'><strong>occisus</strong></span> <span class='ocrx_word' id='word_1_644' title='bbox 776 4749 878 4794; x_wconf 88' lang='lat' dir='ltr'><strong>est.</strong></span> <span class='ocrx_word' id='word_1_645' title='bbox 910 4740 1026 4793; x_wconf 92' lang='lat' dir='ltr'><strong>Duo</strong></span> <span class='ocrx_word' id='word_1_646' title='bbox 1055 4738 1214 4792; x_wconf 89' lang='lat' dir='ltr'><strong>libelli</strong></span> <span class='ocrx_word' id='word_1_647' title='bbox 1245 4738 1297 4792; x_wconf 91' lang='lat' dir='ltr'><strong>in</strong></span> <span class='ocrx_word' id='word_1_648' title='bbox 1328 4737 1554 4792; x_wconf 87' lang='lat' dir='ltr'><strong>secretis</strong></span> <span class='ocrx_word' id='word_1_649' title='bbox 1576 4738 1692 4808; x_wconf 87' lang='lat' dir='ltr'><strong>cjus</strong></span> <span class='ocrx_word' id='word_1_650' title='bbox 1721 4754 1798 4792; x_wconf 85' lang='lat' dir='ltr'><strong>re-</strong></span> 
     </span>
    </p>
   </div>
   <div class='ocr_carea' id='block_1_92' title="bbox 211 4828 1797 4899">
    <p class='ocr_par' dir='ltr' id='par_1_92' title="bbox 211 4828 1797 4899">
     <span class='ocr_line' id='line_1_92' title="bbox 211 4828 1797 4899; baseline -0.001 -17"><span class='ocrx_word' id='word_1_651' title='bbox 211 4830 375 4898; x_wconf 91' lang='lat' dir='ltr'><strong>perti,</strong></span> <span class='ocrx_word' id='word_1_652' title='bbox 414 4844 645 4898; x_wconf 91' lang='lat' dir='ltr'><strong>quorum</strong></span> <span class='ocrx_word' id='word_1_653' title='bbox 686 4828 838 4884; x_wconf 89' lang='lat' dir='ltr'><strong>alteri</strong></span> <span class='ocrx_word' id='word_1_654' title='bbox 871 4829 1051 4899; x_wconf 91' lang='lat' dir='ltr'><strong>pugio,</strong></span> <span class='ocrx_word' id='word_1_655' title='bbox 1081 4829 1234 4882; x_wconf 89' lang='lat' dir='ltr'><strong>alteri</strong></span> <span class='ocrx_word' id='word_1_656' title='bbox 1255 4828 1464 4898; x_wconf 89' lang='lat' dir='ltr'><strong>gladius</strong></span> <span class='ocrx_word' id='word_1_657' title='bbox 1508 4843 1606 4896; x_wconf 90' lang='lat' dir='ltr'><strong>pro</strong></span> <span class='ocrx_word' id='word_1_658' title='bbox 1644 4829 1797 4897; x_wconf 90' lang='lat' dir='ltr'><strong>signo</strong></span> 
     </span>
    </p>
   </div>
   <div class='ocr_carea' id='block_1_93' title="bbox 211 4917 1798 4987">
    <p class='ocr_par' dir='ltr' id='par_1_93' title="bbox 211 4917 1798 4987">
     <span class='ocr_line' id='line_1_93' title="bbox 211 4917 1798 4987; baseline -0.001 -15"><span class='ocrx_word' id='word_1_659' title='bbox 211 4919 452 4973; x_wconf 90' lang='lat' dir='ltr'><strong>nominis</strong></span> <span class='ocrx_word' id='word_1_660' title='bbox 497 4917 802 4987; x_wconf 89' lang='lat' dir='ltr'><strong>adscriptns</strong></span> <span class='ocrx_word' id='word_1_661' title='bbox 821 4927 958 4982; x_wconf 90' lang='lat' dir='ltr'><strong>erat,</strong></span> <span class='ocrx_word' id='word_1_662' title='bbox 986 4917 1402 4972; x_wconf 90' lang='lat' dir='ltr'><strong>lectissimorum</strong></span> <span class='ocrx_word' id='word_1_663' title='bbox 1436 4917 1673 4982; x_wconf 84' lang='lat' dir='ltr'><strong>virorum</strong></span> <span class='ocrx_word' id='word_1_664' title='bbox 1703 4933 1798 4971; x_wconf 82' lang='lat' dir='ltr'><strong>no-</strong></span> 
     </span>
    </p>
   </div>
   <div class='ocr_carea' id='block_1_94' title="bbox 210 5008 1792 5074">
    <p class='ocr_par' dir='ltr' id='par_1_94' title="bbox 210 5008 1792 5074">
     <span class='ocr_line' id='line_1_94' title="bbox 210 5008 1792 5074; baseline 0 -12"><span class='ocrx_word' id='word_1_665' title='bbox 210 5008 363 5062; x_wconf 87' lang='lat' dir='ltr'><strong>mina</strong></span> <span class='ocrx_word' id='word_1_666' title='bbox 389 5016 448 5060; x_wconf 90' lang='lat' dir='ltr'><strong>et</strong></span> <span class='ocrx_word' id='word_1_667' title='bbox 484 5017 641 5062; x_wconf 90' lang='lat' dir='ltr'><strong>notas</strong></span> <span class='ocrx_word' id='word_1_668' title='bbox 677 5009 837 5064; x_wconf 88' lang='lat' dir='ltr'><strong>morti</strong></span> <span class='ocrx_word' id='word_1_669' title='bbox 876 5009 1264 5064; x_wconf 89' lang='lat' dir='ltr'><strong>destinatorum</strong></span> <span class='ocrx_word' id='word_1_670' title='bbox 1292 5009 1662 5074; x_wconf 90' lang='lat' dir='ltr'><strong>continentes;</strong></span> <span class='ocrx_word' id='word_1_671' title='bbox 1711 5009 1792 5062; x_wconf 89' lang='lat' dir='ltr'><strong>in-</strong></span> 
     </span>
    </p>
   </div>
   <div class='ocr_carea' id='block_1_95' title="bbox 211 5099 1790 5170">
    <p class='ocr_par' dir='ltr' id='par_1_95' title="bbox 211 5099 1790 5170">
     <span class='ocr_line' id='line_1_95' title="bbox 211 5099 1790 5170; baseline 0.001 -19"><span class='ocrx_word' id='word_1_672' title='bbox 211 5108 486 5169; x_wconf 86' lang='lat' dir='ltr'><strong>ventaque</strong></span> <span class='ocrx_word' id='word_1_673' title='bbox 515 5099 587 5153; x_wconf 91' lang='lat' dir='ltr'><strong>ibi</strong></span> <span class='ocrx_word' id='word_1_674' title='bbox 617 5108 698 5154; x_wconf 88' lang='lat' dir='ltr'><strong>est</strong></span> <span class='ocrx_word' id='word_1_675' title='bbox 729 5115 853 5154; x_wconf 89' lang='lat' dir='ltr'><strong>arca</strong></span> <span class='ocrx_word' id='word_1_676' title='bbox 895 5099 1100 5170; x_wconf 92' lang='lat' dir='ltr'><strong>ingens,</strong></span> <span class='ocrx_word' id='word_1_677' title='bbox 1132 5101 1404 5155; x_wconf 89' lang='lat' dir='ltr'><strong>variorum</strong></span> <span class='ocrx_word' id='word_1_678' title='bbox 1439 5115 1790 5163; x_wconf 89' lang='lat' dir='ltr'><strong>venenorum,</strong></span> 
     </span>
    </p>
   </div>
   <div class='ocr_carea' id='block_1_96' title="bbox 213 5191 1792 5263">
    <p class='ocr_par' dir='ltr' id='par_1_96' title="bbox 213 5191 1792 5263">
     <span class='ocr_line' id='line_1_96' title="bbox 213 5191 1792 5263; baseline 0.001 -19"><span class='ocrx_word' id='word_1_679' title='bbox 213 5191 412 5260; x_wconf 89' lang='lat' dir='ltr'><strong>quibus</strong></span> <span class='ocrx_word' id='word_1_680' title='bbox 436 5206 562 5245; x_wconf 85' lang='lat' dir='ltr'><strong>mox</strong></span> <span class='ocrx_word' id='word_1_681' title='bbox 581 5191 803 5247; x_wconf 86' lang='lat' dir='ltr'><strong>Claudio</strong></span> <span class='ocrx_word' id='word_1_682' title='bbox 822 5191 1035 5247; x_wconf 72' lang='lat' dir='ltr'><strong>Ctesarc</strong></span> <span class='ocrx_word' id='word_1_683' title='bbox 1056 5193 1276 5263; x_wconf 89' lang='lat' dir='ltr'><strong>jubente</strong></span> <span class='ocrx_word' id='word_1_684' title='bbox 1305 5192 1566 5248; x_wconf 87' lang='lat' dir='ltr'><strong>demersis</strong></span> <span class='ocrx_word' id='word_1_685' title='bbox 1596 5191 1792 5247; x_wconf 90' lang='lat' dir='ltr'><strong>infecta</strong></span> 
     </span>
    </p>
   </div>
   <div class='ocr_carea' id='block_1_97' title="bbox 214 5281 1684 5354">
    <p class='ocr_par' dir='ltr' id='par_1_97' title="bbox 214 5281 1684 5354">
     <span class='ocr_line' id='line_1_97' title="bbox 214 5281 1684 5354; baseline -0.001 -17"><span class='ocrx_word' id='word_1_686' title='bbox 214 5281 389 5337; x_wconf 84' lang='lat' dir='ltr'><strong>maria</strong></span> <span class='ocrx_word' id='word_1_687' title='bbox 411 5282 719 5348; x_wconf 87' lang='lat' dir='ltr'><strong>traduntur,</strong></span> <span class='ocrx_word' id='word_1_688' title='bbox 751 5298 856 5336; x_wconf 92' lang='lat' dir='ltr'><strong>non</strong></span> <span class='ocrx_word' id='word_1_689' title='bbox 881 5283 996 5338; x_wconf 91' lang='lat' dir='ltr'><strong>sine</strong></span> <span class='ocrx_word' id='word_1_690' title='bbox 1026 5297 1220 5354; x_wconf 87' lang='lat' dir='ltr'><strong>magno</strong></span> <span class='ocrx_word' id='word_1_691' title='bbox 1245 5282 1474 5352; x_wconf 88' lang='lat' dir='ltr'><strong>piscium</strong></span> <span class='ocrx_word' id='word_1_692' title='bbox 1499 5283 1684 5338; x_wconf 80' lang='lat' dir='ltr'><strong>exitio.</strong></span> 
     </span>
    </p>
   </div>
   <div class='ocr_carea' id='block_1_98' title="bbox 288 5392 1790 5469">
    <p class='ocr_par' dir='ltr' id='par_1_98' title="bbox 288 5392 1790 5469">
     <span class='ocr_line' id='line_1_98' title="bbox 288 5392 1790 5469; baseline -0.003 -17"><span class='ocrx_word' id='word_1_693' title='bbox 288 5392 407 5469; x_wconf 69' lang='grc'><strong>[45]</strong></span> <span class='ocrx_word' id='word_1_694' title='bbox 459 5395 713 5452; x_wconf 88' lang='lat' dir='ltr'><strong>Claudius</strong></span> <span class='ocrx_word' id='word_1_695' title='bbox 796 5397 1038 5466; x_wconf 88' lang='lat' dir='ltr'><strong>regnavit</strong></span> <span class='ocrx_word' id='word_1_696' title='bbox 1129 5395 1286 5450; x_wconf 90' lang='lat' dir='ltr'><strong>annis</strong></span> <span class='ocrx_word' id='word_1_697' title='bbox 1361 5396 1790 5463; x_wconf 89' lang='lat' dir='ltr'><strong>quatuordecim.</strong></span> 
     </span>
    </p>
   </div>
   <div class='ocr_carea' id='block_1_99' title="bbox 215 5487 1797 5558">
    <p class='ocr_par' dir='ltr' id='par_1_99' title="bbox 215 5487 1797 5558">
     <span class='ocr_line' id='line_1_99' title="bbox 215 5487 1797 5558; baseline -0.003 -14"><span class='ocrx_word' id='word_1_698' title='bbox 215 5487 458 5544; x_wconf 79' lang='lat' dir='ltr'><strong>Exordio</strong></span> <span class='ocrx_word' id='word_1_699' title='bbox 487 5489 637 5558; x_wconf 86' lang='lat' dir='ltr'><strong>regni</strong></span> <span class='ocrx_word' id='word_1_700' title='bbox 657 5487 773 5555; x_wconf 86' lang='lat' dir='ltr'><strong>ejus</strong></span> <span class='ocrx_word' id='word_1_701' title='bbox 801 5488 994 5544; x_wconf 88' lang='lat' dir='ltr'><strong>Petrus</strong></span> <span class='ocrx_word' id='word_1_702' title='bbox 1020 5489 1084 5542; x_wconf 88' lang='lat' dir='ltr'><strong>ad</strong></span> <span class='ocrx_word' id='word_1_703' title='bbox 1129 5487 1493 5557; x_wconf 89' lang='lat' dir='ltr'><strong>superandum</strong></span> <span class='ocrx_word' id='word_1_704' title='bbox 1523 5487 1797 5541; x_wconf 86' lang='lat' dir='ltr'><strong>Simonem</strong></span> 
     </span>
    </p>
   </div>
   <div class='ocr_carea' id='block_1_100' title="bbox 217 5574 1799 5648">
    <p class='ocr_par' dir='ltr' id='par_1_100' title="bbox 217 5574 1799 5648">
     <span class='ocr_line' id='line_1_100' title="bbox 217 5574 1799 5648; baseline -0.001 -17"><span class='ocrx_word' id='word_1_705' title='bbox 217 5592 495 5648; x_wconf 87' lang='lat' dir='ltr'><strong>magnum,</strong></span> <span class='ocrx_word' id='word_1_706' title='bbox 535 5593 659 5632; x_wconf 91' lang='lat' dir='ltr'><strong>cum</strong></span> <span class='ocrx_word' id='word_1_707' title='bbox 699 5577 850 5647; x_wconf 91' lang='lat' dir='ltr'><strong>prius</strong></span> <span class='ocrx_word' id='word_1_708' title='bbox 887 5577 1277 5632; x_wconf 86' lang='lat' dir='ltr'><strong>Antiochenam</strong></span> <span class='ocrx_word' id='word_1_709' title='bbox 1317 5574 1592 5630; x_wconf 89' lang='lat' dir='ltr'><strong>fundasset</strong></span> <span class='ocrx_word' id='word_1_710' title='bbox 1620 5575 1799 5630; x_wconf 85' lang='lat' dir='ltr'><strong>Eccle-</strong></span> 
     </span>
    </p>
   </div>
   <div class='ocr_carea' id='block_1_101' title="bbox 216 5667 1802 5735">
    <p class='ocr_par' dir='ltr' id='par_1_101' title="bbox 216 5667 1802 5735">
     <span class='ocr_line' id='line_1_101' title="bbox 216 5667 1802 5735; baseline -0.001 -11"><span class='ocrx_word' id='word_1_711' title='bbox 216 5685 377 5734; x_wconf 83' lang='lat' dir='ltr'><strong>stam,</strong></span> <span class='ocrx_word' id='word_1_712' title='bbox 403 5671 630 5725; x_wconf 87' lang='lat' dir='ltr'><strong>Romam</strong></span> <span class='ocrx_word' id='word_1_713' title='bbox 653 5671 819 5735; x_wconf 89' lang='lat' dir='ltr'><strong>venit,</strong></span> <span class='ocrx_word' id='word_1_714' title='bbox 841 5678 894 5726; x_wconf 90' lang='lat' dir='ltr'><strong>et</strong></span> <span class='ocrx_word' id='word_1_715' title='bbox 917 5671 1206 5724; x_wconf 90' lang='lat' dir='ltr'><strong>salutarem</strong></span> <span class='ocrx_word' id='word_1_716' title='bbox 1231 5668 1438 5722; x_wconf 82' lang='lat' dir='ltr'><strong>cunetis‘</strong></span> <span class='ocrx_word' id='word_1_717' title='bbox 1463 5667 1802 5722; x_wconf 88' lang='lat' dir='ltr'><strong>credentibus</strong></span> 
     </span>
    </p>
   </div>
   <div class='ocr_carea' id='block_1_102' title="bbox 219 5759 1778 5832">
    <p class='ocr_par' dir='ltr' id='par_1_102' title="bbox 219 5759 1778 5832">
     <span class='ocr_line' id='line_1_102' title="bbox 219 5759 1778 5832; baseline 0 -18"><span class='ocrx_word' id='word_1_718' title='bbox 219 5759 381 5819; x_wconf 77' lang='lat' dir='ltr'><strong>ﬁdem</strong></span> <span class='ocrx_word' id='word_1_719' title='bbox 427 5763 568 5820; x_wconf 78' lang='lat' dir='ltr'><strong>ﬁdeli</strong></span> <span class='ocrx_word' id='word_1_720' title='bbox 606 5764 773 5820; x_wconf 89' lang='lat' dir='ltr'><strong>verbo</strong></span> <span class='ocrx_word' id='word_1_721' title='bbox 805 5763 1006 5828; x_wconf 88' lang='lat' dir='ltr'><strong>docuit;</strong></span> <span class='ocrx_word' id='word_1_722' title='bbox 1053 5760 1546 5832; x_wconf 76' lang='lat' dir='ltr'><strong>potentissiniisqne</strong></span> <span class='ocrx_word' id='word_1_723' title='bbox 1592 5760 1778 5814; x_wconf 87' lang='lat' dir='ltr'><strong>virtuti</strong></span> 
     </span>
    </p>
   </div>
   <div class='ocr_carea' id='block_1_103' title="bbox 1900 4659 3480 4731">
    <p class='ocr_par' dir='ltr' id='par_1_103' title="bbox 1900 4659 3480 4731">
     <span class='ocr_line' id='line_1_103' title="bbox 1900 4659 3480 4731; baseline 0.001 -13"><span class='ocrx_word' id='word_1_724' title='bbox 1900 4664 2159 4718; x_wconf 87' lang='lat' dir='ltr'><strong>stolorum</strong></span> <span class='ocrx_word' id='word_1_725' title='bbox 2199 4661 2384 4717; x_wconf 86' lang='lat' dir='ltr'><strong>refert.</strong></span> <span class='ocrx_word' id='word_1_726' title='bbox 2411 4659 2791 4716; x_wconf 83' lang='lat' dir='ltr'><strong>Verumtamen</strong></span> <span class='ocrx_word' id='word_1_727' title='bbox 2840 4662 3090 4731; x_wconf 88' lang='lat' dir='ltr'><strong>sequenti</strong></span> <span class='ocrx_word' id='word_1_728' title='bbox 3139 4679 3284 4719; x_wconf 88' lang='lat' dir='ltr'><strong>anno</strong></span> <span class='ocrx_word' id='word_1_729' title='bbox 3330 4672 3480 4719; x_wconf 84' lang='lat' dir='ltr'><strong>tanta</strong></span> 
     </span>
    </p>
   </div>
   <div class='ocr_carea' id='block_1_104' title="bbox 1900 4752 3480 4825">
    <p class='ocr_par' dir='ltr' id='par_1_104' title="bbox 1900 4752 3480 4825">
     <span class='ocr_line' id='line_1_104' title="bbox 1900 4752 3480 4825; baseline 0.003 -17"><span class='ocrx_word' id='word_1_730' title='bbox 1900 4755 2071 4810; x_wconf 89' lang='lat' dir='ltr'><strong>fames</strong></span> <span class='ocrx_word' id='word_1_731' title='bbox 2095 4754 2278 4808; x_wconf 74' lang='lat' dir='ltr'><strong>Roma:</strong></span> <span class='ocrx_word' id='word_1_732' title='bbox 2321 4752 2439 4818; x_wconf 90' lang='lat' dir='ltr'><strong>fuit,</strong></span> <span class='ocrx_word' id='word_1_733' title='bbox 2477 4762 2536 4809; x_wconf 93' lang='lat' dir='ltr'><strong>ut</strong></span> <span class='ocrx_word' id='word_1_734' title='bbox 2581 4754 2757 4808; x_wconf 91' lang='lat' dir='ltr'><strong>medio</strong></span> <span class='ocrx_word' id='word_1_735' title='bbox 2805 4752 2923 4808; x_wconf 91' lang='lat' dir='ltr'><strong>foro</strong></span> <span class='ocrx_word' id='word_1_736' title='bbox 2967 4754 3259 4825; x_wconf 89' lang='lat' dir='ltr'><strong>imperator</strong></span> <span class='ocrx_word' id='word_1_737' title='bbox 3298 4771 3480 4812; x_wconf 81' lang='lat' dir='ltr'><strong>corrc-</strong></span> 
     </span>
    </p>
   </div>
   <div class='ocr_carea' id='block_1_105' title="bbox 1903 4847 3480 4921">
    <p class='ocr_par' dir='ltr' id='par_1_105' title="bbox 1903 4847 3480 4921">
     <span class='ocr_line' id='line_1_105' title="bbox 1903 4847 3480 4921; baseline -0.001 -17"><span class='ocrx_word' id='word_1_738' title='bbox 1903 4859 2076 4921; x_wconf 85' lang='lat' dir='ltr'><strong>ptusa</strong></span> <span class='ocrx_word' id='word_1_739' title='bbox 2110 4849 2329 4919; x_wconf 90' lang='lat' dir='ltr'><strong>populo,</strong></span> <span class='ocrx_word' id='word_1_740' title='bbox 2360 4847 2622 4902; x_wconf 87' lang='lat' dir='ltr'><strong>conviciis</strong></span> <span class='ocrx_word' id='word_1_741' title='bbox 2651 4856 2708 4903; x_wconf 90' lang='lat' dir='ltr'><strong>et</strong></span> <span class='ocrx_word' id='word_1_742' title='bbox 2758 4847 3112 4917; x_wconf 79' lang='lat' dir='ltr'><strong>fragminibus</strong></span> <span class='ocrx_word' id='word_1_743' title='bbox 3160 4849 3317 4918; x_wconf 85' lang='lat' dir='ltr'><strong>panis</strong></span> <span class='ocrx_word' id='word_1_744' title='bbox 3368 4858 3480 4904; x_wconf 85' lang='lat' dir='ltr'><strong>tur-</strong></span> 
     </span>
    </p>
   </div>
   <div class='ocr_carea' id='block_1_106' title="bbox 1903 4937 3478 5010">
    <p class='ocr_par' dir='ltr' id='par_1_106' title="bbox 1903 4937 3478 5010">
     <span class='ocr_line' id='line_1_106' title="bbox 1903 4937 3478 5010; baseline 0 -17"><span class='ocrx_word' id='word_1_745' title='bbox 1903 4941 2124 5010; x_wconf 87' lang='lat' dir='ltr'><strong>pissime</strong></span> <span class='ocrx_word' id='word_1_746' title='bbox 2147 4939 2454 5002; x_wconf 89' lang='lat' dir='ltr'><strong>infestatus,</strong></span> <span class='ocrx_word' id='word_1_747' title='bbox 2479 4952 2620 5008; x_wconf 77' lang='lat' dir='ltr'><strong>:cgre</strong></span> <span class='ocrx_word' id='word_1_748' title='bbox 2657 4952 2754 5007; x_wconf 91' lang='lat' dir='ltr'><strong>per</strong></span> <span class='ocrx_word' id='word_1_749' title='bbox 2785 4937 3171 5009; x_wconf 83' lang='lat' dir='ltr'><strong>Pseudotyrum</strong></span> <span class='ocrx_word' id='word_1_750' title='bbox 3224 4939 3278 4993; x_wconf 92' lang='lat' dir='ltr'><strong>in</strong></span> <span class='ocrx_word' id='word_1_751' title='bbox 3325 4939 3478 5008; x_wconf 90' lang='lat' dir='ltr'><strong>pala-</strong></span> 
     </span>
    </p>
   </div>
   <div class='ocr_carea' id='block_1_107' title="bbox 1904 5027 3480 5100">
    <p class='ocr_par' dir='ltr' id='par_1_107' title="bbox 1904 5027 3480 5100">
     <span class='ocr_line' id='line_1_107' title="bbox 1904 5027 3480 5100; baseline -0.001 -15"><span class='ocrx_word' id='word_1_752' title='bbox 1904 5033 2036 5085; x_wconf 90' lang='lat' dir='ltr'><strong>tium</strong></span> <span class='ocrx_word' id='word_1_753' title='bbox 2069 5029 2346 5100; x_wconf 88' lang='lat' dir='ltr'><strong>refugerit.</strong></span> <span class='ocrx_word' id='word_1_754' title='bbox 2367 5027 2624 5085; x_wconf 88' lang='lat' dir='ltr'><strong>Clandins</strong></span> <span class='ocrx_word' id='word_1_755' title='bbox 2654 5027 2954 5084; x_wconf 86' lang='lat' dir='ltr'><strong>manifestis</strong></span> <span class='ocrx_word' id='word_1_756' title='bbox 2975 5027 3201 5084; x_wconf 88' lang='lat' dir='ltr'><strong>venenis</strong></span> <span class='ocrx_word' id='word_1_757' title='bbox 3227 5037 3313 5084; x_wconf 90' lang='lat' dir='ltr'><strong>est</strong></span> <span class='ocrx_word' id='word_1_758' title='bbox 3340 5045 3480 5084; x_wconf 88' lang='lat' dir='ltr'><strong>mor-</strong></span> 
     </span>
    </p>
   </div>
   <div class='ocr_carea' id='block_1_108' title="bbox 1899 5129 2040 5175">
    <p class='ocr_par' dir='ltr' id='par_1_108' title="bbox 1899 5129 2040 5175">
     <span class='ocr_line' id='line_1_108' title="bbox 1899 5129 2040 5175; baseline 0.007 -1"><span class='ocrx_word' id='word_1_759' title='bbox 1899 5129 2040 5175; x_wconf 89' lang='lat' dir='ltr'><strong>tuus.</strong></span> 
     </span>
    </p>
   </div>
   <div class='ocr_carea' id='block_1_109' title="bbox 1970 5209 3479 5283">
    <p class='ocr_par' dir='ltr' id='par_1_109' title="bbox 1970 5209 3479 5283">
     <span class='ocr_line' id='line_1_109' title="bbox 1970 5209 3479 5283; baseline 0.003 -19"><span class='ocrx_word' id='word_1_760' title='bbox 1970 5209 2084 5282; x_wconf 84' lang='lat'><strong>[59]</strong></span> <span class='ocrx_word' id='word_1_761' title='bbox 2120 5209 2262 5265; x_wconf 85' lang='lat' dir='ltr'><strong>Nero</strong></span> <span class='ocrx_word' id='word_1_762' title='bbox 2305 5225 2476 5266; x_wconf 85' lang='lat' dir='ltr'><strong>annos</strong></span> <span class='ocrx_word' id='word_1_763' title='bbox 2519 5212 2796 5277; x_wconf 89' lang='lat' dir='ltr'><strong>tredecim,</strong></span> <span class='ocrx_word' id='word_1_764' title='bbox 2837 5226 3048 5268; x_wconf 88' lang='lat' dir='ltr'><strong>menses</strong></span> <span class='ocrx_word' id='word_1_765' title='bbox 3088 5221 3314 5283; x_wconf 88' lang='lat' dir='ltr'><strong>septem,</strong></span> <span class='ocrx_word' id='word_1_766' title='bbox 3362 5212 3479 5268; x_wconf 82' lang='lat' dir='ltr'><strong>dies</strong></span> 
     </span>
    </p>
   </div>
   <div class='ocr_carea' id='block_1_110' title="bbox 1900 5302 3477 5374">
    <p class='ocr_par' dir='ltr' id='par_1_110' title="bbox 1900 5302 3477 5374">
     <span class='ocr_line' id='line_1_110' title="bbox 1900 5302 3477 5374; baseline 0.002 -19"><span class='ocrx_word' id='word_1_767' title='bbox 1900 5303 2089 5374; x_wconf 86' lang='lat' dir='ltr'><strong>viginti</strong></span> <span class='ocrx_word' id='word_1_768' title='bbox 2123 5311 2266 5367; x_wconf 90' lang='lat' dir='ltr'><strong>octo,</strong></span> <span class='ocrx_word' id='word_1_769' title='bbox 2304 5302 2419 5357; x_wconf 89' lang='lat' dir='ltr'><strong>Caii</strong></span> <span class='ocrx_word' id='word_1_770' title='bbox 2450 5302 2703 5373; x_wconf 74' lang='lat' dir='ltr'><strong>Caligula:</strong></span> <span class='ocrx_word' id='word_1_771' title='bbox 2725 5304 2975 5359; x_wconf 84' lang='lat' dir='ltr'><strong>avunculi</strong></span> <span class='ocrx_word' id='word_1_772' title='bbox 2999 5304 3081 5359; x_wconf 87' lang='lat' dir='ltr'><strong>sui</strong></span> <span class='ocrx_word' id='word_1_773' title='bbox 3131 5317 3258 5374; x_wconf 88' lang='lat' dir='ltr'><strong>erga</strong></span> <span class='ocrx_word' id='word_1_774' title='bbox 3296 5303 3477 5358; x_wconf 88' lang='lat' dir='ltr'><strong>omnia</strong></span> 
     </span>
    </p>
   </div>
   <div class='ocr_carea' id='block_1_111' title="bbox 1900 5393 3480 5464">
    <p class='ocr_par' dir='ltr' id='par_1_111' title="bbox 1900 5393 3480 5464">
     <span class='ocr_line' id='line_1_111' title="bbox 1900 5393 3480 5464; baseline 0 -16"><span class='ocrx_word' id='word_1_775' title='bbox 1900 5397 2028 5449; x_wconf 87' lang='lat' dir='ltr'><strong>vitia</strong></span> <span class='ocrx_word' id='word_1_776' title='bbox 2054 5410 2118 5449; x_wconf 90' lang='lat' dir='ltr'><strong>ac</strong></span> <span class='ocrx_word' id='word_1_777' title='bbox 2141 5394 2345 5450; x_wconf 86' lang='lat' dir='ltr'><strong>scelera</strong></span> <span class='ocrx_word' id='word_1_778' title='bbox 2369 5402 2623 5457; x_wconf 89' lang='lat' dir='ltr'><strong>sectator,</strong></span> <span class='ocrx_word' id='word_1_779' title='bbox 2657 5396 2765 5449; x_wconf 90' lang='lat' dir='ltr'><strong>imo</strong></span> <span class='ocrx_word' id='word_1_780' title='bbox 2789 5405 3178 5464; x_wconf 83' lang='lat' dir='ltr'><strong>transgressor.</strong></span> <span class='ocrx_word' id='word_1_781' title='bbox 3229 5393 3328 5448; x_wconf 88' lang='lat' dir='ltr'><strong>Hic</strong></span> <span class='ocrx_word' id='word_1_782' title='bbox 3365 5395 3480 5464; x_wconf 87' lang='lat' dir='ltr'><strong>pri-</strong></span> 
     </span>
    </p>
   </div>
   <div class='ocr_carea' id='block_1_112' title="bbox 1902 5483 3479 5556">
    <p class='ocr_par' dir='ltr' id='par_1_112' title="bbox 1902 5483 3479 5556">
     <span class='ocr_line' id='line_1_112' title="bbox 1902 5483 3479 5556; baseline 0.001 -16"><span class='ocrx_word' id='word_1_783' title='bbox 1902 5502 2021 5541; x_wconf 92' lang='lat' dir='ltr'><strong>mns</strong></span> <span class='ocrx_word' id='word_1_784' title='bbox 2047 5495 2168 5556; x_wconf 90' lang='lat' dir='ltr'><strong>post</strong></span> <span class='ocrx_word' id='word_1_785' title='bbox 2187 5485 2365 5539; x_wconf 90' lang='lat' dir='ltr'><strong>omnia</strong></span> <span class='ocrx_word' id='word_1_786' title='bbox 2383 5493 2644 5539; x_wconf 86' lang='lat' dir='ltr'><strong>attentata</strong></span> <span class='ocrx_word' id='word_1_787' title='bbox 2668 5485 2904 5541; x_wconf 85' lang='lat' dir='ltr'><strong>facinora</strong></span> <span class='ocrx_word' id='word_1_788' title='bbox 2933 5486 3116 5540; x_wconf 74' lang='lat' dir='ltr'><strong>Roma:</strong></span> <span class='ocrx_word' id='word_1_789' title='bbox 3138 5483 3479 5541; x_wconf 85' lang='lat' dir='ltr'><strong>Christianos</strong></span> 
     </span>
    </p>
   </div>
   <div class='ocr_carea' id='block_1_113' title="bbox 1902 5578 3476 5650">
    <p class='ocr_par' dir='ltr' id='par_1_113' title="bbox 1902 5578 3476 5650">
     <span class='ocr_line' id='line_1_113' title="bbox 1902 5578 3476 5650; baseline -0.002 -15"><span class='ocrx_word' id='word_1_790' title='bbox 1902 5581 2177 5650; x_wconf 91' lang='lat' dir='ltr'><strong>suppliciis</strong></span> <span class='ocrx_word' id='word_1_791' title='bbox 2203 5588 2257 5633; x_wconf 90' lang='lat' dir='ltr'><strong>et</strong></span> <span class='ocrx_word' id='word_1_792' title='bbox 2281 5579 2546 5634; x_wconf 91' lang='lat' dir='ltr'><strong>mortibus</strong></span> <span class='ocrx_word' id='word_1_793' title='bbox 2567 5579 2763 5645; x_wconf 75' lang='lat' dir='ltr'><strong>ati‘ecit,</strong></span> <span class='ocrx_word' id='word_1_794' title='bbox 2805 5597 2870 5635; x_wconf 90' lang='lat' dir='ltr'><strong>ac</strong></span> <span class='ocrx_word' id='word_1_795' title='bbox 2898 5595 2996 5650; x_wconf 90' lang='lat' dir='ltr'><strong>per</strong></span> <span class='ocrx_word' id='word_1_796' title='bbox 3030 5591 3218 5632; x_wconf 90' lang='lat' dir='ltr'><strong>omnes</strong></span> <span class='ocrx_word' id='word_1_797' title='bbox 3258 5578 3476 5646; x_wconf 83' lang='lat' dir='ltr'><strong>provin-</strong></span> 
     </span>
    </p>
   </div>
   <div class='ocr_carea' id='block_1_114' title="bbox 1903 5665 3474 5738">
    <p class='ocr_par' dir='ltr' id='par_1_114' title="bbox 1903 5665 3474 5738">
     <span class='ocr_line' id='line_1_114' title="bbox 1903 5665 3474 5738; baseline 0 -15"><span class='ocrx_word' id='word_1_798' title='bbox 1903 5670 2014 5723; x_wconf 90' lang='lat' dir='ltr'><strong>cias</strong></span> <span class='ocrx_word' id='word_1_799' title='bbox 2037 5669 2151 5738; x_wconf 89' lang='lat' dir='ltr'><strong>pari</strong></span> <span class='ocrx_word' id='word_1_800' title='bbox 2184 5668 2558 5737; x_wconf 90' lang='lat' dir='ltr'><strong>persecutione</strong></span> <span class='ocrx_word' id='word_1_801' title='bbox 2586 5669 2887 5724; x_wconf 86' lang='lat' dir='ltr'><strong>excruciari</strong></span> <span class='ocrx_word' id='word_1_802' title='bbox 2936 5666 3241 5736; x_wconf 90' lang='lat' dir='ltr'><strong>imperavit.</strong></span> <span class='ocrx_word' id='word_1_803' title='bbox 3305 5665 3474 5736; x_wconf 89' lang='lat' dir='ltr'><strong>Hujus</strong></span> 
     </span>
    </p>
   </div>
   <div class='ocr_carea' id='block_1_115' title="bbox 1906 5759 3492 5828">
    <p class='ocr_par' dir='ltr' id='par_1_115' title="bbox 1906 5759 3492 5828">
     <span class='ocr_line' id='line_1_115' title="bbox 1906 5759 3492 5828; baseline -0.002 -14"><span class='ocrx_word' id='word_1_804' title='bbox 1906 5760 2142 5816; x_wconf 89' lang='lat' dir='ltr'><strong>secundo</strong></span> <span class='ocrx_word' id='word_1_805' title='bbox 2170 5774 2333 5825; x_wconf 91' lang='lat' dir='ltr'><strong>anno,</strong></span> <span class='ocrx_word' id='word_1_806' title='bbox 2363 5760 2558 5815; x_wconf 84' lang='lat' dir='ltr'><strong>Festus</strong></span> <span class='ocrx_word' id='word_1_807' title='bbox 2607 5759 2799 5815; x_wconf 63' lang='lat' dir='ltr'><strong>Judazaz</strong></span> <span class='ocrx_word' id='word_1_808' title='bbox 2853 5768 3170 5828; x_wconf 86' lang='lat' dir='ltr'><strong>procurator</strong></span> <span class='ocrx_word' id='word_1_809' title='bbox 3215 5760 3492 5814; x_wconf 88' lang='lat' dir='ltr'><strong>successit.</strong></span> 
     </span>
    </p>
   </div>
  </div>
