4024 6362
517 328 588 382 79

1504 330 1559 385 S.
1601 329 1851 387 ADONIS
1886 329 2314 386 ARCHlEPlSC.
2359 328 2767 386 VIENNENSIS

3697 322 3768 376 80

509 460 696 517 Felici.
720 447 782 516 ’Δ
808 476 914 534 quo
951 448 1428 521 “Paitilits"llomam
1466 465 1676 521 vinctus
1729 465 1980 530 mittitur,
2023 471 2080 518 et
2108 468 2153 527 Λ
2182 463 2324 518 diem
2371 463 2566 519 festum
2606 470 2980 535 congregatos,
3011 460 3309 517 obsidionis
3332 456 3643 522 clausisset,
3675 472 3769 510 co—

513 549 788 612 bienuium
817 554 1060 610 inlibera
1102 570 1324 613 manens
1370 557 1633 622 custodia,
1678 567 1799 629 post
1845 558 1960 612 lucc
2016 555 2083 610 ad
2128 586 2133 591 η

511 645 910 714 praedicandum
946 647 1255 714 dimittitur,
1311 650 1538 705 necdum
1596 648 1806 705 Nerone
1863 650 1915 703 in
1966 656 2086 703 tan-

512 743 619 789 tam
648 737 1072 804 persecutionem
1100 739 1529 793 Christianorum
1558 748 1899 809 erumpente,
1918 755 2085 810 quan-

514 836 622 879 tam
661 826 730 883 de
782 842 848 884 eo
885 839 1106 884 narrant
1145 830 1401 885 historiae.
1453 828 1571 896 Quo
1609 839 1850 900 tempore
1905 828 2083 884 credi-

513 927 599 971 tur
650 917 850 976 Paulus
898 921 963 976 ad
1020 921 1304 991 Hispanias
1359 922 1703 992 pervenisse,
1750 931 1805 975 et
1852 920 2085 975 Arelate:

512 1004 896 1081 Trophymum,
930 1009 1149 1066 Viennae
1175 1010 1521 1067 Crescentem
1543 1010 1833 1081 discipulos
1859 1026 1987 1066 suos
2017 1011 2084 1065 ad

509 1099 906 1165 prtedicandum
929 1101 1231 1170 reliquisse.
1258 1100 1490 1157 Jacobus
1517 1100 1687 1156 frater
1708 1100 1936 1164 Domini,
1962 1114 2084 1155 cum

512 1185 727 1256 triginta
758 1187 918 1242 annis
942 1187 1441 1260 Hierosolymorum
1489 1189 1720 1244 rexisset
1759 1189 2082 1254 Ecclesiam,

507 1277 738 1345 septimo
767 1277 994 1335 Nemnis
1019 1282 1469 1351 annoperimilur
1496 1298 1525 1336 a
1556 1282 1775 1346 Judaeis,
1804 1282 2084 1337 vindican-

507 1365 650 1420 tibus
668 1366 731 1421 in
756 1366 852 1424 illo
886 1369 1287 1439 quod"Paulum
1346 1371 1654 1427 interficere
1706 1373 2078 1441 nequiverant.

505 1455 668 1511 Festo
711 1457 771 1511 in
823 1459 1139 1531 magistratu
1190 1459 1498 1515 Judzeorum
1546 1463 1788 1516 succedit
1824 1460 2081 1525 Albinus,

504 1545 699 1602 Albino
722 1532 944 1613 Florus;
976 1549 1131 1619 cujus
1156 1548 1422 1604 luxuriam
1451 1558 1506 1605 et
1526 1551 2080 1606 avaritiam-caetera-

481 1651 612 1713 que
657 1636 857 1709 flagitia
900 1654 1008 1695 non
1057 1640 1289 1695 ferentes
1328 1639 1524 1704 Judaei,
1564 1649 1759 1695 contra
1807 1640 2080 1696 Rounanos

507 1727 920 1793 rebellaverant,
950 1730 1238 1785 adversum
1265 1745 1402 1800 quos
1428 1729 1792 1800 Vespasianus
1824 1730 2081 1802 magister

2188 554 2336 624 gnita
2367 553 2596 609 Neronis
2636 565 2831 618 morte,
2859 552 3074 608 hortatu
3111 551 3466 621 plurimorum
3496 561 3681 617 regum
3711 553 3770 597 et

2186 646 2382 700 ducum
2410 646 2697 715 imperium
2740 645 2985 715 adeptus,
3034 642 3219 699 relicto
3244 642 3297 697 in
3324 639 3520 713 castris
3547 638 3615 693 ad
3646 652 3769 707 pro-

2186 738 2520 794 curationem
2564 737 2860 793 obsidionis
2901 734 3396 806 llierosolymorum
3445 729 3572 786 Tito
3611 727 3763 792 tilio,

2186 830 2398 901 cognita
2440 830 2609 901 etiam;
2653 827 3030 884 interfectione
3077 826 3296 889 Vitellii,
3328 824 3599 895 paulisper
3643 822 3767 876 Ale-

2190 898 2427 975 xandria:
2475 898 2733 975 substitit.
2782 918 2936 973 Titus
2980 932 3110 973 vero
3157 931 3350 986 magna
3399 929 3461 970 ac
3508 914 3764 969 diuturna

2186 1010 2467 1066 obsidione
2502 1010 2735 1066 Iudaeos
2790 1024 3065 1081 premens,
3118 1007 3383 1063 machinis
3446 1006 3765 1077 cunctisque

2188 1100 2392 1157 bellicis
2437 1100 2654 1157 molitus
2697 1116 2804 1155 non
2847 1100 2965 1155 sine
3005 1099 3172 1154 multo
3215 1112 3433 1153 suorum
3479 1096 3764 1167 sanguine,

2187 1194 2403 1248 tandem
2466 1207 2651 1248 muros
2699 1191 2949 1247 civitatis
3010 1189 3225 1260 irrupit.
3307 1187 3413 1243 Sed
3476 1188 3544 1241 ad
3597 1202 3767 1258 expuo

2185 1284 2451 1356 gnandam
2499 1283 2813 1337 interiorem
2856 1280 3041 1351 templi
3086 1279 3441 1334 munitionem
3484 1293 3644 1347 quam
3675 1291 3765 1332 re-

2154 1402 2159 1407 »
2185 1373 2333 1429 clusa
2374 1372 2659 1427 multitudo
2687 1370 3030 1428 sacerdotum
3058 1383 3123 1424 ac
3156 1368 3457 1439 principum
3488 1368 3766 1432 tuebatur,

2185 1466 2392 1536 majore
2417 1474 2473 1521 et
2506 1466 2557 1520 vi
2584 1475 2639 1522 et
2666 1480 2816 1522 mora
2846 1479 2982 1535 Opus
3004 1462 3129 1518 fuit.
3176 1462 3366 1533 itaque
3406 1462 3562 1517 Titus
3587 1461 3765 1533 impe-

2183 1565 2336 1611 rator
2363 1556 2431 1612 ab
2470 1557 2714 1613 exercitu
2757 1554 3163 1625 pronuntiatus,
3205 1553 3463 1623 templum
3502 1551 3766 1610 Hieroso-

2182 1645 2343 1717 lymis
2364 1645 2603 1702 incendit
2618 1660 2683 1701 ac
2703 1645 2867 1700 diruit
2882 1662 2897 1711 ;
2912 1646 3057 1716 quod
3077 1660 3108 1699 a
3124 1642 3556 1699 die-conditionis
3574 1643 3769 1714 prima:

2183 1749 2354 1807 usque
2403 1735 2470 1790 ad
2501 1736 2645 1791 diem
2690 1735 2988 1791 eversionis
3030 1734 3233 1789 ultima:
3276 1742 3547 1789 manserat
3593 1749 3768 1790 annos

504 1816 708 1871 militize
757 1820 1125 1882 transmissus,
1154 1819 1418 1889 plurimas
1463 1818 1660 1875 Iudaeae
1704 1820 1868 1875 urbes
1910 1819 2076 1890 cepit,
2109 1813 2155 1873 Β
2183 1826 2328 1881 mille
2347 1827 2621 1898 octoginta
2649 1841 2865 1889 novem,
2892 1825 3137 1881 velsicut
3160 1823 3463 1894 apluribus
3491 1824 3769 1894 colligitur

503 1907 683 1963 Titum
716 1908 884 1966 filium
928 1927 1081 1965 suum
1128 1912 1390 1982 majorem
1431 1911 1572 1967 inter
1614 1911 1819 1983 legatos
1849 1911 2074 1967 habens.

502 2001 645 2057 Nero
684 2004 738 2057 in
771 2018 830 2057 re
856 2004 1073 2060 militari
1105 2004 1235 2059 nihil
1264 2005 1485 2059 omnino
1528 2019 1712 2069 ausus,
1740 2004 2125 2058 Britanniamk

500 2109 639 2163 pene
662 2095 862 2158 amisit,
888 2096 1168 2166 ipsumque
1188 2111 1383 2152 nomen
1410 2095 1775 2151 Christianum
1802 2093 2078 2166 extirpare

500 2195 747 2251 conatus,
771 2187 1109 2242 beatissimos
1129 2187 1332 2243 Christi
1356 2187 1629 2256 apostolos
1642 2186 1871 2241 Petrum
1891 2201 2074 2248 cruce,

501 2276 723 2333 Paulum
752 2279 931 2351 gladio
954 2279 1172 2334 occidit.
1204 2278 1327 2334 Mox
1355 2278 1653 2334 acervatim
1681 2275 2077 2347 miseram~ejus

498 2369 665 2423 vitam
694 2369 898 2426 obortae
934 2371 1170 2440 undique
1208 2384 1529 2440 Oppressere
1563 2368 1765 2425 clades.
1786 2366 1912 2423 ‘lrlac
1942 2375 2076 2422 tem-

498 2468 708 2529 pestate
751 2460 968 2516 Persius
1010 2469 1166 2530 poeta
1211 2462 1420 2526 oritur;
1451 2459 1701 2515 Lucanus
1747 2472 1962 2529 quoque
2006 2471 2076 2512 ac

498 2552 1254 2624 Seneca'praeeepto‘Neronis
1284 2553 1705 2609 interficiuntur.
1756 2550 1897 2607 Nero
1920 2560 2072 2621 post-

495 2657 661 2712 quam
688 2643 927 2699 Galbam
956 2641 1295 2713 in'llispania
1327 2642 1711 2712 imperatorem
1738 2650 1980 2696 creatum
2001 2640 2075 2694 ab

495 2734 741 2790 exercitu
758 2734 1038 2806 cognovit,
1055 2742 1202 2789 totus
1226 2734 1408 2789 animo
1429 2748 1495 2787 ac
1515 2747 1611 2805 spe
1638 2732 1907 2798 concidit;
1934 2740 2078 2803 post-

497 2825 870 2881 modum-cum
900 2824 1236 2880 incredibilia
1267 2823 1408 2877 mala
1451 2822 1737 2877 subruenti
1766 2821 2074 2892 reipublica:

499 2914 801 2978 moliretur,
840 2915 1075 2970 hostissa
1101 2922 1292 2969 senatu
1312 2912 1726 2982 pronuntiatus,
1758 2910 2075 2979 ignominio-

497 3005 711 3060 sissime
749 3005 958 3076 fugiens
1000 3004 1069 3059 ad
1097 3003 1454 3073 quartummb
1482 3001 1626 3057 Urbe
1669 3001 1919 3071 lapidem,
1952 3016 2073 3058 sese

467 3125 474 3139 ι
497 3097 613 3166 ipse
651 3093 942 3161 interfecit,
969 3104 1131 3164 atque
1168 3092 1222 3148 in
1245 3106 1322 3147 eo
1346 3090 1619 3147 Cassarum
1647 3090 1827 3151 omnis
1864 3089 2068 3145 familia

491 3195 812 3256 consumpta
840 3193 943 3242 est.

528 3277 780 3333 "~Mortuo
807 3275 1037 3343 Nerone,
1072 3274 1241 3331 Galba
1261 3271 1688 3337 ‘Romam'venil.
1716 3270 2073 3340 Ρίεοηθιητιιιθ

474 3370 597 3425 «sibi
630 3367 866 3424 nobilem
897 3366 1331 3435 industriamque
1347 3363 1607 3432 juvenem
1629 3363 1684 3417 in
1716 3362 1880 3416 lilium
1910 3370 2074 3430 atque

476 3463 549 3517 in
580 3474 803 3531 regnum
839 3456 1132 3528 adoptavit,
1163 3454 1502 3526 septimoque
1533 3449 1959 3531 menseituperii
1989 3449 2072 3504 sui

476 3551 565 3606 ab
593 3550 806 3606 Othone
823 3535 1099 3621 iugulatus
1131 3556 1234 3603 est.

535 3644 709 3699 “Otho
733 3657 858 3698 mox
883 3648 944 3696 ut
968 3648 1209 3697 creatum
1241 3638 1624 3708 imperatorem
1670 3634 1723 3690 in
1746 3633 1951 3690 Gallias
1975 3646 2075 3703 per

494 3738 1117 3811 Germanicas'legiones
1148 3735 1423 3793 Vitellium
1452 3734 1739 3804 comperit,
1767 3732 1966 3788 bellum
1995 3731 2076 3787 ci-

496 3832 601 3888 vile
628 3833 866 3895 mblitus,
889 3832 1066 3887 tribus
1092 3829 1326 3900 primum
1351 3827 1560 3883 levibus
1578 3824 1813 3896 pneliis,
1846 3826 1948 3880 hoc
1985 3832 2070 3880 est

494 3932 604 3977 uno
630 3919 975 3992 apud'ﬁlpes,
1001 3917 1342 3973 alteroicirca
1358 3914 1723 3979 Placentiam,
1745 3913 1906 3969 tertio
1929 3913 2073 3968 circa

494 4013 671 4068 locum
700 4024 862 4082 quem
889 4009 1146 4065 Castores
1171 4015 1368 4063 vocant
1394 4014 1583 4063 contra
1628 4004 1942 4060 Vitellianos
1969 4005 2068 4059 du-

493 4119 587 4159 res
618 4112 977 4171 *congressus,
1003 4099 1178 4152 vietor
1221 4095 1458 4160 exstitit;
1487 4102 1680 4164 quarto
1709 4100 1888 4147 autem
1932 4094 2075 4162 apud

492 4192 802 4248 Vetriacum
830 4189 1015 4260 prtelio
1054 4187 1491 4242 animadvertetis
1518 4198 1645 4239 suos
1678 4182 1842 4247 vinci,
1885 4196 2074 4238 mense

411 4285 437 4305 ⁹
494 4285 657 4340 tertio
678 4296 842 4353 quam
872 4280 1166 4350 imperator
1194 4285 1467 4348 coeperat,
1494 4270 1623 4332 sese
1641 4273 1928 4330 interfecit.

567 4373 813 4429 Vitellius
838 4371 1010 4426 victor
1032 4367 1261 4422 Romam
1289 4367 1459 4431 venit,
1486 4365 1577 4421 ubi
1601 4379 1727 4421 cum
1751 4364 1919 4419 multa
1949 4379 2073 4420 cru-

2180 1916 2327 1972 mille
2354 1926 2573 1973 centum
2600 1925 2655 1972 et
2676 1916 2804 1972 duo.
2828 1916 3011 1970 Muros
3036 1914 3187 1970 urbis
3214 1914 3496 1970 universos
3521 1914 3638 1971 solo
3659 1916 3769 1969 ad-

2177 2011 2426 2081 :equavit.
2478 2010 2722 2066 Sexcena
2769 2010 2936 2065 millia
2971 2009 3282 2065 Judteorum
3311 2024 3379 2065 eo
3395 2010 3546 2066 bello
3586 2011 3765 2066 inter—

2177 2103 2321 2157 fecta
2348 2101 2630 2158 Cornelius
2657 2111 2711 2158 et
2733 2100 3025 2157 Suetonius
3048 2100 3306 2157 referunt.
3333 2099 3602 2171 Iosephus
3625 2117 3764 2157 vero

2177 2193 2394 2249 Judzeus
2412 2195 2508 2264 qui
2537 2195 2586 2250 ei
2613 2202 2740 2250 tunc
2781 2193 2922 2249 bello
2939 2192 3181 2263 praefuit,
3206 2201 3263 2248 et
3296 2194 3438 2264 apud
3465 2192 3762 2265 Vespasia-

2176 2301 2305 2340 num
2331 2293 2549 2356 propter
2584 2285 2898 2355 praedietum
2928 2284 3212 2354 imperium
3243 2285 3457 2340 veniam
3500 2287 3763 2357 gratiam-

2174 2391 2280 2445 que
2305 2384 2594 2442 meruerat,
2619 2376 2811 2431 scribit
2835 2376 3091 2431 undecies
3115 2383 3341 2431 centena
3372 2373 3538 2429 millia
3578 2375 3762 2446 gladio

2173 2476 2229 2523 et
2261 2465 2406 2521 fame
2447 2467 2706 2536 periisse;
2737 2466 2832 2521 sed
2859 2474 2916 2520 et
2953 2473 3151 2536 praeter
3192 2464 3295 2521 hos
3324 2473 3542 2521 centum
3582 2464 3758 2521 millia

2172 2559 2387 2629 publice
2402 2559 2735 2623 venundata,
2768 2564 2988 2626 totoque
3016 2556 3150 2611 orbe
3179 2557 3446 2626 dispersa.

2242 2648 2797 2704 Consummatumest
2815 2647 2919 2701 hoc
2935 2645 3133 2702 bellum
3156 2645 3314 2700 annis
3336 2653 3598 2716 quatuor:
3620 2646 3759 2701 duo-

2171 2741 2274 2796 bus
2301 2740 2543 2811 quidem,
2560 2739 2772 2794 Nerone
2783 2740 3029 2804 wivente,
3054 2747 3113 2794 et
3129 2738 3359 2794 duobus
3395 2738 3517 2794 aliis
3541 2747 3752 2811 postea.

2170 2828 2533 2901 Vespasianus
2554 2830 2714 2885 inter
2737 2829 3430 2899 alia‘magnorum'operum
3448 2829 3510 2883 in
3539 2830 3751 2899 privata

2171 2918 2499 2982 adhuctvita,
2530 2918 2581 2972 in
2613 2917 2987 2984 Germaniam,
3013 2931 3079 2973 ac
3106 2918 3300 2973 deinde
3328 2917 3381 2972 in
3412 2917 3754 2973 Britanniam

2170 3025 2200 3065 a
2223 3009 2445 3066 Claudio
2470 3010 2687 3076 missus,
2717 3010 2903 3065 tricies
2929 3017 2988 3064 et
3011 3009 3094 3065 bis
3122 3024 3245 3065 cum
3285 3009 3443 3064 hoste
3482 3008 3750 3064 conﬂixit.

2178 3098 2324 3155 Duas
2370 3099 2727 3155 validissimas
2772 3106 2993 3167 gentes,
3018 3098 3206 3170 viginti
3261 3099 3477 3170 oppida,
3524 3099 3754 3154 insulam

2184 3189 2402 3245 Vectam
2449 3188 2738 3243 Britanniae
2763 3190 3086 3259 proximam,
3123 3188 3366 3245 Romano
3404 3188 3602 3260 adiecit
3647 3190 3754 3246 im-

2178 3278 2346 3348 perio.
2388 3276 2642 3333 Colossus
2681 3276 2908 3349 erigitur
2950 3276 3171 3355 Romze,
3200 3279 3405 3335 habens
3454 3278 3757 3334 altitudinis

2178 3371 2339 3441 pedes
2362 3381 2575 3426 centum
2597 3378 2651 3426 et
2674 3384 2888 3435 novem,
2913 3368 3277 3441 Vespasianus
3302 3371 3355 3424 in
3385 3370 3509 3425 villa
3535 3371 3754 3442 propria

2143 3460 2321 3517 ‘circa
2351 3459 2603 3523 Sabinos,
2632 3474 2775 3516 nono
2801 3474 2945 3516 anno
2978 3460 3312 3531 principatus
3354 3460 3458 3524 sui,
3490 3458 3757 3528 profluvio

2079 3566 2087 3587 '
2178 3553 2384 3611 ventris
2408 3562 2493 3608 est
2522 3561 2789 3609 mortuus.

2247 3644 2363 3718 [82]
2399 3644 2554 3700 Titus
2590 3660 2760 3700 annos
2793 3643 3065 3707 undecim,
3096 3654 3312 3696 menses
3360 3639 3632 3696 undecim.
3661 3642 3760 3696 Vir

2177 3741 2418 3798 omnium
2452 3741 2722 3797 virtutum
2762 3752 2958 3810 genere
2999 3734 3286 3801 mirabilis,
3317 3735 3452 3790 adeo
3496 3745 3555 3790 ut
3604 3750 3761 3791 amor

2176 3842 2233 3889 et
2259 3833 2464 3888 deliciae
2488 3831 2711 3887 humani
2741 3828 2958 3901 generis
2984 3827 3275 3882 diceretur.
3301 3825 3399 3881 llic
3427 3827 3763 3897 amphithea-

2178 3934 2321 3979 trum
2342 3923 2536 3978 ‘Bomaa
2560 3921 2812 3985 aediﬁcat,
2838 3926 2895 3975 et
2923 3919 2977 3974 in
3008 3918 3344 3973 dedicatione
3366 3918 3491 3987 eius
3514 3917 3761 3987 quinque

2178 4015 2356 4071 millia‘
2371 4014 2607 4071 ferarum
2630 4011 2845 4067 occidit.
2877 4010 2982 4066 lste
3001 4018 3208 4065 tantum
3236 4007 3502 4065 facundus
3525 4009 3759 4071 exstitit,

2177 4118 2235 4165 ut
2296 4122 2489 4165 causas
2524 4106 2734 4161 ’Latino
2781 4112 2967 4174 ageret
3024 4110 3304 4173 poemate,
3350 4109 3406 4156 et
3461 4101 3762 4170 tragmdias

2176 4200 2362 4256 Graece
2397 4205 2760 4268 componeret.
2795 4194 3028 4250 Tantum
3052 4202 3249 4248 autem
3275 4192 3582 4257 bellicosus,
3610 4200 3670 4245 ut
3701 4192 3759 4247 in

2176 4288 2571 4361 expugnatione
2615 4284 3112 4356 Hierosolymorum
3150 4282 3254 4337 sub
3284 4289 3449 4351 patre
3490 4280 3757 4344 militans,

2176 4379 2531 4450 quadraginta
2576 4390 2743 4431 unum
2784 4384 3214 4445 propugnatores
3262 4370 3544 4426 duodecim
3586 4370 3759 4441 sagit-

491 4468 687 4524 deliter
714 4480 779 4520 ac
807 4463 1056 4533 nequiter
1079 4467 1297 4531 ageret,
1331 4469 1614 4529 postquam
1644 4457 1711 4513 de
1740 4456 2075 4526 Vespasiano

2181 4477 2354 4522 tarum
2401 4465 2704 4523 confuderit
2753 4464 2965 4521 ictibus.
3003 4461 3172 4516 Porro
3215 4460 3268 4515 in
3319 4458 3546 4528 imperio
3592 4466 3759 4513 tantae

484 4556 781 4626 comperit,
804 4516 1038 4624 primum
1066 4516 1350 4619 deponere
1368 4516 1587 4603 molitus
1616 4516 1921 4617 imperium,
1949 4554 2072 4615 post

2181 4557 2434 4611 bonitatis
2473 4554 2595 4621 fuit,
2621 4564 2680 4610 ut
2717 4553 2921 4608 nullum
2968 4551 3188 4606 omnino
3234 4516 3468 4619 puniret,
3498 4547 3592 4602 sed
3622 4562 3759 4602 con-

488 4644 876 4718 aquibusdam
926 4640 1196 4695 animatus
1252 4638 1457 4715 Sabino
1519 4635 1836 4709 Vespasiani
1904 4635 2074 4692 fratre

494 4737 677 4793 occiso
706 4744 1073 4801 succensoque
1098 4729 1318 4800 templo,
1357 4737 1411 4785 et
1439 4730 1598 4784 mista
1650 4727 1810 4784 simul
1855 4726 2072 4781 flamma

495 4822 1062 4896 ruinaquewmnesain
1075 4836 1259 4876 unum
1282 4821 1487 4893 pariter
1508 4820 1790 4875 interitum
1816 4833 1882 4874 ac
1904 4828 2077 4873 tumu-

495 4923 609 4976 lum
631 4918 797 4974 dedit.
823 4916 952 4972 Post
975 4912 1259 4969 detleiente
1282 4912 1339 4967 iu
1367 4911 1684 4981 Vespasiani
1706 4924 1899 4965 nomen
1924 4924 2077 4964 εχει-ο

493 5011 607 5067 citu
632 5024 754 5074 suo,
769 5022 893 5063 cum
914 5002 1029 5073 jam
1054 5003 1343 5060 destitutus
1363 5001 1603 5072 trepidus
1627 5015 1686 5055 se
1706 4999 1760 5054 in
1784 4998 2075 5069 quamdam

484 5101 801 5172 proximam
832 5097 1032 5168 palatio
1063 5094 1310 5151 cellulam
1356 5091 1734 5153 contrusisset,
1766 5080 2077 5157 turpissime

490 5182 624 5252 inde
670 5198 1005 5265 protractus,
1038 5187 1312 5244 in‘forum
1355 5185 1646 5247 deductus,
1677 5190 1869 5238 octavo
1910 5198 2073 5251 quam

494 5298 720 5357 regnum
749 5285 1168 5354 prtesumpserat
1196 5289 1401 5338 mense,
1424 5272 1563 5343 apud
1585 5271 1933 5328 Gemmonias
1958 5285 2077 5325 sca—

493 5378 576 5433 las
600 5373 1086 5432 miuutissimorum
1111 5369 1316 5423 ictuum
1342 5363 1547 5425 umbris
1574 5359 2076 5430 compunctionibus

488 5463 930 5527 excarniﬁcatus,
961 5467 1125 5527 atque
1174 5456 1298 5511 inde
1344 5454 1504 5523 unico
1548 5461 1723 5506 tractu
1755 5450 1807 5504 in
1836 5448 2072 5504 Tiberim

495 5569 708 5613 mersus
735 5553 898 5608 etiam
930 5546 1202 5606 communi
1234 5544 1409 5600 caruit
1438 5541 1731 5612 sepultura.

563 5628 1133 5722 Vespasianushitaque
1155 5658 1277 5702 cum
1306 5642 1519 5697 Judzeos
1545 5639 1725 5696 multis
1756 5653 1942 5694 eorum
1981 5652 2076 5708 op-

488 5746 639 5817 pidis
676 5744 868 5814 captis,
901 5743 952 5796 in
1000 5738 1134 5795 urbe
1179 5734 1672 5807 Hierosolymorum
1698 5730 1976 5803 :prrscipue
2004 5729 2077 5787 ob

2174 4646 2348 4701 victos
2396 4646 2682 4701 adversum
2708 4657 2787 4699 se
2826 4641 3217 4712 coniurationis
3242 4639 3561 4703 dimitteret,
3591 4648 3759 4713 atque

2178 4736 2231 4790 in
2263 4733 2845 4789 eadom'familiaritate
2869 4747 2973 4802 qua
3000 4740 3128 4786 ante
3157 4730 3441 4795 habuerat,
3472 4729 3751 4783 retineret.

2178 4824 2346 4892 llujus
2372 4825 2536 4879 etiam
2566 4825 2708 4880 inter
2727 4824 2917 4880 omnia
2948 4821 3060 4877 fuit
3096 4822 3228 4877 illud
3244 4821 3473 4878 celebre
3501 4820 3706 4876 dictum
3740 4839 3756 4876 :

2179 4917 2486 4987 Perdidisse
2515 4915 2678 4981 diem,
2711 4916 2765 4971 in
2795 4930 2900 4985 qua
2930 4914 3064 4969 nihil
3101 4913 3229 4969 boni
3258 4913 3466 4969 fecerit.
3504 4911 3602 4967 Hic
3629 4926 3756 4967 cum

2179 5009 2380 5079 ingenti
2415 5008 2655 5064 omnium
2674 5006 3122 5063 luctum-eadem
3150 5005 3277 5061 villa
3302 5019 3409 5075 qua
3432 5010 3589 5075 pater
3615 5001 3752 5072 ejus,

2178 5098 2368 5154 morbo
2397 5106 2702 5168 assumptus
2730 5105 2832 5153 est.

2248 5190 2362 5265 [85]
2406 5191 2761 5256 Domitianus,
2812 5188 3115 5246 fraterTiti
3156 5189 3355 5260 junior,
3397 5201 3568 5242 annos
3594 5184 3758 5255 quin-

2177 5281 2372 5344 decim,
2426 5294 2641 5336 menses
2687 5280 2946 5351 quinque.
3000 5280 3047 5335 Is
3102 5279 3155 5333 in
3205 5284 3411 5333 tantam
3442 5274 3754 5345 superbiam

2174 5372 2457 5443 prolapsus
2483 5380 2588 5445 est,
2630 5381 2691 5426 ut
2736 5372 2892 5426 deum
2944 5384 3064 5426 sese
3111 5383 3176 5423 ac
3222 5353 3497 5422 dominum
3549 5363 3752 5421 vocari.

2177 5462 2363 5526 scribi,
2387 5462 2597 5531 colique
2620 5460 2878 5529 jusserit;
2911 5457 3286 5527 secundusque
3326 5467 3451 5525 post
3485 5452 3755 5509 Neronem

2175 5552 2514 5606 Christianos
2537 5551 2898 5620 persequitur.
2920 5546 3459 5604 Conlirmatissimam
3485 5551 3598 5597 toto
3621 5541 3756 5595 orbe

2179 5640 2472 5695 Eeclesiam
2512 5637 2733 5702 Christi,
2766 5639 2907 5692 datis
2946 5635 3328 5690 crudelissima:
3362 5628 3759 5701 persecutionis

2178 5733 2405 5800 edictis,
2463 5732 2766 5789 convellere
2823 5738 3084 5795 conatur;
3142 5728 3245 5785 sub
3299 5739 3411 5794 quo
3480 5720 3757 5792 apostolus

3774 5099 3787 5165 ἱ
