4024 6362
232 367 355 439 'st

1354 373 1765 432 CHRONICON.
1806 398 1853 412 «ι-

1952 371 2116 428 ETAS
2152 370 2399 428 SEXTA.
2490 364 2493 371 ’
3438 368 3529 428 39..

253 493 495 549 Joannes
521 489 575 543 in
606 487 887 543 Pathmum
926 486 1157 542 insulam
1206 486 1473 556 relegatus
1500 494 1602 549 est,
1634 494 1688 539 et
1716 483 1834 538 Fla-
1866 487 1911 543 Α
1941 483 2155 553 scriptis
2190 484 2333 538 illico
2369 483 2678 537 leuioribus
2699 482 3017 552 temperavit
3039 477 3297 539 edictum.
3328 480 3525 537 Romae

252 585 345 639 via
378 579 674 644 Domitilla,
712 577 884 633 Flavii
920 576 1216 632 Clementis
1264 575 1502 631 consulis
1540 590 1602 630 ea
1654 589 1840 628 sorore

252 672 380 739 eius
410 670 611 740 neptis.
649 669 704 722 in
746 667 976 721 insulam
1002 666 1318 721 Pontianam
1347 666 1418 720 ob
1442 665 1565 720 fidei
1605 666 1844 720 testimo-

255 764 413 818 nium
437 760 675 817 exsulat.
705 758 904 814 Fertur
931 767 1110 814 autem
1138 759 1278 814 idem
1314 760 1427 828 ipse
1449 759 1665 813 beatum
1687 756 1845 812 Joan-

257 867 388 907 nem
434 850 488 906 in
535 848 798 905 ferventis
845 848 948 902 olei
991 847 1192 903 dolium
1230 849 1459 903 misisse.
1482 848 1563 902 Ea
1592 862 1701 917 quo
1735 857 1843 902 tam

255 939 519 994 immunis
553 937 745 993 exiita
773 937 974 1007 pomis,
1017 951 1179 1007 quam
1220 937 1631 1007 a-corruptione
1665 936 1845 992 carnis

255 1038 541 1086 manserat
609 1041 824 1096 semper
883 1026 1161 1082 immunis.
1227 1026 1569 1083 Domitianus
1628 1024 1844 1083 Judmos

256 1133 478 1188 quoque
534 1116 832 1173 acerbitate
898 1123 1291 1175 tomenton
1347 1130 1620 1187 genusque
1676 1117 1845 1174 David

264 1207 499 1263 interﬁci
540 1207 823 1278 pmoepit,
846 1206 1218 1276 quasiadbuc
1251 1205 1464 1262 futurus
1500 1217 1649 1262 esset
1669 1220 1734 1261 ex
1761 1222 1846 1263 se—

263 1300 412 1354 mine
441 1296 534 1368 qui
572 1310 801 1369 regnum
839 1305 1022 1365 posset
1065 1295 1312 1366 adipisci.
1341 1294 1442 1351 llic
1465 1295 1759 1351 crudeliter
1790 1297 1845 1351 in

263 1389 467 1461 palatio
495 1403 526 1442 a
556 1386 672 1443 suis
714 1384 1033 1442 interfectus
1077 1394 1195 1452 est;
1222 1386 1377 1457 cujus
1419 1385 1652 1441 cadaver
1684 1400 1847 1456 popu-

264 1481 366 1535 lart
421 1477 699 1549 sandapila
748 1493 855 1548 per.
892 1475 1231 1547 vespillones
1267 1484 1640 1548 exportatum,
1686 1484 1848 1545 atque

265 1571 624 1643 ignominiosa
653 1568 921 1639 sepultum
950 1576 1058 1624 est.

339 1663 468 1738 [99]:
492 1662 666 1718 Nerva
699 1660 984 1716 admodum
1032 1674 1197 1716 senex
1229 1673 1259 1716 a
1287 1657 1542 1714 Petronio
1590 1657 1847 1729 praefecto

271 1767 330 1812 et
365 1756 673 1812 Parthenio
698 1753 937 1826 spadone
970 1753 1261 1809 Domitiani
1299 1750 1644 1808 interfectore
1674 1752 1844 1822 impe-

1941 588 2101 627 aurea
2133 574 2323 627 domus
2354 589 2384 628 a
2420 572 2635 628 Nerone
2662 572 2874 627 condita
2904 572 3189 641 repentino
3217 568 3523 649 conﬂagra-

1939 663 2033 719 vit~
2068 664 2367 729 incendio;
2400 662 2698 717 Pantheum
2749 662 2955 727 Romae,
2987 663 3127 731 quod
3171 658 3523 715 Domitianus

1942 753 2165 819 fecerat,
2204 752 2429 809 fulmine
2460 762 2858 808 concrematum
2887 761 2988 809 est.
3025 752 3372 808 'l‘crrzcntotis
3401 754 3516 833 An-

1942 844 2199 899 tiochiam
2236 844 2510 899 civitatem
2536 857 2674 913 pene
2708 852 2874 899 totam
2903 844 3136 907 subruit,
3175 856 3232 897 et
3261 842 3397 899 alias
3421 859 3516 913 per

1942 937 2090 993 orbis
2142 944 2325 1007 partes
2367 936 2642 1000 civitates,
2696 936 3009 992 incredibile
3043 936 3208 991 dictu.
3255 935 3381 991 8ιὼ-
3409 951 3529 991 uno

1944 1036 2186 1097 tempore
2208 1026 2565 1098 Iudaei-quasi
2599 1027 2753 1082 rabie
2766 1026 2983 1082 ell‘erati
3012 1042 3108 1097 per
3137 1028 3378 1082 diversas
3403 1035 3525 1081 ter».

1945 1134 2128 1173 rarum
2159 1127 2344 1188 partes
2370 1125 2714 1183 exarserunt,
2749 1118 2997 1187 bellaque
3028 1118 3366 1173 atrociSsima
3396 1131 3523 1189 ges-

1944 1214 2152 1274 serunt,
2183 1208 2355 1262 donec
2389 1207 2547 1279 digna
2577 1208 2723 1262 caede
2742 1206 2897 1277 jussu
2935 1207 3278 1278 Imperatoris
3307 1219 3525 1266 stemc.

1945 1305 2151 1351 rentur.
2179 1296 2466 1368 Traianus,
2495 1307 2552 1352 ut
2581 1298 2797 1373 quidam
2820 1298 3018 1365 ferunt,
3049 1300 3187 1370 apud
3216 1298 3533 1357 Seleuciam.

1944 1390 2163 1445 Isauriae
2215 1390 2424 1454 urbem,
2486 1388 2749 1459 proﬂuvio
2810 1391 3015 1445 ventris
3062 1398 3358 1446 exstinctus
3404 1401 3529 1447 est.

1946 1477 2117 1534 Verus
2159 1479 2482 1534 Viennensis
2506 1480 2807 1551 episcopus,
2839 1480 2931 1551 qui
2958 1497 3097 1536 unus
3137 1480 3238 1536 fuit
3262 1482 3333 1538 de
3354 1484 3514 1539 disci.

1943 1568 2084 1641 polis
2112 1578 2169 1624 et
2197 1568 2535 1623 auditoribus
2564 1571 2973 1637 apostolorum,
3000 1569 3237 1640 Trajani.
3263 1573 3529 1642 tempori-
3553 1590 3558 1595 ·

1947 1662 2068 1724 bus,
2093 1661 2336 1717 doctrina
2387 1669 2443 1715 et
2469 1660 2815 1718 confessione
2840 1661 3195 1718 ﬁdei'ﬂoruit.
3240 1665 3350 1721 Illis
3381 1675 3521 1721 tem-

1948 1750 2168 1821 poribus
2211 1750 2353 1822 apud
2396 1750 2627 1806 Pontum
2685 1750 2919 1823 Synopis
2965 1753 3199 1809 civitatis
3237 1755 3535 1827 episcopus.

273 1857 425 1904 rator
456 1856 685 1910 creatus,
717 1862 916 1901 annum
960 1861 1147 1908 unum,
1188 1860 1404 1901 menses
1443 1853 1694 1916 quatuor,
1729 1843 1846 1900 dics
1873 1831 2158 1895 3‘Ph'ocas
2191 1840 2578 1912 gloriosissime
2601 1843 2920 1915 martyrium
2956 1843 3145 1910 duxit;
3168 1843 3322 1914 cuius
3342 1861 3527 1901 saera—

265 1948 436 2004 οαίοις
462 1939 552 2008 qui
580 1938 871 2009 Traianum
896 1937 951 1992 in
981 1951 1206 2007 regnum
1233 1937 1526 2007 adoptavit.
1552 1935 1650 1993 Hic
1674 1937 1849 2009 primo

265 2033 457 2088 edicto
469 2047 587 2096 suo,
613 2039 838 2087 cunctos
862 2030 1078 2087 exsules
1107 2030 1399 2096 revocavit,
1431 2029 1850 2100 quosbomitia-

268 2139 372 2180 ms
421 2124 792 2196 relegaverat;
843 2122 985 2177 unde
1032 2130 1087 2178 et
1131 2121 1369 2178 Joannes
1424 2121 1701 2191 apostolus
1747 2122 1851 2178 hac

269 2218 513 2291 generali
559 2216 888 2288 indulgentia
937 2215 1220 2280 liberatus,
1244 2214 1516 2284 Ephesum
1566 2214 1753 2276 rediit;
1795 2221 1852 2269 et

268 2310 393 2379 quia
431 2322 752 2366 concussam
794 2322 855 2377 se
889 2307 1110 2361 absente
1140 2321 1243 2376 per
1267 2304 1555 2361 hmreticos
1583 2304 1718 2360 vidit
1744 2303 1847 2361 Ec-

268 2403 446 2459 clesiae
486 2401 645 2457 ﬁdem
670 2442 685 2465 ,
729 2398 1012 2456 confestim
1060 2398 1204 2453 hanc
1245 2395 1513 2467 descripta
1562 2394 1852 2466 Evangelio

271 2509 375 2549 suo
424 2493 573 2548 verbi
617 2491 711 2547 Dei
753 2489 1053 2546 teternitate
1101 2487 1380 2543 stabilivit.
1410 2484 1583 2541 Nerva
1635 2501 1852 2542 emenso

280 2585 405 2654 plus
430 2583 607 2638 minus
633 2596 776 2636 anno
804 2580 1016 2652 imperii
1053 2580 1137 2633 sui
1178 2576 1457 2635 confractus
1493 2577 1682 2634 morbo
1710 2577 1853 2633 diem

280 2675 433 2730 obiit.

348 2763 499 2838 [101]
536 2763 797 2836 Traianus
843 2777 1041 2835 genere
1072 2761 1363 2832 Hispanus,
1399 2759 1549 2833 regni
1580 2759 1851 2831 guberna-

279 2856 399 2911 cula
442 2853 615 2911 Nerva
660 2854 904 2910 tradente
947 2853 1202 2924 suscepit,
1242 2867 1414 2909 annos
1455 2850 1849 2918 novemdeeim,

275 2962 491 3004 menses
529 2962 647 3012 sex,
676 2946 790 3002 dies
835 2945 1160 3016 quindecim.
1190 2943 1291 3000 Hic
1326 2943 1470 3014 apud
1504 2943 1852 3014 Agrippinam

270 3039 462 3095 Gallias
486 3039 674 3094 urbem
702 3037 935 3108 insignia
960 3036 1200 3107 suscepit
1223 3035 1458 3106 imperii.
1491 3034 1610 3090 Mox
1636 3034 1855 3090 Germa-

271 3132 420 3185 niam
465 3138 617 3185 trans
661 3128 908 3185 Rhenum
949 3128 1001 3182 iu
1037 3127 1323 3198 pristinum
1365 3134 1567 3181 statum
1610 3126 1850 3191 reduxit;

1949 1933 2170 1987 tissima:
2211 1932 2449 2003 reliquiat
2477 1933 2754 1991 translata:
2784 1945 2912 1991 sunt
2952 1936 3006 1991 in
3035 1936 3283 2002 Galliam,
3309 1938 3362 1992 iu
3390 1938 3527 1993 civi-

1948 2030 2112 2076 tatem
2135 2022 2429 2087 'Viennam,
2477 2023 2661 2093 ibique
2704 2025 2759 2081 in
2786 2026 3015 2083 ecclesia
3055 2036 3366 2085 sanctorum
3396 2042 3533 2098 θυαε

1947 2110 2208 2167 stolornm
2235 2112 2506 2183 repositae.

2019 2200 2169 2275 [120]
2209 2201 2478 2260 Adrianus
2528 2206 2867 2263 consobrina:
2896 2205 3118 2277 Traiani
3162 2208 3326 2273 filius,
3357 2224 3524 2265 unum

1946 2285 2235 2363 et'viginti
2302 2307 2475 2350 annos
2541 2294 2848 2366 imperavit.
2895 2296 2996 2354 llic
3036 2312 3135 2370 per
3188 2299 3523 2368 Quadratum

1948 2381 2270 2454 discipulum
2313 2384 2680 2456 apostolorum
2720 2396 2784 2443 et
2817 2389 3112 2444 Aristidem
3138 2384 3523 2446 Atheniensem

1948 2474 2148 2534 virum.
2180 2474 2287 2531 fide
2329 2476 2705 2548 sapientiaque
2747 2478 2985 2550 plenum,
3017 2489 3072 2535 et
3112 2495 3207 2551 per
3259 2479 3533 2536 Serenum

1949 2560 2207 2619 Gravium
2254 2564 2487 2637 legatum
2508 2607 2539 2632 ν,
2574 2566 2731 2624 libris
2785 2569 2852 2624 de
2899 2569 3208 2625 Christiana
3265 2570 3525 2641 religione

1950 2654 2273 2722 compositis
2296 2655 2596 2712 instructus
2637 2664 2801 2728 atque
2834 2659 3099 2725 eruditus,
3144 2660 3399 2730 praecepit
3426 2675 3525 2728 per

1951 2744 2232 2814 epistolam
2283 2746 2351 2801 ad
2418 2745 2705 2803 Minatium
2758 2748 3096 2804 Fundanium
3148 2750 3522 2821 proconsulem

1952 2839 2096 2896 Asia:
2122 2839 2325 2908 datam,
2356 2849 2417 2897 ut
2447 2842 2649 2899 nemini
2697 2841 2883 2899 liceret
2921 2842 3258 2899 Christianos
3282 2843 3400 2899 sine
3429 2845 3527 2900 ob-

1910 2988 1927 3004 .
1948 2929 2093 3021 iectu
2136 2930 2385 3021 criminis
2430 2938 2524 2987 aut
2561 2932 2883 3003 probatione
2932 2934 3214 2989 damnare.
3255 2933 3528 2989 Adrianus

1947 3018 2498 3091 justissimislegibus
2525 3021 2914 3094 rempublicam
2942 3023 3247 3090 ordinavit;
3278 3023 3531 3094 idemque

1955 3127 2112 3185 pater
2137 3115 2330 3186 patriae
2357 3115 2412 3170 in
2438 3125 2627 3171 senatu
2657 3116 2796 3172 ultra
2822 3132 3030 3172 morem
3052 3117 3317 3187 majorum
3347 3119 3531 3190 appel-

272 3231 427 3276 ιηηε
484 3220 783 3276 Danubium
827 3191 1259 3289 mulus—gemes
1309 3216 1550 3289 subegit,
1607 3217 1855 3288 regiones
1883 3191 1928 3253 C
1960 3204 2100 3262 latus
2117 3215 2220 3271 est,
2255 3215 2310 3263 et
2340 3223 2476 3262 uxor
2515 3206 2633 3276 ejus
2661 3208 2922 3279 Angusta.
2954 3206 3099 3264 idem
3133 3207 3533 3264 eruditissimus

267 3321 427 3368 trans
468 3311 793 3382 Euphratem
830 3317 890 3366 et
918 3308 1123 3381 Tigrim
1151 3308 1309 3373 sitas,
1339 3306 1647 3378 provincias
1692 3306 1851 3373 fecit;

269 3403 575 3461 Seleuciam
613 3412 671 3458 et
694 3400 1102 3472 Ctesiphontem
1144 3416 1209 3456 ac
1241 3398 1593 3470 Babyloniam
1628 3413 1857 3468 occupa-

269 3499 375 3560 vit,
396 3503 566 3563 atque
582 3508 756 3563 usque
781 3492 944 3548 india:
969 3493 1104 3546 lines
1130 3500 1253 3562 post
1279 3490 1646 3546 Alexandrum
1675 3505 1856 3546 acces-

269 3585 368 3639 sit.
392 3583 566 3652 Hujus
586 3591 784 3653 quarto
808 3597 952 3637 anno
973 3582 1225 3637 Clemens
1246 3580 1539 3651 discipulus
1565 3579 1711 3635 Petri
1734 3594 1859 3651 apo-

266 3672 422 3737 stoli,
451 3671 709 3747 Romanas
735 3670 989 3726 Ecclesiae
1012 3669 1317 3741 episcopus,
1338 3669 1597 3742 martyrio
1623 3683 1851 3724 corona-

274 3764 392 3827 tur,’
416 3772 471 3817 et
500 3759 682 3816 Flavia
713 3759 981 3816 Domitilla
1022 3775 1122 3831 pro
1149 3760 1366 3815 Christo
1394 3774 1516 3815 eum
1548 3759 1667 3813 aliis
1695 3758 1859 3829 pluri-

276 3852 389 3906 mis
423 3851 475 3904 in
508 3849 738 3904 insulam
777 3847 1022 3904 Pontiam
1062 3849 1254 3904 exsilio
1294 3850 1593 3919 deportata.
1625 3846 1861 3903 Joannes

272 3939 589 4009 apostolus,
631 3941 967 4009 sexagesimo
1002 3949 1193 3995 octavo
1238 3948 1527 4010 annopost
1555 3939 1859 4008 passionem

272 4028 500 4091 Christi,
523 4029 696 4084 aetatis
716 4037 899 4084 autem
921 4028 1402 4099 suaenonogesimo
1424 4037 1637 4094 octavo,
1664 4028 1858 4098 Ephesi

275 4119 489 4189 placida
512 4128 684 4175 morte
707 4120 936 4190 quievit.
963 4119 1196 4188 Traiano
1220 4121 1502 4176 adversum
1527 4119 1862 4176 Christianos

275 4210 709 4280 persecutionem
740 4219 1012 4275 movente,
1044 4209 1261 4265 Simeon
1287 4210 1381 4280 qui
1405 4218 1460 4266 et
1483 4209 1693 4275 Simon,
1718 4210 1861 4266 filius

276 4298 556 4369 Cleophat,
584 4297 1082 4370 Hierosolymorum
1110 4299 1396 4368 episcopus
1431 4298 1784 4370 cruciﬁgitur,
1807 4306 1863 4355 et

276 4387 524 4458 lgnatius
576 4387 875 4443 Antiochia:
927 4387 1214 4458 episcopus
1257 4386 1487 4443 Romam
1535 4388 1859 4457 perductus,

276 4478 471 4534 bestiis
517 4478 766 4533 traditur.
814 4478 1121 4534 Alexander
1171 4493 1386 4549 quoque
1446 4478 1703 4534 Romana:
1756 4479 1859 4535 Ec-

1958 3298 2011 3352 in
2037 3308 2267 3369 utraque
2303 3298 2486 3372 lingua
2522 3299 2907 3356 bibliothecam
2936 3300 3159 3357 Athenis
3196 3300 3319 3356 miri
3350 3302 3530 3371 operis

1956 3390 2243 3444 exstruxit.
2268 3389 2487 3446 Judmos
2516 3390 2841 3447 rebellantes
2861 3400 2915 3447 et
2940 3390 3283 3446 Palaestinam
3313 3392 3553 3461 prmio-—

1955 3482 2096 3536 ciam
2126 3482 2398 3551 quondam
2418 3497 2569 3537 suam
2586 3482 3001 3552 depopulantcs,
3033 3481 3221 3536 ultima
3243 3481 3387 3536 cattle
3405 3496 3530 3552 per-

1957 3574 2183 3640 domuit,
2214 3575 2589 3645 ultusque-est
2628 3574 2968 3633 Christianos
2991 3591 3127 3645 quos
3161 3576 3257 3641 illi,
3283 3575 3531 3631 Cochebn

1959 3664 2117 3729 duce,
2165 3664 2308 3734 quod
2356 3665 2460 3718 sibi
2491 3664 2777 3720 adversum
2831 3665 3107 3720 Romanos
3146 3680 3252 3721 non
3290 3675 3536 3720 assenta-

1958 3762 2167 3820 rentur,
2196 3755 2600 3811 excruciabant.
2622 3754 2994 3825 Prtecepitque
3018 3770 3086 3812 ne
3109 3756 3196 3811 cui
3226 3754 3533 3811 Judmorutu

1959 3845 2265 3901 introeundi
2296 3845 2722 3920 Hierosolymam
2765 3856 2908 3903 esset
2933 3848 3177 3914 licentia,
3207 3848 3531 3905 Christianis

1961 3943 2169 3991 tantum
2215 3936 2437 3993 civitate
2483 3937 2782 4008 permissa;
2838 3952 2999 4007 quam
3035 3936 3151 4009 ipse
3190 3938 3245 3993 in
3271 3938 3535 4007 optimum

1960 4034 2468 4082 statummurorum
2500 4027 2871 4083 exstructione
2923 4029 3299 4099 reparavit,“
3335 4012 3535 4084 IEliam

1960 4118 2145 4174 vocari
2167 4118 2233 4173 de
2253 4119 2587 4188 praenomine
2608 4133 2707 4175 suo
2736 4120 2998 4191 praecipit.
3038 4119 3253 4177 Primus
3274 4134 3341 4174 ex
3370 4120 3540 4192 genti—

1961 4209 2062 4263 bus
2086 4206 2471 4279 Hierosolyma!
2494 4207 2707 4264 Marcus
2727 4211 3011 4279 episc0pns
3031 4210 3400 4275 constituitur,
3421 4224 3547 4264 cess

1962 4298 2208 4354 euntibus
2235 4300 2320 4354 his
2354 4301 2444 4369 qui
2490 4298 2705 4354 fuerant
2732 4316 2797 4354 ex
2837 4300 3037 4355 ludatis
3063 4300 3538 4369 nurneroquinde-

1961 4391 2091 4454 eim,
2113 4396 2169 4444 et
2194 4388 2521 4459 praefuerant
2549 4405 2579 4442 a
2609 4389 2861 4458 passione
2886 4389 3095 4444 Domini
3117 4403 3214 4458 per
3230 4403 3401 4443 annos
3420 4387 3537 4443 fern

1962 4487 2179 4536 centum
2219 4486 2276 4532 ot
2312 4485 2538 4547 septem.
2565 4477 2672 4532 Per
2699 4477 2851 4531 idem
2880 4485 3103 4545 tempus
3122 4477 3336 4546 Aquila,
3361 4479 3537 4547 ponti-

275 4568 461 4624 elesim
507 4568 813 4640 episcopus,
864 4570 1124 4641 martyrio
1170 4577 1483 4636 coronatur,
1526 4578 1583 4625 et
1628 4571 1859 4641 septimo
1890 4549 1937 4610 ί)
1963 4584 2059 4626 cus
2087 4570 2355 4639 interpres
2383 4568 2673 4632 secundus,
2720 4576 2843 4638 post
2871 4568 3220 4638 Septuaginta
3246 4567 3437 4630 oritur,
3482 4575 3540 4621 at

275 4661 348 4715 ab
398 4658 542 4715 Urbe
593 4659 876 4724 milliaria,
927 4660 1011 4714 via
1058 4659 1431 4725 Nomentana,
1481 4659 1572 4714 ubi
1621 4659 1857 4715 decolla-

275 4762 365 4807 tus
390 4760 498 4817 est,
526 4751 807 4822 sepelitur.
839 4750 953 4807 Sub
980 4766 1089 4821 quo
1117 4753 1280 4806 etiam
1309 4752 1633 4822 imperatore
1655 4751 1855 4822 glorio-

276 4842 533 4896 sissimus
564 4856 731 4897 senex
756 4839 1073 4908 Zacharias,
1101 4840 1425 4899 Viennensis
1452 4841 1713 4897 Ecclesiae
1739 4842 1855 4912 epi-

276 4949 496 5004 scopus.
538 4933 799 5004 martyrio
827 4942 1142 4988 coronatur.
1184 4931 1318 4987 Nam
1361 4934 1568 5003 primus
1595 4933 1857 4990 Crescens

276 5023 583 5093 discipulus
607 5021 908 5093 apostolum
934 5021 1159 5078 Vienna:
1191 5024 1396 5094 aliquot
1419 5038 1589 5079 annos
1621 5024 1854 5091 resedit;

279 5130 393 5184 quo
420 5114 488 5168 ad
513 5113 784 5169 Galatiam
810 5128 1048 5179 reverso,
1080 5114 1272 5170 tertius
1297 5113 1559 5170 Martinus
1576 5115 1861 5185 episcopus

279 5215 335 5261 et
385 5204 684 5277 discipulus
749 5205 1113 5275 apostolorum
1164 5204 1384 5261 Vienna:
1439 5206 1680 5272 resedit;
1765 5208 1860 5262 sed

278 5297 623 5368 postmodum
655 5296 813 5353 Plinii
859 5296 1079 5352 secundi
1111 5297 1345 5352 oratoris
1380 5304 1447 5352 et-
1475 5296 1736 5359 historici,
1767 5299 1859 5366 qui

282 5389 429 5443 inter
469 5395 696 5443 caeteros
717 5385 930 5455 indices
959 5394 1273 5458 persecuntur
1312 5386 1489 5441 dictus
1506 5395 1645 5450 erat,
1685 5386 1857 5441 relatu

282 5477 599 5533 admonitus
610 5490 705 5533 eos
730 5476 979 5532 homines
993 5486 1193 5547 prteter
1212 5475 1610 5531 confessionem
1635 5473 1860 5541 Christi,

288 5568 515 5621 honesta
543 5566 940 5631 conventicula,
972 5565 1102 5622 nihil
1129 5566 1462 5621 contrarium
1501 5564 1759 5621 Romanis
1786 5566 1862 5622 le-

284 5660 444 5727 gibus
493 5659 693 5724 facere,
740 5660 930 5715 fiducia
988 5674 1143 5715 sane-
1168 5658 1474 5716 innocentis
1504 5657 1861 5714 confessionis

284 5751 491 5809 nemini
519 5762 744 5809 mortem
768 5768 985 5825 gravem
1029 5770 1091 5809 ac
1125 5751 1525 5810 formidolosam
1550 5750 1856 5816 videri,.rc-

1962 4658 2222 4716 Basilides
2260 4658 2624 4713 bteresiarcba
2658 4660 2985 4728 agnoscitur.
3019 4658 3145 4714 lloe-
3172 4658 3359 4713 itidem
3389 4667 3529 4713 tem-

1960 4766 2092 4823 pore
2120 4759 2176 4805 et
2206 4748 2390 4805 Justus
2430 4746 3030 4803 Viennensis-Ecclesia
3056 4748 3363 4818 episcopus,
3408 4747 3531 4802 illn-

1960 4839 2257 4897 strissimus
2282 4839 2335 4894 in
2352 4836 2696 4894 confessione
2717 4838 2948 4895 exstitit.
2972 4838 3282 4906 Quadratus
3295 4852 3541 4908 quoque,

1962 4935 2115 5005 cujus
2169 4948 2329 5003 supra
2378 4931 2745 4997 meminimus,
2806 4930 2992 4987 Publio
3036 4929 3370 4985 Athenarum
3417 4929 3535 5000 epi-

2148 5024 2515 5095 apostolorum
2560 5020 2850 5094 discipulo,
2876 5022 2948 5077 ob
2973 5021 3245 5077 Christum
3271 5020 3534 5090 martyrio

1963 5126 2242 5183 coronato,
2293 5119 2348 5174 in
2380 5117 2556 5173 locum
2587 5115 2706 5186 ejus
2748 5116 3119 5179 substituitur,
3154 5123 3213 5171 et
3241 5112 3535 5170 Ecclesium

1965 5210 2155 5282 grandi
2191 5217 2401 5265 terrore
2426 5194 2749 5277 dispansam,
2778 5205 2882 5262 ﬁde
2910 5215 2965 5261 et
2990 5205 3253 5261 industria
3283 5218 3380 5258 sua
3401 5215 3531 5257 con:

1962 5309 2187 5463 ﬂgiti]
2240 5386 2578 5451 Antoninus,
2627 5393 2982 5455 cognomento
3030 5385 3191 5443 Pius,
3236 5381 3535 5451 imperatur

1963 5487 2202 5545 creatus,
2228 5478 2388 5532 annis
2436 5476 2625 5547 viginti
2671 5482 2726 5530 et
2766 5491 2872 5530 non
2906 5476 3084 5546 plenis
3111 5473 3283 5527 tribus
3312 5484 3532 5541 rempu-

1966 5571 2163 5626 blicam
2210 5568 2531 5639 gubernavit
2563 5583 2686 5623 cum
2727 5566 2851 5622 filiis
2877 5568 2991 5622 suis
3025 5563 3244 5619 Aurelio
3263 5571 3321 5619 et
3343 5556 3535 5627 lucio,

1966 5660 2337 5737 mpnses'tres,
2367 5660 2465 5731 qui
2488 5660 2540 5715 in
2562 5659 2707 5716 omni
2743 5674 2910 5729 regno
2934 5658 3173 5713 Romano
3192 5654 3555 5713 cautionibus.

1966 5751 2213 5806 incensis.
2247 5759 2564 5806 eunetorum
2591 5749 2767 5805 debita
2819 5746 3099 5815 relaxavit,
3126 5745 3363 5817 adeoque
3390 5753 3541 5804 tratu-
