4024 6362
524 352 592 405 83
1514 355 1569 411 S.
1605 354 1857 413 ADONIS
1891 352 2320 414 ARCHlEPlSC.
2364 355 2776 415 VIENNENSIS
3476 425 3487 432 ,
3712 367 3782 424 83

525 462 688 531 quille
724 462 858 516 vixit
895 471 954 516 ut
988 463 1181 520 merito
1224 464 1436 535 Pius‘fet
1481 465 1642 521 Pater
1682 469 1871 538 patriae
1901 468 1973 524 sit
1995 482 2092 537 ap-
2120 471 2169 530 Α
2199 482 2386 523 manus
2409 467 2712 539 largissime
2739 485 2802 526 ac
2830 472 2948 540 sine
2987 472 3184 544 injuria
3213 475 3484 544 refecerit,
3510 478 3778 538 barbaros

523 553 771 623 pellatus.
822 551 1063 608 Justinus
1102 556 1451 628 philosophus
1480 557 1676 613 librum
1707 561 1774 614 de
1815 560 2095 630 Religione

521 645 829 700 Christiana
884 649 1238 716 compositum
1301 650 1572 704 Antonino
1634 651 1877 716 tradidit,
1938 651 2093 706 beni-

520 749 795 804 gnumque
830 750 952 790 eum
982 752 1109 805 erga
1147 736 1483 794 Christianos
1519 739 1768 795 homines
1796 740 1926 796 fecit
1955 757 1968 806 ;
2001 740 2092 809 qui

523 815 631 881 ιιόιι
686 827 842 898 longe
884 837 1007 899 post
1055 829 1312 883 suscitata
1363 833 1781 899 persecutione,
1830 832 2096 902 prodente

517 916 809 973 Crescente
835 919 1026 988 cynico
1048 959 1062 984 ,
1091 935 1188 989 pro
1229 919 1441 975 Christo
1470 922 1783 990 sanguinem
1804 921 1957 976 fudit.
1994 920 2096 976 Va-

518 1008 852 1064 lentinianus
928 1017 984 1063 et
1053 1007 1291 1063 Marcion
1337 1010 1716 1064 baeresiarchae
1768 1010 2092 1080 produntur,

517 1108 681 1168 atque
735 1097 967 1154 Galenus
1016 1101 1258 1155 medicus
1305 1100 1568 1172 Pergamo
1619 1102 1854 1172 genitus,
1909 1102 2095 1156 Romae

516 1188 696 1242 clarus
723 1189 968 1243 habetur.
1019 1189 1146 1246 Pius
1171 1192 1454 1263 episcopus
1491 1192 1676 1248 Roma:
1709 1194 1962 1259 habetur,
1994 1196 2094 1250 sub

515 1293 624 1345 quo
661 1277 887 1333 llermes
918 1279 1111 1335 librum
1141 1283 1382 1352 scripsit,
1412 1284 1502 1354 qui
1530 1283 1773 1340 Pastoris
1798 1286 2012 1350 dicitur,
2036 1286 2088 1340 in

515 1383 623 1436 quo
662 1379 989 1439 praeceptum
1039 1372 1280 1426 continet
1304 1374 1500 1442 angeli,
1530 1382 1587 1427 ut
1630 1373 1835 1432 Pascha
1877 1390 2094 1444 semper

513 1459 601 1512 die
651 1459 930 1513 Dominico
956 1461 1282 1516 celebretur.
1329 1461 1658 1533 Polycarpus
1693 1465 1907 1519 auditor
1947 1465 2091 1519 beati

511 1547 737 1603 Joannis
789 1548 1017 1604 Romam
1065 1552 1290 1607 veniens
1340 1553 1536 1608 multos
1582 1555 1651 1608 ab
1687 1555 1938 1609 haeretica
1970 1555 2091 1610 labe

515 1639 822 1708 castigavit,
877 1641 968 1710 qui
1018 1639 1289 1696 Valentini
1317 1653 1372 1698 et
1401 1643 1662 1699 Ccrdonis
1686 1644 1897 1699 fuerant
1920 1659 2092 1714 nuper

512 1731 758 1785 doctrina
810 1733 1072 1803 corrupti.
1135 1733 1516 1790 Viennensium
1572 1737 1857 1807 episc0pus
1905 1736 2090 1792 Justus

2201 567 2381 613 autem
2425 560 2632 614 crebris
2676 559 2957 617 fulminum
3005 564 3204 620 ictibus
3241 568 3580 636 perterritos,
3614 570 3668 624 in
3701 571 3784 626 fu-

2158 698 2162 700 .
2199 664 2321 719 gam
2350 651 2607 719 coegerit,
2658 651 2801 706 sicut
2850 653 3002 717 idem,
3043 655 3352 713 Antoninus
3398 659 3694 728 imperator
3724 662 3779 716 in

2198 741 2396 797 litteris
2422 744 2536 799 suis
2560 743 2779 806 fatetur,
2813 746 2884 801 ob
2922 747 3320 804 invocationem
3359 752 3595 806 nominis
3623 752 3785 809 Chri-

2197 831 2360 886 stiani
2389 847 2486 902 per
2518 834 2717 889 milites
2738 835 3102 902 Christianos,
3133 847 3187 894 et
3211 840 3358 895 sitim
3386 855 3504 909 quae
3525 857 3592 897 ex
3619 858 3784 912 penu-

2198 923 2278 977 ria
2310 937 2573 992 aquarum
2612 926 2665 978 in
2693 928 2887 981 castris
2917 927 3289 984 Romanorum
3313 941 3434 986 erat
3465 931 3778 1003 depulsam,

2197 1023 2251 1067 et
2275 1013 2528 1069 collatam
2558 1015 2660 1070 sibi
2697 1016 2864 1072 fuisse
2894 1019 3199 1074 victoriam.
3223 1020 3530 1077 Antoninus
3552 1024 3608 1078 in
3637 1023 3784 1079 Pan-

2197 1105 2357 1158 nonia
2381 1106 2724 1171 constitutus,
2744 1110 3028 1176 repentino
3048 1111 3239 1165 morbo
3262 1113 3404 1167 diem
3425 1113 3578 1169 obiit.
3603 1114 3784 1171 Theo-

2195 1193 2372 1262 philus
2401 1206 2586 1249 sextus
2608 1195 2959 1252 Antiochenze
2981 1199 3235 1255 Ecclesia:
3263 1200 3468 1268 ﬂoruit,
3493 1215 3550 1259 et
3568 1202 3780 1260 Pinitus

2195 1283 2467 1340 Cretensis
2496 1285 2710 1340 Gnosia:
2759 1287 2909 1344 urbis
2950 1290 3251 1360 episcopus.
3303 1292 3565 1350 Tatianus
3608 1295 3782 1350 haere-

2194 1375 2881 1444 siarcha‘Encratitarum,
2933 1381 3024 1449 qui
3075 1383 3311 1450 quandiu
3343 1399 3372 1436 a
3402 1383 3600 1439 Justini
3634 1401 3784 1439 mar-

2194 1467 2328 1536 tyris
2361 1467 2530 1522 latere
2567 1486 2674 1545 non
2708 1471 2978 1534 discessit,
3013 1471 3194 1528 ﬂoruit
3228 1475 3281 1528 in
3311 1475 3574 1532 Ecclesia.
3604 1475 3782 1547 Hujus

2192 1569 2430 1608 errorem
2455 1555 2782 1613 Severianus
2807 1561 2978 1625 auxit,
3018 1577 3047 1616 a
3081 1577 3188 1631 quo
3219 1563 3583 1620 Severiniani.

2265 1644 2413 1718 [l8l]
2454 1645 2654 1704 Lucius
2691 1650 2998 1705 Antoninus
3037 1652 3366 1709 Commodus
3394 1663 3516 1724 post
3543 1667 3780 1713 mortem

2191 1737 2360 1804 patris
2387 1739 2631 1806 regnavit
2677 1756 2848 1796 annos
2879 1743 3158 1797 tredecim.
3192 1742 3292 1799 Hic
3333 1745 3614 1802 adversum
3636 1747 3779 1802 Ger-

516 1823 691 1880 adhuc
718 1825 898 1880 cla-rus
924 1827 1185 1893 habetur;
1219 1827 1654 1898 Lugdunensium
1676 1829 1958 1884 Photinus.
1983 1831 2087 1884 An-
2120 1819 2161 1878 Β
2191 1841 2380 1881 "13008
2411 1828 2608 1882 bellum
2652 1829 2884 1885 [θηρίων
2925 1833 3126 1901 gessit;
3174 1842 3428 1888 callem!!!
3471 1851 3567 1904 per
3593 1838 3782 1892 omnia

516 1917 699 1970 tonius
725 1917 793 1972 ad
825 1919 1203 1973 duodecimum
1235 1919 1302 1973 ab
1330 1919 1469 1975 Urbe
1494 1920 1722 1990 lapidem
1760 1921 1946 1976 morbo
1971 1937 2094 1975 cor-

513 2020 697 2080 reptus
725 2012 951 2066 interiit.
978 2013 1238 2068 Anicetus
1260 2014 1445 2090 Romae
1465 2015 1768 2084 episc0pus.

584 2113 734 2186 [l6l]
777 2113 987 2168 Marcus
1015 2115 1318 2170 Antoninus
1347 2117 1519 2171 Verus
1562 2131 1685 2171 cum
1724 2116 1892 2170 fratre
1927 2115 2096 2170 Lucio

513 2201 733 2257 Aurelio
757 2201 1052 2258 Commodo
1081 2203 1375 2270 Antonino,
1402 2205 1560 2260 annis
1598 2205 1782 2259 decem
1809 2213 1864 2258 et
1902 2219 2093 2258 novem

512 2309 700 2350 mense
731 2309 836 2349 uno
879 2295 1161 2365 imperium
1205 2298 1394 2352 tenuit.
1433 2297 1472 2351 li
1509 2297 1666 2368 primi
1706 2297 2092 2367 rempublicam

515 2399 670 2454 :equo
712 2383 834 2452 jure
881 2387 1037 2440 tutati
1094 2397 1240 2452 sunt,
1283 2403 1404 2442 cum
1449 2402 1618 2456 usque
1641 2387 1711 2442 ad
1755 2389 1858 2442 hoc
1887 2396 2095 2455 tempus

514 2474 712 2544 singuli
743 2476 967 2546 Augusti
1015 2475 1236 2532 fuerint.
1287 2476 1492 2532 Bellum
1520 2477 1713 2532 deinde
1740 2487 1924 2532 contra
1963 2475 2092 2530 Par-

517 2567 640 2622 thos
683 2568 988 2622 admirabili
1029 2569 1230 2624 virtute
1277 2580 1332 2624 et
1390 2568 1646 2624 felicitate
1689 2576 1989 2638 gesserunt.
2032 2565 2088 2621 In

513 2656 704 2712 diebus
753 2656 992 2712 Parthici
1050 2658 1172 2712 belli
1219 2659 1622 2728 persecutiones
1658 2657 2088 2712 ChristianOrutn

511 2758 706 2819 quarta
744 2749 858 2817 jam
888 2759 1009 2819 post
1030 2749 1294 2805 Neronem
1335 2750 1474 2814 vice,
1519 2751 1572 2804 in
1598 2749 1726 2803 Asia
1754 2756 1810 2802 et
1839 2747 1891 2801 in
1915 2746 2088 2802 Gallia

515 2858 708 2912 graves
757 2843 1098 2897 exstiterunt.
1148 2842 1476 2913 Polycarpus
1521 2849 1576 2896 et
1634 2839 1854 2894 Pionius
1909 2839 2088 2894 fecere

512 2931 833 3002 martyrium
877 2932 932 2985 in
973 2931 1099 2986 Asia
1127 2948 1141 2994 ;
1175 2932 1228 2984 in
1259 2931 1446 2984 Galliis
1486 2943 1700 2998 quoque
1729 2927 1944 2998 plurimi
1975 2926 2087 2996 glo-

511 3024 653 3079 riose
687 3039 782 3093 pro
811 3023 1026 3078 Christo
1053 3023 1370 3092 sanguinem
1407 3022 1681 3076 fuderunt.
1713 3019 1898 3075 Justus
1922 3020 2086 3075 Vien-

510 3116 696 3170 nensis
721 3115 1027 3184 episcopus,
1060 3113 1218 3183 longo
1247 3121 1489 3183 tempore
1523 3111 1716 3166 exsilio
1750 3118 2081 3174 maceratus,

512 3214 721 3275 martyr
764 3205 1030 3275 gloriosus
1072 3203 1318 3258 cllicitur.
1373 3203 1524 3256 Tunc
1562 3201 1824 3256 Photinus
1860 3213 2083 3254 venera-

509 3295 630 3349 bilis
655 3311 843 3359 senex,
876 3306 1115 3365 tempore
1137 3294 1455 3362 interposito
1497 3309 1618 3348 cum
1653 3291 2006 3362 quadraginta
2030 3300 2084 3345 et

508 3394 632 3438 octo
673 3401 738 3440 ex
787 3385 1125 3454 Lugdunensi
1168 3396 1223 3440 et
1257 3384 1542 3440 Viennensi
1593 3385 1723 3436 urbe
1763 3381 2081 3453 martyrium

509 3491 664 3530 suum
717 3476 972 3545 implevit.
1029 3476 1138 3532 Nec
1186 3477 1353 3531 multo
1393 3487 1536 3547 post,
1586 3475 1778 3529 vindex
1817 3475 2081 3530 scelerum

508 3568 624 3623 lues
661 3569 854 3624 multas
900 3569 1006 3624 late
1047 3571 1374 3638 provincias,
1423 3569 1628 3622 Italiam
1677 3568 1932 3631 maxime,
1977 3568 2082 3622 Ro-

508 3676 762 3728 matnque
792 3663 1042 3716 vastavit.
1093 3662 1401 3723 Severinus,
1438 3660 1738 3729 Exuperius
1766 3667 1819 3712 et
1857 3657 2080 3712 Felicia-

507 3765 611 3806 nus
637 3765 803 3819 parvo
831 3760 1070 3820 tempore
1101 3759 1226 3805 ante
1258 3751 1396 3819 apud
1426 3749 1683 3804 Viennam
1714 3748 1973 3818 martyrio
1994 3763 2081 3802 co-

505 3839 702 3893 ronati.
740 3838 1066 3894 Commodus
1115 3838 1241 3891 dum
1273 3853 1396 3892 cum
1439 3836 1604 3891 fratre
1631 3837 1686 3889 in
1721 3835 1968 3890 vehiculo
1989 3849 2080 3889 se-

505 3931 620 3991 det,
674 3943 804 3982 casu
845 3927 1014 3981 morbi
1064 3941 1222 3996 quem
1265 3926 1598 3994 apoplexiam
1645 3923 1815 3979 Graeci
1861 3933 2076 3989 vocant,

503 4017 796 4074 suffocatus
839 4018 1061 4070 interiit.
1108 4017 1184 4069 Eo
1228 4016 1501 4081 defuncto,
1529 4015 1738 4069 Marcus
1776 4013 2078 4069 Antoninus

502 4107 650 4161 solus
676 4105 1066 4174 aliquantulum
1093 4104 1398 4173 reipublica:
1420 4103 1663 4172 praefuit;
1691 4103 2076 4172 postCommo-

503 4198 630 4250 dum
675 4197 842 4249 lilium
896 4210 1052 4249 suum
1097 4194 1388 4263 assumpsit
1428 4194 1482 4247 in
1529 4208 1772 4263 regnum.
1806 4193 2076 4247 Antonino

501 4290 852 4357 imperatore,
898 4286 1076 4342 Melito
1105 4286 1334 4340 Asianus
1385 4284 1722 4340 Sardicensis
1772 4284 2072 4354 episcopus,

501 4380 891 4450 apologeticum
940 4395 1036 4449 pro
1082 4377 1402 4433 Christianis
1455 4378 1690 4450 tradidit.
1729 4377 1925 4432 Lucius
1954 4376 2075 4430 Bri-

500 4449 786 4525 tanuorum
832 4485 942 4530 rex,
977 4469 1138 4523 missa
1165 4469 1230 4521 ad
1257 4449 1623 4522 Eleutherium
1654 4467 1836 4522 Ronue
1865 4469 2073 4538 episco-

499 4575 625 4628 pum
654 4558 900 4628 epistola,
937 4567 994 4611 ιιι
1017 4557 1355 4611 Christianus
1385 4555 1689 4612 etliceretur
1713 4556 1887 4626 petiit.
1917 4555 2073 4625 Apol-

499 4649 692 4702 linaris
711 4648 986 4716 Appianus
1028 4646 1322 4715 llieropoli,
1359 4654 1415 4699 ct.
1467 4645 1753 4715 Dionysius
1800 4643 2070 4707 Corinthi,

497 4741 628 4794 clari
654 4741 918 4794 habentur
946 4737 1203 4807 episcopi.
1246 4737 1530 4792 Montanus
1566 4737 1856 4806 Aprorum,
1883 4745 1939 4789 et
1967 4735 2072 4788 Ta-

497 4832 698 4893 tianus,
748 4847 779 4884 a
819 4845 928 4898 quo
980 4829 1268 4883 Encratitac
1319 4829 1689 4882 haeresiarcha:
1720 4827 1891 4881 exorti
1923 4834 2066 4881 sunt.

493 4920 800 4982 Antoninus
837 4919 1094 4987 praeteriti
1136 4918 1393 4986 temporis
1422 4932 1517 4986 per
1552 4931 1739 4970 omnes
1762 4916 2069 4984 provincias

497 5013 698 5068 tributa
757 5012 1014 5076 donavit;
1071 5012 1357 5079 omniaque
1399 5007 1558 5062 simul
1611 5007 1868 5062 tiscalium
1912 5022 2070 5076 nego-

496 5106 697 5159 tiorum
746 5105 1076 5158 calumniosa
1127 5104 1460 5158 munimenta
1509 5108 1784 5171 congesta,
1833 5099 1886 5151 in
1928 5098 2070 5154 Foro

489 5199 653 5266 jussit
680 5197 913 5260 incendi,
947 5196 1354 5263 scverioresque
1377 5194 1521 5263 leges
1546 5192 1700 5247 novis
1730 5191 2070 5245 constitutio-

498 5290 656 5346 nibus
709 5287 1048 5358 temperavit.
1107 5285 1235 5339 Post
1280 5282 1732 5337 Marcomanicum
1768 5280 1962 5334 bellum
2013 5280 2066 5332 in

495 5395 603 5450 quo
634 5387 822 5450 gentes
867 5379 1134 5439 barbam,
1159 5373 1450 5443 “Vandali,
1494 5372 1758 5426 Sarmata)
1785 5369 2070 5438 omnisque

496 5486 635 5540 pene
655 5467 944 5525 Germania
963 5466 1259 5522 exercitum
1276 5463 1574 5518 Romanum
1596 5459 2068 5525 circumciuxerat,

497 5561 715 5632 quando
743 5561 812 5614 ad
840 5558 1236 5614 invocationem
1273 5554 1508 5609 nominis
1532 5551 1755 5614 Christi,
1787 5565 1948 5619 quam
1981 5566 2069 5604 su-

499 5653 613 5708 bito
640 5667 832 5722 magna
865 5652 988 5707 fidei
1022 5649 1326 5705 constantia
1361 5647 1577 5718 quidam
1607 5645 1803 5700 milites
1831 5643 1983 5699 eﬂusi
2017 5644 2068 5697 in

500 5760 707 5815 preces,
733 5755 956 5816 tantum
1006 5746 1109 5800 vim
1152 5741 1343 5814 pluviae
1380 5741 1818 5810 impetraverunt,
1868 5744 1923 5790 ut
1961 5735 2067 5817 llo:

2197 1915 2423 1972 luxuriae
2465 1927 2520 1972 et
2568 1920 2916 1976 obscenitatis
2965 1923 3227 1980 dedecore
3270 1925 3615 1994 depravat-us,
3663 1929 3782 1998 gla—

2198 2009 2442 2064 diatoriis
2467 2013 2637 2066 armis
2689 2015 2988 2082 saepissime
3017 2015 3071 2069 in
3116 2015 3240 2071 ludo
3265 2017 3614 2088 depugnavit,
3636 2029 3692 2075 et
3718 2023 3780 2077 in

2195 2104 2592 2172 amphitheatro
2614 2104 2743 2161 feris
2769 2122 2888 2163 sese
2915 2107 3223 2176 frequenter
3242 2110 3469 2178 ohjccit;
3498 2112 3780 2170 interfecit

2195 2195 2360 2247 etiam
2391 2194 2651 2264 plurimos
2674 2206 2972 2263 senatores,
2999 2201 3236 2255 maxime
3266 2217 3402 2272 quos
3427 2203 3661 2259 advertit
3680 2220 3778 2260 no-

2193 2281 2402 2336 bilitate
2429 2283 2800 2355 industriaque
2834 2288 3116 2343 excellere.
3148 2290 3475 2360 Capitolium
3501 2294 3653 2350 urbis
3675 2294 3778 2350 ful—

2193 2371 2337 2426 mine
2374 2373 2560 2438 ictum,
2585 2390 2650 2429 ex
2675 2389 2782 2444 quo
2807 2377 2949 2432 facta
2979 2378 3348 2446 inﬂammatio,
3383 2383 3770 2441 bibliothecam

2193 2464 2460 2534 majorum
2495 2483 2623 2523 cura
2645 2471 2930 2540 studioque
2959 2475 3337 2542 compositam,
3362 2479 3613 2550 aedesque
3639 2481 3778 2537 alias

2189 2554 2344 2625 juxta
2371 2556 2504 2610 sitas
2535 2559 2718 2628 rapaci
2751 2559 2964 2616 turbine
2988 2566 3372 2620 concremavit.
3397 2569 3630 2624 lrenaaus
3650 2570 3768 2640 epi-

2191 2662 2386 2716 scopus
2436 2647 2808 2719 Lugdunensis
2865 2652 3111 2718 trahetur,
3170 2657 3460 2726 Dionysius
3514 2675 3814 2730 quoque,-

2190 2737 2573 2808 discipulorum
2615 2740 2817 2796 Christi
2859 2744 3093 2810 auditor,
3132 2745 3494 2802 Viennensem
3525 2758 3650 2805 tunc
3670 2749 3772 2806 Ec-

2189 2827 2408 2882 clesiam
2451 2829 2687 2900 regebat.
2716 2832 3052 2889 Thcodosion
3082 2836 3345 2906 Ephesius
3369 2839 3636 2910 interpres
3661 2851 3766 2898 ter-

2192 2917 2314 2979 tius,
2357 2921 2624 2988 apparuit.
2659 2920 2988 2980 Commodus
3023 2926 3317 2995 imperator
3353 2929 3546 2985 colossi
3587 2933 3767 3002 capite

2189 3009 2422 3076 sublato,
2449 3027 2560 3064 suae
2588 3012 2838 3084 imaginis
2858 3025 3019 3085 caput
3040 3017 3090 3071 ei
3117 3017 3277 3085 jussit
3299 3020 3518 3090 imponi.
3545 3022 3768 3082 Cunctis

2191 3101 2371 3170 itaque
2414 3101 2784 3160 incommodus
2823 3105 2878 3160 in
2913 3107 3147 3163 Vcstalia
3177 3109 3338 3168 domo
3375 3113 3764 3184 strangulatus,

2189 3192 2458 3248 interiisse
2485 3193 2670 3249 fertur.

2258 3285 2407 3358 [I94]
2443 3285 2620 3342 .IElius
2667 3288 2920 3346 Pertinax
2949 3307 3134 3358 senex,
3170 3295 3464 3364 imperator
3499 3312 3530 3352 a
3567 3309 3769 3355 senatu

2186 3386 2418 3439 creatus,
2449 3393 2541 3432 sex
2580 3381 2856 3436 mensibus
2883 3385 3146 3454 regnavit.
3184 3385 3285 3441 llic
3309 3386 3507 3442 Juliani
3529 3387 3770 3460 jurispﬁ

2185 3468 2272 3523 riti
2303 3468 2589 3524 scelerein
2619 3472 2818 3541 palatio
2847 3475 3059 3530 occisus
3085 3484 3188 3540 est,
3217 3492 3401 3533 mense
3430 3489 3584 3534 sexto
3611 3490 3766 3550 post-

2182 3578 2345 3631 quam
2379 3565 2644 3634 impcrare
2672 3578 2911 3636 coeperat
2938 3586 2952 3633 ;
2981 3586 3139 3638 quem
3165 3570 3400 3626 Severus
3423 3575 3588 3629 etiam
3622 3577 3770 3646 apud

2181 3653 2404 3708 Pontem
2427 3654 2663 3709 Milvium
2689 3657 2828 3712 bello
2858 3658 3000 3712 civili
3031 3660 3231 3712 victum
3259 3660 3551 3716 interfecit.
3576 3664 3769 3719 Victor

2181 3744 2424 3800 decimus
2469 3746 2659 3800 tertius
2696 3746 2881 3801 Romae
2927 3747 3227 3817 episcopus,
3261 3747 3404 3804 datis
3431 3751 3539 3807 late
3567 3753 3770 3810 libellis

2181 3835 2460 3890 constituit
2498 3836 2704 3890 Pascha
2751 3837 2838 3891 die
2882 3835 3164 3892 Dominico
3195 3838 3478 3894 celebrari.
3518 3841 3671 3897 Sicut
3705 3853 3772 3897 et

2180 3925 2535 3980 condccessor
2583 3924 2698 3992 ejus
2741 3925 3016 3990 Eleuther,
3065 3943 3094 3981 a
3143 3927 3350 3983 decima
3398 3940 3590 3999 quarta
3632 3932 3767 3988 luna

2179 4012 2335 4084 primi
2383 4013 2586 4066 mensis
2631 4029 2800 4082 usque
2848 4015 2900 4068 in
2937 4014 3250 4069 vicesimam
3287 4018 3516 4086 primam
3554 4035 3568 4073 :
3606 4019 3769 4088 cujus

2178 4104 2411 4160 decretis
2455 4103 2641 4160 favens
2677 4104 3006 4176 Theophilus
3038 4106 3298 4161 Cursarem
3327 4107 3606 4164 Palestina!
3643 4111 3767 4178 epi-

2177 4209 2405 4266 sc0pus,
2445 4195 2660 4263 scripsit
2704 4196 2985 4250 adversum
3027 4211 3121 4251 eos
3168 4197 3260 4265 qui
3313 4197 3521 4252 decima
3559 4184 3764 4268 quar'ta

2177 4283 2304 4339 luna
2343 4299 2464 4340 cum
2496 4283 2694 4339 Judmis
2743 4284 2947 4340 Pascha
2978 4285 3347 4352 celebrabant,
3381 4302 3505 4341 cum
3544 4290 3764 4346 caeteris

2176 4376 2268 4446 qui
2308 4377 2362 4430 in
2403 4376 2592 4430 eodem
2637 4377 2862 4431 concilio
2903 4377 3229 4432 resederunt
3269 4379 3556 4448 episcopis,
3595 4395 3764 4451 syno-

2176 4467 2352 4522 dicam
2400 4476 2456 4522 et
2495 4467 2650 4521 valde
2707 4467 2892 4522 utilem
2927 4468 3230 4537 epistolam.
3279 4467 3455 4524 Atilius
3501 4470 3759 4528 Pertinax

2177 4558 2498 4628 supplicanti
2547 4559 2755 4614 senatui
2799 4568 2860 4612 ut
2907 4574 3127 4614 uxorem
3175 4569 3459 4631 augustam
3496 4571 3548 4615 et
3589 4563 3759 4617 tiliam

2173 4645 2440 4700 Caesarem
2470 4644 2694 4710 faceret,
2731 4661 2963 4700 renuens
2993 4648 3068 4700 ait
3097 4665 3108 4700 :
3143 4648 3402 4704 Suﬂicere
3428 4649 3530 4704 sibi
3556 4651 3758 4707 debere

2173 4737 2314 4804 quod
2357 4738 2471 4805 ipse
2513 4738 2804 4806 imperaret
2847 4738 3067 4792 invitus.
3092 4737 3262 4806 Hujus
3293 4739 3425 4796 {Elii
3460 4751 3620 4811 atque
3653 4741 3753 4796 Ju-

2169 4826 2298 4881 liani
2337 4827 2521 4882 Severi
2557 4843 2774 4897 quoque
2811 4830 3198 4898 imperatorum
3239 4833 3588 4902 temporibus,
3626 4834 3756 4888 Dio-

2172 4921 2379 4989 nysius,
2416 4921 2558 4974 sicut
2603 4921 2856 4982 diximus,
2895 4921 3210 4977 Viennensis
3248 4924 3531 4992 episcopus
3565 4924 3751 4978 erudi-

2177 5009 2416 5063 tissimus
2441 5009 2642 5064 ﬂoruit.
2672 5011 2988 5081 Apollonius
3030 5012 3417 5068 disertissimus
3448 5013 3530 5068 vir
3560 5015 3754 5070 scribit

2176 5100 2438 5156 adversus
2467 5100 2777 5156 Montanum
2807 5101 3046 5157 Priscam
3075 5112 3129 5156 et
3155 5103 3526 5169 Maximillam,
3557 5114 3610 5160 et
3637 5105 3750 5161 dis-

2173 5192 2304 5245 serit
2339 5191 2649 5246 Montanum
2674 5201 2728 5247 et
2771 5193 2990 5248 insanas
3027 5203 3176 5248 vates
3215 5193 3331 5263 ejus
3373 5195 3600 5264 periisse
3626 5210 3749 5251 sus-

2176 5283 2390 5352 pendio.
2447 5282 2708 5352 Serapion
2762 5282 3058 5338 Antiochim
3103 5283 3387 5353 episcopus
3432 5283 3646 5350 ﬂoruit,
3693 5295 3751 5342 et

2174 5374 2488 5445 Apollonius
2517 5381 2734 5428 senator
2762 5383 2968 5444 martyr
2992 5373 3240 5429 eﬂicitur.

2249 5464 2394 5537 [195]
2433 5464 2667 5520 Severus
2697 5464 2953 5520 Pertinax
2999 5481 3196 5537 genere
3223 5464 3353 5520 Afer
3383 5465 3747 5537 Tripolitanus

2177 5556 2246 5610 ab
2265 5555 2460 5625 oppido
2488 5555 2660 5624 Lepti,
2687 5555 2779 5624 qui
2803 5570 2860 5611 se
2879 5571 2947 5610 ex
2978 5556 3195 5610 nomine
3225 5556 3569 5625 imperatoris
3586 5571 3746 5625 quem

2176 5644 2418 5698 occisum
2453 5643 2597 5698 ultus
2631 5643 2828 5709 fuerat,
2865 5643 3202 5699 Pcrtinacem
3251 5645 3507 5715 appellari
3547 5645 3747 5709 voluit;

2180 5732 2421 5805 regnavit
2453 5734 2605 5790 annis
2634 5735 2817 5790 decem
2851 5742 2904 5792 ct
2935 5744 3157 5806 septem.
3188 5734 3286 5792 llic
3322 5745 3513 5791 natura
3551 5751 3746 5800 saevus,
