4024 6362
246 377 323 432 85
1354 356 1767 418 CHRONICON.
1806 385 1876 397 —-
1911 353 2120 411 AETAS
2159 353 2410 410 SEXTA.
2654 420 2655 423 η
3449 350 3531 411 ω

228 490 443 547 .muitis
466 501 611 558 turpe
630 482 787 543 bellis
811 479 1120 547 lacessitus,
1149 476 1444 534 fortissime
1464 475 1680 546 quidem
1705 485 1842 528 rem-
1867 474 1918 534 A
1944 467 2139 540 dos-aa
2189 466 2481 535 “damur:
2520 472 2685 537 “que
2732 465 2992 523 θάτθηυε
3038 464 3335 524 ﬁdem"!
3388 470 3531 527 ιθιίε

247 580 553 653 publicam,
582 576 680 632 sed
721 571 1142 629 laboriosissime
1169 569 1331 625 rexit.
1364 566 1708 624 Piseennium
1740 560 1835 617 Ni-
1941 559 2234 653 volumina.
2542 651 2572 653 μ
2678 652 2686 653 7
2844 650 2855 653 Α
2977 649 2989 653 Δ
3148 649 3161 653 Α
3331 649 3345 653 _
3488 568 3493 573 ’

250 649 438 744 grum,
471 667 565 738 qui
594 667 649 721 in
678 663 914 735 Egypto
940 671 995 718 et
1029 659 1186 736 Syria
1219 659 1287 714 ad
1323 657 1663 730 tyrannidem
1695 653 1840 725 aspi-
2003 649 2154 744 {220]
2169 651 2379 744 Marcus
2394 651 2646 744 Aurelius
2658 649 3260 744 Antoninnsimperium
3278 649 3529 744 adeptus,

256 740 503 822 raverat,
528 757 671 829 apud
699 755 953 827 Cyzicum
975 752 1126 818 vicit,
1152 760 1208 805 et
1230 748 1523 805 interfecit.
1543 746 1760 803 Iudaeos
1785 752 1842 800 et
1941 742 2119 798 tenuit
2144 743 2300 799 annis
2321 752 2569 813 quatuor.
2602 741 2702 798 Hic
2725 742 2981 798 sacerdos
3017 740 3352 812 Heiiogabali
3388 750 3531 799 tem-

253 852 566 909 Samaritas
610 847 877 905 rebellare
921 851 1181 901 conantes
1220 842 1365 898 ferro
1406 840 1678 905 coercuit;
1714 837 1844 892 Par-
1941 833 2040 905 pii,
2072 834 2271 889 nullam
2299 835 2381 889 sui
2407 834 2513 888 nisi
2543 842 2875 903 stuprorum,
2897 831 3224 904 flagitiorum
3257 831 3545 903 totiusqtm

251 943 407 1008 thos,
439 939 652 995 Arabas
690 936 1105 1004 Adiabenosque
1150 932 1445 1002 superavit.
1478 930 1677 998 Quinta
1716 928 1844 982 hor—
1942 924 2290 999 obscenitatis
2311 924 2565 980 infamem
2586 923 3046 979 satismemoriam
3060 923 3297 994 reliquit.
3311 922 3543 980 Tumul-

257 1044 416 1091 tante
453 1049 486 1087 a
519 1031 734 1086 Nerone
774 1026 1150 1099 persecutione
1191 1024 1529 1081 Christianos
1564 1022 1847 1078 excrucia-

254 1126 376 1190 vit;
414 1122 744 1193 plurimique
781 1126 1091 1175 sanctorum
1128 1131 1225 1188 per
1254 1116 1497 1172 diversas
1537 1114 1847 1195 provincias

258 1213 528 1288 martyrio
574 1211 852 1275 coronati;
903 1210 1047 1265 inter
1093 1223 1232 1279 quos
1272 1216 1328 1263 et
1366 1207 1650 1272 Leonites,
1690 1214 1847 1276 pater

260 1304 533 1376 Origenis,
563 1312 620 1358 et
651 1302 901 1357 Clemens
943 1298 1322 1353 Alexandrinae
1361 1295 1649 1361 Ecclesiae,
1691 1308 1847 1350 corn-

262 1397 381 1452 nati
415 1402 563 1450 sunt.
589 1392 740 1448 Tunc
782 1390 1044 1461 temporis
1085 1398 1143 1445 et
1182 1388 1418 1443 lrenazus
1455 1384 1848 1458 Lugdumensis

260 1500 389 1541 cum
414 1486 654 1542 maxima
683 1482 1025 1539 multitudine
1059 1482 1379 1552 martyrium
1405 1496 1563 1536 suum
1599 1478 1844 1551 perfecit.

265 1577 336 1633 Et
365 1577 669 1633 Paracodes
700 1573 1021 1631 Viennensis
1062 1573 1370 1643 episcopus,
1409 1571 1588 1627 clarus
1630 1571 1684 1625 in
1726 1569 1849 1625 fidei

190 1676 199 1679 “
265 1666 532 1729 doctrina,
583 1665 769 1720 clarus
815 1664 871 1719 in
914 1660 1250 1718 confessione
1294 1661 1615 1731 persistens,
1651 1659 1851 1715 mansit

271 1760 331 1814 in
379 1760 688 1829 episcopatu
736 1771 908 1827 usque
941 1756 1010 1811 ad
1057 1753 1334 1810 Maximini
1374 1762 1648 1824 tempora;
1695 1752 1849 1821 cujus

1947 1021 2004 1069 tu
2027 1014 2243 1068 militari
2265 1023 2477 1079 exorto,
2510 1014 2694 1069 Romae
2717 1028 2839 1068 cum
2867 1021 3045 1069 matre
3072 1012 3391 1070 interfectus
3426 1023 3533 1072 est.

1946 1101 2005 1158 in
2032 1103 2317 1159 Palaestina
2340 1102 2629 1173 Nicopolis,
2660 1117 2782 1172 quae
2806 1102 2963 1173 prius
2985 1103 3529 1170 Emausvocabatur,

1946 1194 2082 1249 urbs
2126 1194 2341 1248 condita
2371 1202 2474 1248 est.
2524 1193 2653 1249 Haec
2681 1201 2768 1249 est
2819 1194 3019 1249 Emaus
3061 1209 3223 1265 quam
3272 1194 3545 1252 Dominus

1947 1291 2073 1353 post
2102 1284 2559 1338 resurrectionem
2583 1299 2737 1339 suam
2776 1299 2875 1339 suo
2913 1284 3161 1356 ingressu
3192 1285 3561 1345 sanctificate
3656 1306 3663 1315 ·

1947 1374 2199 1445 dignatus
2245 1383 2358 1440 est,
2390 1374 2673 1445 legationis
2727 1374 3047 1430 industriam
3097 1390 3201 1445 pro
3240 1390 3311 1430 ea
3352 1376 3533 1431 susci-

1948 1467 2130 1539 piente
2178 1468 2321 1524 Julio
2347 1468 2623 1525 Africano
2671 1469 2939 1539 scriptore
2985 1479 3308 1540 temporum.
3363 1470 3549 1527 Sexta

1949 1558 2116 1614 editio
2154 1560 2373 1615 iuventa
2414 1568 2498 1615 est
2532 1559 2791 1629 Nicopoli.
2833 1560 3103 1617 Sabellius
3140 1562 3555 1618 haeresiarches.

1949 1652 2141 1706 oritur.
2191 1651 2510 1723 Hippolytus
2558 1653 2898 1722 episcopus,
2933 1653 3226 1708 multorum
3291 1654 3559 1710 conditor-

1951 1742 2332 1813 opuscuiormn
2362 1784 2378 1809 ,
2414 1752 2718 1815 temporum
2759 1760 3024 1802 canonem
3070 1747 3393 1819 conscripsit
3418 1786 3438 1814 ,
3483 1757 3550 1804 et

270 1827 518 1921 tempore
561 1827 851 1904 Zacharias
910 1847 1284 1918 Lugdunensis
1326 1847 1612 1918 episcopus
1651 1844 1852 1900 floruit.
1882 1827 1931 1886 Β
1958 1827 2239 1906 hucusque
2269 1837 2539 1906 perduxit.

267 1941 496 1997 Claudio
540 1941 736 1996 Albino
774 1940 866 2009 qui
907 1954 968 1994 se
1009 1940 1062 1994 in
1094 1938 1282 1994 Galliis
1322 1938 1589 1993 Caesarem
1630 1937 1851 2001 fecerat,

267 2030 517 2103 Lugduni
562 2030 872 2096 interfecto,
925 2028 1159 2085 Severus
1195 2030 1248 2084 in
1299 2028 1608 2084 Britannias
1657 2027 1855 2083 bellum

268 2122 534 2178 transfert
566 2122 659 2176 ubi
705 2122 919 2193 magnis
963 2121 1326 2192 gravibusque
1363 2120 1564 2192 praliis
1597 2134 1737 2191 saepe
1766 2134 1859 2190 ge—

269 2213 375 2271 stis
427 2224 705 2283 receptam
754 2220 962 2282 partem
1014 2211 1204 2266 insuize
1247 2226 1278 2265 a
1323 2212 1535 2267 caeteris
1580 2210 1860 2266 indomitis

272 2308 530 2381 gentibus
565 2306 710 2360 vallo
762 2304 1195 2375 distinguendam
1242 2304 1471 2374 putavit.
1521 2304 1708 2374 Itaque
1744 2317 1860 2357 ma-

273 2411 437 2469 gnam
458 2396 660 2451 fossam
685 2394 1167 2464 firmissimumque
1189 2394 1388 2448 vallum
1410 2394 1620 2450 crebris
1641 2394 1861 2463 insuper

278 2488 521 2543 turribus
563 2487 955 2543 communitum
993 2500 1091 2555 per
1132 2493 1351 2541 centum
1392 2486 1611 2556 triginta
1654 2493 1710 2541 et
1755 2485 1861 2540 duo

286 2577 457 2633 millia
494 2592 749 2648 passuum
778 2594 809 2633 a
836 2577 970 2632 mari
1001 2578 1065 2632 ad
1104 2591 1256 2632 mare
1291 2577 1465 2632 duxit.
1492 2577 1680 2647 ibique
1720 2576 1863 2647 apud

291 2665 592 2722 Eboracum
635 2668 886 2739 oppidum
931 2667 1121 2722 morbo
1160 2666 1312 2721 obiit.
1355 2666 1591 2736 Reliquit
1631 2666 1765 2721 duos
1801 2665 1863 2720 fl-

284 2754 410 2822 lios,
440 2754 769 2812 Basilianum
804 2766 860 2811 et
895 2756 1106 2821 Getam,
1139 2770 1368 2826 quorum
1401 2754 1536 2811 Geta
1566 2756 1738 2811 hostis
1766 2769 1865 2825 pu-

285 2847 464 2903 blicus
495 2848 730 2915 interiit;
772 2848 1079 2904 Basilianus
1116 2847 1374 2902 Antonini
1416 2847 1736 2918 cognomine
1779 2861 1866 2901 as-

282 2947 501 3007 sumpto
556 2953 726 3007 regno
769 2939 975 3009 potitus
1034 2946 1138 2993 est.
1188 2937 1454 3006 Perpetua
1504 2946 1560 2992 et
1611 2935 1871 2992 Felicitas

283 3029 426 3098 apud
451 3028 833 3100 Carthaginem
854 3028 1055 3084 Africae
1083 3030 1136 3083 in
1167 3029 1362 3083 castris
1385 3028 1573 3083 bestiis
1598 3027 1868 3097 deputata:

2026 1923 2187 1997 [224}
2220 1925 2473 1981 Aurelius
2492 1926 2823 1992 Alexander,
2848 1935 3070 1983 senatus
3092 1942 3157 1984 ac
3184 1927 3416 1984 militum
3446 1937 3557 1983 vol--

1956 2016 2163 2072 luntate
2177 2017 2473 2087 imperator
2492 2026 2733 2083 creatus,
2749 2019 3007 2075 tredecim
3022 1998 3185 2074 annis
3200 2020 3365 2091 digno
3380 2021 3558 2090 mqulm

1957 2110 2086 2165 tatis
2115 2110 2386 2181 prmconio
2408 2109 2645 2181 praefuit.
2669 2110 2835 2180 Cujus
2863 2120 3041 2167 mater
3070 2111 3349 2167 Mammma
3382 2112 3543 2167 Chri-

1958 2199 2133 2254 stiana
2167 2198 2454 2270 Origeuem
2486 2199 2864 2270 presbyterum
2898 2200 3089 2256 audire
3126 2201 3357 2264 curavit,
3386 2215 3546 2255 eum-

1957 2302 2063 2357 que
2087 2286 2372 2343 Antiochia
2395 2288 2626 2343 accitum
2654 2302 2867 2343 summo
2889 2288 3093 2348 honore
3106 2289 3316 2344 habuit.
3344 2286 3446 2343 Hic
3456 2301 3563 2345 οι·-

1958 2377 2230 2447 peditionc
2260 2377 2312 2431 in
2340 2376 2537 2432 Persas
2559 2376 2722 2442 facta,
2762 2376 2997 2433 Xerxem
3028 2393 3210 2449 regem
3250 2392 3438 2434 eorum
3467 2377 3551 2433 vi-

1959 2478 2049 2525 cto
2062 2469 2375 2539 roppressit.
2389 2467 2496 2524 Sed
2511 2468 2729 2524 militari
2749 2469 2978 2523 tumultu
2992 2468 3133 2540 apud
3148 2468 3550 2540 Mogontiacum

1962 2562 2282 2617 interfectus
2321 2572 2426 2617 est.
2466 2562 2741 2628 Urbanus,
2772 2563 2957 2618 Romae
3000 2564 3313 2634 episcopus,
3351 2562 3579 2618 multos.

1961 2655 2220 2713 nobilium
2256 2655 2325 2708 ad
2373 2654 2531 2709 fidem
2574 2654 2776 2710 Christi
2821 2663 2878 2709 et
2904 2656 3226 2726 martyrium
3270 2654 3549 2725 perduxit.

1965 2744 2117 2802 Tunc
2181 2748 2438 2817 temporis
2490 2746 2707 2802 Caecilia
2754 2746 2908 2819 virgo
2933 2787 2949 2812 ,
2992 2756 3050 2802 et
3093 2746 3414 2802 Valerianus
3441 2785 3458 2811 ,
3493 2755 3567 2800 et

1967 2838 2262 2905 Tiburtius,
2312 2848 2478 2910 atque
2525 2837 2823 2907 Maximus,
2870 2840 3195 2912 martyrium
3242 2832 3550 2911 compleve-

1968 2938 2115 2985 runt.

2040 3020 2193 3094 [234]
2239 3020 2583 3085 Maximinus,
2616 3021 2757 3077 nulla
2791 3026 3012 3079 senatus
3051 3022 3349 3088 voluntate,
3376 3022 3569 3093 impes.

282 3133 385 3190 pro
426 3119 645 3175 Christo
689 3118 856 3175 Nonis
902 3119 1129 3175 Martiis.
1180 3120 1540 3191 Symmachus
1599 3121 1867 3190 interpres

1973 3120 2123 3167 rator
2143 3111 2222 3188 ab
2270 3113 2537 3177 exercitu,
2586 3121 2875 3183 postquam
2923 3112 3122 3168 bellum
3166 3114 3221 3168 in
3263 3111 3568 3169 Germania.

286 3180 516 3281 quartus
568 3212 898 3280 agnoscitur.
956 3180 1239 3280 Origenes.
1267 3211 1613 3267 Alexandriis
1674 3180 1866 3267 studiis

1973 3180 2228 3272 prospere
2273 3209 2536 3272 gesserat,
2564 3180 2797 3268 creatus,
2843 3211 2955 3256 tres
2994 3215 3169 3258 annos
3213 3202 3419 3257 habuit.
3453 3202 3573 3258 Hic-

283 3303 563 3369 eruditur;
610 3304 796 3359 Victor
832 3304 990 3357 annis
1034 3304 1290 3358 tredecim
1336 3303 1636 3359 Romanam
1678 3305 1866 3361 Eccle-

1973 3294 2259 3348 adversum
2299 3292 2663 3351 Ecciesiarum
2692 3295 3006 3349 sacerdotes
3035 3302 3091 3349 et
3118 3294 3346 3350 clericos
3369 3308 3555 3365 perse-

286 3397 426 3449 siam
474 3392 633 3449 rexit.
681 3390 995 3448 Panthenus
1041 3391 1236 3447 Stoica:
1283 3401 1446 3448 sectae
1497 3394 1867 3464 philosophus,

286 3482 382 3551 qui
409 3483 648 3552 primum
690 3482 745 3536 in
778 3481 985 3538 Indiam
1014 3495 1044 3536 a
1072 3482 1348 3538 Demetrio
1374 3481 1719 3537 Alexandriae
1758 3485 1871 3553 epi-

287 3586 459 3642 scopo
501 3571 571 3626 ad
617 3573 916 3628 docendum
963 3573 1162 3627 missus
1208 3570 1418 3640 fuerat,
1468 3574 1586 3629 viva
1635 3588 1768 3630 voce
1816 3585 1874 3631 et

286 3663 541 3734 exemplo
570 3662 868 3720 Ecclesiam
898 3663 1096 3719 Christi
1135 3664 1376 3719 instruit.

364 3796 517 3870 [212]
552 3796 801 3853 Aurelius
831 3798 1131 3854 Antoninus
1155 3798 1447 3855 Bassianus
1498 3800 1745 3871 idemque
1773 3801 1873 3857 Ca-

291 3890 493 3946 racaila
525 3890 884 3961 principatum
915 3892 1138 3961 adeptus
1167 3892 1364 3946 mansit
1393 3893 1449 3947 in
1480 3908 1545 3948 eo
1573 3895 1729 3950 anuis
1764 3911 1873 3950 non

290 3980 451 4049 plene
476 3991 702 4049 septem,
724 3988 878 4051 patre
908 3978 1110 4035 Severo
1135 3982 1399 4051 asperior,
1421 3985 1672 4041 omnibus
1693 3995 1873 4041 autem

291 4070 609 4126 hominibus
653 4069 872 4124 libidine
918 4070 1397 4139 intemperantior,
1444 4074 1535 4140 qui
1577 4076 1740 4130 etiam
1779 4092 1875 4132 no-

290 4175 515 4216 vercam
544 4175 695 4215 suam
722 4159 918 4215 Juliam
957 4176 1183 4216 uxorem
1226 4162 1396 4217 duxit.
1435 4161 1650 4220 Hierico
1689 4166 1875 4236 quinta

290 4251 465 4307 editio
511 4249 817 4305 divinarum
870 4249 1273 4320 Scripturarum
1324 4253 1544 4309 inventa
1592 4263 1676 4309 est
1724 4257 1876 4326 cujus

293 4349 489 4396 auctor
517 4357 622 4395 non
658 4349 901 4411 apparet.
936 4340 1239 4396 Alexander
1278 4343 1561 4413 episcopus
1601 4344 1876 4416 Cappado—

293 4433 397 4488 cia:
438 4447 565 4487 cum
611 4432 877 4487 desiderio
918 4439 1229 4487 sanctorum
1279 4432 1518 4488 locorum
1567 4434 1875 4508 Hierosoly-

294 4540 440 4579 mam
468 4523 699 4590 veniret,
730 4525 944 4579 vivente
977 4525 1153 4579 adlute
1183 4522 1436 4579 Narcisso
1466 4527 1717 4595 episcopo
1752 4543 1874 4598 per.
1901 4522 1953 4582 D

293 4614 482 4671 senilis
537 4614 714 4669 artatis
758 4613 987 4668 Domino
1043 4629 1140 4683 per
1199 4614 1581 4690 revelationem
1646 4616 1878 4687 idipsum

297 4712 581 4771 monente,
634 4705 689 4759 in
735 4702 855 4759 loco
899 4703 1135 4759 Narcissi
1180 4704 1462 4774 episcopus
1510 4706 1876 4761 constituitur.

292 4796 665 4851 Tertullianus
707 4794 843 4851 Afer
876 4795 1219 4851 Centuriouis
1266 4796 1666 4865 proconsularis
1716 4797 1876 4861 filius,

290 4887 538 4942 omnium
577 4886 940 4941 Ecclesiarum
981 4901 1230 4941 sermone
1272 4887 1593 4955 celebratur.
1627 4886 1883 4944 Aurelius

290 4977 601 5033 Antoninus
650 4987 836 5033 contra
883 4979 1112 5035 Parthos
1165 4979 1363 5033 bellum
1423 4980 1679 5045 moliens,
1734 4982 1877 5038 inter

293 5069 556 5125 Edessam
584 5078 641 5126 et
662 5069 859 5126 Carras
896 5070 963 5125 ab
998 5069 1243 5125 hostibus
1286 5071 1688 5128 circumventus
1733 5075 1875 5129 occi-

297 5162 441 5216 ditur

367 5295 519 5369 [219]
551 5294 823 5352 Macrinus
850 5294 1136 5367 praefectus
1177 5294 1414 5365 prmlorii
1455 5311 1577 5352 cum
1612 5296 1723 5352 filio
1750 5297 1875 5352 Dia-

295 5388 533 5444 dumene
571 5388 770 5444 invasit
810 5388 1504 5459 imperiuttt;.emensoque
1548 5405 1691 5444 anno
1734 5392 1877 5460 apud

296 5478 679 5535 Archelaidem
712 5479 939 5535 militari
971 5480 1201 5535 tumultu
1225 5483 1439 5536 occisus
1465 5490 1568 5537 est.
1597 5482 1881 5538 Tertullia-

296 5590 402 5631 nus
444 5574 604 5644 cujus
645 5590 808 5645 supra
836 5575 1212 5639 meminimus,
1254 5577 1557 5647 presbyter,
1593 5592 1763 5647 usque
1809 5579 1877 5634 ad

296 5667 535 5723 mediam
574 5674 789 5723 aetatem
825 5666 1084 5724 Ecclesia:
1120 5665 1321 5721 invidia
1359 5675 1545 5736 postea
1590 5676 1646 5724 et
1690 5676 1880 5723 contu-
1910 5690 1915 5696 -

296 5757 481 5814 meliis
527 5756 847 5815 clericorum
901 5757 1160 5815 Romana:
1205 5757 1459 5816 Ecclesia:
1518 5758 1585 5815 ad
1643 5758 1879 5815 Montani

1972 3382 2244 3437 cntionem
2302 3390 2558 3448 exercet,
2607 3382 2843 3438 maxime
2905 3392 3127 3454 propter
3186 3382 3554 3439 Christianam

1971 3472 2283 3537 Alexandri,
2308 3473 2392 3528 cui
2423 3481 2785 3539 successerat,
2809 3482 2868 3528 et
2898 3474 3191 3530 Mammaea:
3220 3475 3411 3531 matris
3436 3474 3569 3546 ejus

1975 3564 2257 3619 familiam.
2288 3564 2443 3619 Hunc
2471 3565 2743 3635 Pupienus
2784 3566 3046 3635 Aquileia:
3074 3566 3365 3624 interfecit.
3412 3567 3556 3623 Pon-

1978 3656 2155 3711 tianus
2183 3664 2237 3710 et
2262 3656 2518 3722 Anteros,
2550 3658 2807 3712 Romamn
2834 3658 2986 3713 urbis
3001 3660 3262 3731 episcopi,
3290 3660 3569 3731 martyrio

1973 3748 2239 3812 coronati,
2271 3762 2335 3803 ac
2371 3748 2422 3803 in
2451 3749 2767 3804 caemeterio
2793 3748 2988 3803 Caiixti
3020 3750 3234 3819 sepulti.

2048 3836 2199 3909 [2H]
2227 3835 2531 3893 Gordianus
2560 3837 2860 3908 imperator
2901 3846 3149 3904 creatus,
3164 3837 3365 3893 mansit
3408 3838 3463 3893 in
3491 3852 3558 3894 eo
3615 3836 3625 3849 “

1973 3931 2132 3986 annis
2159 3938 2387 4001 septem.
2434 3929 2569 3984 Nam
2596 3929 2888 4001 Pupienus,
2917 3929 3233 3986 interfector
3261 3930 3567 3996 Maximini,

1973 4035 2028 4079 et
2057 4023 2227 4079 frater
2272 4023 2389 4094 ejus
2417 4022 2662 4089 Albinus,
2689 4022 2784 4093 qui
2818 4031 3216 4093 usurpaverant
3245 4022 3555 4093 imperium,

1975 4127 2099 4168 mox
2122 4113 2176 4167 in
2200 4112 2401 4182 palatio
2435 4120 2562 4167 sunt
2589 4111 2882 4168 interfecti.
2913 4112 3087 4168 Julius
3109 4112 3394 4167 Africanus
3423 4111 3565 4167 inter

1975 4203 2274 4272 scriptores
2340 4201 2741 4257 ecclesiasticos
2791 4202 2990 4257 nobilis
3050 4203 3301 4258 habetur.
3353 4200 3456 4269 Qui
3504 4201 3571 4257 in

1975 4295 2261 4351 Ciirouicis
2285 4296 2400 4351 suis
2429 4291 2597 4351 refe'rt
2625 4310 2687 4349 se
2712 4295 3103 4351 Alexandriam
3134 4296 3365 4359 venisse,
3400 4286 3564 4351 Heras

1977 4386 2108 4442 eleae
2134 4387 2386 4456 opinione
2429 4386 2783 4441 celeberrima
2813 4396 3193 4457 provocatum,
3220 4400 3381 4457 quem
3409 4393 3469 4442 et
3495 4374 3557 4442 in.

1980 4478 2176 4533 divinis
2203 4486 2257 4532 et
2283 4478 2337 4532 in
2372 4476 2759 4548 philosophicis
2788 4479 3006 4546 studiis,
3035 4486 3197 4549 atque
3224 4479 3371 4534 omni
3410 4478 3567 4535 Grata»

1982 4586 2170 4625 corum
2221 4570 2466 4625 doctrina
2514 4570 2991 4625 instructissimum
3039 4571 3181 4625 fama
3221 4569 3573 4641 loqueretur-

1981 4662 2244 4731 Origenes
2277 4662 2330 4716 in
2359 4661 2603 4717 Cmsarea
2626 4661 2926 4718 Palaestinae
2968 4663 3332 4729 Theodorum,
3363 4678 3565 4735 cognos-

1983 4760 2167 4807 mento
2201 4751 2542 4822 Gregorium,
2589 4761 2645 4807 et
2682 4753 3088 4809 Athenodorum
3131 4750 3573 4811 adolescentulos

1982 4841 2201 4907 fratres,
2229 4841 2386 4896 Ponti
2435 4849 2621 4909 postea
2653 4841 3015 4898 nobilissimos
3045 4844 3349 4914 episcopos.
3380 4845 3563 4900 divina

1981 4933 2318 5004 philosophia
2358 4932 2572 4988 imbuit.
2616 4933 2888 4989 Fabianus
2914 4975 2928 5000 ,
2971 4936 3278 4992 testimonio
3325 4936 3575 5007 Spiritus.

1983 5030 2155 5084 sancti
2185 5028 2241 5084 in
2285 5028 2467 5099 specie
2510 5028 2773 5084 columba:
2800 5044 2963 5100 super
2986 5038 3151 5101 caput
3172 5031 3292 5102 ejus
3329 5033 3559 5088 descen-

1982 5120 2184 5184 dentis,
2216 5118 2401 5175 Romze
2425 5120 2708 5190 episcopus
2737 5120 3039 5187 ordinatur,
3069 5122 3194 5177 licet
3216 5123 3434 5194 quidam
3457 5123 3569 5177 hoe

1982 5212 2165 5267 verius
2187 5212 2253 5267 de
2293 5212 2597 5283 Zepheriuo
2618 5212 2904 5268 affirmem.
2938 5205 3281 5271 Florentinus
3322 5229 3559 5284 quoque,

1983 5303 2266 5371 episcepus
2310 5302 2673 5365 Viennensis,
2725 5303 2832 5356 vita
2890 5312 2945 5357 et
2994 5304 3237 5359 doctrina
3286 5302 3510 5358 emicuit
3542 5312 3574 5368 ;‘

1983 5394 2181 5447 mansit
2206 5393 2275 5448 ad
2321 5392 2529 5448 Gaiieui
2577 5400 2633 5447 et
2668 5393 2945 5449 Volusiaui
2991 5394 3274 5466 imperium
3298 5434 3314 5459 ,
3342 5393 3561 5451 exsilia-

1984 5494 2179 5554 tusque
2215 5485 2535 5554 martyrium
2564 5484 2873 5554 complevit.
2907 5485 3231 5549 Gordianus,
3269 5482 3565 5541 admodum

1982 5588 2118 5644 puer
2147 5575 2200 5630 in
2253 5573 2531 5630 Orientem
2578 5574 2644 5630 ad
2670 5574 2866 5631 bellum
2910 5574 3219 5631 Parthicum
3262 5574 3567 5647 profectus,

1983 5680 2204 5723 suorum
2231 5666 2440 5731 fraude,
2469 5665 2614 5723 haud
2631 5666 2791 5740 longe
2813 5682 2844 5725 a
2867 5665 3087 5725 Circeso
3114 5680 3279 5740 super
3307 5668 3575 5742 Euphra-i

1984 5767 2116 5828 teni,
2150 5758 2469 5816 interfectus
2499 5768 2604 5816 est.
2822 5752 2827 5757 “
3558 5746 3567 5755 ’
