  <div class='ocr_page' id='page_1' title='image "/cluster/home/n/w/nwhite01/storage/ocr_20150623/123/hvd.32044011218062/049.png"; bbox 0 0 4024 6362; ppageno 0'>
   <div class='ocr_carea' id='block_1_1' title="bbox 499 325 3768 391">
    <p class='ocr_par' dir='ltr' id='par_1_1' title="bbox 499 325 3768 391">
     <span class='ocr_line' id='line_1_1' title="bbox 499 325 3768 391; baseline 0.001 -4"><span class='ocrx_word' id='word_1_1' title='bbox 499 332 571 390; x_wconf 76' lang='lat'><strong>87</strong></span> <span class='ocrx_word' id='word_1_2' title='bbox 1500 328 1558 383; x_wconf 91' lang='lat' dir='ltr'><strong>S.</strong></span> <span class='ocrx_word' id='word_1_3' title='bbox 1597 327 1850 386; x_wconf 80' lang='lat' dir='ltr'><strong>ADONIS</strong></span> <span class='ocrx_word' id='word_1_4' title='bbox 1886 325 2310 385; x_wconf 79' lang='lat' dir='ltr'><strong>ARCHIEPISC.</strong></span> <span class='ocrx_word' id='word_1_5' title='bbox 2358 329 2762 386; x_wconf 76' lang='lat' dir='ltr'><strong>VIENNENSIS</strong></span> <span class='ocrx_word' id='word_1_6' title='bbox 3695 330 3768 391; x_wconf 79' lang='lat'><strong>83</strong></span> 
     </span>
    </p>
   </div>
   <div class='ocr_carea' id='block_1_2' title="bbox 567 442 3764 522">
    <p class='ocr_par' dir='ltr' id='par_1_2' title="bbox 567 442 3764 522">
     <span class='ocr_line' id='line_1_2' title="bbox 567 442 3764 522; baseline 0 -20"><span class='ocrx_word' id='word_1_7' title='bbox 567 445 723 522; x_wconf 70' lang='grc'><strong>[248]</strong></span> <span class='ocrx_word' id='word_1_8' title='bbox 765 444 1044 515; x_wconf 83' lang='lat' dir='ltr'><strong>Philippus</strong></span> <span class='ocrx_word' id='word_1_9' title='bbox 1068 444 1372 516; x_wconf 78' lang='lat' dir='ltr'><strong>Philippum</strong></span> <span class='ocrx_word' id='word_1_10' title='bbox 1401 443 1571 498; x_wconf 84' lang='lat' dir='ltr'><strong>filium</strong></span> <span class='ocrx_word' id='word_1_11' title='bbox 1591 458 1750 499; x_wconf 88' lang='lat' dir='ltr'><strong>suum</strong></span> <span class='ocrx_word' id='word_1_12' title='bbox 1767 450 2077 498; x_wconf 71' lang='lat' dir='ltr'><strong>consortem</strong></span> <span class='ocrx_word' id='word_1_13' title='bbox 2107 450 2154 507; x_wconf 80' lang='grc' dir='ltr'><strong>Α</strong></span> <span class='ocrx_word' id='word_1_14' title='bbox 2185 457 2347 498; x_wconf 85' lang='lat' dir='ltr'><strong>uuam</strong></span> <span class='ocrx_word' id='word_1_15' title='bbox 2385 444 2788 500; x_wconf 69' lang='lat' dir='ltr'><strong>damnationem</strong></span> <span class='ocrx_word' id='word_1_16' title='bbox 2813 442 3058 510; x_wconf 80' lang='lat' dir='ltr'><strong>sortitus,</strong></span> <span class='ocrx_word' id='word_1_17' title='bbox 3086 453 3145 500; x_wconf 90' lang='lat' dir='ltr'><strong>ut</strong></span> <span class='ocrx_word' id='word_1_18' title='bbox 3168 443 3285 516; x_wconf 86' lang='lat' dir='ltr'><strong>ipse</strong></span> <span class='ocrx_word' id='word_1_19' title='bbox 3325 444 3544 502; x_wconf 82' lang='lat' dir='ltr'><strong>acclivis</strong></span> <span class='ocrx_word' id='word_1_20' title='bbox 3588 445 3764 512; x_wconf 88' lang='lat' dir='ltr'><strong>humi,</strong></span> 
     </span>
    </p>
   </div>
   <div class='ocr_carea' id='block_1_3' title="bbox 497 534 2082 614">
    <p class='ocr_par' dir='ltr' id='par_1_3' title="bbox 497 534 2082 614">
     <span class='ocr_line' id='line_1_3' title="bbox 497 534 2082 614; baseline -0.005 -17"><span class='ocrx_word' id='word_1_21' title='bbox 497 540 648 614; x_wconf 85' lang='lat' dir='ltr'><strong>regni</strong></span> <span class='ocrx_word' id='word_1_22' title='bbox 693 539 916 603; x_wconf 80' lang='lat' dir='ltr'><strong>faciens,</strong></span> <span class='ocrx_word' id='word_1_23' title='bbox 948 538 1144 592; x_wconf 91' lang='lat' dir='ltr'><strong>mansit</strong></span> <span class='ocrx_word' id='word_1_24' title='bbox 1186 537 1241 592; x_wconf 90' lang='lat' dir='ltr'><strong>in</strong></span> <span class='ocrx_word' id='word_1_25' title='bbox 1270 551 1336 592; x_wconf 90' lang='lat' dir='ltr'><strong>eo</strong></span> <span class='ocrx_word' id='word_1_26' title='bbox 1366 537 1523 590; x_wconf 90' lang='lat' dir='ltr'><strong>annis</strong></span> <span class='ocrx_word' id='word_1_27' title='bbox 1569 544 1797 606; x_wconf 91' lang='lat' dir='ltr'><strong>septem.</strong></span> <span class='ocrx_word' id='word_1_28' title='bbox 1841 534 1941 591; x_wconf 84' lang='lat' dir='ltr'><strong>Hic</strong></span> <span class='ocrx_word' id='word_1_29' title='bbox 1967 535 2082 606; x_wconf 87' lang='lat' dir='ltr'><strong>pri-</strong></span> 
     </span>
    </p>
   </div>
   <div class='ocr_carea' id='block_1_4' title="bbox 487 625 2081 701">
    <p class='ocr_par' dir='ltr' id='par_1_4' title="bbox 487 625 2081 701">
     <span class='ocr_line' id='line_1_4' title="bbox 487 625 2081 701; baseline -0.005 -13"><span class='ocrx_word' id='word_1_30' title='bbox 487 645 620 688; x_wconf 75' lang='lat' dir='ltr'><strong>mus</strong></span> <span class='ocrx_word' id='word_1_31' title='bbox 647 630 1034 701; x_wconf 88' lang='lat' dir='ltr'><strong>imperatorum</strong></span> <span class='ocrx_word' id='word_1_32' title='bbox 1063 627 1304 684; x_wconf 91' lang='lat' dir='ltr'><strong>omnium</strong></span> <span class='ocrx_word' id='word_1_33' title='bbox 1331 625 1673 682; x_wconf 90' lang='lat' dir='ltr'><strong>Christianus</strong></span> <span class='ocrx_word' id='word_1_34' title='bbox 1708 626 1828 680; x_wconf 88' lang='lat' dir='ltr'><strong>fuit.</strong></span> <span class='ocrx_word' id='word_1_35' title='bbox 1861 626 1939 682; x_wconf 89' lang='lat' dir='ltr'><strong>Ac</strong></span> <span class='ocrx_word' id='word_1_36' title='bbox 1958 633 2081 696; x_wconf 87' lang='lat' dir='ltr'><strong>post</strong></span> 
     </span>
    </p>
   </div>
   <div class='ocr_carea' id='block_1_5' title="bbox 493 716 2080 790">
    <p class='ocr_par' dir='ltr' id='par_1_5' title="bbox 493 716 2080 790">
     <span class='ocr_line' id='line_1_5' title="bbox 493 716 2080 790; baseline -0.003 -14"><span class='ocrx_word' id='word_1_37' title='bbox 493 721 714 779; x_wconf 88' lang='lat' dir='ltr'><strong>tertium</strong></span> <span class='ocrx_word' id='word_1_38' title='bbox 745 720 958 790; x_wconf 89' lang='lat' dir='ltr'><strong>imperii</strong></span> <span class='ocrx_word' id='word_1_39' title='bbox 985 717 1102 786; x_wconf 90' lang='lat' dir='ltr'><strong>ejus</strong></span> <span class='ocrx_word' id='word_1_40' title='bbox 1133 733 1332 773; x_wconf 91' lang='lat' dir='ltr'><strong>annum</strong></span> <span class='ocrx_word' id='word_1_41' title='bbox 1361 716 1683 772; x_wconf 84' lang='lat' dir='ltr'><strong>millesimus</strong></span> <span class='ocrx_word' id='word_1_42' title='bbox 1711 732 1740 770; x_wconf 89' lang='lat' dir='ltr'><strong>a</strong></span> <span class='ocrx_word' id='word_1_43' title='bbox 1771 717 2080 773; x_wconf 92' lang='lat' dir='ltr'><strong>conditione</strong></span> 
     </span>
    </p>
   </div>
   <div class='ocr_carea' id='block_1_6' title="bbox 491 809 2080 882">
    <p class='ocr_par' dir='ltr' id='par_1_6' title="bbox 491 809 2080 882">
     <span class='ocr_line' id='line_1_6' title="bbox 491 809 2080 882; baseline -0.004 -10"><span class='ocrx_word' id='word_1_44' title='bbox 491 816 678 872; x_wconf 70' lang='lat' dir='ltr'><strong>Romae</strong></span> <span class='ocrx_word' id='word_1_45' title='bbox 704 830 879 871; x_wconf 89' lang='lat' dir='ltr'><strong>annus</strong></span> <span class='ocrx_word' id='word_1_46' title='bbox 925 812 1174 882; x_wconf 86' lang='lat' dir='ltr'><strong>expletus</strong></span> <span class='ocrx_word' id='word_1_47' title='bbox 1215 821 1318 866; x_wconf 90' lang='lat' dir='ltr'><strong>est.</strong></span> <span class='ocrx_word' id='word_1_48' title='bbox 1367 809 1555 880; x_wconf 86' lang='lat' dir='ltr'><strong>Itaque</strong></span> <span class='ocrx_word' id='word_1_49' title='bbox 1591 809 1896 882; x_wconf 83' lang='lat' dir='ltr'><strong>magnificis</strong></span> <span class='ocrx_word' id='word_1_50' title='bbox 1938 809 2080 865; x_wconf 87' lang='lat' dir='ltr'><strong>ludis</strong></span> 
     </span>
    </p>
   </div>
   <div class='ocr_carea' id='block_1_7' title="bbox 490 901 2079 979">
    <p class='ocr_par' dir='ltr' id='par_1_7' title="bbox 490 901 2079 979">
     <span class='ocr_line' id='line_1_7' title="bbox 490 901 2079 979; baseline -0.004 -17"><span class='ocrx_word' id='word_1_51' title='bbox 490 907 905 979; x_wconf 78' lang='lat' dir='ltr'><strong>augustissimus</strong></span> <span class='ocrx_word' id='word_1_52' title='bbox 953 904 1196 960; x_wconf 92' lang='lat' dir='ltr'><strong>omnium</strong></span> <span class='ocrx_word' id='word_1_53' title='bbox 1259 902 1663 972; x_wconf 64' lang='lat' dir='ltr'><strong>praeteritorum</strong></span> <span class='ocrx_word' id='word_1_54' title='bbox 1729 902 1819 958; x_wconf 91' lang='lat' dir='ltr'><strong>hic</strong></span> <span class='ocrx_word' id='word_1_55' title='bbox 1879 901 2079 956; x_wconf 87' lang='lat' dir='ltr'><strong>natalis</strong></span> 
     </span>
    </p>
   </div>
   <div class='ocr_carea' id='block_1_8' title="bbox 489 990 2076 1060">
    <p class='ocr_par' dir='ltr' id='par_1_8' title="bbox 489 990 2076 1060">
     <span class='ocr_line' id='line_1_8' title="bbox 489 990 2076 1060; baseline -0.004 -7"><span class='ocrx_word' id='word_1_56' title='bbox 489 1013 664 1053; x_wconf 87' lang='lat' dir='ltr'><strong>annus</strong></span> <span class='ocrx_word' id='word_1_57' title='bbox 691 1012 721 1051; x_wconf 95' lang='lat' dir='ltr'><strong>a</strong></span> <span class='ocrx_word' id='word_1_58' title='bbox 751 996 1061 1051; x_wconf 89' lang='lat' dir='ltr'><strong>Christiano</strong></span> <span class='ocrx_word' id='word_1_59' title='bbox 1091 993 1397 1048; x_wconf 88' lang='lat' dir='ltr'><strong>celebratus</strong></span> <span class='ocrx_word' id='word_1_60' title='bbox 1435 1001 1520 1048; x_wconf 91' lang='lat' dir='ltr'><strong>est</strong></span> <span class='ocrx_word' id='word_1_61' title='bbox 1561 993 1907 1060; x_wconf 85' lang='lat' dir='ltr'><strong>imperatore.</strong></span> <span class='ocrx_word' id='word_1_62' title='bbox 1953 990 2076 1047; x_wconf 90' lang='lat' dir='ltr'><strong>Ori-</strong></span> 
     </span>
    </p>
   </div>
   <div class='ocr_carea' id='block_1_9' title="bbox 487 1084 2075 1159">
    <p class='ocr_par' dir='ltr' id='par_1_9' title="bbox 487 1084 2075 1159">
     <span class='ocr_line' id='line_1_9' title="bbox 487 1084 2075 1159; baseline -0.006 -13"><span class='ocrx_word' id='word_1_63' title='bbox 487 1106 654 1159; x_wconf 75' lang='lat' dir='ltr'><strong>genes</strong></span> <span class='ocrx_word' id='word_1_64' title='bbox 683 1091 944 1145; x_wconf 85' lang='lat' dir='ltr'><strong>adversus</strong></span> <span class='ocrx_word' id='word_1_65' title='bbox 975 1087 1266 1156; x_wconf 87' lang='lat' dir='ltr'><strong>quemdam</strong></span> <span class='ocrx_word' id='word_1_66' title='bbox 1295 1085 1510 1141; x_wconf 86' lang='lat' dir='ltr'><strong>Celsum</strong></span> <span class='ocrx_word' id='word_1_67' title='bbox 1543 1085 1868 1154; x_wconf 87' lang='lat' dir='ltr'><strong>Epicureum</strong></span> <span class='ocrx_word' id='word_1_68' title='bbox 1899 1084 2075 1154; x_wconf 89' lang='lat' dir='ltr'><strong>philo-</strong></span> 
     </span>
    </p>
   </div>
   <div class='ocr_carea' id='block_1_10' title="bbox 488 1175 2074 1250">
    <p class='ocr_par' dir='ltr' id='par_1_10' title="bbox 488 1175 2074 1250">
     <span class='ocr_line' id='line_1_10' title="bbox 488 1175 2074 1250; baseline -0.003 -16"><span class='ocrx_word' id='word_1_69' title='bbox 488 1181 741 1250; x_wconf 86' lang='lat' dir='ltr'><strong>sophum,</strong></span> <span class='ocrx_word' id='word_1_70' title='bbox 769 1178 861 1247; x_wconf 88' lang='lat' dir='ltr'><strong>qui</strong></span> <span class='ocrx_word' id='word_1_71' title='bbox 890 1187 1078 1231; x_wconf 87' lang='lat' dir='ltr'><strong>contra</strong></span> <span class='ocrx_word' id='word_1_72' title='bbox 1124 1192 1222 1231; x_wconf 90' lang='lat' dir='ltr'><strong>nos</strong></span> <span class='ocrx_word' id='word_1_73' title='bbox 1273 1175 1441 1230; x_wconf 90' lang='lat' dir='ltr'><strong>libros</strong></span> <span class='ocrx_word' id='word_1_74' title='bbox 1485 1176 1798 1244; x_wconf 82' lang='lat' dir='ltr'><strong>scripserat,</strong></span> <span class='ocrx_word' id='word_1_75' title='bbox 1831 1182 1955 1229; x_wconf 93' lang='lat' dir='ltr'><strong>octo</strong></span> <span class='ocrx_word' id='word_1_76' title='bbox 1984 1190 2074 1229; x_wconf 83' lang='lat' dir='ltr'><strong>vo-</strong></span> 
     </span>
    </p>
   </div>
   <div class='ocr_carea' id='block_1_11' title="bbox 485 1265 2072 1336">
    <p class='ocr_par' dir='ltr' id='par_1_11' title="bbox 485 1265 2072 1336">
     <span class='ocr_line' id='line_1_11' title="bbox 485 1265 2072 1336; baseline -0.003 -14"><span class='ocrx_word' id='word_1_77' title='bbox 485 1269 781 1323; x_wconf 87' lang='lat' dir='ltr'><strong>luminibus</strong></span> <span class='ocrx_word' id='word_1_78' title='bbox 807 1267 1103 1336; x_wconf 84' lang='lat' dir='ltr'><strong>respondit.</strong></span> <span class='ocrx_word' id='word_1_79' title='bbox 1135 1267 1205 1322; x_wconf 87' lang='lat' dir='ltr'><strong>Ut</strong></span> <span class='ocrx_word' id='word_1_80' title='bbox 1229 1267 1467 1320; x_wconf 81' lang='lat' dir='ltr'><strong>breviter</strong></span> <span class='ocrx_word' id='word_1_81' title='bbox 1484 1266 1614 1336; x_wconf 91' lang='lat' dir='ltr'><strong>quid</strong></span> <span class='ocrx_word' id='word_1_82' title='bbox 1641 1265 1836 1328; x_wconf 91' lang='lat' dir='ltr'><strong>dicam,</strong></span> <span class='ocrx_word' id='word_1_83' title='bbox 1865 1274 2072 1319; x_wconf 89' lang='lat' dir='ltr'><strong>tantum</strong></span> 
     </span>
    </p>
   </div>
   <div class='ocr_carea' id='block_1_12' title="bbox 486 1357 2074 1428">
    <p class='ocr_par' dir='ltr' id='par_1_12' title="bbox 486 1357 2074 1428">
     <span class='ocr_line' id='line_1_12' title="bbox 486 1357 2074 1428; baseline 0 -16"><span class='ocrx_word' id='word_1_84' title='bbox 486 1359 761 1414; x_wconf 77' lang='lat' dir='ltr'><strong>scribendi</strong></span> <span class='ocrx_word' id='word_1_85' title='bbox 801 1359 1020 1414; x_wconf 81' lang='lat' dir='ltr'><strong>sedulus</strong></span> <span class='ocrx_word' id='word_1_86' title='bbox 1057 1359 1175 1422; x_wconf 89' lang='lat' dir='ltr'><strong>fuit,</strong></span> <span class='ocrx_word' id='word_1_87' title='bbox 1207 1367 1265 1412; x_wconf 92' lang='lat' dir='ltr'><strong>ut</strong></span> <span class='ocrx_word' id='word_1_88' title='bbox 1291 1357 1652 1428; x_wconf 83' lang='lat' dir='ltr'><strong>Hieronymus</strong></span> <span class='ocrx_word' id='word_1_89' title='bbox 1678 1359 1912 1426; x_wconf 90' lang='lat' dir='ltr'><strong>quodam</strong></span> <span class='ocrx_word' id='word_1_90' title='bbox 1953 1357 2074 1412; x_wconf 89' lang='lat' dir='ltr'><strong>loco</strong></span> 
     </span>
    </p>
   </div>
   <div class='ocr_carea' id='block_1_13' title="bbox 486 1449 2070 1520">
    <p class='ocr_par' dir='ltr' id='par_1_13' title="bbox 486 1449 2070 1520">
     <span class='ocr_line' id='line_1_13' title="bbox 486 1449 2070 1520; baseline -0.001 -17"><span class='ocrx_word' id='word_1_91' title='bbox 486 1450 726 1520; x_wconf 90' lang='lat' dir='ltr'><strong>quinque</strong></span> <span class='ocrx_word' id='word_1_92' title='bbox 764 1449 928 1503; x_wconf 87' lang='lat' dir='ltr'><strong>millia</strong></span> <span class='ocrx_word' id='word_1_93' title='bbox 960 1449 1218 1503; x_wconf 88' lang='lat' dir='ltr'><strong>librorum</strong></span> <span class='ocrx_word' id='word_1_94' title='bbox 1263 1449 1379 1518; x_wconf 88' lang='lat' dir='ltr'><strong>ejus</strong></span> <span class='ocrx_word' id='word_1_95' title='bbox 1415 1463 1476 1503; x_wconf 90' lang='lat' dir='ltr'><strong>se</strong></span> <span class='ocrx_word' id='word_1_96' title='bbox 1518 1449 1714 1518; x_wconf 79' lang='lat' dir='ltr'><strong>legisse</strong></span> <span class='ocrx_word' id='word_1_97' title='bbox 1745 1449 2070 1503; x_wconf 89' lang='lat' dir='ltr'><strong>meminerit.</strong></span> 
     </span>
    </p>
   </div>
   <div class='ocr_carea' id='block_1_14' title="bbox 485 1539 2070 1614">
    <p class='ocr_par' dir='ltr' id='par_1_14' title="bbox 485 1539 2070 1614">
     <span class='ocr_line' id='line_1_14' title="bbox 485 1539 2070 1614; baseline -0.003 -16"><span class='ocrx_word' id='word_1_98' title='bbox 485 1543 768 1614; x_wconf 87' lang='lat' dir='ltr'><strong>Philippus</strong></span> <span class='ocrx_word' id='word_1_99' title='bbox 819 1552 974 1612; x_wconf 89' lang='lat' dir='ltr'><strong>pater</strong></span> <span class='ocrx_word' id='word_1_100' title='bbox 1020 1551 1075 1596; x_wconf 91' lang='lat' dir='ltr'><strong>et</strong></span> <span class='ocrx_word' id='word_1_101' title='bbox 1119 1541 1298 1604; x_wconf 89' lang='lat' dir='ltr'><strong>filius,</strong></span> <span class='ocrx_word' id='word_1_102' title='bbox 1350 1541 1599 1609; x_wconf 77' lang='lat' dir='ltr'><strong>quamvis</strong></span> <span class='ocrx_word' id='word_1_103' title='bbox 1647 1540 1872 1594; x_wconf 75' lang='lat' dir='ltr'><strong>diversis</strong></span> <span class='ocrx_word' id='word_1_104' title='bbox 1918 1539 2070 1605; x_wconf 90' lang='lat' dir='ltr'><strong>locis,</strong></span> 
     </span>
    </p>
   </div>
   <div class='ocr_carea' id='block_1_15' title="bbox 487 1630 2073 1696">
    <p class='ocr_par' dir='ltr' id='par_1_15' title="bbox 487 1630 2073 1696">
     <span class='ocr_line' id='line_1_15' title="bbox 487 1630 2073 1696; baseline -0.002 -8"><span class='ocrx_word' id='word_1_105' title='bbox 487 1635 647 1690; x_wconf 86' lang='lat' dir='ltr'><strong>ambo</strong></span> <span class='ocrx_word' id='word_1_106' title='bbox 670 1643 849 1690; x_wconf 90' lang='lat' dir='ltr'><strong>tamen</strong></span> <span class='ocrx_word' id='word_1_107' title='bbox 887 1632 1117 1689; x_wconf 89' lang='lat' dir='ltr'><strong>tumultu</strong></span> <span class='ocrx_word' id='word_1_108' title='bbox 1148 1631 1367 1686; x_wconf 86' lang='lat' dir='ltr'><strong>militari</strong></span> <span class='ocrx_word' id='word_1_109' title='bbox 1394 1639 1449 1686; x_wconf 90' lang='lat' dir='ltr'><strong>et</strong></span> <span class='ocrx_word' id='word_1_110' title='bbox 1489 1631 1638 1687; x_wconf 87' lang='lat' dir='ltr'><strong>Decii</strong></span> <span class='ocrx_word' id='word_1_111' title='bbox 1665 1630 1876 1696; x_wconf 85' lang='lat' dir='ltr'><strong>fraude,</strong></span> <span class='ocrx_word' id='word_1_112' title='bbox 1907 1630 2073 1686; x_wconf 85' lang='lat' dir='ltr'><strong>inter-</strong></span> 
     </span>
    </p>
   </div>
   <div class='ocr_carea' id='block_1_16' title="bbox 484 1724 1536 1783">
    <p class='ocr_par' dir='ltr' id='par_1_16' title="bbox 484 1724 1536 1783">
     <span class='ocr_line' id='line_1_16' title="bbox 484 1724 1536 1783; baseline -0.01 0"><span class='ocrx_word' id='word_1_113' title='bbox 484 1727 614 1783; x_wconf 91' lang='lat' dir='ltr'><strong>fecti</strong></span> <span class='ocrx_word' id='word_1_114' title='bbox 652 1735 797 1782; x_wconf 89' lang='lat' dir='ltr'><strong>sunt.</strong></span> <span class='ocrx_word' id='word_1_115' title='bbox 1523 1724 1536 1733; x_wconf 84' lang='lat'><strong>‘</strong></span> 
     </span>
    </p>
   </div>
   <div class='ocr_carea' id='block_1_17' title="bbox 2186 539 3767 608">
    <p class='ocr_par' dir='ltr' id='par_1_17' title="bbox 2186 539 3767 608">
     <span class='ocr_line' id='line_1_17' title="bbox 2186 539 3767 608; baseline 0.004 -19"><span class='ocrx_word' id='word_1_116' title='bbox 2186 549 2366 605; x_wconf 88' lang='lat' dir='ltr'><strong>regem</strong></span> <span class='ocrx_word' id='word_1_117' title='bbox 2420 551 2634 605; x_wconf 84' lang='lat' dir='ltr'><strong>semper</strong></span> <span class='ocrx_word' id='word_1_118' title='bbox 2675 551 3028 594; x_wconf 89' lang='lat' dir='ltr'><strong>aseensurum</strong></span> <span class='ocrx_word' id='word_1_119' title='bbox 3078 539 3132 592; x_wconf 93' lang='lat' dir='ltr'><strong>in</strong></span> <span class='ocrx_word' id='word_1_120' title='bbox 3175 553 3395 608; x_wconf 88' lang='lat' dir='ltr'><strong>equum,</strong></span> <span class='ocrx_word' id='word_1_121' title='bbox 3440 555 3547 594; x_wconf 92' lang='lat' dir='ltr'><strong>non</strong></span> <span class='ocrx_word' id='word_1_122' title='bbox 3598 555 3767 595; x_wconf 88' lang='lat' dir='ltr'><strong>manu</strong></span> 
     </span>
    </p>
   </div>
   <div class='ocr_carea' id='block_1_18' title="bbox 2185 626 3767 701">
    <p class='ocr_par' dir='ltr' id='par_1_18' title="bbox 2185 626 3767 701">
     <span class='ocr_line' id='line_1_18' title="bbox 2185 626 3767 701; baseline 0.004 -22"><span class='ocrx_word' id='word_1_123' title='bbox 2185 640 2303 690; x_wconf 90' lang='lat' dir='ltr'><strong>sua,</strong></span> <span class='ocrx_word' id='word_1_124' title='bbox 2335 626 2429 681; x_wconf 91' lang='lat' dir='ltr'><strong>sed</strong></span> <span class='ocrx_word' id='word_1_125' title='bbox 2460 627 2622 683; x_wconf 89' lang='lat' dir='ltr'><strong>dorso</strong></span> <span class='ocrx_word' id='word_1_126' title='bbox 2648 627 2942 684; x_wconf 87' lang='lat' dir='ltr'><strong>attolleret.</strong></span> <span class='ocrx_word' id='word_1_127' title='bbox 2986 628 3054 684; x_wconf 85' lang='lat' dir='ltr'><strong>Et</strong></span> <span class='ocrx_word' id='word_1_128' title='bbox 3077 628 3619 701; x_wconf 34' lang='lat' dir='ltr'><strong>Galienustquidem</strong></span> <span class='ocrx_word' id='word_1_129' title='bbox 3653 639 3767 686; x_wconf 84' lang='lat' dir='ltr'><strong>tam</strong></span> 
     </span>
    </p>
   </div>
   <div class='ocr_carea' id='block_1_19' title="bbox 2182 715 3768 791">
    <p class='ocr_par' dir='ltr' id='par_1_19' title="bbox 2182 715 3768 791">
     <span class='ocr_line' id='line_1_19' title="bbox 2182 715 3768 791; baseline 0.003 -22"><span class='ocrx_word' id='word_1_130' title='bbox 2182 715 2329 771; x_wconf 85' lang='lat' dir='ltr'><strong>claro</strong></span> <span class='ocrx_word' id='word_1_131' title='bbox 2368 716 2460 773; x_wconf 89' lang='lat' dir='ltr'><strong>Dei</strong></span> <span class='ocrx_word' id='word_1_132' title='bbox 2484 717 2688 787; x_wconf 88' lang='lat' dir='ltr'><strong>judicio</strong></span> <span class='ocrx_word' id='word_1_133' title='bbox 2738 720 2979 785; x_wconf 87' lang='lat' dir='ltr'><strong>territus,</strong></span> <span class='ocrx_word' id='word_1_134' title='bbox 3028 728 3283 790; x_wconf 86' lang='lat' dir='ltr'><strong>tanquam</strong></span> <span class='ocrx_word' id='word_1_135' title='bbox 3318 720 3504 776; x_wconf 88' lang='lat' dir='ltr'><strong>miseri</strong></span> <span class='ocrx_word' id='word_1_136' title='bbox 3546 721 3768 791; x_wconf 61' lang='lat' dir='ltr'><strong>collegae</strong></span> 
     </span>
    </p>
   </div>
   <div class='ocr_carea' id='block_1_20' title="bbox 2180 808 3770 882">
    <p class='ocr_par' dir='ltr' id='par_1_20' title="bbox 2180 808 3770 882">
     <span class='ocr_line' id='line_1_20' title="bbox 2180 808 3770 882; baseline 0.004 -22"><span class='ocrx_word' id='word_1_137' title='bbox 2180 817 2456 875; x_wconf 87' lang='lat' dir='ltr'><strong>permotus</strong></span> <span class='ocrx_word' id='word_1_138' title='bbox 2481 808 2749 878; x_wconf 77' lang='lat' dir='ltr'><strong>exemplo,</strong></span> <span class='ocrx_word' id='word_1_139' title='bbox 2803 825 2989 880; x_wconf 87' lang='lat' dir='ltr'><strong>pacem</strong></span> <span class='ocrx_word' id='word_1_140' title='bbox 3019 810 3277 867; x_wconf 83' lang='lat' dir='ltr'><strong>Ecclesiis</strong></span> <span class='ocrx_word' id='word_1_141' title='bbox 3306 812 3516 882; x_wconf 90' lang='lat' dir='ltr'><strong>trepida</strong></span> <span class='ocrx_word' id='word_1_142' title='bbox 3547 812 3770 868; x_wconf 80' lang='lat' dir='ltr'><strong>satisfa-</strong></span> 
     </span>
    </p>
   </div>
   <div class='ocr_carea' id='block_1_21' title="bbox 2180 895 3766 972">
    <p class='ocr_par' dir='ltr' id='par_1_21' title="bbox 2180 895 3766 972">
     <span class='ocr_line' id='line_1_21' title="bbox 2180 895 3766 972; baseline 0.003 -22"><span class='ocrx_word' id='word_1_143' title='bbox 2180 895 2360 951; x_wconf 89' lang='lat' dir='ltr'><strong>ctione</strong></span> <span class='ocrx_word' id='word_1_144' title='bbox 2390 899 2646 954; x_wconf 84' lang='lat' dir='ltr'><strong>restituit.</strong></span> <span class='ocrx_word' id='word_1_145' title='bbox 2694 898 2806 954; x_wconf 87' lang='lat' dir='ltr'><strong>Hac</strong></span> <span class='ocrx_word' id='word_1_146' title='bbox 2849 899 3146 970; x_wconf 89' lang='lat' dir='ltr'><strong>procellosa</strong></span> <span class='ocrx_word' id='word_1_147' title='bbox 3183 908 3504 972; x_wconf 88' lang='lat' dir='ltr'><strong>tempestate</strong></span> <span class='ocrx_word' id='word_1_148' title='bbox 3539 900 3766 972; x_wconf 86' lang='lat' dir='ltr'><strong>Cypria-</strong></span> 
     </span>
    </p>
   </div>
   <div class='ocr_carea' id='block_1_22' title="bbox 2179 987 3760 1064">
    <p class='ocr_par' dir='ltr' id='par_1_22' title="bbox 2179 987 3760 1064">
     <span class='ocr_line' id='line_1_22' title="bbox 2179 987 3760 1064; baseline 0.003 -21"><span class='ocrx_word' id='word_1_149' title='bbox 2179 1004 2280 1043; x_wconf 87' lang='lat' dir='ltr'><strong>nus</strong></span> <span class='ocrx_word' id='word_1_150' title='bbox 2317 987 2760 1061; x_wconf 87' lang='lat' dir='ltr'><strong>Carthaginensis</strong></span> <span class='ocrx_word' id='word_1_151' title='bbox 2801 991 3085 1062; x_wconf 85' lang='lat' dir='ltr'><strong>episcopus</strong></span> <span class='ocrx_word' id='word_1_152' title='bbox 3129 1001 3423 1048; x_wconf 86' lang='lat' dir='ltr'><strong>coronatur</strong></span> <span class='ocrx_word' id='word_1_153' title='bbox 3451 994 3760 1064; x_wconf 85' lang='lat' dir='ltr'><strong>martyrio:</strong></span> 
     </span>
    </p>
   </div>
   <div class='ocr_carea' id='block_1_23' title="bbox 2177 1078 3763 1155">
    <p class='ocr_par' dir='ltr' id='par_1_23' title="bbox 2177 1078 3763 1155">
     <span class='ocr_line' id='line_1_23' title="bbox 2177 1078 3763 1155; baseline 0.004 -22"><span class='ocrx_word' id='word_1_154' title='bbox 2177 1079 2333 1149; x_wconf 91' lang='lat' dir='ltr'><strong>cujus</strong></span> <span class='ocrx_word' id='word_1_155' title='bbox 2359 1078 2497 1136; x_wconf 73' lang='lat' dir='ltr'><strong>Vitae</strong></span> <span class='ocrx_word' id='word_1_156' title='bbox 2525 1091 2581 1134; x_wconf 90' lang='lat' dir='ltr'><strong>et</strong></span> <span class='ocrx_word' id='word_1_157' title='bbox 2624 1081 2895 1151; x_wconf 88' lang='lat' dir='ltr'><strong>passionis</strong></span> <span class='ocrx_word' id='word_1_158' title='bbox 2942 1082 3189 1138; x_wconf 86' lang='lat' dir='ltr'><strong>volumen</strong></span> <span class='ocrx_word' id='word_1_159' title='bbox 3220 1085 3497 1154; x_wconf 82' lang='lat' dir='ltr'><strong>egregium</strong></span> <span class='ocrx_word' id='word_1_160' title='bbox 3541 1085 3763 1155; x_wconf 85' lang='lat' dir='ltr'><strong>reliquit</strong></span> 
     </span>
    </p>
   </div>
   <div class='ocr_carea' id='block_1_24' title="bbox 2177 1167 3762 1247">
    <p class='ocr_par' dir='ltr' id='par_1_24' title="bbox 2177 1167 3762 1247">
     <span class='ocr_line' id='line_1_24' title="bbox 2177 1167 3762 1247; baseline 0.006 -25"><span class='ocrx_word' id='word_1_161' title='bbox 2177 1167 2426 1235; x_wconf 89' lang='lat' dir='ltr'><strong>Pontius,</strong></span> <span class='ocrx_word' id='word_1_162' title='bbox 2459 1172 2724 1228; x_wconf 88' lang='lat' dir='ltr'><strong>diaconus</strong></span> <span class='ocrx_word' id='word_1_163' title='bbox 2749 1172 2889 1241; x_wconf 87' lang='lat' dir='ltr'><strong>ejus,</strong></span> <span class='ocrx_word' id='word_1_164' title='bbox 2911 1175 3002 1243; x_wconf 88' lang='lat' dir='ltr'><strong>qui</strong></span> <span class='ocrx_word' id='word_1_165' title='bbox 3032 1183 3204 1244; x_wconf 83' lang='lat' dir='ltr'><strong>usque</strong></span> <span class='ocrx_word' id='word_1_166' title='bbox 3230 1177 3296 1230; x_wconf 89' lang='lat' dir='ltr'><strong>ad</strong></span> <span class='ocrx_word' id='word_1_167' title='bbox 3322 1176 3463 1230; x_wconf 89' lang='lat' dir='ltr'><strong>diem</strong></span> <span class='ocrx_word' id='word_1_168' title='bbox 3492 1177 3762 1247; x_wconf 82' lang='lat' dir='ltr'><strong>passionis</strong></span> 
     </span>
    </p>
   </div>
   <div class='ocr_carea' id='block_1_25' title="bbox 2177 1259 3761 1338">
    <p class='ocr_par' dir='ltr' id='par_1_25' title="bbox 2177 1259 3761 1338">
     <span class='ocr_line' id='line_1_25' title="bbox 2177 1259 3761 1338; baseline 0.007 -25"><span class='ocrx_word' id='word_1_169' title='bbox 2177 1259 2292 1326; x_wconf 86' lang='lat' dir='ltr'><strong>ejus</strong></span> <span class='ocrx_word' id='word_1_170' title='bbox 2319 1277 2442 1315; x_wconf 89' lang='lat' dir='ltr'><strong>eum</strong></span> <span class='ocrx_word' id='word_1_171' title='bbox 2473 1261 2589 1331; x_wconf 92' lang='lat' dir='ltr'><strong>ipso</strong></span> <span class='ocrx_word' id='word_1_172' title='bbox 2626 1263 2874 1318; x_wconf 81' lang='lat' dir='ltr'><strong>exsilium</strong></span> <span class='ocrx_word' id='word_1_173' title='bbox 2907 1265 3181 1320; x_wconf 89' lang='lat' dir='ltr'><strong>sustinuit.</strong></span> <span class='ocrx_word' id='word_1_174' title='bbox 3218 1265 3476 1321; x_wconf 85' lang='lat' dir='ltr'><strong>Germani</strong></span> <span class='ocrx_word' id='word_1_175' title='bbox 3510 1268 3761 1338; x_wconf 83' lang='lat' dir='ltr'><strong>Alpibus,</strong></span> 
     </span>
    </p>
   </div>
   <div class='ocr_carea' id='block_1_26' title="bbox 2175 1349 3764 1430">
    <p class='ocr_par' dir='ltr' id='par_1_26' title="bbox 2175 1349 3764 1430">
     <span class='ocr_line' id='line_1_26' title="bbox 2175 1349 3764 1430; baseline 0.008 -26"><span class='ocrx_word' id='word_1_176' title='bbox 2175 1349 2367 1406; x_wconf 80' lang='lat' dir='ltr'><strong>Rhetia</strong></span> <span class='ocrx_word' id='word_1_177' title='bbox 2413 1361 2632 1422; x_wconf 90' lang='lat' dir='ltr'><strong>totaque</strong></span> <span class='ocrx_word' id='word_1_178' title='bbox 2671 1353 2822 1409; x_wconf 87' lang='lat' dir='ltr'><strong>Italia</strong></span> <span class='ocrx_word' id='word_1_179' title='bbox 2880 1363 3184 1426; x_wconf 87' lang='lat' dir='ltr'><strong>penetrata,</strong></span> <span class='ocrx_word' id='word_1_180' title='bbox 3233 1357 3542 1414; x_wconf 81' lang='lat' dir='ltr'><strong>Ravennam</strong></span> <span class='ocrx_word' id='word_1_181' title='bbox 3591 1377 3764 1430; x_wconf 85' lang='lat' dir='ltr'><strong>usque</strong></span> 
     </span>
    </p>
   </div>
   <div class='ocr_carea' id='block_1_27' title="bbox 2173 1443 3763 1519">
    <p class='ocr_par' dir='ltr' id='par_1_27' title="bbox 2173 1443 3763 1519">
     <span class='ocr_line' id='line_1_27' title="bbox 2173 1443 3763 1519; baseline 0.006 -23"><span class='ocrx_word' id='word_1_182' title='bbox 2173 1443 2495 1512; x_wconf 74' lang='lat' dir='ltr'><strong>perveniunt</strong></span> <span class='ocrx_word' id='word_1_183' title='bbox 2518 1461 2533 1509; x_wconf 88' lang='lat'><strong>;</strong></span> <span class='ocrx_word' id='word_1_184' title='bbox 2557 1444 2842 1500; x_wconf 87' lang='lat' dir='ltr'><strong>Alamanni</strong></span> <span class='ocrx_word' id='word_1_185' title='bbox 2879 1446 3082 1503; x_wconf 89' lang='lat' dir='ltr'><strong>Gallias</strong></span> <span class='ocrx_word' id='word_1_186' title='bbox 3103 1459 3481 1519; x_wconf 82' lang='lat' dir='ltr'><strong>pervagantes,</strong></span> <span class='ocrx_word' id='word_1_187' title='bbox 3511 1451 3676 1506; x_wconf 88' lang='lat' dir='ltr'><strong>etiam</strong></span> <span class='ocrx_word' id='word_1_188' title='bbox 3703 1453 3763 1506; x_wconf 91' lang='lat' dir='ltr'><strong>in</strong></span> 
     </span>
    </p>
   </div>
   <div class='ocr_carea' id='block_1_28' title="bbox 2176 1531 3761 1607">
    <p class='ocr_par' dir='ltr' id='par_1_28' title="bbox 2176 1531 3761 1607">
     <span class='ocr_line' id='line_1_28' title="bbox 2176 1531 3761 1607; baseline 0.008 -22"><span class='ocrx_word' id='word_1_189' title='bbox 2176 1531 2380 1587; x_wconf 89' lang='lat' dir='ltr'><strong>Italiam</strong></span> <span class='ocrx_word' id='word_1_190' title='bbox 2413 1543 2714 1589; x_wconf 90' lang='lat' dir='ltr'><strong>transeunt.</strong></span> <span class='ocrx_word' id='word_1_191' title='bbox 2746 1533 2978 1602; x_wconf 66' lang='lat' dir='ltr'><strong>Graecia,</strong></span> <span class='ocrx_word' id='word_1_192' title='bbox 3010 1537 3342 1605; x_wconf 86' lang='lat' dir='ltr'><strong>Macedonia,</strong></span> <span class='ocrx_word' id='word_1_193' title='bbox 3373 1540 3597 1607; x_wconf 88' lang='lat' dir='ltr'><strong>Pontus,</strong></span> <span class='ocrx_word' id='word_1_194' title='bbox 3629 1543 3761 1598; x_wconf 86' lang='lat' dir='ltr'><strong>Asia</strong></span> 
     </span>
    </p>
   </div>
   <div class='ocr_carea' id='block_1_29' title="bbox 2172 1621 3760 1703">
    <p class='ocr_par' dir='ltr' id='par_1_29' title="bbox 2172 1621 3760 1703">
     <span class='ocr_line' id='line_1_29' title="bbox 2172 1621 3760 1703; baseline 0.008 -27"><span class='ocrx_word' id='word_1_195' title='bbox 2172 1621 2471 1678; x_wconf 86' lang='lat' dir='ltr'><strong>Gothorum</strong></span> <span class='ocrx_word' id='word_1_196' title='bbox 2500 1624 2816 1680; x_wconf 89' lang='lat' dir='ltr'><strong>inundantia</strong></span> <span class='ocrx_word' id='word_1_197' title='bbox 2847 1627 3074 1683; x_wconf 90' lang='lat' dir='ltr'><strong>deletur.</strong></span> <span class='ocrx_word' id='word_1_198' title='bbox 3107 1628 3330 1685; x_wconf 89' lang='lat' dir='ltr'><strong>Publius</strong></span> <span class='ocrx_word' id='word_1_199' title='bbox 3352 1633 3638 1702; x_wconf 87' lang='lat' dir='ltr'><strong>lugenuus,</strong></span> <span class='ocrx_word' id='word_1_200' title='bbox 3662 1636 3760 1703; x_wconf 90' lang='lat' dir='ltr'><strong>qui</strong></span> 
     </span>
    </p>
   </div>
   <div class='ocr_carea' id='block_1_30' title="bbox 2170 1720 3764 1796">
    <p class='ocr_par' dir='ltr' id='par_1_30' title="bbox 2170 1720 3764 1796">
     <span class='ocr_line' id='line_1_30' title="bbox 2170 1720 3764 1796; baseline 0.009 -27"><span class='ocrx_word' id='word_1_201' title='bbox 2170 1731 2465 1786; x_wconf 84' lang='lat' dir='ltr'><strong>purpuram</strong></span> <span class='ocrx_word' id='word_1_202' title='bbox 2497 1720 2710 1791; x_wconf 90' lang='lat' dir='ltr'><strong>imperii</strong></span> <span class='ocrx_word' id='word_1_203' title='bbox 2747 1730 3070 1791; x_wconf 89' lang='lat' dir='ltr'><strong>sumpserat,</strong></span> <span class='ocrx_word' id='word_1_204' title='bbox 3101 1725 3245 1794; x_wconf 90' lang='lat' dir='ltr'><strong>apud</strong></span> <span class='ocrx_word' id='word_1_205' title='bbox 3283 1724 3514 1796; x_wconf 81' lang='lat' dir='ltr'><strong>lliyrsam</strong></span> <span class='ocrx_word' id='word_1_206' title='bbox 3556 1729 3764 1783; x_wconf 88' lang='lat' dir='ltr'><strong>occidi-</strong></span> 
     </span>
    </p>
   </div>
   <div class='ocr_carea' id='block_1_31' title="bbox 560 1803 3763 1894">
    <p class='ocr_par' dir='ltr' id='par_1_31' title="bbox 560 1803 3763 1894">
     <span class='ocr_line' id='line_1_31' title="bbox 560 1803 3763 1894; baseline 0.004 -31"><span class='ocrx_word' id='word_1_207' title='bbox 560 1820 710 1894; x_wconf 67' lang='lat'><strong>[254]</strong></span> <span class='ocrx_word' id='word_1_208' title='bbox 757 1821 981 1886; x_wconf 65' lang='lat' dir='ltr'><strong>Decius,</strong></span> <span class='ocrx_word' id='word_1_209' title='bbox 1032 1820 1206 1875; x_wconf 71' lang='lat' dir='ltr'><strong>civilis</strong></span> <span class='ocrx_word' id='word_1_210' title='bbox 1253 1819 1375 1875; x_wconf 66' lang='lat' dir='ltr'><strong>belli</strong></span> <span class='ocrx_word' id='word_1_211' title='bbox 1433 1819 1704 1880; x_wconf 74' lang='grc' dir='ltr'><strong>ίηεοηιοιο,</strong></span> <span class='ocrx_word' id='word_1_212' title='bbox 1753 1834 1895 1873; x_wconf 76' lang='lat' dir='ltr'><strong>anno</strong></span> <span class='ocrx_word' id='word_1_213' title='bbox 1941 1832 2070 1883; x_wconf 76' lang='grc' dir='ltr'><strong>ιιηο,</strong></span> <span class='ocrx_word' id='word_1_214' title='bbox 2102 1803 2150 1863; x_wconf 87' lang='grc' dir='ltr'><strong>Β</strong></span> <span class='ocrx_word' id='word_1_215' title='bbox 2180 1816 2284 1862; x_wconf 91' lang='lat' dir='ltr'><strong>tur.</strong></span> <span class='ocrx_word' id='word_1_216' title='bbox 2310 1808 2640 1867; x_wconf 90' lang='lat' dir='ltr'><strong>Posthumus</strong></span> <span class='ocrx_word' id='word_1_217' title='bbox 2667 1812 2720 1866; x_wconf 91' lang='lat' dir='ltr'><strong>in</strong></span> <span class='ocrx_word' id='word_1_218' title='bbox 2747 1811 2922 1868; x_wconf 87' lang='lat' dir='ltr'><strong>Gallia</strong></span> <span class='ocrx_word' id='word_1_219' title='bbox 2957 1815 3159 1870; x_wconf 90' lang='lat' dir='ltr'><strong>invasit</strong></span> <span class='ocrx_word' id='word_1_220' title='bbox 3187 1817 3546 1887; x_wconf 89' lang='lat' dir='ltr'><strong>tyrannidem,</strong></span> <span class='ocrx_word' id='word_1_221' title='bbox 3574 1835 3639 1874; x_wconf 89' lang='lat' dir='ltr'><strong>ac</strong></span> <span class='ocrx_word' id='word_1_222' title='bbox 3659 1835 3763 1888; x_wconf 91' lang='lat' dir='ltr'><strong>per</strong></span> 
     </span>
    </p>
   </div>
   <div class='ocr_carea' id='block_1_32' title="bbox 482 1908 2068 1980">
    <p class='ocr_par' dir='ltr' id='par_1_32' title="bbox 482 1908 2068 1980">
     <span class='ocr_line' id='line_1_32' title="bbox 482 1908 2068 1980; baseline -0.004 -15"><span class='ocrx_word' id='word_1_223' title='bbox 482 1913 761 1972; x_wconf 84' lang='lat' dir='ltr'><strong>mensibus</strong></span> <span class='ocrx_word' id='word_1_224' title='bbox 790 1911 982 1966; x_wconf 89' lang='lat' dir='ltr'><strong>tribus.</strong></span> <span class='ocrx_word' id='word_1_225' title='bbox 1009 1910 1108 1965; x_wconf 80' lang='lat' dir='ltr'><strong>llic</strong></span> <span class='ocrx_word' id='word_1_226' title='bbox 1128 1927 1251 1965; x_wconf 91' lang='lat' dir='ltr'><strong>cum</strong></span> <span class='ocrx_word' id='word_1_227' title='bbox 1288 1911 1562 1980; x_wconf 84' lang='lat' dir='ltr'><strong>Philippos</strong></span> <span class='ocrx_word' id='word_1_228' title='bbox 1591 1919 1795 1979; x_wconf 83' lang='lat' dir='ltr'><strong>patrem</strong></span> <span class='ocrx_word' id='word_1_229' title='bbox 1824 1920 1878 1964; x_wconf 92' lang='lat' dir='ltr'><strong>et</strong></span> <span class='ocrx_word' id='word_1_230' title='bbox 1903 1908 2068 1962; x_wconf 87' lang='lat' dir='ltr'><strong>filimn</strong></span> 
     </span>
    </p>
   </div>
   <div class='ocr_carea' id='block_1_33' title="bbox 485 2000 2068 2070">
    <p class='ocr_par' dir='ltr' id='par_1_33' title="bbox 485 2000 2068 2070">
     <span class='ocr_line' id='line_1_33' title="bbox 485 2000 2068 2070; baseline -0.003 -15"><span class='ocrx_word' id='word_1_231' title='bbox 485 2000 873 2064; x_wconf 82' lang='lat' dir='ltr'><strong>interfecisset,</strong></span> <span class='ocrx_word' id='word_1_232' title='bbox 905 2001 975 2054; x_wconf 91' lang='lat' dir='ltr'><strong>oh</strong></span> <span class='ocrx_word' id='word_1_233' title='bbox 999 2015 1188 2056; x_wconf 90' lang='lat' dir='ltr'><strong>eorum</strong></span> <span class='ocrx_word' id='word_1_234' title='bbox 1219 2001 1403 2054; x_wconf 89' lang='lat' dir='ltr'><strong>odium</strong></span> <span class='ocrx_word' id='word_1_235' title='bbox 1442 2001 1509 2054; x_wconf 90' lang='lat' dir='ltr'><strong>ad</strong></span> <span class='ocrx_word' id='word_1_236' title='bbox 1549 2001 1951 2070; x_wconf 88' lang='lat' dir='ltr'><strong>persequendos</strong></span> <span class='ocrx_word' id='word_1_237' title='bbox 1981 2000 2068 2052; x_wconf 54' lang='lat' dir='ltr'><strong>in»-</strong></span> 
     </span>
    </p>
   </div>
   <div class='ocr_carea' id='block_1_34' title="bbox 485 2089 2067 2160">
    <p class='ocr_par' dir='ltr' id='par_1_34' title="bbox 485 2089 2067 2160">
     <span class='ocr_line' id='line_1_34' title="bbox 485 2089 2067 2160; baseline 0 -18"><span class='ocrx_word' id='word_1_238' title='bbox 485 2089 937 2159; x_wconf 84' lang='lat' dir='ltr'><strong>terficiendosque</strong></span> <span class='ocrx_word' id='word_1_239' title='bbox 967 2089 1307 2145; x_wconf 88' lang='lat' dir='ltr'><strong>Christianos</strong></span> <span class='ocrx_word' id='word_1_240' title='bbox 1347 2090 1534 2145; x_wconf 78' lang='lat' dir='ltr'><strong>feralia</strong></span> <span class='ocrx_word' id='word_1_241' title='bbox 1580 2090 1838 2160; x_wconf 84' lang='lat' dir='ltr'><strong>dispersit</strong></span> <span class='ocrx_word' id='word_1_242' title='bbox 1869 2091 2067 2145; x_wconf 89' lang='lat' dir='ltr'><strong>edicta.</strong></span> 
     </span>
    </p>
   </div>
   <div class='ocr_carea' id='block_1_35' title="bbox 479 2179 2067 2252">
    <p class='ocr_par' dir='ltr' id='par_1_35' title="bbox 479 2179 2067 2252">
     <span class='ocr_line' id='line_1_35' title="bbox 479 2179 2067 2252; baseline 0 -18"><span class='ocrx_word' id='word_1_243' title='bbox 479 2179 735 2250; x_wconf 82' lang='lat' dir='ltr'><strong>Idemque</strong></span> <span class='ocrx_word' id='word_1_244' title='bbox 763 2180 930 2234; x_wconf 87' lang='lat' dir='ltr'><strong>filium</strong></span> <span class='ocrx_word' id='word_1_245' title='bbox 965 2197 1120 2235; x_wconf 89' lang='lat' dir='ltr'><strong>suum</strong></span> <span class='ocrx_word' id='word_1_246' title='bbox 1148 2181 1418 2236; x_wconf 58' lang='lat' dir='ltr'><strong>Caesarem</strong></span> <span class='ocrx_word' id='word_1_247' title='bbox 1449 2181 1596 2252; x_wconf 82' lang='lat' dir='ltr'><strong>legit,</strong></span> <span class='ocrx_word' id='word_1_248' title='bbox 1622 2198 1744 2236; x_wconf 90' lang='lat' dir='ltr'><strong>cum</strong></span> <span class='ocrx_word' id='word_1_249' title='bbox 1769 2197 1875 2250; x_wconf 91' lang='lat' dir='ltr'><strong>quo</strong></span> <span class='ocrx_word' id='word_1_250' title='bbox 1910 2180 2067 2235; x_wconf 91' lang='lat' dir='ltr'><strong>simul</strong></span> 
     </span>
    </p>
   </div>
   <div class='ocr_carea' id='block_1_36' title="bbox 483 2271 2066 2328">
    <p class='ocr_par' dir='ltr' id='par_1_36' title="bbox 483 2271 2066 2328">
     <span class='ocr_line' id='line_1_36' title="bbox 483 2271 2066 2328; baseline 0.002 -4"><span class='ocrx_word' id='word_1_251' title='bbox 483 2271 739 2327; x_wconf 87' lang='lat' dir='ltr'><strong>continuo</strong></span> <span class='ocrx_word' id='word_1_252' title='bbox 769 2272 822 2326; x_wconf 90' lang='lat' dir='ltr'><strong>in</strong></span> <span class='ocrx_word' id='word_1_253' title='bbox 856 2272 1031 2327; x_wconf 87' lang='lat' dir='ltr'><strong>medio</strong></span> <span class='ocrx_word' id='word_1_254' title='bbox 1060 2273 1413 2328; x_wconf 84' lang='lat' dir='ltr'><strong>barbarorum</strong></span> <span class='ocrx_word' id='word_1_255' title='bbox 1461 2274 1581 2328; x_wconf 89' lang='lat' dir='ltr'><strong>sinu</strong></span> <span class='ocrx_word' id='word_1_256' title='bbox 1612 2272 1932 2328; x_wconf 68' lang='lat' dir='ltr'><strong>interfectus</strong></span> <span class='ocrx_word' id='word_1_257' title='bbox 1963 2282 2066 2327; x_wconf 86' lang='lat' dir='ltr'><strong>est.</strong></span> 
     </span>
    </p>
   </div>
   <div class='ocr_carea' id='block_1_37' title="bbox 481 2361 2069 2434">
    <p class='ocr_par' dir='ltr' id='par_1_37' title="bbox 481 2361 2069 2434">
     <span class='ocr_line' id='line_1_37' title="bbox 481 2361 2069 2434; baseline 0.001 -19"><span class='ocrx_word' id='word_1_258' title='bbox 481 2361 864 2418; x_wconf 84' lang='lat' dir='ltr'><strong>Persecutione</strong></span> <span class='ocrx_word' id='word_1_259' title='bbox 893 2363 1035 2418; x_wconf 85' lang='lat' dir='ltr'><strong>Decii</strong></span> <span class='ocrx_word' id='word_1_260' title='bbox 1070 2363 1340 2419; x_wconf 81' lang='lat' dir='ltr'><strong>Fabianus</strong></span> <span class='ocrx_word' id='word_1_261' title='bbox 1368 2366 1420 2418; x_wconf 90' lang='lat' dir='ltr'><strong>in</strong></span> <span class='ocrx_word' id='word_1_262' title='bbox 1449 2366 1582 2419; x_wconf 89' lang='lat' dir='ltr'><strong>urbe</strong></span> <span class='ocrx_word' id='word_1_263' title='bbox 1612 2364 1781 2418; x_wconf 81' lang='lat' dir='ltr'><strong>Roma</strong></span> <span class='ocrx_word' id='word_1_264' title='bbox 1807 2363 2069 2434; x_wconf 66' lang='lat' dir='ltr'><strong>martyrio</strong></span> 
     </span>
    </p>
   </div>
   <div class='ocr_carea' id='block_1_38' title="bbox 483 2455 2068 2526">
    <p class='ocr_par' dir='ltr' id='par_1_38' title="bbox 483 2455 2068 2526">
     <span class='ocr_line' id='line_1_38' title="bbox 483 2455 2068 2526; baseline 0.002 -19"><span class='ocrx_word' id='word_1_265' title='bbox 483 2463 775 2510; x_wconf 87' lang='lat' dir='ltr'><strong>coronatus</strong></span> <span class='ocrx_word' id='word_1_266' title='bbox 804 2465 908 2519; x_wconf 90' lang='lat' dir='ltr'><strong>est,</strong></span> <span class='ocrx_word' id='word_1_267' title='bbox 952 2456 1245 2524; x_wconf 87' lang='lat' dir='ltr'><strong>sedemque</strong></span> <span class='ocrx_word' id='word_1_268' title='bbox 1295 2457 1376 2510; x_wconf 93' lang='lat' dir='ltr'><strong>sui</strong></span> <span class='ocrx_word' id='word_1_269' title='bbox 1425 2456 1769 2526; x_wconf 87' lang='lat' dir='ltr'><strong>episcopatus</strong></span> <span class='ocrx_word' id='word_1_270' title='bbox 1815 2455 2068 2510; x_wconf 90' lang='lat' dir='ltr'><strong>Cornelio</strong></span> 
     </span>
    </p>
   </div>
   <div class='ocr_carea' id='block_1_39' title="bbox 481 2545 2068 2617">
    <p class='ocr_par' dir='ltr' id='par_1_39' title="bbox 481 2545 2068 2617">
     <span class='ocr_line' id='line_1_39' title="bbox 481 2545 2068 2617; baseline 0 -18"><span class='ocrx_word' id='word_1_271' title='bbox 481 2545 806 2615; x_wconf 88' lang='lat' dir='ltr'><strong>dereliquit;</strong></span> <span class='ocrx_word' id='word_1_272' title='bbox 840 2546 1065 2616; x_wconf 80' lang='lat' dir='ltr'><strong>ipsoque</strong></span> <span class='ocrx_word' id='word_1_273' title='bbox 1104 2547 1368 2617; x_wconf 81' lang='lat' dir='ltr'><strong>martyrio</strong></span> <span class='ocrx_word' id='word_1_274' title='bbox 1397 2556 1677 2610; x_wconf 88' lang='lat' dir='ltr'><strong>coronato,</strong></span> <span class='ocrx_word' id='word_1_275' title='bbox 1706 2545 1905 2600; x_wconf 85' lang='lat' dir='ltr'><strong>Lucius</strong></span> <span class='ocrx_word' id='word_1_276' title='bbox 1935 2561 2068 2615; x_wconf 88' lang='lat' dir='ltr'><strong>pon-</strong></span> 
     </span>
    </p>
   </div>
   <div class='ocr_carea' id='block_1_40' title="bbox 479 2637 2068 2708">
    <p class='ocr_par' dir='ltr' id='par_1_40' title="bbox 479 2637 2068 2708">
     <span class='ocr_line' id='line_1_40' title="bbox 479 2637 2068 2708; baseline -0.001 -14"><span class='ocrx_word' id='word_1_277' title='bbox 479 2637 744 2694; x_wconf 78' lang='lat' dir='ltr'><strong>tificatum</strong></span> <span class='ocrx_word' id='word_1_278' title='bbox 777 2639 967 2693; x_wconf 90' lang='lat' dir='ltr'><strong>tenuit.</strong></span> <span class='ocrx_word' id='word_1_279' title='bbox 999 2638 1134 2693; x_wconf 83' lang='lat' dir='ltr'><strong>Huic</strong></span> <span class='ocrx_word' id='word_1_280' title='bbox 1160 2637 1468 2708; x_wconf 88' lang='lat' dir='ltr'><strong>Stephanus</strong></span> <span class='ocrx_word' id='word_1_281' title='bbox 1501 2639 1760 2694; x_wconf 88' lang='lat' dir='ltr'><strong>successit</strong></span> <span class='ocrx_word' id='word_1_282' title='bbox 1787 2655 1801 2703; x_wconf 90' lang='lat'><strong>;</strong></span> <span class='ocrx_word' id='word_1_283' title='bbox 1836 2655 1944 2708; x_wconf 89' lang='lat' dir='ltr'><strong>quo</strong></span> <span class='ocrx_word' id='word_1_284' title='bbox 1970 2654 2068 2708; x_wconf 90' lang='lat' dir='ltr'><strong>per</strong></span> 
     </span>
    </p>
   </div>
   <div class='ocr_carea' id='block_1_41' title="bbox 477 2730 2060 2803">
    <p class='ocr_par' dir='ltr' id='par_1_41' title="bbox 477 2730 2060 2803">
     <span class='ocr_line' id='line_1_41' title="bbox 477 2730 2060 2803; baseline -0.002 -17"><span class='ocrx_word' id='word_1_285' title='bbox 477 2732 801 2803; x_wconf 88' lang='lat' dir='ltr'><strong>martyrium</strong></span> <span class='ocrx_word' id='word_1_286' title='bbox 839 2740 1171 2795; x_wconf 86' lang='lat' dir='ltr'><strong>transeunte,</strong></span> <span class='ocrx_word' id='word_1_287' title='bbox 1204 2731 1407 2802; x_wconf 81' lang='lat' dir='ltr'><strong>Xystus</strong></span> <span class='ocrx_word' id='word_1_288' title='bbox 1437 2730 1611 2786; x_wconf 91' lang='lat' dir='ltr'><strong>locum</strong></span> <span class='ocrx_word' id='word_1_289' title='bbox 1641 2730 1759 2799; x_wconf 89' lang='lat' dir='ltr'><strong>ejus</strong></span> <span class='ocrx_word' id='word_1_290' title='bbox 1791 2730 2060 2801; x_wconf 87' lang='lat' dir='ltr'><strong>implevit,</strong></span> 
     </span>
    </p>
   </div>
   <div class='ocr_carea' id='block_1_42' title="bbox 481 2822 2064 2894">
    <p class='ocr_par' dir='ltr' id='par_1_42' title="bbox 481 2822 2064 2894">
     <span class='ocr_line' id='line_1_42' title="bbox 481 2822 2064 2894; baseline -0.002 -16"><span class='ocrx_word' id='word_1_291' title='bbox 481 2824 733 2893; x_wconf 87' lang='lat' dir='ltr'><strong>idemque</strong></span> <span class='ocrx_word' id='word_1_292' title='bbox 777 2839 874 2894; x_wconf 87' lang='lat' dir='ltr'><strong>per</strong></span> <span class='ocrx_word' id='word_1_293' title='bbox 921 2823 1316 2879; x_wconf 83' lang='lat' dir='ltr'><strong>confessionem</strong></span> <span class='ocrx_word' id='word_1_294' title='bbox 1367 2822 1508 2887; x_wconf 86' lang='lat' dir='ltr'><strong>fidei,</strong></span> <span class='ocrx_word' id='word_1_295' title='bbox 1541 2824 1787 2894; x_wconf 85' lang='lat' dir='ltr'><strong>martyrii</strong></span> <span class='ocrx_word' id='word_1_296' title='bbox 1833 2823 2064 2892; x_wconf 86' lang='lat' dir='ltr'><strong>palmam</strong></span> 
     </span>
    </p>
   </div>
   <div class='ocr_carea' id='block_1_43' title="bbox 477 2913 2060 2984">
    <p class='ocr_par' dir='ltr' id='par_1_43' title="bbox 477 2913 2060 2984">
     <span class='ocr_line' id='line_1_43' title="bbox 477 2913 2060 2984; baseline -0.002 -17"><span class='ocrx_word' id='word_1_297' title='bbox 477 2915 728 2984; x_wconf 85' lang='lat' dir='ltr'><strong>sumpsit.</strong></span> <span class='ocrx_word' id='word_1_298' title='bbox 777 2915 1100 2984; x_wconf 86' lang='lat' dir='ltr'><strong>Cyprianus,</strong></span> <span class='ocrx_word' id='word_1_299' title='bbox 1133 2914 1496 2968; x_wconf 88' lang='lat' dir='ltr'><strong>clarissimum</strong></span> <span class='ocrx_word' id='word_1_300' title='bbox 1528 2913 1706 2967; x_wconf 87' lang='lat' dir='ltr'><strong>lumen</strong></span> <span class='ocrx_word' id='word_1_301' title='bbox 1755 2913 2060 2976; x_wconf 86' lang='lat' dir='ltr'><strong>ducturum,</strong></span> 
     </span>
    </p>
   </div>
   <div class='ocr_carea' id='block_1_44' title="bbox 478 3002 2062 3074">
    <p class='ocr_par' dir='ltr' id='par_1_44' title="bbox 478 3002 2062 3074">
     <span class='ocr_line' id='line_1_44' title="bbox 478 3002 2062 3074; baseline 0.001 -19"><span class='ocrx_word' id='word_1_302' title='bbox 478 3004 762 3072; x_wconf 84' lang='lat' dir='ltr'><strong>episcopus</strong></span> <span class='ocrx_word' id='word_1_303' title='bbox 805 3003 1170 3074; x_wconf 79' lang='lat' dir='ltr'><strong>Carthaginis,</strong></span> <span class='ocrx_word' id='word_1_304' title='bbox 1211 3003 1393 3058; x_wconf 90' lang='lat' dir='ltr'><strong>clarus</strong></span> <span class='ocrx_word' id='word_1_305' title='bbox 1439 3002 1687 3057; x_wconf 85' lang='lat' dir='ltr'><strong>habetur.</strong></span> <span class='ocrx_word' id='word_1_306' title='bbox 1723 3002 1874 3057; x_wconf 84' lang='lat' dir='ltr'><strong>Tunc</strong></span> <span class='ocrx_word' id='word_1_307' title='bbox 1923 3011 2062 3058; x_wconf 88' lang='lat' dir='ltr'><strong>tem-</strong></span> 
     </span>
    </p>
   </div>
   <div class='ocr_carea' id='block_1_45' title="bbox 477 3093 2064 3165">
    <p class='ocr_par' dir='ltr' id='par_1_45' title="bbox 477 3093 2064 3165">
     <span class='ocr_line' id='line_1_45' title="bbox 477 3093 2064 3165; baseline -0.001 -16"><span class='ocrx_word' id='word_1_308' title='bbox 477 3097 627 3165; x_wconf 90' lang='lat' dir='ltr'><strong>poris</strong></span> <span class='ocrx_word' id='word_1_309' title='bbox 645 3104 700 3150; x_wconf 90' lang='lat' dir='ltr'><strong>et</strong></span> <span class='ocrx_word' id='word_1_310' title='bbox 727 3095 1048 3150; x_wconf 89' lang='lat' dir='ltr'><strong>Laurentius</strong></span> <span class='ocrx_word' id='word_1_311' title='bbox 1074 3095 1490 3150; x_wconf 87' lang='lat' dir='ltr'><strong>archidiaconus</strong></span> <span class='ocrx_word' id='word_1_312' title='bbox 1519 3103 1572 3150; x_wconf 88' lang='lat' dir='ltr'><strong>et</strong></span> <span class='ocrx_word' id='word_1_313' title='bbox 1602 3094 1690 3149; x_wconf 89' lang='lat' dir='ltr'><strong>alii</strong></span> <span class='ocrx_word' id='word_1_314' title='bbox 1715 3093 1898 3164; x_wconf 72' lang='lat' dir='ltr'><strong>plures</strong></span> <span class='ocrx_word' id='word_1_315' title='bbox 1921 3110 2064 3148; x_wconf 87' lang='lat' dir='ltr'><strong>mar-</strong></span> 
     </span>
    </p>
   </div>
   <div class='ocr_carea' id='block_1_46' title="bbox 478 3186 1309 3257">
    <p class='ocr_par' dir='ltr' id='par_1_46' title="bbox 478 3186 1309 3257">
     <span class='ocr_line' id='line_1_46' title="bbox 478 3186 1309 3257; baseline -0.004 -16"><span class='ocrx_word' id='word_1_316' title='bbox 478 3186 608 3257; x_wconf 86' lang='lat' dir='ltr'><strong>tyrii</strong></span> <span class='ocrx_word' id='word_1_317' title='bbox 633 3186 858 3256; x_wconf 81' lang='lat' dir='ltr'><strong>gloriam</strong></span> <span class='ocrx_word' id='word_1_318' title='bbox 890 3194 1309 3241; x_wconf 82' lang='lat' dir='ltr'><strong>exornaverunt.</strong></span> 
     </span>
    </p>
   </div>
   <div class='ocr_carea' id='block_1_47' title="bbox 552 3277 2059 3352">
    <p class='ocr_par' dir='ltr' id='par_1_47' title="bbox 552 3277 2059 3352">
     <span class='ocr_line' id='line_1_47' title="bbox 552 3277 2059 3352; baseline -0.001 -18"><span class='ocrx_word' id='word_1_319' title='bbox 552 3279 704 3352; x_wconf 72' lang='grc'><strong>[255]</strong></span> <span class='ocrx_word' id='word_1_320' title='bbox 742 3279 925 3334; x_wconf 88' lang='lat' dir='ltr'><strong>Gallus</strong></span> <span class='ocrx_word' id='word_1_321' title='bbox 961 3279 1292 3334; x_wconf 87' lang='lat' dir='ltr'><strong>llostilianus</strong></span> <span class='ocrx_word' id='word_1_322' title='bbox 1313 3294 1436 3333; x_wconf 91' lang='lat' dir='ltr'><strong>cum</strong></span> <span class='ocrx_word' id='word_1_323' title='bbox 1463 3277 1571 3333; x_wconf 90' lang='lat' dir='ltr'><strong>filio</strong></span> <span class='ocrx_word' id='word_1_324' title='bbox 1602 3277 1897 3334; x_wconf 80' lang='lat' dir='ltr'><strong>Volusiano</strong></span> <span class='ocrx_word' id='word_1_325' title='bbox 1919 3277 2059 3333; x_wconf 89' lang='lat' dir='ltr'><strong>duos</strong></span> 
     </span>
    </p>
   </div>
   <div class='ocr_carea' id='block_1_48' title="bbox 478 3369 2060 3440">
    <p class='ocr_par' dir='ltr' id='par_1_48' title="bbox 478 3369 2060 3440">
     <span class='ocr_line' id='line_1_48' title="bbox 478 3369 2060 3440; baseline -0.002 -15"><span class='ocrx_word' id='word_1_326' title='bbox 478 3386 652 3426; x_wconf 90' lang='lat' dir='ltr'><strong>annos</strong></span> <span class='ocrx_word' id='word_1_327' title='bbox 674 3379 728 3424; x_wconf 92' lang='lat' dir='ltr'><strong>et</strong></span> <span class='ocrx_word' id='word_1_328' title='bbox 754 3378 986 3439; x_wconf 85' lang='lat' dir='ltr'><strong>quatuor</strong></span> <span class='ocrx_word' id='word_1_329' title='bbox 1009 3385 1220 3424; x_wconf 88' lang='lat' dir='ltr'><strong>menses</strong></span> <span class='ocrx_word' id='word_1_330' title='bbox 1248 3385 1473 3440; x_wconf 85' lang='lat' dir='ltr'><strong>regnum</strong></span> <span class='ocrx_word' id='word_1_331' title='bbox 1497 3369 1748 3423; x_wconf 84' lang='lat' dir='ltr'><strong>obtinuit.</strong></span> <span class='ocrx_word' id='word_1_332' title='bbox 1781 3369 1900 3436; x_wconf 84' lang='lat' dir='ltr'><strong>Quo</strong></span> <span class='ocrx_word' id='word_1_333' title='bbox 1925 3377 2060 3423; x_wconf 82' lang='lat' dir='ltr'><strong>tem-</strong></span> 
     </span>
    </p>
   </div>
   <div class='ocr_carea' id='block_1_49' title="bbox 477 3462 2060 3533">
    <p class='ocr_par' dir='ltr' id='par_1_49' title="bbox 477 3462 2060 3533">
     <span class='ocr_line' id='line_1_49' title="bbox 477 3462 2060 3533; baseline 0 -16"><span class='ocrx_word' id='word_1_334' title='bbox 477 3477 610 3531; x_wconf 83' lang='lat' dir='ltr'><strong>pore</strong></span> <span class='ocrx_word' id='word_1_335' title='bbox 648 3462 951 3532; x_wconf 85' lang='lat' dir='ltr'><strong>pestilentia</strong></span> <span class='ocrx_word' id='word_1_336' title='bbox 1001 3464 1190 3533; x_wconf 84' lang='lat' dir='ltr'><strong>ingens</strong></span> <span class='ocrx_word' id='word_1_337' title='bbox 1228 3477 1323 3532; x_wconf 90' lang='lat' dir='ltr'><strong>per</strong></span> <span class='ocrx_word' id='word_1_338' title='bbox 1367 3479 1554 3518; x_wconf 90' lang='lat' dir='ltr'><strong>omnes</strong></span> <span class='ocrx_word' id='word_1_339' title='bbox 1583 3479 1718 3532; x_wconf 89' lang='lat' dir='ltr'><strong>pene</strong></span> <span class='ocrx_word' id='word_1_340' title='bbox 1755 3464 2060 3532; x_wconf 75' lang='lat' dir='ltr'><strong>provincias</strong></span> 
     </span>
    </p>
   </div>
   <div class='ocr_carea' id='block_1_50' title="bbox 477 3551 2060 3621">
    <p class='ocr_par' dir='ltr' id='par_1_50' title="bbox 477 3551 2060 3621">
     <span class='ocr_line' id='line_1_50' title="bbox 477 3551 2060 3621; baseline 0.001 -16"><span class='ocrx_word' id='word_1_341' title='bbox 477 3551 712 3608; x_wconf 75' lang='lat' dir='ltr'><strong>Romani</strong></span> <span class='ocrx_word' id='word_1_342' title='bbox 756 3553 965 3621; x_wconf 87' lang='lat' dir='ltr'><strong>imperii</strong></span> <span class='ocrx_word' id='word_1_343' title='bbox 1003 3553 1311 3607; x_wconf 85' lang='lat' dir='ltr'><strong>extenditur</strong></span> <span class='ocrx_word' id='word_1_344' title='bbox 1351 3553 1420 3607; x_wconf 92' lang='lat' dir='ltr'><strong>ob</strong></span> <span class='ocrx_word' id='word_1_345' title='bbox 1445 3553 1702 3607; x_wconf 90' lang='lat' dir='ltr'><strong>ultionem</strong></span> <span class='ocrx_word' id='word_1_346' title='bbox 1748 3554 1865 3608; x_wconf 86' lang='lat' dir='ltr'><strong>sine</strong></span> <span class='ocrx_word' id='word_1_347' title='bbox 1899 3553 2060 3607; x_wconf 85' lang='lat' dir='ltr'><strong>dubio</strong></span> 
     </span>
    </p>
   </div>
   <div class='ocr_carea' id='block_1_51' title="bbox 474 3641 2058 3713">
    <p class='ocr_par' dir='ltr' id='par_1_51' title="bbox 474 3641 2058 3713">
     <span class='ocr_line' id='line_1_51' title="bbox 474 3641 2058 3713; baseline -0.001 -16"><span class='ocrx_word' id='word_1_348' title='bbox 474 3642 660 3698; x_wconf 74' lang='lat' dir='ltr'><strong>violati</strong></span> <span class='ocrx_word' id='word_1_349' title='bbox 711 3643 945 3698; x_wconf 90' lang='lat' dir='ltr'><strong>nominis</strong></span> <span class='ocrx_word' id='word_1_350' title='bbox 1005 3641 1320 3698; x_wconf 86' lang='lat' dir='ltr'><strong>Christiani.</strong></span> <span class='ocrx_word' id='word_1_351' title='bbox 1377 3642 1741 3707; x_wconf 86' lang='lat' dir='ltr'><strong>Novatianus,</strong></span> <span class='ocrx_word' id='word_1_352' title='bbox 1803 3643 2058 3713; x_wconf 83' lang='lat' dir='ltr'><strong>Cypriani</strong></span> 
     </span>
    </p>
   </div>
   <div class='ocr_carea' id='block_1_52' title="bbox 475 3732 2059 3803">
    <p class='ocr_par' dir='ltr' id='par_1_52' title="bbox 475 3732 2059 3803">
     <span class='ocr_line' id='line_1_52' title="bbox 475 3732 2059 3803; baseline 0.001 -19"><span class='ocrx_word' id='word_1_353' title='bbox 475 3733 711 3802; x_wconf 87' lang='lat' dir='ltr'><strong>episcopi</strong></span> <span class='ocrx_word' id='word_1_354' title='bbox 753 3733 1056 3803; x_wconf 81' lang='lat' dir='ltr'><strong>presbyter,</strong></span> <span class='ocrx_word' id='word_1_355' title='bbox 1087 3732 1312 3787; x_wconf 82' lang='lat' dir='ltr'><strong>Romam</strong></span> <span class='ocrx_word' id='word_1_356' title='bbox 1353 3733 1574 3787; x_wconf 89' lang='lat' dir='ltr'><strong>veniens</strong></span> <span class='ocrx_word' id='word_1_357' title='bbox 1608 3748 1800 3786; x_wconf 86' lang='lat' dir='ltr'><strong>novam</strong></span> <span class='ocrx_word' id='word_1_358' title='bbox 1829 3733 2059 3786; x_wconf 80' lang='lat' dir='ltr'><strong>lueresin</strong></span> 
     </span>
    </p>
   </div>
   <div class='ocr_carea' id='block_1_53' title="bbox 422 3823 2057 3895">
    <p class='ocr_par' dir='ltr' id='par_1_53' title="bbox 422 3823 2057 3895">
     <span class='ocr_line' id='line_1_53' title="bbox 422 3823 2057 3895; baseline -0.001 -15"><span class='ocrx_word' id='word_1_359' title='bbox 422 3843 430 3852; x_wconf 93' lang='grc'><strong>·</strong></span> <span class='ocrx_word' id='word_1_360' title='bbox 473 3824 732 3880; x_wconf 85' lang='lat' dir='ltr'><strong>condidit.</strong></span> <span class='ocrx_word' id='word_1_361' title='bbox 761 3824 1024 3895; x_wconf 81' lang='lat' dir='ltr'><strong>Origenes</strong></span> <span class='ocrx_word' id='word_1_362' title='bbox 1053 3824 1449 3893; x_wconf 81' lang='lat' dir='ltr'><strong>septuagesimo</strong></span> <span class='ocrx_word' id='word_1_363' title='bbox 1476 3824 1652 3878; x_wconf 68' lang='lat' dir='ltr'><strong>aetatis</strong></span> <span class='ocrx_word' id='word_1_364' title='bbox 1677 3839 1818 3877; x_wconf 89' lang='lat' dir='ltr'><strong>anno</strong></span> <span class='ocrx_word' id='word_1_365' title='bbox 1852 3839 1956 3877; x_wconf 92' lang='lat' dir='ltr'><strong>non</strong></span> <span class='ocrx_word' id='word_1_366' title='bbox 1989 3823 2057 3878; x_wconf 89' lang='lat' dir='ltr'><strong>ad</strong></span> 
     </span>
    </p>
   </div>
   <div class='ocr_carea' id='block_1_54' title="bbox 472 3909 2058 3985">
    <p class='ocr_par' dir='ltr' id='par_1_54' title="bbox 472 3909 2058 3985">
     <span class='ocr_line' id='line_1_54' title="bbox 472 3909 2058 3985; baseline 0 -16"><span class='ocrx_word' id='word_1_367' title='bbox 472 3915 745 3985; x_wconf 82' lang='lat' dir='ltr'><strong>integrum</strong></span> <span class='ocrx_word' id='word_1_368' title='bbox 773 3915 1014 3984; x_wconf 89' lang='lat' dir='ltr'><strong>impleto,</strong></span> <span class='ocrx_word' id='word_1_369' title='bbox 1051 3914 1362 3976; x_wconf 90' lang='lat' dir='ltr'><strong>defunctus,</strong></span> <span class='ocrx_word' id='word_1_370' title='bbox 1393 3914 1447 3966; x_wconf 92' lang='lat' dir='ltr'><strong>in</strong></span> <span class='ocrx_word' id='word_1_371' title='bbox 1490 3915 1621 3968; x_wconf 90' lang='lat' dir='ltr'><strong>urbe</strong></span> <span class='ocrx_word' id='word_1_372' title='bbox 1661 3914 1787 3984; x_wconf 86' lang='lat' dir='ltr'><strong>Tyri</strong></span> <span class='ocrx_word' id='word_1_373' title='bbox 1819 3909 2058 3982; x_wconf 86' lang='lat' dir='ltr'><strong>sepultus</strong></span> 
     </span>
    </p>
   </div>
   <div class='ocr_carea' id='block_1_55' title="bbox 472 4004 2055 4074">
    <p class='ocr_par' dir='ltr' id='par_1_55' title="bbox 472 4004 2055 4074">
     <span class='ocr_line' id='line_1_55' title="bbox 472 4004 2055 4074; baseline 0 -16"><span class='ocrx_word' id='word_1_374' title='bbox 472 4014 574 4058; x_wconf 74' lang='lat' dir='ltr'><strong>est.</strong></span> <span class='ocrx_word' id='word_1_375' title='bbox 603 4005 908 4070; x_wconf 87' lang='lat' dir='ltr'><strong>Cornelius,</strong></span> <span class='ocrx_word' id='word_1_376' title='bbox 938 4005 1221 4074; x_wconf 89' lang='lat' dir='ltr'><strong>episcopus</strong></span> <span class='ocrx_word' id='word_1_377' title='bbox 1251 4004 1457 4068; x_wconf 66' lang='lat' dir='ltr'><strong>Romae,</strong></span> <span class='ocrx_word' id='word_1_378' title='bbox 1483 4019 1514 4056; x_wconf 90' lang='lat' dir='ltr'><strong>a</strong></span> <span class='ocrx_word' id='word_1_379' title='bbox 1543 4005 1775 4074; x_wconf 89' lang='lat' dir='ltr'><strong>quadam</strong></span> <span class='ocrx_word' id='word_1_380' title='bbox 1809 4011 2055 4058; x_wconf 88' lang='lat' dir='ltr'><strong>matrona</strong></span> 
     </span>
    </p>
   </div>
   <div class='ocr_carea' id='block_1_56' title="bbox 471 4094 2054 4166">
    <p class='ocr_par' dir='ltr' id='par_1_56' title="bbox 471 4094 2054 4166">
     <span class='ocr_line' id='line_1_56' title="bbox 471 4094 2054 4166; baseline 0.003 -19"><span class='ocrx_word' id='word_1_381' title='bbox 471 4094 676 4150; x_wconf 88' lang='lat' dir='ltr'><strong>Lucina</strong></span> <span class='ocrx_word' id='word_1_382' title='bbox 703 4107 939 4165; x_wconf 82' lang='lat' dir='ltr'><strong>rogatus,</strong></span> <span class='ocrx_word' id='word_1_383' title='bbox 970 4111 1196 4166; x_wconf 89' lang='lat' dir='ltr'><strong>corpora</strong></span> <span class='ocrx_word' id='word_1_384' title='bbox 1226 4106 1536 4150; x_wconf 90' lang='lat' dir='ltr'><strong>sanctorum</strong></span> <span class='ocrx_word' id='word_1_385' title='bbox 1585 4097 1949 4166; x_wconf 85' lang='lat' dir='ltr'><strong>apostolorum</strong></span> <span class='ocrx_word' id='word_1_386' title='bbox 1987 4097 2054 4151; x_wconf 89' lang='lat' dir='ltr'><strong>de</strong></span> 
     </span>
    </p>
   </div>
   <div class='ocr_carea' id='block_1_57' title="bbox 469 4185 2051 4256">
    <p class='ocr_par' dir='ltr' id='par_1_57' title="bbox 469 4185 2051 4256">
     <span class='ocr_line' id='line_1_57' title="bbox 469 4185 2051 4256; baseline 0.003 -19"><span class='ocrx_word' id='word_1_387' title='bbox 469 4185 820 4240; x_wconf 86' lang='lat' dir='ltr'><strong>Catacumhis</strong></span> <span class='ocrx_word' id='word_1_388' title='bbox 848 4185 1045 4240; x_wconf 88' lang='lat' dir='ltr'><strong>levavit</strong></span> <span class='ocrx_word' id='word_1_389' title='bbox 1090 4195 1274 4250; x_wconf 91' lang='lat' dir='ltr'><strong>noctu,</strong></span> <span class='ocrx_word' id='word_1_390' title='bbox 1319 4195 1376 4240; x_wconf 88' lang='lat' dir='ltr'><strong>et</strong></span> <span class='ocrx_word' id='word_1_391' title='bbox 1415 4187 1631 4255; x_wconf 88' lang='lat' dir='ltr'><strong>posuit:</strong></span> <span class='ocrx_word' id='word_1_392' title='bbox 1656 4186 1803 4240; x_wconf 90' lang='lat' dir='ltr'><strong>Pauli</strong></span> <span class='ocrx_word' id='word_1_393' title='bbox 1836 4187 2051 4256; x_wconf 85' lang='lat' dir='ltr'><strong>quidem</strong></span> 
     </span>
    </p>
   </div>
   <div class='ocr_carea' id='block_1_58' title="bbox 472 4275 2051 4342">
    <p class='ocr_par' dir='ltr' id='par_1_58' title="bbox 472 4275 2051 4342">
     <span class='ocr_line' id='line_1_58' title="bbox 472 4275 2051 4342; baseline 0.001 -12"><span class='ocrx_word' id='word_1_394' title='bbox 472 4277 530 4332; x_wconf 88' lang='lat' dir='ltr'><strong>in</strong></span> <span class='ocrx_word' id='word_1_395' title='bbox 568 4277 650 4330; x_wconf 91' lang='lat' dir='ltr'><strong>via</strong></span> <span class='ocrx_word' id='word_1_396' title='bbox 673 4275 928 4340; x_wconf 87' lang='lat' dir='ltr'><strong>Ostiensi,</strong></span> <span class='ocrx_word' id='word_1_397' title='bbox 953 4277 1042 4330; x_wconf 91' lang='lat' dir='ltr'><strong>ubi</strong></span> <span class='ocrx_word' id='word_1_398' title='bbox 1069 4276 1367 4331; x_wconf 87' lang='lat' dir='ltr'><strong>decollatus</strong></span> <span class='ocrx_word' id='word_1_399' title='bbox 1393 4288 1510 4341; x_wconf 88' lang='lat' dir='ltr'><strong>est;</strong></span> <span class='ocrx_word' id='word_1_400' title='bbox 1536 4276 1681 4331; x_wconf 88' lang='lat' dir='ltr'><strong>Petri</strong></span> <span class='ocrx_word' id='word_1_401' title='bbox 1715 4287 1916 4342; x_wconf 89' lang='lat' dir='ltr'><strong>autem,</strong></span> <span class='ocrx_word' id='word_1_402' title='bbox 1945 4293 2051 4332; x_wconf 89' lang='lat' dir='ltr'><strong>non</strong></span> 
     </span>
    </p>
   </div>
   <div class='ocr_carea' id='block_1_59' title="bbox 469 4366 2052 4439">
    <p class='ocr_par' dir='ltr' id='par_1_59' title="bbox 469 4366 2052 4439">
     <span class='ocr_line' id='line_1_59' title="bbox 469 4366 2052 4439; baseline 0.001 -17"><span class='ocrx_word' id='word_1_403' title='bbox 469 4366 629 4439; x_wconf 90' lang='lat' dir='ltr'><strong>longe</strong></span> <span class='ocrx_word' id='word_1_404' title='bbox 657 4385 686 4422; x_wconf 93' lang='lat' dir='ltr'><strong>a</strong></span> <span class='ocrx_word' id='word_1_405' title='bbox 718 4367 834 4422; x_wconf 81' lang='lat' dir='ltr'><strong>loco</strong></span> <span class='ocrx_word' id='word_1_406' title='bbox 865 4367 955 4422; x_wconf 91' lang='lat' dir='ltr'><strong>ubi</strong></span> <span class='ocrx_word' id='word_1_407' title='bbox 983 4367 1276 4423; x_wconf 75' lang='lat' dir='ltr'><strong>crucifixus</strong></span> <span class='ocrx_word' id='word_1_408' title='bbox 1304 4377 1387 4422; x_wconf 90' lang='lat' dir='ltr'><strong>est</strong></span> <span class='ocrx_word' id='word_1_409' title='bbox 1411 4368 1554 4422; x_wconf 90' lang='lat' dir='ltr'><strong>inter</strong></span> <span class='ocrx_word' id='word_1_410' title='bbox 1579 4383 1806 4438; x_wconf 89' lang='lat' dir='ltr'><strong>corpora</strong></span> <span class='ocrx_word' id='word_1_411' title='bbox 1837 4378 2052 4424; x_wconf 85' lang='lat' dir='ltr'><strong>sancto-</strong></span> 
     </span>
    </p>
   </div>
   <div class='ocr_carea' id='block_1_60' title="bbox 471 4459 2047 4529">
    <p class='ocr_par' dir='ltr' id='par_1_60' title="bbox 471 4459 2047 4529">
     <span class='ocr_line' id='line_1_60' title="bbox 471 4459 2047 4529; baseline 0.001 -15"><span class='ocrx_word' id='word_1_412' title='bbox 471 4474 591 4514; x_wconf 83' lang='lat' dir='ltr'><strong>rum</strong></span> <span class='ocrx_word' id='word_1_413' title='bbox 615 4459 990 4529; x_wconf 79' lang='lat' dir='ltr'><strong>episcoporum</strong></span> <span class='ocrx_word' id='word_1_414' title='bbox 1021 4459 1071 4513; x_wconf 92' lang='lat' dir='ltr'><strong>in</strong></span> <span class='ocrx_word' id='word_1_415' title='bbox 1102 4459 1298 4529; x_wconf 91' lang='lat' dir='ltr'><strong>templo</strong></span> <span class='ocrx_word' id='word_1_416' title='bbox 1326 4459 1452 4514; x_wconf 92' lang='lat' dir='ltr'><strong>olim</strong></span> <span class='ocrx_word' id='word_1_417' title='bbox 1479 4459 1763 4529; x_wconf 86' lang='lat' dir='ltr'><strong>Apollinis,</strong></span> <span class='ocrx_word' id='word_1_418' title='bbox 1789 4460 1843 4514; x_wconf 90' lang='lat' dir='ltr'><strong>in</strong></span> <span class='ocrx_word' id='word_1_419' title='bbox 1867 4468 2047 4515; x_wconf 92' lang='lat' dir='ltr'><strong>monte</strong></span> 
     </span>
    </p>
   </div>
   <div class='ocr_carea' id='block_1_61' title="bbox 467 4549 2046 4620">
    <p class='ocr_par' dir='ltr' id='par_1_61' title="bbox 467 4549 2046 4620">
     <span class='ocr_line' id='line_1_61' title="bbox 467 4549 2046 4620; baseline 0.001 -15"><span class='ocrx_word' id='word_1_420' title='bbox 467 4553 670 4615; x_wconf 83' lang='lat' dir='ltr'><strong>Aureo,</strong></span> <span class='ocrx_word' id='word_1_421' title='bbox 701 4552 755 4605; x_wconf 93' lang='lat' dir='ltr'><strong>in</strong></span> <span class='ocrx_word' id='word_1_422' title='bbox 788 4550 1049 4606; x_wconf 85' lang='lat' dir='ltr'><strong>Vaticano</strong></span> <span class='ocrx_word' id='word_1_423' title='bbox 1083 4551 1281 4620; x_wconf 87' lang='lat' dir='ltr'><strong>palatio</strong></span> <span class='ocrx_word' id='word_1_424' title='bbox 1311 4549 1634 4606; x_wconf 82' lang='lat' dir='ltr'><strong>Neroniano.</strong></span> <span class='ocrx_word' id='word_1_425' title='bbox 1658 4551 1842 4606; x_wconf 90' lang='lat' dir='ltr'><strong>Gallus</strong></span> <span class='ocrx_word' id='word_1_426' title='bbox 1863 4561 1918 4607; x_wconf 88' lang='lat' dir='ltr'><strong>et</strong></span> <span class='ocrx_word' id='word_1_427' title='bbox 1943 4551 2046 4607; x_wconf 89' lang='lat' dir='ltr'><strong>Vo-</strong></span> 
     </span>
    </p>
   </div>
   <div class='ocr_carea' id='block_1_62' title="bbox 468 4644 2044 4709">
    <p class='ocr_par' dir='ltr' id='par_1_62' title="bbox 468 4644 2044 4709">
     <span class='ocr_line' id='line_1_62' title="bbox 468 4644 2044 4709; baseline -0.001 -11"><span class='ocrx_word' id='word_1_428' title='bbox 468 4645 710 4700; x_wconf 78' lang='lat' dir='ltr'><strong>lusianus</strong></span> <span class='ocrx_word' id='word_1_429' title='bbox 751 4646 876 4700; x_wconf 85' lang='lat' dir='ltr'><strong>dum</strong></span> <span class='ocrx_word' id='word_1_430' title='bbox 906 4651 1094 4700; x_wconf 89' lang='lat' dir='ltr'><strong>contra</strong></span> <span class='ocrx_word' id='word_1_431' title='bbox 1142 4644 1510 4709; x_wconf 63' lang='lat' dir='ltr'><strong>lEntilianum,</strong></span> <span class='ocrx_word' id='word_1_432' title='bbox 1539 4645 1693 4699; x_wconf 90' lang='lat' dir='ltr'><strong>novis</strong></span> <span class='ocrx_word' id='word_1_433' title='bbox 1723 4645 1882 4699; x_wconf 86' lang='lat' dir='ltr'><strong>rebus</strong></span> <span class='ocrx_word' id='word_1_434' title='bbox 1928 4650 2044 4698; x_wconf 87' lang='lat' dir='ltr'><strong>stu-</strong></span> 
     </span>
    </p>
   </div>
   <div class='ocr_carea' id='block_1_63' title="bbox 467 4734 2044 4804">
    <p class='ocr_par' dir='ltr' id='par_1_63' title="bbox 467 4734 2044 4804">
     <span class='ocr_line' id='line_1_63' title="bbox 467 4734 2044 4804; baseline -0.001 -12"><span class='ocrx_word' id='word_1_435' title='bbox 467 4739 709 4804; x_wconf 91' lang='lat' dir='ltr'><strong>dentem,</strong></span> <span class='ocrx_word' id='word_1_436' title='bbox 736 4737 931 4793; x_wconf 80' lang='lat' dir='ltr'><strong>bellum</strong></span> <span class='ocrx_word' id='word_1_437' title='bbox 963 4737 1121 4792; x_wconf 88' lang='lat' dir='ltr'><strong>civile</strong></span> <span class='ocrx_word' id='word_1_438' title='bbox 1158 4737 1468 4802; x_wconf 85' lang='lat' dir='ltr'><strong>moliuntur,</strong></span> <span class='ocrx_word' id='word_1_439' title='bbox 1499 4737 1664 4792; x_wconf 91' lang='lat' dir='ltr'><strong>occisi</strong></span> <span class='ocrx_word' id='word_1_440' title='bbox 1694 4746 1837 4791; x_wconf 88' lang='lat' dir='ltr'><strong>sunt.</strong></span> <span class='ocrx_word' id='word_1_441' title='bbox 1866 4734 2044 4790; x_wconf 67' lang='lat' dir='ltr'><strong>IEmi-</strong></span> 
     </span>
    </p>
   </div>
   <div class='ocr_carea' id='block_1_64' title="bbox 465 4827 2044 4898">
    <p class='ocr_par' dir='ltr' id='par_1_64' title="bbox 465 4827 2044 4898">
     <span class='ocr_line' id='line_1_64' title="bbox 465 4827 2044 4898; baseline -0.003 -14"><span class='ocrx_word' id='word_1_442' title='bbox 465 4828 644 4884; x_wconf 89' lang='lat' dir='ltr'><strong>lianus</strong></span> <span class='ocrx_word' id='word_1_443' title='bbox 673 4838 849 4884; x_wconf 85' lang='lat' dir='ltr'><strong>tamen</strong></span> <span class='ocrx_word' id='word_1_444' title='bbox 883 4829 1044 4883; x_wconf 89' lang='lat' dir='ltr'><strong>tertio</strong></span> <span class='ocrx_word' id='word_1_445' title='bbox 1070 4843 1254 4883; x_wconf 90' lang='lat' dir='ltr'><strong>mense</strong></span> <span class='ocrx_word' id='word_1_446' title='bbox 1283 4829 1480 4882; x_wconf 68' lang='lat' dir='ltr'><strong>invasae</strong></span> <span class='ocrx_word' id='word_1_447' title='bbox 1507 4828 1808 4898; x_wconf 83' lang='lat' dir='ltr'><strong>tyrannidis</strong></span> <span class='ocrx_word' id='word_1_448' title='bbox 1836 4827 2044 4881; x_wconf 81' lang='lat' dir='ltr'><strong>exstin-</strong></span> 
     </span>
    </p>
   </div>
   <div class='ocr_carea' id='block_1_65' title="bbox 464 4917 2043 4987">
    <p class='ocr_par' dir='ltr' id='par_1_65' title="bbox 464 4917 2043 4987">
     <span class='ocr_line' id='line_1_65' title="bbox 464 4917 2043 4987; baseline -0.001 -13"><span class='ocrx_word' id='word_1_449' title='bbox 464 4928 587 4975; x_wconf 86' lang='lat' dir='ltr'><strong>ctus</strong></span> <span class='ocrx_word' id='word_1_450' title='bbox 633 4928 736 4974; x_wconf 88' lang='lat' dir='ltr'><strong>est.</strong></span> <span class='ocrx_word' id='word_1_451' title='bbox 786 4920 1103 4974; x_wconf 85' lang='lat' dir='ltr'><strong>Ammonius</strong></span> <span class='ocrx_word' id='word_1_452' title='bbox 1151 4919 1393 4972; x_wconf 90' lang='lat' dir='ltr'><strong>eruditus</strong></span> <span class='ocrx_word' id='word_1_453' title='bbox 1440 4918 1494 4972; x_wconf 93' lang='lat' dir='ltr'><strong>in</strong></span> <span class='ocrx_word' id='word_1_454' title='bbox 1537 4917 1897 4987; x_wconf 69' lang='lat' dir='ltr'><strong>philomphia,</strong></span> <span class='ocrx_word' id='word_1_455' title='bbox 1951 4918 2043 4986; x_wconf 90' lang='lat' dir='ltr'><strong>qui</strong></span> 
     </span>
    </p>
   </div>
   <div class='ocr_carea' id='block_1_66' title="bbox 458 5008 2044 5081">
    <p class='ocr_par' dir='ltr' id='par_1_66' title="bbox 458 5008 2044 5081">
     <span class='ocr_line' id='line_1_66' title="bbox 458 5008 2044 5081; baseline -0.003 -15"><span class='ocrx_word' id='word_1_456' title='bbox 458 5009 804 5081; x_wconf 84' lang='lat' dir='ltr'><strong>evangelieos</strong></span> <span class='ocrx_word' id='word_1_457' title='bbox 838 5025 1071 5066; x_wconf 86' lang='lat' dir='ltr'><strong>canones</strong></span> <span class='ocrx_word' id='word_1_458' title='bbox 1116 5010 1327 5074; x_wconf 88' lang='lat' dir='ltr'><strong>scribit,</strong></span> <span class='ocrx_word' id='word_1_459' title='bbox 1356 5008 1697 5065; x_wconf 65' lang='lat' dir='ltr'><strong>Alexandriae</strong></span> <span class='ocrx_word' id='word_1_460' title='bbox 1726 5008 1908 5064; x_wconf 88' lang='lat' dir='ltr'><strong>clarus</strong></span> <span class='ocrx_word' id='word_1_461' title='bbox 1947 5009 2044 5062; x_wconf 87' lang='lat' dir='ltr'><strong>ha-</strong></span> 
     </span>
    </p>
   </div>
   <div class='ocr_carea' id='block_1_67' title="bbox 467 5103 646 5158">
    <p class='ocr_par' dir='ltr' id='par_1_67' title="bbox 467 5103 646 5158">
     <span class='ocr_line' id='line_1_67' title="bbox 467 5103 646 5158; baseline -0.006 0"><span class='ocrx_word' id='word_1_462' title='bbox 467 5103 646 5158; x_wconf 85' lang='lat' dir='ltr'><strong>betur.</strong></span> 
     </span>
    </p>
   </div>
   <div class='ocr_carea' id='block_1_68' title="bbox 539 5192 2046 5268">
    <p class='ocr_par' dir='ltr' id='par_1_68' title="bbox 539 5192 2046 5268">
     <span class='ocr_line' id='line_1_68' title="bbox 539 5192 2046 5268; baseline 0 -20"><span class='ocrx_word' id='word_1_463' title='bbox 539 5193 688 5268; x_wconf 71' lang='lat'><strong>[257]</strong></span> <span class='ocrx_word' id='word_1_464' title='bbox 729 5192 1046 5252; x_wconf 78' lang='lat' dir='ltr'><strong>Valerianus</strong></span> <span class='ocrx_word' id='word_1_465' title='bbox 1070 5212 1195 5252; x_wconf 89' lang='lat' dir='ltr'><strong>eum</strong></span> <span class='ocrx_word' id='word_1_466' title='bbox 1225 5195 1331 5250; x_wconf 82' lang='lat' dir='ltr'><strong>fido</strong></span> <span class='ocrx_word' id='word_1_467' title='bbox 1359 5195 1604 5258; x_wconf 87' lang='lat' dir='ltr'><strong>Galieno,</strong></span> <span class='ocrx_word' id='word_1_468' title='bbox 1628 5209 1801 5248; x_wconf 90' lang='lat' dir='ltr'><strong>annos</strong></span> <span class='ocrx_word' id='word_1_469' title='bbox 1822 5192 2046 5262; x_wconf 76' lang='lat' dir='ltr'><strong>quinde~</strong></span> 
     </span>
    </p>
   </div>
   <div class='ocr_carea' id='block_1_69' title="bbox 467 5284 2042 5354">
    <p class='ocr_par' dir='ltr' id='par_1_69' title="bbox 467 5284 2042 5354">
     <span class='ocr_line' id='line_1_69' title="bbox 467 5284 2042 5354; baseline -0.001 -15"><span class='ocrx_word' id='word_1_470' title='bbox 467 5285 591 5340; x_wconf 92' lang='lat' dir='ltr'><strong>cim.</strong></span> <span class='ocrx_word' id='word_1_471' title='bbox 622 5285 721 5341; x_wconf 86' lang='lat' dir='ltr'><strong>Hic</strong></span> <span class='ocrx_word' id='word_1_472' title='bbox 748 5285 1063 5342; x_wconf 89' lang='lat' dir='ltr'><strong>Valerianus</strong></span> <span class='ocrx_word' id='word_1_473' title='bbox 1093 5288 1146 5342; x_wconf 90' lang='lat' dir='ltr'><strong>in</strong></span> <span class='ocrx_word' id='word_1_474' title='bbox 1177 5286 1385 5342; x_wconf 67' lang='lat' dir='ltr'><strong>Graacia</strong></span> <span class='ocrx_word' id='word_1_475' title='bbox 1413 5287 1480 5340; x_wconf 90' lang='lat' dir='ltr'><strong>ab</strong></span> <span class='ocrx_word' id='word_1_476' title='bbox 1499 5287 1741 5340; x_wconf 84' lang='lat' dir='ltr'><strong>exercitu</strong></span> <span class='ocrx_word' id='word_1_477' title='bbox 1768 5284 2042 5354; x_wconf 84' lang='lat' dir='ltr'><strong>Augustus</strong></span> 
     </span>
    </p>
   </div>
   <div class='ocr_carea' id='block_1_70' title="bbox 464 5373 2045 5448">
    <p class='ocr_par' dir='ltr' id='par_1_70' title="bbox 464 5373 2045 5448">
     <span class='ocr_line' id='line_1_70' title="bbox 464 5373 2045 5448; baseline -0.003 -16"><span class='ocrx_word' id='word_1_478' title='bbox 464 5378 766 5448; x_wconf 85' lang='lat' dir='ltr'><strong>appellatus</strong></span> <span class='ocrx_word' id='word_1_479' title='bbox 790 5389 902 5444; x_wconf 91' lang='lat' dir='ltr'><strong>est;</strong></span> <span class='ocrx_word' id='word_1_480' title='bbox 925 5380 1112 5434; x_wconf 66' lang='lat' dir='ltr'><strong>Romae</strong></span> <span class='ocrx_word' id='word_1_481' title='bbox 1142 5387 1322 5433; x_wconf 92' lang='lat' dir='ltr'><strong>autem</strong></span> <span class='ocrx_word' id='word_1_482' title='bbox 1360 5392 1390 5430; x_wconf 90' lang='lat' dir='ltr'><strong>a</strong></span> <span class='ocrx_word' id='word_1_483' title='bbox 1422 5386 1610 5432; x_wconf 89' lang='lat' dir='ltr'><strong>senatu</strong></span> <span class='ocrx_word' id='word_1_484' title='bbox 1651 5375 1906 5430; x_wconf 87' lang='lat' dir='ltr'><strong>Galienus</strong></span> <span class='ocrx_word' id='word_1_485' title='bbox 1933 5373 2045 5428; x_wconf 68' lang='lat' dir='ltr'><strong>Ca3-</strong></span> 
     </span>
    </p>
   </div>
   <div class='ocr_carea' id='block_1_71' title="bbox 464 5464 2044 5532">
    <p class='ocr_par' dir='ltr' id='par_1_71' title="bbox 464 5464 2044 5532">
     <span class='ocr_line' id='line_1_71' title="bbox 464 5464 2044 5532; baseline -0.003 -11"><span class='ocrx_word' id='word_1_486' title='bbox 464 5482 558 5521; x_wconf 86' lang='lat' dir='ltr'><strong>sar</strong></span> <span class='ocrx_word' id='word_1_487' title='bbox 583 5477 798 5524; x_wconf 88' lang='lat' dir='ltr'><strong>creatus</strong></span> <span class='ocrx_word' id='word_1_488' title='bbox 829 5477 929 5524; x_wconf 86' lang='lat' dir='ltr'><strong>est.</strong></span> <span class='ocrx_word' id='word_1_489' title='bbox 976 5468 1294 5523; x_wconf 87' lang='lat' dir='ltr'><strong>Valerianus</strong></span> <span class='ocrx_word' id='word_1_490' title='bbox 1333 5466 1385 5520; x_wconf 88' lang='lat' dir='ltr'><strong>in</strong></span> <span class='ocrx_word' id='word_1_491' title='bbox 1416 5464 1752 5520; x_wconf 88' lang='lat' dir='ltr'><strong>Christianos</strong></span> <span class='ocrx_word' id='word_1_492' title='bbox 1791 5477 2044 5532; x_wconf 86' lang='lat' dir='ltr'><strong>persecu-</strong></span> 
     </span>
    </p>
   </div>
   <div class='ocr_carea' id='block_1_72' title="bbox 469 5553 2041 5626">
    <p class='ocr_par' dir='ltr' id='par_1_72' title="bbox 469 5553 2041 5626">
     <span class='ocr_line' id='line_1_72' title="bbox 469 5553 2041 5626; baseline 0 -18"><span class='ocrx_word' id='word_1_493' title='bbox 469 5555 617 5610; x_wconf 88' lang='lat' dir='ltr'><strong>tione</strong></span> <span class='ocrx_word' id='word_1_494' title='bbox 644 5566 938 5623; x_wconf 89' lang='lat' dir='ltr'><strong>commota,</strong></span> <span class='ocrx_word' id='word_1_495' title='bbox 969 5557 1152 5612; x_wconf 90' lang='lat' dir='ltr'><strong>statim</strong></span> <span class='ocrx_word' id='word_1_496' title='bbox 1181 5573 1211 5611; x_wconf 90' lang='lat' dir='ltr'><strong>a</strong></span> <span class='ocrx_word' id='word_1_497' title='bbox 1250 5555 1453 5626; x_wconf 87' lang='lat' dir='ltr'><strong>Sapore</strong></span> <span class='ocrx_word' id='word_1_498' title='bbox 1485 5553 1772 5608; x_wconf 87' lang='lat' dir='ltr'><strong>Persarum</strong></span> <span class='ocrx_word' id='word_1_499' title='bbox 1804 5567 1928 5624; x_wconf 86' lang='lat' dir='ltr'><strong>rege</strong></span> <span class='ocrx_word' id='word_1_500' title='bbox 1950 5568 2041 5607; x_wconf 90' lang='lat' dir='ltr'><strong>ca-</strong></span> 
     </span>
    </p>
   </div>
   <div class='ocr_carea' id='block_1_73' title="bbox 469 5645 2044 5721">
    <p class='ocr_par' dir='ltr' id='par_1_73' title="bbox 469 5645 2044 5721">
     <span class='ocr_line' id='line_1_73' title="bbox 469 5645 2044 5721; baseline -0.001 -21"><span class='ocrx_word' id='word_1_501' title='bbox 469 5656 612 5719; x_wconf 85' lang='lat' dir='ltr'><strong>ptus,</strong></span> <span class='ocrx_word' id='word_1_502' title='bbox 647 5648 1045 5721; x_wconf 86' lang='lat' dir='ltr'><strong>luminibusque</strong></span> <span class='ocrx_word' id='word_1_503' title='bbox 1081 5649 1322 5712; x_wconf 89' lang='lat' dir='ltr'><strong>orbatus,</strong></span> <span class='ocrx_word' id='word_1_504' title='bbox 1365 5645 1874 5718; x_wconf 89' lang='lat' dir='ltr'><strong>iguominiosissima</strong></span> <span class='ocrx_word' id='word_1_505' title='bbox 1903 5646 2044 5716; x_wconf 87' lang='lat' dir='ltr'><strong>apud</strong></span> 
     </span>
    </p>
   </div>
   <div class='ocr_carea' id='block_1_74' title="bbox 471 5729 2042 5805">
    <p class='ocr_par' dir='ltr' id='par_1_74' title="bbox 471 5729 2042 5805">
     <span class='ocr_line' id='line_1_74' title="bbox 471 5729 2042 5805; baseline -0.001 -13"><span class='ocrx_word' id='word_1_506' title='bbox 471 5729 664 5796; x_wconf 77' lang='lat' dir='ltr'><strong>Persas</strong></span> <span class='ocrx_word' id='word_1_507' title='bbox 691 5741 947 5798; x_wconf 79' lang='lat' dir='ltr'><strong>servitute</strong></span> <span class='ocrx_word' id='word_1_508' title='bbox 977 5739 1285 5805; x_wconf 78' lang='lat' dir='ltr'><strong>consenuit;</strong></span> <span class='ocrx_word' id='word_1_509' title='bbox 1327 5738 1493 5799; x_wconf 80' lang='lat' dir='ltr'><strong>donec</strong></span> <span class='ocrx_word' id='word_1_510' title='bbox 1525 5736 1674 5803; x_wconf 80' lang='lat' dir='ltr'><strong>vixit,</strong></span> <span class='ocrx_word' id='word_1_511' title='bbox 1705 5737 1841 5794; x_wconf 88' lang='lat' dir='ltr'><strong>hanc</strong></span> <span class='ocrx_word' id='word_1_512' title='bbox 1873 5735 2042 5792; x_wconf 85' lang='lat' dir='ltr'><strong>couti-</strong></span> 
     </span>
    </p>
   </div>
   <div class='ocr_carea' id='block_1_75' title="bbox 2173 1898 3756 1975">
    <p class='ocr_par' dir='ltr' id='par_1_75' title="bbox 2173 1898 3756 1975">
     <span class='ocr_line' id='line_1_75' title="bbox 2173 1898 3756 1975; baseline 0.009 -25"><span class='ocrx_word' id='word_1_513' title='bbox 2173 1898 2362 1952; x_wconf 91' lang='lat' dir='ltr'><strong>decem</strong></span> <span class='ocrx_word' id='word_1_514' title='bbox 2394 1915 2564 1956; x_wconf 89' lang='lat' dir='ltr'><strong>annos</strong></span> <span class='ocrx_word' id='word_1_515' title='bbox 2593 1902 2801 1970; x_wconf 83' lang='lat' dir='ltr'><strong>ingenti</strong></span> <span class='ocrx_word' id='word_1_516' title='bbox 2835 1903 3038 1959; x_wconf 89' lang='lat' dir='ltr'><strong>virtute</strong></span> <span class='ocrx_word' id='word_1_517' title='bbox 3078 1921 3143 1960; x_wconf 92' lang='lat' dir='ltr'><strong>ac</strong></span> <span class='ocrx_word' id='word_1_518' title='bbox 3181 1905 3549 1962; x_wconf 87' lang='lat' dir='ltr'><strong>moderatione</strong></span> <span class='ocrx_word' id='word_1_519' title='bbox 3599 1925 3756 1975; x_wconf 81' lang='lat' dir='ltr'><strong>usus,</strong></span> 
     </span>
    </p>
   </div>
   <div class='ocr_carea' id='block_1_76' title="bbox 2171 1988 3757 2066">
    <p class='ocr_par' dir='ltr' id='par_1_76' title="bbox 2171 1988 3757 2066">
     <span class='ocr_line' id='line_1_76' title="bbox 2171 1988 3757 2066; baseline 0.009 -25"><span class='ocrx_word' id='word_1_520' title='bbox 2171 1988 2512 2046; x_wconf 77' lang='lat' dir='ltr'><strong>dominantes</strong></span> <span class='ocrx_word' id='word_1_521' title='bbox 2535 1992 2718 2048; x_wconf 87' lang='lat' dir='ltr'><strong>hostes</strong></span> <span class='ocrx_word' id='word_1_522' title='bbox 2739 1994 2981 2064; x_wconf 80' lang='lat' dir='ltr'><strong>expulit;</strong></span> <span class='ocrx_word' id='word_1_523' title='bbox 3021 1997 3112 2066; x_wconf 91' lang='lat' dir='ltr'><strong>qui</strong></span> <span class='ocrx_word' id='word_1_524' title='bbox 3143 2005 3322 2052; x_wconf 88' lang='lat' dir='ltr'><strong>tamen</strong></span> <span class='ocrx_word' id='word_1_525' title='bbox 3353 1995 3619 2054; x_wconf 88' lang='lat' dir='ltr'><strong>seditione</strong></span> <span class='ocrx_word' id='word_1_526' title='bbox 3651 2002 3757 2055; x_wconf 84' lang='lat' dir='ltr'><strong>mi-</strong></span> 
     </span>
    </p>
   </div>
   <div class='ocr_carea' id='block_1_77' title="bbox 2172 2077 3760 2148">
    <p class='ocr_par' dir='ltr' id='par_1_77' title="bbox 2172 2077 3760 2148">
     <span class='ocr_line' id='line_1_77' title="bbox 2172 2077 3760 2148; baseline 0.01 -16"><span class='ocrx_word' id='word_1_527' title='bbox 2172 2077 2323 2134; x_wconf 89' lang='lat' dir='ltr'><strong>litum</strong></span> <span class='ocrx_word' id='word_1_528' title='bbox 2354 2081 2672 2140; x_wconf 87' lang='lat' dir='ltr'><strong>interfectus</strong></span> <span class='ocrx_word' id='word_1_529' title='bbox 2696 2093 2797 2141; x_wconf 88' lang='lat' dir='ltr'><strong>est.</strong></span> <span class='ocrx_word' id='word_1_530' title='bbox 2830 2087 3138 2144; x_wconf 87' lang='lat' dir='ltr'><strong>Victorinus</strong></span> <span class='ocrx_word' id='word_1_531' title='bbox 3175 2106 3203 2144; x_wconf 91' lang='lat' dir='ltr'><strong>a</strong></span> <span class='ocrx_word' id='word_1_532' title='bbox 3243 2089 3411 2146; x_wconf 86' lang='lat' dir='ltr'><strong>Gallis</strong></span> <span class='ocrx_word' id='word_1_533' title='bbox 3441 2091 3582 2147; x_wconf 88' lang='lat' dir='ltr'><strong>ultro</strong></span> <span class='ocrx_word' id='word_1_534' title='bbox 3607 2107 3760 2148; x_wconf 84' lang='lat' dir='ltr'><strong>crea-</strong></span> 
     </span>
    </p>
   </div>
   <div class='ocr_carea' id='block_1_78' title="bbox 2173 2173 3757 2252">
    <p class='ocr_par' dir='ltr' id='par_1_78' title="bbox 2173 2173 3757 2252">
     <span class='ocr_line' id='line_1_78' title="bbox 2173 2173 3757 2252; baseline 0.011 -28"><span class='ocrx_word' id='word_1_535' title='bbox 2173 2180 2257 2226; x_wconf 86' lang='lat' dir='ltr'><strong>tus</strong></span> <span class='ocrx_word' id='word_1_536' title='bbox 2281 2173 2597 2242; x_wconf 87' lang='lat' dir='ltr'><strong>imperator,</strong></span> <span class='ocrx_word' id='word_1_537' title='bbox 2627 2185 2748 2246; x_wconf 92' lang='lat' dir='ltr'><strong>post</strong></span> <span class='ocrx_word' id='word_1_538' title='bbox 2777 2178 3053 2248; x_wconf 86' lang='lat' dir='ltr'><strong>paululum</strong></span> <span class='ocrx_word' id='word_1_539' title='bbox 3090 2181 3232 2252; x_wconf 92' lang='lat' dir='ltr'><strong>apud</strong></span> <span class='ocrx_word' id='word_1_540' title='bbox 3265 2181 3521 2238; x_wconf 88' lang='lat' dir='ltr'><strong>Viennam</strong></span> <span class='ocrx_word' id='word_1_541' title='bbox 3545 2185 3757 2241; x_wconf 87' lang='lat' dir='ltr'><strong>occisus</strong></span> 
     </span>
    </p>
   </div>
   <div class='ocr_carea' id='block_1_79' title="bbox 2169 2262 3758 2342">
    <p class='ocr_par' dir='ltr' id='par_1_79' title="bbox 2169 2262 3758 2342">
     <span class='ocr_line' id='line_1_79' title="bbox 2169 2262 3758 2342; baseline 0.011 -28"><span class='ocrx_word' id='word_1_542' title='bbox 2169 2273 2272 2316; x_wconf 90' lang='lat' dir='ltr'><strong>est.</strong></span> <span class='ocrx_word' id='word_1_543' title='bbox 2303 2262 2637 2333; x_wconf 91' lang='lat' dir='ltr'><strong>Theodorus,</strong></span> <span class='ocrx_word' id='word_1_544' title='bbox 2665 2265 2958 2339; x_wconf 82' lang='lat' dir='ltr'><strong>Gregorius</strong></span> <span class='ocrx_word' id='word_1_545' title='bbox 2995 2282 3368 2342; x_wconf 86' lang='lat' dir='ltr'><strong>cognomento,</strong></span> <span class='ocrx_word' id='word_1_546' title='bbox 3406 2273 3758 2331; x_wconf 66' lang='lat' dir='ltr'><strong>Neocaesarize</strong></span> 
     </span>
    </p>
   </div>
   <div class='ocr_carea' id='block_1_80' title="bbox 2169 2351 3754 2434">
    <p class='ocr_par' dir='ltr' id='par_1_80' title="bbox 2169 2351 3754 2434">
     <span class='ocr_line' id='line_1_80' title="bbox 2169 2351 3754 2434; baseline 0.009 -29"><span class='ocrx_word' id='word_1_547' title='bbox 2169 2351 2324 2406; x_wconf 89' lang='lat' dir='ltr'><strong>Ponti</strong></span> <span class='ocrx_word' id='word_1_548' title='bbox 2360 2355 2664 2426; x_wconf 88' lang='lat' dir='ltr'><strong>episcopus,</strong></span> <span class='ocrx_word' id='word_1_549' title='bbox 2710 2374 2901 2430; x_wconf 83' lang='lat' dir='ltr'><strong>magna</strong></span> <span class='ocrx_word' id='word_1_550' title='bbox 2941 2360 3203 2416; x_wconf 91' lang='lat' dir='ltr'><strong>virtutum</strong></span> <span class='ocrx_word' id='word_1_551' title='bbox 3242 2363 3432 2418; x_wconf 90' lang='lat' dir='ltr'><strong>claret.</strong></span> <span class='ocrx_word' id='word_1_552' title='bbox 3480 2365 3521 2418; x_wconf 87' lang='lat' dir='ltr'><strong>E</strong></span> <span class='ocrx_word' id='word_1_553' title='bbox 3556 2366 3754 2434; x_wconf 89' lang='lat' dir='ltr'><strong>quibus</strong></span> 
     </span>
    </p>
   </div>
   <div class='ocr_carea' id='block_1_81' title="bbox 2171 2450 3756 2518">
    <p class='ocr_par' dir='ltr' id='par_1_81' title="bbox 2171 2450 3756 2518">
     <span class='ocr_line' id='line_1_81' title="bbox 2171 2450 3756 2518; baseline 0.009 -20"><span class='ocrx_word' id='word_1_554' title='bbox 2171 2461 2336 2499; x_wconf 92' lang='lat' dir='ltr'><strong>unum</strong></span> <span class='ocrx_word' id='word_1_555' title='bbox 2367 2455 2454 2502; x_wconf 91' lang='lat' dir='ltr'><strong>est</strong></span> <span class='ocrx_word' id='word_1_556' title='bbox 2480 2451 2623 2518; x_wconf 90' lang='lat' dir='ltr'><strong>quod</strong></span> <span class='ocrx_word' id='word_1_557' title='bbox 2655 2459 2715 2505; x_wconf 88' lang='lat' dir='ltr'><strong>ut</strong></span> <span class='ocrx_word' id='word_1_558' title='bbox 2752 2450 3010 2507; x_wconf 68' lang='lat' dir='ltr'><strong>E&#39;celesrae</strong></span> <span class='ocrx_word' id='word_1_559' title='bbox 3051 2451 3313 2509; x_wconf 75' lang='lat' dir='ltr'><strong>facienda:</strong></span> <span class='ocrx_word' id='word_1_560' title='bbox 3355 2455 3506 2510; x_wconf 86' lang='lat' dir='ltr'><strong>locus</strong></span> <span class='ocrx_word' id='word_1_561' title='bbox 3545 2455 3756 2512; x_wconf 82' lang='lat' dir='ltr'><strong>suflice-</strong></span> 
     </span>
    </p>
   </div>
   <div class='ocr_carea' id='block_1_82' title="bbox 2173 2543 3756 2619">
    <p class='ocr_par' dir='ltr' id='par_1_82' title="bbox 2173 2543 3756 2619">
     <span class='ocr_line' id='line_1_82' title="bbox 2173 2543 3756 2619; baseline 0.011 -30"><span class='ocrx_word' id='word_1_562' title='bbox 2173 2545 2279 2603; x_wconf 81' lang='lat' dir='ltr'><strong>ret,</strong></span> <span class='ocrx_word' id='word_1_563' title='bbox 2310 2549 2547 2595; x_wconf 91' lang='lat' dir='ltr'><strong>montem</strong></span> <span class='ocrx_word' id='word_1_564' title='bbox 2571 2543 2822 2612; x_wconf 89' lang='lat' dir='ltr'><strong>precibus</strong></span> <span class='ocrx_word' id='word_1_565' title='bbox 2847 2546 3034 2600; x_wconf 85' lang='lat' dir='ltr'><strong>movit.</strong></span> <span class='ocrx_word' id='word_1_566' title='bbox 3067 2544 3218 2602; x_wconf 83' lang='lat' dir='ltr'><strong>Tunc</strong></span> <span class='ocrx_word' id='word_1_567' title='bbox 3258 2549 3518 2617; x_wconf 87' lang='lat' dir='ltr'><strong>temporis</strong></span> <span class='ocrx_word' id='word_1_568' title='bbox 3543 2549 3756 2619; x_wconf 85' lang='lat' dir='ltr'><strong>Lupici-</strong></span> 
     </span>
    </p>
   </div>
   <div class='ocr_carea' id='block_1_83' title="bbox 2169 2630 3752 2709">
    <p class='ocr_par' dir='ltr' id='par_1_83' title="bbox 2169 2630 3752 2709">
     <span class='ocr_line' id='line_1_83' title="bbox 2169 2630 3752 2709; baseline 0.008 -26"><span class='ocrx_word' id='word_1_569' title='bbox 2169 2646 2294 2695; x_wconf 92' lang='lat' dir='ltr'><strong>nus,</strong></span> <span class='ocrx_word' id='word_1_570' title='bbox 2335 2630 2659 2690; x_wconf 91' lang='lat' dir='ltr'><strong>Viennensis</strong></span> <span class='ocrx_word' id='word_1_571' title='bbox 2701 2635 2956 2692; x_wconf 71' lang='lat' dir='ltr'><strong>Ecclesiae</strong></span> <span class='ocrx_word' id='word_1_572' title='bbox 3001 2638 3310 2709; x_wconf 88' lang='lat' dir='ltr'><strong>episcopus,</strong></span> <span class='ocrx_word' id='word_1_573' title='bbox 3359 2640 3504 2695; x_wconf 89' lang='lat' dir='ltr'><strong>clare</strong></span> <span class='ocrx_word' id='word_1_574' title='bbox 3549 2639 3752 2697; x_wconf 83' lang='lat' dir='ltr'><strong>ﬂoruit.</strong></span> 
     </span>
    </p>
   </div>
   <div class='ocr_carea' id='block_1_84' title="bbox 2167 2722 3756 2796">
    <p class='ocr_par' dir='ltr' id='par_1_84' title="bbox 2167 2722 3756 2796">
     <span class='ocr_line' id='line_1_84' title="bbox 2167 2722 3756 2796; baseline 0.007 -19"><span class='ocrx_word' id='word_1_575' title='bbox 2167 2722 2425 2780; x_wconf 83' lang='lat' dir='ltr'><strong>Galienus</strong></span> <span class='ocrx_word' id='word_1_576' title='bbox 2461 2741 2584 2780; x_wconf 91' lang='lat' dir='ltr'><strong>cum</strong></span> <span class='ocrx_word' id='word_1_577' title='bbox 2626 2727 3012 2796; x_wconf 89' lang='lat' dir='ltr'><strong>rempublicam</strong></span> <span class='ocrx_word' id='word_1_578' title='bbox 3061 2729 3413 2796; x_wconf 88' lang='lat' dir='ltr'><strong>deseruisset,</strong></span> <span class='ocrx_word' id='word_1_579' title='bbox 3442 2746 3506 2786; x_wconf 88' lang='lat' dir='ltr'><strong>ac</strong></span> <span class='ocrx_word' id='word_1_580' title='bbox 3552 2732 3756 2788; x_wconf 84' lang='lat' dir='ltr'><strong>Medio-</strong></span> 
     </span>
    </p>
   </div>
   <div class='ocr_carea' id='block_1_85' title="bbox 2169 2814 3747 2892">
    <p class='ocr_par' dir='ltr' id='par_1_85' title="bbox 2169 2814 3747 2892">
     <span class='ocr_line' id='line_1_85' title="bbox 2169 2814 3747 2892; baseline 0.008 -25"><span class='ocrx_word' id='word_1_581' title='bbox 2169 2814 2276 2869; x_wconf 77' lang='lat' dir='ltr'><strong>lani</strong></span> <span class='ocrx_word' id='word_1_582' title='bbox 2324 2815 2636 2871; x_wconf 90' lang='lat' dir='ltr'><strong>libidinibus</strong></span> <span class='ocrx_word' id='word_1_583' title='bbox 2683 2819 3013 2883; x_wconf 87' lang='lat' dir='ltr'><strong>inservi&#39;sset,</strong></span> <span class='ocrx_word' id='word_1_584' title='bbox 3069 2823 3283 2878; x_wconf 89' lang='lat' dir='ltr'><strong>occisus</strong></span> <span class='ocrx_word' id='word_1_585' title='bbox 3322 2833 3428 2879; x_wconf 89' lang='lat' dir='ltr'><strong>est.</strong></span> <span class='ocrx_word' id='word_1_586' title='bbox 3477 2823 3747 2892; x_wconf 87' lang='lat' dir='ltr'><strong>Cornelio,</strong></span> 
     </span>
    </p>
   </div>
   <div class='ocr_carea' id='block_1_86' title="bbox 2167 2908 3751 2983">
    <p class='ocr_par' dir='ltr' id='par_1_86' title="bbox 2167 2908 3751 2983">
     <span class='ocr_line' id='line_1_86' title="bbox 2167 2908 3751 2983; baseline 0.01 -25"><span class='ocrx_word' id='word_1_587' title='bbox 2167 2908 2259 2976; x_wconf 84' lang='lat' dir='ltr'><strong>qui</strong></span> <span class='ocrx_word' id='word_1_588' title='bbox 2306 2908 2513 2964; x_wconf 89' lang='lat' dir='ltr'><strong>duobus</strong></span> <span class='ocrx_word' id='word_1_589' title='bbox 2567 2911 2723 2965; x_wconf 87' lang='lat' dir='ltr'><strong>annis</strong></span> <span class='ocrx_word' id='word_1_590' title='bbox 2773 2913 2914 2966; x_wconf 84' lang='lat' dir='ltr'><strong>rexit</strong></span> <span class='ocrx_word' id='word_1_591' title='bbox 2966 2912 3264 2969; x_wconf 87' lang='lat' dir='ltr'><strong>Ecelesiam</strong></span> <span class='ocrx_word' id='word_1_592' title='bbox 3317 2915 3637 2983; x_wconf 83' lang='lat' dir='ltr'><strong>Romanam,</strong></span> <span class='ocrx_word' id='word_1_593' title='bbox 3681 2920 3751 2974; x_wconf 90' lang='lat' dir='ltr'><strong>ob</strong></span> 
     </span>
    </p>
   </div>
   <div class='ocr_carea' id='block_1_87' title="bbox 2168 3000 3749 3072">
    <p class='ocr_par' dir='ltr' id='par_1_87' title="bbox 2168 3000 3749 3072">
     <span class='ocr_line' id='line_1_87' title="bbox 2168 3000 3749 3072; baseline 0.009 -20"><span class='ocrx_word' id='word_1_594' title='bbox 2168 3000 2370 3054; x_wconf 76' lang='lat' dir='ltr'><strong>Christi</strong></span> <span class='ocrx_word' id='word_1_595' title='bbox 2408 3002 2726 3072; x_wconf 87' lang='lat' dir='ltr'><strong>martyrium</strong></span> <span class='ocrx_word' id='word_1_596' title='bbox 2756 3015 3034 3069; x_wconf 89' lang='lat' dir='ltr'><strong>coronato,</strong></span> <span class='ocrx_word' id='word_1_597' title='bbox 3065 3008 3330 3062; x_wconf 89' lang='lat' dir='ltr'><strong>successit</strong></span> <span class='ocrx_word' id='word_1_598' title='bbox 3370 3007 3589 3064; x_wconf 85' lang='lat' dir='ltr'><strong>Lucius.</strong></span> <span class='ocrx_word' id='word_1_599' title='bbox 3620 3009 3749 3066; x_wconf 83' lang='lat' dir='ltr'><strong>Pas-</strong></span> 
     </span>
    </p>
   </div>
   <div class='ocr_carea' id='block_1_88' title="bbox 2168 3096 3748 3168">
    <p class='ocr_par' dir='ltr' id='par_1_88' title="bbox 2168 3096 3748 3168">
     <span class='ocr_line' id='line_1_88' title="bbox 2168 3096 3748 3168; baseline 0.009 -24"><span class='ocrx_word' id='word_1_600' title='bbox 2168 3107 2260 3146; x_wconf 91' lang='lat' dir='ltr'><strong>sus</strong></span> <span class='ocrx_word' id='word_1_601' title='bbox 2289 3103 2374 3146; x_wconf 89' lang='lat' dir='ltr'><strong>est</strong></span> <span class='ocrx_word' id='word_1_602' title='bbox 2405 3103 2586 3148; x_wconf 90' lang='lat' dir='ltr'><strong>autem</strong></span> <span class='ocrx_word' id='word_1_603' title='bbox 2618 3096 2808 3150; x_wconf 87' lang='lat' dir='ltr'><strong>beatus</strong></span> <span class='ocrx_word' id='word_1_604' title='bbox 2833 3096 3135 3167; x_wconf 90' lang='lat' dir='ltr'><strong>Cyprianus</strong></span> <span class='ocrx_word' id='word_1_605' title='bbox 3160 3100 3534 3168; x_wconf 90' lang='lat' dir='ltr'><strong>persecutione</strong></span> <span class='ocrx_word' id='word_1_606' title='bbox 3556 3112 3748 3159; x_wconf 85' lang='lat' dir='ltr'><strong>octava</strong></span> 
     </span>
    </p>
   </div>
   <div class='ocr_carea' id='block_1_89' title="bbox 2088 3162 3742 3261">
    <p class='ocr_par' dir='ltr' id='par_1_89' title="bbox 2088 3162 3742 3261">
     <span class='ocr_line' id='line_1_89' title="bbox 2088 3162 3742 3261; baseline 0.007 -25"><span class='ocrx_word' id='word_1_607' title='bbox 2088 3162 2132 3224; x_wconf 60' lang='grc' dir='ltr'><strong>ί)</strong></span> <span class='ocrx_word' id='word_1_608' title='bbox 2164 3185 2352 3238; x_wconf 88' lang='lat' dir='ltr'><strong>eodem</strong></span> <span class='ocrx_word' id='word_1_609' title='bbox 2399 3186 2504 3250; x_wconf 90' lang='lat' dir='ltr'><strong>die,</strong></span> <span class='ocrx_word' id='word_1_610' title='bbox 2551 3186 2645 3241; x_wconf 91' lang='lat' dir='ltr'><strong>sed</strong></span> <span class='ocrx_word' id='word_1_611' title='bbox 2681 3201 2788 3242; x_wconf 88' lang='lat' dir='ltr'><strong>non</strong></span> <span class='ocrx_word' id='word_1_612' title='bbox 2821 3188 3012 3244; x_wconf 89' lang='lat' dir='ltr'><strong>eodem</strong></span> <span class='ocrx_word' id='word_1_613' title='bbox 3051 3204 3218 3257; x_wconf 90' lang='lat' dir='ltr'><strong>anno,</strong></span> <span class='ocrx_word' id='word_1_614' title='bbox 3250 3205 3357 3261; x_wconf 92' lang='lat' dir='ltr'><strong>quo</strong></span> <span class='ocrx_word' id='word_1_615' title='bbox 3385 3192 3568 3247; x_wconf 66' lang='lat' dir='ltr'><strong>Romae</strong></span> <span class='ocrx_word' id='word_1_616' title='bbox 3607 3192 3742 3249; x_wconf 87' lang='lat' dir='ltr'><strong>Cor-</strong></span> 
     </span>
    </p>
   </div>
   <div class='ocr_carea' id='block_1_90' title="bbox 2165 3275 2358 3331">
    <p class='ocr_par' dir='ltr' id='par_1_90' title="bbox 2165 3275 2358 3331">
     <span class='ocr_line' id='line_1_90' title="bbox 2165 3275 2358 3331; baseline 0.005 -3"><span class='ocrx_word' id='word_1_617' title='bbox 2165 3275 2358 3331; x_wconf 84' lang='lat' dir='ltr'><strong>nelius.</strong></span> 
     </span>
    </p>
   </div>
   <div class='ocr_carea' id='block_1_91' title="bbox 2234 3363 3745 3447">
    <p class='ocr_par' dir='ltr' id='par_1_91' title="bbox 2234 3363 3745 3447">
     <span class='ocr_line' id='line_1_91' title="bbox 2234 3363 3745 3447; baseline 0.009 -29"><span class='ocrx_word' id='word_1_618' title='bbox 2234 3363 2383 3437; x_wconf 70' lang='lat'><strong>[272]</strong></span> <span class='ocrx_word' id='word_1_619' title='bbox 2424 3365 2697 3434; x_wconf 91' lang='lat' dir='ltr'><strong>Claudius,</strong></span> <span class='ocrx_word' id='word_1_620' title='bbox 2721 3369 2998 3427; x_wconf 86' lang='lat' dir='ltr'><strong>voluntate</strong></span> <span class='ocrx_word' id='word_1_621' title='bbox 3019 3381 3242 3428; x_wconf 90' lang='lat' dir='ltr'><strong>senatus</strong></span> <span class='ocrx_word' id='word_1_622' title='bbox 3264 3383 3477 3444; x_wconf 84' lang='lat' dir='ltr'><strong>sumpto</strong></span> <span class='ocrx_word' id='word_1_623' title='bbox 3498 3375 3745 3447; x_wconf 87' lang='lat' dir='ltr'><strong>imperio,</strong></span> 
     </span>
    </p>
   </div>
   <div class='ocr_carea' id='block_1_92' title="bbox 2163 3457 3745 3535">
    <p class='ocr_par' dir='ltr' id='par_1_92' title="bbox 2163 3457 3745 3535">
     <span class='ocr_line' id='line_1_92' title="bbox 2163 3457 3745 3535; baseline 0.006 -26"><span class='ocrx_word' id='word_1_624' title='bbox 2163 3457 2317 3511; x_wconf 87' lang='lat' dir='ltr'><strong>annis</strong></span> <span class='ocrx_word' id='word_1_625' title='bbox 2356 3458 2582 3514; x_wconf 89' lang='lat' dir='ltr'><strong>duobus.</strong></span> <span class='ocrx_word' id='word_1_626' title='bbox 2624 3459 2721 3515; x_wconf 85' lang='lat' dir='ltr'><strong>llic</strong></span> <span class='ocrx_word' id='word_1_627' title='bbox 2748 3460 2952 3517; x_wconf 86' lang='lat' dir='ltr'><strong>Gothos</strong></span> <span class='ocrx_word' id='word_1_628' title='bbox 2971 3463 3083 3532; x_wconf 87' lang='lat' dir='ltr'><strong>jam</strong></span> <span class='ocrx_word' id='word_1_629' title='bbox 3114 3479 3211 3532; x_wconf 88' lang='lat' dir='ltr'><strong>per</strong></span> <span class='ocrx_word' id='word_1_630' title='bbox 3237 3480 3407 3519; x_wconf 90' lang='lat' dir='ltr'><strong>annos</strong></span> <span class='ocrx_word' id='word_1_631' title='bbox 3437 3466 3745 3535; x_wconf 89' lang='lat' dir='ltr'><strong>quindecim</strong></span> 
     </span>
    </p>
   </div>
   <div class='ocr_carea' id='block_1_93' title="bbox 2159 3552 3740 3626">
    <p class='ocr_par' dir='ltr' id='par_1_93' title="bbox 2159 3552 3740 3626">
     <span class='ocr_line' id='line_1_93' title="bbox 2159 3552 3740 3626; baseline 0.006 -20"><span class='ocrx_word' id='word_1_632' title='bbox 2159 3552 2428 3623; x_wconf 86' lang='lat' dir='ltr'><strong>Illyricum</strong></span> <span class='ocrx_word' id='word_1_633' title='bbox 2483 3553 2958 3626; x_wconf 84' lang='lat' dir='ltr'><strong>Macedoniamque</strong></span> <span class='ocrx_word' id='word_1_634' title='bbox 3001 3566 3276 3612; x_wconf 90' lang='lat' dir='ltr'><strong>vastantes</strong></span> <span class='ocrx_word' id='word_1_635' title='bbox 3319 3558 3459 3613; x_wconf 83' lang='lat' dir='ltr'><strong>bello</strong></span> <span class='ocrx_word' id='word_1_636' title='bbox 3500 3559 3740 3624; x_wconf 88' lang='lat' dir='ltr'><strong>adortus,</strong></span> 
     </span>
    </p>
   </div>
   <div class='ocr_carea' id='block_1_94' title="bbox 2161 3643 3744 3719">
    <p class='ocr_par' dir='ltr' id='par_1_94' title="bbox 2161 3643 3744 3719">
     <span class='ocr_line' id='line_1_94' title="bbox 2161 3643 3744 3719; baseline 0.006 -23"><span class='ocrx_word' id='word_1_637' title='bbox 2161 3643 2459 3699; x_wconf 87' lang='lat' dir='ltr'><strong>incredibili</strong></span> <span class='ocrx_word' id='word_1_638' title='bbox 2506 3656 2685 3715; x_wconf 86' lang='lat' dir='ltr'><strong>strage</strong></span> <span class='ocrx_word' id='word_1_639' title='bbox 2715 3645 2930 3700; x_wconf 89' lang='lat' dir='ltr'><strong>delevit.</strong></span> <span class='ocrx_word' id='word_1_640' title='bbox 2963 3647 3060 3700; x_wconf 88' lang='lat' dir='ltr'><strong>Cui</strong></span> <span class='ocrx_word' id='word_1_641' title='bbox 3091 3662 3120 3700; x_wconf 90' lang='lat' dir='ltr'><strong>a</strong></span> <span class='ocrx_word' id='word_1_642' title='bbox 3170 3659 3356 3701; x_wconf 83' lang='lat' dir='ltr'><strong>senatu</strong></span> <span class='ocrx_word' id='word_1_643' title='bbox 3387 3648 3608 3719; x_wconf 89' lang='lat' dir='ltr'><strong>elypens</strong></span> <span class='ocrx_word' id='word_1_644' title='bbox 3641 3663 3744 3705; x_wconf 88' lang='lat' dir='ltr'><strong>au-</strong></span> 
     </span>
    </p>
   </div>
   <div class='ocr_carea' id='block_1_95' title="bbox 2162 3734 3747 3808">
    <p class='ocr_par' dir='ltr' id='par_1_95' title="bbox 2162 3734 3747 3808">
     <span class='ocr_line' id='line_1_95' title="bbox 2162 3734 3747 3808; baseline 0.008 -23"><span class='ocrx_word' id='word_1_645' title='bbox 2162 3748 2286 3787; x_wconf 78' lang='lat' dir='ltr'><strong>reus</strong></span> <span class='ocrx_word' id='word_1_646' title='bbox 2326 3734 2378 3788; x_wconf 94' lang='lat' dir='ltr'><strong>in</strong></span> <span class='ocrx_word' id='word_1_647' title='bbox 2409 3735 2560 3788; x_wconf 88' lang='lat' dir='ltr'><strong>curia</strong></span> <span class='ocrx_word' id='word_1_648' title='bbox 2587 3743 2641 3790; x_wconf 92' lang='lat' dir='ltr'><strong>et</strong></span> <span class='ocrx_word' id='word_1_649' title='bbox 2665 3736 2716 3790; x_wconf 93' lang='lat' dir='ltr'><strong>in</strong></span> <span class='ocrx_word' id='word_1_650' title='bbox 2761 3735 3023 3806; x_wconf 89' lang='lat' dir='ltr'><strong>Capitolio</strong></span> <span class='ocrx_word' id='word_1_651' title='bbox 3050 3745 3224 3792; x_wconf 88' lang='lat' dir='ltr'><strong>statua</strong></span> <span class='ocrx_word' id='word_1_652' title='bbox 3255 3753 3407 3808; x_wconf 58' lang='lat' dir='ltr'><strong>atque</strong></span> <span class='ocrx_word' id='word_1_653' title='bbox 3453 3755 3618 3797; x_wconf 87' lang='lat' dir='ltr'><strong>aurea</strong></span> <span class='ocrx_word' id='word_1_654' title='bbox 3648 3742 3747 3798; x_wconf 80' lang='lat' dir='ltr'><strong>de-</strong></span> 
     </span>
    </p>
   </div>
   <div class='ocr_carea' id='block_1_96' title="bbox 2159 3825 3746 3898">
    <p class='ocr_par' dir='ltr' id='par_1_96' title="bbox 2159 3825 3746 3898">
     <span class='ocr_line' id='line_1_96' title="bbox 2159 3825 3746 3898; baseline 0.009 -22"><span class='ocrx_word' id='word_1_655' title='bbox 2159 3832 2306 3878; x_wconf 88' lang='lat' dir='ltr'><strong>creta</strong></span> <span class='ocrx_word' id='word_1_656' title='bbox 2332 3834 2434 3879; x_wconf 90' lang='lat' dir='ltr'><strong>est.</strong></span> <span class='ocrx_word' id='word_1_657' title='bbox 2466 3825 2572 3881; x_wconf 91' lang='lat' dir='ltr'><strong>Sed</strong></span> <span class='ocrx_word' id='word_1_658' title='bbox 2595 3827 2850 3882; x_wconf 90' lang='lat' dir='ltr'><strong>continuo</strong></span> <span class='ocrx_word' id='word_1_659' title='bbox 2879 3827 3022 3898; x_wconf 89' lang='lat' dir='ltr'><strong>apud</strong></span> <span class='ocrx_word' id='word_1_660' title='bbox 3051 3828 3312 3885; x_wconf 91' lang='lat' dir='ltr'><strong>Sirmium</strong></span> <span class='ocrx_word' id='word_1_661' title='bbox 3341 3831 3544 3887; x_wconf 90' lang='lat' dir='ltr'><strong>morbo.</strong></span> <span class='ocrx_word' id='word_1_662' title='bbox 3562 3849 3746 3891; x_wconf 87' lang='lat' dir='ltr'><strong>corre-</strong></span> 
     </span>
    </p>
   </div>
   <div class='ocr_carea' id='block_1_97' title="bbox 2155 3916 2532 3984">
    <p class='ocr_par' dir='ltr' id='par_1_97' title="bbox 2155 3916 2532 3984">
     <span class='ocr_line' id='line_1_97' title="bbox 2155 3916 2532 3984; baseline 0.013 -17"><span class='ocrx_word' id='word_1_663' title='bbox 2155 3923 2281 3984; x_wconf 87' lang='lat' dir='ltr'><strong>ptus</strong></span> <span class='ocrx_word' id='word_1_664' title='bbox 2307 3916 2532 3972; x_wconf 90' lang='lat' dir='ltr'><strong>interiit.</strong></span> 
     </span>
    </p>
   </div>
   <div class='ocr_carea' id='block_1_98' title="bbox 2228 4003 3744 4078">
    <p class='ocr_par' dir='ltr' id='par_1_98' title="bbox 2228 4003 3744 4078">
     <span class='ocr_line' id='line_1_98' title="bbox 2228 4003 3744 4078; baseline 0.011 -20"><span class='ocrx_word' id='word_1_665' title='bbox 2228 4003 2378 4078; x_wconf 74' lang='lat'><strong>[275]</strong></span> <span class='ocrx_word' id='word_1_666' title='bbox 2419 4006 2540 4061; x_wconf 84' lang='lat' dir='ltr'><strong>Mox</strong></span> <span class='ocrx_word' id='word_1_667' title='bbox 2567 4007 2734 4063; x_wconf 88' lang='lat' dir='ltr'><strong>frater</strong></span> <span class='ocrx_word' id='word_1_668' title='bbox 2763 4006 2879 4076; x_wconf 85' lang='lat' dir='ltr'><strong>ejus</strong></span> <span class='ocrx_word' id='word_1_669' title='bbox 2905 4007 3222 4077; x_wconf 80' lang='lat' dir='ltr'><strong>Quintilius,</strong></span> <span class='ocrx_word' id='word_1_670' title='bbox 3249 4015 3332 4069; x_wconf 92' lang='lat' dir='ltr'><strong>vir</strong></span> <span class='ocrx_word' id='word_1_671' title='bbox 3361 4013 3520 4071; x_wconf 57' lang='lat' dir='ltr'><strong>bona?</strong></span> <span class='ocrx_word' id='word_1_672' title='bbox 3553 4017 3744 4074; x_wconf 88' lang='lat' dir='ltr'><strong>mode-</strong></span> 
     </span>
    </p>
   </div>
   <div class='ocr_carea' id='block_1_99' title="bbox 2155 4099 3738 4173">
    <p class='ocr_par' dir='ltr' id='par_1_99' title="bbox 2155 4099 3738 4173">
     <span class='ocr_line' id='line_1_99' title="bbox 2155 4099 3738 4173; baseline 0.009 -23"><span class='ocrx_word' id='word_1_673' title='bbox 2155 4099 2405 4165; x_wconf 82' lang='lat' dir='ltr'><strong>rationis,</strong></span> <span class='ocrx_word' id='word_1_674' title='bbox 2435 4101 2502 4154; x_wconf 90' lang='lat' dir='ltr'><strong>ab</strong></span> <span class='ocrx_word' id='word_1_675' title='bbox 2534 4101 2774 4155; x_wconf 63' lang='lat' dir='ltr'><strong>exercitu</strong></span> <span class='ocrx_word' id='word_1_676' title='bbox 2823 4102 3113 4173; x_wconf 89' lang='lat' dir='ltr'><strong>imperator</strong></span> <span class='ocrx_word' id='word_1_677' title='bbox 3148 4105 3380 4170; x_wconf 79' lang='lat' dir='ltr'><strong>electus,</strong></span> <span class='ocrx_word' id='word_1_678' title='bbox 3402 4107 3610 4162; x_wconf 91' lang='lat' dir='ltr'><strong>decimo</strong></span> <span class='ocrx_word' id='word_1_679' title='bbox 3647 4125 3738 4164; x_wconf 87' lang='lat' dir='ltr'><strong>se-</strong></span> 
     </span>
    </p>
   </div>
   <div class='ocr_carea' id='block_1_100' title="bbox 2152 4191 3742 4262">
    <p class='ocr_par' dir='ltr' id='par_1_100' title="bbox 2152 4191 3742 4262">
     <span class='ocr_line' id='line_1_100' title="bbox 2152 4191 3742 4262; baseline 0.005 -18"><span class='ocrx_word' id='word_1_680' title='bbox 2152 4191 2320 4260; x_wconf 87' lang='lat' dir='ltr'><strong>ptimo</strong></span> <span class='ocrx_word' id='word_1_681' title='bbox 2351 4192 2436 4246; x_wconf 91' lang='lat' dir='ltr'><strong>die</strong></span> <span class='ocrx_word' id='word_1_682' title='bbox 2473 4193 2682 4261; x_wconf 90' lang='lat' dir='ltr'><strong>imperii</strong></span> <span class='ocrx_word' id='word_1_683' title='bbox 2720 4195 2802 4248; x_wconf 93' lang='lat' dir='ltr'><strong>sui</strong></span> <span class='ocrx_word' id='word_1_684' title='bbox 2832 4193 3156 4250; x_wconf 84' lang='lat' dir='ltr'><strong>interfectus</strong></span> <span class='ocrx_word' id='word_1_685' title='bbox 3189 4204 3294 4250; x_wconf 91' lang='lat' dir='ltr'><strong>est.</strong></span> <span class='ocrx_word' id='word_1_686' title='bbox 3324 4196 3619 4262; x_wconf 81' lang='lat' dir='ltr'><strong>Malchion,</strong></span> <span class='ocrx_word' id='word_1_687' title='bbox 3658 4201 3742 4254; x_wconf 85' lang='lat' dir='ltr'><strong>di-</strong></span> 
     </span>
    </p>
   </div>
   <div class='ocr_carea' id='block_1_101' title="bbox 2151 4282 3740 4357">
    <p class='ocr_par' dir='ltr' id='par_1_101' title="bbox 2151 4282 3740 4357">
     <span class='ocr_line' id='line_1_101' title="bbox 2151 4282 3740 4357; baseline 0.006 -23"><span class='ocrx_word' id='word_1_688' title='bbox 2151 4282 2480 4337; x_wconf 67' lang='lat' dir='ltr'><strong>sertissimus</strong></span> <span class='ocrx_word' id='word_1_689' title='bbox 2522 4282 2868 4339; x_wconf 74' lang='lat' dir='ltr'><strong>Antiochenze</strong></span> <span class='ocrx_word' id='word_1_690' title='bbox 2906 4284 3160 4340; x_wconf 73' lang='lat' dir='ltr'><strong>Ecclesia:</strong></span> <span class='ocrx_word' id='word_1_691' title='bbox 3197 4289 3500 4357; x_wconf 85' lang='lat' dir='ltr'><strong>presbyter,</strong></span> <span class='ocrx_word' id='word_1_692' title='bbox 3549 4291 3644 4356; x_wconf 88' lang='lat' dir='ltr'><strong>qui</strong></span> <span class='ocrx_word' id='word_1_693' title='bbox 3685 4290 3740 4344; x_wconf 88' lang='lat' dir='ltr'><strong>iu</strong></span> 
     </span>
    </p>
   </div>
   <div class='ocr_carea' id='block_1_102' title="bbox 2149 4373 3739 4440">
    <p class='ocr_par' dir='ltr' id='par_1_102' title="bbox 2149 4373 3739 4440">
     <span class='ocr_line' id='line_1_102' title="bbox 2149 4373 3739 4440; baseline 0.006 -15"><span class='ocrx_word' id='word_1_694' title='bbox 2149 4373 2340 4427; x_wconf 81' lang='lat' dir='ltr'><strong>eadem</strong></span> <span class='ocrx_word' id='word_1_695' title='bbox 2374 4374 2508 4428; x_wconf 90' lang='lat' dir='ltr'><strong>urbe</strong></span> <span class='ocrx_word' id='word_1_696' title='bbox 2550 4374 2877 4430; x_wconf 89' lang='lat' dir='ltr'><strong>rhetoricam</strong></span> <span class='ocrx_word' id='word_1_697' title='bbox 2909 4377 3186 4440; x_wconf 86' lang='lat' dir='ltr'><strong>docuerat,</strong></span> <span class='ocrx_word' id='word_1_698' title='bbox 3221 4379 3482 4432; x_wconf 89' lang='lat' dir='ltr'><strong>adversus</strong></span> <span class='ocrx_word' id='word_1_699' title='bbox 3509 4378 3739 4434; x_wconf 87' lang='lat' dir='ltr'><strong>Paulum</strong></span> 
     </span>
    </p>
   </div>
   <div class='ocr_carea' id='block_1_103' title="bbox 2161 4462 3734 4540">
    <p class='ocr_par' dir='ltr' id='par_1_103' title="bbox 2161 4462 3734 4540">
     <span class='ocr_line' id='line_1_103' title="bbox 2161 4462 3734 4540; baseline 0.006 -24"><span class='ocrx_word' id='word_1_700' title='bbox 2161 4462 2599 4529; x_wconf 88' lang='lat' dir='ltr'><strong>Samosetanum,</strong></span> <span class='ocrx_word' id='word_1_701' title='bbox 2624 4465 2716 4534; x_wconf 89' lang='lat' dir='ltr'><strong>qui</strong></span> <span class='ocrx_word' id='word_1_702' title='bbox 2745 4466 3031 4537; x_wconf 84' lang='lat' dir='ltr'><strong>episcopus</strong></span> <span class='ocrx_word' id='word_1_703' title='bbox 3059 4468 3359 4523; x_wconf 83' lang='lat' dir='ltr'><strong>Antiochiae</strong></span> <span class='ocrx_word' id='word_1_704' title='bbox 3398 4469 3734 4540; x_wconf 71' lang='lat' dir='ltr'><strong>dogmati-za-</strong></span> 
     </span>
    </p>
   </div>
   <div class='ocr_carea' id='block_1_104' title="bbox 2150 4553 3740 4617">
    <p class='ocr_par' dir='ltr' id='par_1_104' title="bbox 2150 4553 3740 4617">
     <span class='ocr_line' id='line_1_104' title="bbox 2150 4553 3740 4617; baseline 0.006 -11"><span class='ocrx_word' id='word_1_705' title='bbox 2150 4553 2261 4617; x_wconf 89' lang='lat' dir='ltr'><strong>hat,</strong></span> <span class='ocrx_word' id='word_1_706' title='bbox 2309 4553 2585 4610; x_wconf 89' lang='lat' dir='ltr'><strong>Christum</strong></span> <span class='ocrx_word' id='word_1_707' title='bbox 2612 4557 2918 4612; x_wconf 89' lang='lat' dir='ltr'><strong>communis</strong></span> <span class='ocrx_word' id='word_1_708' title='bbox 2958 4566 3165 4612; x_wconf 66' lang='lat' dir='ltr'><strong>naturae</strong></span> <span class='ocrx_word' id='word_1_709' title='bbox 3208 4559 3480 4614; x_wconf 64' lang='lat' dir='ltr'><strong>hon&#39;iinem</strong></span> <span class='ocrx_word' id='word_1_710' title='bbox 3523 4570 3740 4615; x_wconf 85' lang='lat' dir='ltr'><strong>tantum</strong></span> 
     </span>
    </p>
   </div>
   <div class='ocr_carea' id='block_1_105' title="bbox 2149 4643 3381 4720">
    <p class='ocr_par' dir='ltr' id='par_1_105' title="bbox 2149 4643 3381 4720">
     <span class='ocr_line' id='line_1_105' title="bbox 2149 4643 3381 4720; baseline 0.006 -23"><span class='ocrx_word' id='word_1_711' title='bbox 2149 4643 2327 4705; x_wconf 89' lang='lat' dir='ltr'><strong>fuisse,</strong></span> <span class='ocrx_word' id='word_1_712' title='bbox 2363 4647 2591 4701; x_wconf 89' lang='lat' dir='ltr'><strong>notariis</strong></span> <span class='ocrx_word' id='word_1_713' title='bbox 2613 4647 3033 4715; x_wconf 82' lang='lat' dir='ltr'><strong>excipientibus,</strong></span> <span class='ocrx_word' id='word_1_714' title='bbox 3066 4649 3381 4720; x_wconf 86' lang='lat' dir='ltr'><strong>disputavit.</strong></span> 
     </span>
    </p>
   </div>
   <div class='ocr_carea' id='block_1_106' title="bbox 2221 4733 3736 4814">
    <p class='ocr_par' dir='ltr' id='par_1_106' title="bbox 2221 4733 3736 4814">
     <span class='ocr_line' id='line_1_106' title="bbox 2221 4733 3736 4814; baseline 0.007 -26"><span class='ocrx_word' id='word_1_715' title='bbox 2221 4733 2369 4806; x_wconf 67' lang='lat'><strong>[274]</strong></span> <span class='ocrx_word' id='word_1_716' title='bbox 2407 4736 2733 4790; x_wconf 88' lang='lat' dir='ltr'><strong>Aurelianus</strong></span> <span class='ocrx_word' id='word_1_717' title='bbox 2763 4737 3051 4808; x_wconf 83' lang='lat' dir='ltr'><strong>imperium</strong></span> <span class='ocrx_word' id='word_1_718' title='bbox 3080 4742 3328 4812; x_wconf 88' lang='lat' dir='ltr'><strong>adeptus,</strong></span> <span class='ocrx_word' id='word_1_719' title='bbox 3368 4743 3606 4814; x_wconf 91' lang='lat' dir='ltr'><strong>quinque</strong></span> <span class='ocrx_word' id='word_1_720' title='bbox 3637 4760 3736 4800; x_wconf 84' lang='lat' dir='ltr'><strong>au-</strong></span> 
     </span>
    </p>
   </div>
   <div class='ocr_carea' id='block_1_107' title="bbox 2149 4827 3738 4894">
    <p class='ocr_par' dir='ltr' id='par_1_107' title="bbox 2149 4827 3738 4894">
     <span class='ocr_line' id='line_1_107' title="bbox 2149 4827 3738 4894; baseline 0.007 -15"><span class='ocrx_word' id='word_1_721' title='bbox 2149 4827 2233 4880; x_wconf 91' lang='lat' dir='ltr'><strong>nis</strong></span> <span class='ocrx_word' id='word_1_722' title='bbox 2269 4835 2324 4881; x_wconf 85' lang='lat' dir='ltr'><strong>et</strong></span> <span class='ocrx_word' id='word_1_723' title='bbox 2377 4841 2471 4881; x_wconf 82' lang='lat' dir='ltr'><strong>sex</strong></span> <span class='ocrx_word' id='word_1_724' title='bbox 2519 4827 2796 4882; x_wconf 86' lang='lat' dir='ltr'><strong>mensibus</strong></span> <span class='ocrx_word' id='word_1_725' title='bbox 2842 4829 3036 4894; x_wconf 87' lang='lat' dir='ltr'><strong>tenuit,</strong></span> <span class='ocrx_word' id='word_1_726' title='bbox 3075 4830 3158 4884; x_wconf 91' lang='lat' dir='ltr'><strong>vir</strong></span> <span class='ocrx_word' id='word_1_727' title='bbox 3204 4831 3467 4888; x_wconf 89' lang='lat' dir='ltr'><strong>industria</strong></span> <span class='ocrx_word' id='word_1_728' title='bbox 3509 4834 3738 4890; x_wconf 86' lang='lat' dir='ltr'><strong>militari</strong></span> 
     </span>
    </p>
   </div>
   <div class='ocr_carea' id='block_1_108' title="bbox 2147 4917 3736 4993">
    <p class='ocr_par' dir='ltr' id='par_1_108' title="bbox 2147 4917 3736 4993">
     <span class='ocr_line' id='line_1_108' title="bbox 2147 4917 3736 4993; baseline 0.003 -22"><span class='ocrx_word' id='word_1_729' title='bbox 2147 4917 2651 4982; x_wconf 75' lang='lat' dir='ltr'><strong>execllentissimUs,</strong></span> <span class='ocrx_word' id='word_1_730' title='bbox 2676 4921 3018 4987; x_wconf 81' lang='lat' dir='ltr'><strong>expeditione</strong></span> <span class='ocrx_word' id='word_1_731' title='bbox 3039 4921 3106 4976; x_wconf 90' lang='lat' dir='ltr'><strong>ad</strong></span> <span class='ocrx_word' id='word_1_732' title='bbox 3131 4922 3432 4978; x_wconf 84' lang='lat' dir='ltr'><strong>Danubium</strong></span> <span class='ocrx_word' id='word_1_733' title='bbox 3453 4935 3736 4993; x_wconf 84' lang='lat' dir='ltr'><strong>suscepta,</strong></span> 
     </span>
    </p>
   </div>
   <div class='ocr_carea' id='block_1_109' title="bbox 2147 5006 3159 5081">
    <p class='ocr_par' dir='ltr' id='par_1_109' title="bbox 2147 5006 3159 5081">
     <span class='ocr_line' id='line_1_109' title="bbox 2147 5006 3159 5081; baseline 0.004 -20"><span class='ocrx_word' id='word_1_734' title='bbox 2147 5006 2353 5061; x_wconf 85' lang='lat' dir='ltr'><strong>Gothos</strong></span> <span class='ocrx_word' id='word_1_735' title='bbox 2375 5007 2584 5078; x_wconf 88' lang='lat' dir='ltr'><strong>magnis</strong></span> <span class='ocrx_word' id='word_1_736' title='bbox 2607 5007 2805 5077; x_wconf 65' lang='lat' dir='ltr'><strong>prmliis</strong></span> <span class='ocrx_word' id='word_1_737' title='bbox 2836 5008 3159 5081; x_wconf 83' lang='lat' dir='ltr'><strong>proﬂigavit.</strong></span> 
     </span>
    </p>
   </div>
   <div class='ocr_carea' id='block_1_110' title="bbox 2222 5097 3729 5160">
    <p class='ocr_par' dir='ltr' id='par_1_110' title="bbox 2222 5097 3729 5160">
     <span class='ocr_line' id='line_1_110' title="bbox 2222 5097 3729 5160; baseline 0.007 -10"><span class='ocrx_word' id='word_1_738' title='bbox 2222 5097 2320 5151; x_wconf 88' lang='lat' dir='ltr'><strong>llic</strong></span> <span class='ocrx_word' id='word_1_739' title='bbox 2343 5098 2529 5153; x_wconf 89' lang='lat' dir='ltr'><strong>urbem</strong></span> <span class='ocrx_word' id='word_1_740' title='bbox 2561 5097 2786 5152; x_wconf 85' lang='lat' dir='ltr'><strong>Romam</strong></span> <span class='ocrx_word' id='word_1_741' title='bbox 2829 5101 3000 5156; x_wconf 90' lang='lat' dir='ltr'><strong>muris</strong></span> <span class='ocrx_word' id='word_1_742' title='bbox 3033 5102 3361 5159; x_wconf 84' lang='lat' dir='ltr'><strong>firmioribus</strong></span> <span class='ocrx_word' id='word_1_743' title='bbox 3396 5104 3582 5159; x_wconf 80' lang='lat' dir='ltr'><strong>cinxit.</strong></span> <span class='ocrx_word' id='word_1_744' title='bbox 3615 5104 3729 5160; x_wconf 83' lang='lat' dir='ltr'><strong>No-</strong></span> 
     </span>
    </p>
   </div>
   <div class='ocr_carea' id='block_1_111' title="bbox 2149 5188 3725 5266">
    <p class='ocr_par' dir='ltr' id='par_1_111' title="bbox 2149 5188 3725 5266">
     <span class='ocr_line' id='line_1_111' title="bbox 2149 5188 3725 5266; baseline 0.006 -25"><span class='ocrx_word' id='word_1_745' title='bbox 2149 5188 2368 5243; x_wconf 85' lang='lat' dir='ltr'><strong>vissime</strong></span> <span class='ocrx_word' id='word_1_746' title='bbox 2394 5203 2514 5243; x_wconf 93' lang='lat' dir='ltr'><strong>cum</strong></span> <span class='ocrx_word' id='word_1_747' title='bbox 2539 5191 2970 5259; x_wconf 91' lang='lat' dir='ltr'><strong>persecutionem</strong></span> <span class='ocrx_word' id='word_1_748' title='bbox 2994 5193 3253 5250; x_wconf 88' lang='lat' dir='ltr'><strong>adversus</strong></span> <span class='ocrx_word' id='word_1_749' title='bbox 3276 5195 3616 5252; x_wconf 89' lang='lat' dir='ltr'><strong>Christianos</strong></span> <span class='ocrx_word' id='word_1_750' title='bbox 3638 5198 3725 5266; x_wconf 80' lang='lat' dir='ltr'><strong>agi</strong></span> 
     </span>
    </p>
   </div>
   <div class='ocr_carea' id='block_1_112' title="bbox 2149 5279 3730 5358">
    <p class='ocr_par' dir='ltr' id='par_1_112' title="bbox 2149 5279 3730 5358">
     <span class='ocr_line' id='line_1_112' title="bbox 2149 5279 3730 5358; baseline 0.008 -27"><span class='ocrx_word' id='word_1_751' title='bbox 2149 5279 2489 5344; x_wconf 88' lang='lat' dir='ltr'><strong>decerneret,</strong></span> <span class='ocrx_word' id='word_1_752' title='bbox 2515 5280 2715 5336; x_wconf 90' lang='lat' dir='ltr'><strong>fulmen</strong></span> <span class='ocrx_word' id='word_1_753' title='bbox 2743 5291 2870 5337; x_wconf 90' lang='lat' dir='ltr'><strong>ante</strong></span> <span class='ocrx_word' id='word_1_754' title='bbox 2889 5297 3033 5348; x_wconf 92' lang='lat' dir='ltr'><strong>eum,</strong></span> <span class='ocrx_word' id='word_1_755' title='bbox 3059 5299 3255 5353; x_wconf 84' lang='lat' dir='ltr'><strong>magno</strong></span> <span class='ocrx_word' id='word_1_756' title='bbox 3277 5303 3478 5358; x_wconf 88' lang='lat' dir='ltr'><strong>pavore</strong></span> <span class='ocrx_word' id='word_1_757' title='bbox 3503 5289 3730 5344; x_wconf 81' lang='lat' dir='ltr'><strong>circum-</strong></span> 
     </span>
    </p>
   </div>
   <div class='ocr_carea' id='block_1_113' title="bbox 2149 5359 3732 5444">
    <p class='ocr_par' dir='ltr' id='par_1_113' title="bbox 2149 5359 3732 5444">
     <span class='ocr_line' id='line_1_113' title="bbox 2149 5359 3732 5444; baseline 0.009 -23"><span class='ocrx_word' id='word_1_758' title='bbox 2149 5369 2432 5434; x_wconf 86' lang='lat' dir='ltr'><strong>stantium,</strong></span> <span class='ocrx_word' id='word_1_759' title='bbox 2469 5371 2595 5434; x_wconf 90' lang='lat' dir='ltr'><strong>ruit,</strong></span> <span class='ocrx_word' id='word_1_760' title='bbox 2627 5386 2692 5426; x_wconf 90' lang='lat' dir='ltr'><strong>ac</strong></span> <span class='ocrx_word' id='word_1_761' title='bbox 2722 5387 2828 5426; x_wconf 94' lang='lat' dir='ltr'><strong>non</strong></span> <span class='ocrx_word' id='word_1_762' title='bbox 2857 5373 3024 5428; x_wconf 89' lang='lat' dir='ltr'><strong>multo</strong></span> <span class='ocrx_word' id='word_1_763' title='bbox 3043 5385 3164 5444; x_wconf 90' lang='lat' dir='ltr'><strong>post</strong></span> <span class='ocrx_word' id='word_1_764' title='bbox 3194 5377 3247 5431; x_wconf 92' lang='lat' dir='ltr'><strong>in</strong></span> <span class='ocrx_word' id='word_1_765' title='bbox 3281 5377 3472 5434; x_wconf 91' lang='lat' dir='ltr'><strong>itinere</strong></span> <span class='ocrx_word' id='word_1_766' title='bbox 3512 5359 3732 5435; x_wconf 81' lang='lat' dir='ltr'><strong>occisus</strong></span> 
     </span>
    </p>
   </div>
   <div class='ocr_carea' id='block_1_114' title="bbox 2146 5459 3720 5539">
    <p class='ocr_par' dir='ltr' id='par_1_114' title="bbox 2146 5459 3720 5539">
     <span class='ocr_line' id='line_1_114' title="bbox 2146 5459 3720 5539; baseline 0.006 -27"><span class='ocrx_word' id='word_1_767' title='bbox 2146 5468 2247 5513; x_wconf 91' lang='lat' dir='ltr'><strong>est.</strong></span> <span class='ocrx_word' id='word_1_768' title='bbox 2279 5459 2670 5530; x_wconf 88' lang='lat' dir='ltr'><strong>Eutychianus,</strong></span> <span class='ocrx_word' id='word_1_769' title='bbox 2720 5463 2904 5517; x_wconf 69' lang='lat' dir='ltr'><strong>Romae</strong></span> <span class='ocrx_word' id='word_1_770' title='bbox 2947 5467 3251 5535; x_wconf 91' lang='lat' dir='ltr'><strong>episcopus,</strong></span> <span class='ocrx_word' id='word_1_771' title='bbox 3285 5469 3544 5539; x_wconf 89' lang='lat' dir='ltr'><strong>martyrio</strong></span> <span class='ocrx_word' id='word_1_772' title='bbox 3571 5485 3720 5524; x_wconf 90' lang='lat' dir='ltr'><strong>coro-</strong></span> 
     </span>
    </p>
   </div>
   <div class='ocr_carea' id='block_1_115' title="bbox 2147 5551 3731 5629">
    <p class='ocr_par' dir='ltr' id='par_1_115' title="bbox 2147 5551 3731 5629">
     <span class='ocr_line' id='line_1_115' title="bbox 2147 5551 3731 5629; baseline 0.008 -25"><span class='ocrx_word' id='word_1_773' title='bbox 2147 5559 2304 5604; x_wconf 88' lang='lat' dir='ltr'><strong>natus</strong></span> <span class='ocrx_word' id='word_1_774' title='bbox 2325 5551 2377 5605; x_wconf 91' lang='lat' dir='ltr'><strong>in</strong></span> <span class='ocrx_word' id='word_1_775' title='bbox 2404 5553 2716 5608; x_wconf 77' lang='lat' dir='ltr'><strong>emmeterio</strong></span> <span class='ocrx_word' id='word_1_776' title='bbox 2736 5553 2932 5608; x_wconf 80' lang='lat' dir='ltr'><strong>Calixti</strong></span> <span class='ocrx_word' id='word_1_777' title='bbox 2960 5556 3218 5624; x_wconf 89' lang='lat' dir='ltr'><strong>sepelitur</strong></span> <span class='ocrx_word' id='word_1_778' title='bbox 3241 5574 3255 5622; x_wconf 90' lang='lat'><strong>;</strong></span> <span class='ocrx_word' id='word_1_779' title='bbox 3281 5557 3373 5628; x_wconf 90' lang='lat' dir='ltr'><strong>qui</strong></span> <span class='ocrx_word' id='word_1_780' title='bbox 3399 5568 3452 5614; x_wconf 93' lang='lat' dir='ltr'><strong>et</strong></span> <span class='ocrx_word' id='word_1_781' title='bbox 3481 5559 3594 5629; x_wconf 90' lang='lat' dir='ltr'><strong>ipse</strong></span> <span class='ocrx_word' id='word_1_782' title='bbox 3622 5569 3731 5616; x_wconf 48' lang='lat' dir='ltr'><strong>tre-</strong></span> 
     </span>
    </p>
   </div>
   <div class='ocr_carea' id='block_1_116' title="bbox 2148 5643 3526 5720">
    <p class='ocr_par' dir='ltr' id='par_1_116' title="bbox 2148 5643 3526 5720">
     <span class='ocr_line' id='line_1_116' title="bbox 2148 5643 3526 5720; baseline 0.007 -27"><span class='ocrx_word' id='word_1_783' title='bbox 2148 5653 2331 5698; x_wconf 68' lang='lat' dir='ltr'><strong>ventos</strong></span> <span class='ocrx_word' id='word_1_784' title='bbox 2363 5643 2628 5698; x_wconf 66' lang='lat' dir='ltr'><strong>tredecim,</strong></span> <span class='ocrx_word' id='word_1_785' title='bbox 2647 5654 2913 5716; x_wconf 91' lang='lat' dir='ltr'><strong>martyres</strong></span> <span class='ocrx_word' id='word_1_786' title='bbox 2943 5661 3102 5701; x_wconf 88' lang='lat' dir='ltr'><strong>manu</strong></span> <span class='ocrx_word' id='word_1_787' title='bbox 3136 5663 3229 5703; x_wconf 90' lang='lat' dir='ltr'><strong>sua</strong></span> <span class='ocrx_word' id='word_1_788' title='bbox 3260 5650 3526 5720; x_wconf 87' lang='lat' dir='ltr'><strong>sepelivit.</strong></span> 
     </span>
    </p>
   </div>
   <div class='ocr_carea' id='block_1_117' title="bbox 2219 5735 3727 5810">
    <p class='ocr_par' dir='ltr' id='par_1_117' title="bbox 2219 5735 3727 5810">
     <span class='ocr_line' id='line_1_117' title="bbox 2219 5735 3727 5810; baseline 0.006 -21"><span class='ocrx_word' id='word_1_789' title='bbox 2219 5735 2436 5792; x_wconf 80' lang='lat' dir='ltr'><strong>Tacitus</strong></span> <span class='ocrx_word' id='word_1_790' title='bbox 2466 5752 2679 5794; x_wconf 80' lang='lat' dir='ltr'><strong>menses</strong></span> <span class='ocrx_word' id='word_1_791' title='bbox 2705 5752 2818 5794; x_wconf 76' lang='lat' dir='ltr'><strong>sex.</strong></span> <span class='ocrx_word' id='word_1_792' title='bbox 2851 5737 2967 5806; x_wconf 83' lang='lat' dir='ltr'><strong>Quo</strong></span> <span class='ocrx_word' id='word_1_793' title='bbox 2989 5739 3124 5809; x_wconf 81' lang='lat' dir='ltr'><strong>apud</strong></span> <span class='ocrx_word' id='word_1_794' title='bbox 3153 5740 3380 5799; x_wconf 84' lang='lat' dir='ltr'><strong>Pontum</strong></span> <span class='ocrx_word' id='word_1_795' title='bbox 3404 5744 3606 5810; x_wconf 85' lang='lat' dir='ltr'><strong>occiso,</strong></span> <span class='ocrx_word' id='word_1_796' title='bbox 3631 5745 3727 5800; x_wconf 83' lang='lat' dir='ltr'><strong>ob-</strong></span> 
     </span>
    </p>
   </div>
  </div>
