  <div class='ocr_page' id='page_1' title='image "/cluster/home/n/w/nwhite01/storage/ocr_20150623/123/hvd.32044011218062/050.png"; bbox 0 0 4024 6362; ppageno 0'>
   <div class='ocr_carea' id='block_1_1' title="bbox 216 302 3482 409">
    <p class='ocr_par' dir='ltr' id='par_1_1' title="bbox 216 302 3482 409">
     <span class='ocr_line' id='line_1_1' title="bbox 216 302 3482 409; baseline 0.008 -27"><span class='ocrx_word' id='word_1_1' title='bbox 216 336 291 392; x_wconf 84' lang='grc'><strong>89</strong></span> <span class='ocrx_word' id='word_1_2' title='bbox 1189 387 1192 390; x_wconf 83' lang='lat'><strong>.</strong></span> <span class='ocrx_word' id='word_1_3' title='bbox 1323 335 1733 394; x_wconf 75' lang='lat' dir='ltr'><strong>CHHONICON.</strong></span> <span class='ocrx_word' id='word_1_4' title='bbox 1772 371 1841 380; x_wconf 89' lang='lat'>—</span> <span class='ocrx_word' id='word_1_5' title='bbox 1875 341 2082 398; x_wconf 49' lang='lat' dir='ltr'><strong>E’I‘AS</strong></span> <span class='ocrx_word' id='word_1_6' title='bbox 2118 342 2372 400; x_wconf 70' lang='lat' dir='ltr'><strong>SEXTA.</strong></span> <span class='ocrx_word' id='word_1_7' title='bbox 3225 302 3227 304; x_wconf 10' lang='grc'><strong>1</strong></span> <span class='ocrx_word' id='word_1_8' title='bbox 3412 352 3482 409; x_wconf 82' lang='lat'><strong>90</strong></span> 
     </span>
    </p>
   </div>
   <div class='ocr_carea' id='block_1_2' title="bbox 218 446 3483 525">
    <p class='ocr_par' dir='ltr' id='par_1_2' title="bbox 218 446 3483 525">
     <span class='ocr_line' id='line_1_2' title="bbox 218 446 3483 525; baseline 0.003 -19"><span class='ocrx_word' id='word_1_9' title='bbox 218 452 386 506; x_wconf 77' lang='lat' dir='ltr'><strong>tinuit</strong></span> <span class='ocrx_word' id='word_1_10' title='bbox 416 449 700 504; x_wconf 84' lang='lat' dir='ltr'><strong>Florianns</strong></span> <span class='ocrx_word' id='word_1_11' title='bbox 742 446 1026 516; x_wconf 81' lang='lat' dir='ltr'><strong>imperium</strong></span> <span class='ocrx_word' id='word_1_12' title='bbox 1061 447 1251 503; x_wconf 88' lang='lat' dir='ltr'><strong>diebus</strong></span> <span class='ocrx_word' id='word_1_13' title='bbox 1276 449 1545 519; x_wconf 83' lang='lat' dir='ltr'><strong>octoginta</strong></span> <span class='ocrx_word' id='word_1_14' title='bbox 1580 465 1794 504; x_wconf 87' lang='lat' dir='ltr'><strong>novem.</strong></span> <span class='ocrx_word' id='word_1_15' title='bbox 1829 458 1874 513; x_wconf 81' lang='grc' dir='ltr'>Α</span> <span class='ocrx_word' id='word_1_16' title='bbox 1907 452 2160 508; x_wconf 87' lang='lat' dir='ltr'><strong>tavissent</strong></span> <span class='ocrx_word' id='word_1_17' title='bbox 2193 505 2204 518; x_wconf 79' lang='grc'><strong><em>,</em></strong></span> <span class='ocrx_word' id='word_1_18' title='bbox 2271 453 2656 510; x_wconf 86' lang='lat' dir='ltr'><strong>Maximianum</strong></span> <span class='ocrx_word' id='word_1_19' title='bbox 2686 494 2702 522; x_wconf 90' lang='lat'><strong>,</strong></span> <span class='ocrx_word' id='word_1_20' title='bbox 2774 466 3129 525; x_wconf 80' lang='lat' dir='ltr'><strong>cognomento</strong></span> <span class='ocrx_word' id='word_1_21' title='bbox 3205 457 3483 516; x_wconf 84' lang='lat' dir='ltr'><strong>Herculia-</strong></span> 
     </span>
    </p>
   </div>
   <div class='ocr_carea' id='block_1_3' title="bbox 216 539 1800 614">
    <p class='ocr_par' dir='ltr' id='par_1_3' title="bbox 216 539 1800 614">
     <span class='ocr_line' id='line_1_3' title="bbox 216 539 1800 614; baseline 0 -18"><span class='ocrx_word' id='word_1_22' title='bbox 216 545 435 614; x_wconf 83' lang='lat' dir='ltr'><strong>Quique</strong></span> <span class='ocrx_word' id='word_1_23' title='bbox 461 541 604 612; x_wconf 87' lang='lat' dir='ltr'><strong>apud</strong></span> <span class='ocrx_word' id='word_1_24' title='bbox 634 539 862 594; x_wconf 86' lang='lat' dir='ltr'><strong>Tarsum</strong></span> <span class='ocrx_word' id='word_1_25' title='bbox 905 539 1220 596; x_wconf 72' lang='lat' dir='ltr'><strong>interfectus</strong></span> <span class='ocrx_word' id='word_1_26' title='bbox 1244 550 1345 596; x_wconf 85' lang='lat' dir='ltr'><strong>est.</strong></span> <span class='ocrx_word' id='word_1_27' title='bbox 1387 541 1670 597; x_wconf 78' lang='lat' dir='ltr'><strong>Anatolius</strong></span> <span class='ocrx_word' id='word_1_28' title='bbox 1702 557 1800 596; x_wconf 86' lang='lat' dir='ltr'><strong>na-</strong></span> 
     </span>
    </p>
   </div>
   <div class='ocr_carea' id='block_1_4' title="bbox 218 632 1804 705">
    <p class='ocr_par' dir='ltr' id='par_1_4' title="bbox 218 632 1804 705">
     <span class='ocr_line' id='line_1_4' title="bbox 218 632 1804 705; baseline -0.002 -15"><span class='ocrx_word' id='word_1_29' title='bbox 218 638 372 691; x_wconf 84' lang='lat' dir='ltr'><strong>tione</strong></span> <span class='ocrx_word' id='word_1_30' title='bbox 395 633 813 698; x_wconf 87' lang='lat' dir='ltr'><strong>Alexandrinus,</strong></span> <span class='ocrx_word' id='word_1_31' title='bbox 849 632 1116 688; x_wconf 73' lang='lat' dir='ltr'><strong>Laodicia:</strong></span> <span class='ocrx_word' id='word_1_32' title='bbox 1144 633 1314 705; x_wconf 66' lang='lat' dir='ltr'><strong>Syriae</strong></span> <span class='ocrx_word' id='word_1_33' title='bbox 1339 635 1644 704; x_wconf 87' lang='lat' dir='ltr'><strong>episcopus,</strong></span> <span class='ocrx_word' id='word_1_34' title='bbox 1682 634 1804 703; x_wconf 83' lang='lat' dir='ltr'><strong>phi-</strong></span> 
     </span>
    </p>
   </div>
   <div class='ocr_carea' id='block_1_5' title="bbox 217 723 1802 796">
    <p class='ocr_par' dir='ltr' id='par_1_5' title="bbox 217 723 1802 796">
     <span class='ocr_line' id='line_1_5' title="bbox 217 723 1802 796; baseline 0 -16"><span class='ocrx_word' id='word_1_35' title='bbox 217 727 574 796; x_wconf 85' lang='lat' dir='ltr'><strong>lnsophorum</strong></span> <span class='ocrx_word' id='word_1_36' title='bbox 617 723 915 793; x_wconf 80' lang='lat' dir='ltr'><strong>discipulus</strong></span> <span class='ocrx_word' id='word_1_37' title='bbox 961 724 1224 788; x_wconf 89' lang='lat' dir='ltr'><strong>eruditus,</strong></span> <span class='ocrx_word' id='word_1_38' title='bbox 1272 724 1508 795; x_wconf 90' lang='lat' dir='ltr'><strong>plurimo</strong></span> <span class='ocrx_word' id='word_1_39' title='bbox 1551 738 1802 780; x_wconf 85' lang='lat' dir='ltr'><strong>sermone</strong></span> 
     </span>
    </p>
   </div>
   <div class='ocr_carea' id='block_1_6' title="bbox 217 814 1802 886">
    <p class='ocr_par' dir='ltr' id='par_1_6' title="bbox 217 814 1802 886">
     <span class='ocr_line' id='line_1_6' title="bbox 217 814 1802 886; baseline -0.001 -14"><span class='ocrx_word' id='word_1_40' title='bbox 217 817 548 873; x_wconf 83' lang='lat' dir='ltr'><strong>celebratur.</strong></span> <span class='ocrx_word' id='word_1_41' title='bbox 592 815 756 885; x_wconf 84' lang='lat' dir='ltr'><strong>Cujus</strong></span> <span class='ocrx_word' id='word_1_42' title='bbox 795 814 992 884; x_wconf 78' lang='lat' dir='ltr'><strong>ingenii</strong></span> <span class='ocrx_word' id='word_1_43' title='bbox 1040 815 1355 886; x_wconf 78' lang='lat' dir='ltr'><strong>magnitudo</strong></span> <span class='ocrx_word' id='word_1_44' title='bbox 1391 815 1458 870; x_wconf 90' lang='lat' dir='ltr'><strong>de</strong></span> <span class='ocrx_word' id='word_1_45' title='bbox 1500 814 1640 870; x_wconf 88' lang='lat' dir='ltr'><strong>libro</strong></span> <span class='ocrx_word' id='word_1_46' title='bbox 1661 816 1802 885; x_wconf 87' lang='lat' dir='ltr'><strong>quod</strong></span> 
     </span>
    </p>
   </div>
   <div class='ocr_carea' id='block_1_7' title="bbox 217 905 1807 978">
    <p class='ocr_par' dir='ltr' id='par_1_7' title="bbox 217 905 1807 978">
     <span class='ocr_line' id='line_1_7' title="bbox 217 905 1807 978; baseline -0.003 -16"><span class='ocrx_word' id='word_1_47' title='bbox 217 923 389 978; x_wconf 85' lang='lat' dir='ltr'><strong>super</strong></span> <span class='ocrx_word' id='word_1_48' title='bbox 430 906 642 960; x_wconf 83' lang='lat' dir='ltr'><strong>Pascha</strong></span> <span class='ocrx_word' id='word_1_49' title='bbox 681 905 1004 973; x_wconf 84' lang='lat' dir='ltr'><strong>composuit,</strong></span> <span class='ocrx_word' id='word_1_50' title='bbox 1054 913 1110 958; x_wconf 91' lang='lat' dir='ltr'><strong>et</strong></span> <span class='ocrx_word' id='word_1_51' title='bbox 1158 905 1225 959; x_wconf 90' lang='lat' dir='ltr'><strong>de</strong></span> <span class='ocrx_word' id='word_1_52' title='bbox 1279 906 1465 960; x_wconf 86' lang='lat' dir='ltr'><strong>decem</strong></span> <span class='ocrx_word' id='word_1_53' title='bbox 1505 905 1657 960; x_wconf 81' lang='lat' dir='ltr'><strong>libris</strong></span> <span class='ocrx_word' id='word_1_54' title='bbox 1702 907 1807 959; x_wconf 86' lang='lat' dir='ltr'><strong>ari-</strong></span> 
     </span>
    </p>
   </div>
   <div class='ocr_carea' id='block_1_8' title="bbox 219 993 1798 1066">
    <p class='ocr_par' dir='ltr' id='par_1_8' title="bbox 219 993 1798 1066">
     <span class='ocr_line' id='line_1_8' title="bbox 219 993 1798 1066; baseline 0 -16"><span class='ocrx_word' id='word_1_55' title='bbox 219 995 499 1051; x_wconf 65' lang='lat' dir='ltr'><strong>thmeticae</strong></span> <span class='ocrx_word' id='word_1_56' title='bbox 537 993 910 1058; x_wconf 88' lang='lat' dir='ltr'><strong>lnstitutionis,</strong></span> <span class='ocrx_word' id='word_1_57' title='bbox 950 1001 1130 1064; x_wconf 84' lang='lat' dir='ltr'><strong>potest</strong></span> <span class='ocrx_word' id='word_1_58' title='bbox 1157 995 1498 1065; x_wconf 74' lang='lat' dir='ltr'><strong>apertissime</strong></span> <span class='ocrx_word' id='word_1_59' title='bbox 1525 997 1798 1066; x_wconf 76' lang='lat' dir='ltr'><strong>cognosci.</strong></span> 
     </span>
    </p>
   </div>
   <div class='ocr_carea' id='block_1_9' title="bbox 219 1084 1799 1154">
    <p class='ocr_par' dir='ltr' id='par_1_9' title="bbox 219 1084 1799 1154">
     <span class='ocr_line' id='line_1_9' title="bbox 219 1084 1799 1154; baseline 0.001 -15"><span class='ocrx_word' id='word_1_60' title='bbox 219 1085 380 1140; x_wconf 83' lang='lat' dir='ltr'><strong>Tunc</strong></span> <span class='ocrx_word' id='word_1_61' title='bbox 405 1085 662 1154; x_wconf 90' lang='lat' dir='ltr'><strong>temporis</strong></span> <span class='ocrx_word' id='word_1_62' title='bbox 689 1084 896 1139; x_wconf 89' lang='lat' dir='ltr'><strong>insania</strong></span> <span class='ocrx_word' id='word_1_63' title='bbox 919 1084 1330 1140; x_wconf 80' lang='lat' dir='ltr'><strong>Mauiclueorum</strong></span> <span class='ocrx_word' id='word_1_64' title='bbox 1359 1086 1582 1141; x_wconf 61' lang='lat' dir='ltr'><strong>haeresis</strong></span> <span class='ocrx_word' id='word_1_65' title='bbox 1603 1087 1799 1142; x_wconf 92' lang='lat' dir='ltr'><strong>oritur.</strong></span> 
     </span>
    </p>
   </div>
   <div class='ocr_carea' id='block_1_10' title="bbox 221 1175 1806 1246">
    <p class='ocr_par' dir='ltr' id='par_1_10' title="bbox 221 1175 1806 1246">
     <span class='ocr_line' id='line_1_10' title="bbox 221 1175 1806 1246; baseline 0.001 -16"><span class='ocrx_word' id='word_1_66' title='bbox 221 1177 344 1243; x_wconf 82' lang='lat' dir='ltr'><strong>Quo</strong></span> <span class='ocrx_word' id='word_1_67' title='bbox 385 1187 625 1245; x_wconf 88' lang='lat' dir='ltr'><strong>tempore</strong></span> <span class='ocrx_word' id='word_1_68' title='bbox 653 1175 970 1230; x_wconf 79' lang='lat' dir='ltr'><strong>Viennensis</strong></span> <span class='ocrx_word' id='word_1_69' title='bbox 1015 1176 1299 1245; x_wconf 87' lang='lat' dir='ltr'><strong>episcopus</strong></span> <span class='ocrx_word' id='word_1_70' title='bbox 1332 1175 1619 1246; x_wconf 87' lang='lat' dir='ltr'><strong>Simplides</strong></span> <span class='ocrx_word' id='word_1_71' title='bbox 1656 1177 1806 1232; x_wconf 63' lang='lat' dir='ltr'><strong>mira:</strong></span> 
     </span>
    </p>
   </div>
   <div class='ocr_carea' id='block_1_11' title="bbox 224 1265 1806 1337">
    <p class='ocr_par' dir='ltr' id='par_1_11' title="bbox 224 1265 1806 1337">
     <span class='ocr_line' id='line_1_11' title="bbox 224 1265 1806 1337; baseline 0.002 -14"><span class='ocrx_word' id='word_1_72' title='bbox 224 1267 533 1323; x_wconf 75' lang='lat' dir='ltr'><strong>sanctitatis</strong></span> <span class='ocrx_word' id='word_1_73' title='bbox 555 1265 754 1320; x_wconf 82' lang='lat' dir='ltr'><strong>floruit.</strong></span> <span class='ocrx_word' id='word_1_74' title='bbox 785 1265 1096 1321; x_wconf 89' lang='lat' dir='ltr'><strong>Permansit</strong></span> <span class='ocrx_word' id='word_1_75' title='bbox 1123 1277 1302 1322; x_wconf 89' lang='lat' dir='ltr'><strong>autem</strong></span> <span class='ocrx_word' id='word_1_76' title='bbox 1340 1282 1508 1336; x_wconf 92' lang='lat' dir='ltr'><strong>usque</strong></span> <span class='ocrx_word' id='word_1_77' title='bbox 1535 1267 1604 1322; x_wconf 90' lang='lat' dir='ltr'><strong>ad</strong></span> <span class='ocrx_word' id='word_1_78' title='bbox 1635 1267 1806 1337; x_wconf 85' lang='lat' dir='ltr'><strong>impe-</strong></span> 
     </span>
    </p>
   </div>
   <div class='ocr_carea' id='block_1_12' title="bbox 226 1358 883 1428">
    <p class='ocr_par' dir='ltr' id='par_1_12' title="bbox 226 1358 883 1428">
     <span class='ocr_line' id='line_1_12' title="bbox 226 1358 883 1428; baseline -0.005 -15"><span class='ocrx_word' id='word_1_79' title='bbox 226 1359 426 1413; x_wconf 89' lang='lat' dir='ltr'><strong>ratoris</strong></span> <span class='ocrx_word' id='word_1_80' title='bbox 466 1358 589 1412; x_wconf 89' lang='lat' dir='ltr'><strong>Cari</strong></span> <span class='ocrx_word' id='word_1_81' title='bbox 620 1368 883 1428; x_wconf 89' lang='lat' dir='ltr'><strong>tempora.</strong></span> 
     </span>
    </p>
   </div>
   <div class='ocr_carea' id='block_1_13' title="bbox 299 1448 1804 1521">
    <p class='ocr_par' dir='ltr' id='par_1_13' title="bbox 299 1448 1804 1521">
     <span class='ocr_line' id='line_1_13' title="bbox 299 1448 1804 1521; baseline 0.001 -19"><span class='ocrx_word' id='word_1_82' title='bbox 299 1448 449 1521; x_wconf 73' lang='lat'><strong>[279]</strong></span> <span class='ocrx_word' id='word_1_83' title='bbox 489 1448 696 1504; x_wconf 86' lang='lat' dir='ltr'><strong>Probus</strong></span> <span class='ocrx_word' id='word_1_84' title='bbox 726 1448 1024 1518; x_wconf 88' lang='lat' dir='ltr'><strong>imperator</strong></span> <span class='ocrx_word' id='word_1_85' title='bbox 1050 1464 1222 1505; x_wconf 91' lang='lat' dir='ltr'><strong>annos</strong></span> <span class='ocrx_word' id='word_1_86' title='bbox 1267 1465 1386 1515; x_wconf 86' lang='lat' dir='ltr'><strong>sex,</strong></span> <span class='ocrx_word' id='word_1_87' title='bbox 1421 1464 1634 1506; x_wconf 86' lang='lat' dir='ltr'><strong>menses</strong></span> <span class='ocrx_word' id='word_1_88' title='bbox 1667 1466 1804 1520; x_wconf 87' lang='lat' dir='ltr'><strong>qua-</strong></span> 
     </span>
    </p>
   </div>
   <div class='ocr_carea' id='block_1_14' title="bbox 227 1540 1802 1611">
    <p class='ocr_par' dir='ltr' id='par_1_14' title="bbox 227 1540 1802 1611">
     <span class='ocr_line' id='line_1_14' title="bbox 227 1540 1802 1611; baseline 0.001 -16"><span class='ocrx_word' id='word_1_89' title='bbox 227 1550 374 1596; x_wconf 89' lang='lat' dir='ltr'><strong>tuor.</strong></span> <span class='ocrx_word' id='word_1_90' title='bbox 414 1541 512 1594; x_wconf 84' lang='lat' dir='ltr'><strong>Hic</strong></span> <span class='ocrx_word' id='word_1_91' title='bbox 553 1540 751 1595; x_wconf 83' lang='lat' dir='ltr'><strong>Gallias</strong></span> <span class='ocrx_word' id='word_1_92' title='bbox 777 1540 1097 1610; x_wconf 84' lang='lat' dir='ltr'><strong>jamdudum</strong></span> <span class='ocrx_word' id='word_1_93' title='bbox 1140 1557 1170 1595; x_wconf 89' lang='lat' dir='ltr'><strong>a</strong></span> <span class='ocrx_word' id='word_1_94' title='bbox 1203 1541 1447 1598; x_wconf 88' lang='lat' dir='ltr'><strong>barbaris</strong></span> <span class='ocrx_word' id='word_1_95' title='bbox 1487 1551 1802 1611; x_wconf 89' lang='lat' dir='ltr'><strong>occupatas,</strong></span> 
     </span>
    </p>
   </div>
   <div class='ocr_carea' id='block_1_15' title="bbox 227 1631 1804 1702">
    <p class='ocr_par' dir='ltr' id='par_1_15' title="bbox 227 1631 1804 1702">
     <span class='ocr_line' id='line_1_15' title="bbox 227 1631 1804 1702; baseline -0.001 -15"><span class='ocrx_word' id='word_1_96' title='bbox 227 1649 327 1702; x_wconf 88' lang='lat' dir='ltr'><strong>per</strong></span> <span class='ocrx_word' id='word_1_97' title='bbox 355 1632 517 1686; x_wconf 90' lang='lat' dir='ltr'><strong>multa</strong></span> <span class='ocrx_word' id='word_1_98' title='bbox 549 1631 732 1701; x_wconf 81' lang='lat' dir='ltr'><strong>gravia</strong></span> <span class='ocrx_word' id='word_1_99' title='bbox 760 1631 940 1700; x_wconf 67' lang='lat' dir='ltr'><strong>prrelia</strong></span> <span class='ocrx_word' id='word_1_100' title='bbox 969 1631 1159 1686; x_wconf 88' lang='lat' dir='ltr'><strong>deletis</strong></span> <span class='ocrx_word' id='word_1_101' title='bbox 1190 1633 1402 1687; x_wconf 83' lang='lat' dir='ltr'><strong>tandem</strong></span> <span class='ocrx_word' id='word_1_102' title='bbox 1440 1633 1705 1698; x_wconf 85' lang='lat' dir='ltr'><strong>hostibus,</strong></span> <span class='ocrx_word' id='word_1_103' title='bbox 1736 1632 1804 1686; x_wconf 88' lang='lat' dir='ltr'><strong>ad</strong></span> 
     </span>
    </p>
   </div>
   <div class='ocr_carea' id='block_1_16' title="bbox 232 1720 1836 1792">
    <p class='ocr_par' dir='ltr' id='par_1_16' title="bbox 232 1720 1836 1792">
     <span class='ocr_line' id='line_1_16' title="bbox 232 1720 1836 1792; baseline 0.001 -17"><span class='ocrx_word' id='word_1_104' title='bbox 232 1722 528 1792; x_wconf 77' lang='lat' dir='ltr'><strong>perfectum</strong></span> <span class='ocrx_word' id='word_1_105' title='bbox 567 1720 830 1775; x_wconf 84' lang='lat' dir='ltr'><strong>liberavit.</strong></span> <span class='ocrx_word' id='word_1_106' title='bbox 863 1720 1008 1775; x_wconf 87' lang='lat' dir='ltr'><strong>Bella</strong></span> <span class='ocrx_word' id='word_1_107' title='bbox 1039 1721 1230 1777; x_wconf 89' lang='lat' dir='ltr'><strong>deinde</strong></span> <span class='ocrx_word' id='word_1_108' title='bbox 1267 1722 1464 1786; x_wconf 82' lang='lat' dir='ltr'><strong>civilia,</strong></span> <span class='ocrx_word' id='word_1_109' title='bbox 1494 1731 1552 1776; x_wconf 89' lang='lat' dir='ltr'><strong>et</strong></span> <span class='ocrx_word' id='word_1_110' title='bbox 1585 1722 1802 1792; x_wconf 87' lang='lat' dir='ltr'><strong>quidem</strong></span> <span class='ocrx_word' id='word_1_111' title='bbox 1833 1747 1836 1752; x_wconf 91' lang='lat'><strong><em>-</em></strong></span> 
     </span>
    </p>
   </div>
   <div class='ocr_carea' id='block_1_17' title="bbox 1908 541 3482 620">
    <p class='ocr_par' dir='ltr' id='par_1_17' title="bbox 1908 541 3482 620">
     <span class='ocr_line' id='line_1_17' title="bbox 1908 541 3482 620; baseline 0.008 -27"><span class='ocrx_word' id='word_1_112' title='bbox 1908 557 2076 605; x_wconf 89' lang='lat' dir='ltr'><strong>num,</strong></span> <span class='ocrx_word' id='word_1_113' title='bbox 2124 541 2390 599; x_wconf 67' lang='lat' dir='ltr'><strong>Caesarem</strong></span> <span class='ocrx_word' id='word_1_114' title='bbox 2449 544 2612 610; x_wconf 91' lang='lat' dir='ltr'><strong>fecit,</strong></span> <span class='ocrx_word' id='word_1_115' title='bbox 2667 545 2921 615; x_wconf 89' lang='lat' dir='ltr'><strong>misitque</strong></span> <span class='ocrx_word' id='word_1_116' title='bbox 2974 547 3028 601; x_wconf 92' lang='lat' dir='ltr'><strong>in</strong></span> <span class='ocrx_word' id='word_1_117' title='bbox 3084 545 3322 614; x_wconf 81' lang='lat' dir='ltr'><strong>Gallias;</strong></span> <span class='ocrx_word' id='word_1_118' title='bbox 3391 552 3482 620; x_wconf 92' lang='lat' dir='ltr'><strong>qui</strong></span> 
     </span>
    </p>
   </div>
   <div class='ocr_carea' id='block_1_18' title="bbox 1908 631 3486 702">
    <p class='ocr_par' dir='ltr' id='par_1_18' title="bbox 1908 631 3486 702">
     <span class='ocr_line' id='line_1_18' title="bbox 1908 631 3486 702; baseline 0.006 -17"><span class='ocrx_word' id='word_1_119' title='bbox 1908 631 2064 688; x_wconf 89' lang='lat' dir='ltr'><strong>facile</strong></span> <span class='ocrx_word' id='word_1_120' title='bbox 2103 635 2392 702; x_wconf 73' lang='lat' dir='ltr'><strong>agrestium</strong></span> <span class='ocrx_word' id='word_1_121' title='bbox 2431 636 2707 690; x_wconf 82' lang='lat' dir='ltr'><strong>hominum</strong></span> <span class='ocrx_word' id='word_1_122' title='bbox 2739 645 2794 690; x_wconf 89' lang='lat' dir='ltr'><strong>et</strong></span> <span class='ocrx_word' id='word_1_123' title='bbox 2827 636 3109 692; x_wconf 88' lang='lat' dir='ltr'><strong>confusam</strong></span> <span class='ocrx_word' id='word_1_124' title='bbox 3137 654 3353 693; x_wconf 88' lang='lat' dir='ltr'><strong>manum</strong></span> <span class='ocrx_word' id='word_1_125' title='bbox 3387 643 3486 695; x_wconf 91' lang='lat' dir='ltr'><strong>mi-</strong></span> 
     </span>
    </p>
   </div>
   <div class='ocr_carea' id='block_1_19' title="bbox 1906 721 3484 799">
    <p class='ocr_par' dir='ltr' id='par_1_19' title="bbox 1906 721 3484 799">
     <span class='ocr_line' id='line_1_19' title="bbox 1906 721 3484 799; baseline 0.008 -25"><span class='ocrx_word' id='word_1_126' title='bbox 1906 721 2046 776; x_wconf 88' lang='lat' dir='ltr'><strong>litari</strong></span> <span class='ocrx_word' id='word_1_127' title='bbox 2079 724 2276 778; x_wconf 86' lang='lat' dir='ltr'><strong>virtute</strong></span> <span class='ocrx_word' id='word_1_128' title='bbox 2312 727 2632 794; x_wconf 82' lang='lat' dir='ltr'><strong>composuit.</strong></span> <span class='ocrx_word' id='word_1_129' title='bbox 2671 727 2836 798; x_wconf 88' lang='lat' dir='ltr'><strong>Igitur</strong></span> <span class='ocrx_word' id='word_1_130' title='bbox 2884 745 2983 799; x_wconf 87' lang='lat' dir='ltr'><strong>per</strong></span> <span class='ocrx_word' id='word_1_131' title='bbox 3021 744 3212 784; x_wconf 90' lang='lat' dir='ltr'><strong>omnes</strong></span> <span class='ocrx_word' id='word_1_132' title='bbox 3256 731 3484 787; x_wconf 80' lang='lat' dir='ltr'><strong>Romani</strong></span> 
     </span>
    </p>
   </div>
   <div class='ocr_carea' id='block_1_20' title="bbox 1907 812 3488 889">
    <p class='ocr_par' dir='ltr' id='par_1_20' title="bbox 1907 812 3488 889">
     <span class='ocr_line' id='line_1_20' title="bbox 1907 812 3488 889; baseline 0.007 -24"><span class='ocrx_word' id='word_1_133' title='bbox 1907 812 2116 881; x_wconf 91' lang='lat' dir='ltr'><strong>imperii</strong></span> <span class='ocrx_word' id='word_1_134' title='bbox 2165 813 2297 868; x_wconf 87' lang='lat' dir='ltr'><strong>fines</strong></span> <span class='ocrx_word' id='word_1_135' title='bbox 2337 815 2634 870; x_wconf 90' lang='lat' dir='ltr'><strong>subitarum</strong></span> <span class='ocrx_word' id='word_1_136' title='bbox 2683 818 3046 873; x_wconf 90' lang='lat' dir='ltr'><strong>turbationum</strong></span> <span class='ocrx_word' id='word_1_137' title='bbox 3090 818 3305 889; x_wconf 79' lang='lat' dir='ltr'><strong>fragore</strong></span> <span class='ocrx_word' id='word_1_138' title='bbox 3351 836 3488 876; x_wconf 88' lang='lat' dir='ltr'><strong>con-</strong></span> 
     </span>
    </p>
   </div>
   <div class='ocr_carea' id='block_1_21' title="bbox 1906 902 3482 980">
    <p class='ocr_par' dir='ltr' id='par_1_21' title="bbox 1906 902 3482 980">
     <span class='ocr_line' id='line_1_21' title="bbox 1906 902 3482 980; baseline 0.005 -24"><span class='ocrx_word' id='word_1_139' title='bbox 1906 912 2231 972; x_wconf 87' lang='lat' dir='ltr'><strong>crepuerunt</strong></span> <span class='ocrx_word' id='word_1_140' title='bbox 2261 920 2273 956; x_wconf 92' lang='lat'><strong>:</strong></span> <span class='ocrx_word' id='word_1_141' title='bbox 2306 902 2562 960; x_wconf 87' lang='lat' dir='ltr'><strong>Carausio</strong></span> <span class='ocrx_word' id='word_1_142' title='bbox 2608 905 2661 961; x_wconf 91' lang='lat' dir='ltr'><strong>in</strong></span> <span class='ocrx_word' id='word_1_143' title='bbox 2693 905 2987 964; x_wconf 87' lang='lat' dir='ltr'><strong>Britanniis</strong></span> <span class='ocrx_word' id='word_1_144' title='bbox 3036 908 3356 976; x_wconf 84' lang='lat' dir='ltr'><strong>rebellante,</strong></span> <span class='ocrx_word' id='word_1_145' title='bbox 3388 911 3482 980; x_wconf 82' lang='lat' dir='ltr'><strong>qui</strong></span> 
     </span>
    </p>
   </div>
   <div class='ocr_carea' id='block_1_22' title="bbox 1905 993 3484 1072">
    <p class='ocr_par' dir='ltr' id='par_1_22' title="bbox 1905 993 3484 1072">
     <span class='ocr_line' id='line_1_22' title="bbox 1905 993 3484 1072; baseline 0.008 -26"><span class='ocrx_word' id='word_1_146' title='bbox 1905 993 2137 1062; x_wconf 91' lang='lat' dir='ltr'><strong>primum</strong></span> <span class='ocrx_word' id='word_1_147' title='bbox 2177 995 2244 1048; x_wconf 90' lang='lat' dir='ltr'><strong>ad</strong></span> <span class='ocrx_word' id='word_1_148' title='bbox 2292 995 2625 1050; x_wconf 84' lang='lat' dir='ltr'><strong>observanda</strong></span> <span class='ocrx_word' id='word_1_149' title='bbox 2665 994 2868 1053; x_wconf 88' lang='lat' dir='ltr'><strong>Oceani</strong></span> <span class='ocrx_word' id='word_1_150' title='bbox 2916 999 3137 1066; x_wconf 88' lang='lat' dir='ltr'><strong>littora,</strong></span> <span class='ocrx_word' id='word_1_151' title='bbox 3185 1018 3307 1072; x_wconf 81' lang='lat' dir='ltr'><strong>qua:</strong></span> <span class='ocrx_word' id='word_1_152' title='bbox 3355 1011 3484 1059; x_wconf 83' lang='lat' dir='ltr'><strong>tunc</strong></span> 
     </span>
    </p>
   </div>
   <div class='ocr_carea' id='block_1_23' title="bbox 1905 1084 3481 1164">
    <p class='ocr_par' dir='ltr' id='par_1_23' title="bbox 1905 1084 3481 1164">
     <span class='ocr_line' id='line_1_23' title="bbox 1905 1084 3481 1164; baseline 0.006 -26"><span class='ocrx_word' id='word_1_153' title='bbox 1905 1084 2098 1140; x_wconf 87' lang='lat' dir='ltr'><strong>Franci</strong></span> <span class='ocrx_word' id='word_1_154' title='bbox 2124 1095 2181 1142; x_wconf 92' lang='lat' dir='ltr'><strong>et</strong></span> <span class='ocrx_word' id='word_1_155' title='bbox 2209 1085 2454 1141; x_wconf 80' lang='lat' dir='ltr'><strong>Saxones</strong></span> <span class='ocrx_word' id='word_1_156' title='bbox 2485 1087 2835 1154; x_wconf 88' lang='lat' dir='ltr'><strong>infestabant,</strong></span> <span class='ocrx_word' id='word_1_157' title='bbox 2867 1090 3096 1159; x_wconf 90' lang='lat' dir='ltr'><strong>positus,</strong></span> <span class='ocrx_word' id='word_1_158' title='bbox 3127 1107 3248 1146; x_wconf 93' lang='lat' dir='ltr'><strong>cum</strong></span> <span class='ocrx_word' id='word_1_159' title='bbox 3278 1092 3399 1164; x_wconf 86' lang='lat' dir='ltr'><strong>plus</strong></span> <span class='ocrx_word' id='word_1_160' title='bbox 3427 1094 3481 1148; x_wconf 85' lang='lat' dir='ltr'><strong>in</strong></span> 
     </span>
    </p>
   </div>
   <div class='ocr_carea' id='block_1_24' title="bbox 1906 1175 3486 1250">
    <p class='ocr_par' dir='ltr' id='par_1_24' title="bbox 1906 1175 3486 1250">
     <span class='ocr_line' id='line_1_24' title="bbox 1906 1175 3486 1250; baseline 0.006 -22"><span class='ocrx_word' id='word_1_161' title='bbox 1906 1175 2218 1244; x_wconf 88' lang='lat' dir='ltr'><strong>perniciem,</strong></span> <span class='ocrx_word' id='word_1_162' title='bbox 2247 1191 2410 1245; x_wconf 90' lang='lat' dir='ltr'><strong>quam</strong></span> <span class='ocrx_word' id='word_1_163' title='bbox 2437 1176 2489 1230; x_wconf 91' lang='lat' dir='ltr'><strong>in</strong></span> <span class='ocrx_word' id='word_1_164' title='bbox 2532 1176 2834 1246; x_wconf 90' lang='lat' dir='ltr'><strong>profectum</strong></span> <span class='ocrx_word' id='word_1_165' title='bbox 2875 1179 3182 1247; x_wconf 65' lang='lat' dir='ltr'><strong>reipublicae</strong></span> <span class='ocrx_word' id='word_1_166' title='bbox 3217 1191 3422 1250; x_wconf 83' lang='lat' dir='ltr'><strong>ageret,</strong></span> <span class='ocrx_word' id='word_1_167' title='bbox 3456 1198 3486 1236; x_wconf 90' lang='lat' dir='ltr'><strong>a</strong></span> 
     </span>
    </p>
   </div>
   <div class='ocr_carea' id='block_1_25' title="bbox 1906 1265 3478 1341">
    <p class='ocr_par' dir='ltr' id='par_1_25' title="bbox 1906 1265 3478 1341">
     <span class='ocr_line' id='line_1_25' title="bbox 1906 1265 3478 1341; baseline 0.005 -21"><span class='ocrx_word' id='word_1_168' title='bbox 1906 1265 2230 1322; x_wconf 79' lang='lat' dir='ltr'><strong>Maximiano</strong></span> <span class='ocrx_word' id='word_1_169' title='bbox 2285 1265 2470 1334; x_wconf 89' lang='lat' dir='ltr'><strong>jussus</strong></span> <span class='ocrx_word' id='word_1_170' title='bbox 2514 1268 2724 1334; x_wconf 85' lang='lat' dir='ltr'><strong>occidi,</strong></span> <span class='ocrx_word' id='word_1_171' title='bbox 2776 1284 3071 1338; x_wconf 88' lang='lat' dir='ltr'><strong>purpuram</strong></span> <span class='ocrx_word' id='word_1_172' title='bbox 3125 1283 3478 1341; x_wconf 74' lang='lat' dir='ltr'><strong>sumpserat;</strong></span> 
     </span>
    </p>
   </div>
   <div class='ocr_carea' id='block_1_26' title="bbox 1905 1357 3482 1434">
    <p class='ocr_par' dir='ltr' id='par_1_26' title="bbox 1905 1357 3482 1434">
     <span class='ocr_line' id='line_1_26' title="bbox 1905 1357 3482 1434; baseline 0.003 -21"><span class='ocrx_word' id='word_1_173' title='bbox 1905 1359 2164 1413; x_wconf 69' lang='lat' dir='ltr'><strong>Achillam</strong></span> <span class='ocrx_word' id='word_1_174' title='bbox 2190 1359 2244 1412; x_wconf 93' lang='lat' dir='ltr'><strong>in</strong></span> <span class='ocrx_word' id='word_1_175' title='bbox 2273 1357 2529 1430; x_wconf 66' lang='lat' dir='ltr'><strong>zEgypto,</strong></span> <span class='ocrx_word' id='word_1_176' title='bbox 2565 1374 2686 1413; x_wconf 89' lang='lat' dir='ltr'><strong>cum</strong></span> <span class='ocrx_word' id='word_1_177' title='bbox 2719 1369 2774 1414; x_wconf 91' lang='lat' dir='ltr'><strong>et</strong></span> <span class='ocrx_word' id='word_1_178' title='bbox 2817 1359 3056 1416; x_wconf 84' lang='lat' dir='ltr'><strong>Africam</strong></span> <span class='ocrx_word' id='word_1_179' title='bbox 3105 1363 3482 1434; x_wconf 73' lang='lat' dir='ltr'><strong>Quingentiani</strong></span> 
     </span>
    </p>
   </div>
   <div class='ocr_carea' id='block_1_27' title="bbox 1905 1449 3486 1518">
    <p class='ocr_par' dir='ltr' id='par_1_27' title="bbox 1905 1449 3486 1518">
     <span class='ocr_line' id='line_1_27' title="bbox 1905 1449 3486 1518; baseline 0.004 -15"><span class='ocrx_word' id='word_1_180' title='bbox 1905 1449 2250 1514; x_wconf 88' lang='lat' dir='ltr'><strong>infcstarcnt;</strong></span> <span class='ocrx_word' id='word_1_181' title='bbox 2276 1450 2512 1506; x_wconf 82' lang='lat' dir='ltr'><strong>Narseus</strong></span> <span class='ocrx_word' id='word_1_182' title='bbox 2536 1452 2723 1516; x_wconf 89' lang='lat' dir='ltr'><strong>etiam,</strong></span> <span class='ocrx_word' id='word_1_183' title='bbox 2747 1467 2838 1507; x_wconf 88' lang='lat' dir='ltr'><strong>rex</strong></span> <span class='ocrx_word' id='word_1_184' title='bbox 2863 1452 3174 1518; x_wconf 84' lang='lat' dir='ltr'><strong>Persarum,</strong></span> <span class='ocrx_word' id='word_1_185' title='bbox 3206 1453 3486 1510; x_wconf 89' lang='lat' dir='ltr'><strong>Orientem</strong></span> 
     </span>
    </p>
   </div>
   <div class='ocr_carea' id='block_1_28' title="bbox 1905 1539 3484 1613">
    <p class='ocr_par' dir='ltr' id='par_1_28' title="bbox 1905 1539 3484 1613">
     <span class='ocr_line' id='line_1_28' title="bbox 1905 1539 3484 1613; baseline 0.003 -19"><span class='ocrx_word' id='word_1_186' title='bbox 1905 1539 2044 1594; x_wconf 93' lang='lat' dir='ltr'><strong>bello</strong></span> <span class='ocrx_word' id='word_1_187' title='bbox 2076 1549 2362 1608; x_wconf 87' lang='lat' dir='ltr'><strong>premeret.</strong></span> <span class='ocrx_word' id='word_1_188' title='bbox 2392 1539 2504 1596; x_wconf 87' lang='lat' dir='ltr'><strong>Hoc</strong></span> <span class='ocrx_word' id='word_1_189' title='bbox 2526 1541 2764 1610; x_wconf 89' lang='lat' dir='ltr'><strong>periculo</strong></span> <span class='ocrx_word' id='word_1_190' title='bbox 2789 1541 3158 1598; x_wconf 88' lang='lat' dir='ltr'><strong>Diocletianus</strong></span> <span class='ocrx_word' id='word_1_191' title='bbox 3184 1553 3484 1613; x_wconf 88' lang='lat' dir='ltr'><strong>permotus,</strong></span> 
     </span>
    </p>
   </div>
   <div class='ocr_carea' id='block_1_29' title="bbox 1906 1628 3482 1704">
    <p class='ocr_par' dir='ltr' id='par_1_29' title="bbox 1906 1628 3482 1704">
     <span class='ocr_line' id='line_1_29' title="bbox 1906 1628 3482 1704; baseline 0.001 -20"><span class='ocrx_word' id='word_1_192' title='bbox 1906 1629 2286 1684; x_wconf 83' lang='lat' dir='ltr'><strong>Maximianum</strong></span> <span class='ocrx_word' id='word_1_193' title='bbox 2322 1628 2634 1686; x_wconf 90' lang='lat' dir='ltr'><strong>Herculium</strong></span> <span class='ocrx_word' id='word_1_194' title='bbox 2658 1646 2724 1686; x_wconf 90' lang='lat' dir='ltr'><strong>ex</strong></span> <span class='ocrx_word' id='word_1_195' title='bbox 2747 1630 2960 1687; x_wconf 66' lang='lat' dir='ltr'><strong>Caesare</strong></span> <span class='ocrx_word' id='word_1_196' title='bbox 2989 1631 3117 1688; x_wconf 89' lang='lat' dir='ltr'><strong>fecit</strong></span> <span class='ocrx_word' id='word_1_197' title='bbox 3144 1632 3482 1704; x_wconf 82' lang='lat' dir='ltr'><strong>Augustum;</strong></span> 
     </span>
    </p>
   </div>
   <div class='ocr_carea' id='block_1_30' title="bbox 1905 1718 3486 1786">
    <p class='ocr_par' dir='ltr' id='par_1_30' title="bbox 1905 1718 3486 1786">
     <span class='ocr_line' id='line_1_30' title="bbox 1905 1718 3486 1786; baseline 0.003 -12"><span class='ocrx_word' id='word_1_198' title='bbox 1905 1718 2276 1774; x_wconf 84' lang='lat' dir='ltr'><strong>Constantium</strong></span> <span class='ocrx_word' id='word_1_199' title='bbox 2320 1735 2474 1786; x_wconf 89' lang='lat' dir='ltr'><strong>vero,</strong></span> <span class='ocrx_word' id='word_1_200' title='bbox 2498 1732 2552 1775; x_wconf 90' lang='lat' dir='ltr'><strong>et</strong></span> <span class='ocrx_word' id='word_1_201' title='bbox 2584 1721 2958 1786; x_wconf 79' lang='lat' dir='ltr'><strong>Maximinum,</strong></span> <span class='ocrx_word' id='word_1_202' title='bbox 3000 1733 3056 1779; x_wconf 90' lang='lat' dir='ltr'><strong>et</strong></span> <span class='ocrx_word' id='word_1_203' title='bbox 3100 1723 3486 1779; x_wconf 85' lang='lat' dir='ltr'><strong>Maximianum</strong></span> 
     </span>
    </p>
   </div>
   <div class='ocr_carea' id='block_1_31' title="bbox 228 1809 3481 1883">
    <p class='ocr_par' dir='ltr' id='par_1_31' title="bbox 228 1809 3481 1883">
     <span class='ocr_line' id='line_1_31' title="bbox 228 1809 3481 1883; baseline 0.001 -17"><span class='ocrx_word' id='word_1_204' title='bbox 228 1815 464 1883; x_wconf 87' lang='lat' dir='ltr'><strong>plurimo</strong></span> <span class='ocrx_word' id='word_1_205' title='bbox 491 1812 768 1882; x_wconf 80' lang='lat' dir='ltr'><strong>sanguine,</strong></span> <span class='ocrx_word' id='word_1_206' title='bbox 791 1815 897 1866; x_wconf 87' lang='lat' dir='ltr'><strong>duo</strong></span> <span class='ocrx_word' id='word_1_207' title='bbox 920 1813 1086 1882; x_wconf 78' lang='lat' dir='ltr'><strong>gessit</strong></span> <span class='ocrx_word' id='word_1_208' title='bbox 1113 1830 1126 1866; x_wconf 88' lang='lat'><strong>:</strong></span> <span class='ocrx_word' id='word_1_209' title='bbox 1156 1828 1320 1867; x_wconf 91' lang='lat' dir='ltr'><strong>unum</strong></span> <span class='ocrx_word' id='word_1_210' title='bbox 1347 1814 1399 1868; x_wconf 92' lang='lat' dir='ltr'><strong>in</strong></span> <span class='ocrx_word' id='word_1_211' title='bbox 1435 1811 1675 1879; x_wconf 91' lang='lat' dir='ltr'><strong>Oriente,</strong></span> <span class='ocrx_word' id='word_1_212' title='bbox 1695 1828 1803 1882; x_wconf 93' lang='lat' dir='ltr'><strong>quo</strong></span> <span class='ocrx_word' id='word_1_213' title='bbox 1839 1809 1878 1865; x_wconf 77' lang='grc' dir='ltr'><strong>Β</strong></span> <span class='ocrx_word' id='word_1_214' title='bbox 1908 1810 2196 1872; x_wconf 76' lang='lat' dir='ltr'><strong>Valerium,</strong></span> <span class='ocrx_word' id='word_1_215' title='bbox 2224 1809 2468 1866; x_wconf 61' lang='lat' dir='ltr'><strong>Caesares</strong></span> <span class='ocrx_word' id='word_1_216' title='bbox 2498 1811 2646 1882; x_wconf 77' lang='lat' dir='ltr'><strong>legit.</strong></span> <span class='ocrx_word' id='word_1_217' title='bbox 2683 1811 3034 1870; x_wconf 83' lang='lat' dir='ltr'><strong>Constantius</strong></span> <span class='ocrx_word' id='word_1_218' title='bbox 3069 1814 3283 1870; x_wconf 90' lang='lat' dir='ltr'><strong>Herculi</strong></span> <span class='ocrx_word' id='word_1_219' title='bbox 3309 1815 3481 1870; x_wconf 86' lang='lat' dir='ltr'><strong>Maxi-</strong></span> 
     </span>
    </p>
   </div>
   <div class='ocr_carea' id='block_1_32' title="bbox 227 1904 1803 1975">
    <p class='ocr_par' dir='ltr' id='par_1_32' title="bbox 227 1904 1803 1975">
     <span class='ocr_line' id='line_1_32' title="bbox 227 1904 1803 1975; baseline 0.001 -16"><span class='ocrx_word' id='word_1_220' title='bbox 227 1904 579 1959; x_wconf 89' lang='lat' dir='ltr'><strong>Saturninum</strong></span> <span class='ocrx_word' id='word_1_221' title='bbox 605 1914 893 1975; x_wconf 85' lang='lat' dir='ltr'><strong>tyrannum</strong></span> <span class='ocrx_word' id='word_1_222' title='bbox 921 1905 1204 1959; x_wconf 90' lang='lat' dir='ltr'><strong>subactum</strong></span> <span class='ocrx_word' id='word_1_223' title='bbox 1231 1913 1286 1959; x_wconf 89' lang='lat' dir='ltr'><strong>et</strong></span> <span class='ocrx_word' id='word_1_224' title='bbox 1321 1904 1589 1974; x_wconf 86' lang='lat' dir='ltr'><strong>oppressit</strong></span> <span class='ocrx_word' id='word_1_225' title='bbox 1621 1914 1670 1960; x_wconf 89' lang='lat' dir='ltr'><strong>et</strong></span> <span class='ocrx_word' id='word_1_226' title='bbox 1711 1921 1803 1960; x_wconf 89' lang='lat' dir='ltr'><strong>ce-</strong></span> 
     </span>
    </p>
   </div>
   <div class='ocr_carea' id='block_1_33' title="bbox 224 1993 1801 2068">
    <p class='ocr_par' dir='ltr' id='par_1_33' title="bbox 224 1993 1801 2068">
     <span class='ocr_line' id='line_1_33' title="bbox 224 1993 1801 2068; baseline 0.001 -21"><span class='ocrx_word' id='word_1_227' title='bbox 224 1993 510 2068; x_wconf 4' lang='lat' dir='ltr'><strong>pit;jaliud</strong></span> <span class='ocrx_word' id='word_1_228' title='bbox 536 2010 644 2062; x_wconf 87' lang='lat' dir='ltr'><strong>quo</strong></span> <span class='ocrx_word' id='word_1_229' title='bbox 681 1993 968 2048; x_wconf 87' lang='lat' dir='ltr'><strong>Proculum</strong></span> <span class='ocrx_word' id='word_1_230' title='bbox 1000 2005 1053 2050; x_wconf 91' lang='lat' dir='ltr'><strong>et</strong></span> <span class='ocrx_word' id='word_1_231' title='bbox 1088 1995 1352 2049; x_wconf 85' lang='lat' dir='ltr'><strong>Bouosum</strong></span> <span class='ocrx_word' id='word_1_232' title='bbox 1381 1998 1521 2066; x_wconf 89' lang='lat' dir='ltr'><strong>apud</strong></span> <span class='ocrx_word' id='word_1_233' title='bbox 1548 1996 1801 2067; x_wconf 86' lang='lat' dir='ltr'><strong>Agrippi-</strong></span> 
     </span>
    </p>
   </div>
   <div class='ocr_carea' id='block_1_34' title="bbox 224 2087 1800 2158">
    <p class='ocr_par' dir='ltr' id='par_1_34' title="bbox 224 2087 1800 2158">
     <span class='ocr_line' id='line_1_34' title="bbox 224 2087 1800 2158; baseline 0.001 -18"><span class='ocrx_word' id='word_1_234' title='bbox 224 2104 350 2141; x_wconf 85' lang='lat' dir='ltr'><strong>nam</strong></span> <span class='ocrx_word' id='word_1_235' title='bbox 383 2088 596 2157; x_wconf 83' lang='lat' dir='ltr'><strong>magnis</strong></span> <span class='ocrx_word' id='word_1_236' title='bbox 620 2087 818 2156; x_wconf 67' lang='lat' dir='ltr'><strong>prmliis</strong></span> <span class='ocrx_word' id='word_1_237' title='bbox 841 2097 1120 2156; x_wconf 88' lang='lat' dir='ltr'><strong>superatos</strong></span> <span class='ocrx_word' id='word_1_238' title='bbox 1149 2087 1451 2154; x_wconf 85' lang='lat' dir='ltr'><strong>interfecit;</strong></span> <span class='ocrx_word' id='word_1_239' title='bbox 1485 2089 1599 2158; x_wconf 91' lang='lat' dir='ltr'><strong>ipse</strong></span> <span class='ocrx_word' id='word_1_240' title='bbox 1620 2098 1800 2144; x_wconf 84' lang='lat' dir='ltr'><strong>autem</strong></span> 
     </span>
    </p>
   </div>
   <div class='ocr_carea' id='block_1_35' title="bbox 224 2181 1802 2252">
    <p class='ocr_par' dir='ltr' id='par_1_35' title="bbox 224 2181 1802 2252">
     <span class='ocr_line' id='line_1_35' title="bbox 224 2181 1802 2252; baseline 0.001 -14"><span class='ocrx_word' id='word_1_241' title='bbox 224 2184 366 2252; x_wconf 87' lang='lat' dir='ltr'><strong>apud</strong></span> <span class='ocrx_word' id='word_1_242' title='bbox 399 2181 658 2237; x_wconf 84' lang='lat' dir='ltr'><strong>Sirmium</strong></span> <span class='ocrx_word' id='word_1_243' title='bbox 698 2191 844 2236; x_wconf 89' lang='lat' dir='ltr'><strong>turre</strong></span> <span class='ocrx_word' id='word_1_244' title='bbox 880 2182 1077 2237; x_wconf 89' lang='lat' dir='ltr'><strong>ferrata</strong></span> <span class='ocrx_word' id='word_1_245' title='bbox 1112 2183 1330 2237; x_wconf 87' lang='lat' dir='ltr'><strong>militari</strong></span> <span class='ocrx_word' id='word_1_246' title='bbox 1362 2184 1591 2238; x_wconf 88' lang='lat' dir='ltr'><strong>tumultu</strong></span> <span class='ocrx_word' id='word_1_247' title='bbox 1634 2185 1802 2239; x_wconf 89' lang='lat' dir='ltr'><strong>inter-</strong></span> 
     </span>
    </p>
   </div>
   <div class='ocr_carea' id='block_1_36' title="bbox 223 2272 1802 2355">
    <p class='ocr_par' dir='ltr' id='par_1_36' title="bbox 223 2272 1802 2355">
     <span class='ocr_line' id='line_1_36' title="bbox 223 2272 1802 2355; baseline 0 -27"><span class='ocrx_word' id='word_1_248' title='bbox 223 2273 398 2355; x_wconf 78' lang='lat' dir='ltr'><strong>fectus</strong></span> <span class='ocrx_word' id='word_1_249' title='bbox 421 2281 524 2328; x_wconf 91' lang='lat' dir='ltr'><strong>est.</strong></span> <span class='ocrx_word' id='word_1_250' title='bbox 554 2274 803 2328; x_wconf 84' lang='lat' dir='ltr'><strong>Secundo</strong></span> <span class='ocrx_word' id='word_1_251' title='bbox 830 2272 988 2342; x_wconf 89' lang='lat' dir='ltr'><strong>hujus</strong></span> <span class='ocrx_word' id='word_1_252' title='bbox 1017 2289 1177 2336; x_wconf 87' lang='lat' dir='ltr'><strong>anno,</strong></span> <span class='ocrx_word' id='word_1_253' title='bbox 1212 2284 1270 2328; x_wconf 89' lang='lat' dir='ltr'><strong>ut</strong></span> <span class='ocrx_word' id='word_1_254' title='bbox 1308 2274 1359 2328; x_wconf 92' lang='lat' dir='ltr'><strong>in</strong></span> <span class='ocrx_word' id='word_1_255' title='bbox 1393 2274 1674 2330; x_wconf 89' lang='lat' dir='ltr'><strong>Chronicis</strong></span> <span class='ocrx_word' id='word_1_256' title='bbox 1694 2274 1802 2328; x_wconf 83' lang='lat' dir='ltr'><strong>Eu-</strong></span> 
     </span>
    </p>
   </div>
   <div class='ocr_carea' id='block_1_37' title="bbox 223 2365 1802 2437">
    <p class='ocr_par' dir='ltr' id='par_1_37' title="bbox 223 2365 1802 2437">
     <span class='ocr_line' id='line_1_37' title="bbox 223 2365 1802 2437; baseline 0.001 -17"><span class='ocrx_word' id='word_1_257' title='bbox 223 2367 360 2420; x_wconf 82' lang='lat' dir='ltr'><strong>sebii</strong></span> <span class='ocrx_word' id='word_1_258' title='bbox 394 2366 644 2437; x_wconf 78' lang='lat' dir='ltr'><strong>legimus,</strong></span> <span class='ocrx_word' id='word_1_259' title='bbox 668 2367 826 2436; x_wconf 87' lang='lat' dir='ltr'><strong>juxta</strong></span> <span class='ocrx_word' id='word_1_260' title='bbox 854 2365 1240 2432; x_wconf 78' lang='lat' dir='ltr'><strong>Antiochenos,</strong></span> <span class='ocrx_word' id='word_1_261' title='bbox 1278 2367 1691 2424; x_wconf 85' lang='lat' dir='ltr'><strong>trecentesimus</strong></span> <span class='ocrx_word' id='word_1_262' title='bbox 1726 2367 1802 2421; x_wconf 83' lang='lat' dir='ltr'><strong>vi-</strong></span> 
     </span>
    </p>
   </div>
   <div class='ocr_carea' id='block_1_38' title="bbox 224 2456 1800 2530">
    <p class='ocr_par' dir='ltr' id='par_1_38' title="bbox 224 2456 1800 2530">
     <span class='ocr_line' id='line_1_38' title="bbox 224 2456 1800 2530; baseline 0.001 -19"><span class='ocrx_word' id='word_1_263' title='bbox 224 2458 462 2512; x_wconf 86' lang='lat' dir='ltr'><strong>cesimus</strong></span> <span class='ocrx_word' id='word_1_264' title='bbox 507 2466 692 2512; x_wconf 79' lang='lat' dir='ltr'><strong>sextus</strong></span> <span class='ocrx_word' id='word_1_265' title='bbox 737 2471 910 2522; x_wconf 83' lang='lat' dir='ltr'><strong>annus</strong></span> <span class='ocrx_word' id='word_1_266' title='bbox 946 2456 1079 2523; x_wconf 90' lang='lat' dir='ltr'><strong>fuit;</strong></span> <span class='ocrx_word' id='word_1_267' title='bbox 1118 2458 1272 2527; x_wconf 90' lang='lat' dir='ltr'><strong>juxta</strong></span> <span class='ocrx_word' id='word_1_268' title='bbox 1298 2459 1512 2530; x_wconf 86' lang='lat' dir='ltr'><strong>Tyrios,</strong></span> <span class='ocrx_word' id='word_1_269' title='bbox 1543 2459 1800 2528; x_wconf 89' lang='lat' dir='ltr'><strong>quadrin-</strong></span> 
     </span>
    </p>
   </div>
   <div class='ocr_carea' id='block_1_39' title="bbox 232 2549 1800 2619">
    <p class='ocr_par' dir='ltr' id='par_1_39' title="bbox 232 2549 1800 2619">
     <span class='ocr_line' id='line_1_39' title="bbox 232 2549 1800 2619; baseline 0.001 -17"><span class='ocrx_word' id='word_1_270' title='bbox 232 2550 566 2618; x_wconf 83' lang='lat' dir='ltr'><strong>gentesimus</strong></span> <span class='ocrx_word' id='word_1_271' title='bbox 620 2550 841 2614; x_wconf 89' lang='lat' dir='ltr'><strong>tertius;</strong></span> <span class='ocrx_word' id='word_1_272' title='bbox 882 2550 1034 2619; x_wconf 82' lang='lat' dir='ltr'><strong>juxta</strong></span> <span class='ocrx_word' id='word_1_273' title='bbox 1081 2549 1534 2614; x_wconf 68' lang='lat' dir='ltr'><strong>Lacedarmonios,</strong></span> <span class='ocrx_word' id='word_1_274' title='bbox 1593 2558 1800 2604; x_wconf 89' lang='lat' dir='ltr'><strong>trecen-</strong></span> 
     </span>
    </p>
   </div>
   <div class='ocr_carea' id='block_1_40' title="bbox 237 2639 1796 2711">
    <p class='ocr_par' dir='ltr' id='par_1_40' title="bbox 237 2639 1796 2711">
     <span class='ocr_line' id='line_1_40' title="bbox 237 2639 1796 2711; baseline 0 -17"><span class='ocrx_word' id='word_1_275' title='bbox 237 2640 464 2702; x_wconf 85' lang='lat' dir='ltr'><strong>tesimus</strong></span> <span class='ocrx_word' id='word_1_276' title='bbox 531 2641 811 2696; x_wconf 76' lang='lat' dir='ltr'><strong>vicesimus</strong></span> <span class='ocrx_word' id='word_1_277' title='bbox 887 2651 1157 2711; x_wconf 89' lang='lat' dir='ltr'><strong>quartus;</strong></span> <span class='ocrx_word' id='word_1_278' title='bbox 1224 2639 1379 2707; x_wconf 89' lang='lat' dir='ltr'><strong>juxta</strong></span> <span class='ocrx_word' id='word_1_279' title='bbox 1454 2641 1796 2705; x_wconf 79' lang='lat' dir='ltr'><strong>Edessenos,</strong></span> 
     </span>
    </p>
   </div>
   <div class='ocr_carea' id='block_1_41' title="bbox 230 2732 1801 2804">
    <p class='ocr_par' dir='ltr' id='par_1_41' title="bbox 230 2732 1801 2804">
     <span class='ocr_line' id='line_1_41' title="bbox 230 2732 1801 2804; baseline 0 -19"><span class='ocrx_word' id='word_1_280' title='bbox 230 2733 688 2800; x_wconf 82' lang='lat' dir='ltr'><strong>quingentesimus</strong></span> <span class='ocrx_word' id='word_1_281' title='bbox 718 2733 1082 2804; x_wconf 85' lang='lat' dir='ltr'><strong>octogesimus</strong></span> <span class='ocrx_word' id='word_1_282' title='bbox 1117 2742 1373 2798; x_wconf 88' lang='lat' dir='ltr'><strong>octavus;</strong></span> <span class='ocrx_word' id='word_1_283' title='bbox 1399 2733 1552 2803; x_wconf 90' lang='lat' dir='ltr'><strong>juxta</strong></span> <span class='ocrx_word' id='word_1_284' title='bbox 1579 2732 1801 2788; x_wconf 87' lang='lat' dir='ltr'><strong>Ascalo-</strong></span> 
     </span>
    </p>
   </div>
   <div class='ocr_carea' id='block_1_42' title="bbox 225 2823 1798 2895">
    <p class='ocr_par' dir='ltr' id='par_1_42' title="bbox 225 2823 1798 2895">
     <span class='ocr_line' id='line_1_42' title="bbox 225 2823 1798 2895; baseline 0.001 -17"><span class='ocrx_word' id='word_1_285' title='bbox 225 2825 391 2885; x_wconf 83' lang='lat' dir='ltr'><strong>nitas,</strong></span> <span class='ocrx_word' id='word_1_286' title='bbox 445 2825 849 2879; x_wconf 88' lang='lat' dir='ltr'><strong>trecentesimus</strong></span> <span class='ocrx_word' id='word_1_287' title='bbox 905 2825 1298 2895; x_wconf 80' lang='lat' dir='ltr'><strong>octOgesimus;</strong></span> <span class='ocrx_word' id='word_1_288' title='bbox 1353 2824 1646 2880; x_wconf 87' lang='lat' dir='ltr'><strong>secundum</strong></span> <span class='ocrx_word' id='word_1_289' title='bbox 1691 2823 1798 2879; x_wconf 82' lang='lat' dir='ltr'><strong>Hc-</strong></span> 
     </span>
    </p>
   </div>
   <div class='ocr_carea' id='block_1_43' title="bbox 227 2913 1799 2984">
    <p class='ocr_par' dir='ltr' id='par_1_43' title="bbox 227 2913 1799 2984">
     <span class='ocr_line' id='line_1_43' title="bbox 227 2913 1799 2984; baseline 0 -17"><span class='ocrx_word' id='word_1_290' title='bbox 227 2913 430 2977; x_wconf 76' lang='lat' dir='ltr'><strong>bra:os,</strong></span> <span class='ocrx_word' id='word_1_291' title='bbox 467 2914 678 2968; x_wconf 90' lang='lat' dir='ltr'><strong>initium</strong></span> <span class='ocrx_word' id='word_1_292' title='bbox 705 2914 1016 2982; x_wconf 83' lang='lat' dir='ltr'><strong>octogesimi</strong></span> <span class='ocrx_word' id='word_1_293' title='bbox 1052 2915 1264 2984; x_wconf 88' lang='lat' dir='ltr'><strong>septimi</strong></span> <span class='ocrx_word' id='word_1_294' title='bbox 1283 2913 1504 2983; x_wconf 66' lang='lat' dir='ltr'><strong>jubilazi,</strong></span> <span class='ocrx_word' id='word_1_295' title='bbox 1533 2929 1641 2983; x_wconf 88' lang='lat' dir='ltr'><strong>quo</strong></span> <span class='ocrx_word' id='word_1_296' title='bbox 1668 2928 1799 2969; x_wconf 90' lang='lat' dir='ltr'><strong>con-</strong></span> 
     </span>
    </p>
   </div>
   <div class='ocr_carea' id='block_1_44' title="bbox 229 3006 1798 3080">
    <p class='ocr_par' dir='ltr' id='par_1_44' title="bbox 229 3006 1798 3080">
     <span class='ocr_line' id='line_1_44' title="bbox 229 3006 1798 3080; baseline 0.001 -20"><span class='ocrx_word' id='word_1_297' title='bbox 229 3006 472 3061; x_wconf 85' lang='lat' dir='ltr'><strong>tinentur</strong></span> <span class='ocrx_word' id='word_1_298' title='bbox 517 3007 642 3061; x_wconf 89' lang='lat' dir='ltr'><strong>anni</strong></span> <span class='ocrx_word' id='word_1_299' title='bbox 689 3017 920 3077; x_wconf 88' lang='lat' dir='ltr'><strong>quatuor</strong></span> <span class='ocrx_word' id='word_1_300' title='bbox 965 3008 1110 3062; x_wconf 91' lang='lat' dir='ltr'><strong>mille</strong></span> <span class='ocrx_word' id='word_1_301' title='bbox 1133 3009 1349 3064; x_wconf 87' lang='lat' dir='ltr'><strong>ducenti</strong></span> <span class='ocrx_word' id='word_1_302' title='bbox 1389 3009 1798 3080; x_wconf 71' lang='lat' dir='ltr'><strong>quinquaginta.</strong></span> 
     </span>
    </p>
   </div>
   <div class='ocr_carea' id='block_1_45' title="bbox 224 3097 1803 3169">
    <p class='ocr_par' dir='ltr' id='par_1_45' title="bbox 224 3097 1803 3169">
     <span class='ocr_line' id='line_1_45' title="bbox 224 3097 1803 3169; baseline 0.001 -18"><span class='ocrx_word' id='word_1_303' title='bbox 224 3097 549 3158; x_wconf 81' lang='lat' dir='ltr'><strong>Archelaus.</strong></span> <span class='ocrx_word' id='word_1_304' title='bbox 578 3097 970 3168; x_wconf 66' lang='lat' dir='ltr'><strong>Mesopotamiae</strong></span> <span class='ocrx_word' id='word_1_305' title='bbox 991 3099 1298 3169; x_wconf 89' lang='lat' dir='ltr'><strong>episcopus,</strong></span> <span class='ocrx_word' id='word_1_306' title='bbox 1328 3099 1526 3154; x_wconf 87' lang='lat' dir='ltr'><strong>librum</strong></span> <span class='ocrx_word' id='word_1_307' title='bbox 1560 3100 1803 3169; x_wconf 87' lang='lat' dir='ltr'><strong>disputa-</strong></span> 
     </span>
    </p>
   </div>
   <div class='ocr_carea' id='block_1_46' title="bbox 1903 1898 3486 1976">
    <p class='ocr_par' dir='ltr' id='par_1_46' title="bbox 1903 1898 3486 1976">
     <span class='ocr_line' id='line_1_46' title="bbox 1903 1898 3486 1976; baseline 0.005 -24"><span class='ocrx_word' id='word_1_308' title='bbox 1903 1898 2064 1953; x_wconf 89' lang='lat' dir='ltr'><strong>miani</strong></span> <span class='ocrx_word' id='word_1_309' title='bbox 2092 1899 2394 1970; x_wconf 74' lang='lat' dir='ltr'><strong>privignam</strong></span> <span class='ocrx_word' id='word_1_310' title='bbox 2418 1901 2758 1956; x_wconf 88' lang='lat' dir='ltr'><strong>Theodoram</strong></span> <span class='ocrx_word' id='word_1_311' title='bbox 2781 1905 2990 1973; x_wconf 84' lang='lat' dir='ltr'><strong>accepit</strong></span> <span class='ocrx_word' id='word_1_312' title='bbox 3017 1920 3264 1970; x_wconf 79' lang='lat' dir='ltr'><strong>uxorem,</strong></span> <span class='ocrx_word' id='word_1_313' title='bbox 3287 1920 3350 1960; x_wconf 86' lang='lat' dir='ltr'><strong>ex</strong></span> <span class='ocrx_word' id='word_1_314' title='bbox 3379 1921 3486 1976; x_wconf 77' lang='lat' dir='ltr'><strong>qua</strong></span> 
     </span>
    </p>
   </div>
   <div class='ocr_carea' id='block_1_47' title="bbox 1901 1990 3482 2066">
    <p class='ocr_par' dir='ltr' id='par_1_47' title="bbox 1901 1990 3482 2066">
     <span class='ocr_line' id='line_1_47' title="bbox 1901 1990 3482 2066; baseline 0.001 -18"><span class='ocrx_word' id='word_1_315' title='bbox 1901 2007 1996 2048; x_wconf 85' lang='lat' dir='ltr'><strong>sex</strong></span> <span class='ocrx_word' id='word_1_316' title='bbox 2025 1992 2164 2047; x_wconf 90' lang='lat' dir='ltr'><strong>tilios</strong></span> <span class='ocrx_word' id='word_1_317' title='bbox 2187 1990 2381 2048; x_wconf 88' lang='lat' dir='ltr'><strong>fratres</strong></span> <span class='ocrx_word' id='word_1_318' title='bbox 2407 1992 2748 2049; x_wconf 87' lang='lat' dir='ltr'><strong>Constantini</strong></span> <span class='ocrx_word' id='word_1_319' title='bbox 2773 1996 3011 2050; x_wconf 85' lang='lat' dir='ltr'><strong>sustulit.</strong></span> <span class='ocrx_word' id='word_1_320' title='bbox 3044 1996 3355 2062; x_wconf 86' lang='lat' dir='ltr'><strong>Carausius,</strong></span> <span class='ocrx_word' id='word_1_321' title='bbox 3380 2013 3482 2066; x_wconf 87' lang='lat' dir='ltr'><strong>per</strong></span> 
     </span>
    </p>
   </div>
   <div class='ocr_carea' id='block_1_48' title="bbox 1901 2080 3489 2151">
    <p class='ocr_par' dir='ltr' id='par_1_48' title="bbox 1901 2080 3489 2151">
     <span class='ocr_line' id='line_1_48' title="bbox 1901 2080 3489 2151; baseline 0.002 -14"><span class='ocrx_word' id='word_1_322' title='bbox 1901 2097 1996 2137; x_wconf 85' lang='lat' dir='ltr'><strong>sex</strong></span> <span class='ocrx_word' id='word_1_323' title='bbox 2041 2096 2214 2136; x_wconf 87' lang='lat' dir='ltr'><strong>annos</strong></span> <span class='ocrx_word' id='word_1_324' title='bbox 2259 2080 2361 2136; x_wconf 91' lang='lat' dir='ltr'><strong>sibi</strong></span> <span class='ocrx_word' id='word_1_325' title='bbox 2390 2081 2670 2137; x_wconf 85' lang='lat' dir='ltr'><strong>Britannia</strong></span> <span class='ocrx_word' id='word_1_326' title='bbox 2702 2083 2998 2140; x_wconf 85' lang='lat' dir='ltr'><strong>fortissime</strong></span> <span class='ocrx_word' id='word_1_327' title='bbox 3044 2085 3337 2151; x_wconf 87' lang='lat' dir='ltr'><strong>vindicata,</strong></span> <span class='ocrx_word' id='word_1_328' title='bbox 3368 2094 3489 2140; x_wconf 86' lang='lat' dir='ltr'><strong>tan-</strong></span> 
     </span>
    </p>
   </div>
   <div class='ocr_carea' id='block_1_49' title="bbox 1900 2171 3481 2245">
    <p class='ocr_par' dir='ltr' id='par_1_49' title="bbox 1900 2171 3481 2245">
     <span class='ocr_line' id='line_1_49' title="bbox 1900 2171 3481 2245; baseline 0.001 -17"><span class='ocrx_word' id='word_1_329' title='bbox 1900 2172 2021 2228; x_wconf 87' lang='lat' dir='ltr'><strong>dem</strong></span> <span class='ocrx_word' id='word_1_330' title='bbox 2074 2171 2262 2227; x_wconf 89' lang='lat' dir='ltr'><strong>fraude</strong></span> <span class='ocrx_word' id='word_1_331' title='bbox 2310 2171 2485 2228; x_wconf 88' lang='lat' dir='ltr'><strong>allecti</strong></span> <span class='ocrx_word' id='word_1_332' title='bbox 2530 2174 2662 2229; x_wconf 89' lang='lat' dir='ltr'><strong>socii</strong></span> <span class='ocrx_word' id='word_1_333' title='bbox 2712 2175 2794 2228; x_wconf 93' lang='lat' dir='ltr'><strong>sui</strong></span> <span class='ocrx_word' id='word_1_334' title='bbox 2843 2175 3161 2231; x_wconf 87' lang='lat' dir='ltr'><strong>interfectus</strong></span> <span class='ocrx_word' id='word_1_335' title='bbox 3208 2184 3329 2241; x_wconf 88' lang='lat' dir='ltr'><strong>est;</strong></span> <span class='ocrx_word' id='word_1_336' title='bbox 3389 2177 3481 2245; x_wconf 91' lang='lat' dir='ltr'><strong>qui</strong></span> 
     </span>
    </p>
   </div>
   <div class='ocr_carea' id='block_1_50' title="bbox 1898 2262 3478 2336">
    <p class='ocr_par' dir='ltr' id='par_1_50' title="bbox 1898 2262 3478 2336">
     <span class='ocr_line' id='line_1_50' title="bbox 1898 2262 3478 2336; baseline 0.004 -20"><span class='ocrx_word' id='word_1_337' title='bbox 1898 2269 2085 2332; x_wconf 88' lang='lat' dir='ltr'><strong>postea</strong></span> <span class='ocrx_word' id='word_1_338' title='bbox 2113 2262 2342 2316; x_wconf 89' lang='lat' dir='ltr'><strong>insulam</strong></span> <span class='ocrx_word' id='word_1_339' title='bbox 2371 2278 2469 2334; x_wconf 89' lang='lat' dir='ltr'><strong>per</strong></span> <span class='ocrx_word' id='word_1_340' title='bbox 2501 2265 2771 2320; x_wconf 90' lang='lat' dir='ltr'><strong>tricnnum</strong></span> <span class='ocrx_word' id='word_1_341' title='bbox 2795 2267 2990 2330; x_wconf 89' lang='lat' dir='ltr'><strong>tenuit,</strong></span> <span class='ocrx_word' id='word_1_342' title='bbox 3013 2281 3173 2336; x_wconf 86' lang='lat' dir='ltr'><strong>quem</strong></span> <span class='ocrx_word' id='word_1_343' title='bbox 3201 2266 3478 2335; x_wconf 88' lang='lat' dir='ltr'><strong>Asclepio-</strong></span> 
     </span>
    </p>
   </div>
   <div class='ocr_carea' id='block_1_51' title="bbox 1899 2353 3479 2429">
    <p class='ocr_par' dir='ltr' id='par_1_51' title="bbox 1899 2353 3479 2429">
     <span class='ocr_line' id='line_1_51' title="bbox 1899 2353 3479 2429; baseline 0.004 -22"><span class='ocrx_word' id='word_1_344' title='bbox 1899 2353 2075 2418; x_wconf 87' lang='lat' dir='ltr'><strong>dotus,</strong></span> <span class='ocrx_word' id='word_1_345' title='bbox 2096 2354 2388 2424; x_wconf 64' lang='lat' dir='ltr'><strong>praefectus</strong></span> <span class='ocrx_word' id='word_1_346' title='bbox 2415 2357 2689 2425; x_wconf 83' lang='lat' dir='ltr'><strong>praetorio,</strong></span> <span class='ocrx_word' id='word_1_347' title='bbox 2716 2358 3007 2428; x_wconf 87' lang='lat' dir='ltr'><strong>oppressit,</strong></span> <span class='ocrx_word' id='word_1_348' title='bbox 3035 2357 3479 2429; x_wconf 82' lang='lat' dir='ltr'><strong>Britanniamque</strong></span> 
     </span>
    </p>
   </div>
   <div class='ocr_carea' id='block_1_52' title="bbox 1900 2446 3482 2517">
    <p class='ocr_par' dir='ltr' id='par_1_52' title="bbox 1900 2446 3482 2517">
     <span class='ocr_line' id='line_1_52' title="bbox 1900 2446 3482 2517; baseline 0.001 -15"><span class='ocrx_word' id='word_1_349' title='bbox 1900 2455 2023 2516; x_wconf 90' lang='lat' dir='ltr'><strong>post</strong></span> <span class='ocrx_word' id='word_1_350' title='bbox 2048 2446 2237 2502; x_wconf 86' lang='lat' dir='ltr'><strong>decem</strong></span> <span class='ocrx_word' id='word_1_351' title='bbox 2283 2463 2457 2502; x_wconf 81' lang='lat' dir='ltr'><strong>annos</strong></span> <span class='ocrx_word' id='word_1_352' title='bbox 2485 2449 2707 2516; x_wconf 90' lang='lat' dir='ltr'><strong>recepit.</strong></span> <span class='ocrx_word' id='word_1_353' title='bbox 2735 2449 3086 2517; x_wconf 62' lang='lat' dir='ltr'><strong>Constantius</strong></span> <span class='ocrx_word' id='word_1_354' title='bbox 3126 2465 3254 2504; x_wconf 85' lang='lat' dir='ltr'><strong>vero</strong></span> <span class='ocrx_word' id='word_1_355' title='bbox 3282 2450 3482 2511; x_wconf 68' lang='lat' dir='ltr'><strong>Caesar,</strong></span> 
     </span>
    </p>
   </div>
   <div class='ocr_carea' id='block_1_53' title="bbox 1901 2536 3481 2609">
    <p class='ocr_par' dir='ltr' id='par_1_53' title="bbox 1901 2536 3481 2609">
     <span class='ocr_line' id='line_1_53' title="bbox 1901 2536 3481 2609; baseline 0.002 -18"><span class='ocrx_word' id='word_1_356' title='bbox 1901 2537 1956 2591; x_wconf 91' lang='lat' dir='ltr'><strong>in</strong></span> <span class='ocrx_word' id='word_1_357' title='bbox 1982 2536 2154 2592; x_wconf 92' lang='lat' dir='ltr'><strong>Gallia</strong></span> <span class='ocrx_word' id='word_1_358' title='bbox 2175 2538 2351 2608; x_wconf 88' lang='lat' dir='ltr'><strong>primo</strong></span> <span class='ocrx_word' id='word_1_359' title='bbox 2378 2539 2563 2607; x_wconf 67' lang='lat' dir='ltr'><strong>praelio</strong></span> <span class='ocrx_word' id='word_1_360' title='bbox 2585 2540 2652 2594; x_wconf 90' lang='lat' dir='ltr'><strong>ab</strong></span> <span class='ocrx_word' id='word_1_361' title='bbox 2681 2539 2999 2594; x_wconf 79' lang='lat' dir='ltr'><strong>Alamannis</strong></span> <span class='ocrx_word' id='word_1_362' title='bbox 3019 2538 3299 2609; x_wconf 78' lang='lat' dir='ltr'><strong>profligato</strong></span> <span class='ocrx_word' id='word_1_363' title='bbox 3322 2557 3481 2596; x_wconf 86' lang='lat' dir='ltr'><strong>exer-</strong></span> 
     </span>
    </p>
   </div>
   <div class='ocr_carea' id='block_1_54' title="bbox 1901 2626 3487 2698">
    <p class='ocr_par' dir='ltr' id='par_1_54' title="bbox 1901 2626 3487 2698">
     <span class='ocr_line' id='line_1_54' title="bbox 1901 2626 3487 2698; baseline 0.001 -17"><span class='ocrx_word' id='word_1_364' title='bbox 1901 2626 2011 2681; x_wconf 91' lang='lat' dir='ltr'><strong>citu</strong></span> <span class='ocrx_word' id='word_1_365' title='bbox 2058 2643 2196 2692; x_wconf 89' lang='lat' dir='ltr'><strong>suo,</strong></span> <span class='ocrx_word' id='word_1_366' title='bbox 2228 2629 2315 2682; x_wconf 87' lang='lat' dir='ltr'><strong>vix</strong></span> <span class='ocrx_word' id='word_1_367' title='bbox 2361 2628 2475 2697; x_wconf 88' lang='lat' dir='ltr'><strong>ipse</strong></span> <span class='ocrx_word' id='word_1_368' title='bbox 2517 2629 2804 2698; x_wconf 88' lang='lat' dir='ltr'><strong>subreptus</strong></span> <span class='ocrx_word' id='word_1_369' title='bbox 2855 2638 2982 2692; x_wconf 88' lang='lat' dir='ltr'><strong>est;</strong></span> <span class='ocrx_word' id='word_1_370' title='bbox 3020 2629 3256 2684; x_wconf 90' lang='lat' dir='ltr'><strong>secundo</strong></span> <span class='ocrx_word' id='word_1_371' title='bbox 3307 2639 3487 2682; x_wconf 76' lang='lat' dir='ltr'><strong>autem</strong></span> 
     </span>
    </p>
   </div>
   <div class='ocr_carea' id='block_1_55' title="bbox 1901 2718 3480 2787">
    <p class='ocr_par' dir='ltr' id='par_1_55' title="bbox 1901 2718 3480 2787">
     <span class='ocr_line' id='line_1_55' title="bbox 1901 2718 3480 2787; baseline -0.001 -13"><span class='ocrx_word' id='word_1_372' title='bbox 1901 2727 2089 2774; x_wconf 89' lang='lat' dir='ltr'><strong>secuta</strong></span> <span class='ocrx_word' id='word_1_373' title='bbox 2118 2727 2205 2773; x_wconf 92' lang='lat' dir='ltr'><strong>est</strong></span> <span class='ocrx_word' id='word_1_374' title='bbox 2233 2719 2368 2772; x_wconf 91' lang='lat' dir='ltr'><strong>satis</strong></span> <span class='ocrx_word' id='word_1_375' title='bbox 2398 2719 2634 2773; x_wconf 90' lang='lat' dir='ltr'><strong>secunda</strong></span> <span class='ocrx_word' id='word_1_376' title='bbox 2660 2718 2908 2782; x_wconf 83' lang='lat' dir='ltr'><strong>victoria,</strong></span> <span class='ocrx_word' id='word_1_377' title='bbox 2939 2719 3012 2772; x_wconf 87' lang='lat' dir='ltr'><strong>ita</strong></span> <span class='ocrx_word' id='word_1_378' title='bbox 3038 2727 3095 2772; x_wconf 93' lang='lat' dir='ltr'><strong>ut</strong></span> <span class='ocrx_word' id='word_1_379' title='bbox 3123 2719 3308 2787; x_wconf 91' lang='lat' dir='ltr'><strong>paucis</strong></span> <span class='ocrx_word' id='word_1_380' title='bbox 3330 2718 3480 2772; x_wconf 88' lang='lat' dir='ltr'><strong>horis</strong></span> 
     </span>
    </p>
   </div>
   <div class='ocr_carea' id='block_1_56' title="bbox 1900 2809 3488 2882">
    <p class='ocr_par' dir='ltr' id='par_1_56' title="bbox 1900 2809 3488 2882">
     <span class='ocr_line' id='line_1_56' title="bbox 1900 2809 3488 2882; baseline 0 -18"><span class='ocrx_word' id='word_1_381' title='bbox 1900 2812 2259 2882; x_wconf 80' lang='lat' dir='ltr'><strong>quadraginta</strong></span> <span class='ocrx_word' id='word_1_382' title='bbox 2290 2811 2456 2866; x_wconf 89' lang='lat' dir='ltr'><strong>millia</strong></span> <span class='ocrx_word' id='word_1_383' title='bbox 2507 2810 2930 2865; x_wconf 83' lang='lat' dir='ltr'><strong>Alamannorum</strong></span> <span class='ocrx_word' id='word_1_384' title='bbox 2961 2825 3097 2865; x_wconf 63' lang='lat' dir='ltr'><strong>ctesa</strong></span> <span class='ocrx_word' id='word_1_385' title='bbox 3147 2809 3366 2878; x_wconf 87' lang='lat' dir='ltr'><strong>fuerint.</strong></span> <span class='ocrx_word' id='word_1_386' title='bbox 3419 2809 3488 2864; x_wconf 82' lang='lat' dir='ltr'><strong>At</strong></span> 
     </span>
    </p>
   </div>
   <div class='ocr_carea' id='block_1_57' title="bbox 1903 2898 3484 2972">
    <p class='ocr_par' dir='ltr' id='par_1_57' title="bbox 1903 2898 3484 2972">
     <span class='ocr_line' id='line_1_57' title="bbox 1903 2898 3484 2972; baseline -0.003 -16"><span class='ocrx_word' id='word_1_387' title='bbox 1903 2901 2261 2957; x_wconf 82' lang='lat' dir='ltr'><strong>Maximianus</strong></span> <span class='ocrx_word' id='word_1_388' title='bbox 2294 2901 2568 2972; x_wconf 73' lang='lat' dir='ltr'><strong>Augustus</strong></span> <span class='ocrx_word' id='word_1_389' title='bbox 2598 2901 3024 2971; x_wconf 83' lang='lat' dir='ltr'><strong>Quingentianos</strong></span> <span class='ocrx_word' id='word_1_390' title='bbox 3064 2901 3116 2954; x_wconf 91' lang='lat' dir='ltr'><strong>in</strong></span> <span class='ocrx_word' id='word_1_391' title='bbox 3150 2898 3330 2953; x_wconf 88' lang='lat' dir='ltr'><strong>Africa</strong></span> <span class='ocrx_word' id='word_1_392' title='bbox 3357 2915 3484 2968; x_wconf 90' lang='lat' dir='ltr'><strong>per-</strong></span> 
     </span>
    </p>
   </div>
   <div class='ocr_carea' id='block_1_58' title="bbox 1903 2992 3486 3051">
    <p class='ocr_par' dir='ltr' id='par_1_58' title="bbox 1903 2992 3486 3051">
     <span class='ocr_line' id='line_1_58' title="bbox 1903 2992 3486 3051; baseline -0.003 -1"><span class='ocrx_word' id='word_1_393' title='bbox 1903 2995 2130 3051; x_wconf 89' lang='lat' dir='ltr'><strong>domuit.</strong></span> <span class='ocrx_word' id='word_1_394' title='bbox 2165 2994 2335 3049; x_wconf 89' lang='lat' dir='ltr'><strong>Porro</strong></span> <span class='ocrx_word' id='word_1_395' title='bbox 2360 3002 2541 3050; x_wconf 88' lang='lat' dir='ltr'><strong>autem</strong></span> <span class='ocrx_word' id='word_1_396' title='bbox 2573 2993 2936 3049; x_wconf 88' lang='lat' dir='ltr'><strong>Diocletianus</strong></span> <span class='ocrx_word' id='word_1_397' title='bbox 2963 2992 3263 3048; x_wconf 88' lang='lat' dir='ltr'><strong>Achilleum</strong></span> <span class='ocrx_word' id='word_1_398' title='bbox 3291 2992 3486 3046; x_wconf 87' lang='lat' dir='ltr'><strong>obses-</strong></span> 
     </span>
    </p>
   </div>
   <div class='ocr_carea' id='block_1_59' title="bbox 1903 3083 3485 3154">
    <p class='ocr_par' dir='ltr' id='par_1_59' title="bbox 1903 3083 3485 3154">
     <span class='ocr_line' id='line_1_59' title="bbox 1903 3083 3485 3154; baseline -0.004 -14"><span class='ocrx_word' id='word_1_399' title='bbox 1903 3100 2020 3140; x_wconf 83' lang='lat' dir='ltr'><strong>sum</strong></span> <span class='ocrx_word' id='word_1_400' title='bbox 2069 3100 2167 3154; x_wconf 89' lang='lat' dir='ltr'><strong>per</strong></span> <span class='ocrx_word' id='word_1_401' title='bbox 2207 3093 2331 3139; x_wconf 90' lang='lat' dir='ltr'><strong>octo</strong></span> <span class='ocrx_word' id='word_1_402' title='bbox 2363 3099 2594 3146; x_wconf 89' lang='lat' dir='ltr'><strong>menses,</strong></span> <span class='ocrx_word' id='word_1_403' title='bbox 2625 3084 2765 3154; x_wconf 87' lang='lat' dir='ltr'><strong>apud</strong></span> <span class='ocrx_word' id='word_1_404' title='bbox 2806 3083 3189 3137; x_wconf 79' lang='lat' dir='ltr'><strong>Alexandriam</strong></span> <span class='ocrx_word' id='word_1_405' title='bbox 3237 3083 3381 3150; x_wconf 84' lang='lat' dir='ltr'><strong>cepit</strong></span> <span class='ocrx_word' id='word_1_406' title='bbox 3427 3089 3485 3134; x_wconf 91' lang='lat' dir='ltr'><strong>et</strong></span> 
     </span>
    </p>
   </div>
   <div class='ocr_carea' id='block_1_60' title="bbox 230 3159 3487 3257">
    <p class='ocr_par' dir='ltr' id='par_1_60' title="bbox 230 3159 3487 3257">
     <span class='ocr_line' id='line_1_60' title="bbox 230 3159 3487 3257; baseline -0.002 -23"><span class='ocrx_word' id='word_1_407' title='bbox 230 3187 394 3242; x_wconf 72' lang='lat' dir='ltr'><strong>tionis</strong></span> <span class='ocrx_word' id='word_1_408' title='bbox 414 3204 525 3242; x_wconf 66' lang='lat' dir='ltr'><strong>sua:</strong></span> <span class='ocrx_word' id='word_1_409' title='bbox 552 3159 916 3257; x_wconf 73' lang='lat' dir='ltr'><strong>quamliabuit</strong></span> <span class='ocrx_word' id='word_1_410' title='bbox 939 3159 1198 3243; x_wconf 44' lang='lat' dir='ltr'><strong>aduersu;</strong></span> <span class='ocrx_word' id='word_1_411' title='bbox 1221 3159 1573 3244; x_wconf 51' lang='lat' dir='ltr'><strong>Manichmum</strong></span> <span class='ocrx_word' id='word_1_412' title='bbox 1599 3159 1804 3243; x_wconf 55' lang='lat' dir='ltr'><strong>(jx-eun-</strong></span> <span class='ocrx_word' id='word_1_413' title='bbox 1830 3159 1874 3221; x_wconf 80' lang='lat' dir='ltr'><strong><em>C</em></strong></span> <span class='ocrx_word' id='word_1_414' title='bbox 1903 3175 2194 3232; x_wconf 70' lang='lat' dir='ltr'><strong>interfecit.</strong></span> <span class='ocrx_word' id='word_1_415' title='bbox 2225 3175 2494 3231; x_wconf 68' lang='lat' dir='ltr'><strong>Praaterea</strong></span> <span class='ocrx_word' id='word_1_416' title='bbox 2524 3174 2774 3230; x_wconf 79' lang='lat' dir='ltr'><strong>Valerius</strong></span> <span class='ocrx_word' id='word_1_417' title='bbox 2815 3174 3176 3228; x_wconf 77' lang='lat' dir='ltr'><strong>Maximianus</strong></span> <span class='ocrx_word' id='word_1_418' title='bbox 3194 3189 3321 3229; x_wconf 85' lang='lat' dir='ltr'><strong>cum</strong></span> <span class='ocrx_word' id='word_1_419' title='bbox 3357 3174 3487 3228; x_wconf 83' lang='lat' dir='ltr'><strong>duo-</strong></span> 
     </span>
    </p>
   </div>
   <div class='ocr_carea' id='block_1_61' title="bbox 227 3277 1805 3350">
    <p class='ocr_par' dir='ltr' id='par_1_61' title="bbox 227 3277 1805 3350">
     <span class='ocr_line' id='line_1_61' title="bbox 227 3277 1805 3350; baseline -0.001 -17"><span class='ocrx_word' id='word_1_420' title='bbox 227 3289 337 3334; x_wconf 87' lang='lat' dir='ltr'><strong>tem</strong></span> <span class='ocrx_word' id='word_1_421' title='bbox 359 3278 426 3332; x_wconf 89' lang='lat' dir='ltr'><strong>de</strong></span> <span class='ocrx_word' id='word_1_422' title='bbox 448 3277 688 3342; x_wconf 84' lang='lat' dir='ltr'><strong>Perside,</strong></span> <span class='ocrx_word' id='word_1_423' title='bbox 715 3278 849 3348; x_wconf 87' lang='lat' dir='ltr'><strong>Syro</strong></span> <span class='ocrx_word' id='word_1_424' title='bbox 872 3293 1123 3334; x_wconf 89' lang='lat' dir='ltr'><strong>sermone</strong></span> <span class='ocrx_word' id='word_1_425' title='bbox 1150 3281 1476 3350; x_wconf 91' lang='lat' dir='ltr'><strong>composuit,</strong></span> <span class='ocrx_word' id='word_1_426' title='bbox 1501 3279 1594 3350; x_wconf 89' lang='lat' dir='ltr'><strong>qui</strong></span> <span class='ocrx_word' id='word_1_427' title='bbox 1624 3287 1805 3333; x_wconf 85' lang='lat' dir='ltr'><strong>trans-</strong></span> 
     </span>
    </p>
   </div>
   <div class='ocr_carea' id='block_1_62' title="bbox 229 3367 1152 3431">
    <p class='ocr_par' dir='ltr' id='par_1_62' title="bbox 229 3367 1152 3431">
     <span class='ocr_line' id='line_1_62' title="bbox 229 3367 1152 3431; baseline 0 -8"><span class='ocrx_word' id='word_1_428' title='bbox 229 3370 372 3431; x_wconf 85' lang='lat' dir='ltr'><strong>latus</strong></span> <span class='ocrx_word' id='word_1_429' title='bbox 403 3385 434 3422; x_wconf 89' lang='lat' dir='ltr'><strong>a</strong></span> <span class='ocrx_word' id='word_1_430' title='bbox 457 3369 639 3424; x_wconf 90' lang='lat' dir='ltr'><strong>multis</strong></span> <span class='ocrx_word' id='word_1_431' title='bbox 666 3367 868 3424; x_wconf 80' lang='lat' dir='ltr'><strong>Graecis</strong></span> <span class='ocrx_word' id='word_1_432' title='bbox 906 3368 1152 3424; x_wconf 88' lang='lat' dir='ltr'><strong>habetur.</strong></span> 
     </span>
    </p>
   </div>
   <div class='ocr_carea' id='block_1_63' title="bbox 303 3456 1806 3525">
    <p class='ocr_par' dir='ltr' id='par_1_63' title="bbox 303 3456 1806 3525">
     <span class='ocr_line' id='line_1_63' title="bbox 303 3456 1806 3525; baseline -0.001 -8"><span class='ocrx_word' id='word_1_433' title='bbox 303 3460 498 3524; x_wconf 82' lang='lat' dir='ltr'><strong>Carus,</strong></span> <span class='ocrx_word' id='word_1_434' title='bbox 553 3475 673 3514; x_wconf 90' lang='lat' dir='ltr'><strong>cum</strong></span> <span class='ocrx_word' id='word_1_435' title='bbox 732 3456 842 3514; x_wconf 84' lang='lat' dir='ltr'><strong>tilio</strong></span> <span class='ocrx_word' id='word_1_436' title='bbox 882 3459 1079 3515; x_wconf 90' lang='lat' dir='ltr'><strong>Carino</strong></span> <span class='ocrx_word' id='word_1_437' title='bbox 1128 3468 1184 3515; x_wconf 91' lang='lat' dir='ltr'><strong>et</strong></span> <span class='ocrx_word' id='word_1_438' title='bbox 1225 3459 1581 3525; x_wconf 82' lang='lat' dir='ltr'><strong>Numeriano,</strong></span> <span class='ocrx_word' id='word_1_439' title='bbox 1635 3474 1806 3515; x_wconf 89' lang='lat' dir='ltr'><strong>annos</strong></span> 
     </span>
    </p>
   </div>
   <div class='ocr_carea' id='block_1_64' title="bbox 233 3551 1802 3624">
    <p class='ocr_par' dir='ltr' id='par_1_64' title="bbox 233 3551 1802 3624">
     <span class='ocr_line' id='line_1_64' title="bbox 233 3551 1802 3624; baseline -0.003 -14"><span class='ocrx_word' id='word_1_440' title='bbox 233 3567 365 3612; x_wconf 89' lang='lat' dir='ltr'><strong>tres.</strong></span> <span class='ocrx_word' id='word_1_441' title='bbox 391 3556 560 3610; x_wconf 86' lang='lat' dir='ltr'><strong>Carus</strong></span> <span class='ocrx_word' id='word_1_442' title='bbox 590 3556 641 3609; x_wconf 83' lang='lat' dir='ltr'><strong>in</strong></span> <span class='ocrx_word' id='word_1_443' title='bbox 671 3555 810 3610; x_wconf 89' lang='lat' dir='ltr'><strong>bello</strong></span> <span class='ocrx_word' id='word_1_444' title='bbox 829 3554 1084 3609; x_wconf 84' lang='lat' dir='ltr'><strong>Parthico</strong></span> <span class='ocrx_word' id='word_1_445' title='bbox 1109 3562 1391 3624; x_wconf 88' lang='lat' dir='ltr'><strong>postquam</strong></span> <span class='ocrx_word' id='word_1_446' title='bbox 1415 3553 1548 3606; x_wconf 89' lang='lat' dir='ltr'><strong>duas</strong></span> <span class='ocrx_word' id='word_1_447' title='bbox 1579 3551 1802 3606; x_wconf 81' lang='lat' dir='ltr'><strong>nobilis-</strong></span> 
     </span>
    </p>
   </div>
   <div class='ocr_carea' id='block_1_65' title="bbox 226 3642 1806 3714">
    <p class='ocr_par' dir='ltr' id='par_1_65' title="bbox 226 3642 1806 3714">
     <span class='ocr_line' id='line_1_65' title="bbox 226 3642 1806 3714; baseline -0.004 -14"><span class='ocrx_word' id='word_1_448' title='bbox 226 3647 398 3714; x_wconf 83' lang='lat' dir='ltr'><strong>simas</strong></span> <span class='ocrx_word' id='word_1_449' title='bbox 424 3644 748 3699; x_wconf 89' lang='lat' dir='ltr'><strong>Parthorum</strong></span> <span class='ocrx_word' id='word_1_450' title='bbox 774 3645 958 3708; x_wconf 90' lang='lat' dir='ltr'><strong>urbes,</strong></span> <span class='ocrx_word' id='word_1_451' title='bbox 984 3642 1158 3698; x_wconf 72' lang='lat' dir='ltr'><strong>Caelen</strong></span> <span class='ocrx_word' id='word_1_452' title='bbox 1184 3654 1240 3697; x_wconf 91' lang='lat' dir='ltr'><strong>et</strong></span> <span class='ocrx_word' id='word_1_453' title='bbox 1264 3642 1688 3711; x_wconf 88' lang='lat' dir='ltr'><strong>Ctesiphontem,</strong></span> <span class='ocrx_word' id='word_1_454' title='bbox 1717 3655 1806 3695; x_wconf 89' lang='lat' dir='ltr'><strong>ce-</strong></span> 
     </span>
    </p>
   </div>
   <div class='ocr_carea' id='block_1_66' title="bbox 229 3732 1807 3804">
    <p class='ocr_par' dir='ltr' id='par_1_66' title="bbox 229 3732 1807 3804">
     <span class='ocr_line' id='line_1_66' title="bbox 229 3732 1807 3804; baseline -0.002 -16"><span class='ocrx_word' id='word_1_455' title='bbox 229 3736 310 3804; x_wconf 88' lang='lat' dir='ltr'><strong>pit</strong></span> <span class='ocrx_word' id='word_1_456' title='bbox 344 3744 398 3789; x_wconf 90' lang='lat' dir='ltr'><strong>ct</strong></span> <span class='ocrx_word' id='word_1_457' title='bbox 423 3737 488 3790; x_wconf 90' lang='lat' dir='ltr'><strong>de</strong></span> <span class='ocrx_word' id='word_1_458' title='bbox 531 3735 709 3790; x_wconf 86' lang='lat' dir='ltr'><strong>Persis</strong></span> <span class='ocrx_word' id='word_1_459' title='bbox 739 3733 1114 3804; x_wconf 75' lang='lat' dir='ltr'><strong>triumphavit,</strong></span> <span class='ocrx_word' id='word_1_460' title='bbox 1141 3747 1304 3804; x_wconf 87' lang='lat' dir='ltr'><strong>super</strong></span> <span class='ocrx_word' id='word_1_461' title='bbox 1326 3732 1581 3801; x_wconf 85' lang='lat' dir='ltr'><strong>Tigriden</strong></span> <span class='ocrx_word' id='word_1_462' title='bbox 1628 3733 1682 3786; x_wconf 90' lang='lat' dir='ltr'><strong>in</strong></span> <span class='ocrx_word' id='word_1_463' title='bbox 1717 3747 1807 3786; x_wconf 89' lang='lat' dir='ltr'><strong>ca-</strong></span> 
     </span>
    </p>
   </div>
   <div class='ocr_carea' id='block_1_67' title="bbox 228 3825 1022 3881">
    <p class='ocr_par' dir='ltr' id='par_1_67' title="bbox 228 3825 1022 3881">
     <span class='ocr_line' id='line_1_67' title="bbox 228 3825 1022 3881; baseline -0.004 0"><span class='ocrx_word' id='word_1_464' title='bbox 228 3827 360 3881; x_wconf 85' lang='lat' dir='ltr'><strong>stris</strong></span> <span class='ocrx_word' id='word_1_465' title='bbox 384 3825 604 3880; x_wconf 89' lang='lat' dir='ltr'><strong>fulmine</strong></span> <span class='ocrx_word' id='word_1_466' title='bbox 628 3825 767 3880; x_wconf 87' lang='lat' dir='ltr'><strong>ictus</strong></span> <span class='ocrx_word' id='word_1_467' title='bbox 798 3825 1022 3879; x_wconf 89' lang='lat' dir='ltr'><strong>interiit.</strong></span> 
     </span>
    </p>
   </div>
   <div class='ocr_carea' id='block_1_68' title="bbox 302 3912 1802 3991">
    <p class='ocr_par' dir='ltr' id='par_1_68' title="bbox 302 3912 1802 3991">
     <span class='ocr_line' id='line_1_68' title="bbox 302 3912 1802 3991; baseline -0.003 -19"><span class='ocrx_word' id='word_1_468' title='bbox 302 3916 456 3991; x_wconf 72' lang='lat'><strong>[9.85]</strong></span> <span class='ocrx_word' id='word_1_469' title='bbox 493 3917 656 3972; x_wconf 88' lang='lat' dir='ltr'><strong>Caius</strong></span> <span class='ocrx_word' id='word_1_470' title='bbox 687 3917 943 3971; x_wconf 82' lang='lat' dir='ltr'><strong>Romanae</strong></span> <span class='ocrx_word' id='word_1_471' title='bbox 992 3914 1242 3970; x_wconf 64' lang='lat' dir='ltr'><strong>Ecclesia:</strong></span> <span class='ocrx_word' id='word_1_472' title='bbox 1289 3913 1458 3984; x_wconf 64' lang='lat' dir='ltr'><strong>fulget</strong></span> <span class='ocrx_word' id='word_1_473' title='bbox 1499 3912 1802 3983; x_wconf 89' lang='lat' dir='ltr'><strong>episcopus,</strong></span> 
     </span>
    </p>
   </div>
   <div class='ocr_carea' id='block_1_69' title="bbox 228 4003 1806 4080">
    <p class='ocr_par' dir='ltr' id='par_1_69' title="bbox 228 4003 1806 4080">
     <span class='ocr_line' id='line_1_69' title="bbox 228 4003 1806 4080; baseline -0.007 -14"><span class='ocrx_word' id='word_1_474' title='bbox 228 4012 321 4079; x_wconf 88' lang='lat' dir='ltr'><strong>qui</strong></span> <span class='ocrx_word' id='word_1_475' title='bbox 361 4009 698 4080; x_wconf 88' lang='lat' dir='ltr'><strong>postmodum</strong></span> <span class='ocrx_word' id='word_1_476' title='bbox 744 4010 844 4063; x_wconf 89' lang='lat' dir='ltr'><strong>sub</strong></span> <span class='ocrx_word' id='word_1_477' title='bbox 891 4007 1222 4062; x_wconf 85' lang='lat' dir='ltr'><strong>Diocletiano</strong></span> <span class='ocrx_word' id='word_1_478' title='bbox 1267 4003 1585 4074; x_wconf 78' lang='lat' dir='ltr'><strong>martyrium</strong></span> <span class='ocrx_word' id='word_1_479' title='bbox 1615 4015 1806 4072; x_wconf 88' lang='lat' dir='ltr'><strong>passus</strong></span> 
     </span>
    </p>
   </div>
   <div class='ocr_carea' id='block_1_70' title="bbox 228 4095 1804 4171">
    <p class='ocr_par' dir='ltr' id='par_1_70' title="bbox 228 4095 1804 4171">
     <span class='ocr_line' id='line_1_70' title="bbox 228 4095 1804 4171; baseline -0.006 -14"><span class='ocrx_word' id='word_1_480' title='bbox 228 4112 334 4162; x_wconf 89' lang='lat' dir='ltr'><strong>est.</strong></span> <span class='ocrx_word' id='word_1_481' title='bbox 378 4101 644 4167; x_wconf 91' lang='lat' dir='ltr'><strong>Phierius,</strong></span> <span class='ocrx_word' id='word_1_482' title='bbox 697 4101 980 4171; x_wconf 67' lang='lat' dir='ltr'><strong>pres‘.&gt;yter</strong></span> <span class='ocrx_word' id='word_1_483' title='bbox 1029 4098 1392 4160; x_wconf 72' lang='lat' dir='ltr'><strong>Alexandriae,</strong></span> <span class='ocrx_word' id='word_1_484' title='bbox 1443 4095 1542 4151; x_wconf 85' lang='lat' dir='ltr'><strong>sub</strong></span> <span class='ocrx_word' id='word_1_485' title='bbox 1587 4097 1804 4151; x_wconf 79' lang='lat' dir='ltr'><strong>&#39;l‘heona</strong></span> 
     </span>
    </p>
   </div>
   <div class='ocr_carea' id='block_1_71' title="bbox 230 4191 1806 4265">
    <p class='ocr_par' dir='ltr' id='par_1_71' title="bbox 230 4191 1806 4265">
     <span class='ocr_line' id='line_1_71' title="bbox 230 4191 1806 4265; baseline -0.006 -13"><span class='ocrx_word' id='word_1_486' title='bbox 230 4196 487 4265; x_wconf 85' lang='lat' dir='ltr'><strong>episcopo</strong></span> <span class='ocrx_word' id='word_1_487' title='bbox 515 4194 893 4249; x_wconf 79' lang='lat' dir='ltr'><strong>florentissime</strong></span> <span class='ocrx_word' id='word_1_488' title='bbox 932 4191 1154 4263; x_wconf 87' lang='lat' dir='ltr'><strong>populos</strong></span> <span class='ocrx_word' id='word_1_489' title='bbox 1192 4191 1396 4254; x_wconf 87' lang='lat' dir='ltr'><strong>docuit,</strong></span> <span class='ocrx_word' id='word_1_490' title='bbox 1428 4198 1482 4243; x_wconf 91' lang='lat' dir='ltr'><strong>et</strong></span> <span class='ocrx_word' id='word_1_491' title='bbox 1525 4203 1806 4243; x_wconf 85' lang='lat' dir='ltr'><strong>sermones</strong></span> 
     </span>
    </p>
   </div>
   <div class='ocr_carea' id='block_1_72' title="bbox 229 4278 1808 4354">
    <p class='ocr_par' dir='ltr' id='par_1_72' title="bbox 229 4278 1808 4354">
     <span class='ocr_line' id='line_1_72' title="bbox 229 4278 1808 4354; baseline -0.007 -14"><span class='ocrx_word' id='word_1_492' title='bbox 229 4288 678 4354; x_wconf 71' lang='lat' dir='ltr'><strong>diversorumque</strong></span> <span class='ocrx_word' id='word_1_493' title='bbox 701 4290 1020 4338; x_wconf 90' lang='lat' dir='ltr'><strong>tractatuum</strong></span> <span class='ocrx_word' id='word_1_494' title='bbox 1039 4281 1204 4336; x_wconf 90' lang='lat' dir='ltr'><strong>libros</strong></span> <span class='ocrx_word' id='word_1_495' title='bbox 1227 4279 1552 4350; x_wconf 89' lang='lat' dir='ltr'><strong>composuit.</strong></span> <span class='ocrx_word' id='word_1_496' title='bbox 1579 4278 1808 4332; x_wconf 82' lang='lat' dir='ltr'><strong>Invenit-</strong></span> 
     </span>
    </p>
   </div>
   <div class='ocr_carea' id='block_1_73' title="bbox 227 4367 1804 4445">
    <p class='ocr_par' dir='ltr' id='par_1_73' title="bbox 227 4367 1804 4445">
     <span class='ocr_line' id='line_1_73' title="bbox 227 4367 1804 4445; baseline -0.006 -15"><span class='ocrx_word' id='word_1_497' title='bbox 227 4391 340 4445; x_wconf 89' lang='lat' dir='ltr'><strong>que</strong></span> <span class='ocrx_word' id='word_1_498' title='bbox 365 4375 686 4445; x_wconf 80' lang='lat' dir='ltr'><strong>elegantiam</strong></span> <span class='ocrx_word' id='word_1_499' title='bbox 730 4371 1158 4441; x_wconf 89' lang='lat' dir='ltr'><strong>compositionis,</strong></span> <span class='ocrx_word' id='word_1_500' title='bbox 1189 4371 1264 4425; x_wconf 91' lang='lat' dir='ltr'><strong>ita</strong></span> <span class='ocrx_word' id='word_1_501' title='bbox 1303 4378 1360 4424; x_wconf 92' lang='lat' dir='ltr'><strong>ut</strong></span> <span class='ocrx_word' id='word_1_502' title='bbox 1397 4369 1657 4439; x_wconf 83' lang='lat' dir='ltr'><strong>Origenes</strong></span> <span class='ocrx_word' id='word_1_503' title='bbox 1700 4367 1804 4420; x_wconf 83' lang='lat' dir='ltr'><strong>mi-</strong></span> 
     </span>
    </p>
   </div>
   <div class='ocr_carea' id='block_1_74' title="bbox 232 4456 1807 4532">
    <p class='ocr_par' dir='ltr' id='par_1_74' title="bbox 232 4456 1807 4532">
     <span class='ocr_line' id='line_1_74' title="bbox 232 4456 1807 4532; baseline -0.009 -10"><span class='ocrx_word' id='word_1_504' title='bbox 232 4484 338 4522; x_wconf 81' lang='lat' dir='ltr'><strong>nor</strong></span> <span class='ocrx_word' id='word_1_505' title='bbox 362 4474 682 4522; x_wconf 85' lang='lat' dir='ltr'><strong>vocaretur:</strong></span> <span class='ocrx_word' id='word_1_506' title='bbox 703 4465 787 4520; x_wconf 78' lang='lat' dir='ltr'><strong>vir</strong></span> <span class='ocrx_word' id='word_1_507' title='bbox 815 4465 966 4519; x_wconf 87' lang='lat' dir='ltr'><strong>mirae</strong></span> <span class='ocrx_word' id='word_1_508' title='bbox 1008 4460 1372 4532; x_wconf 67' lang='lat' dir='ltr'><strong>parcimoniae,</strong></span> <span class='ocrx_word' id='word_1_509' title='bbox 1401 4468 1456 4514; x_wconf 91' lang='lat' dir='ltr'><strong>et</strong></span> <span class='ocrx_word' id='word_1_510' title='bbox 1493 4456 1807 4512; x_wconf 66' lang='lat' dir='ltr'><strong>voluntaria:</strong></span> 
     </span>
    </p>
   </div>
   <div class='ocr_carea' id='block_1_75' title="bbox 232 4546 1808 4630">
    <p class='ocr_par' dir='ltr' id='par_1_75' title="bbox 232 4546 1808 4630">
     <span class='ocr_line' id='line_1_75' title="bbox 232 4546 1808 4630; baseline -0.01 -17"><span class='ocrx_word' id='word_1_511' title='bbox 232 4559 591 4630; x_wconf 84' lang='lat' dir='ltr'><strong>paupertatis,</strong></span> <span class='ocrx_word' id='word_1_512' title='bbox 622 4565 740 4628; x_wconf 90' lang='lat' dir='ltr'><strong>post</strong></span> <span class='ocrx_word' id='word_1_513' title='bbox 767 4555 1194 4625; x_wconf 87' lang='lat' dir='ltr'><strong>persecutionem</strong></span> <span class='ocrx_word' id='word_1_514' title='bbox 1223 4550 1371 4606; x_wconf 93' lang='lat' dir='ltr'><strong>omni</strong></span> <span class='ocrx_word' id='word_1_515' title='bbox 1403 4559 1644 4617; x_wconf 89' lang='lat' dir='ltr'><strong>tempore</strong></span> <span class='ocrx_word' id='word_1_516' title='bbox 1683 4546 1808 4599; x_wconf 73' lang='lat' dir='ltr'><strong>vitzc</strong></span> 
     </span>
    </p>
   </div>
   <div class='ocr_carea' id='block_1_76' title="bbox 234 4639 1808 4709">
    <p class='ocr_par' dir='ltr' id='par_1_76' title="bbox 234 4639 1808 4709">
     <span class='ocr_line' id='line_1_76' title="bbox 234 4639 1808 4709; baseline -0.01 -4"><span class='ocrx_word' id='word_1_517' title='bbox 234 4666 351 4708; x_wconf 74' lang='lat' dir='ltr'><strong>sua:</strong></span> <span class='ocrx_word' id='word_1_518' title='bbox 381 4649 562 4704; x_wconf 63' lang='lat' dir='ltr'><strong>Romae</strong></span> <span class='ocrx_word' id='word_1_519' title='bbox 591 4657 834 4703; x_wconf 80' lang='lat' dir='ltr'><strong>versatus</strong></span> <span class='ocrx_word' id='word_1_520' title='bbox 855 4655 956 4701; x_wconf 90' lang='lat' dir='ltr'><strong>est.</strong></span> <span class='ocrx_word' id='word_1_521' title='bbox 980 4644 1357 4704; x_wconf 76' lang='lat' dir='ltr'><strong>Numerianus,</strong></span> <span class='ocrx_word' id='word_1_522' title='bbox 1390 4639 1480 4709; x_wconf 91' lang='lat' dir='ltr'><strong>qui</strong></span> <span class='ocrx_word' id='word_1_523' title='bbox 1507 4653 1628 4693; x_wconf 90' lang='lat' dir='ltr'><strong>cum</strong></span> <span class='ocrx_word' id='word_1_524' title='bbox 1653 4645 1808 4706; x_wconf 88' lang='lat' dir='ltr'><strong>patre</strong></span> 
     </span>
    </p>
   </div>
   <div class='ocr_carea' id='block_1_77' title="bbox 234 4725 1807 4798">
    <p class='ocr_par' dir='ltr' id='par_1_77' title="bbox 234 4725 1807 4798">
     <span class='ocr_line' id='line_1_77' title="bbox 234 4725 1807 4798; baseline -0.011 -2"><span class='ocrx_word' id='word_1_525' title='bbox 234 4743 379 4798; x_wconf 84' lang='lat' dir='ltr'><strong>Caro</strong></span> <span class='ocrx_word' id='word_1_526' title='bbox 400 4741 654 4795; x_wconf 89' lang='lat' dir='ltr'><strong>Parthico</strong></span> <span class='ocrx_word' id='word_1_527' title='bbox 681 4739 818 4794; x_wconf 90' lang='lat' dir='ltr'><strong>bello</strong></span> <span class='ocrx_word' id='word_1_528' title='bbox 847 4735 1186 4798; x_wconf 88' lang='lat' dir='ltr'><strong>interfuerat,</strong></span> <span class='ocrx_word' id='word_1_529' title='bbox 1222 4730 1436 4787; x_wconf 86' lang='lat' dir='ltr'><strong>rediens</strong></span> <span class='ocrx_word' id='word_1_530' title='bbox 1457 4726 1646 4783; x_wconf 89' lang='lat' dir='ltr'><strong>fraude</strong></span> <span class='ocrx_word' id='word_1_531' title='bbox 1675 4725 1807 4796; x_wconf 87' lang='lat' dir='ltr'><strong>Apri</strong></span> 
     </span>
    </p>
   </div>
   <div class='ocr_carea' id='block_1_78' title="bbox 231 4832 1000 4891">
    <p class='ocr_par' dir='ltr' id='par_1_78' title="bbox 231 4832 1000 4891">
     <span class='ocr_line' id='line_1_78' title="bbox 231 4832 1000 4891; baseline -0.009 0"><span class='ocrx_word' id='word_1_532' title='bbox 231 4836 414 4891; x_wconf 78' lang='lat' dir='ltr'><strong>soceri</strong></span> <span class='ocrx_word' id='word_1_533' title='bbox 445 4834 527 4889; x_wconf 88' lang='lat' dir='ltr'><strong>sui</strong></span> <span class='ocrx_word' id='word_1_534' title='bbox 556 4832 870 4888; x_wconf 89' lang='lat' dir='ltr'><strong>interfectus</strong></span> <span class='ocrx_word' id='word_1_535' title='bbox 898 4840 1000 4886; x_wconf 89' lang='lat' dir='ltr'><strong>est.</strong></span> 
     </span>
    </p>
   </div>
   <div class='ocr_carea' id='block_1_79' title="bbox 311 4915 1811 4999">
    <p class='ocr_par' dir='ltr' id='par_1_79' title="bbox 311 4915 1811 4999">
     <span class='ocr_line' id='line_1_79' title="bbox 311 4915 1811 4999; baseline -0.009 -19"><span class='ocrx_word' id='word_1_536' title='bbox 311 4924 462 4999; x_wconf 75' lang='lat'><strong>[288]</strong></span> <span class='ocrx_word' id='word_1_537' title='bbox 500 4924 880 4987; x_wconf 86' lang='lat' dir='ltr'><strong>Diocletianus,</strong></span> <span class='ocrx_word' id='word_1_538' title='bbox 903 4924 971 4978; x_wconf 91' lang='lat' dir='ltr'><strong>ab</strong></span> <span class='ocrx_word' id='word_1_539' title='bbox 988 4921 1130 4978; x_wconf 86' lang='lat' dir='ltr'><strong>Urbe</strong></span> <span class='ocrx_word' id='word_1_540' title='bbox 1149 4918 1360 4975; x_wconf 88' lang='lat' dir='ltr'><strong>condita</strong></span> <span class='ocrx_word' id='word_1_541' title='bbox 1375 4915 1659 4971; x_wconf 91' lang='lat' dir='ltr'><strong>millesimo</strong></span> <span class='ocrx_word' id='word_1_542' title='bbox 1681 4927 1811 4981; x_wconf 87' lang='lat' dir='ltr'><strong>qua-</strong></span> 
     </span>
    </p>
   </div>
   <div class='ocr_carea' id='block_1_80' title="bbox 231 5008 1811 5088">
    <p class='ocr_par' dir='ltr' id='par_1_80' title="bbox 231 5008 1811 5088">
     <span class='ocr_line' id='line_1_80' title="bbox 231 5008 1811 5088; baseline -0.009 -14"><span class='ocrx_word' id='word_1_543' title='bbox 231 5019 547 5088; x_wconf 83' lang='lat' dir='ltr'><strong>dragesimo</strong></span> <span class='ocrx_word' id='word_1_544' title='bbox 573 5032 678 5070; x_wconf 92' lang='lat' dir='ltr'><strong>uno</strong></span> <span class='ocrx_word' id='word_1_545' title='bbox 703 5017 772 5069; x_wconf 87' lang='lat' dir='ltr'><strong>ab</strong></span> <span class='ocrx_word' id='word_1_546' title='bbox 815 5014 1051 5069; x_wconf 86' lang='lat' dir='ltr'><strong>exercitu</strong></span> <span class='ocrx_word' id='word_1_547' title='bbox 1083 5013 1376 5082; x_wconf 86' lang='lat' dir='ltr'><strong>imperator</strong></span> <span class='ocrx_word' id='word_1_548' title='bbox 1404 5008 1594 5070; x_wconf 86' lang='lat' dir='ltr'><strong>lectus,</strong></span> <span class='ocrx_word' id='word_1_549' title='bbox 1641 5019 1811 5059; x_wconf 88' lang='lat' dir='ltr'><strong>annos</strong></span> 
     </span>
    </p>
   </div>
   <div class='ocr_carea' id='block_1_81' title="bbox 236 5095 1810 5178">
    <p class='ocr_par' dir='ltr' id='par_1_81' title="bbox 236 5095 1810 5178">
     <span class='ocr_line' id='line_1_81' title="bbox 236 5095 1810 5178; baseline -0.011 -15"><span class='ocrx_word' id='word_1_550' title='bbox 236 5109 490 5178; x_wconf 74' lang='lat' dir='ltr'><strong>triginta;</strong></span> <span class='ocrx_word' id='word_1_551' title='bbox 527 5106 619 5175; x_wconf 90' lang='lat' dir='ltr'><strong>qui</strong></span> <span class='ocrx_word' id='word_1_552' title='bbox 665 5103 848 5159; x_wconf 88' lang='lat' dir='ltr'><strong>statim</strong></span> <span class='ocrx_word' id='word_1_553' title='bbox 901 5112 962 5155; x_wconf 91' lang='lat' dir='ltr'><strong>ut</strong></span> <span class='ocrx_word' id='word_1_554' title='bbox 1009 5098 1288 5171; x_wconf 87' lang='lat' dir='ltr'><strong>potestatis</strong></span> <span class='ocrx_word' id='word_1_555' title='bbox 1335 5097 1543 5166; x_wconf 84' lang='lat' dir='ltr'><strong>copiam</strong></span> <span class='ocrx_word' id='word_1_556' title='bbox 1599 5095 1810 5158; x_wconf 89' lang='lat' dir='ltr'><strong>habuit,</strong></span> 
     </span>
    </p>
   </div>
   <div class='ocr_carea' id='block_1_82' title="bbox 232 5189 1808 5274">
    <p class='ocr_par' dir='ltr' id='par_1_82' title="bbox 232 5189 1808 5274">
     <span class='ocr_line' id='line_1_82' title="bbox 232 5189 1808 5274; baseline -0.011 -17"><span class='ocrx_word' id='word_1_557' title='bbox 232 5204 464 5274; x_wconf 81' lang='lat' dir='ltr'><strong>Aprum,</strong></span> <span class='ocrx_word' id='word_1_558' title='bbox 497 5199 895 5255; x_wconf 89' lang='lat' dir='ltr'><strong>interfectorem</strong></span> <span class='ocrx_word' id='word_1_559' title='bbox 937 5193 1270 5258; x_wconf 86' lang='lat' dir='ltr'><strong>Numeriani,</strong></span> <span class='ocrx_word' id='word_1_560' title='bbox 1297 5207 1457 5247; x_wconf 90' lang='lat' dir='ltr'><strong>manu</strong></span> <span class='ocrx_word' id='word_1_561' title='bbox 1507 5205 1602 5244; x_wconf 91' lang='lat' dir='ltr'><strong>sua</strong></span> <span class='ocrx_word' id='word_1_562' title='bbox 1641 5189 1808 5242; x_wconf 90' lang='lat' dir='ltr'><strong>inter-</strong></span> 
     </span>
    </p>
   </div>
   <div class='ocr_carea' id='block_1_83' title="bbox 234 5293 391 5348">
    <p class='ocr_par' dir='ltr' id='par_1_83' title="bbox 234 5293 391 5348">
     <span class='ocr_line' id='line_1_83' title="bbox 234 5293 391 5348; baseline -0.025 0"><span class='ocrx_word' id='word_1_563' title='bbox 234 5293 391 5348; x_wconf 80' lang='lat' dir='ltr'><strong>fecit.</strong></span> 
     </span>
    </p>
   </div>
   <div class='ocr_carea' id='block_1_84' title="bbox 231 5368 1805 5448">
    <p class='ocr_par' dir='ltr' id='par_1_84' title="bbox 231 5368 1805 5448">
     <span class='ocr_line' id='line_1_84' title="bbox 231 5368 1805 5448; baseline -0.011 -10"><span class='ocrx_word' id='word_1_564' title='bbox 231 5416 234 5418; x_wconf 58' lang='grc' dir='ltr'><em>η</em></span> <span class='ocrx_word' id='word_1_565' title='bbox 313 5384 516 5439; x_wconf 84' lang='lat' dir='ltr'><strong>Deinde</strong></span> <span class='ocrx_word' id='word_1_566' title='bbox 551 5383 830 5444; x_wconf 85' lang='lat' dir='ltr'><strong>Carinurn,</strong></span> <span class='ocrx_word' id='word_1_567' title='bbox 875 5393 1034 5448; x_wconf 88' lang='lat' dir='ltr'><strong>quem</strong></span> <span class='ocrx_word' id='word_1_568' title='bbox 1076 5377 1246 5446; x_wconf 84' lang='lat' dir='ltr'><strong>Carus</strong></span> <span class='ocrx_word' id='word_1_569' title='bbox 1276 5376 1540 5429; x_wconf 64' lang='lat' dir='ltr'><strong>Cresarem</strong></span> <span class='ocrx_word' id='word_1_570' title='bbox 1588 5371 1639 5425; x_wconf 94' lang='lat' dir='ltr'><strong>in</strong></span> <span class='ocrx_word' id='word_1_571' title='bbox 1680 5368 1805 5423; x_wconf 83' lang='lat' dir='ltr'><strong>Dal-</strong></span> 
     </span>
    </p>
   </div>
   <div class='ocr_carea' id='block_1_85' title="bbox 235 5459 1810 5541">
    <p class='ocr_par' dir='ltr' id='par_1_85' title="bbox 235 5459 1810 5541">
     <span class='ocr_line' id='line_1_85' title="bbox 235 5459 1810 5541; baseline -0.012 -11"><span class='ocrx_word' id='word_1_572' title='bbox 235 5477 406 5530; x_wconf 89' lang='lat' dir='ltr'><strong>matia</strong></span> <span class='ocrx_word' id='word_1_573' title='bbox 455 5473 763 5541; x_wconf 90' lang='lat' dir='ltr'><strong>reliquerat,</strong></span> <span class='ocrx_word' id='word_1_574' title='bbox 813 5467 1123 5524; x_wconf 67' lang='lat' dir='ltr'><strong>difficillimo</strong></span> <span class='ocrx_word' id='word_1_575' title='bbox 1165 5464 1306 5520; x_wconf 90' lang='lat' dir='ltr'><strong>bello</strong></span> <span class='ocrx_word' id='word_1_576' title='bbox 1349 5471 1404 5516; x_wconf 90' lang='lat' dir='ltr'><strong>et</strong></span> <span class='ocrx_word' id='word_1_577' title='bbox 1451 5461 1686 5516; x_wconf 81' lang='lat' dir='ltr'><strong>maximo</strong></span> <span class='ocrx_word' id='word_1_578' title='bbox 1733 5459 1810 5512; x_wconf 80' lang='lat' dir='ltr'><strong>la-</strong></span> 
     </span>
    </p>
   </div>
   <div class='ocr_carea' id='block_1_86' title="bbox 236 5548 1813 5632">
    <p class='ocr_par' dir='ltr' id='par_1_86' title="bbox 236 5548 1813 5632">
     <span class='ocr_line' id='line_1_86' title="bbox 236 5548 1813 5632; baseline -0.013 -10"><span class='ocrx_word' id='word_1_579' title='bbox 236 5570 373 5622; x_wconf 74' lang='lat' dir='ltr'><strong>hore</strong></span> <span class='ocrx_word' id='word_1_580' title='bbox 429 5562 720 5632; x_wconf 82' lang='lat' dir='ltr'><strong>superavit.</strong></span> <span class='ocrx_word' id='word_1_581' title='bbox 779 5560 982 5615; x_wconf 89' lang='lat' dir='ltr'><strong>Dehinc</strong></span> <span class='ocrx_word' id='word_1_582' title='bbox 1031 5571 1154 5610; x_wconf 83' lang='lat' dir='ltr'><strong>cum</strong></span> <span class='ocrx_word' id='word_1_583' title='bbox 1219 5555 1274 5608; x_wconf 91' lang='lat' dir='ltr'><strong>in</strong></span> <span class='ocrx_word' id='word_1_584' title='bbox 1323 5551 1551 5608; x_wconf 88' lang='lat' dir='ltr'><strong>Galliam</strong></span> <span class='ocrx_word' id='word_1_585' title='bbox 1609 5548 1813 5604; x_wconf 91' lang='lat' dir='ltr'><strong>Anolus</strong></span> 
     </span>
    </p>
   </div>
   <div class='ocr_carea' id='block_1_87' title="bbox 235 5647 1815 5710">
    <p class='ocr_par' dir='ltr' id='par_1_87' title="bbox 235 5647 1815 5710">
     <span class='ocr_line' id='line_1_87' title="bbox 235 5647 1815 5710; baseline -0.012 0"><span class='ocrx_word' id='word_1_586' title='bbox 235 5665 295 5710; x_wconf 83' lang='lat' dir='ltr'><strong>et</strong></span> <span class='ocrx_word' id='word_1_587' title='bbox 349 5655 608 5710; x_wconf 85' lang='lat' dir='ltr'><strong>Helianus</strong></span> <span class='ocrx_word' id='word_1_588' title='bbox 669 5651 893 5708; x_wconf 83' lang='lat' dir='ltr'><strong>collecta</strong></span> <span class='ocrx_word' id='word_1_589' title='bbox 964 5647 1356 5703; x_wconf 88' lang='lat' dir='ltr'><strong>rusticanorum</strong></span> <span class='ocrx_word' id='word_1_590' title='bbox 1425 5657 1586 5696; x_wconf 88' lang='lat' dir='ltr'><strong>manu</strong></span> <span class='ocrx_word' id='word_1_591' title='bbox 1615 5680 1628 5704; x_wconf 96' lang='lat'><strong>,</strong></span> <span class='ocrx_word' id='word_1_592' title='bbox 1681 5652 1815 5706; x_wconf 88' lang='lat' dir='ltr'><strong>quos</strong></span> 
     </span>
    </p>
   </div>
   <div class='ocr_carea' id='block_1_88' title="bbox 237 5728 1816 5813">
    <p class='ocr_par' dir='ltr' id='par_1_88' title="bbox 237 5728 1816 5813">
     <span class='ocr_line' id='line_1_88' title="bbox 237 5728 1816 5813; baseline -0.012 -12"><span class='ocrx_word' id='word_1_593' title='bbox 237 5747 516 5805; x_wconf 83' lang='lat' dir='ltr'><strong>Baccadas</strong></span> <span class='ocrx_word' id='word_1_594' title='bbox 584 5744 884 5810; x_wconf 79' lang='lat' dir='ltr'><strong>vocabant,</strong></span> <span class='ocrx_word' id='word_1_595' title='bbox 953 5739 1283 5813; x_wconf 77' lang='lat' dir='ltr'><strong>perniciosos</strong></span> <span class='ocrx_word' id='word_1_596' title='bbox 1347 5733 1603 5792; x_wconf 85' lang='lat' dir='ltr'><strong>tumultus</strong></span> <span class='ocrx_word' id='word_1_597' title='bbox 1671 5728 1816 5785; x_wconf 84' lang='lat' dir='ltr'><strong>exci-</strong></span> 
     </span>
    </p>
   </div>
   <div class='ocr_carea' id='block_1_89' title="bbox 1905 3264 3486 3338">
    <p class='ocr_par' dir='ltr' id='par_1_89' title="bbox 1905 3264 3486 3338">
     <span class='ocr_line' id='line_1_89' title="bbox 1905 3264 3486 3338; baseline -0.003 -15"><span class='ocrx_word' id='word_1_598' title='bbox 1905 3268 2007 3324; x_wconf 90' lang='lat' dir='ltr'><strong>bus</strong></span> <span class='ocrx_word' id='word_1_599' title='bbox 2049 3267 2160 3338; x_wconf 88' lang='lat' dir='ltr'><strong>jam</strong></span> <span class='ocrx_word' id='word_1_600' title='bbox 2211 3267 2410 3337; x_wconf 67' lang='lat' dir='ltr'><strong>praeliis</strong></span> <span class='ocrx_word' id='word_1_601' title='bbox 2464 3267 2748 3322; x_wconf 88' lang='lat' dir='ltr'><strong>adversum</strong></span> <span class='ocrx_word' id='word_1_602' title='bbox 2811 3266 3070 3321; x_wconf 87' lang='lat' dir='ltr'><strong>Narseum</strong></span> <span class='ocrx_word' id='word_1_603' title='bbox 3135 3264 3486 3330; x_wconf 86' lang='lat' dir='ltr'><strong>conflixisset,</strong></span> 
     </span>
    </p>
   </div>
   <div class='ocr_carea' id='block_1_90' title="bbox 1906 3356 3482 3427">
    <p class='ocr_par' dir='ltr' id='par_1_90' title="bbox 1906 3356 3482 3427">
     <span class='ocr_line' id='line_1_90' title="bbox 1906 3356 3482 3427; baseline -0.003 -13"><span class='ocrx_word' id='word_1_604' title='bbox 1906 3358 2070 3414; x_wconf 90' lang='lat' dir='ltr'><strong>tertio</strong></span> <span class='ocrx_word' id='word_1_605' title='bbox 2117 3358 2259 3412; x_wconf 91' lang='lat' dir='ltr'><strong>inter</strong></span> <span class='ocrx_word' id='word_1_606' title='bbox 2287 3357 2612 3413; x_wconf 88' lang='lat' dir='ltr'><strong>Gallinicum</strong></span> <span class='ocrx_word' id='word_1_607' title='bbox 2643 3366 2700 3412; x_wconf 90' lang='lat' dir='ltr'><strong>et</strong></span> <span class='ocrx_word' id='word_1_608' title='bbox 2739 3356 2938 3412; x_wconf 88' lang='lat' dir='ltr'><strong>Carras</strong></span> <span class='ocrx_word' id='word_1_609' title='bbox 2973 3372 3295 3427; x_wconf 86' lang='lat' dir='ltr'><strong>congressus</strong></span> <span class='ocrx_word' id='word_1_610' title='bbox 3322 3365 3376 3410; x_wconf 90' lang='lat' dir='ltr'><strong>et</strong></span> <span class='ocrx_word' id='word_1_611' title='bbox 3411 3357 3482 3410; x_wconf 81' lang='lat' dir='ltr'><strong>vi-</strong></span> 
     </span>
    </p>
   </div>
   <div class='ocr_carea' id='block_1_91' title="bbox 1907 3448 3489 3518">
    <p class='ocr_par' dir='ltr' id='par_1_91' title="bbox 1907 3448 3489 3518">
     <span class='ocr_line' id='line_1_91' title="bbox 1907 3448 3489 3518; baseline -0.003 -12"><span class='ocrx_word' id='word_1_612' title='bbox 1907 3459 2048 3516; x_wconf 90' lang='lat' dir='ltr'><strong>ctus,</strong></span> <span class='ocrx_word' id='word_1_613' title='bbox 2078 3450 2292 3506; x_wconf 86' lang='lat' dir='ltr'><strong>amissis</strong></span> <span class='ocrx_word' id='word_1_614' title='bbox 2331 3450 2502 3518; x_wconf 88' lang='lat' dir='ltr'><strong>c0piis</strong></span> <span class='ocrx_word' id='word_1_615' title='bbox 2531 3449 2598 3503; x_wconf 90' lang='lat' dir='ltr'><strong>ad</strong></span> <span class='ocrx_word' id='word_1_616' title='bbox 2627 3448 3018 3506; x_wconf 88' lang='lat' dir='ltr'><strong>Diocletianum</strong></span> <span class='ocrx_word' id='word_1_617' title='bbox 3047 3448 3262 3516; x_wconf 80' lang='lat' dir='ltr'><strong>refugit.</strong></span> <span class='ocrx_word' id='word_1_618' title='bbox 3292 3448 3336 3501; x_wconf 86' lang='lat' dir='ltr'><strong>A</strong></span> <span class='ocrx_word' id='word_1_619' title='bbox 3382 3463 3489 3516; x_wconf 88' lang='lat' dir='ltr'><strong>quo</strong></span> 
     </span>
    </p>
   </div>
   <div class='ocr_carea' id='block_1_92' title="bbox 1909 3539 3487 3611">
    <p class='ocr_par' dir='ltr' id='par_1_92' title="bbox 1909 3539 3487 3611">
     <span class='ocr_line' id='line_1_92' title="bbox 1909 3539 3487 3611; baseline -0.004 -14"><span class='ocrx_word' id='word_1_620' title='bbox 1909 3540 2355 3611; x_wconf 82' lang='lat' dir='ltr'><strong>arrogantissime</strong></span> <span class='ocrx_word' id='word_1_621' title='bbox 2384 3549 2642 3609; x_wconf 88' lang='lat' dir='ltr'><strong>exceptus</strong></span> <span class='ocrx_word' id='word_1_622' title='bbox 2670 3548 2776 3604; x_wconf 90' lang='lat' dir='ltr'><strong>est,</strong></span> <span class='ocrx_word' id='word_1_623' title='bbox 2809 3541 2881 3594; x_wconf 89' lang='lat' dir='ltr'><strong>ita</strong></span> <span class='ocrx_word' id='word_1_624' title='bbox 2911 3551 2971 3593; x_wconf 92' lang='lat' dir='ltr'><strong>ut</strong></span> <span class='ocrx_word' id='word_1_625' title='bbox 2996 3554 3094 3608; x_wconf 87' lang='lat' dir='ltr'><strong>per</strong></span> <span class='ocrx_word' id='word_1_626' title='bbox 3131 3539 3337 3607; x_wconf 83' lang='lat' dir='ltr'><strong>aliquot</strong></span> <span class='ocrx_word' id='word_1_627' title='bbox 3369 3539 3487 3592; x_wconf 90' lang='lat' dir='ltr'><strong>mil-</strong></span> 
     </span>
    </p>
   </div>
   <div class='ocr_carea' id='block_1_93' title="bbox 1907 3629 3487 3702">
    <p class='ocr_par' dir='ltr' id='par_1_93' title="bbox 1907 3629 3487 3702">
     <span class='ocr_line' id='line_1_93' title="bbox 1907 3629 3487 3702; baseline -0.003 -16"><span class='ocrx_word' id='word_1_628' title='bbox 1907 3631 1978 3687; x_wconf 90' lang='lat' dir='ltr'><strong>lia</strong></span> <span class='ocrx_word' id='word_1_629' title='bbox 2008 3648 2260 3702; x_wconf 88' lang='lat' dir='ltr'><strong>passuum</strong></span> <span class='ocrx_word' id='word_1_630' title='bbox 2292 3638 2617 3701; x_wconf 89' lang='lat' dir='ltr'><strong>purpuratus</strong></span> <span class='ocrx_word' id='word_1_631' title='bbox 2645 3638 2772 3685; x_wconf 90' lang='lat' dir='ltr'><strong>ante</strong></span> <span class='ocrx_word' id='word_1_632' title='bbox 2801 3630 3102 3684; x_wconf 85' lang='lat' dir='ltr'><strong>vehiculum</strong></span> <span class='ocrx_word' id='word_1_633' title='bbox 3147 3629 3264 3696; x_wconf 86' lang='lat' dir='ltr'><strong>ejus</strong></span> <span class='ocrx_word' id='word_1_634' title='bbox 3290 3645 3487 3699; x_wconf 62' lang='lat' dir='ltr'><strong>praece-</strong></span> 
     </span>
    </p>
   </div>
   <div class='ocr_carea' id='block_1_94' title="bbox 1907 3720 3484 3790">
    <p class='ocr_par' dir='ltr' id='par_1_94' title="bbox 1907 3720 3484 3790">
     <span class='ocr_line' id='line_1_94' title="bbox 1907 3720 3484 3790; baseline -0.005 -12"><span class='ocrx_word' id='word_1_635' title='bbox 1907 3723 2077 3778; x_wconf 90' lang='lat' dir='ltr'><strong>deret.</strong></span> <span class='ocrx_word' id='word_1_636' title='bbox 2107 3721 2203 3776; x_wconf 88' lang='lat' dir='ltr'><strong>llic</strong></span> <span class='ocrx_word' id='word_1_637' title='bbox 2233 3720 2595 3775; x_wconf 86' lang='lat' dir='ltr'><strong>Diocletianus</strong></span> <span class='ocrx_word' id='word_1_638' title='bbox 2615 3720 2822 3790; x_wconf 91' lang='lat' dir='ltr'><strong>primus</strong></span> <span class='ocrx_word' id='word_1_639' title='bbox 2848 3734 3089 3790; x_wconf 87' lang='lat' dir='ltr'><strong>gemmas</strong></span> <span class='ocrx_word' id='word_1_640' title='bbox 3107 3720 3352 3772; x_wconf 77' lang='lat' dir='ltr'><strong>vestibus</strong></span> <span class='ocrx_word' id='word_1_641' title='bbox 3379 3720 3484 3772; x_wconf 83' lang='lat' dir='ltr'><strong>cal-</strong></span> 
     </span>
    </p>
   </div>
   <div class='ocr_carea' id='block_1_95' title="bbox 1907 3806 3488 3880">
    <p class='ocr_par' dir='ltr' id='par_1_95' title="bbox 1907 3806 3488 3880">
     <span class='ocr_line' id='line_1_95' title="bbox 1907 3806 3488 3880; baseline -0.006 -12"><span class='ocrx_word' id='word_1_642' title='bbox 1907 3811 2306 3880; x_wconf 88' lang='lat' dir='ltr'><strong>ceamentisque</strong></span> <span class='ocrx_word' id='word_1_643' title='bbox 2339 3809 2502 3864; x_wconf 85' lang='lat' dir='ltr'><strong>inseri</strong></span> <span class='ocrx_word' id='word_1_644' title='bbox 2525 3806 2706 3877; x_wconf 90' lang='lat' dir='ltr'><strong>jussit,</strong></span> <span class='ocrx_word' id='word_1_645' title='bbox 2741 3809 2866 3862; x_wconf 88' lang='lat' dir='ltr'><strong>dum</strong></span> <span class='ocrx_word' id='word_1_646' title='bbox 2897 3807 3008 3862; x_wconf 90' lang='lat' dir='ltr'><strong>sola</strong></span> <span class='ocrx_word' id='word_1_647' title='bbox 3074 3823 3308 3877; x_wconf 86' lang='lat' dir='ltr'><strong>purpura</strong></span> <span class='ocrx_word' id='word_1_648' title='bbox 3344 3819 3488 3861; x_wconf 87' lang='lat' dir='ltr'><strong>re:rn</strong></span> 
     </span>
    </p>
   </div>
   <div class='ocr_carea' id='block_1_96' title="bbox 1906 3898 3484 3973">
    <p class='ocr_par' dir='ltr' id='par_1_96' title="bbox 1906 3898 3484 3973">
     <span class='ocr_line' id='line_1_96' title="bbox 1906 3898 3484 3973; baseline -0.003 -17"><span class='ocrx_word' id='word_1_649' title='bbox 1906 3902 2179 3973; x_wconf 82' lang='lat' dir='ltr'><strong>principes</strong></span> <span class='ocrx_word' id='word_1_650' title='bbox 2205 3910 2505 3956; x_wconf 88' lang='lat' dir='ltr'><strong>uterentur.</strong></span> <span class='ocrx_word' id='word_1_651' title='bbox 2534 3900 2750 3956; x_wconf 90' lang='lat' dir='ltr'><strong>Decimo</strong></span> <span class='ocrx_word' id='word_1_652' title='bbox 2769 3908 2962 3954; x_wconf 90' lang='lat' dir='ltr'><strong>octavo</strong></span> <span class='ocrx_word' id='word_1_653' title='bbox 2977 3914 3118 3953; x_wconf 87' lang='lat' dir='ltr'><strong>anno</strong></span> <span class='ocrx_word' id='word_1_654' title='bbox 3141 3898 3484 3960; x_wconf 84' lang='lat' dir='ltr'><strong>Diocletiani,</strong></span> 
     </span>
    </p>
   </div>
   <div class='ocr_carea' id='block_1_97' title="bbox 1907 3988 3483 4063">
    <p class='ocr_par' dir='ltr' id='par_1_97' title="bbox 1907 3988 3483 4063">
     <span class='ocr_line' id='line_1_97' title="bbox 1907 3988 3483 4063; baseline -0.004 -15"><span class='ocrx_word' id='word_1_655' title='bbox 1907 3993 2019 4063; x_wconf 87' lang='lat' dir='ltr'><strong>ipse</strong></span> <span class='ocrx_word' id='word_1_656' title='bbox 2047 3993 2102 4047; x_wconf 87' lang='lat' dir='ltr'><strong>in</strong></span> <span class='ocrx_word' id='word_1_657' title='bbox 2131 3991 2371 4055; x_wconf 87' lang='lat' dir='ltr'><strong>Oriente,</strong></span> <span class='ocrx_word' id='word_1_658' title='bbox 2410 3991 2765 4045; x_wconf 87' lang='lat' dir='ltr'><strong>Maximianus</strong></span> <span class='ocrx_word' id='word_1_659' title='bbox 2793 3989 3077 4045; x_wconf 80' lang='lat' dir='ltr'><strong>Herculius</strong></span> <span class='ocrx_word' id='word_1_660' title='bbox 3109 3990 3160 4043; x_wconf 91' lang='lat' dir='ltr'><strong>in</strong></span> <span class='ocrx_word' id='word_1_661' title='bbox 3190 3988 3483 4044; x_wconf 67' lang='lat' dir='ltr'><strong>Occidente</strong></span> 
     </span>
    </p>
   </div>
   <div class='ocr_carea' id='block_1_98' title="bbox 1910 4079 3486 4150">
    <p class='ocr_par' dir='ltr' id='par_1_98' title="bbox 1910 4079 3486 4150">
     <span class='ocr_line' id='line_1_98' title="bbox 1910 4079 3486 4150; baseline -0.002 -13"><span class='ocrx_word' id='word_1_662' title='bbox 1910 4082 2112 4138; x_wconf 85' lang='lat' dir='ltr'><strong>vastari</strong></span> <span class='ocrx_word' id='word_1_663' title='bbox 2175 4081 2484 4146; x_wconf 84' lang='lat' dir='ltr'><strong>Ecclesias,</strong></span> <span class='ocrx_word' id='word_1_664' title='bbox 2539 4080 2698 4150; x_wconf 85' lang='lat' dir='ltr'><strong>aﬂligi</strong></span> <span class='ocrx_word' id='word_1_665' title='bbox 2751 4079 3089 4149; x_wconf 87' lang='lat' dir='ltr'><strong>interficique</strong></span> <span class='ocrx_word' id='word_1_666' title='bbox 3151 4080 3486 4134; x_wconf 74' lang='lat' dir='ltr'><strong>Christianos</strong></span> 
     </span>
    </p>
   </div>
   <div class='ocr_carea' id='block_1_99' title="bbox 1908 4169 3486 4246">
    <p class='ocr_par' dir='ltr' id='par_1_99' title="bbox 1908 4169 3486 4246">
     <span class='ocr_line' id='line_1_99' title="bbox 1908 4169 3486 4246; baseline -0.003 -16"><span class='ocrx_word' id='word_1_667' title='bbox 1908 4173 2500 4246; x_wconf 67' lang='lat' dir='ltr'><strong>prtccipiunt,adustis</strong></span> <span class='ocrx_word' id='word_1_668' title='bbox 2543 4171 2736 4226; x_wconf 90' lang='lat' dir='ltr'><strong>divinis</strong></span> <span class='ocrx_word' id='word_1_669' title='bbox 2792 4170 2963 4226; x_wconf 91' lang='lat' dir='ltr'><strong>libris.</strong></span> <span class='ocrx_word' id='word_1_670' title='bbox 3009 4169 3121 4224; x_wconf 86' lang='lat' dir='ltr'><strong>Hac</strong></span> <span class='ocrx_word' id='word_1_671' title='bbox 3171 4180 3486 4239; x_wconf 85' lang='lat' dir='ltr'><strong>tempestate</strong></span> 
     </span>
    </p>
   </div>
   <div class='ocr_carea' id='block_1_100' title="bbox 1910 4259 3485 4334">
    <p class='ocr_par' dir='ltr' id='par_1_100' title="bbox 1910 4259 3485 4334">
     <span class='ocr_line' id='line_1_100' title="bbox 1910 4259 3485 4334; baseline -0.005 -15"><span class='ocrx_word' id='word_1_672' title='bbox 1910 4264 2228 4334; x_wconf 78' lang='lat' dir='ltr'><strong>martyrium</strong></span> <span class='ocrx_word' id='word_1_673' title='bbox 2272 4270 2580 4316; x_wconf 92' lang='lat' dir='ltr'><strong>sanctorum</strong></span> <span class='ocrx_word' id='word_1_674' title='bbox 2627 4260 3003 4321; x_wconf 69' lang='lat' dir='ltr'><strong>Thehreorum,</strong></span> <span class='ocrx_word' id='word_1_675' title='bbox 3032 4259 3271 4313; x_wconf 82' lang='lat' dir='ltr'><strong>Mauricii</strong></span> <span class='ocrx_word' id='word_1_676' title='bbox 3313 4261 3485 4315; x_wconf 89' lang='lat' dir='ltr'><strong>socio-</strong></span> 
     </span>
    </p>
   </div>
   <div class='ocr_carea' id='block_1_101' title="bbox 1908 4351 3484 4425">
    <p class='ocr_par' dir='ltr' id='par_1_101' title="bbox 1908 4351 3484 4425">
     <span class='ocr_line' id='line_1_101' title="bbox 1908 4351 3484 4425; baseline -0.002 -15"><span class='ocrx_word' id='word_1_677' title='bbox 1908 4370 2136 4425; x_wconf 83' lang='lat' dir='ltr'><strong>rumque</strong></span> <span class='ocrx_word' id='word_1_678' title='bbox 2163 4355 2278 4425; x_wconf 81' lang='lat' dir='ltr'><strong>cjus</strong></span> <span class='ocrx_word' id='word_1_679' title='bbox 2303 4353 2478 4408; x_wconf 88' lang='lat' dir='ltr'><strong>sexies</strong></span> <span class='ocrx_word' id='word_1_680' title='bbox 2506 4351 2651 4407; x_wconf 91' lang='lat' dir='ltr'><strong>mille</strong></span> <span class='ocrx_word' id='word_1_681' title='bbox 2677 4361 3055 4418; x_wconf 84' lang='lat' dir='ltr'><strong>sexcentorum</strong></span> <span class='ocrx_word' id='word_1_682' title='bbox 3086 4351 3360 4420; x_wconf 80' lang='lat' dir='ltr'><strong>sexaginta</strong></span> <span class='ocrx_word' id='word_1_683' title='bbox 3389 4367 3484 4407; x_wconf 89' lang='lat' dir='ltr'><strong>sex</strong></span> 
     </span>
    </p>
   </div>
   <div class='ocr_carea' id='block_1_102' title="bbox 1909 4441 3486 4516">
    <p class='ocr_par' dir='ltr' id='par_1_102' title="bbox 1909 4441 3486 4516">
     <span class='ocr_line' id='line_1_102' title="bbox 1909 4441 3486 4516; baseline -0.003 -16"><span class='ocrx_word' id='word_1_684' title='bbox 1909 4447 2175 4516; x_wconf 88' lang='lat' dir='ltr'><strong>impletur.</strong></span> <span class='ocrx_word' id='word_1_685' title='bbox 2214 4445 2401 4498; x_wconf 88' lang='lat' dir='ltr'><strong>Passio</strong></span> <span class='ocrx_word' id='word_1_686' title='bbox 2432 4458 2646 4514; x_wconf 89' lang='lat' dir='ltr'><strong>quoque</strong></span> <span class='ocrx_word' id='word_1_687' title='bbox 2673 4441 2910 4498; x_wconf 79' lang='lat' dir='ltr'><strong>Victoris</strong></span> <span class='ocrx_word' id='word_1_688' title='bbox 2937 4449 2993 4496; x_wconf 86' lang='lat' dir='ltr'><strong>et</strong></span> <span class='ocrx_word' id='word_1_689' title='bbox 3045 4441 3166 4496; x_wconf 89' lang='lat' dir='ltr'><strong>Ursi</strong></span> <span class='ocrx_word' id='word_1_690' title='bbox 3199 4443 3340 4510; x_wconf 87' lang='lat' dir='ltr'><strong>apud</strong></span> <span class='ocrx_word' id='word_1_691' title='bbox 3382 4441 3486 4498; x_wconf 87' lang='lat' dir='ltr'><strong>Ca-</strong></span> 
     </span>
    </p>
   </div>
   <div class='ocr_carea' id='block_1_103' title="bbox 1909 4530 3485 4602">
    <p class='ocr_par' dir='ltr' id='par_1_103' title="bbox 1909 4530 3485 4602">
     <span class='ocr_line' id='line_1_103' title="bbox 1909 4530 3485 4602; baseline -0.003 -12"><span class='ocrx_word' id='word_1_692' title='bbox 1909 4543 2082 4590; x_wconf 91' lang='lat' dir='ltr'><strong>strum</strong></span> <span class='ocrx_word' id='word_1_693' title='bbox 2110 4533 2453 4596; x_wconf 89' lang='lat' dir='ltr'><strong>Solodorum,</strong></span> <span class='ocrx_word' id='word_1_694' title='bbox 2487 4531 2668 4602; x_wconf 87' lang='lat' dir='ltr'><strong>passio</strong></span> <span class='ocrx_word' id='word_1_695' title='bbox 2689 4546 2903 4602; x_wconf 85' lang='lat' dir='ltr'><strong>quoque</strong></span> <span class='ocrx_word' id='word_1_696' title='bbox 2937 4531 3110 4585; x_wconf 63' lang='lat' dir='ltr'><strong>beatae</strong></span> <span class='ocrx_word' id='word_1_697' title='bbox 3139 4530 3285 4586; x_wconf 85' lang='lat' dir='ltr'><strong>Fidis</strong></span> <span class='ocrx_word' id='word_1_698' title='bbox 3311 4539 3366 4586; x_wconf 91' lang='lat' dir='ltr'><strong>et</strong></span> <span class='ocrx_word' id='word_1_699' title='bbox 3394 4547 3485 4586; x_wconf 88' lang='lat' dir='ltr'><strong>so-</strong></span> 
     </span>
    </p>
   </div>
   <div class='ocr_carea' id='block_1_104' title="bbox 1909 4625 3484 4697">
    <p class='ocr_par' dir='ltr' id='par_1_104' title="bbox 1909 4625 3484 4697">
     <span class='ocr_line' id='line_1_104' title="bbox 1909 4625 3484 4697; baseline -0.004 -12"><span class='ocrx_word' id='word_1_700' title='bbox 1909 4630 2116 4685; x_wconf 91' lang='lat' dir='ltr'><strong>ciorum</strong></span> <span class='ocrx_word' id='word_1_701' title='bbox 2164 4627 2278 4696; x_wconf 84' lang='lat' dir='ltr'><strong>ejus</strong></span> <span class='ocrx_word' id='word_1_702' title='bbox 2326 4628 2466 4697; x_wconf 86' lang='lat' dir='ltr'><strong>apud</strong></span> <span class='ocrx_word' id='word_1_703' title='bbox 2513 4626 2700 4682; x_wconf 86' lang='lat' dir='ltr'><strong>urbem</strong></span> <span class='ocrx_word' id='word_1_704' title='bbox 2747 4625 3033 4695; x_wconf 80' lang='lat' dir='ltr'><strong>Ageunum</strong></span> <span class='ocrx_word' id='word_1_705' title='bbox 3061 4665 3078 4690; x_wconf 95' lang='lat'><strong>,</strong></span> <span class='ocrx_word' id='word_1_706' title='bbox 3130 4639 3250 4695; x_wconf 80' lang='lat' dir='ltr'><strong>quae</strong></span> <span class='ocrx_word' id='word_1_707' title='bbox 3300 4633 3484 4694; x_wconf 86' lang='lat' dir='ltr'><strong>postea</strong></span> 
     </span>
    </p>
   </div>
   <div class='ocr_carea' id='block_1_105' title="bbox 1909 4715 3487 4790">
    <p class='ocr_par' dir='ltr' id='par_1_105' title="bbox 1909 4715 3487 4790">
     <span class='ocr_line' id='line_1_105' title="bbox 1909 4715 3487 4790; baseline -0.004 -13"><span class='ocrx_word' id='word_1_708' title='bbox 1909 4721 2142 4777; x_wconf 89' lang='lat' dir='ltr'><strong>Conchis</strong></span> <span class='ocrx_word' id='word_1_709' title='bbox 2186 4717 2446 4773; x_wconf 87' lang='lat' dir='ltr'><strong>translata</strong></span> <span class='ocrx_word' id='word_1_710' title='bbox 2489 4727 2593 4774; x_wconf 91' lang='lat' dir='ltr'><strong>est.</strong></span> <span class='ocrx_word' id='word_1_711' title='bbox 2644 4719 2956 4790; x_wconf 76' lang='lat' dir='ltr'><strong>Martyrium</strong></span> <span class='ocrx_word' id='word_1_712' title='bbox 3011 4717 3175 4772; x_wconf 90' lang='lat' dir='ltr'><strong>etiam</strong></span> <span class='ocrx_word' id='word_1_713' title='bbox 3223 4715 3487 4772; x_wconf 88' lang='lat' dir='ltr'><strong>Gereonis</strong></span> 
     </span>
    </p>
   </div>
   <div class='ocr_carea' id='block_1_106' title="bbox 1911 4807 3480 4879">
    <p class='ocr_par' dir='ltr' id='par_1_106' title="bbox 1911 4807 3480 4879">
     <span class='ocr_line' id='line_1_106' title="bbox 1911 4807 3480 4879; baseline -0.005 -13"><span class='ocrx_word' id='word_1_714' title='bbox 1911 4810 2292 4879; x_wconf 89' lang='lat' dir='ltr'><strong>sociorumque</strong></span> <span class='ocrx_word' id='word_1_715' title='bbox 2340 4808 2458 4878; x_wconf 89' lang='lat' dir='ltr'><strong>ejus</strong></span> <span class='ocrx_word' id='word_1_716' title='bbox 2507 4816 2870 4863; x_wconf 89' lang='lat' dir='ltr'><strong>trecentorum</strong></span> <span class='ocrx_word' id='word_1_717' title='bbox 2917 4807 3107 4878; x_wconf 82' lang='lat' dir='ltr'><strong>viginti</strong></span> <span class='ocrx_word' id='word_1_718' title='bbox 3170 4813 3293 4862; x_wconf 85' lang='lat' dir='ltr'><strong>octo</strong></span> <span class='ocrx_word' id='word_1_719' title='bbox 3341 4807 3480 4876; x_wconf 86' lang='lat' dir='ltr'><strong>apud</strong></span> 
     </span>
    </p>
   </div>
   <div class='ocr_carea' id='block_1_107' title="bbox 1909 4895 3487 4970">
    <p class='ocr_par' dir='ltr' id='par_1_107' title="bbox 1909 4895 3487 4970">
     <span class='ocr_line' id='line_1_107' title="bbox 1909 4895 3487 4970; baseline -0.002 -17"><span class='ocrx_word' id='word_1_720' title='bbox 1909 4899 2255 4970; x_wconf 77' lang='lat' dir='ltr'><strong>Agrippinam</strong></span> <span class='ocrx_word' id='word_1_721' title='bbox 2303 4897 2602 4953; x_wconf 91' lang='lat' dir='ltr'><strong>Coloniam.</strong></span> <span class='ocrx_word' id='word_1_722' title='bbox 2637 4897 2760 4952; x_wconf 62' lang='lat' dir='ltr'><strong>Haec</strong></span> <span class='ocrx_word' id='word_1_723' title='bbox 2799 4897 3100 4967; x_wconf 88' lang='lat' dir='ltr'><strong>persecutio</strong></span> <span class='ocrx_word' id='word_1_724' title='bbox 3135 4896 3228 4960; x_wconf 81' lang='lat' dir='ltr'><strong>ita</strong></span> <span class='ocrx_word' id='word_1_725' title='bbox 3252 4895 3487 4950; x_wconf 83' lang='lat' dir='ltr'><strong>crudelis</strong></span> 
     </span>
    </p>
   </div>
   <div class='ocr_carea' id='block_1_108' title="bbox 1913 4987 3489 5061">
    <p class='ocr_par' dir='ltr' id='par_1_108' title="bbox 1913 4987 3489 5061">
     <span class='ocr_line' id='line_1_108' title="bbox 1913 4987 3489 5061; baseline -0.005 -13"><span class='ocrx_word' id='word_1_726' title='bbox 1913 5002 1972 5048; x_wconf 90' lang='lat' dir='ltr'><strong>et</strong></span> <span class='ocrx_word' id='word_1_727' title='bbox 2001 4995 2190 5047; x_wconf 90' lang='lat' dir='ltr'><strong>crebra</strong></span> <span class='ocrx_word' id='word_1_728' title='bbox 2235 4990 2516 5061; x_wconf 83' lang='lat' dir='ltr'><strong>ﬂagrabat,</strong></span> <span class='ocrx_word' id='word_1_729' title='bbox 2548 4999 2609 5044; x_wconf 89' lang='lat' dir='ltr'><strong>ut</strong></span> <span class='ocrx_word' id='word_1_730' title='bbox 2656 4991 2796 5044; x_wconf 89' lang='lat' dir='ltr'><strong>intra</strong></span> <span class='ocrx_word' id='word_1_731' title='bbox 2821 5005 2984 5044; x_wconf 89' lang='lat' dir='ltr'><strong>unum</strong></span> <span class='ocrx_word' id='word_1_732' title='bbox 3032 5002 3268 5042; x_wconf 90' lang='lat' dir='ltr'><strong>mensem</strong></span> <span class='ocrx_word' id='word_1_733' title='bbox 3308 4987 3489 5042; x_wconf 84' lang='lat' dir='ltr'><strong>decies</strong></span> 
     </span>
    </p>
   </div>
   <div class='ocr_carea' id='block_1_109' title="bbox 1838 5077 3483 5149">
    <p class='ocr_par' dir='ltr' id='par_1_109' title="bbox 1838 5077 3483 5149">
     <span class='ocr_line' id='line_1_109' title="bbox 1838 5077 3483 5149; baseline -0.005 -10"><span class='ocrx_word' id='word_1_734' title='bbox 1838 5087 1841 5089; x_wconf 83' lang='grc'><em>’</em></span> <span class='ocrx_word' id='word_1_735' title='bbox 1913 5093 1968 5139; x_wconf 89' lang='lat' dir='ltr'><strong>et</strong></span> <span class='ocrx_word' id='word_1_736' title='bbox 2004 5083 2177 5138; x_wconf 91' lang='lat' dir='ltr'><strong>octies</strong></span> <span class='ocrx_word' id='word_1_737' title='bbox 2222 5080 2385 5135; x_wconf 86' lang='lat' dir='ltr'><strong>millia</strong></span> <span class='ocrx_word' id='word_1_738' title='bbox 2436 5089 2730 5149; x_wconf 87' lang='lat' dir='ltr'><strong>martyrum</strong></span> <span class='ocrx_word' id='word_1_739' title='bbox 2776 5094 2870 5148; x_wconf 91' lang='lat' dir='ltr'><strong>pro</strong></span> <span class='ocrx_word' id='word_1_740' title='bbox 2899 5077 3115 5133; x_wconf 90' lang='lat' dir='ltr'><strong>Christo</strong></span> <span class='ocrx_word' id='word_1_741' title='bbox 3143 5077 3288 5147; x_wconf 92' lang='lat' dir='ltr'><strong>passi</strong></span> <span class='ocrx_word' id='word_1_742' title='bbox 3335 5077 3483 5131; x_wconf 80' lang='lat' dir='ltr'><strong>inve-</strong></span> 
     </span>
    </p>
   </div>
   <div class='ocr_carea' id='block_1_110' title="bbox 1914 5167 3478 5239">
    <p class='ocr_par' dir='ltr' id='par_1_110' title="bbox 1914 5167 3478 5239">
     <span class='ocr_line' id='line_1_110' title="bbox 1914 5167 3478 5239; baseline -0.008 -7"><span class='ocrx_word' id='word_1_743' title='bbox 1914 5177 2148 5232; x_wconf 89' lang='lat' dir='ltr'><strong>niantur.</strong></span> <span class='ocrx_word' id='word_1_744' title='bbox 2179 5172 2313 5228; x_wconf 79' lang='lat' dir='ltr'><strong>Nam</strong></span> <span class='ocrx_word' id='word_1_745' title='bbox 2353 5180 2410 5226; x_wconf 93' lang='lat' dir='ltr'><strong>et</strong></span> <span class='ocrx_word' id='word_1_746' title='bbox 2442 5170 2642 5227; x_wconf 90' lang='lat' dir='ltr'><strong>Oceani</strong></span> <span class='ocrx_word' id='word_1_747' title='bbox 2670 5169 2892 5223; x_wconf 89' lang='lat' dir='ltr'><strong>limbum</strong></span> <span class='ocrx_word' id='word_1_748' title='bbox 2923 5177 3282 5239; x_wconf 82' lang='lat' dir='ltr'><strong>transgressa,</strong></span> <span class='ocrx_word' id='word_1_749' title='bbox 3310 5167 3478 5220; x_wconf 83' lang='lat' dir='ltr'><strong>Alba-</strong></span> 
     </span>
    </p>
   </div>
   <div class='ocr_carea' id='block_1_111' title="bbox 1913 5259 3481 5333">
    <p class='ocr_par' dir='ltr' id='par_1_111' title="bbox 1913 5259 3481 5333">
     <span class='ocr_line' id='line_1_111' title="bbox 1913 5259 3481 5333; baseline -0.009 -7"><span class='ocrx_word' id='word_1_750' title='bbox 1913 5286 2042 5326; x_wconf 91' lang='lat' dir='ltr'><strong>num</strong></span> <span class='ocrx_word' id='word_1_751' title='bbox 2070 5269 2271 5333; x_wconf 86' lang='lat' dir='ltr'><strong>Aaron,</strong></span> <span class='ocrx_word' id='word_1_752' title='bbox 2302 5277 2358 5322; x_wconf 90' lang='lat' dir='ltr'><strong>et</strong></span> <span class='ocrx_word' id='word_1_753' title='bbox 2377 5265 2575 5320; x_wconf 74' lang='lat' dir='ltr'><strong>Iulium</strong></span> <span class='ocrx_word' id='word_1_754' title='bbox 2605 5263 2896 5317; x_wconf 71' lang='lat' dir='ltr'><strong>Britannia:</strong></span> <span class='ocrx_word' id='word_1_755' title='bbox 2925 5278 3046 5317; x_wconf 92' lang='lat' dir='ltr'><strong>cum</strong></span> <span class='ocrx_word' id='word_1_756' title='bbox 3075 5262 3196 5315; x_wconf 89' lang='lat' dir='ltr'><strong>aliis</strong></span> <span class='ocrx_word' id='word_1_757' title='bbox 3235 5259 3481 5329; x_wconf 91' lang='lat' dir='ltr'><strong>pluribus</strong></span> 
     </span>
    </p>
   </div>
   <div class='ocr_carea' id='block_1_112' title="bbox 1913 5349 3483 5416">
    <p class='ocr_par' dir='ltr' id='par_1_112' title="bbox 1913 5349 3483 5416">
     <span class='ocr_line' id='line_1_112' title="bbox 1913 5349 3483 5416; baseline -0.009 -3"><span class='ocrx_word' id='word_1_758' title='bbox 1913 5362 2044 5416; x_wconf 80' lang='lat' dir='ltr'><strong>viris</strong></span> <span class='ocrx_word' id='word_1_759' title='bbox 2086 5376 2150 5415; x_wconf 89' lang='lat' dir='ltr'><strong>ac</strong></span> <span class='ocrx_word' id='word_1_760' title='bbox 2179 5358 2391 5414; x_wconf 91' lang='lat' dir='ltr'><strong>feminis</strong></span> <span class='ocrx_word' id='word_1_761' title='bbox 2417 5354 2557 5410; x_wconf 90' lang='lat' dir='ltr'><strong>felici</strong></span> <span class='ocrx_word' id='word_1_762' title='bbox 2606 5367 2800 5408; x_wconf 89' lang='lat' dir='ltr'><strong>cruore</strong></span> <span class='ocrx_word' id='word_1_763' title='bbox 2830 5351 3126 5407; x_wconf 87' lang='lat' dir='ltr'><strong>damnavit.</strong></span> <span class='ocrx_word' id='word_1_764' title='bbox 3161 5349 3310 5402; x_wconf 87' lang='lat' dir='ltr'><strong>Tunc</strong></span> <span class='ocrx_word' id='word_1_765' title='bbox 3351 5360 3483 5401; x_wconf 83' lang='lat' dir='ltr'><strong>tem-</strong></span> 
     </span>
    </p>
   </div>
   <div class='ocr_carea' id='block_1_113' title="bbox 1914 5437 3483 5520">
    <p class='ocr_par' dir='ltr' id='par_1_113' title="bbox 1914 5437 3483 5520">
     <span class='ocr_line' id='line_1_113' title="bbox 1914 5437 3483 5520; baseline -0.008 -17"><span class='ocrx_word' id='word_1_766' title='bbox 1914 5449 2060 5520; x_wconf 90' lang='lat' dir='ltr'><strong>poris</strong></span> <span class='ocrx_word' id='word_1_767' title='bbox 2087 5463 2273 5519; x_wconf 89' lang='lat' dir='ltr'><strong>passus</strong></span> <span class='ocrx_word' id='word_1_768' title='bbox 2298 5456 2381 5501; x_wconf 84' lang='lat' dir='ltr'><strong>est</strong></span> <span class='ocrx_word' id='word_1_769' title='bbox 2404 5456 2459 5500; x_wconf 89' lang='lat' dir='ltr'><strong>et</strong></span> <span class='ocrx_word' id='word_1_770' title='bbox 2483 5442 2789 5512; x_wconf 90' lang='lat' dir='ltr'><strong>Pamphilus</strong></span> <span class='ocrx_word' id='word_1_771' title='bbox 2808 5443 3112 5511; x_wconf 86' lang='lat' dir='ltr'><strong>presbyter,</strong></span> <span class='ocrx_word' id='word_1_772' title='bbox 3138 5437 3293 5505; x_wconf 88' lang='lat' dir='ltr'><strong>cujus</strong></span> <span class='ocrx_word' id='word_1_773' title='bbox 3315 5437 3483 5491; x_wconf 89' lang='lat' dir='ltr'><strong>vitam</strong></span> 
     </span>
    </p>
   </div>
   <div class='ocr_carea' id='block_1_114' title="bbox 1918 5530 3462 5605">
    <p class='ocr_par' dir='ltr' id='par_1_114' title="bbox 1918 5530 3462 5605">
     <span class='ocr_line' id='line_1_114' title="bbox 1918 5530 3462 5605; baseline -0.005 -10"><span class='ocrx_word' id='word_1_774' title='bbox 1918 5541 2178 5595; x_wconf 82' lang='lat' dir='ltr'><strong>Eusebius</strong></span> <span class='ocrx_word' id='word_1_775' title='bbox 2209 5537 2554 5594; x_wconf 66' lang='lat' dir='ltr'><strong>Caesariensis</strong></span> <span class='ocrx_word' id='word_1_776' title='bbox 2601 5536 2885 5605; x_wconf 88' lang='lat' dir='ltr'><strong>episcopus</strong></span> <span class='ocrx_word' id='word_1_777' title='bbox 2931 5533 3100 5587; x_wconf 91' lang='lat' dir='ltr'><strong>tribus</strong></span> <span class='ocrx_word' id='word_1_778' title='bbox 3142 5530 3296 5585; x_wconf 88' lang='lat' dir='ltr'><strong>libris</strong></span> <span class='ocrx_word' id='word_1_779' title='bbox 3340 5547 3462 5588; x_wconf 88' lang='lat' dir='ltr'><strong>com</strong></span> 
     </span>
    </p>
   </div>
   <div class='ocr_carea' id='block_1_115' title="bbox 1918 5619 3459 5701">
    <p class='ocr_par' dir='ltr' id='par_1_115' title="bbox 1918 5619 3459 5701">
     <span class='ocr_line' id='line_1_115' title="bbox 1918 5619 3459 5701; baseline -0.006 -17"><span class='ocrx_word' id='word_1_780' title='bbox 1918 5631 2216 5701; x_wconf 89' lang='lat' dir='ltr'><strong>prehendit.</strong></span> <span class='ocrx_word' id='word_1_781' title='bbox 2249 5627 2496 5683; x_wconf 88' lang='lat' dir='ltr'><strong>Secundo</strong></span> <span class='ocrx_word' id='word_1_782' title='bbox 2530 5633 2709 5678; x_wconf 89' lang='lat' dir='ltr'><strong>autem</strong></span> <span class='ocrx_word' id='word_1_783' title='bbox 2750 5619 3137 5693; x_wconf 86' lang='lat' dir='ltr'><strong>persecutionis</strong></span> <span class='ocrx_word' id='word_1_784' title='bbox 3166 5633 3328 5684; x_wconf 88' lang='lat' dir='ltr'><strong>anno,</strong></span> <span class='ocrx_word' id='word_1_785' title='bbox 3361 5619 3459 5676; x_wconf 90' lang='lat' dir='ltr'><strong>Dio</strong></span> 
     </span>
    </p>
   </div>
   <div class='ocr_carea' id='block_1_116' title="bbox 1919 5709 3464 5785">
    <p class='ocr_par' dir='ltr' id='par_1_116' title="bbox 1919 5709 3464 5785">
     <span class='ocr_line' id='line_1_116' title="bbox 1919 5709 3464 5785; baseline -0.008 -5"><span class='ocrx_word' id='word_1_786' title='bbox 1919 5724 2183 5780; x_wconf 83' lang='lat' dir='ltr'><strong>c&#39;ctianus</strong></span> <span class='ocrx_word' id='word_1_787' title='bbox 2211 5718 2554 5785; x_wconf 69' lang='lat' dir='ltr'><strong>Nicomediae,</strong></span> <span class='ocrx_word' id='word_1_788' title='bbox 2588 5715 2943 5772; x_wconf 79' lang='lat' dir='ltr'><strong>Maximianus</strong></span> <span class='ocrx_word' id='word_1_789' title='bbox 2979 5709 3262 5767; x_wconf 87' lang='lat' dir='ltr'><strong>Herculius</strong></span> <span class='ocrx_word' id='word_1_790' title='bbox 3288 5709 3464 5767; x_wconf 78' lang='lat' dir='ltr'><strong>Medio</strong></span> 
     </span>
    </p>
   </div>
  </div>
