4024 6362
586 366 652 422 91
1577 358 1632 413 S.
1672 355 1924 413 ADONIS
1961 352 2391 412 AHCHIEPISC.
2436 353 2845 413 VIENNENSIS
3773 361 3845 419 9i

582 475 692 531 Iani
726 486 1018 545 purpuram
1052 471 1437 542 deposuerunt.
1485 469 1737 524 Attamen
1768 477 1946 540 coepta
1965 468 2156 525 -semel
2184 469 2237 528 A
2263 467 2397 523 dans
2417 468 2654 539 quinque
2676 472 2840 541 pedes
2867 484 3068 528 crasso.
3095 470 3226 527 Item
3252 472 3531 529 basilicam
3559 475 3615 530 in
3639 476 3845 545 palatio

580 564 887 637 persecutio
928 577 1101 632 usque
1130 561 1198 616 ad
1222 561 1513 631 septimum
1551 557 1894 614 Constantini
1924 559 2159 628 impera-

476 642 487 657 ’
580 657 716 712 toris
742 670 944 710 annum
976 653 1184 708 fervere
1211 667 1318 707 non
1363 650 1618 706 cessavit.
1648 649 2040 705 Constantinus
2063 649 2158 704 de-

577 749 725 812 cimo
746 754 899 801 sexto
928 744 1142 814 imperii
1166 757 1330 806 anno,
1357 742 1441 796 vir
1465 755 1691 796 summm
1720 739 2155 794 mansuetudinis

577 846 633 894 et
661 835 957 899 civilitatis,
988 833 1212 889 Eboraci
1244 831 1300 885 in
1340 830 1620 886 Britannia
1654 830 1797 884 diem
1838 829 1993 886 obiit.
2024 829 2158 884 Ter-

577 926 656 981 tio
702 938 844 979 anno
894 922 1305 995 persecutionis,
1346 935 1454 990 quo
1501 930 1556 977 et
1596 920 1944 977 Constantius
1995 920 2153 987 obiit,

577 1016 904 1071 Maximinus
924 1023 978 1068 et
1006 1013 1240 1068 Severus
1259 1027 1290 1067 a
1320 1012 1534 1067 Valerio
1563 1010 1888 1068 Maximiano
1911 1010 2155 1066 Caesares

578 1104 706 1160 facti
734 1112 878 1159 sunt.
907 1102 951 1157 E
975 1102 1171 1172 quibus
1193 1101 1552 1156 Maximianus
1579 1101 1845 1156 maleﬁcia
1885 1110 1941 1155 et
1964 1108 2153 1171 stupra

577 1209 676 1249 sua
703 1193 1137 1249 Christianorum
1179 1191 1646 1262 persecutionibus
1672 1190 1996 1245 accumulat.
2022 1188 2155 1246 Pas-

562 1298 673 1341 .sus
690 1290 774 1337 est
798 1297 860 1337 ea
891 1289 1214 1352 tempestate
1238 1280 1454 1347 Petrus,
1478 1279 1818 1334 Alexandriae
1841 1279 2151 1349 episcopus,

570 1390 603 1428 a
633 1388 741 1445 quo
764 1372 924 1428 Arius
966 1373 1248 1444 presbyter
1294 1373 1472 1442 primo
1515 1372 1802 1426 damnatus
1846 1377 1950 1426 est.
1999 1369 2155 1425 Passi

571 1474 700 1522 sunt
726 1478 848 1519 cum
877 1478 942 1518 eo
976 1463 1158 1533 plures
1182 1462 1404 1533 Egypti
1431 1463 1694 1533 episcopi.
1786 1460 1787 1463 “

586 1611 591 1615 .
643 1557 915 1629 Lucianus
955 1571 1193 1628 quoque,
1221 1557 1306 1610 vir
1342 1556 1583 1612 moribus
1625 1563 1681 1610 et
1727 1553 2059 1610 continentia
2096 1561 2156 1609 et

572 1650 878 1707 eruditione
922 1650 1226 1720 pnecipuus
1253 1688 1268 1713 ,
1316 1646 1665 1702 Antiochense
1717 1646 1972 1701 Ecclesiae
2030 1661 2153 1716 pre-

571 1745 756 1814 sbyter
778 1783 793 1805 ,
842 1756 1034 1813 passus
1060 1751 1143 1798 est
1168 1784 1182 1806 ,
1226 1752 1280 1797 et
1330 1741 1513 1795 Romae
1561 1739 1877 1795 Timotheus
1899 1780 1912 1803 ,
1942 1740 2151 1795 decimo
2188 1741 2202 1759 ‘

2267 555 2497 623 Sorano,
2528 573 2648 628 quae
2670 562 3096 631 cognominatur
3119 561 3476 629 Hierusalem,
3507 564 3598 620 ubi
3626 577 3849 636 partem

2264 647 2391 718 ligni
2409 649 2589 705 crucis
2608 649 2818 705 Domini
2845 651 3112 721 deposuit.
3140 652 3271 707 Item
3304 653 3581 709 basilicam
3603 654 3666 709 Β.
3693 672 3847 711 map

2262 740 2398 809 tyris
2448 740 2633 811 Agnae,
2677 756 2745 796 ex
2791 751 2979 813 rogatu
3024 742 3356 800 Constantia:
3386 746 3506 801 ﬁliae
3549 762 3679 802 suae.
3707 748 3845 804 Item

2259 829 2634 899 baptisterium
2665 831 2719 885 in
2745 833 2934 887 eodem
2964 833 3107 898 loco,
3137 834 3232 889 ubi
3260 844 3315 889 et
3336 835 3607 906 baptizata
3636 848 3723 892 est
3748 853 3844 894 so-

2260 932 2353 974 ror
2379 918 2495 989 ejus
2523 920 2837 976 Constantia
2863 937 2986 977 cum
3030 922 3139 977 ﬁI-ia
3178 922 3439 994 Augusta.
3472 926 3604 980 Item
3650 926 3843 981 basili-

2259 1022 2380 1064 cam
2425 1009 2485 1064 B.
2533 1010 2823 1067 Laurentio
2865 1013 3090 1085 martyri
3128 1014 3255 1080 ,via
3298 1014 3576 1070 Tiburtina
3609 1017 3665 1071 in
3707 1033 3841 1086 agro

2258 1099 2496 1166 Verane,
2544 1101 2635 1156 ubi
2663 1102 2806 1157 idem
2866 1113 3073 1174 martyr
3117 1103 3385 1174 gloriosus
3434 1106 3681 1175 sepultus
3727 1119 3836 1164 est.

2255 1190 2389 1247 Item
2411 1190 2694 1247 basilicam
2725 1192 2810 1247 via
2831 1192 3119 1257 Lavicana,
3150 1194 3294 1249 inter
3316 1196 3449 1251 duas
3470 1195 3653 1252 lauros
3672 1197 3840 1253 beato

2255 1280 2419 1357 Petro
2445 1288 2500 1335 et
2541 1280 2850 1336 Marcellino
2878 1283 3227 1354 martyribus,
3269 1291 3326 1338 et
3353 1287 3718 1354 mausoleum,
3746 1287 3843 1342 ubi

2255 1380 2481 1425 matrem
2503 1372 2862 1441 suamposuit
2876 1372 2938 1429 in
2969 1375 3301 1443 sarcophago
3324 1390 3618 1446 purpureo.

2324 1458 2456 1513 Item
2481 1458 2763 1514 basilicam
2784 1459 2837 1513 in
2866 1461 3083 1515 civitate
3105 1463 3305 1517 Hostiae
3321 1464 3475 1534 juxta
3500 1475 3718 1535 portum
3744 1484 3843 1523 ur-

2252 1548 2338 1604 bis
2364 1548 2549 1604 Romae
2595 1551 2876 1606 beatorum
2904 1552 3266 1622 apostolorum
3298 1554 3444 1610 Petri
3477 1564 3533 1611 et
3570 1554 3749 1624 Pauli,
3778 1568 3839 1616 et

2253 1640 2396 1696 beati
2441 1638 2665 1697 Joannis
2711 1642 2988 1713 Baptistae.
3040 1644 3175 1699 Item
3223 1647 3500 1702 basilicam
3532 1650 3586 1704 in
3613 1650 3836 1707 civitate

2253 1729 2544 1786 Albanensi
2592 1732 2764 1787 sancti
2812 1730 3042 1789 Joannis
3072 1733 3353 1805 Baptistae.
3388 1737 3524 1792 Item
3551 1739 3841 1796 basilicam

572 1831 799 1886 Kalend.
853 1831 1000 1885 Julii.
1036 1831 1243 1886 Floruit
1274 1840 1400 1884 tunc
1431 1829 1689 1898 temporis
1723 1829 2010 1884 Melciades
2040 1830 2149 1882 Ro-
2179 1814 2226 1873 Β
2253 1820 2310 1875 in
2336 1821 2469 1875 urbe
2507 1819 2730 1891 Neapoli
2758 1822 2897 1877 miro
2924 1838 3090 1893 opere
3128 1827 3434 1891 exornavit,
3480 1828 3538 1881 in
3568 1830 3841 1885 honorem

570 1937 743 1978 mana:
771 1922 1026 1977 Ecclesiae
1075 1920 1339 1991 pontifex.
1376 1920 1585 1974 Floruit
1629 1926 1685 1973 et
1716 1928 1843 1974 tunc
1888 1919 2145 1988 temporis

569 2013 656 2067 vir
698 2013 1088 2068 disertissimus
1133 2011 1484 2076 Paschasius,
1528 2011 1849 2087 Viennepsis
1891 2009 2148 2065 Ecclesia:

568 2102 873 2173 episcopus.
924 2103 1140 2157 Phileas
1183 2102 1251 2156 de
1291 2101 1426 2157 urbe
1466 2100 1706 2172 Aigypti,
1750 2116 1872 2170 qua:
1922 2110 2148 2156 vocatur

569 2192 825 2257 Thebais,
855 2192 1048 2246 nobilis
1090 2206 1287 2263 genere
1333 2192 1616 2262 episcopus
1642 2232 1657 2255 ,
1684 2191 2145 2259 elegantissimum

567 2282 766 2338 librum
794 2283 863 2338 de
889 2293 1184 2355 martyrum
1213 2283 1370 2339 laude
1397 2284 1688 2353 componit,
1717 2293 1773 2338 et
1801 2300 1898 2355 pro
1929 2284 2146 2340 Christo

565 2374 741 2444 capite
772 2381 1072 2428 truncatur.
1119 2373 1390 2428 Arnobius
1420 2374 1558 2444 apud
1587 2372 1824 2428 Africam
1874 2372 2145 2430 ﬂorentis-

566 2463 705 2520 sime
740 2464 1093 2535 rhetoricam
1116 2464 1323 2530 docuit,
1353 2473 1410 2519 et
1436 2464 1724 2519 adversum
1754 2474 1942 2536 gentes
1990 2465 2143 2521 volu-

563 2552 713 2607 mina
743 2555 1046 2623 composuit
1071 2569 1193 2624 quze
1215 2553 1372 2625 vulgo
1397 2564 1636 2611 exstant.

635 2640 788 2715 [506]
838 2643 1229 2699 Constantinus
1259 2645 1563 2700 Constantii
1592 2661 1659 2700 ex
1688 2648 1987 2704 concubina
2032 2646 2142 2704 He-

561 2734 683 2790 lena
697 2735 860 2800 ﬁlius,
876 2737 929 2790 in
944 2735 1220 2791 Britannia
1243 2737 1535 2807 imperator
1545 2727 1778 2805 creatus,
1794 2740 2147 2811 regnavitan-

559 2842 659 2882 nos
703 2827 944 2896 triginta,
993 2842 1206 2883 menses
1242 2829 1452 2893 decem,
1480 2830 1548 2883 ab
1574 2844 1719 2885 anno
1750 2830 2144 2900 persecutionis

555 2927 770 2989 quarto.
787 2916 1086 2973 Maxentius
1101 2918 1333 2973 Herculii
1350 2919 1658 2973 Maximiani
1674 2919 1814 2975 ﬁlius
1830 2920 2013 2976 Roma:
2032 2920 2143 2975 Au-

557 3017 749 3079 gustus
774 3007 1092 3078 appellatur.
1125 3008 1367 3063 Licinius
1402 3008 1736 3063 Constantia:
1764 3011 1970 3065 sororis
1997 3010 2139 3065 Con-

555 3099 800 3165 stantini,
825 3099 1046 3155 Carnuti
1071 3100 1375 3169 imperator.
1386 3110 1621 3154 creatur.
1639 3100 2138 3155 Constantinusim-

2250 1909 2617 1980 apostolorum
2656 1919 2713 1965 et
2748 1920 3068 1983 martyrum.
3099 1914 3244 1969 Idem
3284 1915 3586 1986 imperator
3633 1920 3839 1989 Depra-

2248 2014 2372 2054 nam
2401 2001 2678 2057 civitatem
2719 2001 2986 2075 Bithynia:
3035 2005 3093 2060 in
3136 2015 3401 2062 honorem
3431 2012 3685 2082 martyris
3726 2012 3836 2067 Lu-

2245 2090 2389 2144 ciani
2412 2090 2484 2145 ibi
2509 2093 2711 2147 conditi
2741 2093 3070 2160 instaurans,
3100 2110 3169 2151 ex
3191 2098 3455 2154 voeabqu
3482 2102 3672 2158 matris
3696 2102 3834 2170 Sum,

2247 2180 2615 2253 Helenopolim
2646 2187 2998 2257 nuncupavit.
3040 2188 3187 2243 Idem
3234 2191 3424 2247 urbem
3471 2194 3707 2251 nominis
3746 2196 3838 2252 sui

2245 2284 2491 2331 statuens
2514 2276 2571 2330 in
2597 2276 2855 2343 Thracia,
2881 2280 3064 2334 sedem
3090 2280 3319 2337 Romani
3350 2284 3561 2352 imperii
3589 2295 3645 2342 et
3669 2297 3836 2356 caput

2247 2365 2411 2422 totius
2439 2367 2665 2423 orientis
2694 2381 2814 2423 esse
2835 2370 3022 2425 voluit.
3055 2368 3230 2441 Caput
3252 2387 3382 2428 vero
3412 2377 3576 2431 totius
3612 2376 3837 2446 imperii

2243 2467 2369 2514 ante
2391 2458 2618 2514 Romam
2639 2460 2814 2516 beatis
2834 2463 3093 2532 apostolis
3119 2463 3284 2519 Petro
3307 2473 3365 2519 et
3383 2464 3548 2522 Paulo
3586 2470 3687 2524 sub
3715 2478 3830 2525 tes-

2247 2558 2482 2604 tamento
2530 2550 2773 2616 tradidit,
2809 2550 3102 2608 nobiliores
3146 2553 3539 2624 Romanorum,
3578 2559 3831 2615 consula-

2242 2652 2332 2693 res
2355 2653 2570 2723 quoqpe
2592 2639 2763 2706 viros,
2790 2655 2854 2696 ac
2877 2656 3012 2711 pene
3037 2651 3209 2698 totum
3233 2654 3547 2701 senatorum
3577 2650 3829 2706 ordinem

2240 2744 2365 2785 cum
2412 2732 2671 2787 uxoribus
2710 2742 2768 2788 et
2799 2733 3003 2800 liberis,
3053 2735 3109 2789 in
3148 2739 3446 2793 secundam
3485 2740 3575 2795 vel
3619 2757 3825 2799 novam

2243 2821 2469 2877 Romam
2495 2820 3014 2893 Constantinopolim
3046 2827 3367 2883 translatum
3402 2830 3650 2886 habitare
3689 2847 3831 2888 con-

2241 2913 2491 2969 stituens.
2516 2912 2659 2967 Idem
2688 2912 3016 2984 ipsestatuit
3041 2918 3183 2973 citra
3206 2919 3369 2975 ullam
3398 2921 3680 2977 hominum
3708 2939 3827 2980 ca:-

2241 3005 2384 3071 dem,
2428 3019 2784 3075 paganorum,
2830 3007 3029 3077 templa
3078 3008 3279 3075 claudi,
3321 3026 3555 3081 arasque
3599 3013 3830 3069 deorum

2241 3096 2528 3167 confringi.
2576 3098 2768 3153 Retius
2807 3100 3312 3170 Augustodunensis
3340 3104 3647 3174 cpiscopus,
3678 3106 3829 3161 cele-

554 3163 869 3260 perator'de
895 3163 1239 3258 persecutore
1262 3188 1603 3245 Christianus
1644 3190 1837 3253 factus,
1862 3190 2135 3246 licentiam
2166 3163 2209 3226 ε
2242 3189 2495 3244 herrima:
2521 3187 2682 3244 famae
2709 3189 2958 3257 habetur,
2989 3201 3045 3246 et
3082 3191 3355 3250 Juvencus
3373 3163 3674 3269 presbyter
3699 3200 3829 3257 His-

555 3280 704 3334 dedit
735 3278 1058 3341 Christianis
1092 3279 1261 3334 libere
1302 3280 1641 3351 congregari,
1682 3289 1738 3335 et
1784 3282 1839 3336 in
1876 3283 2136 3337 honorem
2240 3294 2435 3348 panus,
2460 3281 2551 3349 qui
2575 3281 2903 3338 hexametris
2923 3283 3173 3340 versibus
3200 3296 3433 3354 quatuor
3452 3288 3619 3345 libros
3645 3289 3830 3346 Evan-

555 3371 756 3425 Christi
789 3371 987 3440 ubique
1008 3369 1265 3424 ecclesias
1296 3371 1576 3437 construi;
1609 3385 1672 3426 ac
1690 3385 1941 3442 peneper
1963 3380 2134 3427 totum
2240 3370 2362 3441 gelii
2388 3372 2709 3442 composuit,
2742 3368 3068 3437 Firmianus,
3101 3375 3193 3444 qui
3217 3385 3272 3430 et
3298 3375 3614 3434 Lactantius
3645 3378 3829 3435 Amo-

554 3463 842 3534 impe‘rium
894 3462 1194 3517 Romanum
1225 3463 1505 3534 privilegia
1551 3463 1778 3534 singulis
1825 3464 2135 3519 civitatibus

554 3554 724 3620 dedit,
749 3563 807 3609 ut
832 3554 1057 3625 populus
1092 3552 1434 3609 Christianus
1454 3554 1689 3624 subjure
1717 3563 1773 3608 et
1797 3555 2136 3611 ordinatlbne

554 3646 931 3716 episcoporum
962 3644 1129 3700 libere
1156 3646 1381 3712 viveret,
1404 3660 1469 3700 ac
1497 3643 1589 3698 Dei
1616 3646 1828 3715 templis
1850 3645 2018 3702 libere
2044 3648 2135 3701 ho-

554 3738 702 3792 noris
754 3745 1081 3791 structuram
1131 3744 1501 3807 componeret.
1561 3735 1753 3803 Hulus‘
1801 3737 2134 3806 temporibus

552 3827 775 3881 hmresis
800 3826 1000 3880 Ariana
1022 3826 1266 3882 exoritur
1295 3844 1307 3879 :
1337 3825 1725 3894 Nicaanumque
1748 3826 2036 3881 concilium
2063 3826 2132 3881 ad

552 3917 951 3970 damnationem
981 3914 1116 3979 Arii,
1149 3923 1205 3969 et
1246 3914 1715 3970 conﬁrmationem
1744 3916 1966 3986 integrat
2007 3916 2130 3972 ﬁdei

552 4020 617 4059 ex
649 4005 781 4059 orbe
815 4014 1083 4058 terrarum
1118 4017 1493 4075 congregatur,
1540 4021 1683 4059 anno
1724 4015 1845 4075 post
1870 4007 2128 4061 incarna-

554 4098 753 4152 tionem
779 4095 991 4149 Doniiini
1022 4096 1400 4151 trecentesimo
1444 4096 1701 4151 vicesimo
1742 4098 1997 4163 secundo,
2042 4098 2132 4153 die

554 4189 758 4243 mensis
813 4188 1108 4242 secundum
1156 4187 1373 4243 Graecos
1427 4187 1604 4252 Desei,
1662 4188 1921 4244 vicesimo
1961 4204 2127 4256 nono,

552 4278 696 4351 quod
737 4286 839 4343 est,
873 4277 1084 4333 decimo
1126 4277 1489 4333 Kalendarum
1538 4277 1821 4344 Juliarum,
1845 4279 2129 4334 consulatu

553 4372 763 4428 Paulini
792 4380 848 4427 et
872 4370 1091 4426 Juliani.
1144 4371 1264 4427 Uno
1304 4371 1601 4440 eodemque
1642 4381 1885 4440 tempore
1914 4380 1970 4427 et
1998 4370 2127 4427 illud

551 4462 976 4520 sacratissimum
995 4462 1290 4517 Concilium
1315 4464 1453 4530 apud
1473 4460 1726 4515 Arelaten
1748 4471 2123 4517 sescentorum

549 4554 926 4624 episcoporum
948 4552 1241 4623 colligitur,
1270 4551 1501 4607 Martino
1547 4561 1675 4607 tunc
1702 4555 1956 4623 episcopo
1985 4552 2128 4623 ejus-

549 4648 672 4702 dem
716 4646 952 4700 civitatis
994 4648 1260 4699 existente
1290 4662 1304 4710 ;
1338 4646 1481 4715 apud
1533 4643 1791 4699 Viennam
1821 4646 2044 4701 Claudio
2071 4647 2125 4700 in

549 4734 819 4791 catholico
847 4737 1096 4805 degmate
1131 4734 1434 4790 clarissimo
1464 4734 1736 4805 episcopo.
1764 4735 1963 4790 Eodem
1993 4744 2128 4791 tem-

550 4839 682 4895 pore
727 4824 1133 4878 Donatistarum
1162 4822 1214 4876 in
1243 4822 1423 4877 Africa
1470 4824 1705 4879 schisma
1734 4825 1927 4879 oritur.
1959 4824 2125 4879 Nam-

551 4932 656 4985 que
687 4917 926 4971 Donatus
953 4930 1049 4986 per
1071 4914 1310 4969 Africam
1337 4924 1393 4970 et
1421 4916 1654 4970 maxime
1691 4915 2018 4982 Numidiam,
2044 4917 2125 4971 af-

537 5009 733 5065 .l'crens
760 5023 790 5062 a
822 5009 1023 5062 nostris
1060 5007 1370 5077 Scripturas
1408 5008 1460 5061 in
1487 5009 1863 5077 persecutione
1892 5010 2127 5066 inimicis

555 5100 801 5166 traditas,
830 5100 1025 5154 multos
1064 5115 1156 5153 sua
1188 5100 1538 5169 persuasione
1579 5099 1811 5169 decepit.
1852 5101 1954 5156 Per
1983 5103 2126 5158 idem

552 5194 714 5251 etiam
752 5203 961 5262 tempus
988 5192 1055 5247 ab
1083 5191 1281 5246 Helena
1307 5191 1641 5246 Constantini
1674 5200 1844 5247 matre
1873 5192 2126 5248 Hieroso—

555 5288 712 5360 lymis
740 5301 874 5341 crux
904 5285 1115 5339 Domini
1146 5285 1358 5339 inventa
1386 5293 1487 5339 cst.
1515 5283 1904 5340 Constantinus
1933 5285 1984 5339 in
2020 5285 2125 5340 ﬁde

552 5379 795 5434 eruditus
838 5394 867 5431 a
903 5376 963 5430 B.
1008 5376 1268 5431 Silvestre
1296 5391 1452 5446 papa,
1495 5375 1621 5430 fecit
1662 5377 1801 5430 miro
1833 5392 1996 5446 opere
2031 5379 2123 5432 ba-

552 5472 854 5540 ptisterium
886 5470 1092 5535 Romm,
1125 5466 1215 5523 ubi
1248 5469 1545 5538 baptisatus
1566 5478 1646 5523 est
1661 5467 1817 5537 juxta
1842 5470 2125 5525 basilicam

557 5563 614 5617 ll.
640 5561 859 5618 Joannis
883 5561 1157 5632 Baptistm,
1181 5576 1302 5630 quae
1326 5560 1627 5631 appellatur
1654 5560 2122 5616 Constantiniana.

2237 3461 2314 3517 bii
2339 3462 2650 3533 discipulus,
2677 3462 3005 3519 Nicomedia:
3041 3456 3369 3520 rhetoricam
3401 3467 3601 3532 docuit,
3634 3483 3699 3524 ac
3727 3484 3827 3539 pe-

2238 3552 2397 3606 nuria
2430 3552 2842 3621 discipulorum,
2871 3554 2941 3608 ob
2971 3552 3216 3608 Crazcam
3267 3556 3478 3611 scilicet
3520 3558 3826 3625 civitatem,

2237 3641 2618 3696 ascribendum
2662 3657 2723 3697 se
2754 3643 3002 3698 contulit.
3032 3643 3132 3699 Hic
3180 3644 3234 3699 in
3265 3656 3509 3701 extrema
3539 3657 3825 3703 senectute

2237 3732 2497 3802 magister
2532 3731 2764 3788 Caesaris
2811 3732 2986 3803 Crispi
3014 3734 3109 3787 ﬁlii
3153 3734 3497 3792 Constantini
3545 3738 3601 3792 in
3643 3737 3821 3794 Gallia

2237 3818 2361 3885 fuit,
2389 3821 2482 3890 qui
2513 3831 2700 3890 postea
2731 3837 2761 3874 a
2787 3830 2941 3891 patre
2969 3822 3288 3879 interfectus
3309 3836 3411 3878 est.

2302 3913 2534 3970 Jacobus
2576 3914 2847 3971 Nizibeua:
2869 3917 3177 3986 episcopus,
3205 3933 3345 3973 unus
3368 3933 3435 3973 ex
3460 3933 3691 3974 numero
3717 3920 3821 3976 sub

2233 4005 2507 4061 Maximini
2532 4015 2877 4077 persecutore
2899 4007 3270 4064 confessorum
3305 4021 3362 4064 et
3387 4024 3576 4065 eorum
3621 4013 3717 4082 qui
3757 4013 3812 4066 in

2233 4095 2453 4153 Nicmna
2501 4099 2706 4170 synodo
2748 4097 3007 4153 Arianam
3055 4101 3463 4169 perversitatem
3513 4103 3818 4157 homoousii

2231 4189 2623 4260 oppositionem
2687 4189 3032 4255 damnarunt,
3092 4186 3386 4245 multorum
3430 4192 3816 4262 opusculorum

2231 4280 2468 4349 scriptor
2499 4281 2757 4335 moritur.
3156 4328 3163 4335 .

2303 4370 2452 4443 [557]
2467 4370 2815 4426 Constantius
2831 4387 2953 4427 eum
2969 4372 3246 4428 Constanti
3254 4388 3320 4427 no
3339 4383 3395 4428 et
3405 4375 3697 4431 Constante
3709 4377 3818 4431 l'ra-

2232 4464 2421 4530 tribus,
2450 4472 2637 4534 regnat
2664 4480 2833 4520 annos
2853 4465 3039 4520 decem
3061 4474 3116 4519 et
3137 4475 3281 4529 octo,
3311 4481 3526 4522 menses
3552 4469 3816 4539 quinque,

2232 4554 2350 4609 dies
2395 4555 2822 4624 quatuordecim.
2891 4554 3127 4609 Jacobus
3178 4554 3473 4612 Nisibenus
3527 4557 3818 4629 episcopus

2204 4644 2583 4714 agnoscitur;
2625 4646 2693 4699 ad
2730 4643 2885 4712 cujus
2908 4660 3099 4713 preces
3126 4660 3270 4715 saepe
3318 4646 3449 4701 urbs
3498 4648 3816 4704 discrimine

2230 4736 2510 4792 liberatur.
2566 4735 2816 4805 Impietas
2861 4736 3061 4790 Ariaua
3116 4738 3420 4793 Constantii
3466 4740 3817 4809 imperatoris

2232 4825 2363 4879 fulta
2390 4824 2659 4894 praesidio,
2681 4826 2906 4891 exsiliis,
2931 4826 3264 4891 carceribus,
3288 4835 3343 4881 et
3367 4829 3537 4884 variis
3559 4827 3811 4886 alIlictioo

2233 4931 2362 4971 num
2394 4916 2587 4981 modis,
2631 4916 2865 4985 primum
2890 4915 3243 4973 Athanasium
3277 4916 3654 4973 Alexandrina:
3711 4936 3811 4975 ur-

2234 5010 2320 5065 bis
2351 5009 2681 5079 cpiscopum,
2734 5009 2929 5063 deinde
2976 5024 3165 5064 omnes
3208 5025 3314 5065 non
3338 5026 3448 5065 suae
3468 5013 3639 5081 partis
3692 5015 3813 5084 epi-

2232 5115 2428 5169 scopos
2496 5109 2801 5170 persecuta.
2857 5099 3178 5155 Maximinus
3239 5100 3595 5158 Treverorum
3654 5107 3809 5161 urbis

2230 5195 2532 5265 cpiscopus,
2569 5194 2748 5249 clarus
2782 5194 3041 5260 habetur;
3090 5209 3121 5247 a
3151 5209 3261 5263 quo
3308 5194 3637 5253 Athanasius
3679 5214 3808 5254 cum

2230 5303 2261 5340 a
2293 5285 2606 5341 Constantio
2636 5296 2971 5353 qumrerctur
2990 5285 3058 5338 ad
3100 5300 3338 5354 poenam,
3360 5287 3655 5342 honoriﬁce
3683 5305 3807 5344 sus-

2228 5385 2414 5446 ceptus
2439 5385 2545 5429 est.
2564 5374 2813 5429 Florebat
2831 5384 2886 5429 et
2909 5383 3036 5429 tunc
3057 5375 3313 5444 temporis
3328 5373 3611 5431 Ncclarius
3636 5377 3806 5433 Vien-

2228 5467 2410 5522 nensis
2459 5467 2743 5536 episcopus
2770 5506 2784 5530 ,
2845 5466 2899 5520 in
2943 5466 3186 5521 doctrina
3240 5466 3362 5520 ﬁdei
3401 5468 3662 5533 eximius,
3707 5469 3808 5539 qui

2228 5559 2282 5614 in
2312 5558 2541 5614 Vasensi
2570 5558 2659 5613 illa
2680 5560 2895 5630 synodo
2942 5558 3231 5613 venerabili
3276 5560 3483 5629 primus
3530 5559 3807 5627 interfuit,

556 5659 684 5711 Item
734 5655 1013 5711 basilicam
1060 5654 1120 5707 B.
1169 5653 1329 5709 Petro
1358 5653 1412 5708 in
1440 5651 1640 5723 templo
1675 5652 1957 5723 Apollinis,
1995 5668 2122 5709 nec-
2218 5660 2281 5707 et
2302 5650 2496 5717 Patris,
2527 5660 2583 5707 et
2610 5651 2752 5715 Filii,
2783 5659 2839 5706 ct
2862 5652 3097 5720 Spiritus
3118 5652 3291 5708 sancti
3324 5669 3487 5708 unam
3541 5668 3662 5709 esse
3702 5668 3804 5708 na-

553 5751 659 5799 non
710 5752 728 5798 t
758 5743 815 5797 B.
844 5743 1026 5810 Paulo,
1053 5759 1245 5814 corpus
1266 5742 1545 5813 utriusque
1563 5757 1673 5800 tere
1688 5741 1882 5812 Cyprio
1897 5741 2125 5798 circum-

2229 5750 2403 5796 turam
2443 5750 2498 5796 et
2528 5751 2947 5813 poteStatciu,ct
2995 5741 3267 5808 deitatem,
3313 5751 3368 5799 et
3415 5743 3692 5809 virtutem,
3750 5744 3806 5797 in
