4024 6362
246 361 322 415 93
1116 376 1121 381 ·
1342 352 1759 412 CHRONlCON.
1799 384 1866 395 —
1904 352 2114 410 AETAS
2155 354 2404 411 SEXTA.
3428 361 3518 415 ’94

234 428 496 533 'Ecdesia
554 470 769 543 publice
820 467 1151 542 prmdicavit,
1203 476 1259 523 et
1307 467 1507 524 docuit.
1562 467 1828 523 Antonius
1860 472 1907 530 Α
1935 466 2220 532 permittit.
2265 466 2522 532 Quicum
2553 481 2620 521 ex
2662 466 2916 523 omnibus
2945 466 3240 537 provinciis
3276 469 3517 539 collecti,

246 562 551 625 menachus
580 563 874 620 centesimo
910 561 1101 631 quinto
1123 560 1298 615 aetatis
1326 574 1487 614 .anno
1532 559 1588 613 in
1643 572 1828 619 eremo

244 660 503 716 moritur.
552 655 817 726 Reliquiae
857 651 1137 708 Timothaei
1181 649 1409 720 apostoli
1450 648 1831 705 Constantino-

243 750 414 823 polim
432 749 675 803 invectae.
706 742 1004 801 Constantii
1026 741 1209 797 favore
1229 740 1391 794 Arius
1417 738 1700 808 presbyter
1720 735 1830 791 fre-

243 851 362 904 tus,
377 840 505 896 dum
530 839 586 893 in
603 831 1118 903 Constantinome
1145 831 1212 886 ad
1233 830 1518 885 ecclesiam
1558 836 1826 898 pergeret,

244 929 339 988 cui
370 940 497 984 tunc
515 922 821 982 Alexander
862 935 1023 978 senex
1047 920 1336 990 episcopus
1374 917 1699 990 praesidebat
1727 915 1828 970 ad-

242 1037 442 1079 versus
469 1028 685 1076 nostros
709 1018 777 1073 de
812 1014 917 1071 fide
962 1013 1335 1076 dimicaturus,
1388 1010 1662 1065 diverteris
1706 1016 1827 1079 post

242 1114 427 1171 forum
469 1108 807 1168 Constantini
834 1106 900 1161 ad
928 1118 1146 1161 causam
1193 1099 1578 1164 necessariam,
1619 1098 1826 1153 viscera

243 1206 366 1275 ejus
404 1210 629 1273 repente
664 1197 825 1254 simul
847 1211 971 1253 cum
1002 1194 1112 1250 vita
1141 1193 1310 1248 effusa
1354 1199 1499 1247 sunt.
1555 1190 1825 1245 Constan-

243 1298 327 1352 tio
385 1294 614 1349 Romam
652 1291 898 1361 ingresso
950 1301 1076 1342 ossa
1122 1284 1185 1338 Β.
1230 1283 1460 1339 Andreae
1511 1279 1742 1351 apostoli
1771 1286 1828 1334 et

243 1388 410 1444 Luca:
436 1382 780 1455 evangelista:
825 1395 857 1435 a
907 1374 1516 1444 Constantinopolitanis
1559 1372 1698 1426 miro
1746 1369 1828 1423 fa-

243 1491 378 1533 vore
409 1480 660 1544 suscepta
697 1477 844 1526 sunt.
873 1467 1111 1522 Hilarius
1136 1463 1492 1521 Pictaviensis
1513 1463 1823 1533 episcOpus,

243 1569 341 1640 qui
391 1566 579 1638 pulsus
615 1563 686 1618 ab
739 1559 972 1622 Arionis,
1021 1558 1075 1617 in
1133 1555 1421 1627 Phrygiam
1464 1552 1821 1614 exsulaverat,

244 1674 373 1716 cum
402 1656 542 1728 apud
568 1648 1093 1719 Constantinopolim
1120 1647 1318 1702 librum
1345 1661 1443 1716 pro
1468 1661 1528 1701 se
1559 1646 1826 1701 Constan-

245 1753 330 1806 tio
359 1748 706 1821 perrexisset,
737 1744 806 1801 ad
836 1742 1040 1799 Gallias
1092 1741 1274 1796 rediit.
1299 1739 1530 1795 Περι-θεῖε
1586 1738 1824 1794 Anthro-

1932 572 2068 611 nova
2093 557 2273 625 templi
2294 557 2636 612 fundamenta
2651 559 2920 626 iacerent,
2937 559 3114 615 subito
3128 569 3287 616 nocte
3297 561 3514 628 oborto,

1931 656 2239 702 terrretnotu
2287 663 2418 702 saxa
2470 649 2539 703 ab
2576 632 2688 703 imo
2739 648 3215 705 fundamentorum
3258 665 3515 718 excussa,

1929 738 2085 809 longe
2113 738 2328 807 lateque
2349 754 2535 807 Sparsa
2565 747 2723 804 sunt;
2758 738 2948 819 igneus
2978 752 3197 809 quoque
3220 738 3412 807 globus
3446 741 3518 797 ab

1929 829 2187 885 interiore
2217 830 2334 884 aede
2361 830 2542 899 templi
2568 845 2841 899 egressus,
2873 829 3136 899 plurimos
3165 845 3358 888 eorum
3413 846 3514 887 suo

1927 922 2218 989 prostravit
2250 920 2525 975 incendio.
2581 919 2697 985 Quo
2751 927 2962 975 terrore
2988 920 3195 990 reliqui
3212 918 3506 991 pavefacti,

1927 1008 2204 1064 Christum
2233 1010 2631 1067 confitebantur
2652 1010 2828 1065 inviti.
2865 1011 2931 1066 Et
2954 1026 3024 1066 ne
3052 1013 3156 1068 hoc
3175 1027 3304 1069 casu
3326 1013 3512 1069 crede—

1930 1110 2050 1156 rent
2090 1102 2312 1166 factum,
2360 1101 2606 1170 sequenti
2626 1110 2783 1156 nocte
2809 1101 2861 1157 in
2910 1103 3252 1159 vestimentis
3296 1113 3518 1161 cuncto-

1928 1208 2049 1248 rum
2080 1193 2259 1248 crucis
2284 1193 2539 1261 apparuit
2562 1192 2793 1263 signum.
2833 1191 3083 1249 Julianus
3133 1192 3315 1250 efferri
3384 1208 3512 1253 ossa

1927 1285 2252 1341 venerabilis
2277 1283 2465 1339 Jacobi
2506 1283 2753 1340 Nizibeui
2775 1285 3013 1355 episcopi
3048 1286 3196 1342 foras
3234 1286 3513 1344 civitatem

1921 1374 2095 1445 jubet,
2139 1376 2385 1431 invidens
2434 1376 2601 1445 ipsius
2651 1375 2957 1439 miraculis;
3014 1391 3136 1446 quae
3183 1392 3292 1433 non
3349 1377 3511 1449 longe

1926 1473 2050 1534 post
2076 1465 2265 1520 ditioni
2295 1464 2584 1521 Persarum
2630 1465 2930 1535 subjicitur.
2955 1465 3514 1539 Julianushinoertum

1915 1569 1960 1608 'a
1991 1551 2122 1624 quo,
2150 1570 2273 1609 cum
2294 1555 2568 1611 exercitus
2591 1554 2742 1610 acies
2791 1563 2980 1610 contra
3037 1555 3234 1612 Persas
3290 1556 3511 1612 ordina-

1929 1654 2035 1708 ret,
2080 1645 2384 1714 perimitur,
2421 1659 2485 1699 ac
2512 1645 2769 1700 intestina
2811 1661 2910 1701 sua
2948 1662 3004 1700 tn
3036 1661 3161 1702 aera
3201 1647 3513 1718 projiciens,

1928 1732 2121 1788 insano
2146 1750 2240 1788 ore
2267 1735 2541 1789 Christum
2567 1736 2849 1791 Dominum
2870 1736 3277 1807 blasplietnans,
3300 1736 3511 1806 Vicisti,

240 1837 709 1912 pomorphitarum
750 1833 803 1889 in
849 1832 1007 1904 Syria
1060 1838 1116 1886 et
1143 1831 1197 1885 in
1224 1827 1557 1894 Macedonia,
1582 1828 1637 1883 in
1678 1827 1819 1882 Cou-
1845 1822 1893 1881 B
1920 1826 2165 1892 Caiiltce,
2225 1828 2441 1894 vicisti,
2480 1829 2646 1884 vitam
2695 1846 2820 1885 cum
2852 1846 3019 1900 regno
3072 1833 3310 1902 perdidit
3352 1850 3368 1887 ε
3421 1849 3515 1889 ου-

238 1926 590 1999 stantinopoli
635 1938 850 1996 quoque
889 1921 1148 1977 nascitur.
1189 1918 1429 1975 Donatus
1454 1917 1588 1972 artis
1641 1931 1822 1987 gram-

240 2022 457 2077 matica:
480 2019 729 2090 scriptor,
762 2031 826 2071 ac
846 2023 1141 2085 pneceptor
1164 2010 1499 2082 Hieronymi,
1526 2010 1711 2064 Roma:
1754 2008 1820 2062 il-

239 2114 432 2171 lustris
473 2113 726 2167 habetur.
778 2107 1043 2163 Eusebius
1086 2104 1350 2160 Caesareae
1401 2101 1709 2167 Palestinrc,
1766 2100 1821 2155 in

241 2202 543 2273 Scripturis
569 2200 764 2256 divinis
788 2196 1237 2260 studiosissimus,
1287 2209 1354 2248 ac
1381 2192 1722 2249 bibliotheca:
1748 2190 1820 2247 di-

239 2296 381 2351 vina:
409 2308 533 2349 cum
589 2288 870 2359 Pamphilo
915 2296 1156 2357 martyre
1210 2282 1654 2354 diligentissimus
1698 2295 1821 2350 per-

240 2386 559 2454 vestigator,
587 2379 847 2444 moritur;
875 2378 967 2448 qui
1002 2375 1237 2445 primum
1278 2376 1331 2428 in
1360 2373 1617 2427 Ariauam
1649 2372 1822 2427 luere-

239 2478 346 2531 sim
370 2474 571 2543 lapsus,
592 2472 661 2527 ad
689 2468 1013 2525 catholicum
1062 2467 1251 2536 dogma
1298 2473 1580 2534 correptus
1632 2463 1813 2518 rediit.

240 2564 528 2620 Eustasius
552 2561 785 2632 primum
834 2555 1165 2629 leesyrite,
1196 2554 1321 2611 dein
1365 2553 1668 2608 Antiochiae
1706 2552 1820 2622 epi-

247 2671 466 2726 scopus,
514 2655 792 2709 adversum
823 2650 1087 2706 Arianum
1138 2648 1331 2719 dogma
1382 2646 1551 2701 multa
1602 2658 1820 2714 compo-

242 2760 404 2809 nens,
438 2743 488 2797 in
517 2742 762 2797 exsilium
799 2738 1007 2810 pulsus,
1062 2737 1203 2807 apud
1243 2732 1644 2805 Trajanopolim
1684 2732 1818 2791 Tra-

238 2835 488 2891 chiarum
519 2834 706 2888 urbem
731 2831 978 2886 conditus
1006 2836 1110 2883 est.
1170 2825 1455 2881 Marcellus
1497 2825 1816 2895 Ancyrauus

238 2926 548 2996 episcopus,
588 2930 775 2978 contra
799 2921 1033 2975 Arianos
1061 2918 1306 2974 scribens
1361 2916 1606 2986 arguitur
1631 2913 1815 2971 Sabel-

236 3014 394 3069 lianre
420 3014 722 3076 haereseos;
770 3009 864 3065 sed
887 3017 943 3064 et
988 3009 1177 3064 beatus
1214 3005 1451 3060 Hilarius
1499 3007 1554 3059 in
1585 3004 1815 3074 septimo

237 3107 526 3162 adversum
548 3104 780 3158 Arianos
819 3102 978 3167 libro,
1028 3100 1264 3155 nominis
1288 3098 1407 3169 ejus
1428 3096 1582 3167 quasi
1643 3096 1812 3151 haere-

1917 1916 2008 1986 jus
2048 1917 2324 1981 interitum
2354 1934 2451 1987 per
2481 1919 2867 1975 rcvelationcm
2902 1921 3049 1977 illico
3072 1936 3173 1991 per
3202 1924 3515 1981 universam

1922 2010 2215 2065 Ecclesiani
2237 2010 2451 2080 plurimi
2469 2021 2785 2081 agnoscunt.
2805 2012 3022 2068 Lucifer
3038 2013 3379 2071 Calaritanus
3394 2017 3513 2086 epi-

1921 2117 2116 2172 st-opus
2155 2118 2187 2156 a
2226 2104 2540 2159 Constantio
2584 2120 2705 2160 cum
2738 2104 3009 2161 Nicenam
3043 2106 3203 2162 fidem
3255 2110 3516 2166 damnare

1922 2194 2104 2257 nollet,
2137 2195 2192 2250 in
2223 2194 2567 2253 Palaestinam
2598 2198 2867 2269 relegatus
2886 2200 2955 2255 ab
2985 2199 3180 2256 exsilio
3202 2203 3514 2268 revertitur,

1920 2302 1952 2342 a
1975 2288 2083 2357 q‘uo
2114 2298 2298 2358 postea
2325 2290 2726 2346 Luciferianum
2779 2292 3041 2349 schisma.
3099 2293 3365 2350 Eusebius
3411 2309 3512 2350 na-

1921 2381 2071 2436 tione
2094 2381 2321 2447 Sardus,
2347 2381 2702 2438 Versellensis
2722 2384 3008 2453 episcopus
3031 2384 3286 2439 similiter
3305 2400 3337 2440 a
3365 2384 3513 2440 Con-

1920 2474 2121 2528 stantio
2154 2488 2253 2544 pro
2277 2473 2618 2531 confessione
2668 2474 2813 2539 fidei,
2868 2474 3237 2545 Scythopolim
3278 2484 3334 2531 et
3387 2475 3514 2531 inde

1919 2564 2310 2636 Cappadociam
2332 2566 2624 2634 relegatus,
2653 2566 2724 2620 ab
2758 2566 2952 2622 exsilio
2978 2581 3250 2633 reversus,
3270 2567 3510 2624 factione

1917 2654 2244 2710 Arianorum
2263 2655 2605 2710 interficitur.
2625 2656 2923 2711 Fornacius
2937 2656 3313 2727 Aquilegensis
3328 2657 3514 2712 Eccle-

1916 2744 2012 2801 sia:
2049 2745 2375 2816 episcopus,
2434 2746 2488 2800 in
2530 2745 2635 2800 hoc
2690 2747 2925 2801 maxime
2979 2747 3308 2803 detestabilis
3365 2749 3512 2818 quod

1918 2836 2193 2893 Liberium
2238 2838 2499 2893 Romanae
2556 2837 2708 2893 urbis
2763 2839 3072 2909 episcopum
3118 2855 3219 2910 pro
3274 2837 3380 2894 fide
3442 2839 3512 2894 ad

1915 2931 2163 2987 exsilium
2197 2938 2514 3002 pergentem
2536 2931 2747 3001 primus
2768 2930 3097 2996 sollicitavit,
3126 2940 3183 2986 et
3224 2930 3407 3001 fregit,
3447 2939 3510 2987 et

1915 3022 1984 3077 ad
2011 3022 2424 3092 suscriptionem
2448 3021 2718 3075 haereseos
2741 3021 3018 3091 compulit.
3048 3021 3280 3077 Aeacius
3302 3021 3511 3077 Luscus

1915 3112 2175 3168 Cresarea:
2197 3112 2501 3181 episcopus,
2528 3111 2581 3165 in
2609 3118 2814 3166 tantum
2838 3112 2938 3167 sub
2955 3111 3270 3168 Constantio
3297 3113 3512 3180 claruit,

240 3197 329 3252 tici
362 3195 631 3250 meminit.
677 3193 847 3248 Porro
875 3191 963 3246 ille
993 3190 1230 3245 defendit
1258 3205 1319 3244 se
1360 3204 1466 3242 non
1523 3201 1645 3242 esse
1690 3188 1816 3257 dog-
1839 3176 1886 3240 C
1917 3210 1976 3257 ιιι
2003 3201 2213 3256 {etiam
2230 3176 2421 3256 homin
2449 3216 2549 3270 pro
2571 3200 2785 3257 Liberio
2804 3202 3112 3273 episcopum
3144 3176 3509 3259 consecraret;

234 3288 398 3342 matis
426 3286 585 3356 cujus
625 3291 908 3339 accusatur
955 3279 1332 3336 communione
1370 3274 1498 3333 Julii
1551 3286 1606 3332 et
1651 3276 1819 3331 Atha-

235 3380 375 3436 nasii
405 3378 667 3433 Romana:
691 3383 746 3428 et
768 3372 1145 3429 Alexandrinae
1167 3368 1315 3425 urbis
1346 3367 1685 3439 pontificum.
1719 3365 1821 3421 Ba-

234 3473 392 3530 silius
412 3475 737 3542 Ancyranus
764 3467 1049 3536 episcopus
1078 3462 1480 3519 Macedonians:
1496 3459 1670 3530 partis
1693 3473 1819 3514 cum

236 3566 525 3621 Eustathio
566 3562 863 3617 Sebasteno
902 3558 1150 3628 princeps
1187 3553 1319 3620 fuit;
1350 3551 1455 3607 fuit
1480 3560 1659 3607 autem
1686 3548 1819 3605 artis

237 3657 527 3712 medicina:
564 3654 787 3723 peritus.

310 3747 461 3822 [36f]
481 3746 750 3806 Julianus,
764 3757 932 3798 annos
956 3740 1109 3806 duos,
1128 3754 1340 3795 menses
1350 3744 1493 3792 octo.
1508 3734 1606 3791 Hic
1618 3748 1685 3789 ex
1706 3731 1819 3788 cle-

236 3844 354 3898 rico
380 3842 673 3909 imperator
694 3835 870 3891 factus
897 3834 951 3889 in
975 3833 1239 3889 idolorum
1270 3829 1538 3885 culturam
1586 3839 1817 3881 conver-

236 3935 394 3997 titur,
423 3929 791 4002 martyriaque
824 3925 988 3981 infert
1024 3922 1365 3986 Christianis,
1419 3932 1623 3990 eosque
1670 3916 1820 3974 calli-

176 4016 181 4020 ’
238 4021 326 4078 dis
378 4017 928 4075 circumventiouibus
967 4014 1213 4083 odiisque
1274 4011 1636 4082 persequitur.
1700 4007 1818 4076 Quo

237 4122 481 4181 tempore
505 4110 645 4164 inter
665 4106 800 4161 alios
820 4106 910 4176 qui
938 4105 990 4159 in
1021 4112 1132 4159 toto
1152 4101 1285 4158 orbe
1308 4117 1404 4171 pro
1427 4099 1645 4154 Christo
1670 4096 1814 4167 passi

233 4210 391 4264 sunt,
420 4197 654 4253 Joannes
696 4207 751 4251 et
783 4194 981 4249 Paulus
1008 4193 1193 4247 Romae
1245 4190 1563 4262 martyrium
1608 4186 1817 4242 illustre

237 4292 535 4345 duxerunt.
562 4287 763 4358 Pagani
786 4300 1002 4356 quoque
1029 4283 1170 4354 apud
1200 4281 1464 4338 Sehasten
1516 4278 1816 4335 Palaestina:

237 4384 430 4437 urbem
451 4379 759 4450 sepulcrutn
792 4377 935 4434 beati
957 4374 1177 4431 Joannis
1226 4372 1482 4442 Baptistae
1528 4370 1813 4436 invadunt,

235 4485 473 4541 ossaque
496 4470 828 4541 dispergunt,
866 4466 1056 4523 eadem
1084 4479 1273 4521 rursus
1313 4462 1539 4518 collecta
1586 4474 1813 4516 concre-

238 4570 474 4628 mantes,
499 4560 661 4616 latius
689 4573 787 4631 per
813 4572 973 4628 agros
1022 4562 1301 4626 spargunt.
1344 4555 1453 4608 Sed
1491 4552 1589 4606 Dei
1638 4552 1817 4622 provi-

233 4655 427 4710 deutia
466 4652 689 4707 adfuere
720 4650 938 4721 quidam
984 4663 1053 4704 ex
1101 4644 1491 4715 Hierosolymis
1541 4642 1815 4705 monachi,

234 4746 338 4818 qui
364 4745 739 4816 colligentibus
760 4728 929 4807 misti,
955 4753 1288 4811 quatcunque
1320 4746 1571 4808 poterant
1617 4735 1815 4802 ablata,

234 4836 314 4890 ad
340 4845 545 4906 patrem
573 4850 729 4890 suum
777 4833 1083 4903 Philippum
1131 4828 1444 4901 pertulere;
1494 4827 1585 4883 ille
1630 4825 1820 4882 confe-

235 4927 370 4983 stim
399 4927 512 4981 hzec
537 4926 720 4996 (supra
742 4939 799 4981 se
828 4924 972 4981 enim
1001 4919 1214 4978 dicebat
1240 4929 1450 4974 tantum
1501 4917 1816 4972 thesaurum

236 5017 478 5087 propriis
510 5031 727 5079 servare
750 5014 965 5086 vigiliis)
996 5013 1064 5069 ad
1094 5012 1402 5082 pontificem
1429 5007 1814 5071 Athanasium;

239 5117 376 5163 tunc
401 5109 715 5172 maximum,
738 5123 832 5177 per
851 5106 1121 5161 Julianutn
1142 5104 1425 5159 diaconum
1453 5117 1608 5158 suum
1635 5101 1812 5164 misit;

238 5213 367 5266 qua:
409 5198 499 5253 ille
528 5208 795 5267 suscepta,
818 5197 1008 5267 paucis
1053 5195 1296 5259 arbitris,
1344 5194 1444 5249 sub
1481 5200 1678 5248 cavato
1729 5205 1820 5246 sa-

240 5289 408 5345 crarii
434 5288 659 5359 pariete,
692 5287 897 5343 inclusa
925 5285 1204 5359 profutura
1226 5283 1555 5355 generationi
1585 5290 1819 5352 postem.

236 5380 632 5436 conservavit:
665 5379 1161 5450 cujnsprmsagium
1217 5378 1316 5433 sub
1364 5375 1667 5433 Theodosio
1719 5375 1820 5430 im-

237 5482 496 5546 peratore
521 5488 617 5544 per
669 5472 1022 5543 Theophilum
1043 5470 1285 5539 ejusdem
1309 5470 1461 5525 urbis
1503 5468 1818 5538 episcopum

239 5567 567 5639 completur.
617 5564 721 5635 Qui
762 5568 1033 5623 destructo
1075 5564 1294 5635 Serapis
1348 5563 1584 5634 templo,
1642 5560 1817 5618 sancti

238 5657 469 5715 Joannis
495 5658 691 5714 ibidem
718 5657 1059 5713 consecravit
1083 5655 1387 5713 ecclesiam.
1421 5653 1669 5710 Julianus
1695 5653 1820 5709 odio

242 5747 451 5806 Christi
494 5748 749 5817 templum
779 5748 833 5804 in
880 5747 1261 5819 Hierosolymis
1310 5746 1506 5804 Judaeis
1532 5806 1539 5811 ,
1564 5761 1819 5816 reparare

1989 3290 2138 3364 [36'3l
2169 3291 2447 3358 Jovianus,
2478 3307 2622 3347 anno
2642 3308 2772 3357 uno,
2818 3293 2905 3347 vel
2928 3296 3200 3360 utverius,
3237 3294 3513 3349 mensibus

1916 3394 2060 3441 octo.
2101 3386 2230 3453 Qui,
2268 3387 2394 3441 dum
2451 3400 2510 3441 se
2545 3386 2616 3440 ab
2651 3386 2898 3443 exercitu
2954 3386 3338 3457 imperatorem
3393 3386 3511 3442 fieri

1915 3476 2277 3544 conspiceret,
2315 3491 2483 3546 seque
2527 3476 2907 3532 Christianum
2946 3475 3240 3541 affirmans,
3287 3476 3511 3546 paganis

1916 3580 2149 3635 praeesse
2184 3582 2292 3620 non
2320 3581 2477 3636 posse
2513 3576 2806 3633 assereret,
2844 3566 2913 3621 Et
2950 3581 3069 3630 nos,
3110 3567 3287 3636 inquit
3331 3567 3511 3622 omnis

1915 3657 2208 3722 exercitus,
2237 3658 2329 3727 qui
2352 3672 2450 3727 per
2480 3656 2753 3711 Julianum
2811 3671 3007 3710 nomen
3060 3656 3262 3711 Christi
3309 3656 3507 3724 abjeci-

1916 3760 2061 3812 mus,
2087 3756 2266 3803 tecum
2291 3746 2586 3802 Christiani
2612 3761 2736 3802 esse
2762 3746 3030 3802 volumus.
3055 3745 3264 3813 Quibus
3309 3746 3509 3803 auditis

1917 3836 2130 3906 imperii
2161 3845 2378 3907 sceptra
2408 3838 2661 3906 suscepit.
2691 3835 2941 3906 Synodus
2961 3834 3263 3890 Antiochia:
3313 3850 3345 3890 a
3393 3835 3505 3891 Me-

1918 3927 2015 3982 lito
2043 3928 2262 3997 suisque
2281 3926 2423 3983 facta
2450 3928 2627 3998 inqua
2650 3927 3092 3983 Macedonianum
3120 3926 3314 3997 dogma
3339 3942 3506 3996 prave

1917 4017 2190 4073 firmatur.
2241 4017 2502 4074 Jovianus
2538 4018 2688 4088 lapsu
2736 4017 3039 4073 Constantii
3090 4019 3508 4087 praedecessoris

1916 4109 2252 4174 admonitus,
2276 4108 2593 4163 honorificis
2612 4116 2668 4163 et
2691 4105 3098 4163 oﬁiciosissimis
3117 4107 3315 4162 litteris
3338 4108 3509 4161 Atha-

1916 4199 2132 4257 nasium
2164 4200 2418 4268 requirit,
2446 4199 2516 4253 ab
2550 4199 2669 4267 ipso
2711 4197 2939 4253 formam
2967 4198 3088 4253 fidei
3129 4199 3507 4254 ecclesiarum-

1915 4303 2020 4358 qae
2041 4289 2496 4358 disponendarum
2532 4288 2770 4357 suscepit
2810 4287 3059 4352 modum;
3103 4289 3195 4341 sed
3227 4288 3384 4357 hujus
3415 4288 3505 4357 pia

1915 4379 2143 4448 laetaque
2169 4379 2435 4448 principia
2491 4392 2638 4432 mors
2665 4378 2954 4431 immatura
2979 4377 3261 4446 corripuit.

1993 4469 2238 4525 Hilarius
2271 4468 2421 4523 urbis
2448 4467 2789 4522 Pictavorum
2814 4466 3146 4535 Aquitanicae
3197 4466 3508 4535 episcopus,

1922 4560 2154 4616 factione
2206 4558 2482 4614 Saturnini
2523 4557 2854 4611 Arelatensis
2894 4556 3133 4626 episcopi
3179 4557 3246 4611 de
3298 4557 3504 4627 synodo

1917 4650 2212 4708 Biterrensi
2237 4651 2292 4705 in
2331 4650 2625 4720 Phrygiam
2674 4648 2947 4717 relegatur
2993 4649 3093 4703 sub
3145 4647 3500 4712 Constantio,

1919 4742 2009 4797 ubi
2030 4741 2311 4797 duodecim
2344 4740 2512 4795 libros
2554 4741 2841 4794 adversum
2884 4739 3117 4795 Arianos
3155 4738 3411 4804 confecit,
3447 4747 3505 4795 et

1919 4836 2116 4891 librum
2140 4836 2211 4890 de
2229 4834 2446 4905 synodis
2471 4835 2539 4889 ad
2559 4833 2854 4889 Galliarum
2907 4833 3191 4902 episcopos
3237 4831 3456 4901 scripsit
3482 4849 3501 4896 ;

1918 4935 1974 4983 et
1996 4926 2100 4981 alia
2126 4940 2378 4981 reversus
2402 4926 2470 4979 ab
2489 4924 2682 4979 exsilio
2701 4922 2966 4977 catholica
2980 4931 3035 4977 et
3062 4923 3221 4976 nimis
3243 4921 3502 4991 przeclara

1919 5029 2103 5086 opera.
2154 5014 2415 5084 Serapion
2456 5013 2707 5068 Thaneos
2764 5013 3067 5081 episcopus,
3117 5011 3378 5081 elegantis
3422 5011 3505 5064 in-

1919 5109 2080 5179 genii,
2109 5106 2208 5162 sub
2230 5107 2549 5163 Coustantio
2570 5106 2732 5161 etiam
2760 5105 2814 5159 in
2846 5104 3186 5160 confessione
3238 5103 3367 5158 fidei
3416 5103 3500 5156 in-

1918 5203 2094 5275 clytus
2123 5202 2375 5257 moritur.

1991 5294 2142 5367 [564]
2168 5293 2575 5351 Valentinianus
2618 5302 2673 5348 et
2711 5290 2908 5347 Valens
2963 5289 3132 5345 frater
3160 5287 3296 5355 eius,
3325 5296 3499 5338 annos

1920 5384 2225 5439 duodecim.
2264 5382 2590 5453 Apollinaris
2627 5381 2964 5435 Laodicenus
2993 5378 3275 5448 cpiscopus
3316 5369 3498 5425 multi-

1925 5476 2081 5529 moda
2109 5482 2309 5529 nostra:
2354 5472 2628 5543 religionis
2662 5471 2861 5540 scripta
2898 5466 3231 5538 composuit.
3261 5460 3370 5518 Sed
3415 5461 3500 5516 iit-‘-

1922 5573 2115 5620 cautus
2136 5571 2323 5632 postea
2348 5578 2378 5617 a
2411 5561 2516 5616 ﬁde
2543 5561 2789 5623 devians,
2830 5557 3079 5613 haeresim
3131 5552 3215 5607 sui
3265 5550 3504 5609 nominis

1925 5652 2177 5708 instituit.
2203 5652 2464 5706 Photinus
2488 5664 2707 5721 quoque
2745 5657 2802 5704 et
2824 5645 3118 5701 Eunomius
3142 5656 3209 5697 eo
3258 5651 3503 5713 tempore

1926 5741 2166 5799 haeretici
2207 5751 2591 5812 agnoscuntur.
2635 5739 2794 5796 Gothi
2843 5736 2985 5809 apud
3015 5731 3259 5793 Histrum
3289 5734 3502 5792 bifariae
