4024 6362
563 343 634 400 95
1557 339 1614 393 S.
1654 337 1904 393 ADONIS
1943 336 2374 392 ARCHIEPISC.
2417 336 2829 393 VIENNENSIS
3743 337 3806 392 96

568 458 712 511 inter
740 451 1114 525 Frigidernum
1153 461 1208 506 et
1229 452 1504 506 Atarieum
1530 449 1686 503 divisi
1715 457 1857 503 sunt.
1893 447 1998 504 Sed
2020 447 2145 504 Fri-
2171 454 2223 512 Α
2248 458 2474 518 septem.
2499 449 2833 504 Theodosius
2860 450 2942 503 vir
2968 456 3218 504 strenuus
3244 463 3274 502 a
3298 446 3557 503 Gratiano
3581 449 3809 518 impera-

570 547 824 617 gidernus
847 545 1124 599 Ataricum
1159 543 1395 598 Valentis
1425 542 1624 596 auxilio
1645 556 1929 610 superans,
1977 539 2137 608 hujus

567 636 812 693 beneﬁcii
839 636 1011 706 gratia
1033 650 1098 688 ex
1124 634 1388 688 catholico
1413 633 1646 686 Arianus
1671 649 1793 688 cum
1821 633 1986 687 ommi
2010 647 2138 702 gen-

568 741 624 787 ιτ
655 729 950 786 Gothorum
996 726 1217 781 affectus
1245 734 1346 779 est.
1384 723 1534 780 Tunc
1558 724 1744 779 Vulﬁla
1799 738 1985 778 eorum
2027 722 2139 791 epi-

569 835 766 890 scopus
788 819 1044 874 Gothicas
1072 818 1279 871 litteras
1326 817 1547 884 reperit,
1589 825 1645 869 et
1695 825 1986 885 utrumque
2030 813 2136 869 Te-

570 915 897 964 stamentum
928 907 980 959 in
1012 905 1248 976 linguam
1274 905 1546 974 propriam
1598 905 1888 959 transtulit.
1945 904 2137 958 Dama-

569 1018 662 1058 sus
688 1001 872 1056 Romaa
915 999 1198 1069 cpiscopus
1247 996 1373 1051 fecit
1416 996 1694 1050 basilicam
1731 994 1883 1064 juxta
1937 996 2135 1049 atrium

568 1099 756 1162 saneto
780 1088 1088 1152 Laurentio,
1120 1097 1175 1141 et-
1200 1087 1358 1140 aliam
1391 1087 1441 1140 in
1469 1086 1820 1150 catacumhis,
1846 1085 1934 1140 ubi
1955 1084 2138 1153 jacue-

573 1189 694 1236 runt
725 1194 950 1247 corpora
975 1189 1286 1234 sanctorum
1327 1176 1690 1246 apostolorum
1717 1176 1857 1232 Petri
1880 1184 1934 1231 et
1963 1175 2134 1242 Pauli,

571 1271 742 1341 inquo
770 1269 886 1325 loco
905 1269 1198 1340 piatomam
1244 1269 1434 1338 ipsam,
1487 1268 1574 1320 ubi
1622 1266 1905 1335 jacuerant
1953 1275 2136 1320 sancta

569 1375 816 1430 corpora,
859 1361 1105 1416 versibus
1163 1357 1463 1413 adornavit.
1528 1356 1720 1412 Valens
1773 1357 1841 1412 ab
1898 1357 2138 1411 Eudoxio

565 1450 884 1504 Arianorum
911 1449 1162 1518 episeopo
1179 1448 1480 1516 baptizatus
1512 1456 1724 1502 nostros
1773 1449 2133 1515 persequitur.

565 1539 859 1593 Gratianus
890 1537 1249 1592 Valentiniani
1289 1537 1429 1590 ﬁlius
1456 1537 1614 1590 tertio
1637 1537 1756 1606 ejus
1795 1551 1957 1600 anno,
2011 1535 2136 1588 Am-

566 1629 710 1682 biani
741 1629 1032 1699 imperator
1055 1637 1134 1683 est
1156 1627 1351 1682 factus.
1405 1627 1870 1697 ConstantinOpoli
1925 1634 2137 1695 aposto-

565 1721 736 1775 lorum
763 1721 1401 1792 martyrium-dedicatur.
1435 1720 1561 1774 Post
1595 1720 1847 1773 Auxentii
1880 1719 2135 1773 Mediola-

2239 547 2327 592 tor
2347 547 2583 602 creatus,
2614 539 2879 592 maximas
2907 538 3192 609 Scythicas
3218 549 3428 607 gentes,
3453 539 3555 593 hoc
3580 548 3662 594 est
3688 539 3810 594 Ala-

2238 643 2356 692 nos,
2395 626 2636 692 Hunnos,
2669 636 2725 682 et
2751 627 2978 692 Gothos,
3029 628 3238 698 magnis
3283 627 3570 698 multisque
3611 629 3809 700 pmliis

2236 718 2384 773 vicit.
2415 717 2580 788 Cujus
2620 721 2855 774 studium
2888 719 3010 774 ﬁdei
3037 737 3141 775 non
3183 719 3416 774 ferentes
3457 719 3667 784 Ariani,
3694 731 3810 792 post

2236 810 2591 882 quadraginta
2621 825 2790 865 annos
2817 811 3075 866 ecclesias
3100 826 3234 879 quas
3257 812 3308 864 vi
3353 807 3657 877 tenuerant,
3697 813 3811 868 rcli~

2238 910 2492 970 querunt.
2519 899 2638 967 Quo
2670 909 2911 970 tempore
2943 899 3303 955 Viennensem
3329 899 3629 955 Ecclesiam
3662 916 3810 966 rege-

2237 992 2329 1046 bat
2357 991 2543 1047 Niceta
2571 991 3017 1063 prmclarissimus
3061 992 3114 1046 in
3155 993 3405 1062 dogmate
3447 992 3572 1046 ﬁdei
3601 992 3810 1062 episw-

2236 1098 2357 1154 pus.
2404 1083 2509 1138 Sed
2549 1093 2603 1140 et
2639 1083 3012 1155 Lugdunensis
3064 1085 3349 1155 episcopus
3394 1083 3616 1151 Justus,
3665 1086 3811 1142 mira:

2237 1172 2540 1228 sanctitatis
2570 1173 2672 1236 vir,
2707 1173 2797 1242 qui
2840 1174 3179 1242 postmodum
3223 1173 3408 1229 relicta
3434 1173 3559 1230 sede
3585 1175 3811 1243 suiepi-

2237 1270 2506 1332 scopalus,
2537 1263 2679 1317 inter
2701 1263 3070 1336 sanctissimos
3099 1273 3280 1332 patres
3303 1264 3646 1319 anachoritas
3677 1265 3814 1318 mira

2237 1353 2537 1409 humilitate
2570 1354 2762 1420 latens,
2793 1339 3023 1409 moritur
3065 1355 3119 1408 in
3167 1354 3402 1426 IEgypto
3433 1372 3448 1421 ;
3509 1352 3666 1423 cujus
3693 1370 3812 1412 oss:

2236 1445 2325 1512 pio
2345 1459 2529 1500 amore
2555 1445 2768 1500 solliciti
2790 1445 3179 1516 Lugdunenses
3210 1447 3277 1500 ad
3311 1447 3499 1501 urbem
3532 1463 3692 1500 suam
3727 1462 3809 1502 re-

2236 1545 2493 1606 portant,
2523 1553 2646 1594 ossa
2682 1553 2897 1606 quoque
2926 1537 3163 1593 Viatoris
3211 1537 3538 1592 sanctissimi
3586 1541 3816 1593 commi-

2237 1629 2390 1682 nistri
2420 1629 2608 1699 ipsius.
2637 1627 2862 1684 Constat
2886 1637 3066 1683 autem
3116 1629 3259 1684 hunc
3307 1628 3674 1683 venerabilem
3708 1630 3813 1698 epi-

2237 1733 2457 1787 scopum
2490 1718 2702 1774 Justum
2735 1720 2836 1774 sub
2887 1717 3178 1774 Paschasio
3223 1719 3516 1774 Viennensi
3562 1720 3814 1791 episcopo

565 1812 747 1866 nensis
769 1811 1004 1881 episcopi
1027 1827 1203 1866 seram
1228 1820 1478 1873 mortem,
1518 1808 1798 1864 Mediolani
1849 1809 2134 1864 Ambrosio
2166 1804 2209 1863 Β
2237 1811 2523 1873 nutritum,
2550 1809 2757 1865 Claudii
2787 1808 3026 1878 ejusdem
3055 1811 3205 1866 urbis
3241 1812 3477 1881 episcopi
3507 1811 3814 1875 diaconum,

563 1904 812 1974 cpiscOpo
838 1902 1001 1968 facto,
1032 1903 1208 1957 omnis
1236 1903 1302 1956 ad
1325 1902 1482 1956 ﬁdem
1515 1910 1720 1955 rectam
1743 1901 1890 1954 Italia
1909 1916 2132 1955 conver-

565 1994 716 2048 titur.
744 1993 1003 2050 Nectarus
1043 1993 1364 2049 Viennensis
1407 2001 1462 2047 et
1507 1991 1740 2047 llilarius
1783 1991 2136 2047 Pictaviensis

563 2083 801 2153 episcopi
828 2085 1153 2138 moriuntur.

639 2173 834 2229 Valens
862 2191 983 2230 cum
1012 2174 1274 2230 Gratiano
1292 2183 1346 2230 et
1374 2173 1748 2230 Valentiniano
1778 2174 2135 2230 Valentiniani

565 2262 748 2318 fratris
791 2266 870 2319 sui
919 2265 1064 2328 ﬁliis,
1096 2281 1264 2320 annos
1317 2275 1567 2335 quatuor.
1611 2265 1806 2320 Valens
1846 2266 1959 2336 lege
2004 2255 2136 2318 'data

565 2361 624 2406 ut
649 2355 892 2408 monachi
941 2354 1256 2418 militarent,
1307 2355 1550 2410 nolentes
1597 2355 1830 2410 fustibus
1843 2354 2007 2424 jussit
2045 2371 2136 2409 oc-

567 2443 693 2496 cidi.
735 2441 878 2498 Gens
906 2443 1218 2499 Hunnorum
1254 2445 1340 2498 diu
1396 2445 1688 2500 inaccessis
1728 2445 1936 2499 seclusa
1978 2460 2134 2498 mon-

563 2530 742 2595 tibus,
781 2533 1056 2602 repentina
1101 2533 1250 2586 rabie
1297 2534 1500 2602 percita
1525 2573 1539 2598 ,
1580 2534 1782 2589 exarsit
1823 2533 1876 2587 in
1906 2532 2134 2598 Gothos,

562 2638 765 2692 eosque
812 2624 1041 2691 sparsim
1085 2624 1459 2689 conturbatos,
1511 2625 1579 2679 ab
1629 2625 1866 2695 antiquis
1921 2627 2138 2682 sedibus

565 2712 787 2782 expulit.
843 2713 1002 2769 Gethi
1048 2715 1276 2769 transito
1329 2714 1578 2770 Danubio
1632 2715 1918 2784 fugientes,
1950 2731 1980 2770 a
2034 2715 2135 2770 Va-

567 2802 712 2858 lente
735 2803 853 2858 sine
875 2819 1149 2860 armorum
1199 2806 1532 2874 depositione
1583 2807 1818 2876 suscepti
1867 2823 1964 2877 per
2017 2823 2139 2861 ara.

572 2893 752 2948 ritiam
788 2894 1006 2949 Maximi
1047 2897 1228 2959 ducis;
1259 2897 1400 2950 fame
1450 2898 1517 2950 ad
1551 2897 1917 2951 rebe!landum
1967 2899 2136 2953 coacti

561 2993 709 3044 sunt,
735 2984 980 3054 victoque
1023 2984 1259 3040 Valentis
1289 2987 1548 3051 exercitu,
1583 3001 1679 3055 per
1708 2986 1990 3042 Thraciam
2020 3003 2140 3042 sese

563 3072 870 3135 miscentes,
901 3075 1060 3130 simul
1091 3077 1266 3129 omnia
1299 3077 1554 3140 aedibus,
1588 3078 1874 3141 incendiis,
1907 3079 2134 3148 rapinis-

2239 1900 2580 1968 postmodum
2639 1901 2708 1955 ad
2753 1911 2995 1955 sanctam
3050 1900 3461 1972 Lugdunensem
3521 1901 3814 1957 Ecclesiam

2238 1992 2527 2062 regendam
2552 1991 2888 2047 translatum.
2915 1991 3164 2063 Synodus
3185 2001 3400 2048 centum
3423 1994 3814 2065 quinquaginta

2237 2090 2449 2152 patrum
2472 2082 2523 2136 in
2560 2083 2693 2136 urbe
2731 2083 2879 2153 regia
2922 2081 3382 2152 Constantinopoli
3433 2092 3814 2154 congregatur,

2240 2171 2501 2226 adversus
2526 2170 2917 2227 Macedonium.
2946 2172 3175 2231 Damaso
3198 2172 3381 2227 Romae
3395 2173 3667 2243 episcopo,
3693 2172 3815 2226 Am-

2237 2261 2452 2316 brosius
2480 2259 2896 2315 Mediolanensis
2925 2259 3181 2315 Ecclesiae
3202 2261 3510 2332 episc0pus,
3546 2261 3600 2315 in
3624 2261 3815 2316 catho-

2237 2351 2462 2407 licorum
2489 2353 2739 2422 dogmate
2760 2352 2970 2407 claruit.
3013 2341 3365 2406 Theodosius
3388 2352 3688 2422 imperator
3716 2352 3814 2406 Ar-

2238 2433 2452 2500 cadium
2477 2444 2644 2499 ﬁlium
2670 2453 2978 2500 consortem
3007 2443 3218 2514 imperii
3248 2443 3331 2498 sui
3371 2441 3518 2497 facit.
3549 2443 3713 2496 Anno
3739 2457 3817 2496 se-

2238 2535 2414 2590 cundo
2441 2533 2684 2590 Gratiani
2720 2534 3084 2603 imperatoris,
3117 2534 3233 2604 ipso
3277 2533 3538 2588 sexieset
3563 2530 3813 2586 Theodo-

2239 2627 2319 2683 sio
2359 2627 2692 2692 consulibus,
2749 2625 3079 2696 Theophilus
3142 2624 3447 2696 paschalem
3503 2631 3816 2692 computum

2237 2719 2473 2788 scripsit.
2521 2717 2803 2785 Maximus,
2845 2719 2929 2772 vir
2953 2719 3168 2789 quidem
3192 2730 3442 2774 Strenuus
3481 2724 3535 2771 et
3591 2715 3814 2785 probus,

2241 2819 2400 2880 atque
2427 2810 2670 2881 Augusto
2716 2810 2932 2884 dignus,
2981 2810 3026 2865 si
3078 2825 3184 2866 non
3232 2819 3423 2865 centra
3475 2814 3818 2864 sacramenta

2242 2900 2364 2955 lidci
2404 2901 2746 2970 tyrannidem
2805 2899 3139 2966 emersisset,
3190 2899 3244 2954 in
3294 2897 3573 2953 Britannia
3619 2896 3820 2951 invitus

2243 2991 2627 3060 propemodum
2655 2990 2723 3045 ab
2746 2991 2986 3046 exercitu
3018 2990 3312 3060 imperator
3336 2997 3574 3050 creatus,
3603 2987 3659 3040 in
3691 2986 3818 3043 Gal-

2244 3081 2368 3136 liam
2415 3082 2665 3147 transiit,
2739 3081 2922 3151 ibique
2977 3080 3293 3137 Gratianum
3333 3081 3634 3148 Augustum
3686 3078 3821 3132 dolis

563 3175 667 3228 que
699 3163 1070 3232 impleverunt.
1123 3166 1504 3231 Valentiniani,
1531 3177 1585 3221 et
1619 3169 1852 3224 Valentis
1895 3179 2134 3239 tempore
2164 3168 2207 3231 C
2239 3173 2642 3227 circunventum
2673 3171 2814 3242 apud
2859 3170 3176 3241 Lugdunum
3206 3170 3427 3234 occidit,
3484 3169 3822 3237 fratremque

565 3252 884 3310 rebellantes
927 3255 1276 3320 Alamannos,
1323 3257 1516 3312 Franci
1564 3260 1702 3314 inter
1739 3262 2036 3316 Danubium
2083 3272 2138 3318 et

565 3337 836 3397 Maeotides
881 3344 1102 3412 paludes
1151 3344 1325 3414 juncti
1381 3347 1657 3413 Romanis,
1723 3363 2133 3420 superaverunt.

563 3427 800 3485 Francos
829 3432 1007 3504 lingua
1047 3435 1223 3489 Attica
1255 3434 1657 3492 Valentinianus
1685 3438 1977 3508 imperator
1999 3455 2029 3492 a
2059 3439 2137 3493 fe-

565 3520 725 3580 ritate
761 3532 816 3577 et
843 3523 1037 3578 duritia
1077 3535 1239 3594 atque
1277 3527 1504 3582 audacia
1530 3529 1786 3597 appellari
1815 3530 2020 3600 primus
2046 3546 2135 3584 vo-

563 3612 680 3666 luit.
713 3613 813 3681 Qui
841 3625 961 3686 post
988 3617 1262 3686 paululum
1292 3633 1415 3672 cum
1449 3621 1646 3674 tributa
1678 3621 1936 3676 Romanis
1967 3637 2130 3693 nega-

562 3713 702 3768 rent,
754 3715 809 3760 et
844 3706 1208 3762 Romanorum
1254 3709 1513 3779 impetum
1563 3710 1706 3765 ferre
1744 3728 1849 3765 non
1888 3720 2126 3782 possent,

559 3797 762 3864 egressi
790 3813 818 3850 a
845 3797 1164 3862 Sicambria,
1197 3810 1557 3868 pervenerunt
1583 3801 1633 3854 in
1657 3811 1930 3856 extremas
1953 3812 2134 3873 partes

561 3885 734 3941 llbeni
769 3886 1004 3943 ﬂuminis
1030 3889 1082 3943 in
1110 3889 1501 3944 Germanorum
1541 3893 1758 3960 oppida,
1817 3892 1997 3962 ibique
2032 3896 2132 3948 ali-

561 3984 693 4044 quot
713 3991 884 4030 annos
909 3993 1030 4031 cum
1066 3979 1398 4046 principibus
1421 3981 1533 4036 suis
1555 3981 1877 4038 Marcomiro
1901 3993 1955 4039 et
1987 3985 2133 4039 Sun-

562 4082 700 4121 none
732 4069 1062 4123 resederunt.
1097 4069 1196 4125 Ubi
1221 4071 1454 4139 primum
1486 4088 1664 4140 regem
1692 4074 2132 4133 Pharamundum

511 4168 518 4170 '
563 4159 664 4213 sibi
716 4160 1054 4228 postmodum
1111 4170 1372 4226 statuunt,
1429 4162 1740 4234 legibusque
1777 4182 1836 4222 se
1872 4168 2126 4237 subdunt,

563 4261 698 4315 quas
717 4247 922 4317 priores
947 4263 1131 4303 eorum
1157 4249 1497 4306 Wisovastus
1514 4262 1569 4306 et
1591 4253 1945 4325 Wisogastus,
1977 4258 2131 4315 Arto-

564 4345 765 4406 gastus,
811 4335 1122 4407 Salegastus
1168 4339 1508 4394 invenerunt.
1556 4341 1863 4398 Victorinus
1912 4348 2130 4404 natione

561 4424 691 4480 Afer
716 4425 1177 4482 subConstantino
1205 4429 1444 4499 principe
1477 4431 1797 4488 rhetoricam
1825 4435 2046 4502 docens,
2070 4439 2121 4494 in

2238 3263 2355 3332 ejus
2378 3261 2809 3316 Valentinianum
2833 3261 2984 3316 Italia
3009 3261 3310 3332 expulsum,
3339 3261 3556 3316 Vienna:
3581 3260 3820 3330 primum

2238 3350 2403 3404 latere
2429 3351 2621 3421 coegit,
2667 3349 3028 3420 justissimam
3079 3355 3294 3420 pinnam
3331 3365 3453 3404 cum
3508 3358 3687 3404 matre
3718 3363 3816 3401 sua

2235 3441 2442 3495 .lustina
2476 3442 2891 3511 persolventem,
2911 3457 3046 3511 'qua:
3074 3443 3223 3497 illum
3253 3442 3451 3497 Arriana
3481 3443 3674 3496 haeresi
3706 3441 3818 3510 pol-

2237 3533 2332 3586 luit
2366 3551 2378 3586 :
2413 3543 2469 3588 et
2493 3533 2836 3590 Ambrosium
2866 3536 3174 3606 episcopum
3215 3536 3705 3591 eminentissimam
3731 3552 3819 3591 ca-
3899 3523 3902 3526 ’

2239 3625 2447 3680 tholica:
2479 3626 2598 3693 ﬁdei
2626 3642 2805 3681 arcem
2836 3637 2893 3682 ut
2920 3629 3123 3698 perﬁda
3146 3629 3422 3683 obsidione
3454 3628 3689 3692 vexavit,
3723 3643 3825 3682 nec

2239 3726 2362 3771 ante
2384 3727 2557 3787 empta
2595 3719 2824 3773 nefanda
2853 3720 3109 3785 deseruit,
3135 3722 3238 3776 nisi
3279 3731 3400 3791 post
3429 3721 3666 3791 prolatas
3696 3724 3824 3777 bea-

2237 3814 2410 3858 torum
2439 3814 2735 3876 martyrum
2760 3807 3014 3877 reliquias
3043 3809 3283 3864 Gervasii
3313 3819 3365 3864 ct
3395 3810 3652 3875 Protasii,
3682 3827 3822 3880 quas

2235 3894 2461 3948 Domino
2505 3895 2779 3951 revelante
2825 3897 2967 3952 idem
3019 3899 3207 3953 beatus
3241 3901 3524 3970 cpiscopus
3572 3900 3823 3955 incorru-

2234 3993 2352 4051 ptas
2387 3983 2603 4052 reperit.
2633 3983 2962 4041 Theodosius
2990 3988 3422 4043 Valentinianum
3455 3991 3601 4045 Italia
3631 3993 3824 4061 expul-

2233 4088 2352 4126 sum
2399 4073 2624 4144 benigne
2671 4077 2915 4146 suscipit.
2965 4077 3302 4134 Priscilliana
3345 4082 3568 4138 lucresis
3617 4086 3818 4137 oritur.

2233 4162 2373 4216 idem
2413 4163 2774 4222 Priscillianus
2803 4179 3092 4225 accusante
3141 4171 3326 4236 ltacio,
3377 4189 3406 4227 a
3458 4173 3692 4228 Maximo
3736 4184 3823 4245 ty-

2233 4268 2405 4309 ranno
2434 4254 2609 4325 gladio
2642 4259 2882 4314 caeditur.
2919 4260 3179 4317 Martinus
3225 4264 3567 4318 Turonorum
3603 4266 3820 4335 episcoo

2232 4358 2332 4412 pus
2356 4345 2732 4401 miraculorum
2776 4349 3001 4421 insignis
3039 4351 3256 4408 ell‘ulsit.
3299 4353 3425 4409 Post
3468 4354 3820 4412 Pbaramun-

2233 4435 2356 4489 dum
2381 4436 2572 4491 Franci
2604 4439 2913 4497 Clodionem
2954 4458 3070 4510 ejus
3112 4444 3279 4499 ﬁlium
3324 4447 3422 4501 sibi
3473 4464 3654 4518 regem
3704 4459 3819 4504 sta~

561 4526 802 4571 extrema
823 4526 1099 4572 senectute
1123 4518 1325 4575 Christi
1351 4536 1410 4575 se
1436 4521 1654 4576 tradidit
1678 4523 1821 4578 ﬁdei.
1853 4525 2008 4581 Titus
2033 4529 2132 4582 Bo-
2157 4521 2208 4580 Ι)
2236 4533 2408 4579 luunt.
2442 4529 2649 4584 Abhinc
2682 4530 2873 4585 Franci
2907 4533 2959 4586 in
2991 4535 3186 4591 ﬁnibus
3213 4537 3630 4607 Tboringiorum
3668 4541 3822 4596 babi-

561 4619 779 4662 strenus
834 4609 1138 4678 episcopus,
1199 4611 1499 4666 acerrimus
1556 4623 1744 4667 contra
1803 4614 2130 4672 Manichacus

559 4696 883 4765 disputator,
924 4697 1168 4752 moritur.
1217 4699 1542 4756 Athanasius
1590 4701 1989 4760 Alexandrinus
2012 4708 2130 4775 epi-

561 4801 775 4856 scopus,
801 4786 964 4840 multa
985 4788 1306 4843 Arianorum
1332 4805 1620 4861 perpessus
1647 4791 1875 4858 insidiis,
1897 4794 1964 4848 ad
1984 4794 2129 4850 Con-

560 4887 796 4933 stantem
821 4875 1111 4933 Galliarum
1142 4881 1440 4948 principem
1469 4879 1606 4950 fugit
1635 4897 1651 4946 ;
1700 4878 1842 4936 ﬁnde
1881 4899 2130 4940 reversus

561 4982 685 5021 cum
707 4967 924 5033 litteris,
955 4978 1008 5022 et
1038 4986 1250 5025 rursum
1289 4980 1410 5040 post
1443 4980 1672 5026 mortem
1699 4972 1842 5028 illius
1887 4972 2126 5044 fugatus,

562 5075 734 5130 usque
763 5063 828 5117 ad
871 5061 1077 5116 Ioviani
1127 5065 1410 5132 imperium
1456 5063 1628 5118 latuit.
1667 5065 1707 5118 A
1755 5081 1864 5134 quo
1913 5078 2129 5137 recepta

565 5151 800 5207 Ecclesia
827 5152 926 5206 sub
965 5152 1185 5206 Valente
1225 5153 1472 5207 moritur.
1521 5153 1753 5221 Ephrem
1795 5155 2008 5210 Edessa:
2035 5158 2133 5212 Ec-

563 5241 740 5299 clesia:
765 5241 1047 5304 diaconus,
1070 5241 1151 5294 vir
1186 5241 1236 5294 in
1267 5257 1362 5296 sua
1393 5241 1596 5311 lingua,
1627 5242 1678 5295 id
1699 5252 1782 5296 est
1815 5244 1976 5313 Syra,
2009 5260 2132 5300 eru-

563 5330 883 5392 ditissimus,
911 5330 1158 5384 moritur.
1193 5329 1419 5384 Basilius
1460 5330 1722 5385 Caesareae
1755 5330 2125 5402 Cappadociaa,

561 5436 680 5487 qua!
727 5421 876 5490 prius
917 5419 1185 5474 Mazaeate
1236 5419 1515 5473 Gratiano.
1571 5419 1863 5488 Gregorius
1915 5437 2126 5493 quoque

563 5508 952 5573 Nazianzenus,
990 5510 1073 5564 vir
1101 5509 1590 5578 eloquentissinms,
1619 5519 1919 5580 praeceptor
1947 5512 2128 5569 lliero-

565 5603 734 5671 nymi,
769 5604 868 5658 sub
900 5602 1200 5657 Theodosio
1224 5602 1334 5672 jam
1365 5602 1606 5672 principe
1633 5603 1879 5656 moritur.

636 5691 783 5763 [379]
815 5692 1101 5749 Gratianus
1142 5708 1261 5747 cum
1312 5692 1476 5748 fratre
1527 5690 1916 5759 Valentiniano,
1961 5711 2128 5754 annos

2235 4625 2425 4679 tantes,
2487 4621 2708 4674 crinitos
2766 4637 2919 4688 rcges
2966 4624 3164 4680 habere
3229 4639 3528 4696 coeperunt.
3575 4628 3631 4682 Id
3683 4639 3819 4685 tem-

2231 4706 2378 4774 poris
2427 4707 2654 4762 Romani
2700 4710 2900 4766 Gallias
2933 4716 3204 4770 tenebant.
3258 4718 3403 4773 Citra
3443 4718 3676 4789 Ligerim
3716 4720 3819 4774 ﬁu-

2232 4797 2378 4851 vium
2417 4797 2576 4853 Gothi
2622 4800 3028 4872 Burgundiones
3059 4823 3275 4878 quoque
3325 4811 3570 4865 doctrina
3610 4812 3818 4868 Ariana

2233 4886 2414 4944 infecti
2467 4890 2548 4943 cis
2601 4889 2848 4961 ultraque
2910 4895 3230 4953 Rhodanum
3290 4901 3626 4955 habitabant.
3689 4901 3814 4956 Pri-

2234 4995 2352 5034 mus
2401 4997 2491 5034 rex
2535 4982 2862 5040 Francorum
2904 4987 3097 5044 Clodio
3122 5007 3149 5044 a
3179 5001 3359 5047 castro
3390 4994 3814 5062 Thoringiorum

2235 5071 2475 5140 Dysporo
2511 5072 2811 5142 profectus,
2847 5077 3094 5133 Rhenum
3133 5083 3382 5142 transiit:
3421 5094 3674 5154 snperato
3699 5084 3813 5138 Ro-

2236 5177 2513 5216 manorum
2539 5167 2748 5234 populo,
2771 5168 3152 5226 Carbonariam
3181 5174 3388 5245 sylvam
3418 5177 3604 5241 tenuit,
3637 5193 3813 5246 usque

2234 5251 2301 5304 ad
2351 5252 2906 5324 Camaracum‘venit,
2953 5261 3134 5332 ibique
3186 5263 3484 5319 interfectis
3526 5265 3809 5332 Romanis.

2235 5341 2414 5395 sedem
2441 5344 2538 5396 sibi
2577 5347 2780 5400 statuit.

2303 5434 2454 5507 [385]
2483 5436 2836 5505 Theodosius,
2865 5441 3125 5498 Gratiano
3159 5445 3335 5500 adhuc
3372 5445 3614 5508 vivente.
3649 5447 3810 5502 annis

2230 5541 2322 5580 sex
2353 5525 2627 5582 Orientem
2665 5531 2874 5594 tenuit;
2909 5532 2998 5586 illo
3064 5543 3276 5590 mortuo
3323 5535 3606 5606 imperavit
3651 5537 3810 5590 annis

2231 5615 2499 5670 undecim.
2527 5616 2644 5686 ipse
2669 5629 2724 5672 et
2769 5620 3204 5689 Valentinianus,
3251 5641 3412 5694 quem
3442 5625 3590 5678 Italia
3621 5627 3810 5695 expnh

2234 5719 2350 5758 sum
2387 5705 2614 5775 benigne
2643 5720 2972 5774 susceperat.
3021 5727 3082 5767 ac
3113 5713 3271 5768 simul
3303 5713 3591 5770 Maximum
3624 5722 3805 5769 tvran-
