4024 6362
197 386 273 441 97
1304 379 1714 438 CHRONICON.
1757 411 1823 422 -—-
1863 379 2067 436 AETAS
2107 380 2359 438 SEXTA.
3384 383 3452 440 98

196 513 332 554 num
361 497 522 553 tertio
547 495 614 551 ab
649 493 893 563 Aquileia
923 493 1098 566 lapide
1136 495 1482 549 interllciunt.
1517 493 1780 548 Maximus
1812 500 1856 555 Α
1883 508 2046 562 opera
2081 493 2244 549 libros
2286 501 2474 548 contra
2504 506 2692 547 omnes
2722 493 2958 549 hereses
3001 494 3235 565 scripsit.
3272 496 3451 552 Euno-

193 586 539 642 Britanniam
568 583 714 639 omni
757 599 894 655 pene
937 591 1202 636 armatam
1228 583 1543 653 juventute,
1581 581 1782 651 copiis-

193 692 310 748 que
334 676 664 733 militaribus
693 674 1009 744 exspoliavit
1034 715 1049 739 ,
1081 689 1201 744 quae
1228 689 1352 728 eum
1379 675 1433 728 in
1463 672 1662 728 Gallias
1692 688 1782 728 se-

195 763 382 833 cute,
422 782 697 837 nunquam
724 767 864 820 ultra
905 766 972 820 ad
1006 765 1224 820 domum
1269 765 1498 820 rediere.
1526 763 1782 820 Videntes

200 858 584 912 transmarina
611 866 803 927 gentes
839 856 1146 912 saevissima:
1187 855 1470 911 Scotorum
1502 872 1532 910 a
1573 856 1741 910 circio
1764 896 1778 920 ,

194 951 480 1005 Pictorum
506 949 574 1003 ab
595 947 870 1018 aquilone,
897 948 1212 1003 destitutam
1234 947 1400 1002 milite
1418 962 1483 1017 ac
1497 945 1782 1001 defensore

198 1039 461 1104 insulam,
501 1037 820 1101 adveniunt,
866 1045 919 1091 et
949 1045 1210 1092 vastatam
1245 1036 1615 1107 direptamque
1661 1052 1782 1090 eam

195 1129 512 1196 permultos
527 1142 696 1181 annos
709 1127 1034 1196 opprimunt.
1054 1125 1408 1195 Hieronymus
1430 1127 1712 1198 presbyter
1729 1127 1782 1180 in

198 1217 482 1273 Bethleem
500 1226 613 1272 toto
629 1217 826 1271 mundo
841 1216 1018 1271 clarus
1039 1215 1285 1281 habetur,
1301 1217 1389 1285 qui
1409 1216 1601 1270 librum
1622 1231 1782 1286 quem

200 1310 267 1363 de
285 1309 428 1363 Viris
445 1306 1010 1363 illtistribus'Ecclesize
1024 1305 1234 1369 scribit,
1251 1322 1420 1376 usque
1435 1307 1499 1361 ad
1516 1307 1782 1362 decimum

195 1409 461 1469 quartum
506 1399 674 1452 totius
708 1397 917 1468 imperii
960 1397 1244 1452 Theodosii
1277 1412 1476 1451 annum
1519 1396 1780 1466 perducit.

199 1487 672 1558 Gentium‘templa
701 1503 794 1557 per
809 1496 980 1542 totum
1006 1488 1214 1552 orbem,
1233 1485 1456 1555 jubente
1481 1486 1782 1542 Theodosio

198 1580 618 1641 subvertantur,
661 1592 723 1631 ac
745 1591 842 1646 pro
883 1576 962 1631 eis
985 1575 1186 1630 Christi
1213 1576 1407 1646 templa
1439 1575 1638 1645 ubique
1683 1577 1783 1630 mi-

198 1680 348 1724 cant.
378 1669 481 1723 Per
511 1669 654 1723 idem
683 1677 899 1738 tempus
925 1665 1149 1722 Joannis
1196 1667 1522 1721 anachoreta
1555 1667 1782 1734 insignis

157 1831 164 1835 υ
199 1764 418 1817 claruit.
449 1761 546 1830 Qui
577 1763 741 1816 etiam
767 1761 1072 1817 Theodosio
1103 1761 1407 1816 consulenti
1439 1761 1506 1816 de
1535 1761 1776 1830 Eugenio

1885 585 2023 640 mius
2051 585 2263 641 Ariaua:
2289 587 2456 657 partis
2479 627 2492 649 ,
2517 585 2815 657 Cizycenus
2837 588 3138 659 episcopus,
3165 605 3456 662 erumpens

1883 676 1936 730 in
1968 676 2378 747 blasphemiam,
2409 677 2620 748 publice
2647 679 2788 747 quod
2813 679 2998 734 Ariani
3023 689 3289 744 texerant,
3318 683 3451 738 fate-

1883 773 1988 820 tur.
2015 765 2332 821 Tiberianus
2381 767 2632 832 Beticus,
2681 775 2918 823 sectator
2953 767 3305 836 Priscilliani,
3337 783 3459 842 post

1883 869 2101 910 suorum
2133 856 2332 911 eadem
2371 857 2528 912 taedio
2557 859 2730 914 victus
2772 859 2946 915 exsilii
2971 899 2987 923 ,
3018 869 3078 915 ut
3097 863 3248 916 canis
3277 877 3460 918 rever-

1882 960 1975 1001 sus
1999 947 2067 1001 ad
2095 946 2353 1000 vomitum
2383 961 2563 1013 suum,
2590 948 2755 1003 tiliam
2785 949 3035 1006 devotam
3059 951 3274 1008 Christo
3301 954 3462 1026 virgi-

1883 1052 2005 1092 nem
2040 1037 2386 1092 matrimonio
2406 1039 2692 1108 copulavit.

1954 1125 2103 1197 [HO]
2148 1126 2419 1182 Honorius
2455 1143 2578 1182 cum
2615 1129 2918 1186 Theodosio
2959 1132 3221 1188 minorem
3271 1134 3460 1190 fratris

1883 1220 1966 1273 sui
2014 1217 2124 1273 lilio
2147 1258 2160 1282 ,
2205 1218 2362 1273 annis
2389 1219 2713 1288 quindecim.
2736 1221 3006 1279 Honorius
3040 1226 3350 1295 imperator,
3383 1228 3464 1281 vi-

1883 1313 2016 1368 dens
2063 1311 2326 1382 oppositis
2355 1313 2598 1381 tyrannis
2649 1313 2722 1367 nil
2766 1314 3026 1370 adversus
3073 1315 3334 1372 barbaros
3373 1319 3460 1388 agi

1880 1416 2072 1472 posse,
2118 1401 2262 1472 ipsos
2291 1401 2442 1471 prius
2466 1409 2722 1473 tyrannos
2751 1405 2913 1460 deleri
2935 1407 3109 1476 jubet.
3138 1407 3460 1464 Constantio
3557 1480 3561 1484 ν

1881 1494 2066 1549 comiti
2104 1494 2262 1564 hujus
2293 1493 2416 1548 belli
2464 1510 2674 1549 summa
2716 1498 3004 1552 commissa
3052 1507 3173 1565 est,
3209 1503 3301 1571 qui
3350 1503 3463 1572 pri-

1880 1602 2026 1642 mum
2075 1586 2128 1640 in
2168 1585 2394 1641 Galliam
2427 1587 2701 1656 profectus
2731 1606 2850 1646 cum
2895 1594 3161 1661 exercitu,
3195 1594 3460 1652 Constan-

1882 1677 2049 1730 tinum
2077 1676 2452 1746 imperatorem
2479 1680 2618 1748 apud
2652 1681 2905 1738 Arelaten
2937 1683 3216 1739 civitatem
3241 1684 3458 1751 clausit,

1879 1769 2043 1838 cepit,
2086 1767 2301 1824 occidit.
2349 1765 2696 1825 Constantem
2737 1771 3076 1828 Constantini
3132 1775 3298 1830 lilium
3329 1775 3458 1830 Hie-

202 1865 459 1924 tyranno,
505 1853 784 1908 victoriam
818 1851 895 1906 illi
948 1851 1212 1920 praedixit.
1275 1852 1538 1906 Damasus
1592 1851 1776 1906 Roma:
1808 1851 1849 1909 Β
1879 1858 2088 1912 rontius
2115 1875 2296 1917 comes
2324 1878 2474 1927 suus,
2507 1870 2566 1914 ut
2606 1876 2838 1931 nequam
2869 1865 3038 1933 magis
3067 1880 3228 1934 quam
3258 1867 3459 1935 probus

199 1949 348 2004 urbis
392 1949 675 2019 episcopus
699 1988 714 2013 ,
754 1947 972 2020 elegans
1015 1949 1067 2002 in
1104 1947 1352 2003 versibus
1395 1949 1780 2018 componendis

195 2042 471 2111 ingenium
521 2041 750 2104 habuit,
799 2049 854 2095 et
898 2055 1064 2110 prope
1101 2039 1479 2109 octogenarius
1530 2040 1776 2094 moritur.

194 2131 529 2200 Apollinaris
579 2131 864 2202 episcopus
907 2130 1244 2186 Laodicenus
1291 2129 1464 2202 Syria:
1489 2170 1503 2195 ,
1542 2131 1595 2184 in
1633 2129 1780 2184 Scri-

193 2221 370 2289 pturis
415 2235 523 2275 non
573 2236 765 2290 parum
818 2221 1138 2284 instructus,
1177 2234 1207 2274 a
1238 2235 1345 2290 quo
1383 2219 1780 2289 Apollinaristze

193 2308 445 2363 feruntur
475 2310 755 2364 nominati.
784 2309 1040 2364 Patianus
1065 2311 1118 2363 in
1138 2309 1379 2382 Pyrenaei
1409 2309 1554 2381 jugis
1580 2311 1780 2365 Barcil-

195 2402 316 2454 Ione
351 2401 639 2472 episcopus
670 2402 872 2471 optima
900 2411 1179 2457 senectute
1226 2402 1474 2468 moritur,
1503 2404 1780 2471 castigata}

193 2495 517 2565 eloquentiae
542 2537 558 2560 ,
587 2506 696 2550 tam
729 2496 837 2549 vita
869 2509 1030 2564 quam
1063 2509 1314 2549 sermone
1355 2493 1553 2548 clarus.
1595 2493 1778 2548 Photi-

199 2601 304 2641 nus
331 2586 401 2640 de
426 2585 767 2656 Ga'llogrmcia
809 2584 1044 2640 Marcelli
1095 2584 1393 2654 discipulus
1438 2583 1619 2654 Syrini
1661 2585 1778 2652 epi-

200 2689 402 2745 scopus
424 2691 454 2729 a
486 2673 852 2730 Valentiniano
892 2675 1076 2746 pulsus
1105 2674 1348 2729 Ecclesia
1372 2715 1388 2739 ,
1406 2674 1640 2729 'Ebionis
1667 2675 1778 2728 ine-

198 2765 348 2819 resin
411 2765 707 2822 instaurare
763 2773 1011 2820 conatur.
1070 2765 1330 2836 Bydimus
1381 2763 1778 2820 Alexandrinus

191 2857 370 2912 oculis
406 2868 594 2928 captus
618 2899 633 2925 ,
663 2867 717 2914 et
744 2857 816 2912 ob
851 2858 904 2912 id
939 2858 1326 2913 elementorum
1367 2871 1578 2927 quoque
1629 2855 1779 2927 igna-

195 2963 315 3000 rmn
343 2988 358 3010 ,
417 2957 630 3002 tantum
683 2947 999 3002 miraculum
1029 2946 1111 3002 sui
1139 2947 1391 3002 omnibus
1423 2947 1681 3016 prwbuit,
1719 2954 1779 3000 ut

193 3039 536 3094 dialecticam
564 3055 778 3110 quoque
821 3048 877 3094 et
907 3038 1257 3110 geometriam
1283 3053 1402 3108 quae
1438 3036 1523 3092 vel
1547 3038 1779 3094 maxime

194 3132 310 3184 visu
343 3132 674 3202 indigerent,
710 3147 880 3201 usque
901 3132 967 3185 ad
994 3129 1294 3201 perfectum
1323 3129 1592 3184 didicerit.

1879 1949 2019 2017 apud
2051 1950 2308 2006 Viennam
2342 1951 2630 2014 interfecit,
2671 1962 2832 2022 atque
2878 1954 2929 2007 in
2964 1953 3080 2022 ejus
3128 1955 3304 2010 locum
3350 1956 3460 2010 Ma-

1879 2041 2081 2096 ximum
2107 2045 2392 2112 quemdam
2425 2045 2702 2099 substituit
2731 2061 2745 2110 ;
2780 2045 2892 2114 ipse
2930 2061 3060 2100 vero
3090 2045 3400 2103 Hierontius
3426 2064 3459 2102 a

1879 2132 1990 2186 suis
2020 2133 2279 2190 militibus
2304 2145 2388 2190 est
2409 2135 2638 2190 occisus.
2674 2135 2938 2190 Maximus
2967 2146 3162 2193 exutus
3197 2154 3459 2209 purpura,

1878 2220 2166 2279 destitutus
2206 2241 2236 2278 a
2269 2226 2527 2281 militibus
2582 2225 2872 2280 Gallicanis
2916 2227 3062 2280 inter
3092 2227 3350 2283 barbaros
3401 2230 3457 2284 in

1879 2309 2133 2380 Hispania
2165 2328 2332 2384 egens
2357 2315 2639 2368 exsulavit.
2672 2314 2894 2370 Jovinus
2926 2316 3009 2369 vir
3028 2315 3324 2372 Galliarum
3357 2335 3455 2374 no-

1876 2401 2176 2458 bilissimas
2203 2404 2256 2458 in
2286 2405 2626 2474 tyrannidem
2657 2421 2779 2462 mox
2807 2416 2866 2461 ut
2891 2409 3214 2475 assurrexit,
3238 2411 3456 2466 cecidit.

1879 2491 2232 2550 Sebastianus
2257 2495 2426 2550 frater
2470 2496 2591 2566 ejus
2619 2499 2876 2553 continuo
2921 2507 2978 2553 ut
3009 2508 3225 2555 creatus
3247 2502 3462 2558 occisus

1877 2596 1960 2642 est
1987 2603 2002 2652 ;
2033 2587 2281 2644 Alaricus
2309 2589 2489 2645 Attalo
2528 2591 2853 2660 imperatore
2910 2593 3072 2655 facto,
3125 2591 3341 2655 infecto,
3373 2611 3459 2650 re-

1879 2676 2042 2739 fectu,
2080 2691 2144 2732 ac
2197 2677 2424 2741 defecto,
2496 2679 2656 2735 citius
2695 2681 2780 2735 his
2833 2680 3082 2734 omnibus
3131 2697 3270 2751 pene
3296 2699 3458 2753 quam

1879 2764 2056 2828 dictis,
2092 2781 2191 2822 ceu
2225 2767 2424 2824 mimus
2475 2768 2644 2823 risum
2673 2777 2730 2823 et
2784 2768 2966 2822 ludum
2993 2772 3335 2840 exspectavit
3360 2773 3461 2827 im-

1878 2861 2034 2931 perii,
2059 2862 2214 2933 cujus
2248 2863 2336 2919 ille
2362 2865 2666 2920 umbratilis
2725 2867 2933 2921 consul.
2987 2866 3258 2925 Tertullus
3294 2886 3460 2927 ausus

1879 2958 1965 3004 est
1993 2951 2045 3006 in
2073 2952 2220 3006 curia
2241 2953 2420 3008 dicere
2450 2953 2714 3024 :-Loquar
2755 2955 2930 3021 vobis,
2983 2958 3169 3012 consul
3199 2967 3252 3014 et
3280 2962 3460 3030 ponti-

1880 3037 1991 3104 fex,
2023 3055 2252 3110 quorum
2275 3040 2502 3096 alterum
2527 3043 2638 3114 jam
2673 3052 2846 3109 teneo,
2893 3045 3124 3100 alterum
3153 3063 3330 3118 spero.
3364 3051 3460 3103 At.

1882 3131 2023 3186 talus
2051 3131 2237 3202 itaque
2256 3133 2695 3202 tanquam-inane
2724 3133 2936 3203 imperii
2967 3137 3312 3193 simulacrum
3335 3156 3458 3194 cum

259 3221 419 3294 [596]
451 3223 714 3278 Arcadius
746 3222 886 3276 filius
906 3221 1192 3276 Theodosii
1223 3236 1346 3276 cum
1373 3220 1542 3276 fratre
1591 3219 1772 3276 Hono-
1802 3204 1846 3266 (ἶ
1877 3223 2260 3294 Gothisusque
2292 3225 2360 3278 ad
2408 3222 2696 3294 Hispanias
2745 3234 2990 3294 portatus
3035 3236 3136 3282 est.
3181 3228 3333 3284 Unde
3361 3231 3460 3284 de-

194 3314 275 3365 rio
301 3353 317 3377 ,
351 3314 510 3368 annis
549 3313 977 3382 quatuordecim.
1023 3311 1348 3368 Sanctorum
1375 3312 1774 3382 prophetarum

193 3419 424 3474 corpora
452 3404 670 3460 Abacuc
701 3414 755 3460 et
783 3403 1018 3459 Michmze
1067 3403 1247 3457 divina
1288 3403 1615 3460 revelatione
1659 3417 1775 3457 ma-

193 3495 544 3550 nifestantur.
570 3495 932 3560 Innocentius,
963 3493 1144 3548 Roma:
1175 3493 1482 3563 episcopus,
1509 3493 1778 3548 dedicavit

192 3588 476 3641 basilicam
531 3588 968 3642 beatissimorum
1025 3596 1324 3656 martyrum
1383 3585 1651 3639 Prothasii
1723 3595 1778 3639 et

193 3677 474 3742 Cervasii,
524 3693 589 3731 ex
637 3678 922 3732 devotione
953 3676 1258 3732 testamenti
1301 3675 1581 3746 cujusdam
1629 3675 1778 3729 illus-

199 3767 452 3821 trissimus
513 3766 724 3822 feminae
787 3767 1036 3822 Vestinae.
1112 3765 1405 3821 Mamertus
1456 3764 1777 3821 Viennensis

198 3860 483 3929 cpiscopus
515 3859 908 3930 insignissimus
943 3858 1190 3923 habetur,
1239 3858 1330 3928 qui
1368 3858 1508 3911 inter
1535 3856 1638 3911 alia
1672 3855 1774 3910 mi-

200 3949 386 4014 ritica,
436 3949 504 4003 ob
555 3950 924 4004 imminentem
965 3949 1172 4004 cladem
1221 3957 1346 4002 ante
1394 3949 1776 4004 Ascensionem

201 4039 413 4106 Domini
459 4039 725 4094 solemnes
767 4038 1000 4092 instituit
1043 4037 1279 4092 litanias.
1312 4035 1576 4091 Martinus
1605 4036 1778 4090 Turo-

201 4146 394 4184 norum
426 4131 709 4200 episcopus
751 4130 1007 4194 moritur;
1040 4130 1279 4184 Donatus
1309 4127 1457 4199 Epiri
1487 4129 1774 4198 episcopus

199 4221 494 4274 virtutibus
545 4221 765 4291 insignis
814 4230 898 4274 est
950 4219 1185 4274 habitus.
1220 4220 1320 4287 Qui
1361 4220 1652 4274 draconem
1695 4219 1776 4272 in-

198 4319 416 4380 gentem
461 4323 728 4380 exSpuens
783 4310 836 4364 in
894 4324 957 4364 os
999 4308 1116 4376 ejus
1163 4309 1394 4374 necavit,
1443 4322 1605 4376 quem
1653 4316 1776 4362 octo

192 4403 323 4472 juga
371 4403 533 4456 boum
585 4401 651 4455 ad
703 4401 877 4456 locum
921 4401 1185 4466 incendii,
1234 4415 1300 4455 ne
1342 4414 1522 4455 aerem
1552 4399 1776 4468 putredo

198 4497 318 4561 ejus
359 4503 754 4563 corrumperet,
785 4493 872 4546 vix
913 4495 1132 4548 trahere
1178 4501 1484 4563 potuerunt.
1519 4491 1775 4547 Clodione

199 4600 330 4655 rege
374 4584 650 4649 defuncto,
686 4586 776 4654 qui
828 4584 1016 4655 viginti
1071 4585 1229 4639 annis
1263 4584 1488 4639 Francis
1535 4584 1777 4654 regnavit

198 4677 486 4730 Meroveus
533 4676 822 4738 successit,
853 4689 884 4727 a
913 4690 1020 4743 quo
1048 4674 1379 4729 Francorum
1417 4688 1567 4745 reges
1611 4672 1779 4728 Mero-

197 4769 349 4838 vingi
386 4761 521 4822 sunt
539 4769 808 4838 appellati.
843 4767 998 4822 Metis
1025 4784 1056 4820 a
1080 4767 1304 4822 Francis
1328 4783 1608 4832 succensa,
1637 4766 1774 4821 Tre-

194 4875 361 4913 veros
386 4859 678 4924 destructa;
714 4859 907 4913 Franci
937 4875 1108 4928 usqtte
1133 4859 1406 4912 Aureliam
1433 4857 1773 4927 perveniunt.

194 4953 332 5008 Post
354 4953 656 5008 Meroveum
685 4952 1018 5007 Childericus
1050 4965 1271 5020 regnum
1311 4951 1550 5020 adeptus,
1583 4964 1778 5018 regna-

197 5043 278 5095 vit
301 5043 458 5096 annis
485 5043 668 5113 viginti
699 5052 949 5112 quatuor.
976 5041 1072 5096 Cui
1101 5041 1365 5095 successit
1395 5039 1730 5094 Chlodoveus
1755 5079 1770 5102 ,

197 5132 295 5200 qui
323 5132 529 5200 primus
561 5148 655 5186 rex
679 5131 1010 5187 Francorum
1041 5130 1384 5185 Christianus
1414 5131 1584 5182 factus
1612 5139 1716 5192 est,
1745 5145 1774 5182 a

199 5221 366 5274 beato
402 5221 644 5292 Remigio
686 5221 1017 5276 Rhemorum
1066 5220 1316 5290 episcopo
1385 5221 1683 5274 instructus
1720 5231 1776 5281 et

199 5312 509 5380 baptizatus
535 5328 656 5367 cum
685 5312 881 5383 populo
913 5326 1029 5366 suo.
1060 5310 1219 5365 Gothi
1255 5310 1460 5364 Italiam
1485 5349 1499 5373 ,
1528 5307 1774 5364 Wandali

198 5410 368 5470 atque
387 5402 538 5457 Alani
561 5402 762 5458 Gallias
790 5403 1191 5472 aggrediuntur.
1216 5401 1546 5471 Augustinus
1575 5402 1777 5471 episeo-

199 5509 306 5562 pus
351 5493 706 5568 Hipponensis
751 5495 978 5550 scientia
1053 5504 1212 5564 atque
1255 5494 1498 5548 doctrina
1546 5493 1777 5564 insignis

202 5585 454 5639 habetur.
501 5585 738 5639 Joannes
781 5600 996 5654 quoque
1034 5583 1658 5653 Constantinopolitanus
1722 5591 1778 5638 et

203 5672 532 5744 Theophilus
548 5675 938 5728 Alexandrinus
965 5673 1196 5728 illustres
1222 5672 1455 5742 episcopi
1480 5672 1776 5741 praedican-

205 5773 310 5818 tur.
355 5765 684 5836 Epiphanius
709 5765 998 5819 Salaminae
1023 5765 1325 5834 episcopus,
1377 5764 1468 5834 qui
1501 5763 1640 5819 inter
1669 5763 1771 5818 alia

791 5967 816 5985 ο

1879 3319 2143 3374 scendens
2169 3318 2288 3372 navi
2344 3319 2398 3372 in
2443 3318 2578 3372 mari
2625 3327 2836 3388 captus,
2886 3328 2940 3374 et
2973 3320 3037 3374 ad
3083 3320 3456 3378 Constantium

1875 3409 2128 3464 comitem
2150 3407 2425 3470 deductus,
2459 3407 2582 3462 inde
2611 3405 2851 3462 Honorio
2903 3408 3213 3478 imperatori
3243 3411 3451 3464 exhibi-

1879 3511 1983 3565 tus,
2015 3507 2260 3554 truncata
2287 3514 2469 3562 manu,
2501 3499 2626 3553 vitae
2655 3499 2872 3554 relictus
2898 3509 3001 3554 est.

1948 3587 2299 3643 Heraclianus
2330 3585 2526 3640 Africa:
2550 3602 2750 3646 comes.
2795 3587 2968 3642 elatus
3020 3590 3328 3658 supercilio,
3360 3590 3459 3643 Sa-

1876 3675 2061 3730 binum
2088 3674 2443 3730 domesticum
2472 3689 2653 3738 suum,
2709 3675 2884 3729 virum
2919 3677 3132 3747 ingenio
3165 3679 3458 3734 industria-

1877 3781 1983 3836 que
2009 3765 2259 3820 solertem
2287 3779 2543 3836 generum
2568 3763 2770 3834 allegit,
2817 3773 2980 3836 atque
3029 3767 3337 3836 aliquandiu
3362 3771 3456 3823 Af-

1879 3857 2059 3910 ricana
2090 3870 2299 3909 annona
2320 3863 2474 3909 extra
2526 3855 2768 3909 ordinem
2821 3855 3056 3921 detenta,
3086 3859 3299 3914 tandem
3330 3876 3454 3914 cum

1879 3947 2142 4002 immensa
2169 3945 2303 4000 satis
2336 3944 2743 4014 incredibilique
2769 3946 2945 4001 classe
2989 3949 3202 4018 navigio
3225 3949 3452 4004 Romam

1877 4038 2173 4092 contendit.
2201 4036 2334 4090 Nam
2364 4035 2618 4090 habuisse
2649 4037 2752 4090 tria
2782 4037 2944 4091 millia
2985 4040 3319 4111 septingenta
3352 4057 3453 4095 na-

1878 4145 1974 4184 ves
2003 4129 2236 4193 dicitur;
2269 4143 2428 4198 quem
2459 4143 2741 4182 nmnerum
2769 4143 2870 4182 nec
2922 4128 3178 4195 Xerxem,
3211 4145 3311 4185 nec
3341 4131 3458 4187 Ale-

1879 4220 2143 4274 xandrum
2167 4218 2436 4290 Magnum,
2469 4217 2550 4273 vel
2575 4233 2901 4288 quemquam
2950 4219 3114 4274 alium
3146 4237 3332 4292 regum
3361 4223 3457 4277 lia-

1878 4311 2059 4366 buisse
2089 4309 2330 4364 historiae
2359 4307 2618 4364 referunt.
2678 4307 2783 4363 Sed
2835 4309 3013 4364 littore
3064 4325 3314 4381 egressus
3365 4328 3458 4368 oc-

1880 4415 2040 4456 cursu
2083 4399 2275 4453 Marini
2317 4399 2532 4454 comitis
2582 4399 2825 4465 territus,
2877 4409 3089 4468 arrepta
3139 4402 3261 4455 navi
3311 4401 3457 4458 solus

1878 4489 2258 4557 Carthaginem
2284 4487 2464 4552 rediit,
2499 4487 2680 4557 ibique
2715 4488 2975 4542 continuo
3027 4489 3247 4543 militari
3289 4506 3452 4546 manu

1879 4580 2194 4636 interfectus
2242 4588 2345 4635 est.
2397 4578 2632 4634 Sabinus
2687 4593 2852 4647 gener
2901 4581 3036 4650 ejus,
3079 4581 3456 4638 Constantiano-

1878 4674 2022 4744 polin
2051 4672 2223 4744 fugit;
2258 4671 2397 4726 unde
2415 4678 2540 4742 post
2581 4670 2974 4740 aliquantulum
3029 4681 3238 4743 tempus
3284 4684 3456 4728 retra-

1877 4773 2018 4826 ctus,
2047 4762 2238 4816 exsilio
2267 4762 2551 4816 damnatus
2568 4769 2652 4815 est
2676 4776 2690 4824 ;
2732 4776 2796 4815 ac
2842 4761 2941 4826 sic,
2985 4761 3275 4831 adjuvante
3300 4763 3456 4818 Chri-

1877 4863 1980 4918 sto,
2017 4869 2118 4923 pax
2149 4863 2203 4908 et
2232 4853 2429 4917 unitas,
2463 4866 2560 4922 per
2582 4852 2888 4906 universam
2936 4852 3172 4907 Africam
3201 4853 3456 4909 Ecclesia)

1879 4945 2155 5000 catholicm
2189 4944 2392 4999 reddita
2421 4951 2524 4998 est.
2559 4942 2795 4997 Marinus
2828 4958 3011 4998 comes
3052 4946 3192 5014 apud
3226 4946 3454 5000 Cartha-

1882 5039 2078 5108 ginem,
2112 5036 2382 5106 inceptnm
2411 5034 2527 5089 zelo
2551 5035 2879 5099 stimulatus,
2905 5050 2971 5089 an
2995 5049 3128 5090 auro
3145 5047 3449 5106 corruptus,

1883 5125 2246 5180 Marcellinum
2282 5124 2572 5185 tribunum,
2610 5123 2784 5176 virum
2823 5125 3090 5194 imprimis
3133 5127 3450 5194 prudentem

1883 5226 1934 5269 et
1957 5214 2283 5269 industrium
2323 5212 2539 5267 occidit.
2591 5211 2693 5277 Qui
2741 5213 2997 5266 continuo
3049 5223 3332 5268 revocatus
3384 5229 3450 5268 ex

1885 5307 2084 5372 Africa,
2119 5305 2398 5374 factusque
2448 5304 2709 5374 privatus,
2759 5306 2842 5359 vel
2882 5308 2947 5361 ad
2975 5321 3215 5377 ptenam,
3262 5307 3344 5362 vel
3382 5308 3450 5361 ad

1883 5401 2255 5470 pamitentiam
2281 5397 2623 5451 conscientia:
2658 5412 2769 5451 suae
2795 5397 3048 5454 dimissus
3074 5407 3174 5453 est.
3203 5397 3451 5452 Alaricus

1881 5506 1973 5545 rex
2003 5490 2298 5544 Gothorum
2345 5487 2568 5541 Romam
2611 5489 2822 5548 invasit.
2855 5497 3168 5557 partemque
3195 5487 3311 5556 ejus
3333 5502 3452 5541 (ει-θ-
3515 5477 3518 5480 ’

1882 5580 2046 5635 mavit
2075 5579 2320 5634 incendio
2346 5592 2488 5632 nono
2528 5577 2752 5631 Kalend.
2786 5577 3080 5646 Septemb.,
3109 5591 3254 5630 anno
3271 5577 3453 5632 condi-

1884 5670 2045 5725 tionis
2073 5670 2188 5738 ejus
2216 5668 2500 5723 millesimo
2549 5668 2865 5733 centesimo,
2895 5667 3229 5734 sexagesimo
3258 5677 3452 5736 quarto

1886 5762 2104 5820 Honorii
2131 5761 2338 5832 imperii
2368 5776 2526 5817 anno.
2559 5760 2650 5814 Sic
2680 5759 2840 5814 tertio
2871 5758 2967 5822 die
2992 5773 3153 5827 quam
3179 5757 3454 5831 ingressus
