4024 6362
552 315 621 372 99
1535 310 1596 367 S.
1637 307 1890 365 ΑΙ)οΝιὸ
1930 307 2362 366 AHCHIEPISC.
2406 310 2806 367 VIENNENSIS

3709 312 3811 367 100

551 431 729 486 l'uerat
745 427 1048 499 depraedata
1068 426 1203 483 urbe
1226 438 1482 497 egressus
1501 431 1605 479 est.
1635 422 1763 477 lude
1784 420 1945 479 Gothi
1976 421 2030 475 in
2052 421 2133 476 Si-
2160 429 2208 488 Α
2236 424 2515 495 dejiciunt.
2550 423 2748 479 lterum
2780 432 2969 496 petunt
2995 425 3237 480 Britanni
3288 425 3486 481 auxilia
3535 426 3808 482 Romano-

550 523 729 580 ciliam
753 521 982 576 transire
1002 521 1206 583 conati,
1232 520 1284 573 in
1305 524 1596 586 conspectu
1617 529 1836 569 suorum
1854 514 2128 569 miserabi-

549 615 676 671 liter
691 614 892 683 arrepti
915 622 971 668 et
994 611 1228 669 demersi
1254 618 1397 667 sunt.
1418 607 1636 662 Alarico
1656 596 1940 661 A’tavulfus
1966 606 2020 661 in
2042 621 2130 661 re-
2170 614 2177 621 '

549 721 671 778 gem
689 706 879 761 Gothis
905 704 1163 769 succedit,
1179 703 1270 772 qui
1293 700 1585 757 Placidiam
1599 699 1869 768 captivam
1885 712 2127 753 sororem

548 796 889 866 imperatoris
937 794 991 848 in
1022 807 1245 848 uxorem
1280 791 1591 859 assumpsit.
1640 788 1690 843 ls
1721 789 1854 844 satis
1884 789 2129 843 studiose

545 894 785 942 sectator
804 884 974 953 pacis,
1003 882 1236 936 militare
1274 879 1506 937 ﬁdeliter
1545 877 1786 932 Honorio
1817 875 2128 946 imperatori

545 974 881 1047 praeoptavit.
919 971 1167 1025 Placidiae
1195 970 1382 1023 uxoris
1402 983 1534 1033 suae,
1566 966 1779 1022 femina:
1819 979 1949 1020 sane
1973 964 2137 1035 inge-‘

540 1067 638 1121 nio
672 1063 975 1126 acerrimae,
1003 1069 1059 1117 et
1109 1060 1371 1131 religione
1416 1059 1554 1113 satis
1596 1057 1798 1128 probae,
1847 1055 1914 1111 ad
1944 1055 2125 1132 omnia

545 1157 807 1211 bonarum
833 1152 1239 1208 ordinationum
1292 1166 1456 1221 opera
1503 1164 1764 1220 persuasu
1802 1156 1858 1203 et
1901 1146 2127 1205 consilio

542 1253 872 1316 temperatus
893 1253 996 1301 est.
1016 1245 1065 1300 Is
1088 1244 1227 1314 apud
1254 1242 1611 1299 Barcillonem
1633 1239 1904 1309 Hispania:
1929 1238 2123 1293 urbem

540 1338 664 1393 dolo
692 1352 932 1401 suorum,
964 1345 1024 1390 ut
1053 1333 1227 1389 fertur
1249 1333 1464 1389 occisus
1489 1340 1590 1387 est.
1631 1330 1763 1386 Post
1788 1330 1931 1384 hunc
1960 1328 2125 1398 Sege-

540 1431 687 1486 ricus
710 1445 802 1486 rex
827 1446 857 1484 a
905 1428 1097 1484 Gothis
1148 1435 1386 1491 creatus,
1423 1440 1547 1481 cum
1578 1424 1761 1478 itidem
1801 1421 2004 1490 judicio
2031 1420 2123 1476 Dei

545 1521 614 1574 ad
644 1535 831 1590 pacem
888 1533 1091 1588 pronus
1119 1525 1285 1578 esset,
1338 1514 1689 1570 nihilominus
1734 1527 1765 1566 a
1797 1511 1910 1567 suis
1956 1511 2125 1567 inter-

540 1610 717 1667 fectus
743 1618 846 1665 est.
869 1609 1216 1664 Constantius
1249 1621 1431 1662 comes
1458 1607 1600 1676 apud
1640 1604 1895 1659 Arelaten
1943 1603 2124 1659 consi-

542 1712 715 1766 stens,
739 1716 1054 1771 magnarum
1088 1714 1268 1755 rerum
1305 1699 1663 1769 gerendarum
1697 1696 1986 1761 industria,
2015 1694 2122 1751 Go-

2228 530 2370 578 rum,
2412 516 2500 585 qui
2548 516 2895 571 advenientes
2938 517 3121 572 hostes
3169 526 3320 573 trans
3371 518 3541 572 maria
3591 517 3809 589 fugant,

2225 603 2633 674 conjunctisquc
2658 606 2760 661 sibi
2790 605 3066 661 Britannis
3087 622 3300 661 murum
3325 623 3548 662 saxeum
3578 609 3811 665 solidum

2227 693 2368 748 inter
2413 694 2679 759 civitates,
2710 708 2829 763 quae
2861 694 3058 748 dudum
3085 696 3154 750 ob
3178 706 3379 750 metum
3424 697 3659 751 hostium
3694 696 3812 753 fue-

2227 791 2351 836 rant
2381 780 2557 846 facta),
2587 798 2618 835 a
2643 782 2781 837 mari
2808 797 2977 851 usque
3004 783 3071 837 ad
3097 798 3247 837 mare
3276 785 3596 853 perducunt.
3631 784 3739 840 Sed
3760 795 3815 840 et

2228 872 2409 929 littore
2454 873 2735 929 Meridiani
2781 875 2973 939 maris,
3022 890 3091 929 ne
3137 874 3261 931 inde
3299 875 3528 946 irruptio
3575 876 3813 931 hostium

2229 963 2403 1027 fieret,
2431 965 2655 1019 crebras
2685 972 2864 1019 turres
2910 981 3006 1036 per
3035 966 3320 1022 intervalla
3369 968 3436 1022 ad
3469 980 3812 1038 prospectum

2227 1055 2393 1110 maris
2423 1065 2689 1110 statuunt.
2724 1055 2854 1111 Vale
2883 1058 3124 1113 dicentes
3146 1058 3329 1123 sociis,
3354 1058 3507 1127 quasi
3537 1057 3676 1112 ultra
3707 1074 3813 1113 non

2227 1145 2472 1212 redituri,
2497 1146 2807 1203 Bonifacius
2837 1146 3023 1202 Romae
3043 1149 3327 1219 episcopus
3354 1147 3481 1204 fecit
3512 1150 3814 1204 oratorium

2226 1234 2282 1289 in
2324 1229 2635 1292 coemeterio
2664 1247 2863 1293 sanctae
2906 1238 3223 1304 Felicitatis,
3272 1248 3330 1294 et
3375 1240 3591 1295 ornavit
3633 1241 3815 1312 sepul-

2224 1339 2381 1379 crum
2408 1326 2546 1395 ejus.
2574 1325 2723 1381 Fecit
2768 1335 2824 1381 et
2847 1328 3146 1382 oratorium
3195 1329 3371 1384 sancti
3416 1327 3642 1384 Joannis
3688 1346 3817 1400 apo-

2226 1415 2347 1470 stoli
2377 1454 2393 1481 ,
2441 1415 2668 1471 honesto
2716 1418 2850 1472 satis
2897 1433 3082 1488 opere.
3130 1417 3490 1491 Hieronymus
3532 1421 3816 1492 presbyter

2225 1509 2358 1564 obiit
2379 1509 2700 1566 duodecimo
2749 1510 2972 1568 Honorii
3018 1528 3179 1579 anno,
3237 1514 3409 1583 pridie
3458 1514 3683 1569 Kalend.
3711 1514 3816 1571 0c-

2226 1597 2413 1660 tobris,
2442 1615 2585 1655 anno
2614 1604 2793 1655 :etatis
2829 1617 2940 1657 suae
2983 1604 3355 1675 nonagesimo.
3404 1604 3676 1661 Macarius
3726 1606 3817 1662 ille

2224 1687 2511 1760 Egyptius
2564 1693 2865 1748 monachus
2914 1693 3085 1765 signis
3142 1702 3197 1749 et
3251 1695 3540 1752 virtutibus
3591 1697 3811 1753 claruit.

545 1793 668 1849 thos
695 1793 893 1863 quibus
918 1791 1030 1860 jam
1068 1789 1356 1846 Atavulfus
1390 1798 1641 1859 praeerat,
1694 1789 1950 1844 Placidia:
1993 1803 2125 1845 con-
2154 1775 2200 1834 Β
2229 1779 2461 1835 Severus
2515 1783 2817 1854 presbyter,
2865 1793 3221 1853 cognomento
3272 1784 3555 1856 Sulpitius,
3595 1786 3818 1857 Aquita-

533 1884 630 1953 jux
674 1901 705 1939 a
741 1884 993 1939 Narbona
1041 1884 1280 1953 expulit,
1331 1894 1494 1953 atque
1541 1883 1691 1937 abire
1720 1882 1774 1936 in
1817 1880 2128 1951 Hispaniam

539 1978 737 2046 coegit.
767 1976 1022 2047 Segerico
1055 1976 1221 2031 Vallia
1273 1975 1535 2031 successit
1560 1975 1615 2028 in
1652 1989 1877 2042 regnum
1922 1973 2127 2030 Gotho-

542 2083 661 2122 rum
689 2084 704 2133 ;
737 2070 804 2121 ad
839 2068 940 2121 hoc
986 2067 1267 2122 ordinatus
1293 2081 1326 2120 a
1363 2065 1581 2131 Gothis,
1622 2074 1682 2120 ttt
1710 2079 1895 2134 pacem
1928 2063 2124 2119 infrin-

538 2167 711 2230 geret,
734 2158 801 2213 ad
830 2159 934 2213 hoc
953 2158 1233 2213 ordinatus
1253 2172 1284 2211 a
1308 2158 1436 2221 Deo,
1460 2165 1520 2213 ut
1543 2172 1734 2226 pacem
1755 2157 2122 2223 confirmaret,

536 2249 758 2303 territus
787 2248 1020 2303 maxime
1037 2246 1242 2315 judicio
1288 2247 1383 2301 Dei
1411 2262 1425 2311 ;
1460 2248 1586 2316 quia
1632 2261 1757 2300 cum
1784 2262 1979 2316 magna
2006 2245 2119 2301 Go-

548 2340 761 2395 thorum
787 2354 979 2393 manus
1011 2339 1277 2394 instructa
1308 2338 1476 2392 armis
1520 2337 1859 2407 navigiisque
1889 2337 2126 2393 transire

543 2430 598 2485 in
624 2430 864 2485 Africam
889 2430 1187 2489 moliretur.
1214 2431 1267 2483 in
1297 2428 1581 2485 duodecim
1604 2428 1842 2483 millibus
1867 2443 2123 2498 passuum

538 2520 791 2576 Gaditani
822 2520 966 2584 freti,
999 2529 1317 2590 tempestate
1338 2528 1613 2590 correpta,
1657 2518 1951 2574 miserabili
1974 2519 2127 2575 exitu

537 2612 794 2683 perierat.
818 2610 917 2668 Hic
941 2610 1105 2665 Vallia
1129 2627 1316 2681 pacem
1340 2611 1602 2681 optimam
1624 2626 1745 2666 cum
1774 2610 2121 2680 imperatore,

537 2704 678 2759 datis
706 2702 944 2758 Honorio
968 2702 1278 2758 lectissimis
1303 2702 1581 2758 obsidibus
1610 2701 1832 2774 pepigit,
1884 2717 1951 2757 ac
1996 2701 2123 2757 Pla-

534 2794 731 2849 cidiam
760 2792 1100 2863 imperatoris
1146 2806 1388 2847 sororem
1443 2792 1740 2848 honorifice
1765 2794 1911 2864 apud
1942 2808 2002 2848 se
2030 2793 2123 2848 ho-

543 2893 802 2953 nesteque
850 2884 1091 2938 habitam
1139 2882 1292 2936 fratri
1340 2882 1594 2937 reddidit.
1643 2883 1758 2939 Hac
1801 2891 2123 2952 tempestate

536 2973 786 3045 Pelagius
828 2974 1087 3028 adversus
1135 2973 1336 3027 Christi
1391 2972 1619 3043 gratiam
1663 2975 1868 3030 erroris
1916 2973 2000 3029 sui
2026 2974 2123 3029 tio-

536 3072 719 3134 gmata
741 3063 1034 3134 praedicat;
1085 3062 1152 3117 ad
1176 3060 1330 3131 cujus
1373 3062 1904 3128 condemnationem,
1933 3063 2119 3119 conci-

2229 1870 2363 1924 nicte
2392 1872 2702 1940 provinciae,
2734 1872 2818 1927 vir
2837 1888 3034 1944 genere
3059 1883 3115 1928 et
3137 1873 3331 1929 litteris
3363 1876 3578 1942 nobilis,
3602 1888 3656 1931 et
3680 1894 3816 1947 pau-

2225 1961 2454 2032 pertatis
2478 1977 2662 2017 amore
2686 1965 3030 2033 conspicuus,
3056 1965 3259 2021 charus
3305 1966 3468 2019 etiam
3501 1975 3815 2021 sanctorum

2226 2054 2604 2125 episcoporum
2632 2056 2848 2111 Martini
2882 2056 3214 2112 Turonensis
3258 2069 3313 2112 et
3339 2056 3544 2113 Paulini
3598 2057 3814 2122 Nolani,

2227 2147 2475 2199 moritur.
2509 2144 2688 2200 Hicin
2714 2154 2994 2202 senectute
3023 2161 3119 2201 sua
3141 2162 3173 2201 a
3200 2146 3503 2218 Pelagianis
3529 2148 3814 2218 deceptus,

2226 2243 2282 2290 et
2306 2249 2604 2306 agnoscens
2631 2234 2973 2306 loquacitatis
2995 2237 3229 2308 culpam,
3252 2238 3524 2293 silentium
3548 2253 3725 2308 usque
3749 2240 3815 2294 ad

2229 2334 2460 2382 mortem
2498 2328 2692 2395 tenuit,
2721 2336 2781 2382 ut
2810 2338 3095 2397 peccatum
3131 2330 3275 2399 quod
3298 2330 3566 2398 loquendo
3592 2340 3816 2385 contra-

2224 2425 2381 2472 xerat
2432 2419 2661 2473 tacendo
2714 2420 2931 2490 penitus
2959 2420 3296 2475 emendaret.
3339 2419 3668 2476 Severianus
3704 2419 3812 2475 Ga-

2225 2507 2468 2564 balensis
2494 2509 2782 2581 episcopus
2823 2510 2875 2564 in
2908 2510 3105 2565 divinis
3133 2509 3429 2581 Scripturis
3456 2512 3733 2575 eruditus,
3764 2520 3817 2566 et

2227 2599 2567 2655 declamator
2618 2601 2953 2656 admirabilis
3001 2600 3119 2656 fuit.
3177 2601 3330 2658 Unde
3387 2600 3701 2671 frequenter
3748 2602 3814 2656 ab

2224 2689 2476 2760 episcopo
2509 2688 2717 2745 Joanne
2746 2699 2801 2744 et
2842 2690 3171 2761 imperatore
3198 2692 3450 2758 Arcadio,
3490 2693 3557 2748 ad
3610 2694 3817 2749 facien-

2225 2779 2351 2833 dum
2386 2795 2693 2835 sermonem
2746 2779 3270 2851 Constantinopolim
3299 2784 3651 2839 evocabatur.
3712 2783 3815 2839 Hic

2217 2867 2491 2941 juniorem
2532 2871 2987 2928 Theodosium‘ex
3010 2888 3168 2930 sacro
3191 2873 3339 2931 fonte
3364 2878 3622 2946 suscepit,
3655 2876 3813 2946 cujus

2223 2967 2279 3014 et
2308 2968 2547 3030 tempore
2569 2961 2817 3016 moritur.

2295 3048 2446 3123 [425]
2475 3051 2809 3108 Theodosius
2836 3054 3014 3109 minor
3052 3053 3271 3111 Arcadii
3322 3055 3486 3124 filius,
3517 3058 3646 3113 anni
3673 3075 3813 3131 qua-

535 3117 832 3224 riumapud
854 3117 1260 3225 Carthaginem.
1287 3152 1645 3210 ducentorum
1692 3117 2118 3224 deccm’etqun-
2148 3117 2193 3179 δ
2224 3117 2348 3196 tuor
2413 3117 2468 3198 et
2523 3142 2735 3213 viginti.
2790 3144 3197 3200 Valentinianus
3250 3146 3437 3217 junior
3507 3117 3813 3205 Constantii

536 3254 660 3301 tuor
682 3245 1058 3314 episcoporum
1085 3251 1466 3313 congregatur.
1510 3242 1744 3312 Cyrillus
1781 3242 2121 3299 Alexandriae

454 3328 465 3333 ’
534 3336 843 3406 episcopus,
868 3334 1099 3405 insignis
1134 3342 1218 3390 est
1256 3334 1509 3400 habitus;
1542 3333 1818 3389 Lucianus
1840 3334 2120 3407 presbyter

536 3427 755 3495 scripsit
780 3424 1163 3480 revelatiouem
1212 3424 1355 3480 beati
1385 3428 1803 3495 protomartyris
1833 3424 2115 3496 Stephani,

535 3534 699 3590 quam
735 3517 1063 3573 eirevelavit
1121 3516 1263 3572 Deus
1304 3517 1538 3587 scptimo
1591 3516 1812 3572 Honorii
1857 3517 2118 3588 principis

533 3625 702 3675 anno,
726 3625 791 3665 ac
810 3607 1119 3665 Gamalielis
1141 3617 1197 3664 et
1226 3607 1502 3664 Nicodemi
1532 3609 1624 3680 qui
1654 3609 1707 3664 in
1736 3608 2028 3680 Evangelia
2061 3617 2120 3665 et

532 3702 590 3757 in
615 3702 844 3757 Actibus
894 3701 1262 3772 apostolon
1310 3700 1581 3772 leguntur.
1648 3701 1878 3772 Scripsit
1933 3710 2116 3758 autem

529 3807 652 3847 eam
678 3792 866 3848 Graeco
905 3806 1158 3849 sermone
1205 3792 1274 3846 ad
1320 3807 1607 3861 personam
1635 3794 1879 3848 omnium
1931 3792 2119 3850 Eccle-

426 3872 431 3877 ’
531 3881 754 3936 siarum.
782 3880 955 3948 Quam
981 3881 1364 3936 revelationem
1389 3881 1600 3953 .Avitus
1619 3882 1928 3952 presbyter,
1953 3882 2115 3939 homo

532 3972 825 4041 Hispanus,
858 3971 911 4025 in
939 3971 1190 4025 Latinum
1239 3971 1404 4025 vertit
1455 3971 1753 4042 eloquium,
1801 3981 1857 4028 et
1906 3973 2116 4045 adjecta

531 4061 762 4132 epistola
787 4076 885 4115 sua
909 4075 1008 4129 per
1029 4058 1280 4116 Orosium
1306 4061 1700 4132 presbyterum,
1741 4062 1833 4132 qui
1856 4064 2057 4120 missus
2081 4079 2113 4119 a

530 4155 692 4210 beato
711 4152 1013 4223 Augustino
1042 4153 1110 4208 ad
1157 4161 1403 4209 salictum
1453 4153 1842 4225 Hieronymum
1889 4171 1988 4226 pro
2033 4156 2116 4211 di-

530 4245 728 4300 scenda
756 4244 953 4299 anima:
1001 4245 1226 4311 ratione,
1262 4245 1334 4300 ad
1371 4245 1492 4302 loca
1544 4256 1729 4302 sancta
1767 4257 2109 4317 pervenerat,

528 4333 950 4391 occidentalibus
977 4334 1164 4389 dedit:
1195 4335 1396 4405 quique
1419 4336 1627 4405 primus
1656 4338 1708 4391 in
1749 4338 1982 4407 patriam
2022 4353 2111 4393 re-

529 4441 721 4483 versus
764 4425 1021 4496 reliquias
1075 4427 1219 4482 beati
1271 4427 1533 4498 Stephaui
1579 4428 1765 4484 intulit
1810 4430 2106 4486 occidenti.

527 4518 754 4574 Francis
779 4528 905 4589 post
928 4517 1256 4584 Meroveum,
1285 4528 1345 4575 ut
1385 4520 1639 4585 diximus,
1687 4523 1932 4593 regnavit
1959 4524 2111 4578 Chil-

528 4608 763 4663 dericus.
794 4607 891 4663 His
928 4609 1260 4676 temporibus
1295 4609 1540 4665 Anianus
1563 4610 1972 4669 Aurelianensis
1998 4615 2114 4684 epi-

530 4713 723 4768 scopus
750 4697 933 4752 clarus
958 4698 1226 4765 habetur;
1256 4700 1347 4768 qui
1369 4702 1707 4757 orationibus
1731 4704 1844 4759 suis
1870 4705 1939 4759 ab
1963 4705 2107 4760 llun-

528 4801 720 4842 norum
750 4788 973 4858 impetu,
998 4787 1156 4843 Aetio
1183 4797 1313 4845 tunc
1341 4791 1561 4860 patritio
1605 4792 1974 4849 Romanorum
2003 4795 2114 4849 Au-

448 4890 451 4895 '
528 4876 764 4931 relianos
792 4876 1058 4933 liberavit.
1098 4877 1342 4934 Britanni
1391 4880 1678 4936 Scotorum
1727 4882 2111 4955 Pictorumque

524 4963 930 5025 infestationem
957 4982 1066 5022 non
1096 4968 1333 5023 ferentes
1368 4968 1597 5024 Romam
1630 4972 1870 5036 mittunt,
1897 4983 1953 5028 et
1977 4977 2109 5031 sub-

523 5056 761 5127 iectione
784 5059 867 5113 sui
892 5058 1196 5128 praemissa,
1235 5059 1437 5114 auxilia
1466 5059 1731 5131 ﬂagitant.
1763 5063 1968 5131 Quibus
1996 5074 2109 5120 sta-

528 5148 625 5203 tim
652 5147 817 5202 missa
841 5147 980 5219 legio
1010 5163 1261 5220 magnam
1302 5150 1661 5207 barbarorum
1716 5155 2109 5211 multitudinem

527 5236 758 5302 stravit;
811 5245 1037 5293 caeteros
1064 5237 1357 5296 Britannia:
1400 5239 1596 5298 ﬁnibus
1643 5243 1866 5312 pellunt.
1909 5244 1990 5300 0b
2017 5260 2110 5300 ar-

523 5329 726 5384 cendos
755 5328 939 5384 hostes
961 5343 1176 5384 murum
1203 5338 1355 5387 trans
1382 5331 1616 5388 insulam
1644 5334 1787 5390 inter
1806 5335 1911 5390 duo
1937 5336 2133 5391 maria.

525 5426 807 5485 statuunt;
841 5420 935 5489 qui
963 5419 1167 5490 absque
1214 5422 1475 5493 magistro
1500 5426 1673 5493 magis
1715 5427 1918 5495 ceSpite
1944 5441 2107 5496 quam

526 5507 704 5578 lapide
723 5508 917 5578 factus,
948 5510 1022 5566 nil
1042 5511 1315 5569 Britannis
1337 5516 1689 5584 operantibus
1713 5515 1954 5584 profuit;
1982 5531 2104 5571 nam

526 5614 655 5656 mox
683 5610 745 5657 ut
788 5602 1060 5661 dicessere
1098 5604 1349 5671 Romani,
1399 5607 1612 5676 priores
1660 5608 1845 5664 hostes
1894 5609 2105 5665 advecti

529 5692 777 5763 navibus,
808 5696 965 5753 obvia
1013 5713 1241 5769 quaeque
1276 5699 1376 5755 sibi
1424 5700 1656 5767 caedunt,
1691 5709 1904 5757 vastant
1945 5710 2106 5772 atque

2140 4470 2189 4530 Ι)

2221 3234 2365 3291 (ilius
2398 3234 2670 3290 Ravenna:
2719 3237 3016 3307 imperator
3062 3246 3297 3294 creatur.
3353 3238 3591 3295 Placidia
3634 3251 3813 3299 mater

2219 3324 2352 3392 eius,
2381 3322 2621 3394 Augusta
2648 3335 3011 3396 nuncupatur.
3041 3326 3147 3383 Per
3193 3330 3335 3384 idem
3374 3340 3582 3400 tempus
3611 3330 3814 3388 Nesto-

2219 3417 2333 3471 rius
2388 3415 3026 3490 Constantinopolitauus
3073 3420 3359 3491 episcopus
3410 3437 3521 3477 sua:
3567 3421 3813 3492 perfidiae

2218 3507 2440 3563 molitur
2466 3508 2741 3574 haeresim,
2769 3509 3031 3565 adversus
3057 3525 3218 3582 quem
3257 3512 3530 3583 Ephesina
3570 3517 3813 3586 synodus

2216 3598 2393 3667 prima
2421 3609 2767 3671 congregata,
2823 3599 2939 3668 ejus
2968 3601 3192 3672 impium
3222 3603 3415 3671 dogma
3458 3606 3808 3661 condemnat.

2217 3687 2389 3758 Hujus
2422 3690 2588 3744 etiam
2639 3698 2884 3762 tempore
2929 3692 3176 3750 diabolus
3206 3694 3258 3749 in
3310 3697 3492 3765 specie
3521 3695 3690 3768 Moysi
3713 3698 3810 3754 Ju-

2217 3779 2348 3836 dzcis
2376 3780 2431 3834 in
2484 3778 2643 3837 Creta
2670 3797 2959 3853 apparens,
3010 3786 3137 3840 dum
3195 3801 3290 3841 eos
3335 3803 3434 3857 per
3472 3803 3622 3843 mare
3670 3794 3811 3859 pede

2216 3871 2362 3926 sicco
2390 3870 2460 3926 ad
2489 3879 2692 3928 terram
2721 3875 3158 3943 repromissionis
3184 3876 3449 3947 promittit
3477 3879 3808 3948 perducere,

2216 3960 2462 4032 plurimis
2494 3962 2721 4029 necatis,
2780 3963 2974 4035 reliqui
3002 3965 3095 4035 qui
3121 3964 3311 4020 salvati
3343 3976 3472 4021 sunt
3519 3967 3808 4024 confestim

2216 4052 2285 4107 ad
2313 4052 2514 4108 Christi
2548 4054 2775 4125 gratiam
2802 4064 3214 4111 convertuntur.
3263 4056 3441 4113 Elfera
3471 4073 3603 4130 gens
3633 4060 3806 4115 Wan-

2216 4142 2482 4211 dalorum,
2519 4144 2817 4201 Alanorum
2846 4158 3010 4217 atque
3055 4146 3390 4215 Gothorum,
3445 4151 3513 4205 ab
3549 4148 3808 4220 Hispanis

2216 4234 2283 4290 ad
2302 4234 2544 4292 Africam
2572 4238 2858 4318 transiens,
2892 4240 3074 4295 omnia
3107 4240 3271 4307 ferro,
3325 4240 3563 4306 ﬂamma,
3596 4245 3806 4315 rapinis

2214 4330 2377 4385 simul
2398 4340 2453 4387 et
2488 4332 2689 4387 Ariana
2721 4333 2998 4404 impietate
3032 4336 3256 4390 ftedavit
3278 4335 3466 4407 (Pana.
3496 4337 3677 4403 Dum,
3704 4337 3801 4392 lib.

2216 4419 2350 4491 xiv).
2382 4419 2490 4475 Sed
2510 4422 2701 4477 beatus
2719 4422 3051 4494 Augusnnus
3097 4425 3461 4495 Hipponensis
3487 4427 3799 4498 episcopus,

2213 4517 2270 4565 et
2299 4511 2541 4565 omnium
2570 4511 2930 4569 Ecclesiarum
2961 4516 3150 4570 doctor
3173 4517 3425 4583 eximius,
3466 4534 3535 4573 ne
3565 4520 3806 4576 civitatis

2213 4620 2326 4661 suae
2368 4606 2579 4664 videret
2628 4609 2858 4673 ruinam,
2917 4612 3078 4666 tertio
3128 4627 3315 4670 mense
3361 4616 3662 4673 obsidionis
3688 4632 3804 4673 sure

2214 4697 2468 4768 migravit
2494 4699 2562 4752 ad
2591 4698 2895 4765 Dominum,
2926 4702 3116 4769 quinto
3144 4703 3504 4760 Kalendarum
3554 4694 3802 4777 Septem-

2215 4791 2349 4855 bris,
2384 4806 2529 4845 anno
2579 4791 2757 4845 :etatis
2801 4808 2913 4846 sua:
2958 4796 3355 4866 septuagesimo
3394 4808 3568 4855 sexto.
3602 4798 3804 4854 Mansit

2212 4889 2394 4935 autem
2423 4882 2476 4934 in
2505 4881 2761 4936 clericatu
2789 4883 2874 4937 vel
2893 4884 3202 4954 episcopatu
3233 4887 3392 4944 annis
3418 4889 3796 4960 quadraginta.

2212 4969 2331 5038 Quo
2357 4981 2596 5040 tempore
2643 4971 2891 5027 Wandali
2939 4986 3098 5044 capta
3134 4976 3487 5047 Carthagine,
3545 4979 3799 5034 Siciliam

2214 5077 2431 5131 quoque
2459 5062 2795 5119 deleverunt.
2844 5065 3010 5136 Cujus
3051 5069 3383 5136 captivitatis
3433 5069 3800 5126 Paschasiuus

2215 5154 2552 5225 Lilybitanus
2608 5157 2858 5221 antistes,
2913 5159 2964 5212 in
2994 5160 3219 5228 epistola
3259 5177 3422 5231 quam
3469 5163 3537 5219 de
3584 5165 3801 5218 ratione

2214 5247 2460 5303 Paschali
2489 5247 2648 5318 Papa:
2684 5247 2850 5304 Leoni
2879 5251 3118 5321 scripsit,
3150 5253 3413 5308 meminit.

2287 5339 2512 5395 Francis
2534 5340 2872 5398 Chlodovcus
2906 5345 3081 5400 adhuc
3113 5361 3353 5415 paganus
3380 5355 3593 5419 regnat.
3631 5346 3797 5418 Cujus

2219 5432 2545 5500 temporibus
2593 5431 3041 5490 Gondoveusrex
3082 5436 3552 5507 Burgundiorum,
3597 5440 3689 5509 qui
3726 5454 3799 5493 ex

2215 5533 2414 5590 genere
2444 5518 2615 5575 fertur
2640 5521 2839 5578 Alarici
2859 5563 2874 5587 ,
2895 5525 3121 5579 exstitit.
3154 5526 3291 5583 Huic
3319 5522 3539 5583 fuerunt
3563 5538 3800 5598 quatuor

2216 5610 2333 5676 lilii,
2363 5610 2769 5679 Gundobaldus,
2795 5613 3154 5685 Godegisilus,
3185 5617 3521 5688 Chilpericus
3551 5626 3603 5674 et
3626 5617 3798 5674 Goth-

2215 5716 2420 5760 marus.
2437 5700 2822 5761 Gundobaldus
2836 5703 3198 5775 Chilpericum
3221 5706 3442 5767 fratrem
3456 5724 3614 5766 suum
3628 5709 3799 5765 inter-
