4024 6362
153 351 254 406 101

1266 337 1680 397 CHRONICON.
1719 369 1789 380 —
1824 336 2030 393 AETAS
2070 337 2316 392 SEXTA.

3319 337 3420 392 {02

148 463 306 528 fecit,
339 470 673 528 uxoremque
695 454 844 524 ejus,
873 454 1036 525 ligato
1059 467 1189 509 saxo
1217 453 1284 507 ad
1308 453 1500 508 collmn
1519 493 1532 515 ,
1565 453 1616 504 in
1641 449 1739 503 ﬂn-
1770 463 1814 519 Α
1843 447 2033 516 potuit.
2061 445 2373 502 Vincentius
2398 460 2610 517 quoque
2640 445 2860 501 natione
2897 444 3084 502 Gallus
3108 450 3248 517 apud
3277 449 3421 506 Liri-

150 567 284 610 men
335 550 625 611 demersit,
681 546 926 614 filiasque
963 543 1120 612 ejus,
1173 560 1331 598 uuam
1378 557 1498 613 qua:
1525 542 1738 596 Chrona

149 647 302 702 dicta
341 653 428 699 est
457 683 472 708 ,
520 639 710 695 exsilio
745 638 1037 706 relegavit;
1090 637 1315 690 alteram
1362 649 1490 690 vero
1523 632 1746 688 Chlotil-

150 736 278 792 dem
307 747 496 789 secum
525 729 777 790 retinuit,
804 743 963 796 quam
992 737 1176 796 postea
1208 739 1429 779 uxorem
1463 738 1555 776 rex
1585 721 1747 776 Chlo-

152 825 365 880 doveus
395 821 642 889 accepit;
681 819 941 888 cujusque
976 816 1241 870 industria
1269 855 1283 878 ,
1313 813 1647 869 orationibus
1682 827 1747 868 ac

153 912 571 974 munitionibus,
602 909 712 962 Deo
737 909 1056 976 inspirante,
1085 905 1227 959 idem
1258 904 1600 959 Christianus
1622 917 1746 955 cum

153 1003 358 1076 populo
381 1015 480 1057 suo
509 1000 680 1054 factus
710 1009 813 1052 est.
853 996 1032 1051 Scotis
1075 996 1128 1049 in
1159 995 1434 1050 Christum
1480 992 1750 1047 credenti-

154 1097 260 1150 bus
286 1135 303 1160 ,
334 1092 618 1148 ordinatus
661 1106 691 1143 a
721 1088 865 1157 Papa
903 1086 1193 1141 Caelestino
1224 1085 1497 1139 Palladius
1541 1085 1748 1152 primus

157 1187 450 1254 episcOpus
479 1180 731 1235 mittitur.
762 1178 918 1232 Anno
962 1184 1155 1231 octavo
1195 1174 1484 1229 Theodosii
1520 1173 1748 1240 impera-

161 1278 322 1341 toris,
350 1276 638 1330 recedente
662 1290 692 1327 a
722 1272 1004 1326 Britannia
1030 1271 1274 1324 Romano
1301 1268 1566 1332 exercitu,
1598 1265 1747 1322 Scoti

159 1379 218 1424 et
251 1367 393 1423 Picti
420 1366 666 1427 redeunt,
711 1373 768 1418 et
807 1373 974 1418 totam
1002 1362 1070 1416 ab
1095 1361 1360 1431 Aquilone
1390 1359 1622 1413 insulam
1663 1373 1749 1410 va-

161 1473 327 1513 cuam
389 1471 559 1527 prope
595 1453 879 1524 indigenis,
933 1461 1248 1505 murotenus
1285 1457 1594 1518 capessunt.
1639 1447 1750 1501 Nec

171 1564 354 1612 mora,
383 1547 539 1602 caesis
571 1545 772 1615 captis,
789 1543 1096 1614 fugatisque
1120 1543 1458 1606 custodibus,
1485 1555 1751 1610 muroque

164 1637 288 1707 ipso
318 1636 619 1704 interrupto
643 1674 657 1698 ,
683 1635 846 1688 etiam
883 1631 1027 1686 intra
1065 1631 1268 1685 vallum
1307 1632 1538 1686 crudelis
1567 1633 1750 1701 prtedo

164 1736 470 1798 grassatur.
523 1724 752 1778 Mittitur
803 1723 1031 1793 epistola
1087 1722 1343 1793 lacrymis
1386 1723 1750 1791 terumuisque

1847 559 2066 598 nensem
2094 545 2323 599 insulam
2355 545 2654 614 presbyter,
2673 543 2806 598 satis
2834 543 2888 596 in
2912 543 3108 598 divinis
3128 543 3424 614 Scripturis

1846 633 2089 688 eruditus
2121 635 2368 688 moritur.

1917 724 2221 778 Marcianus
2268 734 2323 778 et
2367 723 2771 778 Valentinianus
2801 738 2972 779 annos
3021 738 3138 778 sex.
3187 717 3428 791 Quorum

1849 817 2001 871 initio
2029 817 2292 871 industria
2341 817 2636 871 beatissimi
2683 816 2878 871 Leonis
2918 817 3076 885 Papa:
3122 815 3428 872 Chalcedo-

1849 922 2016 961 nense
2044 906 2332 960 concilium
2355 906 2660 960 celebratur
2679 945 2694 970 ,
2719 906 2809 959 ubi
2841 906 3118 976 Eutyches
3155 922 3277 961 cum
3309 906 3433 960 Dio-

1851 1015 2007 1054 scoro
2051 999 2418 1053 Alexandrino
2465 999 2718 1068 episcopo
2760 999 3175 1053 condemnatur.
3229 998 3434 1054 Horum

1849 1091 2013 1144 etiam
2071 1099 2227 1144 sexto
2273 1090 2660 1159 imperatorum
2716 1104 2860 1143 anno
2913 1089 3280 1146 Theodericus
3339 1105 3437 1146 rex

1850 1182 2171 1248 Gothorum,
2221 1182 2423 1254 ingenti
2467 1183 2713 1237 exercitu
2754 1181 3065 1250 stpaniam
3111 1182 3438 1251 ingreditur.

1851 1276 1996 1332 Gens
2041 1276 2334 1346 Anglorum
2393 1276 2508 1331 sive
2546 1275 2843 1341 Saxonum,
2889 1275 3226 1330 Britanniam
3265 1276 3439 1332 tribus

1851 1367 2026 1438 longis
2053 1369 2277 1422 navibus
2303 1367 2611 1430 advehitur,
2640 1367 2836 1435 quibus
2861 1365 2988 1420 dum
3019 1365 3122 1421 iter
3147 1381 3439 1437 prospera-

1851 1465 1962 1512 tum
1981 1459 2121 1513 domi
2152 1461 2294 1512 fama
2324 1457 2575 1522 referret,
2609 1458 2880 1512 exercitus
2904 1457 3096 1512 fortior
3115 1458 3439 1522 estmissus,

1851 1548 1941 1617 qui
1969 1549 2148 1602 hostes
2175 1549 2391 1618 quidem
2419 1547 2633 1618 abegit;
2658 1549 2750 1602 sed
2771 1548 2825 1600 in
2850 1547 3025 1602 socios
3046 1562 3197 1601 arma
3225 1556 3442 1602 vertens

1852 1649 2018 1693 totam
2048 1655 2213 1710 prope
2238 1639 2465 1694 insulam
2483 1642 2550 1694 ab
2570 1639 2820 1694 orientali
2847 1654 3017 1709 usque
3040 1641 3106 1695 ad
3131 1641 3443 1695 occidenta-

1852 1730 1956 1785 lem
1983 1730 2191 1801 plagam
2216 1730 2323 1799 igni
2351 1729 2604 1798 ferroque
2628 1729 2858 1800 subegit,
2882 1731 3112 1786 conficta
3133 1731 3442 1795 occasione,

169 1818 379 1873 referta
432 1817 498 1871 ad
551 1817 810 1870 Romanae
855 1815 1135 1884 potestatis
1186 1816 1512 1885 principem.
1559 1823 1751 1884 petens
1782 1812 1826 1870 B
1853 1821 1994 1890 quod
2015 1819 2264 1874 Britones
2285 1820 2462 1874 minus
2482 1819 2746 1889 stipendia
2773 1819 3038 1873 dederint.
3065 1819 3254 1890 Egidio
3272 1822 3445 1890 patri-

169 1907 467 1971 auxilium,
499 1908 592 1962 sed
625 1921 731 1960 non
762 1906 1032 1976 impetrat.
1061 1904 1270 1960 Interea
1297 1903 1468 1960 fames
1489 1905 1604 1959 dira
1631 1921 1754 1976 pro—-

169 2005 324 2075 fugos
354 2003 611 2068 infestat;
650 2003 867 2071 quidam
907 2001 1117 2066 coacti,
1151 2001 1396 2056 hostibus
1435 2014 1632 2054 manus
1661 2001 1754 2055 de-

170 2097 326 2160 dere;
353 2095 445 2149 alii
477 2096 544 2148 de
574 2094 838 2149 montium
870 2092 1140 2161 speluncis
1168 2107 1233 2147 ac
1281 2092 1507 2147 saltibus
1535 2102 1754 2148 strenue

172 2201 496 2257 repugnare,
522 2194 809 2256 strageque
829 2184 894 2238 de
916 2183 1160 2237 hostibus
1187 2183 1334 2237 dare.
1365 2181 1510 2238 Scoti
1535 2179 1754 2236 domum

171 2278 309 2332 versi
354 2290 420 2330 ac
447 2275 616 2337 Picti,
647 2283 941 2330 extremam
972 2272 1157 2327 insulse
1191 2283 1397 2342 partem
1441 2273 1512 2326 ibi
1543 2273 1753 2326 habita-

172 2369 273 2422 turi
299 2368 567 2421 detinent.
589 2365 805 2420 Famem
837 2363 1111 2434 praefatam
1137 2378 1328 2434 magna
1354 2362 1564 2432 frugum
1587 2363 1757 2417 abun-

172 2461 357 2514 dantia
387 2459 656 2529 opulentia
676 2497 690 2522 ,
719 2458 929 2510 luxuria
949 2496 964 2521 ,
1001 2466 1056 2511 et
1093 2455 1414 2526 negligentia
1441 2472 1454 2521 ;
1483 2457 1760 2526 negligen-

175 2551 420 2620 tiamque
443 2549 557 2604 lues
579 2549 863 2610 acerrima,
889 2558 944 2602 et
973 2564 1096 2602 mox
1123 2549 1303 2602 acrior
1326 2549 1559 2602 hostium
1592 2564 1760 2601 novo-

181 2655 306 2692 rum
331 2679 349 2703 ,
383 2639 438 2692 id
466 2646 548 2693 est
587 2639 878 2709 Anglorum
933 2638 1087 2708 plaga
1131 2647 1313 2694 secuta
1357 2647 1460 2693 est.
1508 2640 1653 2705 Quos
1685 2641 1758 2693 illi

177 2729 424 2783 unanimi
477 2730 698 2784 consilio
750 2745 873 2784 cum
915 2745 1040 2798 rege
1085 2746 1186 2784 suo
1219 2728 1534 2798 Vintigerno
1561 2769 1574 2795 ,
1605 2730 1758 2800 quasi

175 2821 462 2876 defensore
515 2821 700 2890 patria:
755 2821 823 2875 ad
869 2836 929 2875 se
965 2821 1254 2874 imitandos
1292 2821 1592 2890 elegerunt.
1655 2821 1761 2876 Sed

175 2911 275 2965 bos
305 2926 431 2964 mox
459 2920 855 2980 expugnatores
887 2919 1191 2965 senserunt.
1240 2909 1425 2964 Xistus
1454 2911 1640 2977 Romae
1675 2910 1764 2964 ba-

177 3003 386 3057 silicam
417 3013 622 3057 sanctae
653 3001 834 3056 Marim
859 3001 1050 3055 matris
1091 3000 1337 3065 Domini,
1373 3016 1492 3070 quae
1519 3001 1588 3055 ab
1617 3001 1760 3055 anti-

178 3109 284 3162 quo
305 3093 488 3149 Liberi
510 3093 680 3164 patris
700 3093 976 3147 delubrum
1001 3092 1197 3156 fuerat,
1223 3093 1362 3147 miro
1381 3109 1544 3162 opere
1575 3092 1764 3148 refecit

1856 1911 2003 1966 cioiu
2018 1910 2204 1965 Galliis
2219 1910 2410 1964 Franci
2423 1909 2711 1980 Agrippam
2725 1925 2886 1979 super
2899 1909 3144 1965 Rhenum
3157 1921 3442 1980 ceperunt,

1856 2017 2084 2070 eamque
2103 2001 2402 2064 Coloniam,
2425 2003 2568 2071 quod
2592 2003 2662 2056 ibi
2687 2002 2863 2056 coloni
2889 2002 3244 2058 inhabitarint
3262 2003 3447 2074 appel-

1857 2091 2122 2145 laverunt.
2157 2091 2347 2162 Egidio
2384 2090 2646 2162 Syagrius
2674 2091 2816 2146 filius
2867 2093 3170 2159 successit,
3207 2093 3298 2162 qui
3328 2101 3448 2163 post

1860 2195 2092 2238 mortem
2117 2183 2408 2238 Childerici
2445 2183 2587 2252 regis
2620 2182 2955 2237 Francorum
2985 2197 3108 2237 cum
3137 2182 3446 2238 Cblodoveo

1859 2275 1998 2344 apud
2056 2272 2406 2328 Sucssionem
2468 2288 2703 2344 pugnam
2757 2274 3149 2339 committens,
3193 2274 3448 2332 vincente

1859 2363 2185 2428 Cblodoveo,
2207 2363 2274 2416 ad
2290 2361 2589 2417 Gothorum
2619 2378 2798 2431 regem
2827 2378 2885 2418 se
2905 2364 3155 2442 contulit.
3185 2363 3291 2420 Sed
3321 2380 3446 2421 mox

1861 2470 1890 2508 a
1936 2455 2244 2509 Cblodoveo
2289 2454 2572 2523 repetitus,
2625 2453 2876 2522 illicoque
2923 2455 3192 2518 redditus,
3236 2457 3448 2512 occisus

1861 2553 1963 2599 est.
2011 2543 2102 2598 Sic
2149 2543 2514 2597 Romanorum
2545 2543 2691 2597 vires
2717 2543 2859 2597 intra
2885 2543 3086 2598 Gallias
3111 2545 3448 2600 ceciderunt.

1863 2639 1918 2693 ln
1941 2638 2094 2705 cujus
2117 2637 2234 2691 loco
2257 2645 2442 2706 postea
2467 2635 2656 2689 Aetius
2685 2637 2944 2704 patricius
2973 2636 3302 2691 constitutus
3327 2646 3444 2702 est;

1863 2729 1952 2799 qui
2005 2728 2242 2781 maxima
2284 2726 2466 2796 praelia
2497 2741 2620 2781 cum
2656 2725 2935 2781 Wandalis
2955 2727 3184 2795 aliisque
3212 2729 3447 2782 nationi—

1864 2819 1964 2872 bus
1994 2817 2182 2887 gessit.
2214 2815 2554 2871 Chlodoveus
2593 2820 2687 2869 rex
2729 2815 3059 2870 Francorum
3087 2817 3365 2872 institutus
3391 2827 3450 2872 et

1864 2907 2151 2963 Cblotildis
2206 2906 2388 2974 neptis
2441 2904 2777 2961 Gondobaldi
2828 2905 2971 2975 regis
3017 2905 3446 2976 Burgundiorum

1865 3013 1962 3069 per
1990 2997 2341 3052 Aurelianum
2377 3005 2684 3065 sponsatur,
2717 2996 2938 3066 regique
2975 2995 3278 3052 Cblodoveo
3303 3005 3451 3065 post-

1869 3089 2086 3143 modum
2140 3102 2236 3156 per
2283 3086 2531 3141 eumdem
2584 3087 2758 3155 ipsum
2806 3086 3160 3142 Aurelianum
3213 3088 3448 3143 adducta

179 3185 447 3250 Eudoxia,
495 3163 637 3239 uxor
664 3182 950 3238 Theodosii
982 3183 1242 3252 principis
1283 3184 1350 3237 ab
1380 3183 1767 3254 Hierosolymis
1794 3163 1838 3224 (ἶ
1869 3181 2233 3251 conjungitur.
2262 3179 2601 3234 Chlodoveus
2624 3193 2717 3233 rex
2745 3187 2867 3248 post
2887 3179 3168 3232 victoriam
3197 3179 3451 3233 Alaman-

181 3276 447 3331 remeavit
485 3290 668 3329 secum
714 3273 1012 3328 beatissimi
1049 3272 1307 3342 Stephani
1354 3275 1766 3344 protomartyris

184 3364 442 3434 reliquias
472 3363 724 3418 deferens
750 3403 764 3429 ,
792 3378 912 3433 qute
951 3363 1004 3416 in
1040 3362 1261 3417 basilica
1287 3364 1456 3418 sancti
1487 3364 1763 3420 Laurentii

182 3456 372 3525 posita:
397 3455 486 3524 pie
520 3471 551 3508 a
585 3454 832 3508 fidelibus
867 3463 1215 3508 venerantur.
1256 3454 1439 3510 Bledla
1475 3466 1530 3511 et
1577 3457 1764 3511 Attilia

183 3546 402 3612 fratres,
463 3548 862 3617 multarumque
935 3548 1173 3617 gentium
1245 3564 1438 3620 reges,
1492 3548 1762 3618 Illyricum

184 3636 582 3706 Thraciamque
606 3636 910 3706 depopulati
942 3646 1086 3690 sunt.
1121 3636 1384 3692 Maximus
1411 3638 1764 3693 Tam-inensis

184 3730 497 3808 episcopus,
528 3729 609 3782 vir
643 3729 698 3782 in
743 3728 1040 3798 Scripturis
1079 3729 1277 3784 divinis
1307 3730 1440 3784 satis
1482 3730 1720 3785 intentus
1745 3769 1760 3796 ,

182 3819 368 3874 clarus
392 3820 636 3874 habetur.
663 3818 947 3873 Petronius
969 3819 1322 3874 Bononiensis
1342 3820 1628 3891 episcopus
1660 3821 1764 3877 Ita-

185 3911 303 3975 lia,
344 3911 432 3964 vir
477 3910 769 3965 sanctitate
799 3911 922 3964 vita:
949 3919 1000 3964 et
1041 3913 1426 3966 monachorum
1459 3914 1653 3968 studiis
1682 3904 1763 3968 'ab

185 4001 549 4056 adolescentia
578 4001 924 4064 exercitatus,
962 4000 1113 4068 cujus
1135 4010 1289 4069 pater
1315 4001 1599 4056 Petronius
1628 4017 1764 4071 pra:-

185 4091 365 4147 fectus
416 4093 652 4160 pnetorii
679 4132 694 4156 ,
741 4092 826 4145 vir
862 4091 1208 4148 saecularibus
1248 4092 1444 4148 litteris
1481 4094 1762 4161 eruditus,

189 4181 440 4234 moritur.
464 4178 710 4233 Julianus
744 4180 1028 4249 episcopus
1072 4188 1126 4234 et
1159 4180 1475 4236 Caelestinus
1525 4191 1764 4237 sectato-

189 4285 279 4325 res
299 4269 503 4340 Pelagii
542 4280 928 4338 agnoscuntur.
960 4269 1222 4340 Leporius
1247 4287 1459 4341 quoque
1481 4273 1765 4343 presbyter

189 4361 566 4426 adhuclaicus,
583 4360 925 4430 Pelagianum
938 4359 1132 4431 dogma
1154 4363 1393 4430 sequitur
1410 4376 1761 4431 praesumens,

189 4453 258 4507 de
287 4453 518 4506 veritate
540 4451 662 4504 vitae
686 4467 816 4516 suae,
839 4465 1000 4519 quam
1022 4451 1246 4505 arbitrio
1270 4460 1475 4506 tantum
1498 4460 1549 4506 ct
1568 4462 1764 4506 conatu

1870 3287 2059 3326 norum
2090 3271 2433 3341 quindecimo
2461 3284 2604 3324 anno
2630 3270 2780 3338 regni
2817 3269 2921 3334 sui,
2948 3269 3180 3324 credens
3207 3269 3450 3339 baptiza-

1872 3375 1977 3418 tur.
2008 3364 2136 3418 lnde
2173 3363 2536 3434 Burgundiam
2567 3362 2668 3417 sibi
2697 3363 2926 3431 subegit,
2958 3369 3014 3416 et
3037 3361 3452 3418 Gundobaldum

1906 3465 2032 3526 t_que
2068 3456 2422 3512 Gundesilum
2471 3454 2696 3510 fratrem
2740 3454 2857 3523 ejus
2895 3455 2962 3509 ad
3003 3456 3205 3510 tributa
3247 3456 3445 3526 coegit.

1869 3473 1898 3510 8

1869 3473 1926 3510 ει
1966 3473 2032 3512 “8
2068 3473 2422 3512 ῡυηαθειιιιηι
2471 3473 2696 3510 Iratrem
2740 3473 2857 3523 θ]υὸ
2895 3473 2962 3509 au
3003 3473 3205 3510 ll'lDllla
3247 3473 3445 3526 οοθειι.

1819 3473 1984 3641 ὦ
2011 3555 2252 3616 tempore
2292 3545 2638 3600 beatissimus
2665 3544 2957 3599 Mamertus
2992 3545 3310 3600 Viennensis
3332 3547 3450 3616 epi-

1868 3636 2086 3706 sc0pus,
2137 3636 2348 3690 cladem
2391 3637 2764 3690 imminentem
2813 3636 3070 3706 lacrymis
3105 3647 3161 3691 et
3198 3637 3454 3706 precibus

1866 3727 1978 3782 suis
2003 3741 2033 3780 a
2063 3725 2444 3781 Viennensium
2484 3725 2619 3780 urbe
2658 3726 2907 3780 removit.
2954 3725 3235 3794 Siquidem
3267 3726 3452 3780 incen-

1869 3817 1956 3872 dia
1983 3817 2175 3872 crebra
2199 3824 2538 3871 terrzemotus
2577 3817 2802 3881 assidui,
2827 3817 3076 3871 nocturni
3099 3817 3305 3872 sonitus
3331 3817 3453 3887 qui-

1870 3911 1993 3965 dam
2039 3913 2201 3965 totius
2247 3910 2398 3965 urbis
2442 3909 2617 3966 funeri
2663 3911 3030 3981 prodigiosum
3083 3911 3338 3981 quiddam
3387 3925 3452 3965 ac

1869 4000 2037 4057 ferale
2082 4003 2420 4067 minitantes,
2456 4003 2735 4074 populosis
2775 4005 3050 4059 hominum
3077 4003 3450 4069 conventibus,

1869 4093 2167 4148 domestica
2192 4094 2518 4148 silvestrium
2541 4093 3008 4164 ferarum'species
3030 4096 3448 4151 observabatur:

1871 4182 1998 4254 lupi,
2029 4186 2160 4250 ursi,
2190 4201 2254 4240 ac
2277 4186 2424 4240 cervi
2477 4186 2798 4241 naturaliter
2838 4187 3040 4256 pavidi,
3087 4202 3185 4257 per
3221 4197 3452 4257 angusta

1871 4282 2151 4344 portarum
2221 4289 2392 4343 usque
2443 4274 2513 4328 ad
2561 4274 2665 4329 fori
2716 4274 2825 4328 lata
2882 4276 3260 4345 penetrabant.
3311 4275 3452 4341 Quid

1871 4362 2089 4416 multis?
2124 4362 2440 4417 imminente
2469 4363 2813 4419 solemnitate
2844 4365 3149 4434 vigiliarum
3180 4381 3284 4435 qua
3309 4365 3452 4420 cele-

1871 4454 2018 4507 brari
2067 4452 2263 4508 festum
2307 4454 2592 4509 dominica:
2634 4455 3067 4509 Resurrectionis
3104 4470 3279 4509 annua
3319 4472 3452 4511 cou-

192 4543 445 4613 pr0prio,
476 4557 580 4595 non
613 4541 702 4596 Dei
736 4513 811 4596 se-
840 4513 1108 4611 adiutorio
1153 4542 1450 4597 obtinuisse
1488 4543 1762 4598 credebat.
1795 4513 1843 4571 Ῑ)
1872 4544 2098 4598 suetudo
2125 4545 2404 4612 poscebat,
2431 4545 2575 4600 aedes
2595 4544 2808 4614 publica
2832 4560 2993 4614 quam
3019 4545 3276 4614 praecelsa
3311 4546 3450 4602 civi-

194 4630 306 4684 Sed
341 4648 436 4702 per
472 4633 685 4686 beatum
715 4630 1070 4702 Augustinum
1121 4631 1190 4685 ab
1211 4647 1276 4686 eo
1317 4633 1668 4695 emundatus,
1700 4632 1769 4686 ad

193 4723 518 4778 catholicam
542 4723 835 4778 Ecclesiam
873 4724 1088 4777 rediens
1110 4763 1124 4788 ,
1158 4722 1542 4778 satisfactionis
1565 4738 1675 4777 sua:
1700 4721 1767 4775 li-

193 4816 352 4870 brum
379 4831 504 4869 vera
538 4815 641 4870 fide
676 4815 994 4884 composuit.
1033 4815 1238 4877 Victor,
1266 4814 1451 4868 rhetor
1490 4813 1770 4868 Massilen-

195 4905 296 4967 sis,
315 4904 408 4972 qui
433 4905 598 4958 libros
624 4905 676 4957 in
696 4903 929 4958 Genesin
951 4905 1016 4957 ad
1042 4904 1132 4957 lilii
1155 4904 1236 4958 sui
1261 4904 1464 4958 Etherii
1487 4919 1770 4972 personam

193 5004 622 5058 commentatur,
654 4995 706 5048 in
737 4995 934 5048 divinis
964 4993 1259 5064 Scripturis
1287 5011 1394 5048 non
1423 4995 1577 5063 plene
1609 5012 1768 5050 exer-

192 5088 398 5141 citatus
426 5087 671 5140 moritur.
708 5085 998 5140 Cassianus
1023 5101 1254 5155 quoque,
1285 5085 1485 5156 Scytha
1511 5088 1728 5141 natione
1751 5129 1766 5153 ,

191 5177 663 5246 Constantinopoli
698 5193 727 5230 a
760 5177 965 5232 Joanne
995 5179 1254 5232 diaconus
1275 5179 1559 5232 ordinatus
1582 5219 1596 5243 ,
1629 5180 1769 5248 apud

196 5266 494 5321 Massiliam
536 5267 723 5320 urbem
761 5267 1040 5336 presbyter
1073 5267 1321 5332 moritur,
1367 5267 1457 5336 qui
1497 5269 1636 5322 inter
1669 5268 1770 5321 alia

195 5356 603 5411 lnstitutionum
635 5357 828 5412 librum
859 5359 1106 5428 scripsit;
1140 5374 1303 5428 opera
1345 5359 1487 5414 illius
1517 5375 1547 5413 a
1581 5361 1769 5414 catbo-

197 5447 325 5502 licis
350 5449 660 5504 cautissime
691 5449 910 5519 legenda
928 5491 943 5514 ,
982 5451 1214 5504 maxime
1243 5451 1309 5505 de
1337 5451 1510 5505 libero
1547 5451 1772 5505 arbitrio

197 5545 259 5592 et
304 5538 516 5610 gratia;
568 5537 661 5592 sed
687 5548 742 5592 et
789 5539 1188 5594 Encratitarum
1244 5540 1438 5595 haeresi
1502 5540 1772 5595 incautius

197 5625 354 5682 favit.
388 5627 616 5683 Errores
641 5628 783 5683 illius
808 5628 1160 5684 Cassiodorus
1201 5629 1592 5686 Ravennatium
1615 5647 1772 5686 sena-

196 5728 289 5775 tor
315 5735 545 5792 purgare
588 5721 800 5790 volens,
844 5737 950 5792 non
979 5723 1043 5776 ad
1073 5722 1288 5793 plenum
1333 5739 1395 5779 ex
1427 5726 1572 5780 omni
1619 5735 1794 5794 partc-

1875 4636 2001 4689 tatis
2049 4634 2437 4690 Viennensium
2482 4637 2670 4691 vertici
2707 4637 3015 4691 sublimitas
3046 4638 3097 4691 in
3125 4639 3448 4696 immensum

1874 4724 2146 4796 fastigiata
2193 4726 2516 4790 sustulerat,
2574 4727 2804 4782 flammis
2856 4729 3193 4784 terribilibus
3245 4731 3447 4786 confla-

1875 4833 2032 4888 grare
2070 4817 2386 4886 crepusculo
2414 4819 2610 4888 crepit;
2641 4819 3008 4889 interpellatur
3031 4823 3232 4877 nuntiis
3258 4824 3450 4878 discri-

1877 4910 2040 4963 minis
2087 4908 2396 4977 iucunditas
2443 4913 2808 4978 sublimitatis,
2842 4915 2999 4983 pleno
3032 4917 3318 4972 timoribus
3355 4934 3452 4988 po-

1869 5001 1995 5071 pulo
2015 5000 2254 5055 Ecclesia
2281 5012 2559 5056 vacuatur.
2606 5002 2807 5059 Omnes
2837 5020 3067 5074 namque
3109 5007 3339 5061 similem
3377 5007 3449 5060 fa-

1861 5079 2163 5146 cultatibus
2190 5093 2272 5146 vel
2305 5093 2554 5148 domibus
2602 5097 2834 5165 propriis
2872 5113 3060 5158 casum
3107 5101 3171 5153 de
3213 5101 3446 5168 quadam

1875 5185 2322 5253 praeimminent-is
2372 5185 2601 5239 incendii
2657 5203 2782 5241 arce
2830 5190 3158 5243 metuebant.
3207 5189 3450 5243 Perstitit

1877 5282 2056 5328 tamen
2109 5290 2292 5328 coram
2351 5274 2553 5329 festivis
2603 5275 2864 5331 altaribus
2908 5275 3140 5332 invictus
3186 5279 3445 5340 antistes,

1875 5375 2096 5419 sanctus
2139 5365 2449 5429 Mamertus,
2481 5375 2535 5418 et
2561 5365 2794 5420 calorem
2826 5367 2948 5422 fidei
2989 5383 3100 5422 suae
3123 5367 3443 5430 accendens,

1876 5454 2094 5508 flumine
2121 5455 2480 5525 lacrymarum
2528 5457 2846 5523 permissam
2878 5457 3092 5527 ignibus
3122 5463 3445 5525 potestatem

1875 5545 2123 5601 incendio
2149 5547 2472 5601 abscedente
2495 5549 2844 5617 compescuit.
2876 5547 3261 5617 Desperatione
3289 5546 3448 5613 depo-

1875 5635 1978 5689 sita
2009 5637 2215 5690 reditur
2246 5638 2313 5690 ad
2340 5637 2654 5702 Ecclesiam,
2689 5640 2743 5692 in
2767 5653 2937 5708 eaque
2961 5638 3258 5709 vigiliarum
3288 5646 3447 5692 nocte

1875 5725 2046 5778 sancti
2099 5725 2342 5790 Paschtc,
2391 5727 2637 5796 concepit
2691 5728 2871 5781 animo
2901 5726 3247 5797 Rogationes,
3287 5735 3447 5795 atque
