4024 6362
585 335 684 389 103

1595 335 1652 390 S.
1694 332 1944 390 ADONIS
1981 328 2403 390 AllClllEPlSC.
2449 333 2852 391 VIENNENSIS

3723 337 3828 392 104

583 451 654 506 ibi
685 466 805 506 cum
833 451 940 505 Deo
967 450 1160 506 tacitus
1188 449 1429 506 deﬁnivit
1458 451 1715 522 quidquid
1743 451 1900 505 hodie
1929 450 2151 521 psalmis
2180 460 2226 515 Α
2256 452 2378 519 quia
2407 465 2530 520 quis
2558 450 2706 519 prius
2733 465 2850 505 eam
2879 449 3126 505 haeresim
3159 449 3536 514 introduxerit,
3586 465 3692 505 non
3739 453 3827 506 in-

581 557 646 597 ac
674 541 922 610 precibus
960 539 1190 595 mundus
1227 540 1502 595 inclamat.
1533 538 1768 594 Joannes
1795 539 2035 610 Baptista
2065 556 2155 594 ca-

580 639 676 700 put
699 645 856 684 suum
908 630 1115 684 duobus
1169 628 1447 684 monachis
1499 627 1882 692 orientalibus,
1937 629 2030 697 qui
2083 628 2154 684 ob

579 718 878 774 orationem
918 726 1180 774 venerant
1223 716 1670 788 Hierosolymam,
1714 718 1870 788 juxta
1928 717 2153 772 Herodis

579 809 845 878 quondam
864 809 1223 865 habitaculum
1244 809 1527 876 revelavit;
1544 811 1686 880 quod
1705 811 1956 880 deinceps
1973 809 2152 864 Emes-

580 914 694 955 sam
736 899 1026 956 Phoenicia
1067 902 1255 956 urbem
1300 901 1566 972 perlatum
1636 911 1692 957 et
1749 902 1910 972 digno
1949 902 2152 956 honore

513 1033 515 1035 .
579 989 783 1044 cultum
805 1002 909 1045 est.
956 990 1188 1045 Haeresis
1231 990 1514 1062 Pelagiana
1559 991 1935 1047 Britannorum
1973 991 2151 1045 turbat

541 1062 549 1079 ’
582 1080 739 1137 ﬁdem
768 1099 784 1148 ;
816 1083 906 1151 qui
932 1098 962 1137 a
989 1082 1283 1138 Gallicanis
1307 1084 1572 1154 episcopis
1597 1084 1792 1139 auxilia
1824 1092 2147 1154 quaerentes,

577 1171 906 1227 Germanum
946 1172 1389 1230 Altisiodorensis
1433 1175 1686 1230 Ecclesia:
1724 1175 2054 1246 episeOpum,
2094 1183 2151 1228 et

576 1259 784 1331 Lupum
846 1261 1214 1318 Tricassiuum
1275 1280 1428 1334 aeque
1483 1266 1777 1335 apostolica
1827 1267 1996 1337 gratia
2053 1282 2149 1320 an-

576 1351 792 1417 tistites,
832 1353 953 1409 ﬁdei
981 1354 1292 1412 defensores
1329 1357 1618 1429 accipiunt.
1647 1357 1980 1414 Conﬁrmant
2002 1358 2137 1413 anti-

572 1441 930 1518 stites'ﬁdcm
975 1446 1138 1500 verbo
1183 1447 1427 1503 veritatis
1469 1447 1627 1504 simul
1655 1459 1712 1503 et
1761 1445 2146 1503 miraculorum

574 1508 804 1614 sisui?)
917 1603 930 1616 .

645 1623 893 1682 Secundo
919 1643 1133 1700 quoque
1160 1629 1298 1684 idem
1328 1629 1518 1686 beatus
1548 1631 1850 1689 Germanus
1877 1650 1998 1690 cum
2024 1650 2144 1689 san-

571 1725 658 1770 cto
691 1717 893 1774 Set'ero
915 1720 1166 1790 episcopo
1208 1722 1274 1775 ad
1321 1721 1685 1792 integritatem
1727 1723 1849 1777 ﬁdei
1893 1725 2141 1780 tuendam

2253 543 2483 597 venitur.
2532 542 2697 611 Cujus
2740 543 2961 597 haeresis
3015 551 3168 612 peste
3210 541 3428 612 plurimi
3482 541 3830 599 orientalium

2253 633 2524 702 languent.
2540 631 2650 687 Leo
2688 633 3003 703 imperator,
3042 647 3140 702 pro
3168 642 3314 686 torno
3343 631 3826 700 Chalcedonensis,

2251 737 2347 792 per
2385 721 2696 776 universum
2752 735 2888 790 pene
2927 721 3114 776 orbem
3151 719 3377 792 singulis
3401 721 3828 778 orthodoxorum

2250 810 2517 880 episcopis
2591 798 2830 880 singulas
2897 817 3261 866 consonantes
3322 809 3471 864 misit
3548 810 3827 880 epistolas,

2249 900 2378 969 quid
2425 901 2492 954 de
2556 901 2746 955 eodem
2807 909 2951 954 tomo
2989 900 3252 954 sentirent
3294 899 3522 955 rescribi
3577 901 3681 955 sibi
3735 916 3828 972 po—

2249 989 2488 1052 stulans;
2529 1004 2760 1059 quorum
2806 988 2941 1044 adeo
2983 988 3337 1044 consonantia
3383 987 3451 1043 de
3493 1003 3620 1043 vera
3673 988 3830 1044 Chri-

2249 1081 2316 1136 sti
2376 1081 2753 1137 incarnatione
2809 1081 3069 1149 suscepit,
3127 1079 3368 1134 omnium
3417 1081 3704 1150 rescripta,
3762 1095 3827 1136 ac

2247 1172 2293 1227 si
2323 1188 2430 1227 uno
2475 1182 2714 1242 tempore
2743 1187 2957 1244 unoque
3011 1171 3249 1226 dictante
3298 1168 3528 1228 fuissent
3570 1172 3827 1227 universa

2248 1263 2578 1330 conscripta.

2317 1355 2632 1409 Theodorus
2674 1354 2970 1424 Episcopus
3008 1352 3268 1418 civitatis,
3313 1366 3435 1422 qua:
3473 1367 3504 1406 a
3531 1352 3673 1424 Cyro
3697 1368 3828 1424 rege

2245 1445 2532 1500 Persarum
2567 1446 2782 1500 condita
2825 1445 2999 1515 Cyrize
3051 1459 3246 1499 nomen
3287 1443 3470 1510 habet,
3511 1446 3704 1500 scribit
3752 1447 3822 1501 de

2246 1552 2373 1591 vera
2396 1536 2769 1590 incarnatione
2793 1535 3003 1589 Domini
3028 1533 3324 1590 Salvatoris
3357 1537 3614 1590 adversus
3651 1536 3824 1606 Euty-

2245 1631 2401 1686 chem
2424 1639 2478 1684 et
2510 1629 2824 1685 Dioscorum
2850 1628 3189 1683 Alexandria:
3222 1627 3557 1698 episcopum,
3598 1628 3691 1698 qui
3727 1629 3831 1681 hu-

2245 1735 2458 1773 manam
2475 1719 2531 1774 in
2558 1719 2775 1775 Christo
2801 1734 3020 1774 carnem
3051 1727 3267 1787 negant.
3294 1717 3524 1788 Scripsit
3551 1729 3605 1775 et
3639 1719 3826 1774 Eccle-

569 1805 894 1872 Britannias,
925 1811 1173 1879 precibus
1187 1809 1582 1866 Gallicanorum
1608 1812 1985 1883 episcOporum
2015 1829 2139 1883 per-
2177 1807 2218 1866 υ
2246 1813 2520 1867 siasticatn
2558 1811 2838 1866 historiam
2864 1825 2893 1864 a
2943 1809 3049 1866 ﬁne
3086 1810 3344 1865 librorum
3386 1810 3602 1866 Eusebii
3650 1827 3825 1880 usque

569 1909 769 1961 motus,
821 1900 1218 1968 proﬁciscitur,
1271 1910 1327 1955 et
1366 1901 1547 1955 divina
1599 1903 1774 1972 gratia
1824 1903 2138 1970 comitante,

570 2001 918 2046 renovatores
948 1993 1151 2058 erroris
1174 1995 1388 2063 penitus
1413 1993 1768 2048 confundunt.
1807 1993 1912 2049 Sed
1937 2006 1992 2049 et
2023 1995 2141 2051 bel-

570 2078 679 2134 lum
704 2079 978 2135 Saxonum
1023 2082 1404 2153 Pictorumque
1445 2084 1704 2138 adversus
1740 2084 1990 2140 Britones
2013 2085 2139 2154 jun-

569 2172 674 2227 ctis
693 2173 896 2228 viribus
915 2184 1240 2244 susceptum,
1262 2175 1434 2230 sancti
1457 2175 1726 2231 antistites
1746 2177 1941 2230 virtute
1962 2177 2139 2232 divina

569 2262 899 2328 retundunt,
935 2279 1059 2319 cum
1108 2264 1410 2320 Germanus
1460 2265 1573 2336 ipse
1618 2267 1726 2321 dux
1778 2267 1900 2322 belli
1945 2267 2139 2333 factus,

568 2365 676 2404 non
724 2351 976 2424 clangore
1027 2353 1190 2420 tubre,
1242 2354 1336 2409 sed
1390 2354 1626 2411 clamore
1674 2355 1920 2422 Alleluia,
1977 2357 2141 2412 totius

565 2443 834 2498 exercitus
881 2458 1011 2500 voce
1059 2447 1125 2500 ad
1168 2445 1568 2508 sidera'levato,
1600 2446 1809 2501 hostem
1852 2447 2139 2502 immanem

569 2531 620 2586 in
647 2532 827 2602 fugam
854 2535 1030 2589 vertit.
1057 2535 1155 2602 Qui
1184 2537 1439 2606 deinceps
1462 2536 1772 2592 Ravennam
1797 2540 2137 2608 perveniens,

569 2630 622 2690 et
654 2637 864 2678 summa
907 2625 1206 2679 reverentia
1258 2625 1637 2681 Valentiniano
1681 2636 1738 2682 et
1783 2627 2020 2683 Placidia
2052 2644 2141 2684 su-

565 2724 802 2784 sceptus,
836 2716 1084 2787 migravit
1111 2718 1178 2772 ad
1208 2718 1500 2774 Christum.
1533 2718 1741 2788 Corpus
1771 2717 1889 2787 ejus
1922 2719 2140 2774 honori-

565 2809 666 2862 ﬁco
703 2809 914 2878 agmine
949 2811 1392 2866 commitantibus
1423 2811 1684 2865 virtutum
1717 2811 1970 2881 operibus
2003 2811 2136 2866 Alti-

563 2896 838 2953 siodorum
873 2899 1137 2955 deferunt.
1183 2901 1260 2955 Eo
1288 2910 1528 2971 tempore
1565 2900 1797 2956 Severus
1835 2903 2139 2973 presbyter,

565 2988 784 3044 natione
825 2989 1004 3054 Indus,
1047 2991 1130 3045 vir
1173 2992 1448 3046 miraculis
1478 2991 1829 3060 clarissimus,
1867 2996 2140 3050 destructo

564 3078 829 3137 idolorum
855 3081 1072 3150 templo,
1097 3081 1186 3136 ubi
1215 3097 1367 3137 error
1396 3082 1611 3154 gentilis
1634 3092 1848 3139 centum
1878 3084 2006 3140 deos
2029 3085 2142 3140 cul-

563 3177 682 3222 tura
744 3171 1084 3226 insanissima
1137 3173 1445 3240 adorabat,
1502 3175 1786 3230 ecclesiam
1842 3175 2136 3241 beatissimi
2166 3162 2211 3222 C

564 3259 824 3329 Stephani
847 3244 1278 3332 protomartyris,
1296 3274 1354 3316 ut
1373 3275 1798 3330 consecraretur,
1815 3282 1912 3337 pro
1933 3266 2139 3322 foribus

570 3346 786 3404 Viennae
815 3352 1060 3420 parabat.
1113 3353 1220 3407 Sed
1255 3369 1381 3408 cum
1431 3355 1519 3410 diu
1570 3355 1798 3410 reditum
1844 3357 2139 3412 beatissimi

561 3441 816 3498 Germani
853 3444 1161 3511 sustineret,
1186 3445 1310 3514 quia
1342 3446 1480 3500 idem
1505 3461 1738 3518 pergens
1758 3446 1823 3501 ad
1851 3447 2141 3503 dedicatio-

564 3551 687 3592 nem
715 3536 906 3592 domus
924 3552 981 3592 se
1001 3538 1213 3592 dixerat
1236 3550 1548 3606 venturum,
1572 3539 1799 3610 contigit
1822 3549 1880 3594 ut
1902 3540 1988 3595 die
2007 3540 2141 3610 ejus-

561 3631 684 3686 dem
697 3630 1074 3696 dedicationis,
1095 3641 1384 3702 antequam
1407 3631 1581 3688 ollicia
1599 3633 2008 3698 inchoarentur,
2023 3632 2142 3686 bea-

563 3725 828 3780 tissimum
861 3741 1057 3796 corpus
1093 3726 1331 3795 episcopi
1363 3725 1617 3780 Germani
1641 3741 1736 3795 per
1757 3725 2017 3779 Viennam
2049 3723 2142 3778 de-

561 3825 856 3884 portatum,
881 3817 933 3870 in
956 3817 1200 3871 eamdem
1218 3816 1514 3871 Ecclesiam
1540 3817 1710 3886 ipsam
1734 3831 1925 3870 novam
1951 3830 2141 3883 repan-

561 3907 710 3960 sandi
735 3907 908 3975 gratia
927 3907 1348 3976 perveheretur;
1379 3907 1562 3976 sicque
1583 3906 1680 3959 viri
1700 3905 1792 3959 Dei
1816 3905 2140 3974 promissum

563 3996 831 4065 impletur.
866 3996 1052 4051 lsicius
1087 4005 1216 4050 tunc
1247 3997 1503 4064 temporis
1539 3996 1897 4050 Viennensem
1922 3994 2140 4064 regebat

562 4085 878 4150 Ecclesiam,
893 4094 1078 4142 sextus
1091 4103 1121 4140 a
1134 4087 1291 4141 beato
1313 4087 1619 4149 Paschasio,
1637 4083 1788 4152 cujus
1807 4085 1994 4140 diebus
2007 4100 2138 4154 pra:-

561 4175 702 4229 fatus
726 4173 957 4229 Severus
983 4175 1246 4246 gloriosus
1275 4177 1557 4248 presbyter
1587 4177 1654 4231 ab
1680 4175 1825 4230 ludia
1863 4175 2133 4231 Viennam

562 4267 725 4322 venit.
764 4267 866 4335 Qui
895 4269 1180 4338 episcopus
1209 4267 1390 4323 lloruit
1439 4284 1610 4339 usque
1655 4269 1720 4322 ad
1757 4277 1998 4338 tempora
2038 4268 2138 4321 Ze-

561 4358 718 4412 nonis
747 4358 1106 4429 imperatoris.
1135 4359 1326 4414 Aetius
1373 4360 1631 4430 patricius
1663 4375 1856 4430 magna
1883 4358 2137 4413 occiden-

560 4447 684 4503 talis
706 4448 1011 4518 reipublicae
1045 4448 1211 4514 salus,
1253 4459 1309 4504 et
1342 4449 1483 4519 regis
1522 4449 1795 4519 quondam
1823 4447 2006 4502 Attila:
2031 4455 2135 4501 ter-

560 4556 669 4604 ror,
709 4557 738 4594 a
771 4539 1146 4597 Valentiniano
1182 4543 1470 4608 occiditur,
1495 4558 1616 4597 cum
1662 4557 1769 4611 quo
1813 4541 2134 4612 Hesperium

561 4647 697 4702 pene
724 4633 917 4688 cecidit
940 4648 1182 4703 regnum.
1215 4633 1516 4689 Eucherius
1568 4631 1941 4703 Lugdunensis
1990 4631 2135 4702 epis-

560 4739 747 4794 cOpus,
772 4725 905 4779 satis
925 4725 977 4778 in
1002 4724 1198 4780 divinis
1231 4724 1528 4795 Scripturis
1555 4726 1825 4789 eruditus,
1873 4725 2131 4778 moritur.

560 4813 659 4869 llic
687 4816 848 4869 etiam
880 4815 1022 4870 inter
1039 4815 1143 4869 alia
1169 4830 1354 4885 opera,
1401 4815 1646 4871 Cassiani
1670 4815 1917 4885 quaedam
1957 4830 2132 4884 opus-

560 4904 680 4958 cula
710 4903 818 4960 lato
858 4913 1006 4960 tensa
1041 4905 1276 4974 eloquio,
1319 4914 1546 4975 angusto
1599 4905 1814 4958 tramite
1856 4904 1908 4958 iu
1965 4918 2131 4958 unum

561 4995 741 5066 coegit
785 4997 1054 5052 volumen.
1105 4997 1380 5067 Philippus
1410 4997 1696 5067 presbyter
1747 4997 1960 5051 auditor
1989 4995 2130 5050 beati

564 5085 894 5158 Hieronymi,
919 5087 1009 5157 qui
1042 5087 1098 5141 iu
1145 5085 1245 5142 Job
1295 5085 1521 5156 simplici
1569 5101 1819 5141 sermone
1845 5085 2015 5140 edidit
2065 5085 2133 5138 li-
2163 5077 2175 5091 ’

562 5177 709 5244 bros,
735 5178 982 5234 moritur.

594 5324 596 5326 ,
632 5269 742 5324 Leo
764 5268 937 5338 major
957 5283 1081 5324 cum
1108 5267 1288 5324 Leone
1311 5268 1538 5333 minore,
1570 5276 1797 5339 regnant
1822 5268 1980 5322 annis
2011 5282 2134 5321 sex-

562 5361 758 5416 decim.
781 5359 1105 5416 Alexandria
1132 5368 1193 5416 et
1227 5358 1494 5430 zEgyptus
1519 5373 1708 5414 errore
1739 5359 1979 5415 Dioscori
2026 5358 2134 5413 bac-

563 5453 715 5508 retici
743 5451 1002 5522 languens
1051 5451 1328 5506 immundo
1357 5451 1575 5522 impleta
1619 5451 1835 5520 spiritu,
1885 5449 2134 5504 caninam

565 5546 767 5600 rabiem
822 5545 1004 5598 latrat.
1041 5543 1144 5598 Per
1190 5544 1328 5600 idem
1382 5554 1590 5616 tempus
1619 5543 1868 5614 apparuit
1914 5543 2136 5597 hzeresis

561 5632 954 5702 Acephalorum
997 5633 1430 5690 Chalcedonense
1480 5634 1768 5689 concilium
1822 5633 2137 5704 impugnan-

564 5723 716 5777 tium.
749 5723 870 5781 Ideo
891 5723 1170 5796 Acepbali,
1214 5725 1373 5782 idest
1417 5726 1532 5781 sine
1561 5725 1736 5795 capite
1765 5725 2132 5791 nominantur,

2164 4508 2213 4567 D

2195 1954 2202 1962 .
2245 1903 2313 1957 ad
2353 1918 2508 1957 suum
2536 1912 2771 1972 tempus,
2804 1902 2856 1957 id
2903 1910 3007 1967 est,
3049 1917 3219 1972 usque
3251 1902 3634 1972 ad.imperium
3663 1904 3825 1970 hujus

2243 1992 2438 2047 Leonis
2462 1993 2560 2048 sub
2582 2007 2696 2062 quo
2731 2001 2788 2047 et
2827 2002 3074 2048 mortuus
3125 2001 3229 2048 est.
3271 1993 3561 2057 Victorius,
3593 1992 3824 2063 jnbcnte

2243 2097 2378 2152 papa
2403 2081 2630 2146 Hilario,
2657 2081 2876 2152 scripsit
2900 2080 3219 2137 Paschalem
3261 2081 3520 2137 circulum
3544 2093 3823 2136 sexcento-

2243 2191 2364 2230 rum
2423 2175 2645 2246 triginta
2696 2175 2926 2230 duorum
2993 2189 3278 2230 annorum.
3339 2173 3677 2230 Chlodoveus
3726 2191 3824 2229 rex

2244 2266 2597 2329 Francorum,
2625 2264 2876 2320 milliario
2913 2265 3126 2320 decimo
3170 2266 3238 2320 ab
3267 2265 3400 2320 urbe
3428 2264 3660 2320 Pictavis
3694 2281 3821 2318 cum

2243 2355 2460 2411 Alarico
2492 2371 2620 2428 rege
2639 2354 2938 2411 Gothorum
2963 2370 3196 2426 pugnam
3244 2355 3384 2421 iniit,
3434 2355 3616 2424 ibique
3645 2356 3822 2410 victor

2241 2447 2515 2502 Alaricum
2549 2446 2768 2501 occidit.
2799 2445 3138 2502 Amalarieus
3167 2445 3308 2502 ﬁlius
3333 2447 3554 2512 Alarici,
3579 2447 3822 2502 evadens

2241 2541 2296 2596 in
2336 2539 2643 2609 Hispanias,
2698 2537 2934 2607 aufugit;
2988 2535 3327 2592 Chlodoveus
3380 2535 3820 2606 Burgundiorum

2243 2647 2336 2686 rex
2400 2631 2693 2698 Tolosam,
2764 2629 3064 2686 Sanctonas
3095 2669 3111 2694 ,
3163 2638 3218 2685 et
3272 2629 3508 2700 reliquas
3566 2630 3822 2686 civitates

2241 2736 2568 2791 omnemque
2607 2730 2804 2774 terram
2851 2718 3226 2788 Aquitanicam
3260 2719 3580 2789 snbjugavit,
3609 2719 3824 2776 Gothos

2243 2814 2478 2868 Arianos
2502 2814 2625 2867 inde
2651 2811 2963 2882 expellens;
3002 2809 3242 2866 Francos
3275 2811 3346 2866 ibi
3377 2810 3674 2867 catholicos
3724 2813 3822 2866 ha-

2241 2905 2416 2959 bitare
2444 2904 2801 2959 constituens.
2843 2903 3126 2958 Salvianus
3167 2903 3449 2972 presbyter
3488 2904 3628 2972 apud
3681 2901 3821 2959 Mes-

2242 2993 2414 3048 siliam
2444 2992 2674 3046 humana
2705 3002 2757 3048 ct
2789 2993 2969 3046 divina
2997 2992 3302 3047 litteratura
3331 2993 3647 3057 instructus,
3680 2993 3823 3048 inter

2244 3084 2348 3162 alia
2369 3100 2489 3154 quae
2526 3084 2767 3153 scripsit,
2793 3085 2862 3139 ad
2889 3084 3240 3139 Claudiauum
3260 3085 3632 3157 presbyterum
3662 3084 3824 3139 Vien-

2243 3192 2484 3240 nensem,
2514 3177 2708 3231 librum
2759 3192 2926 3230 unum
2979 3177 3331 3246 expositionis
3367 3187 3620 3232 extremm
3649 3177 3823 3248 partis

2242 3268 2295 3322 in
2323 3268 2701 3322 Ecclesiasten.
2748 3266 2983 3322 Hilarius
3020 3267 3350 3322 Arelatensis
3398 3269 3654 3323 Ecclesia:
3679 3269 3825 3338 cpis-

2241 3376 2426 3431 copus,
2469 3361 2552 3414 vir
2587 3361 2639 3413 in
2668 3360 2872 3414 sanctis
2915 3358 3208 3428 Scripturis
3235 3359 3443 3424 doctus,
3485 3360 3824 3429 paupertatis

2231 3460 2493 3516 amator,
2541 3462 2594 3506 ct
2651 3466 2776 3520 erga
2825 3451 3043 3520 inopum
3090 3449 3453 3518 provisionent
3491 3466 3596 3504 non
3647 3451 3821 3504 solum

2242 3542 2440 3595 mentis
2462 3541 2682 3610 pietate,
2711 3541 2807 3594 sed
2829 3549 2882 3592 et
2903 3539 3150 3609 corporis
3172 3540 3253 3593 sui
3293 3539 3482 3595 labore
3523 3539 3818 3603 sollicitus,

2241 3630 2479 3684 emicuit.
2518 3629 2651 3694 Leo,
2677 3630 2824 3683 urbis
2849 3629 3031 3684 Romae
3058 3628 3405 3684 beatissimus
3430 3631 3738 3701 episcopus,
3767 3633 3820 3686 in

2241 3722 2485 3777 doctrina
2530 3721 2653 3776 ﬁdei
2695 3721 2876 3776 clarus
2925 3723 3171 3778 habetur.
3223 3723 3552 3779 Claudianus
3600 3741 3821 3794 quoque

2241 3812 2566 3868 Viemiensis
2615 3813 3214 3885 Ecclesim'presbyter,
3259 3814 3342 3868 vir
3373 3815 3440 3868 ad
3492 3814 3819 3884 loquendum

2239 3904 2456 3968 artifex,
2502 3913 2557 3959 et
2590 3905 2656 3958 ad
2699 3905 3074 3975 disputandum
3120 3905 3351 3969 subtilis,
3386 3905 3586 3961 ﬂoruit.
3615 3907 3724 3961 Sed
3766 3917 3823 3962 et

2238 3995 2474 4065 Prosper
2495 3997 2832 4066 Aquitanica:
2866 3998 3124 4066 regionis,
3155 3999 3399 4052 notarius
3420 3999 3563 4054 beati
3599 3998 3819 4060 Leonis.

2238 4103 2268 4140 a
2315 4102 2422 4156 quo
2472 4087 2686 4142 dictatas
2739 4088 3035 4143 creduntur
3094 4103 3214 4142 esse
3264 4089 3503 4158 epistolae
3550 4089 3821 4144 adversus

2237 4177 2531 4247 Eutychcm
2595 4177 2662 4232 de
2704 4194 2829 4232 vera
2881 4179 3252 4233 incarnatione
3292 4178 3464 4234 Chisti
3490 4219 3506 4245 ,
3551 4187 3604 4234 et
3647 4180 3824 4235 libero

2237 4271 2466 4326 arbitrio
2490 4269 2630 4325 male
2659 4270 3004 4325 sentientem.
3483 4313 3490 4319 .
3539 4315 3542 4319 .

2307 4359 2456 4431 [475]
2493 4359 2674 4413 Zenon
2711 4359 3024 4430 imperator,
3066 4361 3223 4414 annis
3273 4360 3680 4430 septemdecim.
3713 4361 3822 4416 Iste

2236 4451 2471 4506 Leonem
2524 4451 2690 4506 liliqu
2742 4468 2898 4506 suum
2949 4451 3253 4506 interﬁcere
3299 4467 3571 4520 quaerens,
3615 4468 3716 4520 pro
3753 4469 3821 4507 eo

2244 4551 2416 4597 mater
2439 4541 2558 4612 ejus
2596 4543 2760 4596 alium
2803 4543 3034 4597 similem
3071 4542 3240 4612 ﬁgura
3268 4541 3480 4611 obtulit,
3532 4543 3822 4613 ipsumque

2243 4629 2477 4686 Leonem
2508 4631 2719 4684 occulte
2749 4630 3006 4684 clericum
3031 4630 3158 4686 fecit
3185 4647 3198 4696 ;
3249 4631 3448 4700 quique
3477 4641 3533 4685 et
3560 4631 3614 4684 in
3656 4631 3820 4686 cleri-

2242 4731 2364 4777 catu
2398 4735 2566 4790 usque
2595 4720 2883 4774 Justiniaui
2910 4730 3152 4791 tempora
3186 4723 3338 4775 vixit.
3372 4721 3475 4775 Per
3507 4723 3648 4776 idem
3679 4732 3820 4776 tem-

2241 4827 2342 4883 pus
2357 4826 2554 4881 corpus
2572 4809 2833 4864 Barnabas
2858 4810 3110 4879 apostoli,
3129 4819 3185 4864 et
3212 4811 3561 4880 Evangelium
3579 4809 3819 4864 Matthaei
3892 4845 3902 4854 -

2239 4901 2355 4969 ejus
2380 4900 2519 4971 stylo
2549 4899 2810 4969 scriptum
2829 4900 2944 4970 ipso
2971 4900 3244 4956 rcvelaute
3268 4901 3552 4969 reperitur.
3572 4899 3822 4956 Odoaccr

2241 5011 2336 5049 rex
2363 4993 2663 5049 Gothorum
2704 4993 2932 5048 Romam
2981 4993 3243 5059 obtinuit;
3273 5009 3434 5064 quam
3464 5010 3532 5048 ex
3573 5009 3642 5047 eo
3683 5002 3820 5047 tem-

2237 5098 2368 5154 pore
2395 5083 2599 5137 diutius
2624 5097 2812 5137 eorum
2859 5097 3013 5152 reges
3060 5091 3300 5138 tenuere.
3332 5083 3544 5137 Mortuo
3569 5082 3820 5136 Theodo-

2241 5173 2354 5226 rieo
2406 5172 2601 5227 Triarii
2647 5171 2778 5237 ﬁlio,
2835 5171 2974 5226 alius
3019 5171 3410 5237 Theudoricus,
3455 5179 3818 5241 cognomento

2239 5264 2506 5332 Valamer,
2539 5264 2836 5319 Gothorum
2863 5263 3098 5334 suscepit
3120 5278 3367 5334 regnum,
3412 5264 3504 5334 qui
3527 5273 3818 5334 utramque

2239 5354 2610 5411 Macedoniam
2635 5353 3081 5423 Thessaliamque
3106 5338 3460 5425 depopulatus
3491 5362 3595 5408 est.
3638 5351 3819 5405 Pluri-

2238 5465 2328 5504 ma
2382 5449 2543 5520 regize
2589 5449 2827 5503 civitatis
2877 5447 2992 5502 loca
3042 5447 3164 5518 igne
3212 5447 3562 5510 succendens,
3606 5445 3816 5500 Italiam

2237 5556 2452 5612 quoque
2486 5539 2716 5595 infestus
2745 5539 3046 5610 occupavit.
3091 5538 3396 5594 Honoricus
3439 5554 3530 5592 rex
3573 5536 3820 5590 Wanda-

2239 5633 2414 5689 lorum
2459 5631 2715 5696 Arianus,
2770 5632 2824 5684 in
2877 5630 3057 5684 Africa
3115 5629 3378 5684 exsulatis
3438 5627 3822 5699 diﬁ‘ugatisque

2239 5728 2520 5797 plusquam
2555 5724 2814 5779 trecentis
2844 5731 2862 5777 t
2896 5723 3061 5795 iginta
3089 5721 3603 5794 quatuorepiscOpis
3629 5721 3822 5786 catho-
