4024 6362
264 418 372 474 105

1365 417 1777 478 ΟΗΒΟΝΙΟΟΝ.
1817 444 1886 458 -
1925 415 2135 473 IETAS
2171 415 2422 473 SEXTA.

3433 425 3535 480 106

264 531 389 588 licis
416 527 694 586 Ecclesias
727 541 918 584 eorum
961 529 1173 585 clausit.
1197 529 1416 588 Plebem
1456 533 1624 589 variis
1670 532 1849 589 affecit
1876 537 1925 595 Α
1953 527 2358 600 probatissima.
2397 527 2499 586 Hic
2529 525 2934 603 Sigismundum
2967 549 3148 607 regem
3186 536 3242 594 in
3285 536 3390 595 ﬁde
3412 540 3531 612 pie-

264 619 569 694 suppliciis,
593 619 934 677 innumeram
962 622 1357 680 multitudinem
1393 626 1717 682 catuolicam
1749 643 1851 698 pro

264 713 375 770 ﬁde
401 711 648 769 veritatis
676 711 930 784 peremit,
957 712 1256 772 innumeris
1286 732 1476 774 manus
1504 719 1847 787 abscindens,

263 812 322 860 et
351 811 412 860 ut
441 802 724 860 catholicae
749 803 1109 862 confessionis
1153 807 1423 878 loquelam
1461 810 1722 878 auferret,
1747 811 1851 867 lin-

262 912 403 969 guas
440 911 656 969 quoque
705 897 1096 970 praescindens,
1127 915 1268 972 pene
1314 909 1480 958 totam
1505 902 1747 959 Africam
1794 903 1847 959 in

259 989 538 1046 catholica
567 990 796 1047 veritate
824 991 982 1064 plene
1028 990 1328 1061 fundatam,
1372 1010 1538 1051 unum
1587 997 1850 1067 quodam-

258 1081 428 1138 modo
450 1091 744 1156 martyrem
777 1082 926 1139 fecit.

335 1183 608 1253 Britones,
635 1185 773 1242 duce
791 1185 1078 1243 Ambrosio
1104 1187 1413 1256 Aureliano,
1442 1189 1559 1246 viro
1575 1189 1844 1257 modesto,

261 1278 358 1348 qui
381 1276 528 1333 solus
551 1273 692 1335 forte
721 1277 1180 1350 Romamn-gentis
1196 1281 1470 1338 Saxonum
1498 1282 1628 1339 caedi
1653 1299 1844 1354 super-

259 1370 466 1439 fuerat,
505 1371 786 1430 victricem
829 1371 1104 1428 Saxonum
1143 1381 1357 1446 gentem
1400 1386 1757 1446 provocantes
1777 1377 1845 1433 ad

259 1463 535 1537 pmlinm,
567 1463 791 1521 vincunt
832 1483 846 1520 :
873 1474 929 1521 et
957 1480 1025 1520 ex
1052 1481 1116 1523 eo
1144 1477 1385 1539 tempore
1414 1484 1556 1524 nunc
1586 1469 1664 1536 hi,
1700 1486 1843 1527 nunc
1925 1459 1930 1465 ’

260 1553 339 1611 illi
364 1554 600 1627 palmam
634 1555 876 1612 habuere
897 1557 1071 1614 donec
1116 1557 1360 1616 Saxones
1386 1561 1608 1617 advena:
1647 1571 1840 1633 poten-

259 1648 432 1705 tiores
452 1656 559 1705 tota
603 1647 774 1704 insula
799 1665 898 1720 per
918 1648 1136 1723 longum
1159 1652 1482 1723 potirentur.
1503 1652 1844 1712 Chlodoveus

264 1756 361 1799 rex
401 1756 521 1798 cum
552 1741 892 1814 Ragnacario
931 1744 1233 1816 propinquo
1281 1761 1381 1802 suo
1411 1762 1648 1819 pugnam
1696 1748 1835 1803 iniit.

265 1833 694 1907 Comprehensus
742 1835 1136 1909 Bagnacarius,
1180 1836 1342 1894 simul
1372 1849 1428 1894 et
1458 1838 1627 1896 frater
1664 1840 1780 1912 ejus
1811 1855 1840 1894 a

1954 622 2083 678 tatis
2109 623 2383 680 erudivit:
2423 624 2519 695 qui
2547 632 2740 697 agente
2769 625 2861 683 illo
2890 630 3232 700 postmodum
3257 643 3534 690 monaste-

1954 713 2096 768 rium
2145 721 2458 770 sanctorum
2495 725 2796 789 martyrum
2845 717 3250 791 Agaunensium
3296 721 3532 782 Mauritii

1953 803 2332 876 sociorumque
2395 804 2512 876 ejus
2567 810 2892 865 construxit.
2947 811 3118 880 Quem
3187 815 3530 884 postmodum

1952 903 2168 965 captum
2203 935 2219 961 ,
2271 903 2327 950 et
2378 910 2410 951 a
2460 895 2684 955 Francis
2757 900 2999 957 occisum
3056 903 3533 964 vehementissime

1951 987 2141 1043 doluit.
2189 986 2436 1056 Quantus
2464 999 2646 1046 autem
2696 992 2750 1048 in
2786 993 3030 1051 Ecclesia
3056 994 3257 1052 Christi
3309 997 3530 1064 vixerit,

1958 1066 2197 1151 quisquis
2225 1081 2367 1138 scire
2395 1081 2463 1138 ad
2495 1081 2712 1154 plenum
2752 1085 2886 1151 vult,
2929 1095 3052 1158 post
3097 1085 3214 1156 ejus
3243 1088 3531 1146 innumera

1949 1171 2004 1228 in
2030 1173 2227 1230 divinis
2261 1173 2534 1232 laboribus
2559 1192 2744 1250 opera,
2775 1180 3111 1251 epitaphium
3141 1181 3310 1253 ipsius
3348 1183 3527 1255 legat;

1951 1263 2024 1320 ibi
2051 1276 2287 1337 quantus
2310 1264 2492 1335 fuerit,
2515 1269 2702 1326 videre
2724 1271 2924 1341 poterit
2955 1289 2969 1327 :
3003 1272 3097 1329 ubi
3141 1273 3283 1328 inter
3309 1273 3414 1329 alia
3448 1273 3532 1330 sic

1949 1357 2174 1413 metrice
2196 1356 2370 1414 lusum
2396 1367 2480 1414 est
2504 1359 2730 1416 veritate
2760 1376 2892 1432 pura
2918 1361 3241 1418 subnixum:

2138 1516 2276 1586 ynus
2300 1519 2349 1570 ln
2372 1531 2485 1586 arce
2509 1519 2718 1586 fuitkcul
2743 1519 2954 1586 quilibet
2979 1522 3152 1572 Ordine
3177 1522 3327 1586 fandi,

2133 1582 2307 1646 Qratur
2332 1582 2494 1646 nullus
2507 1583 2698 1641 similis.
2723 1584 2984 1644 nullusque
3007 1591 3149 1646 poeta
3171 1599 3186 1639 :

2133 1643 2350 1708 Clamant
2371 1645 2498 1708 quod
2522 1647 2674 1706 sparsi
2701 1659 2790 1707 per
2809 1643 2983 1696 crebra
3009 1643 3253 1696 volumina
3275 1645 3406 1696 libri.

2132 1705 2227 1766 Qui
2249 1705 2401 1769 vixit,‘
2421 1705 2559 1771 vivit,
2582 1705 2769 1770 perque
2786 1709 2944 1758 omnia
2962 1710 3139 1759 secula
3161 1709 3313 1760 vivet.

2019 1831 2380 1904 Symmachus
2408 1850 2545 1906 papa
2570 1835 2712 1892 inter
2753 1836 2925 1892 multa
2948 1837 3320 1894 Ecclesiarum
3343 1851 3530 1910 opera,

262 1935 420 2000 tergo
455 1927 647 1984 vinctis
675 1929 928 1985 manibus
955 1929 1065 2000 regi
1087 1931 1399 2000 prasentati
1428 1943 1574 1988 sunt.
1611 1933 1841 1988 Chlodo-
1871 1916 1918 1976 Β
1949 1941 2068 1996 quae
2093 1926 2180 1980 vel
2207 1941 2236 1980 τι
2270 1927 2632 1984 fundamentis
2665 1931 2890 1995 creaVil.
2913 1930 2998 1985 νεὶ
3020 1931 3197 2001 prisca
3228 1930 3531 1998 τεηονενίιν

255 2033 396 2076 veus
431 2036 526 2077 rex
549 2018 884 2094 Ragnacario
901 2023 1085 2079 dicens
1113 2040 1126 2077 :
1153 2023 1263 2080 Cur
1297 2023 1594 2080 lnnniliasti
1629 2036 1845 2096 gentem

257 2121 507 2170 nostram
556 2123 615 2169 ut
664 2115 859 2172 vinciri
903 2125 954 2172 te
992 2117 1390 2187 permitteres?
1435 2118 1730 2188 Bipennem
1791 2120 1844 2175 in

257 2214 421 2276 caput
451 2202 568 2274 ejus
588 2205 815 2272 deﬁxit;
847 2207 1034 2278 sicque
1075 2218 1320 2266 mortuus
1345 2219 1450 2267 est.
1491 2211 1672 2268 Fratri
1704 2228 1843 2286 quo-

256 2312 366 2367 que
391 2296 511 2367 ejus
538 2297 611 2353 ita
633 2297 771 2354 dixit
799 2316 814 2354 :
854 2298 911 2356 Si
939 2310 996 2356 tu
1028 2300 1183 2358 fratri
1228 2311 1320 2359 tuo
1348 2302 1679 2373 adjutorium
1707 2322 1846 2377 prac-

255 2389 495 2464 buisses,
519 2389 733 2447 vinctus
761 2400 926 2462 atque
955 2391 1152 2465 ligatus
1171 2410 1278 2450 non
1309 2393 1531 2462 fuisset;
1554 2397 1742 2468 sicque
1765 2399 1846 2454 bi-

229 2480 494 2553 ‘pennem
524 2483 578 2539 in
609 2492 774 2556 caput
818 2484 937 2556 ejus
975 2485 1202 2552 librans,
1235 2487 1434 2542 occidit
1464 2487 1845 2543 illum.Tradi-

262 2581 416 2630 tores
432 2589 618 2630 eorum
647 2583 1034 2646 cognoscentes
1063 2591 1254 2631 aurum
1291 2578 1435 2648 quod
1457 2594 1556 2649 pro
1583 2577 1846 2636 fratribus

267 2675 589 2736 acceperant
646 2665 913 2733 vitiatum,
969 2668 1082 2740 regi
1138 2668 1446 2725 Chlodoveo
1519 2670 1841 2727 retulerunt.

267 2759 478 2827 Quibus
527 2762 638 2832 ipse
689 2765 968 2834 respondit
1009 2783 1024 2819 :
1062 2762 1253 2821 Merito
1303 2765 1612 2838 bujusmodi
1651 2785 1842 2826 aurum

259 2861 580 2923 corruptum
608 2854 823 2924 accipit,
853 2855 945 2926 qui
969 2855 1245 2911 dominum
1295 2873 1452 2913 suum
1511 2857 1565 2913 in
1612 2869 1842 2915 mortem

259 2943 546 2999 tradidit:
599 2943 827 3001 sulliciat
902 2947 1056 3002 vobis
1107 2949 1249 3018 quod
1314 2949 1517 3006 vivitis.
1588 2950 1668 3007 llli
1730 2954 1844 3009 haac

257 3036 566 3104 audientes,
595 3053 708 3108 pra:
733 3037 1020 3097 innumera
1058 3041 1289 3112 pecunia
1335 3042 1501 3099 vitam
1550 3047 1844 3116 pretiosius

259 3129 557 3188 duxerunt.

333 3242 675 3351 Timotheus,
704 3249 978 3307 exstincto
1017 3252 1086 3308 ab
1128 3252 1510 3310 Alexandrinis
1537 3253 1840 3323 Protherio,
1870 3286 1915 3351 ρ

258 3344 357 3392 aut
377 3336 546 3392 voluit
567 3347 661 3393 aut
689 3355 882 3412 passus
927 3352 1013 3399 est
1045 3343 1114 3400 ab
1153 3360 1263 3400 uno
1298 3345 1551 3417 episcopo
1577 3346 1633 3402 in
1662 3347 1842 3404 locum
1873 3336 1921 3392 “.

259 3430 428 3487 occisi
450 3432 769 3504 episcopise
795 3435 1036 3494 ordinari
1069 3455 1084 3493 :
1125 3448 1180 3494 et
1208 3455 1277 3495 ne
1314 3448 1503 3496 contra
1532 3439 1706 3511 legem
1732 3443 1842 3500 fac-

261 3530 354 3580 tus
422 3525 621 3581 merito
690 3526 1038 3598 objiceretur,
1096 3531 1166 3586 ad
1212 3532 1440 3603 gratiam
1493 3533 1664 3606 plebis
1724 3551 1843 3606 qua:

257 3611 613 3672 Protherium
650 3633 875 3676 exosum
913 3621 1174 3678 habuerat
1200 3623 1616 3691 conciliandam,
1657 3639 1844 3682 omnes
1919 3654 1926 3661 ι

261 3708 462 3778 quibus
477 3709 566 3767 ille
589 3715 1104 3785 communicaverat,
1137 3715 1489 3774 Nestorianos
1505 3721 1840 3791 pronuntiat.

265 3802 761 3864 Chalcedonensem
785 3809 1048 3880 synodum
1079 3811 1388 3880 repudians,
1423 3812 1734 3872 confutatus
1774 3817 1843 3871 ab

261 3897 541 3964 omnibus,
573 3897 964 3958 haeresiarches
999 3903 1054 3958 in
1081 3903 1331 3960 exsilium
1357 3906 1630 3964 truditur:
1663 3907 1843 3978 ibique

261 3988 367 4044 sub
395 3988 614 4046 Zenone
639 3992 888 4048 moritur.

327 4103 477 4181 [492]
492 4105 828 4176 Anastasius,
847 4109 1205 4184 annisviginti
1219 4123 1360 4169 octo.
1377 4111 1842 4182 Transetnundus,

262 4195 652 4257 Wandalorum
704 4215 819 4266 rex,
877 4203 1174 4262 catholicas
1221 4207 1482 4264 ecclesias
1529 4208 1742 4275 clausit,
1791 4217 1847 4266 et

263 4290 534 4349 ducentos
560 4293 747 4366 viginti
775 4295 1056 4368 episcopos
1091 4298 1146 4354 in
1178 4297 1485 4358 Sardiniam
1523 4301 1720 4358 exsilio
1760 4318 1846 4359 re-

261 4381 487 4452 legavit.
524 4383 860 4458 Fulgentius,
906 4388 1205 4462 Ruspensis
1241 4392 1498 4450 Ecclesia
1524 4393 1842 4466 episCOpus,

264 4476 493 4532 scientia
519 4487 576 4535 et
600 4480 846 4538 doctrina
871 4482 1084 4541 claruit.

336 4591 530 4650 Avitus
569 4611 784 4668 quoque
837 4596 1163 4659 Viennensis
1214 4603 1501 4677 episcopus
1540 4604 1847 4676 eloquentia

263 4697 322 4742 et
344 4689 633 4746 sanctitate
692 4692 1016 4764 praecipuus,
1071 4694 1225 4764 cujus
1295 4696 1467 4754 frater
1521 4697 1850 4769 Apollinaris

264 4779 529 4840 Valentia:
552 4787 860 4860 episcopus,
909 4791 1186 4847 miraculis
1231 4792 1478 4865 insignis,
1516 4793 1656 4850 lsicii
1695 4809 1851 4850 sena-

265 4875 407 4932 toris
427 4877 663 4948 primum
691 4880 814 4946 viri,
837 4891 1023 4952 postea
1070 4881 1396 4940 Viennensis
1434 4884 1692 4956 episcopi,
1743 4885 1850 4941 duo

264 4964 496 5034 lumina,
526 4969 814 5026 clarissimi
843 4971 960 5028 ﬁlii.
1005 4973 1106 5028 Hic
1149 4973 1342 5030 beatus
1373 4974 1567 5030 Avitus
1589 4975 1850 5031 adversus

264 5057 501 5116 haeresin
534 5059 828 5131 Arianam,
883 5080 1003 5135 quae
1054 5073 1182 5121 tunc
1215 5081 1320 5121 non
1364 5065 1537 5122 solum
1583 5065 1843 5136 Africam,

265 5155 363 5210 sed
394 5162 448 5210 et
473 5153 702 5212 Galliam
729 5154 1051 5230 Italiamque
1079 5175 1273 5228 magna
1318 5175 1386 5215 ex
1431 5169 1586 5232 parte
1615 5175 1850 5231 occupa-

266 5255 441 5316 verat,
492 5265 690 5322 magno
737 5252 935 5308 sudore
984 5253 1304 5320 decertavit,
1355 5254 1500 5325 quod
1547 5253 1848 5310 clarissima

267 5337 388 5406 ejus
413 5354 579 5410 opera
610 5349 900 5399 testantur.
933 5343 1136 5400 Scribit
1164 5345 1308 5400 enim
1346 5345 1639 5418 dialogum,
1673 5347 1847 5404 haere-

209 5501 212 5503 Α
266 5430 352 5486 sin
408 5429 556 5484 illam
604 5447 922 5505 oppugnans
953 5433 1266 5491 ﬁdelissimo
1293 5443 1350 5491 et
1396 5435 1710 5492 doctissimo
1749 5438 1849 5493 im-

267 5521 592 5595 mortalique
621 5524 836 5597 ingenio
863 5526 928 5580 ad
959 5526 1369 5583 (tundebaldum
1403 5527 1846 5599 Burgundionum

270 5629 473 5683 regem,
533 5612 703 5670 ﬁlium
748 5615 1050 5673 Cundovci.
1100 5617 1234 5673 Item
1277 5618 1416 5676 alios
1458 5619 1670 5676 libellos
1715 5621 1849 5678 duos

213 5777 226 5787 ζ
268 5712 462 5759 contra
511 5703 822 5763 Nestorium
875 5718 931 5766 et
981 5708 1266 5766 Euticbem
1323 5720 1575 5768 auctores
1625 5715 1846 5780 erroris,

207 5861 228 5876 τ
271 5797 702 5857 luculentissimo
727 5810 783 5857 et
814 5802 1075 5875 castigato
1121 5804 1256 5860 satis
1300 5818 1571 5860 sermone.
1603 5803 1851 5862 Fuerunt

217 5877 220 5879 λ
267 5885 326 5950 et
367 5890 468 5946 alia
499 5890 640 5948 illius
659 5892 810 5964 plura
841 5894 1036 5950 eximia
1066 5911 1229 5967 opera
1270 5895 1323 5952 in
1369 5894 1571 5952 Christi
1607 5895 1845 5954 Ecclesia

593 5982 865 6049 Parnm.
914 5988 1202 6050 CXXIII.

1947 2018 2016 2072 ad
2050 2019 2266 2074 beatum
2294 2019 2535 2086 Petrum,
2565 2025 2631 2078 ad
2669 2023 2887 2079 beatum
2939 2022 3184 2090 Paulum,
3226 2032 3281 2080 et
3312 2025 3532 2079 beatum

1947 2108 2301 2166 Laurentium
2356 2114 2684 2190 pauperibus
2744 2114 3047 2172 habitacula
3106 2116 3534 2172 construxit:et

1946 2202 2095 2257 omni
2127 2218 2269 2258 anno
2303 2219 2401 2274 per
2452 2203 2690 2260 Africam
2719 2214 2774 2261 et
2809 2205 3116 2263 Sardiniam
3144 2207 3415 2278 episcopis
3438 2207 3530 2279 qui

1949 2291 2004 2348 in
2057 2295 2250 2350 exsilio
2310 2302 2469 2351 erant
2531 2298 2788 2367 pecunias
2837 2308 2893 2354 et
2941 2307 3120 2356 vestes
3182 2299 3529 2356 ministravit.

1944 2385 2270 2444 Anastasius
2323 2389 2644 2460 imperator,
2680 2390 2804 2460 quia
2845 2392 3038 2448 haeresi
3088 2391 3300 2459 favens,
3342 2393 3534 2450 catho-

1945 2477 2080 2534 licos
2111 2480 2403 2536 insectatus
2432 2488 2536 2544 est,
2571 2480 2754 2536 divino
2782 2480 3008 2539 fulmine
3033 2482 3211 2553 periit.

2018 2570 2116 2626 Hic
2147 2571 2470 2628 Anastasius
2495 2573 2769 2629 codicillos
2803 2575 3111 2631 Chlodoveo
3141 2577 3250 2648 regi
3279 2592 3375 2648 pro
3399 2593 3529 2632 con-

1946 2662 2124 2719 sulatu
2153 2664 2317 2719 misit.
2343 2665 2426 2720 Ab
2453 2679 2516 2720 ea
2545 2665 2631 2721 die
2651 2675 2706 2720 et
2731 2666 2920 2722 consul
2943 2676 2998 2721 et
3023 2677 3284 2738 angustus
3316 2678 3393 2723 est
3435 2686 3530 2740 ap-

1946 2753 2194 2825 pellatus,
2237 2755 2528 2825 sedemque
2559 2756 2706 2827 regni
2742 2755 2963 2812 Parisiis
2991 2759 3288 2813 constituit.
3320 2758 3528 2830 Regna-

1947 2846 2076 2900 vita
2106 2844 2330 2902 Francis
2355 2845 2574 2916 triginta
2601 2862 2790 2902 annos.
2815 2847 3057 2903 Fuerunt
3087 2859 3267 2905 autem
3291 2867 3322 2904 a
3352 2861 3528 2907 trans-

1947 2937 2024 2992 itu
2077 2938 2250 2995 sancti
2298 2923 2535 3005 Martini,
2577 2954 2748 3010 usque
2793 2940 2860 2994 ad
2911 2941 3197 2996 transitum
3237 2939 3529 2998 Chlodovei

1946 3033 2093 3102 regis
2141 3032 2296 3087 annis
2353 3039 2568 3088 centum
2615 3031 2917 3088 duodecim.
2975 3035 3021 3088 A
3075 3034 3306 3088 transitu
3357 3035 3533 3089 sancti

1948 3120 2163 3180 Martini
2217 3123 2541 3180 Viennensis
2600 3124 2742 3181 tertii
2805 3125 3040 3197 episc0pi
3095 3125 3260 3196 (nam
3321 3127 3529 3198 primtts

1947 3215 2243 3283 Crescens,
2297 3232 2532 3288 sequens
2596 3215 2891 3278 Zacharias
2947 3217 3187 3291 martyr)
3242 3233 3412 3289 usque
3464 3219 3533 3273 ad

1951 3313 2240 3367 transitum
2283 3309 2500 3366 Martini
2541 3310 2882 3366 Turonorum
2914 3311 3150 3382 episcopi
3180 3311 3397 3366 ducenti
3427 3328 3526 3366 nu-

1948 3401 2164 3472 naginta
2198 3401 2347 3467 anni,
2375 3410 2431 3457 et
2459 3417 2629 3472 usque
2654 3401 2720 3456 ad
2749 3402 3032 3458 transitum
3077 3402 3250 3457 sancti
3283 3401 3531 3457 Mamerti

1949 3492 2272 3548 Viennensis
2319 3493 2576 3548 Ecclesia)
2602 3494 2861 3565 episcopi,
2910 3493 3238 3565 eolliguntur
3265 3493 3391 3548 anni
3423 3503 3535 3549 tre-

1947 3586 2091 3642 centi
2139 3585 2330 3658 viginti
2392 3596 2537 3643 octo.
2607 3587 2817 3642 Mortuo
2871 3587 3201 3654 Chlodoveo,
3250 3588 3534 3643 Chlotildis

1951 3677 2135 3749 regina
2175 3693 2300 3733 cum
2338 3687 2570 3748 quatuor
2605 3678 2730 3733 ﬁliis
2759 3678 3068 3743 Chlodovei,
3103 3695 3326 3751 regnum
3363 3679 3535 3734 Fran-

1947 3785 2135 3824 corum
2188 3769 2396 3836 tenuit,
2454 3769 2831 3836 Theodorico,
2884 3769 3263 3836 Cblodomiro,
3320 3770 3534 3826 Cbilde-

1947 3857 2102 3916 berto
2131 3871 2186 3917 et
2211 3860 2512 3917 Chlotario.
2537 3860 2676 3917 Dani
2705 3879 2827 3918 cum
2859 3863 3043 3918 multis
3079 3864 3307 3919 navibus
3333 3864 3533 3920 Cocbi-

1918 4025 1920 4027 j
1949 3948 2089 4008 laico
2116 3953 2254 4008 duce
2283 3952 2338 4008 in
2362 3951 2568 4009 Callias
2601 3955 2890 4009 transitum
2919 3953 3145 4010 faciunt.
3176 3955 3309 4011 Cum
3341 3956 3537 4026 quibus

1950 4043 2318 4100 Theutbertus
2355 4042 2674 4100 Theoderici
2706 4045 2848 4101 ﬁlius
2874 4049 3151 4119 pugnavit,
3187 4064 3386 4120 eosque
3412 4065 3534 4105 cum

1949 4152 2077 4209 rege
2124 4135 2338 4192 illorum
2373 4140 2686 4209 prostravit.
2735 4139 3114 4198 Chlodomirus
3142 4149 3195 4198 et
3220 4141 3536 4201 Childeber-

1951 4237 2038 4284 tus
2063 4236 2228 4300 atque
2265 4228 2614 4288 Chlotharius
2661 4230 2858 4290 fratres
2895 4243 3085 4291 contra
3133 4234 3536 4304 Sigismundum

1949 4328 2005 4376 et
2033 4319 2390 4378 Gothmarum
2415 4324 2714 4380 exercitum
2746 4335 2984 4382 movent.
3013 4326 3256 4399 Cumque
3282 4329 3337 4385 in
3363 4331 3536 4389 aciem

1952 4411 2111 4469 simul
2165 4413 2464 4482 venissent,
2520 4415 2850 4488 fugientibus
2898 4417 3402 4491 Burgundionibus,
3451 4424 3538 4482 Si-

1913 4569 1920 4576 ,
1951 4510 2268 4580 gismundus
2296 4525 2420 4566 cum
2449 4511 2518 4568 ad
2548 4521 2857 4568 sanctorum
2901 4522 3200 4586 martyrum
3247 4517 3539 4589 Agaunen-

1955 4602 2096 4658 sinm
2123 4603 2508 4659 monasterium
2535 4604 2767 4676 fugeret,
2795 4606 3220 4678 comprehensus
3249 4626 3278 4664 a
3307 4611 3536 4669 Chlodo-

1914 4694 1930 4756 ῗ
1959 4694 2100 4749 miro
2129 4709 2255 4750 cum
2281 4709 2448 4750 uxore
2473 4703 2531 4750 et
2555 4695 2678 4751 ﬁliis
2705 4698 2818 4753 suis
2847 4709 3077 4754 necatur
3105 4717 3119 4754 :
3147 4713 3203 4756 ct
3228 4701 3283 4758 in
3315 4714 3533 4772 puteum

1956 4783 2230 4856 projectus
2258 4785 2581 4842 occultatur.
2624 4785 2729 4843 Sed
2775 4804 2874 4860 per
2917 4791 3303 4849 revelationem
3343 4807 3535 4866 postea

1913 4876 2082 4936 .inde
2113 4878 2182 4932 ab
2211 4876 2407 4934 abbate
2455 4887 2768 4937 sanctorum
2819 4893 3116 4957 martyrum
3164 4884 3375 4944 levatus
3425 4907 3535 4946 non

1957 4969 2113 5040 longe
2156 4971 2224 5026 ab
2253 4971 2483 5028 ecclesia
2525 4987 2713 5029 eorum
2760 4975 2812 5030 in
2859 4978 3188 5035 monasterio
3231 4982 3373 5051 quod
3421 4981 3537 5054 ipse

1957 5063 2301 5131 construxit,
2353 5064 2445 5121 ubi
2497 5079 2686 5121 eorum
2741 5079 3008 5138 corpora,
3072 5070 3281 5128 scilicet
3331 5071 3534 5130 Mauri-

1955 5157 2038 5223 tii,
2065 5159 2447 5229 sociorumque
2471 5159 2589 5231 ejus
2609 5174 2705 5215 sex
2736 5159 2960 5216 millium
2983 5173 3360 5221 sexcentorum
3385 5183 3537 5222 sexa-

1956 5253 2103 5321 ginta
2149 5267 2245 5310 sex
2293 5254 2466 5324 posita
2513 5261 2640 5308 sunt
2686 5253 2983 5310 honoriﬁce
3011 5257 3252 5328 sepultus
3283 5266 3366 5312 est
3397 5275 3409 5312 :
3444 5257 3536 5316 ubi

1955 5341 2247 5398 virtutibus
2273 5343 2613 5414 postmodum
2643 5353 2698 5398 et
2728 5344 2840 5414 ipsc
2861 5345 3074 5401 claruit.
3097 5345 3248 5403 Tunc
3277 5349 3536 5418 temporis

1955 5443 2012 5492 et
2033 5435 2226 5491 Avitus
2255 5437 2540 5508 presbyter
2569 5435 2796 5507 insignis
2833 5443 2975 5508 apud
3015 5437 3333 5494 Aurelianus
3368 5437 3537 5496 habe-

1959 5536 2068 5582 tur.
2115 5526 2494 5582 Chlodomirus
2537 5527 2591 5582 in
2636 5527 2914 5600 provincia
2960 5525 3284 5593 Viennensi,
3327 5528 3380 5586 in
3416 5529 3537 5588 loco

1957 5619 2049 5688 qui
2080 5617 2278 5674 dicitur
2308 5613 2656 5684 Veseroncia,
2687 5633 2810 5672 cum
2843 5617 3314 5689 Burgundionibus
3343 5621 3535 5680 decer-

1961 5717 2103 5773 tans,
2137 5706 2453 5764 interfectus
2477 5716 2581 5763 est.
2610 5703 2808 5762 Franci
2841 5707 3057 5778 indigne
3086 5707 3343 5778 ferentes,
3371 5711 3537 5770 Goth~

1961 5819 2170 5858 marum
2214 5802 2483 5875 persecuti
2534 5801 2873 5858 interimunt.
2904 5799 3170 5875 (Ducum,
3201 5803 3290 5870 lib,
3319 5822 3416 5873 xv;
3445 5806 3534 5862 Sl-

1962 5909 2130 5962 utsu.,
2180 5908 2310 5951 ann.
2358 5893 2504 5965 503).
2547 5888 2650 5950 Per
2679 5891 2818 5951 idem
2847 5901 3061 5965 tempus
3090 5898 3228 5952 θυεμ]
3259 5897 3538 5971 Carthagi-

3029 5993 3061 6052 ἢ

1926 6064 1982 6081 os.
