4024 6362
522 369 630 429 {07.

1523 363 1581 418 S.
1619 352 1873 424 Λυοωὸ
1908 350 2347 415 ARCHIEPISC.
2390 345 2793 413 VlENNENSlS

3676 348 3787 409 ωε

511 502 644 550 nam
668 486 927 561 Olympus
963 482 1185 562 quidam
1225 477 1555 537 Arianus'in
1594 473 1805 535 balneis
1846 481 2097 529 sanctam
2125 477 2178 536 Α
2202 464 2339 539 ginti
2375 479 2566 536 capsas
2614 462 3028 562 Evangeliorum
3071 476 3141 562 ex
3174 474 3319 562 auro
3661 477 3790 519 cum

432 564 433 571 ‘
524 578 846 642 Trinitatem
871 576 1276 646 blasphemans,
1322 569 1464 643 ignis
1493 566 1676 651 jaculo
1711 564 1999 622 visibiliter
2019 570 2105 621 est

518 669 857 733 cotiibnstus.
878 668 1093 733 .Barbas
1112 679 1331 737 quoque
1354 661 1574 735 quidam
1612 660 1853 716 ,Arianus
1889 659 2101 729 episco-

502 776 655 838 pus.
704 764 836 820 dun
889 760 1177 833 quemdam
1220 765 1414 816 contra
1462 753 1702 827 regulam
1749 753 1873 809 ﬁdei
1926 750 2102 828 bapti-

521 869 653 911 zans
680 853 917 926 dixisset
939 870 953 907 :
978 850 1225 922 Baptizat
1272 855 1324 903 te
1348 845 1575 910 Barbas.
1603 844 1658 899 in
1685 842 1901 899 nomine
1922 839 2103 897 Patris

520 960 617 1017 per
654 942 853 999 Filium
895 942 951 998 in
984 940 1190 1011 Spiritu
1214 944 1427 1002 sancto,
1455 934 1639 992 statim
1666 947 1807 1004 aqua
1833 946 1955 1002 qum
1980 930 2099 987 fue-

504 1046 610 1099 rat
635 1036 704 1092 ad
730 1032 1111 1105 baptizandum
1137 1030 1442 1102 deportata,
1470 1039 1737 1096 nusquam
1775 1021 2099 1094 comparuit.

526 1129 681 1198 Quod
704 1126 974 1196 aspiciens
1008 1121 1103 1195 qui
1144 1119 1502 1192 baptizandus
1534 1125 1657 1174 erat
1701 1114 1989 1172 confestim
2033 1110 2104 1167 ad

518 1198 842 1279 catholicam
890 1213 1176 1271 ecclesiam
1221 1211 1377 1277 abiit.
1428 1219 1485 1267 et
1508 1209 1663 1279 juxta
1708 1220 1918 1262 morem
1972 1201 2101 1258 fidei

518 1312 848 1384 baptismum
891 1306 1091 1365 Christi
1136 1304 1365 1385 accepit.
1402 1302 1676 1376 (NICEPB.,
1702 1300 1740 1355 ι.
1768 1315 1880 1367 xu,
1904 1314 1954 1355 c.
1982 1295 2102 1367 55.)

518 1402 752 1459 Faustus
770 1415 842 1458 ex
864 1398 1059 1455 abbate
1098 1395 1406 1453 Lirinensis
1445 1392 1758 1450 monasterii
1812 1389 1955 1461 apud
1998 1388 2106 1444 Re-

520 1496 670 1567 gium
706 1485 896 1551 Galliae
935 1482 1222 1562 episcopus
1263 1486 1460 1552 factus,
1508 1480 1883 1555 Pelagianum"
1910 1481 2105 1551 dogma

524 1589 806 1651 destruere
851 1591 1099 1648 conatus,
1141 1580 1200 1636 in
1248 1592 1489 1635 errorem
1536 1572 1741 1631 labitur
1776 1591 1789 1627 :
1827 1571 1970 1626 unde
2010 1567 2104 1638 qui

520 1683 638 1754 ejus
668 1694 860 1739 sensus
882 1680 939 1734 in
960 1678 1061 1734 hac
1085 1682 1241 1747 parte
1263 1670 1561 1729 catholicos
1587 1667 1908 1740 pradicant,
1940 1659 2104 1718 sicuti

520 1773 830 1833 Gennadius
869 1770 939 1828 de
980 1766 1282 1825 illustribus
1302 1762 1439 1820 viris
1468 1760 1742 1825 scribens,
1773 1754 1994 1811 omnino
2014 1766 2102 1807 er-

2206 562 2435 634 gemmis
2463 578 2479 616 :
2515 574 2635 631 qua:
2658 568 2850 615 cuncta
2895 555 3140 614 ecclesiis
3163 555 3368 612 divisit.
3402 554 3786 614 Childebertus

2203 665 2259 715 et
2289 655 2638 714 Cblotbarius
2662 653 2801 710 filios
2830 652 3164 710 Cblodomiri
3190 660 3416 722 nepotes
3452 666 3614 718 suos,
3652 666 3792 723 quos

2201 749 2481 804 nutriebat
2508 745 2823 810 Chlotildis,
2848 758 2917 800 ne
2937 750 3227 815 regnarent
3246 741 3365 798 loco
3387 743 3590 812 patris,
3619 742 3765 799 inter

2202 839 2428 896 ﬁciunt:
2458 853 2596 894 unus
2620 853 2688 894 ex
2719 836 2806 894 his
2829 834 3190 893 Chlodoaldns
3214 832 3420 905 effugit.
3447 834 3548 889 llic
3570 845 3786 906 postea,

2202 931 2392 988 relicto
2442 944 2608 1003 regno
2657 936 2908 995 terreno,
2959 925 3190 983 clericus
3238 924 3448 988 factus,
3496 925 3788 997 presbyter

2205 1015 2739 1086 deinde-ordinatus,
2775 1017 2931 1074 bonis
2954 1014 3213 1091 operibus
3252 1014 3549 1085 praeditus,
3599 1015 3795 1089 plenus

2204 1110 2497 1167 virtutibus
2521 1110 2770 1181 migravit
2791 1108 2861 1164 ad
2897 1107 3188 1165 Dominum
3203 1144 3220 1173 ,
3260 1104 3503 1177 sepultus
3524 1106 3795 1164 Noviome

2206 1202 2262 1260 in
2300 1202 2558 1259 suburbio
2584 1200 2872 1258 Parisiacae
2907 1200 3161 1257 civitatis.
3198 1198 3471 1272 Eugenius
3508 1197 3795 1275 Carthagi-

2206 1294 2390 1351 nensis
2417 1290 2616 1350 Africa:
2636 1292 2873 1351 civitatis
2894 1292 3202 1365 episcopus,
3229 1284 3513 1347 confessor
3541 1291 3792 1363 publicus

2207 1385 2458 1441 habetur.

2278 1474 2430 1553 [527]
2468 1475 2804 1535 Justinianus
2851 1476 3147 1550 imperator
3189 1478 3441 1550 regnavit
3486 1490 3657 1533 annos
3692 1468 3798 1534 tri-

2207 1568 2595 1639 ginta-novem.
2622 1564 2720 1623 Hic
2740 1565 2934 1624 Justini
2956 1583 3021 1623 ex
3045 1580 3236 1623 sorore
3263 1581 3451 1638 nepos.
3474 1564 3799 1624 Benedictus

2208 1658 2395 1727 abbas,
2432 1659 2689 1715 virtutum
2719 1659 2885 1732 gloria
2911 1644 3120 1716 claruit.
3156 1656 3332 1716 Vitam
3357 1659 3473 1730 ejus
3496 1656 3557 1713 Β.
3588 1654 3800 1733 Grego-

2196 1740 2322 1807 rius
2358 1766 2495 1823 papa
2542 1750 2596 1807 in
2634 1749 2967 1824 dialogorum
3016 1744 3170 1807 libris
3217 1751 3451 1822 scripsit.
3500 1748 3801 1810 Beliszirius

523 1874 665 1923 rant.
715 1864 797 1920 Ita
839 1861 987 1919 enim
1013 1858 1240 1916 liberum
1290 1853 1580 1910 arbitrium
1620 1858 1733 1906 tam
1776 1836 2187 1917 AugustinusB
2213 1843 2475 1915 patricius
2523 1841 2842 1899 mirabiliter
2893 1841 2958 1898 de
3013 1836 3194 1898 Persis
3245 1842 3617 1914 triumphavit.
3693 1843 3802 1910 Qui

520 1973 683 2030 quam
710 1955 893 2012 caeteri
927 1950 1180 2010 catholici
1204 1949 1261 2004 in
1286 1946 1527 2003 Ecclesia
1548 1942 1644 1999 Dei
1660 1942 1876 2004 docent,
1908 1936 2109 2030 ut‘illu-

524 2026 785 2114 minatio,
810 2045 985 2102 virtus
1010 2048 1071 2099 et'
1096 2041 1242 2098 salus
1280 2039 1353 2094 illi
1389 2053 1419 2092 a
1444 2035 1677 2097 Christo,
1727 2041 1781 2088 et
1823 2046 1917 2102 per
1956 2026 2111 2085 Chri-

524 2150 693 2205 stum,
721 2147 778 2195 et
803 2152 927 2194 cum
958 2133 1174 2191 Christo
1201 2132 1309 2197 sit;
1335 2129 1565 2185 Faustus
1596 2138 1724 2181 vero
1754 2123 1854 2178 iste
1886 2122 1959 2176 ita
1980 2119 2111 2175 libe-

526 2245 647 2289 rum
695 2228 1050 2286 christianum
1087 2221 1373 2279 arbitrium
1398 2218 1596 2275 docere
1625 2223 1870 2277 conatur,
1904 2219 1961 2266 ut
1991 2208 2111 2264 illu-

526 2321 752 2380 minatio
778 2317 916 2389 ejus,
940 2318 1116 2373 virtus
1151 2321 1207 2371 et
1232 2310 1401 2376 salus,
1434 2322 1543 2364 non
1574 2322 1605 2361 a
1629 2302 1871 2369 ChriSto,
1900 2302 1993 2357 sed
2020 2316 2111 2356 na-

524 2421 792 2561 “tanta
831 2503 976 2558 hunc
1006 2499 1199 2555 scribit
1235 2493 1573 2551 lucidissima
1622 2487 1727 2544 (ide
1763 2484 2110 2541 beatissimus

504 2598 714 2666 Avitus
753 2592 1076 2652 Viennensis
1113 2590 1422 2662 episcopus,
1452 2580 1569 2654 ejus
1603 2580 1936 2650 redarguens
1959 2588 2110 2629 erro-

503 2706 658 2756 rem.
689 2687 956 2747 Similiter
985 2694 1040 2740 et
1073 2681 1310 2739 Joannes
1347 2678 1432 2734 vir
1460 2673 1709 2747 eruditus
1736 2667 2112 2726 Antiochenus

522 2782 828 2859 presbyter.

594 2847 747 2948 [5th]
807 2868 1054 2927 Justinus
1110 2865 1406 2935 imperator
1459 2854 1617 2911 annis
1666 2862 1811 2948 octo.
1867 2847 2113 2948 ioannes

524 2939 781 3023 Roman—3
827 2960 1084 3018 Ecclesiae
1128 2951 1389 3028 pontifex,
1437 2939 1964 3013 Constantinopolim
2014 2951 2110 2991 ve-

528 3060 686 3117 niens
711 3055 780 3111 ad
805 3062 1014 3126 portam
1040 3065 1162 3122 qua:
1172 3053 1399 3103 vocatur
1422 3040 1625 3105 Aurea,
1652 3035 1973 3133 populorum
1997 3039 2112 3133 tur:

525 3150 610 3206 his
638 3147 690 3204 ei
720 3142 1153 3206 occurrentibus,
1188 3137 1243 3193 in
1265 3139 1559 3206 conspectu
1584 3127 1850 3193 omnium,
1890 3127 2105 3197 roganti

2215 1932 2407 1990 deinde
2441 1952 2471 1989 a
2496 1934 2800 1991 Justiniano
2829 1934 2883 1990 in
2908 1931 3145 1992 Africam
3175 1934 3390 2002 missus,
3411 1932 3803 1994 Wandalorum

2214 2034 2427 2096 gentem
2458 2025 2674 2081 delevit.
2727 2024 2995 2096 Carthago
3037 2042 3253 2099 quoque
3280 2034 3401 2098 post
3429 2043 3601 2083 annos
3628 2044 3805 2084 nona-

2212 2115 2360 2189 ginta
2388 2124 2620 2187 quatuor
2664 2116 2989 2172 vastationis
3033 2132 3175 2183 suae,
3226 2126 3441 2187 recepta
3467 2127 3579 2185 est,
3633 2110 3805 2189 pulsis

2213 2204 2546 2275 devictisque
2601 2202 2914 2272 Wandalis,
2986 2213 3042 2260 et
3089 2220 3215 2278 rege
3264 2221 3451 2263 eorum
3501 2200 3805 2265 Gelismero

2212 2306 2403 2368 capto,
2457 2306 2616 2368 atque
2675 2296 3193 2370 Constantinopolim
3253 2296 3438 2355 misso.
3478 2290 3806 2357 Viennensis

2213 2386 2497 2459 episcopus
2534 2386 2792 2443 Dominus
2822 2385 3018 2442 floruit.
3067 2386 3167 2443 llic
3195 2390 3301 2442 tam
3331 2386 3385 2443 in
3412 2388 3607 2444 divinis
3636 2404 3805 2460 quam

2214 2478 2267 2533 in
2295 2477 2649 2535 saecularibus
2693 2474 2900 2533 artibus
2940 2476 3166 2545 claruit,
3213 2487 3424 2534 amator
3466 2488 3804 2550 pauperum,

2215 2570 2520 2640 redemptor
2568 2569 2923 2640 captivorum,
2973 2569 3189 2640 vitaque
3221 2570 3652 2639 probatissimus.
3698 2566 3805 2627 Per

2214 2661 2356 2718 idem
2378 2671 2591 2734 tempus
2613 2676 2810 2734 corpus
2831 2661 2889 2718 S.
2906 2662 3127 2717 Antonii
3146 2662 3415 2729 monachi,
3439 2663 3617 2719 divina
3650 2664 3806 2721 reve-

2214 2752 2416 2810 latione
2441 2762 2734 2824 repertum,
2760 2752 3143 2808 Alexandriam
3166 2752 3500 2824 perducitur,
3549 2761 3605 2810 et
3634 2757 3688 2810 in
3714 2768 3805 2813 ee-

2214 2843 2379 2899 clesia
2407 2844 2581 2899 sancti
2627 2838 2862 2899 Joannis.
2896 2842 3151 2913 Baptistae
3192 2845 3466 2901 humatur.
3512 2844 3807 2920 Dionysius

2214 2936 2498 3010 paschales
2527 2935 2716 2993 scribit
2755 2934 3016 3002 circulos,
3048 2935 3312 3006 incipiens
3340 2935 3410 2992 ab
3448 2950 3591 2993 anno
3616 2936 3804 2996 Domi-

2214 3030 2349 3086 nicaa
2410 3028 2802 3085 Incamationis
2856 3028 3225 3084 ducentesimo
3264 3028 3558 3101 trigesimo
3603 3040 3805 3087 secun-

2215 3123 2318 3188 do,
2369 3122 2461 3192 qui
2510 3129 2592 3177 est
2633 3136 2806 3176 annus
2837 3120 3185 3185 Diocletiani,
3237 3120 3636 3177 ducentesimus
3670 3134 3809 3194 qua-

720 3201 904 3295 lumen
951 3201 1199 3290 reddidit.
1246 3227 1349 3297 Qui
1378 3201 1503 3282 cum
1546 3220 1762 3278 rediens
1792 3216 2113 3274 Ravennam
2141 3201 2186 3264 C
2216 3214 2555 3284 dragesimus
2595 3220 2824 3269 octavus
2864 3220 2991 3283 post
3040 3211 3376 3267 eomlatum
3424 3204 3706 3284 [δωραὰἰὶ
3753 3222 3811 3271 et

474 3332 787 3397 evenisset,
815 3323 1182 3384 Theodericus
1222 3334 1347 3377 eum
1389 3331 1511 3372 cum
1560 3309 1848 3372 comitibus
1902 3305 2114 3363 caeteris

441 3390 461 3407 .
528 3390 783 3483 carceris,
814 3417 1105 3475 alllictione
1155 3410 1415 3484 peremit,
1471 3405 1673 3463 invidia
1715 3404 1939 3468 ductus,
1986 3397 2115 3468 quia

528 3516 809 3576 catholica:
833 3512 1050 3586 pietatis
1089 3504 1340 3565 defensor
1376 3496 1624 3559 Justinus
1653 3512 1778 3554 eum
1814 3491 2115 3586 honoriﬁce

530 3581 874 3678 suscepisset.
918 3601 1036 3671 Quo
1079 3608 1321 3669 tempore
1365 3588 1748 3666 Symmachum
1770 3590 1948 3678 atque

534 3699 666 3755 tium
691 3673 1022 3753 consulares
1069 3689 1238 3754 viros,
1285 3700 1385 3757 pro
1421 3680 1689 3740 catholica
1729 3676 1933 3751 pietate
1971 3673 2116 3730 idem

530 3789 903 3848 Theodericus
946 3783 1187 3842 occidit:
1214 3780 1414 3851 quique
1458 3792 1600 3831 anno
1640 3778 1899 3843 sequente
1938 3766 2118 3823 subita

533 3890 709 3939 morte
759 3878 943 3952 periit,
996 3873 1323 3932 succedente
1375 3868 1429 3923 in
1480 3879 1645 3936 regno
1696 3858 1970 3917 Atalarico
2004 3871 2118 3952 _ne-

531 3983 655 4046 pote
680 3949 814 4041 ejus.
853 3967 982 4023 Post
1006 3958 1476 4021 Transemundum
1520 3949 2114 4046 Childericus-emea-

532 4039 821 4122 lentiniani
850 4055 1197 4131 imperatoris
1227 4052 1440 4123 captiva
1472 4047 1578 4102 ﬁlia
1606 4042 1842 4118 genitus,
1874 4042 1928 4097 in
1954 4039 2117 4095 Wan-

537 4155 673 4214 dalis
720 4166 943 4226 regnum
994 4145 1252 4217 suscepit.
1304 4141 1407 4212 Qui
1451 4143 1797 4197 sacramento
1823 4149 1856 4189 a
1883 4132 2117 4188 Transe-

539 4245 739 4303 mundo
781 4240 1096 4304 obstrictus,
1144 4251 1213 4292 ne
1259 4230 1541 4289 catholicis
1567 4228 1623 4283 in
1661 4238 1828 4297 regno
1857 4237 1956 4278 suo
1982 4235 2117 4277 con-

532 4340 735 4394 ualeret
786 4342 1078 4403 antequam
1109 4341 1335 4399 regnum
1373 4320 1693 4390 susciperet,
1735 4314 2019 4387 episcopos
2046 4311 2117 4368 ab

536 4428 724 4485 exsilio
768 4423 967 4482 reverti
1011 4419 1197 4493 jussit,
1250 4416 1438 4486 eisque
1485 4408 1759 4467 Ecclesias
1806 4404 2113 4462 reformare

533 4518 822 4595 praecepit,
880 4523 1004 4589 post
1051 4525 1223 4568 annos
1268 4503 1611 4579 septuaginta
1660 4495 2120 4595 quatuor-haere-

536 4567 655 4671 ἷῘᾶ
683 4567 1095 4684 profanationis.
1117 4567 1363 4657 Julianus
1382 4591 1705 4652 Viennensis
1723 4586 2119 4684 Ecclesimepi-
2144 4567 2198 4629 υ

537 4676 736 4778 scapus
776 4700 977 4758 floruit.
1015 4692 1406 4757 Theodericus,
1446 4682 1849 4778 Childebertus,
1878 4687 1933 4734 et
1956 4676 2120 4778 (-3-th-

539 4765 711 4854 tarius
766 4805 924 4861 reges
973 4794 1163 4843 contra
1220 4775 1690 4836 Hermenefridum
1740 4780 1924 4842 regem
1961 4765 2119 4861 Tho-

540 4855 1166 4958 ringiorum'exercitum
1212 4874 1585 4930 commovent,
1622 4872 1684 4958 et
1721 4861 1957 4958 victores
1982 4855 2120 4958 Her-

541 4948 896 5038 nienefridum
936 4972 1143 5045 fugant.
1193 4966 1364 5035 Quem
1392 4968 1581 5034 postea
1619 4953 1991 5012 Theodoricus
2017 4948 2119 5006 sub

542 5077 644 5132 [ide
669 5076 965 5142 receptum,
990 5066 1056 5122 de
1076 5077 1230 5119 muro
1251 5059 1401 5114 urbis
1421 5069 1543 5111 cum
1564 5049 1726 5107 simul
1746 5048 2118 5142 loquerentur,

542 5137 872 5239 praecipitat,
921 5156 1261 5224 infantesque
1285 5148 1402 5220 ejus
1433 5143 1705 5202 interficit.
1728 5137 2121 5239 Childebertus

540 5234 754 5331 quoque
807 5270 904 5327 pro
945 5265 1133 5309 sorore
1181 5263 1277 5303 sua
1320 5240 1580 5300 Amalrici
1627 5237 1770 5310 regis
1806 5248 2009 5331 uxore,
2066 5234 2123 5287 in

545 5326 1058 5422 Plisliaiiiapugnam
1090 5341 1228 5397 iniit.
1257 5337 1444 5410 Ibique
1477 5331 1781 5390 Amalricus
1803 5326 2123 5384 interfectus

545 5458 612 5498 ac
650 5439 884 5497 thesauri
930 5435 1072 5493 illius
1123 5429 1352 5503 direpti,
1418 5425 1666 5483 Toletqu
1710 5422 1841 5480 urbs
1888 5428 2118 5475 vastata.

545 5528 920 5591 Childebertus
946 5544 1067 5611 cum
1107 5538 1296 5582 sorore
1323 5536 1421 5578 sua
1450 5531 1702 5574 reversus
1726 5523 1841 5582 est,
1891 5524 2011 5585 Quae
2036 5523 2124 5569 ta-

547 5641 670 5683 men
714 5624 769 5680 in
809 5624 1000 5697 itinere
1042 5604 1202 5677 Vobiit.
1248 5613 1623 5672 Childebertus
1659 5622 1793 5664 vero
1833 5607 1974 5662 inter
1999 5604 2125 5663 reli-

551 5732 712 5788 quum
756 5716 1096 5780 thesaurum,
1141 5708 1336 5766 calices
1391 5701 1809 5791 pretiosissimos
1847 5698 2125 5770 sexaginta

548 5807 766 5876 detulit,
810 5807 1112 5879 quindecim
1154 5810 1378 5876 patenas
1405 5798 1542 5855 miro
1571 5810 1731 5866 opere
1757 5792 2003 5858 catlatas,
2046 5792 2125 5845 vi-

2215 3302 2423 3361 Orestis
2449 3316 2465 3357 :
2495 3317 2605 3373 quo
2625 3318 2770 3359 anno
2792 3303 2967 3359 codex
2992 3300 3329 3360 Justiniauns
3350 3304 3465 3360 orbi
3486 3307 3806 3378 promolgs-

2221 3404 2431 3453 tuaest.
2484 3396 2671 3453 Victor
2696 3411 2913 3469 quoque
2961 3395 3250 3467 Capuanus
3290 3398 3577 3470 episcopus
3604 3396 3807 3458 librum

2217 3489 2286 3545 de
2318 3488 2531 3545 Pascha
2553 3489 2819 3556 scribens,
2843 3487 3071 3544 Victorii
3090 3488 3275 3560 arguit
3294 3503 3529 3546 errores.
3558 3489 3809 3548 Theodo-

2216 3579 2367 3636 ricus
2388 3578 2723 3635 Francorum
2750 3595 2845 3636 rex
2886 3579 3147 3645 moritur,
3191 3580 3280 3636 cui
3320 3580 3563 3638 succedit
3603 3576 3810 3636 Theut-

2214 3672 2406 3729 bertus
2428 3670 2571 3728 ﬁlius
2597 3672 2735 3744 ejus.
2780 3671 3164 3728 Childebertus
3202 3679 3261 3728 et
3294 3668 3604 3728 Ctilotarius
3651 3682 3809 3744 reges

2217 3763 2548 3820 Francorum
2621 3762 2933 3835 Hispaniam
2996 3771 3230 3818 vastant.
3293 3762 3810 3835 Guar-Augustam

2218 3853 2623 3929 circumdantes
2648 3853 2916 3911 obsident.
2967 3852 3074 3910 Sed
3102 3855 3248 3910 cives
3278 3856 3515 3912 tunicam
3555 3856 3618 3911 Β.
3669 3857 3809 3913 Vin-

2220 3944 2383 4000 centii
2434 3945 2693 4018 martyris
2737 3944 3186 4002 circumferentes
3230 3947 3659 4003 misericordiam
3702 3948 3812 4004 Do-

2220 4037 2352 4092 mini
2374 4038 2657 4108 rogabant,
2691 4052 2795 4108 qua
2826 4038 2893 4094 de
2922 4054 2981 4093 re
3003 4037 3127 4095 ﬂexi
3158 4055 3329 4110 reges,
3382 4038 3726 4097 Childericus
3754 4050 3812 4098 et

2220 4127 2547 4196 Chlotarius,
2571 4144 2705 4200 pace
2729 4130 3050 4200 composita,
3066 4129 3121 4184 in
3138 4145 3361 4187 munere
3386 4130 3580 4187 stolam
3602 4132 3811 4188 beatis-

2221 4221 2345 4277 simi
2378 4218 2647 4277 Vincentii
2675 4220 2933 4294 martyris
2963 4236 2993 4276 a
3020 4220 3561 4295 Caesar-Augustanis
3582 4238 3812 4294 accepe«

2222 4321 2366 4368 runt.
2421 4310 2661 4370 Parisios
2706 4327 2956 4369 reversus
3012 4312 3427 4379 Childebertus,
3470 4314 3705 4371 ecclesia
3754 4315 3812 4371 in

2220 4407 2568 4463 veneratione
2616 4408 2676 4462 Β.
2729 4404 2996 4463 Vincentii
3044 4407 3301 4480 martyris
3336 4408 3409 4463 ibi
3457 4417 3806 4474 constructa,

2219 4496 2463 4551 eamdem
2495 4497 2665 4567 ipsam
2687 4496 2881 4553 stolam
2910 4497 2963 4552 in
3003 4497 3194 4554 eadem
3235 4498 3349 4568 ipsa
3376 4497 3604 4554 ecclesia
3646 4514 3811 4569 repo-

2225 4591 2353 4647 suit.
2398 4589 2763 4648 Theutbertus
2784 4590 2991 4647 Italiam
3021 4591 3344 4662 ingreditur,
3384 4586 3810 4663 Langobardos,

2224 4686 2467 4752 superat,
2498 4691 2659 4753 atque
2686 4681 3001 4737 tributarios
3029 4681 3132 4738 sibi
3162 4681 3385 4754 subigit.
3416 4678 3689 4739 Reversus
3718 4683 3813 4740 de-

2225 4773 2368 4830 cimo
2390 4782 2583 4843 quarto
2626 4772 2777 4845 regni
2823 4772 2906 4829 sui
2959 4787 3101 4830 anno
3155 4774 3405 4829 moritur.
3438 4773 3544 4830 Sed
3570 4782 3626 4830 et
3648 4770 3815 4831 Chlo-

2229 4864 2413 4921 thildis
2440 4863 2593 4936 plena
2635 4863 2792 4921 bonis
2818 4866 3099 4937 operibus,
3148 4866 3288 4938 apud
3316 4865 3502 4923 urbem
3529 4862 3814 4923 Turonum

2229 4956 2481 5027 migravit
2506 4956 2572 5012 ad
2596 4940 2886 5013 Dominum
2911 4975 2922 5011 :
2947 4968 3146 5027 corpus
3169 4956 3286 5029 ejus
3309 4972 3340 5011 a
3370 4954 3493 5013 llllis
3513 4956 3811 5026 sublatum,

2224 5044 2448 5105 Parisiis
2492 5047 2648 5120 juxta
2680 5048 2872 5104 virum
2897 5060 3056 5105 suum
3099 5047 3465 5106 Chlodoveum
3496 5049 3548 5103 in
3579 5044 3814 5104 ecclesia

2225 5150 2427 5197 sanctae
2448 5139 2736 5198 Genofevae
2761 5140 3029 5212 sepultum
3053 5149 3155 5197 est.
3186 5139 3495 5198 Chlotarius
3519 5150 3615 5197 rex
3637 5140 3813 5198 tilium

2225 5249 2382 5291 suum
2406 5233 2737 5290 Chramnum
2766 5243 2956 5290 contra
2985 5243 3046 5290 se
3082 5230 3467 5301 rebellantem,
3515 5242 3572 5289 et
3593 5234 3815 5306 publica

2225 5343 2403 5399 pugna
2424 5327 2790 5393 resistentem,
2813 5340 2937 5382 cum
2956 5326 3109 5398 prius
3129 5326 3270 5383 idem
3293 5326 3596 5384 Chramnus
3619 5336 3817 5398 captus

2224 5426 2279 5475 et
2304 5419 2500 5492 ligatus
2526 5418 2734 5487 fuisset,
2783 5428 2907 5476 cum
2932 5432 3101 5476 uxore
3125 5426 3183 5476 et
3212 5416 3335 5475 llliis
3361 5418 3521 5491 jussit
3548 5421 3674 5491 igne
3694 5434 3817 5475 cre-

2226 5513 2385 5570 mari.
2415 5512 2530 5568 Hoc
2553 5520 2793 5584 tempore
2830 5510 3020 5568 beatus
3050 5506 3335 5567 Medardus
3363 5508 3669 5584 episcopus,
3697 5509 3819 5580 ple-

2227 5623 2328 5664 nus
2349 5605 2637 5663 virtutibus
2655 5647 2669 5671 ,
2723 5605 2976 5677 migravit
2996 5604 3063 5661 ad
3094 5602 3402 5661 Dominum.
3451 5597 3625 5673 Quem
3652 5600 3818 5660 Chlo-

2208 5699 2398 5783 ~tarius
2453 5708 2549 5754 rex
2606 5696 2915 5754 Suessionis
2966 5694 3187 5752 civitate
3236 5694 3467 5767 gloriose
3527 5690 3815 5766 sepelivit,

2228 5792 2425 5845 iiiultas
2452 5787 2733 5846 facultates
2777 5784 2830 5842 et
2854 5798 3081 5843 munera
3109 5798 3171 5843 se
3203 5786 3271 5843 ad
3302 5786 3633 5859 sepulturam
3665 5780 3818 5842 illius
