4024 6362
202 404 310 464 109

1311 405 1726 466 CHBONICON.
1768 437 1837 449 —
1874 408 2082 464 IETAS
2117 411 2364 470 SEXTA.

3359 422 3460 473 Ηυ

200 521 444 578 tradens.
494 519 613 591 Ipse
637 531 817 576 autem
863 536 957 577 rex
985 536 1092 578 non
1130 522 1296 577 multo
1321 518 1779 600 postdefunctus,
1809 527 1861 588 Α
1888 530 1999 577 ιυω
2033 533 2312 579 transeunt
2347 543 2358 577 :
2402 525 2588 593 sicque
2631 522 2947 596 Sygibertus
2997 525 3322 595 Tornacmn,
3367 531 3458 586 ubi

199 616 256 670 in
307 615 495 672 eadem
532 615 646 684 ipsa
696 614 923 670 ecclesia
969 615 1113 670 beati
1161 615 1395 694 Medardi
1438 632 1465 669 a
1511 615 1634 670 ﬁliis
1672 615 1786 671 suis

193 704 473 779 sepelitur.
528 705 793 778 Regnavit
845 715 1023 763 autem
1076 693 1463 779 quinquaginta
1517 717 1571 780 et
1617 693 1786 764 unum

181 796 422 864 'annum.
642 791 646 796 ’
1289 797 1294 801 ’

270 880 453 964 [564]
510 887 752 944 Justinus
809 889 1017 953 minor,
1089 888 1246 942 annis
1308 887 1574 943 undecim.
1649 886 1786 942 Nar-

196 986 373 1042 cissus
395 972 658 1054 patricius
704 965 932 1035 Totiiam
971 979 1270 1036 Gothorum
1311 997 1488 1052 regem
1536 981 1588 1034 in
1628 965 1783 1035 Italia

197 1074 507 1146 superavit,
569 1081 624 1126 et
676 1072 893 1128 occidit.
943 1070 1043 1126 Hic
1093 1071 1287 1126 deinde
1340 1061 1500 1126 minis
1563 1059 1782 1126 territus

196 1167 418 1238 Sophia:
445 1163 700 1238 Augustae
723 1162 919 1221 Justini
953 1165 1140 1220 uxoris
1177 1164 1560 1237 Longobardos
1594 1181 1624 1219 a
1650 1163 1786 1220 Pan-

197 1262 378 1318 noniis
439 1260 724 1324 invitavit,
801 1273 1001 1328 eosque
1066 1259 1116 1312 in
1191 1257 1398 1312 llaliatu
1465 1258 1780 1313 introduxit.

192 1355 456 1417 Joannes,
509 1353 762 1408 Ecclesia:
814 1352 1069 1407 Romana:
1129 1349 1367 1421 pontifex
1400 1392 1414 1416 ,
1500 1350 1784 1406 ecclesiam

195 1446 564 1518 apostolorum
617 1439 847 1514 Philippi
895 1453 951 1499 et
1001 1442 1184 1499 Jacobi
1240 1440 1504 1512 perfecit,
1581 1453 1636 1498 et
1692 1444 1784 1498 de-

196 1541 417 1595 dicavit.
450 1537 822 1609 Pantagathus
862 1533 1180 1592 Viennensis
1211 1535 1467 1593 Ecclesue
1495 1539 1784 1609 episcopus

194 1629 399 1684 ﬂoruit.
445 1628 544 1683 Hic
573 1627 949 1683 consularibus
977 1628 1216 1683 fascibus
1244 1628 1478 1699 primum
1512 1629 1791 1695 sublimis,-

195 1723 290 1779 sed
327 1721 528 1778 Christi
561 1721 862 1775 humilitate
889 1721 1116 1791 primus,
1166 1721 1506 1791 postmodum
1544 1721 1782 1791 quinque

198 1817 362 1870 annis
379 1814 734 1884 episcopalem
761 1814 944 1868 sedem
976 1812 1285 1868 fidelissime
1315 1814 1458 1868 rexit
1485 1829 1498 1866 :
1529 1814 1628 1868 sub
1655 1829 1782 1867 con-

1879 614 2540 688 'Chilpericus‘residebat,
2574 615 2802 688 obsedit.
2847 615 2921 670 Eo
2958 624 3200 687 tempore
3239 631 3456 676 sanctus

1888 702 2189 763 Germanus
2212 699 2540 763 Parisiorum
2560 708 2842 780 episcopus
2867 708 3152 782 Sygiberto
3177 712 3288 784 regi
3315 728 3461 768 man-

1882 789 2356 860 'davit,'utcontra
2404 796 2624 853 fratrem
2669 815 2821 854 suum
2866 788 3012 854 nullo
3057 803 3214 856 modo
3265 802 3457 871 abiret,

1888 905 2062 959 neque
2085 890 2150 944 de
2178 889 2552 945 interfectione
2579 883 2720 946 illius
2748 892 3030 964 cogitaret,
3066 894 3207 964 quod
3237 893 3321 950 ille
3361 911 3458 950 au-

1888 981 2003 1035 dire
2055 981 2394 1051 contempsit.
2447 982 2555 1035 Sed
2609 979 2837 1039 Francis
2898 987 3264 1051 consentiens,
3311 1003 3459 1044 more

1886 1075 2066 1146 gentis
2090 1076 2372 1145 impositus
2413 1075 2618 1148 clypeo,
2662 1091 2755 1132 nex
2785 1061 3108 1134 constitutus
3130 1089 3234 1146 est,
3273 1097 3336 1137 ac
3374 1097 3458 1138 re-

1887 1183 2049 1239 gnum
2102 1167 2285 1222 fratris
2320 1168 2404 1222 sui
2441 1167 2727 1238 Chilperici
2780 1167 3006 1240 adeptus
3043 1171 3134 1240 qui
3173 1186 3277 1225 non
3305 1171 3461 1244 longe

1889 1257 2077 1312 fraude
2123 1257 2500 1330 Fredegundis
2529 1274 2560 1313 a
2599 1257 2808 1314 duobus
2830 1257 3118 1326 juvenibus
3146 1261 3463 1320 interfectus

1885 1363 1990 1408 est.
2024 1351 2266 1424 Namque
2290 1352 2365 1407 illi
2398 1351 2721 1408 simulantes
2749 1355 3012 1409 secretius
3041 1354 3238 1424 aliquid
3265 1355 3316 1409 ei
3340 1371 3464 1426 sug-

1887 1459 2094 1516 gerere,
2125 1443 2262 1500 latus
2286 1445 2428 1500 illius
2452 1443 2782 1518 perfodiunt,
2818 1447 2908 1517 qui
2943 1465 2976 1500 a
3015 1447 3318 1520 Chilperico
3361 1449 3464 1504 fra-

1889 1544 1989 1599 tre.
2031 1535 2085 1590 in
2123 1534 2440 1592 Latnbriaco
2474 1537 2595 1592 vico
2623 1537 2863 1609 sepultus
2907 1548 3008 1595 est.
3061 1538 3192 1594 Inde
3233 1541 3462 1595 transla-

1889 1640 1974 1686 tus
2007 1632 2059 1684 in
2090 1629 2367 1686 basilicam
2398 1630 2571 1686 sancti
2604 1630 2866 1696 Medardi,
2886 1632 3042 1702 juxta
3071 1641 3281 1704 patrem
3305 1649 3462 1688 suum

1887 1720 2219 1777 Chlotarium
2265 1722 2475 1793 positus
2504 1730 2606 1777 est.
2657 1721 2929 1792 Regnavit
2976 1733 3155 1778 autem
3209 1725 3464 1780 tredecim

1889 1812 2062 1867 annis.
2099 1811 2381 1868 Meroveus
2409 1812 2552 1868 ﬁlius
2578 1811 2890 1884 Chilperici,
2920 1814 3317 1870 Brunichildem
3340 1833 3469 1871 uxo-

194 1909 374 1962 sulatu
406 1907 611 1962 Paulini
639 1909 873 1980 junioris
895 1917 947 1962 et
972 1907 1156 1962 Basilii
1182 1909 1290 1962 vita
1320 1907 1535 1962 functus
1559 1916 1659 1962 est.
1681 1906 1779 1960 Cui
1813 1895 1857 1955 Β
1886 1921 1999 1960 rem
2027 1906 2276 1961 avunculi
2322 1906 2404 1961 sui
2434 1906 2487 1960 in
2525 1906 2839 1978 conjugium
2875 1907 3106 1977 accepit.
3140 1906 3243 1962 Pro
3271 1923 3378 1978 qua
3403 1924 3461 1963 rc

194 2003 462 2058 Successit
487 2003 540 2057 in
565 2002 878 2073 episcopatu
909 2001 1115 2065 lsicius,
1144 2001 1234 2070 qui
1265 2011 1322 2055 et
1350 2002 1462 2070 ipse
1493 2002 1591 2054 sub
1620 1999 1782 2054 Justi-

193 2093 359 2149 niano
385 2090 586 2148 floruit.
619 2092 862 2160 Quatuor
903 2091 1098 2146 fratres
1131 2091 1222 2145 ﬁlii
1255 2089 1516 2146 Chlotarii
1555 2105 1780 2160 regnum

193 2186 334 2241 inter
363 2199 423 2241 se
446 2185 713 2240 dividunt.
744 2184 1099 2239 Charibertus
1145 2183 1355 2253 accepit
1382 2198 1609 2253 regnum
1635 2180 1780 2236 Chil-

192 2278 422 2340 deberti,
466 2278 760 2346 sedemque
807 2276 1089 2332 constituit
1134 2273 1400 2330 Parisiis:
1434 2273 1781 2330 Guntbcbra-

191 2375 357 2427 mnus
402 2385 628 2440 regnum
661 2367 980 2434 Clodomiri,
1013 2368 1404 2437 constituitque
1445 2367 1627 2422 sedem
1673 2366 1783 2420 Au-

189 2459 415 2516 relianis
444 2479 456 2513 :
488 2459 844 2528 Chilpericus,
877 2473 1099 2530 regnum
1149 2457 1407 2514 Chlotarii
1446 2457 1618 2528 patris
1675 2456 1779 2521 sui,

193 2548 611 2619 Suessionisque
644 2551 863 2606 civitate
913 2549 1092 2605 sedem
1124 2550 1226 2604 sibi
1250 2549 1440 2604 statuit
1470 2567 1483 2602 :
1522 2547 1778 2619 Sygiber—

199 2651 290 2698 tus
319 2644 528 2711 accepit
554 2657 773 2714 regnum
805 2641 1151 2707 Theudorici,
1193 2641 1484 2711 sedemque
1516 2641 1616 2694 sibi
1645 2656 1780 2694 con-

201 2737 386 2791 stituit
439 2733 674 2790 Rhemis.
729 2735 933 2790 Octavo
977 2735 1126 2805 regni
1160 2735 1276 2805 ejus
1327 2749 1468 2789 anno
1496 2734 1548 2787 in
1582 2732 1782 2788 Gallias

196 2827 382 2883 Hunni
444 2843 567 2882 cum
623 2827 908 2898 Sygiberto
977 2825 1160 2896 praelia
1219 2825 1579 2881 committunt.
1646 2821 1783 2879 Victi

191 2919 467 2974 amicitias
498 2927 689 2990 petunt
716 2937 730 2973 :
763 2921 950 2989 sicque
980 2919 1033 2974 in
1067 2927 1266 2972 terram
1305 2931 1456 2972 suam
1487 2915 1780 2987 refugiunt.

195 3010 518 3083 Sygihertus
547 3021 604 3068 et
631 3011 966 3082 Chilpericus
997 3009 1196 3065 fratres
1228 3009 1371 3064 inter
1398 3025 1456 3064 se
1480 2997 1780 3073 decertant,

198 3117 250 3161 et
298 3108 536 3175 primum
582 3103 918 3176 Chilpericus
957 3089 1232 3159 civitatem
1268 3099 1628 3156 Rhcmensem
1657 3114 1784 3170 per-

197 3200 356 3253 vasit.
391 3198 716 3271 Sygibertus
742 3200 937 3253 iterum
986 3196 1308 3251 Suessiones
1337 3199 1583 3263 occupat,
1617 3199 1778 3262 capto

1885 2008 2075 2068 captus
2108 2014 2137 2052 a
2176 2008 2329 2068 parte
2374 2008 2428 2052 et
2464 2005 2798 2062 tonsuratus,
2841 2013 2904 2052 ac
2933 1998 3215 2069 presbyter
3245 2000 3464 2055 ordina-

1885 2098 1990 2155 tus,
2017 2089 2071 2143 in
2106 2104 2244 2160 pago
2278 2087 2707 2143 Cinnomannico
2738 2087 2789 2140 in
2841 2087 3228 2142 monasterium
3271 2089 3468 2144 missus

1885 2190 1988 2236 est.
2033 2177 2409 2235 Childebertus
2443 2176 2631 2248 junior
2673 2175 3038 2234 Brunichildis
3068 2177 3249 2235 ﬁlius:
3285 2195 3380 2234 rex
3411 2179 3462 2233 in

1883 2271 2104 2327 Austria
2160 2271 2527 2326 constitutus:
2573 2269 2664 2341 qui
2731 2269 2937 2325 Italiam
2993 2269 3294 2342 ingressus,
3344 2287 3464 2326 eam

1885 2362 2204 2425 devastavit,
2234 2371 2290 2418 et
2321 2357 2663 2417 tributariam
2691 2357 2836 2416 fecit.
2864 2357 3345 2416 Gunthchramnus
3370 2377 3466 2424 rex

1884 2453 2040 2513 bonae
2074 2458 2206 2513 satis
2228 2457 2505 2514 memoria:
2550 2466 2796 2514 mortuus
2823 2467 2922 2524 est,
2959 2457 3197 2528 atquein
3237 2447 3465 2513 Basilica

1885 2549 2054 2606 sancti
2085 2549 2323 2606 Marcelli
2361 2550 2619 2623 martyris
2643 2549 2920 2607 Cabillone
2960 2549 3202 2620 sepultus
3231 2568 3242 2603 :
3273 2565 3466 2621 regna-

1885 2643 1961 2696 vit
2001 2652 2180 2696 autem
2234 2641 2454 2712 triginta
2484 2653 2539 2697 et
2579 2658 2686 2697 uno
2742 2642 2916 2696 annis.
2977 2639 3320 2712 Leubigildus
3371 2655 3464 2693 rex

1885 2732 2049 2786 ﬁliam
2093 2731 2380 2802 Chilperici
2417 2741 2472 2788 et
2517 2731 2909 2804 Fredegundis,
2958 2733 3173 2787 nomine
3222 2725 3464 2786 Rinchil-

1885 2823 2032 2889 dem,
2070 2823 2223 2878 duxit
2276 2839 2518 2878 uxorem.
2564 2823 2936 2896 Fredegundis
2990 2840 3111 2879 eum
3167 2815 3464 2878 Landerico

1886 2913 2091 2984 majore
2121 2915 2313 2970 domus
2341 2915 2671 2982 adulterans,
2707 2915 3066 2986 Chilperirum
3093 2932 3273 2987 regem
3302 2932 3334 2970 a
3373 2929 3466 2969 ve-

1886 3007 2106 3062 natione
2135 3016 2494 3063 revertentem
2531 3008 2654 3063 dolo
2684 3023 2782 3077 per
2805 3009 3130 3080 gladiatores
3160 3007 3467 3064 interﬁcere

1887 3095 2052 3152 fecit:
2091 3107 2147 3153 et
2186 3099 2341 3170 quasi
2393 3100 2575 3156 nescia
2613 3101 2738 3155 mali
2780 3117 2902 3157 cum
2937 3101 3178 3157 exercitu
3228 3100 3468 3157 Parisios

1887 3189 2227 3260 deportatum
2265 3191 2319 3246 in
2344 3191 2587 3248 Ecclesia
2621 3192 2681 3247 Β.
2726 3190 2994 3248 Vincentii
3025 3193 3280 3264 martyris
3309 3196 3466 3265 sepe-

197 3260 536 3344 Theutberto
562 3287 849 3359 Chilperici
886 3283 1015 3341 ﬁlio.
1069 3283 1176 3341 Sed
1205 3260 1550 3355 postmodum
1589 3260 1779 3336 Sacra-
1810 3260 1857 3324 C
1887 3279 2005 3338 livit
2031 3299 2044 3335 :
2069 3281 2151 3337 sic
2187 3281 2303 3352 ipsa
2347 3298 2470 3338 cum
2513 3281 2818 3339 Landerico
2867 3291 2922 3338 et
2971 3260 3249 3339 Chlotario
3298 3260 3468 3354 parvo

200 3384 399 3438 mentis
425 3383 572 3437 inter
600 3397 658 3437 se
696 3382 860 3446 datis,
885 3381 1090 3451 aliquot
1118 3379 1275 3434 annis
1303 3377 1356 3433 in
1389 3376 1621 3448 quadam
1651 3387 1785 3446 pace

200 3485 537 3533 manserunt.
577 3475 932 3532 Charibertus
962 3491 1054 3529 rex
1087 3473 1336 3538 moritur,
1367 3479 1529 3542 atque
1559 3469 1614 3524 in
1642 3469 1787 3524 basi-

195 3567 302 3625 lica
336 3571 506 3625 sancti
555 3567 784 3623 Romani
833 3566 1018 3621 Blavio
1049 3563 1268 3620 castello
1299 3561 1578 3633 sepelitur.
1627 3559 1785 3632 Sygi-

199 3661 393 3716 bertus
448 3675 544 3714 rex
613 3656 1014 3713 Brunichildem
1063 3653 1377 3711 Athanaildi
1427 3651 1571 3724 regis
1613 3651 1785 3706 filiam

198 3768 430 3807 uxorem
489 3753 717 3823 acrepit,
767 3765 996 3822 eamque
1049 3752 1148 3807 sub
1193 3749 1410 3806 Arianis
1457 3748 1785 3818 baptizatam

201 3844 260 3899 in
289 3844 502 3899 nomine
528 3843 812 3899 individua:
840 3839 1124 3897 Trinitatis
1155 3837 1477 3910 rebaptizari
1506 3838 1784 3909 pneccpit.

203 3933 338 4005 Ejus
393 3949 637 3989 sororem
690 3931 1028 4002 Chilpericus
1066 3947 1161 3985 rex
1207 3931 1273 3984 ad
1324 3938 1534 4000 patrem
1580 3930 1634 3983 in
1697 3927 1789 3982 Hi-

203 4027 450 4096 spaniam
479 4028 720 4092 mittens,
757 4025 1116 4081 Chtlsuintam
1141 4025 1364 4094 expetiit
1391 4043 1402 4078 :
1429 4031 1482 4078 et
1509 4039 1630 4078 cum
1656 4021 1788 4077 alias

203 4134 405 4175 uxores
431 4119 678 4184 haberet,
708 4119 878 4189 ipsam
908 4118 1222 4188 superduxit
1254 4136 1265 4171 :
1297 4133 1459 4188 quam
1486 4128 1666 4173 tamen
1695 4134 1787 4187 po-

202 4219 323 4266 stea
360 4209 586 4265 consilio
614 4225 744 4265 usus
783 4209 1169 4280 Fredegundis,
1203 4224 1298 4280 per
1329 4219 1543 4264 noctem
1577 4213 1628 4264 in
1652 4209 1791 4266 lecto

202 4317 303 4358 suo
327 4301 700 4372 strangulavit.
1253 4286 1266 4296 ’

276 4391 399 4448 Jam
428 4402 554 4448 tunc
581 4393 916 4464 Chilpericus
951 4403 1062 4448 tres
1095 4393 1232 4450 filios
1257 4393 1491 4449 habebat
1517 4393 1582 4449 de
1613 4394 1792 4447 Αιιάοά

203 4497 339 4540 vera
393 4497 563 4538 uxore
621 4499 739 4549 sua,
781 4483 1200 4550 Theutbertum,
1253 4492 1309 4539 et
1349 4483 1680 4547 Meroveum,
1737 4489 1793 4537 et

203 4576 597 4633 Chlodoveum.
623 4574 860 4630 Absente
892 4574 1197 4646 Chilperico
1220 4574 1587 4646 Fredegundis
1615 4573 1790 4629 Audo-

1823 4627 1871 4687 D

1890 3371 2001 3428 filio
2029 3373 2084 3428 iu
2123 3385 2288 3444 regno
2318 3373 2534 3429 resedit.
2569 3373 2770 3428 Contra
2792 3387 2955 3445 quam
2977 3371 3354 3431 Childebertus
3379 3392 3470 3430 rex

1888 3465 2316 3530 Austrasiorum,
2357 3465 2448 3535 qui
2487 3463 2932 3521 Guntbcbramno
2959 3465 3185 3535 patrueli
3219 3467 3272 3521 in
3303 3481 3470 3538 regno

1889 3555 2210 3629 Burgundiae
2237 3566 2590 3623 successerat,
2634 3557 2829 3614 bellum
2859 3562 3169 3616 commovit.
3204 3559 3308 3617 Sed
3336 3560 3472 3616 Fre-

1891 3649 2153 3721 degundis
2181 3649 2295 3705 suis
2331 3649 2618 3704 consilium
2647 3650 2790 3704 dedit
2823 3659 2881 3704 ut
2908 3661 3065 3707 nocte
3097 3668 3219 3707 cum
3265 3649 3468 3723 lampa-

1893 3743 2050 3798 dibus
2081 3742 2292 3798 obviam
2321 3741 2482 3808 irent,
2517 3742 2882 3813 praecedentes
2919 3757 3097 3798 ramos
3129 3741 3182 3797 i'n
3221 3745 3469 3800 manibus

1893 3837 2117 3902 ferrent,
2145 3836 2394 3907 appensis
2422 3835 2798 3891 tintinnabulis
2819 3834 2888 3891 ad
2915 3835 3049 3890 colla
3082 3851 3366 3908 equorum,
3396 3851 3464 3892 ne

1893 3946 1922 3984 a
1972 3928 2272 4001 vigiliarum
2319 3929 2636 3984 custodibus
2683 3928 2809 3984 sciri
2852 3937 3094 3997 possent.
3153 3927 3285 3982 Nam
3343 3938 3472 3984 tunc

1895 4025 2154 4095 temporis
2184 4025 2405 4079 tinnitus
2432 4037 2602 4094 equos
2649 4021 2916 4078 Austrasii
2945 4023 3012 4076 ad
3063 4032 3276 4092 pastum
3309 4021 3468 4076 emit-

1895 4121 2100 4175 tebant.
2125 4118 2204 4172 illi
2231 4120 2306 4174 sic
2334 4127 2529 4173 cuncta
2580 4116 2866 4182 facientes,
2901 4115 3212 4170 Austrasios
3236 4122 3291 4169 et
3337 4113 3472 4168 Bur-

1894 4213 2190 4286 gundioncs
2220 4211 2308 4264 tali
2363 4211 2547 4266 fraude
2588 4209 2937 4275 seduxerunt,
2977 4209 3104 4263 dum
3153 4208 3348 4280 vigilia:
3378 4222 3476 4277 pu-

1897 4311 2013 4358 tant
2057 4303 2211 4373 juxta
2247 4303 2438 4358 silvam
2486 4317 2654 4372 equos
2683 4318 2810 4358 suos
2854 4317 3098 4372 pascere,
3127 4311 3184 4356 et
3217 4302 3474 4356 tintinna-

1895 4394 2017 4452 bula
2047 4411 2310 4467 equorum
2339 4411 2561 4451 suorum
2594 4411 2868 4451 resonare.
2902 4395 3090 4450 Caesus
3121 4399 3303 4465 itaque
3328 4395 3474 4450 Chil-

1898 4489 2102 4544 deberti
2157 4489 2446 4551 exercitus,
2501 4487 2691 4558 reliqui
2745 4503 2866 4543 eum
2918 4487 3144 4542 ducibus
3189 4489 3242 4542 in
3293 4487 3471 4561 fugam

1897 4582 2036 4636 versi
2069 4589 2211 4636 sunt.
2250 4577 2615 4648 Fredegundis
2661 4585 2782 4648 post
2831 4577 3163 4647 aliquantum
3193 4582 3472 4649 temporis,

203 4684 393 4724 veram
423 4668 667 4737 reginam
707 4668 798 4722 tali
832 4667 1021 4724 fraude
1051 4669 1285 4738 decepit,
1316 4678 1374 4723 ut
1420 4669 1583 4722 ﬁliam
1629 4681 1790 4737 quam
1824 4667 1869 4687 ν
1898 4683 2132 4739 mortua,
2163 4673 2214 4728 in
2252 4672 2482 4728 ecclesia
2511 4671 2650 4726 beati
2701 4671 2966 4726 Vincentii
2997 4671 3220 4728 Parisiis
3266 4675 3474 4743 sepulta

206 4775 276 4815 ex
305 4759 612 4828 Chilperico
637 4759 870 4814 habebat
907 4760 1189 4814 Audovera
1213 4775 1278 4814 ex
1307 4775 1464 4816 sacro
1494 4759 1658 4826 fonte,
1679 4760 1790 4830 ipsa

205 4866 306 4922 per
332 4867 391 4907 se
422 4866 524 4904 non
556 4867 654 4920 per
696 4852 856 4906 aliam
902 4851 1240 4920 susciperet:
1275 4852 1416 4921 quod
1447 4860 1501 4906 et
1546 4852 1660 4922 ipsa
1708 4866 1792 4905 se-

210 4945 376 4997 ducta
413 4943 628 5012 quidem
655 4943 804 5007 fecit,
833 4958 896 4998 ac
927 4944 1131 4998 idcirco
1161 4945 1502 5014 postmodum
1541 4959 1570 4997 a
1595 4943 1792 4998 marito

211 5049 311 5087 suo
338 5030 642 5101 Chilperico
667 5033 908 5098 dimissa,
941 5033 1128 5103 sicque
1173 5033 1545 5103 Fredegundis
1573 5035 1625 5088 in
1657 5048 1791 5088 con-

215 5125 440 5181 uubium
467 5124 700 5180 transiit.
735 5125 1018 5180 Audovera
1044 5126 1164 5182 velo
1193 5127 1366 5180 velata
1393 5127 1546 5181 villas
1573 5135 1628 5182 et
1657 5142 1794 5198 pra:-

217 5220 304 5274 dia
335 5227 541 5274 tantum
569 5219 636 5275 ad
681 5221 1130 5275 sustentationem
1166 5220 1249 5275 sui
1299 5223 1528 5291 accepit.
1571 5221 1792 5291 Episco-

215 5327 319 5382 pus
351 5311 445 5383 qui
477 5311 640 5367 filiam
685 5311 1005 5382 baptizavit,
1033 5313 1087 5367 et
1117 5313 1278 5366 matri
1321 5327 1440 5368 eam
1474 5321 1658 5367 tenere
1689 5329 1795 5367 non

216 5403 518 5473 prohibuit,
559 5405 768 5461 exsilio
811 5404 1098 5459 damnatus
1156 5413 1258 5459 est.
1316 5404 1644 5476 Leobigildis
1699 5419 1792 5460 rex

215 5497 519 5553 Gothorum
542 5500 804 5569 quasdam
843 5497 1117 5569 Hispania:
1151 5499 1396 5569 regiones
1425 5499 1528 5554 sibi
1570 5499 1797 5555 rebelles

219 5593 272 5646 in
299 5601 622 5660 potestatem
649 5592 730 5647 sui
763 5593 913 5664 regni
936 5593 1239 5664 imperando
1265 5592 1488 5662 redegit.
1519 5592 1631 5648 Hoc
1657 5601 1794 5647 tem-

215 5701 348 5760 pore
377 5687 640 5743 Natnatus
667 5687 989 5745 Viennensis
1017 5688 1270 5745 Ecclesiae
1296 5689 1580 5760 episcopus
1595 5689 1796 5754 floruit,

216 5780 418 5836 nobilis
475 5788 782 5844 stemmate,
839 5782 934 5837 sed
985 5783 1215 5838 nobilior
1276 5784 1407 5848 vita,
1453 5790 1507 5837 et
1563 5782 1794 5852 eloquio.

217 5871 415 5930 Franci
445 5874 535 5943 qui
563 5875 661 5929 sub
685 5875 889 5930 ditione
912 5873 1204 5946 Chilperici
1234 5883 1388 5931 erant
1439 5873 1506 5930 ad
1547 5873 1798 5946 Sygiber-

1897 4777 1998 4822 est.
2031 4765 2436 4821 Theodehertus
2475 4774 2528 4819 et
2555 4763 2945 4831 Theodoricus,
2980 4765 3072 4821 ﬁlii
3121 4765 3471 4834 Childeberti,
3559 4761 3561 4764 ⁴

1897 4875 2018 4914 cum
2056 4857 2175 4912 avia
2213 4870 2307 4910 sua
2335 4853 2680 4910 anichilde
2711 4855 2762 4908 in
2793 4870 3014 4926 regnum
3061 4855 3279 4927 gloriosi
3330 4858 3474 4930 regis

1897 4945 2326 5005 Gunthchramni
2352 4945 2403 4999 in
2451 4943 2814 5016 Burgundiam
2847 4947 3037 5000 directi
3064 4964 3076 5000 :
3109 4945 3474 5005 Theodericus

1898 5056 2018 5098 cum
2046 5038 2356 5095 Chlothario
2389 5037 2630 5108 patruele
2665 5054 2762 5092 suo
2807 5053 3039 5109 pugnam
3071 5039 3212 5104 iniit,
3242 5055 3475 5111 eumque

1899 5149 2021 5190 cum
2044 5131 2283 5186 exercitu
2310 5145 2407 5184 suo
2435 5126 2676 5198 fugavit:
2710 5129 2834 5183 inde
2861 5129 3228 5187 Theodericus
3249 5132 3474 5187 consilio

1899 5224 2091 5280 matris
2117 5239 2227 5279 sua:
2278 5221 2665 5287 Brunichildis,
2716 5236 2838 5276 cum
2889 5221 3263 5279 Thcodeberto
3308 5222 3474 5277 fratre

1899 5325 2132 5388 pugnam
2184 5315 2418 5369 miscuit.
2476 5311 2669 5368 Frater
2697 5313 2813 5382 ejus
2855 5313 3132 5370 Coloniam
3180 5317 3471 5385 ingressus,

1901 5409 2127 5478 doloque
2153 5407 2222 5461 ibi
2253 5406 2467 5461 occisus
2498 5413 2602 5471 est,
2654 5416 2923 5477 caputque
2953 5405 3096 5460 illius
3137 5403 3476 5459 Theodorico

1905 5499 2081 5561 fratri,
2114 5507 2172 5552 ut
2197 5497 2312 5567 ipse
2339 5495 2599 5566 jusserat,
2632 5497 2868 5552 delatum
2897 5497 2989 5551 filii
3030 5495 3385 5552 Theodeberti
3408 5497 3477 5552 ab

1906 5590 2022 5659 ipso
2070 5589 2362 5645 interfecti.
2411 5588 2603 5644 Filiam
2639 5586 2758 5658 ejus
2806 5590 2858 5643 in
2910 5587 3213 5658 conjugium
3264 5600 3480 5643 sumere

1907 5681 2112 5746 volens,
2142 5697 2172 5736 a
2201 5689 2372 5736 matre
2411 5681 2710 5751 prohibitus
2749 5689 2848 5734 est.
2885 5679 3090 5748 Cuique
3136 5681 3475 5747 postmodum

1906 5775 2263 5830 Brunichildis
2296 5784 2486 5840 mater,
2539 5776 2734 5829 timens
2779 5788 2844 5827 ne
2892 5787 3008 5827 eam
3047 5773 3355 5841 perimeret,
3387 5787 3478 5826 ve-

1908 5884 2102 5927 nenum
2129 5869 2390 5938 porrexit,
2424 5867 2620 5938 talique
2656 5880 2826 5924 morte
2857 5867 3022 5933 obiit;
3069 5882 3300 5939 regnans
3342 5872 3476 5939 Qua-
