4024 6362
539 375 636 433 Hi

1534 378 1595 434 S.
1634 375 1886 435 ADONlS
1921 376 2357 435 ARCHIEPTSC.
2398 374 2806 435 VIENNENSIS

3705 378 3809 435 ΗΞ

536 491 788 563 draginta
823 491 980 549 annis
1005 510 1021 549 :
1049 492 1186 550 filios
1209 491 1328 563 ejus
1355 491 1719 550 Brunichildis
1746 493 1970 550 occidit.
2003 491 2110 549 Na-
2143 499 2196 561 Α
2220 501 2476 566 quatuor,
2521 493 2592 550 ad
2637 475 2836 565 corpus
2875 491 2937 549 Β.
2985 489 3131 550 Petri
3175 491 3404 566 apostoli
3436 505 3808 565 congregans,

536 594 719 648 matus
743 585 1027 658 episcopus
1052 583 1371 640 Viennensis
1399 584 1797 655 septuagesimo
1823 599 1965 639 anno
1992 582 2118 639 vita:

537 697 653 740 sua:
676 681 1005 752 defungitur.
1057 677 1300 734 Justinus
1341 677 1638 748 imperator
1681 693 1871 733 amens
1918 675 2115 741 factus,

537 775 683 832 diem
705 773 838 828 obiit
866 792 880 828 :
907 773 1264 842 Tiberiusque
1307 788 1403 842 pro
1441 786 1506 825 eo
1533 770 1816 842 imperium
1860 767 2118 838 suscepit.

535 865 949 937 Burgundiones
973 872 1027 920 et
1054 862 1322 920 Austrasii
1344 877 1466 917 cum
1498 861 1718 933 reliquis
1738 859 1967 915 Francis
1989 872 2120 931 pace

537 957 681 1014 facta
723 956 1092 1013 Cblotharium
1132 953 1197 1010 in
1255 957 1427 1011 tribus
1476 955 1604 1010 totis
1645 953 1826 1026 regnis
1863 968 2026 1024 super
2065 966 2123 1006 se

536 1066 720 1123 regem
753 1051 1081 1105 levaverunt.

609 1141 760 1216 [5'75]
793 1139 1044 1195 Tiberius
1095 1125 1485 1196 Constantinus
1515 1139 1811 1210 imperator
1851 1134 2007 1190 annis
2035 1149 2122 1188 sc-

535 1245 708 1308 ptem.
754 1233 1051 1305 Gregorius
1096 1234 1274 1289 adhuc
1305 1231 1688 1304 apocrisiarius
1718 1231 1977 1286 Romame
2024 1227 2126 1283 Ec-

490 1311 492 1313 }
535 1327 714 1385 clesiaa
743 1326 797 1381 in
838 1325 1302 1396 Constantnmpoli
1333 1325 1497 1379 libros
1538 1321 1903 1394 Expositionis
1936 1320 1990 1375 in
2025 1317 2125 1374 Job

535 1418 799 1481 condidit,
843 1426 1004 1488 atque
1055 1415 1381 1487 Eutychium
1429 1414 1670 1485 ejusdem
1717 1413 1868 1468 urbis
1918 1413 2126 1483 episco-

533 1525 663 1582 pum
697 1509 751 1563 in
783 1507 886 1562 fide
929 1515 1129 1562 nostra:
1177 1505 1592 1562 resurrectionis
1625 1517 1858 1568 errasse,
1911 1501 2128 1557 Tiberio

469 1583 482 1608 ³
533 1612 820 1675 praesente,
853 1602 924 1656 ita
949 1600 1208 1664 convicit,
1241 1608 1301 1655 ut
1347 1600 1645 1671 imperator
1698 1597 1893 1652 librum
1929 1595 2118 1667 ipsius,

535 1711 697 1768 quem
727 1693 796 1750 de
824 1693 1221 1750 resurrectione
1267 1692 1588 1762 scripserat,
1629 1687 1862 1744 ﬂammis
1891 1685 2126 1743 cremari

533 1789 734 1847 debere
761 1786 1035 1843 liberaret.
1067 1786 1303 1840 Docebat
1347 1783 1490 1840 enim
1524 1783 1666 1838 idem
1696 1778 1991 1853 Eutychius
2014 1792 2131 1832 cor-

2221 601 2342 657 qua:
2369 585 2673 642 necessaria
2705 594 2832 641 sunt
2871 583 3127 642 Ecclesiae
3163 585 3420 642 decernit.
3457 584 3599 639 Idem
3629 581 3812 642 iniistis

2221 679 2276 734 in
2306 677 2639 734 Britanniam
2667 677 2972 750 Augustino
2991 719 3007 744 ,
3056 676 3258 734 Mellito
3281 719 3295 742 ,
3341 686 3390 733 et
3415 674 3623 733 Joanne
3641 717 3656 742 ,
3683 692 3810 734 cum

2221 772 2343 828 aliis
2366 772 2610 844 pluribus
2641 771 2956 828 timentibus
2987 771 3179 838 Deum,
3213 771 3280 826 ad
3301 769 3576 827 Christum
3610 770 3812 840 Anglos

2222 866 2510 921 convertit.
2538 864 2815 936 Siquidem
2868 863 3177 921 Edilbertus
3233 878 3326 920 rex
3371 863 3811 930 Cantuariorum,

2223 972 2348 1012 cum
2395 964 2556 1027 gente
2595 955 2682 1012 cui
2727 965 2990 1027 praeerat,
3034 956 3100 1011 ad
3140 954 3412 1012 Christum
3456 955 3812 1020 convertitur,

2223 1050 2488 1119 sedesque
2542 1058 2650 1104 tam
2699 1049 3000 1120 Augustino
3051 1049 3260 1105 doctori
3308 1065 3442 1111 suo,
3499 1064 3662 1120 quam
3695 1048 3818 1104 aliis

2223 1142 2496 1214 episc0pis
2542 1141 2789 1212 largitur.
2837 1140 3206 1197 Brunichildis
3253 1140 3439 1211 regina
3480 1156 3580 1212 pro
3629 1139 3818 1195 multis

2226 1235 2523 1292 sceleribus
2552 1235 2666 1292 suis
2709 1235 2762 1290 in
2803 1235 3091 1305 praesentia
3140 1233 3441 1290 Chlotharii
3493 1232 3633 1305 regis
3661 1230 3814 1301 judi-

2225 1331 2476 1387 cantibus
2506 1329 2761 1396 Francis,
2793 1330 3071 1385 indomitis
3091 1328 3280 1400 equis,
3326 1327 3550 1398 religata
3579 1326 3820 1382 brachiis

2226 1432 2282 1478 et
2324 1421 2578 1478 cruribus
2603 1421 2945 1488 divaricatis,
2993 1418 3342 1476 membratim
3387 1417 3726 1483 discinditur,
3751 1431 3820 1472 ac

2229 1513 2337 1584 igni
2363 1528 2485 1568 ossa
2516 1511 2658 1575 illius
2680 1521 2944 1568 cremata.

2297 1604 2508 1661 Phocas
2549 1603 2789 1677 regnavit
2819 1605 2977 1659 annis
3018 1611 3163 1660 octo.
3195 1601 3493 1672 Gregorius
3517 1599 3815 1673 Anglorum

2227 1695 2372 1768 genti
2399 1693 2843 1765 melropolitanos
2863 1693 3073 1761 statuit,
3100 1693 3354 1764 deditque
3374 1691 3630 1750 Liudonae
3654 1701 3818 1763 atque

2229 1785 2505 1841 Eboraciae
2553 1783 2819 1855 episcopis
2848 1784 3070 1856 pallium
3108 1801 3122 1840 :
3157 1784 3396 1841 secundo
3435 1800 3578 1841 anno
3605 1784 3817 1855 imperii

531 1896 637 1954 pus
660 1888 902 1937 nostrum
930 1878 983 1934 in
1015 1877 1419 1934 resurrectione
1467 1873 1832 1945 impalpabile,
1856 1872 2033 1927 ventis
2059 1886 2122 1926 ac
2151 1880 2199 1941 Β
2226 1877 2456 1944 Ριιοαε,
2496 1877 2792 1932 indictione
2835 1885 3059 1944 octava,
3109 1876 3363 1946 migravit
3390 1876 3456 1932 ad
3505 1876 3819 1933 Dominum.

532 1975 725 2046 requie
755 1974 993 2029 futurum
1021 1971 1292 2027 subtilius.
1341 1969 1487 2026 Gens
1511 1967 1994 2041 Longobardorum
2026 1979 2122 2020 co-

533 2066 762 2121 mitante
787 2065 928 2119 fame
955 2072 1011 2118 et
1037 2062 1381 2125 mortalitate,
1408 2077 1623 2117 omnem
1656 2059 1864 2118 invadit
1889 2057 2122 2124 Italiam,

533 2157 818 2230 ipsamque
864 2155 1168 2211 Romanam
1219 2154 1408 2210 urbem
1457 2152 1712 2210 obsedit:
1746 2151 1943 2222 quibus
1982 2157 2122 2205 tem-

531 2263 668 2320 pore
699 2247 790 2304 illo
829 2263 922 2304 rex
965 2255 1198 2319 praeerat
1238 2246 1524 2303 Alboinus.
1570 2244 1733 2302 Gothi
1765 2258 1980 2315 quoque
2021 2243 2124 2298 sub

532 2340 940 2412 Hermenigildo
1003 2339 1282 2411 Lewigildi
1332 2341 1474 2410 regis
1521 2338 1652 2404 (ilio,
1705 2337 1902 2392 bifarie
1942 2334 2122 2402 divisi,

534 2444 726 2492 mutua
751 2435 896 2490 aede
921 2449 981 2490 se
1007 2441 1241 2489 vastant.
1274 2429 1553 2503 Philippus
1577 2429 1901 2487 Viennensis
1918 2428 2126 2500 episco-

528 2543 634 2600 pus
654 2526 836 2582 clarus
860 2523 1060 2580 ﬂoruit.
1083 2523 1250 2593 Cujus
1274 2533 1517 2594 tempore
1546 2521 1934 2578 monasterium
1951 2517 2124 2575 sancti

527 2619 760 2676 Andreae
789 2618 1113 2676 subterioris
1143 2616 1362 2673 Vienna:
1390 2615 1667 2672 conditum
1695 2632 1724 2670 a
1757 2613 1988 2671 Remilla
2019 2613 2126 2670 Eu-

531 2714 689 2788 genia
717 2711 1052 2770 Ansemundi
1083 2711 1238 2767 ducis
1274 2711 1406 2774 filia,
1457 2719 1622 2781 atque
1673 2710 1773 2766 sub
1801 2716 2127 2765 testamento

530 2807 694 2862 matri
743 2805 995 2861 Ecclesia:
1025 2805 1304 2860 traditum.
1358 2801 1493 2858 Nam
1543 2801 1688 2857 aliud
1735 2799 2126 2857 monasterium

530 2899 784 2970 superius
809 2897 869 2953 S.
899 2899 1152 2963 Andreae,
1177 2897 1232 2952 in
1251 2895 1387 2951 colle
1407 2893 1643 2950 civitatis
1661 2894 1825 2949 situm
1847 2892 1960 2962 jam
1983 2900 2124 2949 erat.

531 2991 821 3049 Fundaver
839 3000 878 3046 vt
906 2991 1050 3047 enim
1079 2989 1254 3060 ipsum
1286 2987 1632 3044 beatissimus
1665 2985 1970 3042 Leonianus
1993 2995 2129 3040 tem-

530 3086 758 3159 poribus
789 3083 963 3140 sancti
989 3083 1132 3138 Aviti
1158 3079 1400 3150 ejusdem
1437 3079 1588 3136 urbis
1621 3078 1884 3150 episcopi,
1911 3077 2002 3133 ubi
2028 3091 2126 3132 ea-

533 3180 655 3234 dem
703 3177 820 3247 ipsa
873 3173 1102 3230 Remilia
1157 3173 1258 3228 sub
1303 3171 1537 3244 regulari
1588 3169 1870 3243 disciplina
1923 3167 2127 3225 nutrita

2226 1967 2459 2034 Phocas,
2483 1978 2709 2040 rogante
2731 1984 2867 2040 papa
2888 1967 3187 2031 Bonifacio,
3212 1969 3399 2025 statuit
3419 1968 3602 2024 sedem
3627 1967 3825 2025 Roma-

2227 2076 2351 2117 nam
2378 2069 2540 2132 caput
2565 2076 2684 2117 esse
2712 2059 2951 2116 omnium
2983 2059 3371 2124 Ecclesiarum,
3403 2061 3528 2132 quia
3557 2061 3822 2118 Constan-

2230 2151 2584 2223 tinopolitana
2632 2151 2871 2207 Ecclesia
2915 2152 3090 2223 prima
3130 2166 3190 2208 se
3234 2153 3477 2208 oumium
3520 2153 3818 2208 scribebat.

2227 2246 2523 2304 Domnolus
2573 2245 2897 2303 Viennensis
2937 2247 3226 2319 episcopus
3269 2259 3397 2304 tunc
3427 2247 3693 2314 ﬂorebat,
3740 2249 3826 2304 vir

2229 2350 2504 2408 strenuus,
2533 2341 2662 2398 etin
2691 2341 3021 2398 redimendis
3047 2341 3276 2413 captivis
3293 2341 3595 2413 piissimus.
3614 2341 3826 2398 Pbocas

2229 2442 2453 2504 rogante
2477 2432 2585 2488 alio
2618 2430 2896 2488 Bonifacio
2944 2429 3193 2488 Romano
3232 2432 3521 2503 pontiﬁce,
3563 2433 3617 2488 in
3653 2432 3823 2488 veteri

2231 2525 2356 2582 fano
2381 2527 2528 2597 quod
2573 2526 2856 2582 Pantheon
2905 2526 3224 2593 vocabatur,
3270 2527 3470 2583 ablatis
3502 2526 3822 2583 idololatriae

2229 2618 2480 2674 sordibus
2501 2616 2789 2674 ecclesiam
2819 2616 3000 2674 Beata:
3026 2634 3240 2690 semper
3284 2616 3525 2689 Virginis
3552 2620 3738 2674 Mariae
3769 2627 3822 2674 et

2229 2713 2806 2788 omniummartyrum
2837 2712 3076 2767 dedicari
3099 2711 3295 2780 jussit,
3344 2721 3404 2767 ut
3432 2714 3519 2767 ubi
3547 2713 3817 2783 quondam

2231 2819 2337 2859 non
2361 2803 2619 2868 deorum,
2670 2802 2766 2858 sed
2801 2803 3190 2866 dannoniorum
3216 2801 3394 2858 cultus
3422 2803 3704 2874 agebatur.
3747 2801 3820 2858 ibi

2229 2893 2484 2967 deinceps
2511 2893 2756 2950 omnium
2794 2893 2949 2950 fieret
2979 2894 3240 2950 memoria
3279 2903 3609 2949 sanctorum.
3657 2893 3818 2950 Pata-

2231 2989 2334 3044 sini
2360 2999 2415 3045 et
2447 2986 2637 3044 Veneti
2663 3003 2760 3060 per
2785 2985 3063 3044 Orientem
3093 2997 3148 3043 et
3192 2985 3486 3060 .‘Egyptum
3515 2985 3675 3042 civile
3711 2986 3820 3042 bel-

2229 3082 2339 3136 lum
2368 3080 2593 3147 faciunt,
2623 3096 2689 3136 ac
2716 3095 2835 3136 sese
2858 3091 3044 3136 mutua
3066 3080 3211 3136 caede
3238 3088 3610 3151 prosternunt.
3641 3077 3821 3136 Persa:

2231 3175 2492 3231 adversus
2542 3172 2931 3244 rempublicam
2979 3172 3300 3245 gravissima
3342 3171 3481 3226 bella
3534 3182 3818 3242 gerentes,

533 3269 733 3326 fuerat.
791 3266 920 3324 Post
976 3265 1281 3336 Philippum
1335 3264 1598 3320 Evantius
1625 3263 1711 3318 vir
1740 3271 1980 3326 sanctus,
2014 3263 2124 3333 epi-
2154 3258 2200 3322 C
2231 3269 2432 3327 multas
2463 3268 2833 3324 Romanorum
2865 3265 3196 3338 provincias,
3226 3273 3282 3322 ει
3310 3264 3480 3337 ipsam
3512 3262 3824 3337 uici-0501,-

533 3379 731 3434 scopas
761 3362 980 3418 Vienna:
1018 3359 1227 3415 levatus
1255 3367 1358 3415 est.
1415 3356 1516 3414 Hic
1545 3373 1667 3414 cum
1704 3367 1892 3413 sancto
1941 3355 2128 3411 Prisco

533 3464 591 3511 et
630 3455 875 3510 Artemio
932 3451 1229 3515 Senonico,
1275 3459 1332 3506 et
1379 3447 1624 3521 Remigio
1679 3447 2028 3520 Biturigensi,
2072 3453 2129 3502 et

535 3564 661 3604 cum
684 3548 806 3604 aliis
827 3547 1030 3604 sanctis
1056 3544 1346 3616 episcopis,
1373 3543 1562 3616 viginti
1591 3541 1827 3614 capitula
1845 3541 2128 3597 ecclesias-

535 3643 644 3699 tica
669 3641 907 3714 perfecte
928 3638 1224 3696 roboravit.
1255 3635 1462 3705 Quibus
1480 3635 1726 3692 consedit
1751 3648 1966 3706 quoque
1993 3631 2130 3703 Sya-

534 3738 683 3810 grius
711 3732 1400 3804 Eduennensisepiscopus,
1420 3731 1504 3785 vir
1530 3743 1757 3786 summas
1791 3725 2124 3783 sanctitatis.

536 3826 700 3883 Suevi
728 3843 757 3881 a
796 3823 1090 3895 Lewigildo
1130 3838 1256 3894 rege
1290 3820 1496 3878 obtenti
1531 3818 1722 3876 Gothis
1746 3817 2124 3888 subjiciuntur.

610 3927 760 4000 [585]
794 3927 1084 3982 Mauricius
1126 3926 1450 3995 imperator,
1488 3922 1645 3978 annis
1684 3919 1874 3992 viginti
1908 3927 1964 3975 et
1995 3933 2124 3974 uno.

537 4017 940 4090 Ermenigildus
990 4016 1273 4088 Lewigildi
1314 4014 1613 4071 Gothorum
1652 4013 1796 4084 regis
1842 4012 2014 4077 filius,
2059 4009 2129 4066 ob

537 4111 662 4165 ﬁdei
691 4108 972 4165 catholica:
991 4107 1387 4164 confessionem
1417 4105 1908 4178 inexpugnabilem,
1925 4120 1954 4158 a
1975 4111 2129 4175 patre

536 4199 741 4256 Ariano
768 4200 916 4271 regni
950 4199 1196 4270 privatus
1239 4197 1446 4262 infulis,
1493 4197 1714 4267 insuper
1749 4196 1803 4250 in
1848 4209 2125 4251 carcerem

536 4294 832 4366 projectus,
873 4293 943 4349 ad
970 4302 1276 4349 extremum
1306 4300 1465 4346 nocte
1489 4296 1676 4347 sancta
1701 4288 1999 4344 Dominicae
2034 4303 2125 4344 re-

537 4386 920 4454 surrectionis,
971 4385 1150 4442 securi
1203 4384 1258 4440 in
1296 4384 1474 4456 capite
1529 4396 1846 4454 percussus,
1901 4396 2128 4451 regnum

537 4479 757 4537 caeleste
773 4496 870 4552 pro
893 4489 1110 4536 terreno
1135 4495 1230 4536 rex
1251 4487 1306 4535 et
1327 4487 1536 4550 martyr
1556 4477 1800 4533 intravit.
1837 4473 2002 4545 Cujus
2027 4473 2132 4529 fra-

539 4581 624 4628 ter
650 4572 990 4630 Ricbaredus
1018 4589 1144 4630 mox
1167 4581 1227 4629 ut
1251 4588 1475 4646 regnum
1503 4582 1625 4643 post
1651 4580 1862 4644 patrem
1895 4570 2126 4642 accepit,

535 4678 755 4722 omnem
777 4675 992 4737 gentem
1014 4665 1331 4730 Gothorum,
1348 4665 1434 4722 cui
1450 4675 1681 4736 praeerat
1703 4665 1939 4720 instante
1951 4663 2127 4719 Lean-

541 4756 644 4814 dro
679 4757 1014 4828 Hispalitano
1041 4759 1313 4831 episcopo,
1343 4761 1434 4831 qui
1477 4769 1533 4814 et
1558 4759 1983 4830 Ermenigildum
2015 4759 2128 4816 edo-

535 4859 747 4919 cuerat,
769 4851 836 4906 ad
851 4852 1174 4909 catholicam
1190 4851 1347 4908 fidem
1364 4854 1652 4908 convertit.
1668 4853 1834 4907 Anari
1862 4854 2124 4909 adversus

536 4940 816 4999 Romanos
850 4941 1172 4999 dimicantes
1203 4959 1337 4999 auro
1359 4945 1534 5014 magis
1563 4959 1724 5013 quam
1749 4942 1896 5000 ferro
1914 4944 2124 5014 pellun-

539 5040 644 5090 tur.
670 5031 992 5090 Viennensis
1019 5035 1303 5106 episcopus
1330 5033 1503 5090 Verus
1523 5033 1737 5090 claruit.
1780 5035 1949 5105 Hujus
1982 5045 2121 5093 tem-

535 5137 670 5194 pore
698 5123 1007 5180 Desiderius
1034 5123 1539 5196 Augustodunensis
1568 5141 1789 5198 genere,
1822 5127 1877 5181 in
1924 5129 2120 5184 ordine

535 5213 750 5272 diaconi
775 5213 1030 5272 Ecclesia-
1057 5214 1347 5274 Viennensi
1379 5218 1670 5274 serviebat.
1695 5218 1988 5290 Gregorius
2016 5218 2124 5276 Ro-

535 5323 712 5365 mana:
733 5308 989 5365 Ecclesiae
999 5308 1195 5380 praesul
1214 5320 1270 5365 et
1293 5310 1480 5367 doctor
1502 5311 1734 5367 eximius
1764 5310 1978 5367 claruit.
1995 5311 2127 5370 Post

537 5399 734 5458 Verum
745 5401 1057 5472 episcOpum
1072 5411 1292 5458 sanctus
1307 5402 1989 5462 Desideriussuccedit.Hic
2001 5407 2130 5462 bea-

536 5490 780 5550 tissimus
807 5492 1213 5549 Brunichildem
1245 5483 1488 5566 reginam
1517 5513 1584 5551 ex
1612 5496 1982 5569 impietatibus
2009 5499 2126 5556 suis

536 5598 773 5657 arguens
798 5602 831 5641 a
876 5585 1167 5644 comitibus
1209 5585 1330 5657 ejus
1361 5588 1476 5660 ipsa
1512 5587 1739 5658 jubente
1770 5589 1826 5646 in
1847 5591 2124 5649 territorio

537 5670 884 5747 Lugdunensi
941 5695 1103 5749 super
1149 5677 1370 5736 ﬂuvium
1434 5680 1752 5738 Calaronam
1818 5684 2121 5754 perimitur,

538 5773 858 5840 martyrque
904 5771 1174 5840 gloriosus
1234 5772 1452 5830 caeleste
1523 5790 1748 5846 regnum
1800 5774 2118 5848 ingreditur.

541 5857 837 5931 Gregorius
887 5861 1124 5930 pontifex
1188 5865 1446 5935 synodum
1500 5867 1873 5937 episcoporum
1935 5871 2121 5942 viginti

2230 3378 2376 3420 mam
2405 3361 2663 3434 capiunt:
2693 3375 2760 3416 ac
2791 3361 3136 3416 destruentes
3165 3357 3444 3423 ecclesias,
3471 3369 3661 3413 sancta
3688 3373 3823 3429 quo-

2229 3470 2336 3526 que
2379 3454 2497 3510 loca
2545 3452 2925 3525 profanantes,
3009 3451 3172 3522 etiam
3217 3449 3471 3506 vexillum
3525 3448 3825 3507 Dominica:

2229 3547 2409 3604 crucis
2450 3544 2723 3603 auferunt.
2756 3543 3037 3600 Heraclius
3079 3543 3394 3616 imperator,
3428 3543 3584 3598 annis
3627 3544 3824 3614 viginti

2231 3655 2342 3696 sex.
2373 3637 2695 3696 Anastasius
2717 3637 2882 3693 Persa
2907 3637 3229 3702 monachus,
3277 3635 3456 3692 nobile
3476 3650 3577 3708 pro
3603 3635 3825 3692 Christo

2230 3735 2551 3808 martyrium
2596 3733 2844 3806 patitur:
2877 3731 2970 3802 qui
3013 3740 3176 3787 natus
3220 3730 3274 3786 in
3318 3729 3542 3786 Perside
3588 3745 3620 3786 a
3663 3740 3826 3801 patre

2229 3842 2366 3898 puer
2392 3826 2630 3897 magicas
2657 3834 2804 3880 artes
2828 3823 3046 3889 didicit;
3089 3824 3186 3880 sed
3215 3822 3310 3879 ubi
3355 3838 3386 3878 a
3409 3822 3640 3895 captivis
3667 3823 3826 3880 Chri-

2230 3917 2420 3973 stianis
2449 3931 2647 3972 nomen
2673 3915 2875 3971 Christi
2901 3915 3131 3986 accepit,
3159 3915 3214 3971 in
3237 3930 3303 3970 eo
3330 3930 3457 3970 mox
3480 3914 3664 3970 animo
3693 3930 3827 3973 con-

2229 4023 2443 4074 versus,
2468 4007 2656 4063 relicta
2671 4005 2893 4064 Perside
2912 4005 3334 4063 Cbalcedoniam
3355 4006 3821 4079 Hierapolimquc,

2230 4101 2507 4159 Christum
2534 4116 2817 4174 quaerens,
2869 4118 2934 4158 ac
2980 4102 3174 4158 deinde
3203 4101 3632 4174 Hierosolymam
3663 4101 3828 4172 petiit

2229 4194 2322 4250 ubi
2349 4193 2560 4268 accepit
2600 4193 2941 4265 baptismatis
2983 4193 3238 4266 gratiam.
3293 4192 3499 4262 Quarto
3527 4193 3597 4249 ab
3626 4192 3822 4248 eadem

2229 4287 2484 4346 milliaria
2525 4289 2914 4346 monasterium
2959 4286 3170 4344 abbatis
3221 4286 3492 4344 Anastasii
3541 4286 3822 4352 introivit,

2231 4384 2323 4440 ubi
2347 4392 2553 4456 septem
2573 4384 2734 4440 annis
2760 4382 3083 4457 regulariter
3113 4382 3332 4448 vivens,
3359 4382 3488 4437 dum
3514 4379 3824 4436 Ca‘saneam

2233 4474 2534 4534 Palzestinaz
2559 4476 2824 4533 orationis
2852 4474 3026 4546 gratia
3058 4476 3316 4540 venisset,
3340 4481 3530 4544 captus
3557 4486 3590 4526 a
3610 4469 3820 4538 Persis,

2233 4573 2289 4623 et
2313 4567 2480 4623 multa
2505 4567 2598 4622 diu
2625 4569 2852 4623 verbera
2901 4567 3043 4623 inter
3067 4582 3319 4624 carceres
3342 4575 3398 4622 et
3426 4565 3640 4621 vincula
3676 4567 3826 4624 Maro
3859 4632 3863 4633 ν

2235 4661 2438 4717 cebana
2465 4659 2648 4732 judice
2673 4674 2981 4730 perpessus,
3013 4661 3234 4716 tandem
3258 4660 3311 4715 in
3343 4659 3617 4717 Persidem
3648 4662 3828 4720 mitti-

2236 4763 2322 4809 tur
2363 4752 2430 4808 ad
2478 4767 2658 4826 regem
2701 4767 2890 4809 eorum
2936 4752 3232 4811 Chosroam
3265 4773 3278 4810 :
3307 4770 3337 4810 a
3379 4770 3488 4826 quo
3536 4754 3697 4812 tertio
3722 4771 3829 4828 per

2231 4845 2514 4903 intervalla
2559 4847 2818 4918 temporis
2853 4847 3200 4914 verberatus,
3247 4847 3315 4903 ad
3359 4856 3662 4903 extremum
3711 4862 3826 4904 una

2231 4959 2522 5014 suspensus
2548 4959 2708 5000 manu
2740 4959 2838 5016 per
2867 4945 2976 5000 tres
3019 4946 3218 5012 horas,
3267 4944 3346 5000 sic
3367 4942 3664 5000 decollatus
3690 4957 3826 5000 cum

2229 5037 2350 5092 aliis
2379 5037 2717 5109 septuaginta
2736 5078 2750 5104 ,
2785 5038 3107 5110 martyrium
3139 5037 3452 5110 complevit.
3479 5035 3598 5093 Mox
3632 5035 3824 5092 tunica

2226 5127 2342 5200 ejus
2367 5129 2584 5184 indutus
2604 5129 2824 5199 quidam
2852 5129 3239 5196 dremoniacus,
3267 5139 3488 5187 curatus
3522 5137 3626 5184 est.
3663 5125 3825 5185 Sise-

2227 5221 2390 5278 butus
2414 5220 2715 5278 Gothorum
2744 5237 2838 5278 rex
2869 5221 2923 5278 in
2947 5220 3204 5295 Hispania
3233 5219 3496 5294 plurimas
3520 5219 3684 5276 urbes
3708 5217 3822 5274 sibi

2226 5312 2478 5369 bellando
2518 5312 2747 5384 subjecit
2786 5323 2841 5371 et
2882 5312 3098 5371 Judzeos
3158 5331 3256 5371 suo
3311 5329 3479 5386 regno
3534 5304 3822 5378 subditos,

2229 5416 2428 5477 praeter
2453 5421 2548 5461 eos
2585 5406 2678 5476 qui
2708 5407 2833 5479 fuga
2875 5406 3012 5478 lapsi
3055 5406 3285 5463 latenter
3328 5406 3698 5477 migraverunt
3747 5403 3822 5459 ad

2230 5496 2472 5555 Francos
2489 5540 2504 5566 ,
2532 5500 2602 5554 ad
2628 5497 2832 5555 Christi
2863 5498 3027 5556 ﬁdem
3051 5499 3337 5556 convertit.
3371 5499 3551 5556 Persa:
3580 5495 3820 5554 Chaleeo

2228 5590 2443 5646 deuiam
2471 5605 2641 5661 usque
2667 5600 3052 5662 pervenerunt.
3110 5591 3316 5649 Aiunni
3349 5607 3566 5650 murum
3591 5591 3819 5665 longum

2227 5681 2612 5754 irrumpentes,
2639 5691 2696 5741 et
2721 5683 2923 5741 urmnia
2943 5683 3441 5759 Constantinopolis
3466 5686 3818 5752 accedentes,

2226 5788 2351 5828 cum
2381 5772 2630 5832 Heraclio
2656 5773 2987 5846 imperatore
3015 5785 3204 5834 mutuo
3225 5777 3282 5836 in
3308 5792 3465 5835 muro
3489 5785 3672 5834 stante
3690 5777 3817 5833 col-

2225 5863 2537 5940 loquuntur,
2572 5882 2900 5943 acceptoque
2929 5873 2995 5929 ab
3025 5886 3091 5930 eo
3124 5873 3301 5945 pretio
3325 5871 3476 5946 pacis
3504 5873 3569 5929 ad
3593 5878 3818 5942 tempus
