4024 6362
263 426 366 484 HI

1353 407 1764 466 CHRONICON.
1806 437 1876 449 --
1911 405 2115 464 AETAS
2151 404 2396 461 SEXTA.

3434 405 3536 462 114

260 533 540 594 recedunt.
576 527 851 584 Aitberius
883 522 1222 588 Viennensis,
1261 521 1344 576 vir
1371 519 1425 575 in
1453 519 1706 575 omnibus
1734 520 1853 576 exi-~
1874 526 1924 584 Α
1950 518 2244 590 prohibens
2273 533 2366 574 eos
2401 517 2476 574 ibi
2515 518 2711 574 missas
2740 532 2899 589 agere
2938 535 2949 572 :
2981 519 3123 576 unde
3151 529 3207 575 et
3244 520 3361 591 ipse
3395 520 3539 576 sicut

257 609 438 689 iuius,
504 618 794 692 praeclarus
843 614 1094 670 habetur.
1142 611 1490 668 Chlotharius
1531 625 1626 667 rex
1681 609 1851 665 Saxo-

260 731 395 771 num
429 723 630 768 terram
668 705 944 762 vastavit:
984 701 1040 760 in
1072 711 1284 758 tantum
1329 711 1389 757 ut
1422 716 1529 756 non
1573 701 1647 756 ibi
1689 699 1852 756 relin-

259 812 460 877 queret
484 800 756 857 hominem
779 798 1046 852 viventem
1065 836 1081 861 ,
1124 794 1357 864 longior,
1386 802 1446 848 ut
1470 791 1660 857 fertur,
1689 806 1851 862 quam

259 903 386 968 spat
410 909 460 948 -a
513 891 682 964 ipsius
733 896 871 944 erat.
915 885 1031 942 Non
1073 885 1234 955 longo
1284 896 1525 956 tempore
1566 881 1852 950 in’terjecto

259 983 684 1057 quadragesimo
725 987 921 1051 quarto
959 978 1108 1048 regni
1135 978 1215 1033 sui
1247 991 1388 1032 anno
1415 976 1645 1032 moritur
1675 993 1689 1030 :
1724 989 1851 1031 suc-

257 1076 617 1148 cessitque-ei
664 1073 1000 1146 Dagobertus
1047 1071 1189 1127 ﬁlius
1214 1071 1330 1142 ejus
1359 1069 1442 1125 vir
1466 1079 1754 1134 strenuus,
1796 1073 1852 1122 et

259 1173 317 1228 in
347 1170 568 1244 judiciis
593 1180 835 1224 severus.
884 1163 1085 1219 Habuit
1111 1173 1290 1218 autem
1319 1162 1455 1217 duos
1476 1161 1612 1216 ﬁlios
1633 1201 1648 1227 ,
1697 1159 1854 1232 Sygi—

258 1263 479 1319 bertum
506 1268 564 1316 et
591 1255 956 1315 Chlodoveum
987 1271 1217 1328 quorum
1265 1271 1460 1321 unum,
1510 1254 1853 1327 Sygibertum

260 1355 320 1410 in
349 1351 630 1409 Austriam
672 1366 794 1407 cum
823 1349 1012 1420 Pipino
1053 1350 1191 1405 duce
1217 1348 1417 1404 direxit
1441 1364 1458 1404 :
1485 1347 1852 1402 Chlodoveum

251 1447 534 1520 juniorem
558 1460 744 1502 secum
769 1443 1010 1500 retinuit.
1041 1441 1432 1499 Gundolandus
1461 1439 1632 1509 major
1660 1439 1852 1494 domus

260 1538 525 1602 moritur,
558 1536 714 1607 cujus
749 1534 868 1592 loco
898 1533 1298 1591 llerthenoldus
1327 1549 1356 1588 a
1389 1532 1692 1604 Dagoberto
1718 1546 1850 1587 con-

261 1629 526 1683 stituitur.
553 1625 837 1681 Heraclius
861 1625 1155 1696 imperator
1180 1639 1304 1680 cum
1324 1623 1566 1679 exercitu
1593 1635 1851 1693 superve-

263 1719 424 1775 niens
447 1717 625 1773 Persis
654 1716 849 1782 victor,
897 1715 1241 1772 Christianos
1264 1716 1355 1785 qui
1380 1713 1450 1768 ibi
1472 1722 1626 1769 erant
1651 1711 1851 1783 captivi

264 1810 501 1874 reduxit,
523 1823 586 1864 ac
626 1807 878 1864 vexillum
907 1807 1201 1863 Dominicte
1225 1806 1403 1862 crucis
1427 1803 1850 1876 Hierosolymam

1953 610 2383 683 praedecessores
2405 613 2591 683 ipsius,
2622 613 2691 668 ab
2713 611 3018 684 Apostolica
3054 613 3204 680 sede,
3225 614 3375 685 justa
3402 615 3536 672 satis

1955 705 2304 776 dispositione
2347 707 2634 762 damnatus
2669 714 2772 761 est.
2823 706 3156 778 Dagobertus
3193 707 3422 766 Francis
3453 721 3540 764 re-

1954 807 2102 870 gnat,
2137 797 2456 871 Sygihertus
2485 798 2626 854 ﬁlius
2653 798 2768 868 ejus
2795 799 3112 855 Austrasiis.

2027 891 2178 966 [641]
2226 891 2615 948 Constantinus
2667 891 2806 948 ﬁlius
2835 893 3203 960 Constantini,
3244 894 3543 964 imperator

1953 983 2110 1039 annis
2161 982 2354 1054 viginti
2416 991 2559 1038 octo.
2619 981 2719 1038 llic
2779 981 3166 1038 Constantinus
3209 983 3466 1054 deceptus
3505 999 3542 1039 a

1954 1075 2120 1131 Paulo
2148 1075 2287 1132 sicut
2329 1072 2612 1131 Heraclius
2650 1090 2785 1131 avus
2823 1073 2940 1145 ejus
2984 1090 3015 1130 a
3062 1074 3254 1146 Sergio
3295 1074 3541 1144 ejusdem

1955 1169 2192 1226 civitatis
2230 1168 2484 1239 episcopo
2512 1167 2761 1238 exposuit
2795 1176 2978 1239 typum
3024 1166 3284 1222 adversus
3311 1167 3544 1222 catholi-

1953 1277 2073 1318 cam
2121 1261 2280 1317 ﬁdem
2309 1275 2412 1316 nec
2443 1275 2604 1314 unam
2635 1274 2734 1315 nec
2766 1259 2901 1315 duas
2928 1258 3254 1325 voluntates,
3287 1267 3380 1312 aut
3410 1273 3543 1329 0pc-

1954 1351 2194 1408 rationes
2233 1351 2287 1407 in
2325 1350 2541 1407 Christo
2569 1349 2835 1405 deﬁniens
2861 1365 2982 1406 esse
3007 1349 3363 1414 conﬁtendas,
3386 1348 3544 1418 quasi

1953 1443 2090 1498 nihil
2121 1442 2257 1498 velle
2285 1441 2364 1497 rei
2401 1440 2612 1512 operari
2651 1441 2957 1498 credendus
2985 1441 3056 1496 sit
3080 1441 3346 1496 Christus.
3387 1437 3545 1494 Unde

1953 1537 2216 1592 Martinus
2247 1553 2404 1606 papa,
2428 1544 2754 1607 congregata
2783 1532 2970 1590 Rumze
3007 1533 3212 1605 synodo
3240 1541 3458 1587 centum
3488 1537 3544 1584 et

1953 1629 2189 1700 quinque
2243 1628 2653 1699 episcoporum,
2702 1626 2978 1681 damnavit
3034 1625 3134 1679 sub
3194 1624 3544 1678 anathemate

1952 1720 2207 1792 praefatos
2232 1720 2452 1792 Cyrum,
2485 1718 2758 1791 Sergium,
2781 1718 3072 1790 Pyrrlmm,
3098 1725 3153 1772 et
3178 1715 3405 1771 Paulum
3431 1715 3542 1769 hac-

1954 1815 2172 1871 reticos.
2203 1812 2331 1868 Post
2359 1814 2476 1869 haec
2508 1813 2708 1868 missus
2731 1812 2799 1867 ab
2829 1811 3156 1882 imperatore
3183 1807 3544 1864 Constantino

263 1898 610 1971 triumphans
631 1897 944 1970 reportavit.
973 1896 1234 1968 Reliquiae
1251 1910 1466 1968 quoque
1483 1894 1626 1950 beati
1650 1905 1851 1966 marty-

1955 1907 2270 1963 Tbeodorus
2297 1906 2622 1970 bexarchus,
2650 1904 2772 1959 tulit
2795 1902 3084 1959 Martinum
3112 1915 3308 1973 papam
3341 1902 3408 1955 de
3438 1897 3543 1954 Ec-

260 1992 341 2046 ris
368 1991 663 2057 Anastasii,
697 1990 875 2061 primo
899 1989 968 2045 ad
1002 1989 1390 2046 monasterium
1421 2002 1606 2052 suum,
1656 1986 1851 2041 deinde

257 2083 490 2140 Romam
529 2084 796 2151 advectae,
849 2091 1175 2138 venerantur
1221 2081 1275 2135 in
1325 2077 1656 2135 monasterio
1703 2075 1850 2132 beati

255 2173 410 2231 Pauli
443 2173 695 2246 apostoli,
726 2174 869 2246 quod
898 2173 1099 2229 dicitur
1132 2171 1200 2228 ad
1230 2170 1413 2242 Aquas
1439 2168 1668 2226 Salvius.
1693 2168 1851 2224 Anno

258 2266 490 2324 Heraclii
513 2266 859 2338 imperatoris
876 2275 1069 2320 octavo
1081 2263 1316 2330 decimo,
1335 2260 1624 2318 indictione
1638 2261 1849 2330 quinta,

259 2359 502 2416 Eduinus
550 2359 1037 2416 excellentissimus
1067 2373 1162 2416 rex
1195 2356 1511 2430 Anglorum,
1552 2355 1606 2409 iu
1643 2352 1853 2409 Britan-

256 2453 350 2508 nia
377 2451 831 2509 Transumbrana:
857 2451 1037 2523 gentis
1065 2451 1132 2506 ad
1164 2449 1496 2522 aquilonem,
1523 2446 1851 2520 prtedicante

260 2541 494 2598 Paulino
514 2543 784 2615 episcopo,
814 2557 975 2615 quem
1004 2542 1228 2598 miserat
1257 2542 1324 2596 de
1353 2539 1545 2598 Cantia
1568 2537 1853 2596 venerabi-

263 2637 334 2693 lis
378 2636 811 2708 archiepiscopus
848 2637 1052 2704 Justus,
1097 2639 1321 2694 verbum
1363 2636 1556 2693 salutis
1591 2651 1716 2691 cum
1753 2649 1850 2690 sua

260 2740 427 2803 gente
455 2733 683 2802 suscepit
723 2747 866 2788 anno
907 2732 1056 2804 regni
1097 2731 1180 2788 sui
1227 2730 1547 2797 undecimo;
1587 2729 1851 2786 adventus

256 2837 443 2883 autem
469 2827 760 2900 Anglorum
785 2827 841 2884 in
861 2828 1195 2885 Britanniam
1218 2827 1338 2899 plus
1360 2828 1540 2883 minus
1562 2841 1704 2882 anno
1726 2841 1852 2882 cen-

259 2919 456 2974 tesimo
482 2920 832 2991 octogesimo.
872 2920 1041 2990 Eique
1079 2919 1305 2975 Paulino
1352 2920 1536 2974 sedem
1567 2918 1851 2990 episcopus

255 3009 490 3066 Eboraci
516 3012 685 3068 dedit.
723 3011 802 3069 Eo
830 3021 1071 3084 tempore
1101 3013 1242 3083 apud
1281 3011 1474 3070 Scotus
1503 3012 1558 3067 in
1586 3013 1849 3067 observa-

257 3096 406 3152 tione
435 3106 647 3168 quarta:
677 3097 900 3154 decima:
929 3098 1070 3154 lunze
1098 3097 1368 3169 paschalis
1397 3112 1555 3154 error
1579 3099 1850 3154 maximus

254 3198 483 3245 exortus
524 3199 610 3246 est
648 3208 662 3245 :
700 3205 932 3262 quorum
977 3205 1218 3247 errorem
1269 3189 1541 3248 Honorius
1581 3206 1719 3264 papa
1753 3211 1851 3265 per

1953 2001 2114 2057 clesia
2137 1999 2602 2060 Constantiniana.
2633 1997 2990 2069 perduxitque
3010 1991 3538 2064 Constantinopolin,

1952 2092 2041 2148 ubi
2073 2107 2196 2147 cum
2221 2106 2320 2163 pro
2345 2088 2609 2146 catholica
2643 2088 2867 2143 veritate
2896 2086 3191 2158 apostolice
3221 2093 3430 2155 ageret,
3455 2097 3544 2138 re-

1950 2183 2160 2256 legatus
2189 2182 2549 2246 Chersonam,
2594 2179 2792 2236 ibidem
2835 2179 3000 2233 vitam
3046 2178 3238 2242 ﬁnivit,
3271 2174 3459 2230 multis
3488 2174 3544 2228 in

1951 2278 2141 2332 eodem
2184 2273 2303 2330 loco
2335 2274 2600 2328 virtutum
2639 2271 2808 2342 signis
2836 2284 3005 2340 usque
3047 2267 3210 2323 hodie
3248 2263 3541 2337 refulgens.

1951 2369 2116 2426 Facta
2144 2376 2228 2425 est
2268 2376 2451 2423 autem
2472 2365 2713 2439 synodus
2741 2363 2963 2437 praefata
2991 2378 3133 2419 anno
3157 2376 3301 2418 nono
3329 2361 3545 2431 imperii

1951 2457 2319 2524 Constantini,
2350 2471 2538 2513 mense
2577 2455 2796 2513 Octobri
2838 2453 3130 2510 indictione
3169 2462 3383 2508 octava.
3417 2450 3543 2507 Cla-

1951 2555 2160 2611 rentius
2206 2553 2287 2607 vir
2316 2551 2451 2607 satis
2479 2550 2724 2606 eruditus
2753 2547 3077 2604 Viennensis
3113 2547 3400 2618 episcopus
3431 2546 3544 2601 cla-

1952 2646 2078 2702 ruit.
2131 2642 2450 2700 Vitellianus
2493 2656 2629 2714 papa
2681 2639 2866 2694 Romae
2913 2639 3249 2694 ordinatur:
3290 2638 3389 2692 sub
3435 2650 3544 2706 quo

1949 2736 2336 2794 Constantinus
2369 2733 2667 2804 imperator
2701 2733 2861 2787 beato
2903 2729 3067 2786 Petro
3106 2729 3352 2800 apostolo
3397 2728 3548 2785 misit

1949 2828 2238 2901 Evangelia
2274 2843 2437 2883 aurea
2467 2825 2694 2898 gemmis
2732 2824 2870 2882 albis
2909 2824 3042 2879 mira
3085 2822 3458 2896 magnitudine
3487 2824 3544 2878 in

1949 2921 2178 2978 circuitu
2215 2929 2428 2976 ornata.
2480 2917 2598 2989 Ipse
2649 2923 2769 2988 post
2813 2915 3017 2986 aliquot
3052 2930 3226 2971 annos
3271 2915 3414 2970 idem
3447 2928 3544 2984 per

1951 3012 2302 3068 indictionem
2351 3018 2559 3066 sextam
2603 3008 2833 3063 Romam
2876 3007 3124 3072 veniens,
3155 3005 3351 3062 obtulit
3380 3019 3546 3076 super

1951 3107 2121 3163 altare
2162 3104 2526 3178 apostolorum
2567 3101 2787 3175 pallium
2836 3116 2969 3157 auro
3001 3099 3212 3166 textile,
3245 3108 3358 3155 toto
3388 3113 3547 3156 exer-

1949 3201 2059 3257 citu
2093 3215 2216 3256 cum
2257 3200 2432 3254 cereis
2475 3195 2759 3252 ecclesiam
2802 3195 3060 3250 intrante.
3109 3193 3372 3265 Sequenti
3401 3208 3545 3250 anno

254 3280 541 3352 epistolam
571 3297 726 3337 suam
766 3281 1059 3354 redarguit.
1095 3279 1202 3338 Sed
1231 3290 1284 3337 et
1310 3280 1570 3348 Joannes,
1599 3283 1691 3353 qui
1725 3299 1847 3342 suc-
1873 3270 1920 3335 C
1950 3291 2092 3350 facta
2135 3302 2218 3350 est
2277 3291 2495 3363 eclipsis
2531 3289 2683 3354 solis,
2719 3289 2956 3359 quinque
3005 3287 3186 3344 Nonas
3227 3287 3352 3344 Maii
3386 3289 3542 3359 quasi

255 3374 462 3432 cessari
504 3372 622 3443 ejus
659 3373 920 3432 Severino
963 3375 1017 3431 in
1061 3375 1375 3448 pontiﬁcatu
1406 3377 1689 3443 successit,
1721 3394 1846 3436 cum

257 3468 436 3524 adhuc
455 3467 662 3525 electus
683 3468 736 3524 in
758 3467 1093 3538 pontiﬁcatu,
1114 3483 1213 3540 pro
1231 3469 1422 3524 eodem
1438 3482 1622 3524 errore
1641 3479 1847 3540 quartae

258 3563 484 3620 decimae
532 3562 694 3628 lunae,
733 3561 895 3619 simul
937 3571 992 3618 et
1026 3579 1126 3636 pro
1157 3561 1448 3634 Pelagiana
1477 3561 1690 3628 haeresi,
1728 3579 1848 3636 quae

258 3656 402 3728 apud
428 3671 524 3711 eos
551 3654 990 3722 recrudescebat,
1023 3655 1261 3726 scripsit.

333 3746 482 3821 [639]
532 3746 890 3805 Heracleonas
927 3763 1053 3804 cum
1083 3758 1255 3806 matre
1281 3765 1376 3807 sua
1410 3751 1663 3820 Martina,
1690 3754 1849 3812 annis

259 3838 455 3897 tribus.
483 3839 656 3912 Cyrus
691 3840 1034 3898 Alexandriae
1061 3841 1363 3914 episcopus,
1397 3843 1618 3917 Sergius
1642 3856 1698 3903 et
1717 3847 1851 3918 Pyr-

259 3932 396 3989 rhus
438 3932 599 4004 regiae
647 3932 798 3988 urbis
842 3932 1102 4005 episeOpi,
1150 3932 1548 4006 Acephalorum
1598 3938 1848 3995 haeresim

259 4025 659 4090 iustaurantes,
691 4041 852 4080 unam
893 4025 1264 4096 operationem
1305 4027 1362 4082 in
1405 4027 1621 4083 Christo
1655 4029 1853 4084 divini-

260 4117 394 4172 tatis
411 4125 468 4171 et
485 4115 859 4182 humanitatis,
875 4131 1038 4172 unam
1058 4132 1273 4190 quoque
1288 4118 1614 4176 voluntatem
1635 4121 1852 4193 dogma-

261 4208 528 4264 tizabant.
563 4207 604 4263 E
631 4209 827 4276 quibus
855 4207 1096 4281 Pyrrhus
1125 4211 1227 4266 sub
1258 4209 1542 4268 Theodoro
1570 4228 1706 4286 papa
1743 4215 1853 4270 Bo-

259 4314 414 4356 mam
463 4299 684 4355 veniens
727 4315 794 4356 ex
841 4299 1058 4368 Africa,
1106 4300 1257 4369 ﬁcta,
1303 4313 1362 4360 ut
1406 4315 1531 4378 post
1580 4311 1849 4379 apparuit,

258 4391 603 4464 pmnitentia,
634 4389 829 4446 obtulit
875 4391 1050 4449 eidem
1087 4409 1260 4465 papae,
1305 4407 1572 4468 praesente
1615 4398 1763 4455 clero
1797 4410 1852 4457 et

259 4483 482 4556 populo,
511 4482 748 4540 libellum
771 4499 894 4541 cum
923 4501 1019 4543 sua
1045 4487 1464 4561 subscriptione,
1489 4491 1542 4547 in
1569 4508 1677 4565 qua
1700 4493 1850 4550 dam~

260 4577 537 4632 nabantur
561 4577 744 4634 omnia
771 4593 892 4649 qua:
919 4595 950 4635 a
985 4583 1481 4651 praedecessoribus
1505 4586 1621 4641 suis
1648 4588 1851 4660 scripta

259 4665 348 4722 vel
381 4678 503 4724 acta
542 4677 673 4725 sunt
702 4669 962 4727 adversus
1005 4671 1326 4729 catholicam
1374 4674 1534 4731 ﬁdem
1565 4694 1579 4731 :
1609 4678 1752 4733 unde
1795 4686 1849 4734 et

258 4760 497 4834 benigne
541 4771 826 4836 susceptus
871 4774 956 4821 est
989 4765 1060 4821 ab
1102 4781 1169 4822 eo
1211 4768 1367 4839 quasi
1417 4771 1580 4842 regite
1607 4770 1850 4843 pontifex

259 4854 502 4912 civitatis
526 4873 541 4911 :
570 4856 664 4912 sed
688 4857 812 4927 quia
841 4871 1108 4928 reversus,
1133 4859 1383 4919 eumdem
1411 4862 1583 4934 ipsum
1606 4879 1849 4922 errorem

259 4949 502 5019 repetiit,
544 4960 878 5008 memoratus
924 4968 1060 5025 papa
1110 4952 1450 5024 Theodorus,
1502 4959 1848 5016 sacerdotum

171 5106 182 5114 κ
260 5042 472 5113 synodo
494 5043 754 5100 advocata
781 5044 835 5101 in
863 5044 1086 5102 basilica
1109 5045 1257 5103 beati
1287 5045 1432 5104 Petri
1461 5049 1704 5121 Apostoli
1727 5066 1852 5107 con-

261 5133 540 5190 demnavit
566 5135 740 5207 ipsum
785 5135 1052 5211 Pyrrhum
1083 5138 1184 5194 sub
1221 5139 1439 5196 vinculo
1468 5143 1852 5203 anathematis.

337 5224 489 5300 [642]
524 5228 915 5286 Constantinus
956 5230 1100 5288 ﬁlius
1141 5230 1379 5288 Heraclii
1421 5235 1700 5292 mensibus
1735 5251 1850 5292 sex.

260 5317 457 5391 Pyrrhi
494 5335 780 5378 successor
808 5321 1027 5390 Paulus,
1067 5339 1174 5380 non
1218 5333 1424 5381 tantum
1462 5328 1722 5399 pestifera
1753 5329 1854 5385 do-

259 5410 443 5467 ctrina
464 5410 606 5467 sicut
632 5413 886 5469 decessor
913 5413 1051 5485 ejus,
1076 5415 1170 5471 sed
1191 5424 1245 5471 et
1266 5424 1452 5486 aperta
1475 5419 1854 5487 persecutione

263 5500 564 5560 catholicos
579 5503 791 5560 cruciat
811 5523 824 5557 :
843 5504 1110 5576 apocrisia
1120 5506 1228 5563 rios
1248 5516 1448 5563 sanctae
1470 5506 1729 5563 Romamn
1755 5509 1854 5565 Ec-

265 5595 467 5664 clesiae,
493 5596 588 5667 qui
617 5596 685 5652 ad
711 5596 828 5669 ejus
857 5597 1251 5654 correctionem
1282 5598 1433 5655 missi
1464 5598 1700 5668 fuerant,
1726 5615 1854 5672 par-

270 5689 368 5746 tim
413 5689 753 5757 carceribus,
801 5693 998 5764 partim
1041 5692 1265 5760 exsiliis,
1302 5693 1500 5765 partim
1535 5694 1856 5751 verberibus

259 5779 504 5840 amciens
531 5801 545 5838 :
576 5783 670 5840 sed
691 5793 748 5840 et
775 5786 948 5843 altare
975 5801 1163 5842 eorum
1195 5786 1250 5842 in
1275 5785 1438 5844 domo
1471 5786 1726 5846 Placidia:
1765 5805 1854 5846 sa-

260 5884 475 5940 cratum
503 5877 581 5952 .in
624 5880 922 5942 venerabili
972 5879 1195 5943 oraculo
1244 5879 1564 5940 subvertens
1610 5881 1853 5962 diripuit,

1949 3386 2156 3442 decima
2197 3384 2331 3440 hora
2369 3383 2498 3439 diei.
2554 3380 2870 3438 Vitellianus
2909 3379 3046 3452 papa
3077 3378 3420 3438 Theodorum
3454 3396 3544 3436 ar-

1949 3479 2350 3551 chiepiscopum
2377 3487 2432 3534 et
2455 3475 2753 3532 Adrianum
2786 3475 3062 3540 abbatem,
3086 3475 3262 3531 virum
3292 3485 3543 3532 sanctum

1949 3580 2111 3642 atque
2140 3569 2536 3632 doctissimum,
2565 3567 2621 3622 in
2647 3565 2981 3621 Britanniam
3011 3565 3177 3621 mittit
3211 3584 3224 3620 :
3249 3581 3342 3636 qui
3377 3565 3545 3637 pluri-

1951 3678 2067 3718 mas
2090 3659 2360 3716 Ecclesias
2377 3658 2672 3730 Anglorum
2698 3658 2942 3714 doctrina
2963 3657 3330 3714 ecclesiastica
3358 3657 3544 3714 fecun-

1951 3755 2168 3809 darunt.
2191 3750 2580 3808 Constantinus
2602 3749 2896 3820 imperator
2918 3758 3040 3820 post
3063 3749 3321 3819 plurimas
3344 3751 3543 3821 deprae-

1951 3846 2197 3901 dationes
2221 3843 2274 3899 in
2296 3842 2591 3915 provinciis
2614 3841 2803 3906 factas,
2825 3841 3037 3897 occisus
3067 3842 3121 3896 in
3148 3840 3338 3896 balneo
3359 3841 3540 3913 periit,

1953 3937 2243 3993 indictione
2266 3935 2606 3992 duodecima.
2653 3933 2761 3990 Sed
2797 3949 2906 3991 non
2950 3933 3111 4007 longo
3144 3944 3265 4007 post
3302 3945 3544 4006 tempore

1951 4025 2270 4084 Vitellianus
2294 4043 2431 4098 papa
2460 4027 2614 4083 obiit.

2026 4117 2174 4192 [669]
2214 4119 2622 4184 Constantinus,
2658 4116 2801 4173 ﬁlius
2840 4116 3182 4175 Constantini
3211 4119 3543 4191 superioris,

1953 4212 2111 4267 annis
2141 4210 2552 4281 septemdecim.
2586 4211 2842 4266 Saraceni
2869 4211 3110 4266 Siciliam
3158 4211 3436 4280 invadunt,
3465 4222 3542 4280 et,

1952 4304 2136 4376 praeda
2177 4302 2342 4356 nimia
2392 4317 2577 4358 secum
2617 4299 2826 4364 ablata,
2863 4316 2986 4356 mox
3017 4301 3398 4357 Alexandriam
3452 4317 3543 4358 re-

1955 4396 2142 4452 deunt.
2171 4393 2384 4465 Agatho
2415 4393 2658 4464 pontifex
2682 4392 2943 4448 Romana;
2972 4391 3228 4447 ECL‘JeaiiB
3262 4393 3546 4449 ωηειὶιυὶ-

1957 4500 2082 4546 tur:
2114 4490 2205 4561 qui
2253 4504 2321 4544 ex
2353 4498 2542 4560 rogatu
2588 4486 2963 4550 Constanti-ni,
3009 4485 3245 4551 Tiberii,
3271 4485 3539 4551 Heraclii,

1955 4583 2324 4656 piissimorum
2352 4581 2692 4652 principum,
2732 4580 2882 4637 misit
2911 4580 2966 4636 in
3001 4579 3207 4652 regiam
3245 4580 3437 4636 urbem
3467 4579 3544 4636 le-

1956 4685 2108 4750 gatos
2137 4690 2303 4732 suos:
2331 4675 2386 4729 in
2410 4675 2607 4746 quibus
2643 4683 2760 4730 erat
2794 4673 2972 4730 adhuc
3012 4671 3250 4731 Joannes
3280 4673 3546 4730 diaconus

1955 4783 2063 4823 non
2093 4765 2251 4838 longe
2279 4773 2403 4837 post
2449 4765 2765 4836 episcopus,
2796 4779 2896 4835 pro
2937 4763 3182 4819 facienda
3214 4763 3547 4821 adunatione

1953 4859 2050 4916 Dei
2079 4856 2468 4913 Ecclesiarum.
2497 4855 2599 4923 Qui
2641 4855 3026 4926 benignissime
3065 4856 3306 4926 suscepti
3349 4871 3382 4912 a
3414 4855 3545 4912 ﬁdei

1952 4949 2234 5007 catholica:
2265 4949 2550 5005 defensore
2581 4946 2965 5013 Constantino,
2993 4948 3130 5019 jussi
3164 4957 3325 5015 sunt,
3353 4949 3546 5005 remis.

1953 5043 2032 5100 sis
2064 5041 2526 5113 disputationibus
2563 5038 2982 5112 philosophicis,
3009 5039 3238 5110 paciﬁco
3278 5039 3546 5111 colloquio

1955 5135 2023 5193 de
2043 5151 2172 5193 vera
2199 5134 2304 5191 ﬁde
2329 5134 2666 5207 perquirere,
2699 5133 2841 5191 datis
2865 5134 2948 5190 eis
2971 5134 3038 5190 de
3052 5135 3376 5191 bibliotheca
3403 5133 3546 5190 Con-

1955 5226 2440 5299 stantinopolitana
2461 5225 2852 5282 catholicorum
2875 5225 3119 5292 Patrum,
3146 5240 3284 5299 quos
3301 5225 3543 5296 petebat,

1956 5320 2169 5377 libellis.
2193 5318 2477 5376 Aﬂ'uerunt
2507 5331 2690 5376 autem
2712 5328 2768 5375 et
2787 5319 3026 5392 episcopi
3057 5329 3274 5376 centum
3301 5327 3357 5374 et
3383 5317 3544 5388 quin-

1957 5413 2255 5484 quaginta,
2300 5412 2626 5484 prmsidente
2679 5410 2944 5484 Gregorio
3009 5410 3316 5484 patriarcha
3383 5411 3544 5483 regia:

1960 5507 2140 5573 urbis,
2187 5515 2240 5562 et
2283 5505 2521 5561 Macario
2559 5505 2883 5561 Antiochiae.
2911 5499 3156 5562 Convi‘cti
3201 5511 3328 5559 sunt
3360 5504 3546 5576 itaque

1958 5601 2050 5671 qui
2079 5615 2240 5656 unam
2279 5598 2608 5654 voluntatem
2637 5608 2694 5654 et
2727 5599 3093 5670 operationem
3126 5595 3443 5653 astruebant
3487 5596 3541 5651 in

1958 5693 2209 5760 Christo,
2243 5692 2472 5751 falsasse
2513 5692 2904 5750 catholicorum
2946 5692 3170 5747 Patrum
3210 5688 3541 5763 perplurima

1959 5785 2123 5841 dicta.
2155 5784 2334 5841 Finito
2359 5783 2637 5852 conﬂictu,
2666 5783 2929 5856 Georgius
2955 5791 3239 5840 correctus
3285 5791 3390 5839 est.
3431 5781 3544 5837 Ma-

1960 5877 2140 5938 carius
2166 5893 2296 5935 vero
2324 5894 2450 5936 cum
2477 5878 2590 5946 suis
2619 5877 2942 5956 sequacibus
2965 5877 3128 5944 simul
3160 5884 3218 5933 et
3244 5876 3542 5962 praedeces-
