4024 6362
523 450 623 509 “5

1453 513 1457 517 ,
1507 452 1562 505 s.
1602 451 1849 519 ADONIS
1888 453 2312 522 ARCIIIEPISC.
2356 425 2759 510 VIENNENSIS

3669 450 3773 515 illi

519 568 730 631 scribus
750 610 764 635 ,
797 530 973 639 Cyro,
1001 546 1220 640 Sergio,
1253 529 1517 632 Honorio,
1548 564 1753 640 Pyrrho
1773 610 1786 632 ,
1816 565 2004 631 Paulo,
2038 574 2093 619 et
2121 570 2169 628 Α
2190 552 2463 640 defuncto,
2487 564 2821 621 Grimoldum
2853 564 3019 631 ﬁlium
3051 580 3166 636 ejus
3188 568 3446 638 majorem
3473 568 3665 623 domus
3683 568 3772 624 in-

515 657 712 728 Petro,
741 661 1224 719 anathematizatus
1264 667 1383 713 est:
1414 666 1468 712 et
1502 658 1566 731 in
1613 659 1731 714 loco
1772 659 1891 732 ejus
1915 658 2090 713 Theo-

514 754 728 826 pbanus
755 752 920 808 abbas
941 753 1007 808 de
1030 751 1235 817 Sicilia,
1260 751 1542 821 episcopus
1564 742 2087 806 Antiochiaefactus.

518 845 800 917 Tantaque
847 834 1015 916 gratia
1066 828 1275 917 legatos
1319 840 1601 896 catholicae
1640 841 1790 911 pacis
1834 839 2089 897 comitata

517 945 620 1003 est,
650 943 709 993 ut
738 934 975 1005 Joannes
1002 933 1310 989 Portuensis
1336 932 1619 1005 episcopus
1638 972 1652 996 ,
1685 931 1776 1005 qui
1803 938 1921 985 erat
1950 945 2090 985 unus

516 1040 585 1085 ex
611 1027 741 1101 ipsis
769 1024 1041 1080 Dominica
1086 1032 1398 1078 octavarum
1440 1008 1697 1091 Paschaa,
1724 1021 1953 1084 missas,
1986 1035 2073 1089 pu-

516 1117 656 1181 blice
677 1119 731 1173 in
758 1116 981 1172 ecclesia
1010 1124 1208 1171 sanctae
1240 1112 1452 1184 Sophia:
1476 1155 1489 1179 ,
1517 1128 1700 1169 coram
1743 1112 1989 1183 principe
2034 1120 2087 1166 et
2114 1144 2117 1145 ν

514 1207 821 1281 patriarcha
866 1204 1055 1261 Latine
1085 1204 1403 1261 celebraret.
1436 1204 1563 1259 Haec
1601 1213 1684 1259 est
1728 1213 1877 1259 sexta
1915 1198 2087 1274 Syno-

514 1299 616 1355 dus
642 1298 959 1353 universalis
987 1296 1449 1368 Constantinopoli
1482 1297 1749 1353 celebrata
1767 1338 1781 1362 ,
1811 1304 1865 1350 et
1893 1296 2084 1351 Graeco

513 1402 762 1445 sermone
807 1389 1111 1465 conscripta
1162 1390 1494 1461 temporibus
1540 1404 1691 1465 papae
1745 1388 2082 1460 Agathonis,

511 1490 840 1552 exsequente
862 1492 915 1535 et
942 1482 1213 1555 residente
1234 1481 1589 1551 Constantino
1628 1482 1872 1552 piissimo
1912 1484 2083 1555 impe-

511 1582 695 1631 ratore
717 1574 860 1635 intra
887 1573 1142 1643 palatium
1166 1590 1339 1635 suum,
1368 1572 1641 1644 simulque.
1659 1575 1851 1649 legatis
1874 1585 2084 1646 aposto-

508 1661 629 1720 lica:
651 1664 818 1729 sedis,
840 1673 897 1729 et
918 1665 1184 1739 episcopis
1204 1677 1420 1723 centum
1446 1675 1501 1722 et
1524 1668 1908 1740 quinquaginta
1944 1671 2080 1725 resi-

510 1758 781 1819 dentibus.
807 1757 987 1813 Prima
1014 1759 1157 1813 enim
1188 1758 1508 1813 universalis
1536 1757 1782 1831 Synodus
1815 1760 1865 1814 in
1903 1759 2081 1817 Nicaea

511 1857 836 1922 congregata
868 1856 1181 1905 est'contra
1209 1848 1397 1905 Arium
1419 1890 1433 1914 ,
1466 1858 1827 1907 trecentorum
1858 1862 1912 1909 et
1931 1864 2082 1909 octo-

2195 659 2392 741 stituit.
2439 658 2554 715 Non
2602 659 2761 729 longe
2806 652 3227 747 post’defuncto'
3272 660 3560 732 Sygiberto
3598 664 3770 739 'rege,

2194 748 2501 809 Grimoldus
2525 749 2691 807 ﬁlium
2718 751 2834 823 ejus
2861 766 3109 822 parvum,
3140 748 3499 823 Dagobertum
3529 753 3769 821 nomine,

2192 841 2439 906 totondit,
2465 858 2528 896 ac
2555 842 2759 896 Dodoni
2800 841 3123 897 Pictaviensi
3155 843 3406 913 episcopo
3453 841 3551 898 sub
3591 853 3774 900 custo-

2191 932 2277 996 dia
2307 933 2523 1004 dirigit:
2548 933 2740 988 Franci
2773 932 3060 1003 plurimum
3097 933 3220 987 inde
3247 934 3528 1009 indignati,
3556 946 3773 1007 captum

2189 1024 2525 1081 Grimoldum
2544 1025 2848 1082 Chlodoveo
2877 1025 2986 1097 regi
3019 1026 3236 1080 tradunt
3265 1027 3391 1101 :qui
3427 1029 3608 1099 posuit
3648 1045 3771 1083 eum

2188 1115 2412 1172 Parisiis
2438 1118 2490 1171 in
2524 1118 2763 1173 custodia
2792 1133 2807 1172 :
2835 1118 3014 1188 ibique
3057 1118 3147 1172 diu
3179 1116 3525 1174 excruCiatus
3546 1111 3569 1187 ,'
3606 1120 3771 1175 vitm]

2188 1210 2359 1265 ﬁnivit
2401 1229 2413 1264 :
2455 1208 2792 1273 Cblodoveus
2841 1226 2934 1264 rex
2988 1218 3188 1265 temere
3235 1226 3437 1282 agens,
3488 1212 3772 1278 brachium

2187 1301 2329 1357 beati
2360 1302 2596 1375 Dionysii
2622 1303 2875 1376 martyris
2904 1304 3151 1359 abscidit.
3176 1304 3257 1359 Ab
3284 1320 3348 1359 eo
3370 1314 3611 1376 tempore
3634 1306 3777 1363 sicut

2186 1394 2379 1450 Franci
2430 1406 2738 1459 tenuerunt,
2790 1411 3013 1469 regnum
3061 1397 3297 1464 ipsorum
3346 1396 3539 1453 cadere
3573 1399 3770 1467 erepit,

2184 1483 2353 1538 variis
2396 1485 2616 1540 casibus
2664 1484 3025 1540 molestatum.
3062 1484 3402 1541 Cblodoveus
3428 1501 3519 1540 rex
3541 1528 3555 1551 ,
3589 1487 3773 1540 multis

2186 1575 2405 1631 illectus
2434 1577 2600 1639 vitiis,
2634 1577 2849 1630 tandem
2885 1592 2951 1630 ex
2985 1575 3213 1631 Baltilde
3245 1578 3431 1651 regina
3480 1587 3592 1633 tres
3632 1577 3777 1632 ﬁlios

2185 1666 2392 1753 habuit,
2424 1666 2795 1722 Chlotharium
2815 1707 2830 1733 ,
2860 1666 3225 1723 Cbildericum
3277 1676 3436 1747 atque
3474 1667 3776 1733 Theodori-

2185 1756 2702 1823 cum.Justiniauus,
2726 1760 2896 1815 beatae
2923 1761 3215 1825 memoriae,
3242 1759 3496 1814 Romanae
3522 1759 3773 1827 Ecclesia:

2184 1849 2497 1925 pontiﬁcem
2546 1848 2827 1925 Sergium,
2869 1850 2993 1922 quia
3034 1850 3251 1923 Synodo
3302 1853 3571 1919 hmreseos
3607 1869 3771 1925 quam

506 1942 679 1997 decim
702 1941 948 2007 Patrum,
977 1940 1309 2012 temporibus
1338 1938 1462 1995 Julii
1499 1956 1666 2019 papaa'
1689 1940 1789 1998 sub
1825 1942 2082 2003 Constan-
2109 1930 2157 1990 B
2186 1932 2650 2012 Constantinopoli
2675 1940 2897 2007 fecerat,
2927 1953 3113 2013 patere
3138 1950 3194 1997 et
3216 1943 3554 2001 subscribere
3578 1944 3771 2012 noluit,

507 2035 619 2090 tino
664 2035 928 2109 principe.
974 2032 1217 2089 Secunda
1245 2074 1260 2100 ,
1310 2033 1813 2106 Constantinopoli,
1858 2038 2079 2092 centum

505 2123 894 2201 quinquaginta
942 2121 1163 2181 Patrum
1217 2131 1409 2177 contra
1453 2122 1823 2180 Macedonium
1873 2135 1927 2181 et
1977 2126 2083 2181 Eu-

507 2216 753 2289 doxinm,
778 2202 1112 2287 temporibus
1136 2214 1351 2269 Damasi
1379 2230 1531 2287 papae
1549 2256 1563 2281 ,
1594 2225 1649 2272 et
1669 2215 1913 2291 Gratiani
1934 2219 2080 2289 prin-

503 2307 659 2381 cipis,
691 2307 908 2378 quando
930 2304 1214 2363 Nectarius
1241 2305 1482 2387 ejusdem
1516 2308 1665 2362 urbis
1685 2316 1770 2363 est
1798 2309 2080 2367 ordinatus

504 2400 807 2473 episcOpus.
854 2398 1039 2469 Tertia
1087 2399 1141 2453 in
1189 2398 1433 2469 Epheso,
1463 2398 1817 2457 ducentorum
1856 2400 2075 2455 Patrum

503 2476 692 2569 contra
736 2490 1040 2561 Nestorium
1071 2490 1381 2571 episcopum
1422 2490 1676 2562 Augusta:
1716 2492 1893 2558 urbis,
1945 2493 2077 2549 duas

492 2598 762 2663 personas
789 2584 841 2651 in
869 2582 1097 2653 Domino
1125 2581 1252 2638 Jesu
1279 2581 1497 2647 Christo
1517 2585 1929 2659 prtedicantem,
1980 2588 2078 2641 sub

501 2674 806 2749 Theodosio
862 2691 1057 2747 magno
1118 2675 1360 2746 principe
1388 2717 1403 2743 ,
1457 2685 1511 2732 et
1565 2693 1701 2753 papa
1760 2677 2072 2735 leestino.

499 2764 721 2835 Quarta,
752 2767 802 2821 in
824 2765 1207 2832 Chalcedonia,
1233 2765 1451 2821 Patrum
1484 2767 1628 2823 mille
1660 2779 1870 2824 centum
1901 2779 1955 2825 et
1977 2771 2074 2825 tri-

500 2857 647 2929 ginta
682 2857 780 2912 sub
810 2855 990 2912 Leone
1021 2871 1180 2927 papa,
1216 2857 1550 2928 temporibus
1589 2857 1838 2914 Martiani
1880 2861 2076 2929 princi-

497 2947 614 3021 pis,
655 2955 843 3001 contra
894 2945 1194 3016 Eutychem
1240 2946 1746 3003 nefandissimorum
1786 2950 2073 3019 praesulem

496 3038 905 3092 monachorum.
938 3035 1136 3105 Quinta
1165 3045 1365 3102 autem,
1393 3035 1854 3109 Constantinopoli
1878 3081 1891 3100 ,
1936 3049 2073 3095 tem-

498 3126 720 3199 poribus
761 3125 941 3197 Vigilii
987 3120 1160 3196 papae,
1211 3125 1312 3180 sub
1363 3124 1666 3183 Justiniano
1715 3129 2071 3199 imperatore,

499 3225 689 3273 contra
711 3216 1055 3271 Theodorum
1081 3223 1136 3272 et
1160 3231 1348 3272 omnes
1388 3217 1692 3275 haereticos.
1724 3219 1891 3277 Sexta
1926 3221 2070 3289 haec,

2187 2033 2354 2088 misso
2377 2034 2638 2090 Zacharia
2671 2035 3071 2107 protospatario
3105 2032 3236 2099 Suo,
3273 2034 3434 2103 jussit
3461 2034 3775 2107 Constanti-

2184 2127 2417 2205 nOpolim
2453 2128 2750 2209 deportari.
2785 2128 2892 2185 Sed
2924 2129 3184 2197 praevenit
3216 2127 3406 2197 militia
3437 2112 3776 2197 Ravennatis

2183 2219 2355 2285 urbis,
2384 2208 2795 2290 vicinarumque
2822 2218 3058 2291 partium
3080 2260 3095 2283 ,
3120 2216 3271 2293 jussa
3302 2214 3530 2283 nefanda
3567 2208 3773 2289 princi-

2179 2298 2264 2382 pis
2284 2320 2338 2363 et
2361 2310 2610 2375 eumdem
2639 2300 2958 2375 Zachariam
2986 2310 3054 2364 ab
3077 2309 3210 2363 urbe
3230 2309 3399 2363 Roma
3428 2294 3773 2377 contumeliis

2177 2407 2234 2463 et
2266 2398 2477 2468 injuriis
2500 2398 2834 2475 repulerunt.
2861 2394 3202 2455 Chlodoveus
3224 2394 3320 2454 rex
3351 2390 3571 2453 nimium
3600 2394 3772 2461 Iul-ri;

2180 2504 2278 2544 cus
2310 2489 2560 2555 decessit,
2591 2505 2714 2545 cum
2748 2497 3031 2562 regnasset
3067 2491 3225 2545 annis
3262 2489 3530 2546 sexdecim
3571 2484 3771 2547 Ρωηοί

2178 2564 2548 2637 Chlotbarium
2584 2580 2747 2647 (ilium
2778 2580 2894 2650 ejus
2940 2598 3120 2655 regem
3151 2582 3508 2639 constituunt.
3536 2578 3770 2641 Hercbi-
3862 2591 3869 2595 ‘

2179 2671 2338 2727 noldo
2379 2669 2582 2740 majore
2614 2674 2808 2727 domus
2835 2671 3120 2736 defuncto,
3155 2670 3349 2727 Franci
3392 2671 3447 2726 in
3497 2670 3768 2725 incertum

2176 2772 2384 2827 euntes,
2410 2763 2704 2820 Ebroinum
2735 2766 2786 2820 in
2816 2766 2919 2820 hac
2945 2746 3203 2849 dignitate
3233 2773 3290 2820 ut
3326 2762 3499 2845 major
3534 2773 3682 2819 esset
3707 2762 3771 2818 in

2177 2856 2295 2910 aula
2345 2858 2489 2929 regia
2527 2858 2878 2920 constituunt.
2923 2856 3270 2914 Cblotharius
3318 2867 3552 2928 quatuor
3587 2870 3766 2911 annos

2176 2961 2412 3017 regnans
2439 2946 2601 3011 obiit,
2648 2945 2800 3017 cujus
2828 2947 2946 3002 loco
2989 2946 3182 3002 Franci
3214 2944 3612 3016 Theodoricum
3652 2947 3765 3013 fra-

2177 3043 2312 3090 trem
2341 3036 2458 3106 ejus
2486 3038 2719 3106 erigunt.
2755 3037 3120 3093 Cbildericum
3170 3037 3333 3092 alium
3380 3036 3602 3093 fratrem
3645 3035 3767 3107 ejus

2177 3127 2336 3183 simul
2367 3143 2487 3182 cum
2522 3127 2733 3185 Ulfeldo
2765 3129 2901 3185 duce
2961 3130 3014 3184 in
3044 3130 3316 3185 Austriam
3361 3145 3587 3207 regnare
3632 3131 3768 3185 diri-

2180 3229 2331 3290 gunt.
2355 3219 2495 3291 Papa
2519 3220 3033 3293 Sergius‘ordinavit
3058 3214 3420 3278 venerabilem
3445 3225 3626 3291 virum
3650 3221 3768 3279 Wi-

499 3312 567 3367 (ιθ
592 3327 695 3382 qua
728 3314 778 3370 in
812 3318 1063 3385 pmsemi
1095 3315 1217 3373 loco
1248 3317 1506 3374 diximus,
1541 3316 1874 3389 sindulphus
1915 3284 2075 3375 Vien;
2103 3284 2153 3348 θ
2181 3284 2448 3367 libroduni
2487 3284 2806 3384 cognomine
2852 3313 3213 3380 Clementem,
3259 3313 3563 3375 Frisionum
3584 3284 3589 3291 γ
3613 3315 3767 3393 genti

500 3405 686 3459 nensis
717 3405 970 3461 Ecclesiaa
1005 3407 1290 3476 episc0pus
1312 3448 1326 3472 ,
1359 3407 1539 3462 clarus
1582 3408 1831 3463 habetur.
1874 3407 2075 3464 Sancta

506 3492 666 3564 Virgo
689 3493 888 3551 Christi
913 3484 1247 3563 lle'diltruda,
1277 3495 1381 3550 ﬁlia
1406 3496 1575 3552 Anna
1596 3497 1738 3570 regis
1758 3497 2073 3570 Anglorum,

504 3594 560 3639 et
584 3586 760 3655 primo
789 3576 943 3641 alteri
974 3587 1108 3652 viro,
1140 3596 1193 3641 et
1234 3596 1417 3660 postea
1460 3586 1709 3644 Hecfrido
1739 3589 1850 3660 regi
1881 3588 2077 3658 conjux

499 3680 643 3743 data,
680 3686 966 3748 postquam
1004 3679 1284 3734 duodecim
1323 3678 1478 3735 annis
1504 3681 1717 3735 thorum
1758 3681 2073 3737 maritalem

498 3771 806 3841 incorrupta
841 3771 1108 3838 servavit,
1143 3781 1356 3841 sumpto
1384 3771 1648 3826 velamine
1695 3774 2079 3829 sanctimonia-

500 3862 566 3917 lis
617 3860 844 3917 eﬂlcitur
869 3881 881 3917 :
911 3877 1010 3918 nec
1044 3878 1230 3928 mora,
1275 3863 1438 3918 etiam
1487 3863 1757 3934 virginum
1809 3872 1982 3918 mater
2024 3873 2080 3920 et

500 3953 679 4006 nutrix
708 3938 722 4006 ἐ
750 3951 903 4020 cujus
939 3954 1132 4007 merita
1174 3961 1403 4008 testatur
1439 3954 1601 4007 etiam
1646 3968 1776 4009 caro
1822 3963 2033 4011 mortua
2059 3998 2074 4024 ,

499 4059 619 4112 quae
643 4053 765 4114 post
791 4043 1059 4098 sexdecim
1089 4059 1257 4117 annos
1286 4044 1577 4116 sepulturae
1626 4058 1748 4100 cum
1790 4056 1940 4102 veste
1972 4062 2076 4118 qua

500 4133 741 4187 involuta
766 4127 867 4199 est,
902 4132 1211 4204 incorrupta
1241 4143 1300 4187 ut
1345 4135 1494 4205 virgo
1525 4145 1828 4203 manserat,
1874 4140 2078 4209 reperi-

503 4234 607 4278 tur.
662 4223 999 4293 Dagobertus
1047 4239 1141 4279 rex
1189 4224 1447 4280 ecclesias
1490 4233 1802 4281 sanctorum
1848 4228 2073 4293 ditavit,

500 4315 688 4385 eisque
712 4314 879 4370 multa
912 4314 1134 4388 largitus
1161 4317 1385 4387 pacitlce
1421 4325 1476 4372 et
1513 4318 1694 4387 quiete
1722 4332 1950 4390 regnum
1997 4330 2077 4375 te-

501 4408 619 4462 nuit
640 4406 989 4462 Francorum.
1024 4406 1321 4481 Sindulpho
1346 4410 1599 4480 episcopo
1628 4408 1914 4476 defuncto,
1943 4411 2076 4468 Hec-

500 4499 651 4553 dicus
705 4495 1024 4555 Viennensis
1073 4500 1329 4555 Ecclesiae
1389 4501 1737 4571 praesulatum
1794 4504 2072 4573 suscepit,

2183 3402 2515 3473 episcopum.
2562 3402 2919 3460 Chaldeoldus
2954 3406 3237 3485 episcopus
3270 3396 3627 3461 Viennensem
3658 3404 3764 3461 Ec-

2181 3495 2399 3550 clesiam
2451 3497 2592 3552 rexit
2626 3512 2797 3568 usque
2844 3498 2910 3551 ad
2960 3505 3203 3568 tempora
3244 3496 3564 3552 Theodorici
3597 3497 3769 3567 regis.

2178 3586 2513 3644 Justiuianus
2536 3589 2830 3659 imperator
2856 3590 2925 3643 ob
2947 3588 3155 3658 culpam
3189 3588 3446 3659 perﬁdiae,
3476 3588 3623 3656 regni
3651 3586 3767 3659 glo—

2181 3682 2262 3736 ria
2292 3682 2554 3752 privatus,
2581 3682 2734 3738 exsul
2760 3682 2811 3737 in
2834 3680 3063 3736 Pontum
3092 3666 3317 3751 secedit.

2257 3770 2405 3847 [696]
2454 3777 2561 3832 Leo
2610 3778 2903 3846 imperator
2959 3791 3128 3830 annos
3166 3777 3318 3831 duos.
3353 3774 3496 3845 Papa
3540 3772 3769 3844 Sergius

2182 3867 2235 3922 in
2267 3869 2509 3923 sacrario
2555 3869 2697 3924 beati
2723 3869 2869 3924 Petri
2901 3884 3118 3939 capsum
3161 3854 3506 3940 argenteam,
3551 3884 3672 3938 quae
3708 3850 3769 3923 in

2184 3958 2382 4029 angulo
2431 3961 2815 4015 obscurissimo
2866 3961 3167 4016 diutissime
3209 3944 3473 4029 jacuerat,
3502 3948 3585 4014 Vet'
3608 3960 3662 4013 in
3698 3972 3766 4014 ea

2183 4065 2397 4103 crucem
2440 4049 2669 4106 diversis
2704 4067 2768 4106 ac
2806 4051 3057 4121 pretiosis
3100 4049 3369 4121 lapidibus
3407 4051 3765 4117 adornatam,

2185 4144 2410 4200 Domino
2436 4147 2729 4213 revelante,
2776 4146 3015 4219 reperit:
3049 4147 3115 4201 de
3160 4156 3263 4216 qua
3310 4145 3496 4202 tractis
3531 4157 3769 4218 quatuor

2181 4238 2393 4308 petalis,
2418 4240 2612 4308 quibus
2636 4254 2862 4310 gemmae
2888 4239 3107 4295 inclusm
3129 4248 3285 4295 erant
3310 4254 3459 4295 mirae
3489 4240 3767 4311 magnitu-

2182 4332 2345 4397 dinis,
2376 4332 2677 4402 portionem
2712 4331 2839 4403 ligni
2873 4332 3138 4388 salutiferi
3166 4332 3461 4389 Dominicze
3480 4333 3661 4395 crucis
3683 4334 3769 4388 in-

2181 4424 2352 4480 terius
2377 4424 2668 4495 repositam
2705 4424 2955 4496 inspexit.
2988 4423 3116 4492 Quae
3136 4418 3201 4480 ex
3231 4440 3295 4479 eo
3325 4434 3565 4496 tempore
3589 4426 3771 4481 omni—

2182 4516 2282 4570 bus
2333 4517 2487 4570 annis
2536 4516 2589 4570 in
2645 4515 2867 4572 basilica
2918 4515 3252 4581 Salvatoris,
3298 4530 3420 4586 quae
3464 4513 3771 4586 appellatur

499 4605 707 4661 magnae
738 4588 1010 4658 religionis
1037 4591 1158 4645 vir:
1189 4592 1383 4646 claruit
1412 4601 1591 4647 autem
1630 4606 1803 4663 usque
1842 4594 1909 4648 ad
1946 4595 2073 4649 ulti-

499 4694 642 4705 mum
680 4690 887 4705 ............
933 4678 1212 4705 l..-.:-:.....:
1255 4670 1592 4705 :......-_...-.'_:_
1649 4682 1799 4705 ---:---
1848 4692 1891 4705 _.
1943 4695 2041 4705 .-ψ

2184 4608 2648 4672 Constantiniana,
2677 4607 2762 4661 die
2787 4606 3132 4661 exaltationis
3158 4606 3275 4676 ejus
3299 4607 3366 4661 ab
3389 4588 3534 4661 omnii
3555 4606 3769 4661 oscula;

499 4694 644 4734 mum
680 4690 890 4750 tempus
925 4678 1212 4737 Iustiniani
1255 4670 1615 4753 imperatoris,
1644 4682 1801 4753 cujus
1841 4692 1896 4741 et
1943 4695 2075 4742 temo

498 4785 627 4839 pore
656 4770 808 4826 obiit.

568 4860 717 4936 [686]
755 4860 1091 4920 Justinianus
1138 4865 1329 4929 minor,
1358 4864 1501 4921 ﬁlius
1518 4868 1883 4936 Constantini,
1910 4871 2076 4943 impe-

500 4961 647 5009 rator
665 4954 858 5021 factus,
886 4957 1043 5012 annis
1069 4956 1276 5012 decem.
1302 4955 1401 5011 Hic
1428 4958 1710 5013 constituit
1740 4976 1926 5029 pacem
1952 4977 2075 5018 cum

498 5048 787 5102 Saracenis
826 5057 970 5105 terra
1009 5048 1253 5117 marique
1276 5048 1553 5104 decennio.
1584 5049 1689 5106 Sed
1719 5060 1772 5107 ct
1799 5056 2074 5123 provmcia

494 5141 679 5199 Africa
695 5159 815 5214 qua:
838 5143 1013 5199 fuerat
1034 5153 1181 5199 tenta
1203 5160 1232 5197 a
1248 5143 1552 5211 Saracenis,
1567 5146 1894 5221 Carthagine
1923 5162 2077 5222 capta

490 5245 655 5308 atque
678 5237 949 5293 destructa
966 5277 980 5301 ,
1007 5235 1250 5290 Romano
1283 5237 1506 5309 imperio
1536 5238 1818 5312 subjugata
1844 5255 1946 5298 est.
1976 5246 2078 5299 Da-

494 5329 750 5401 gobertus
778 5344 895 5394 rex,
922 5328 1097 5382 valida
1123 5328 1273 5384 febre
1292 5339 1577 5402 aegrotans,
1598 5343 1841 5390 mortuus
1854 5347 1936 5390 est
1959 5335 2078 5407 Spi-

493 5424 673 5497 nogilo
693 5425 817 5480 villa
849 5425 902 5479 in
927 5438 1064 5495 pago
1093 5421 1387 5480 Parisiensi
1418 5433 1580 5495 atque
1602 5427 1654 5481 in
1669 5429 1900 5484 ecclesia
1930 5429 2074 5484 beati

495 5516 732 5587 Dionysii
774 5516 1033 5587 martyris
1082 5514 1322 5584 sepultus
1364 5525 1446 5572 est
1491 5536 1503 5571 :
1553 5517 1914 5590 luxeruntque
1951 5536 2072 5577 cum

494 5605 686 5660 Franci
713 5607 901 5661 diebus
938 5606 1152 5662 multis.
1188 5606 1453 5680 Regnavit
1493 5618 1671 5664 autem
1713 5610 2068 5683 quadraginta

491 5703 725 5766 quatuor
745 5699 920 5753 annis.
953 5698 1080 5768 Ejus
1108 5700 1226 5756 loco
1246 5702 1641 5757 constituerunt
1682 5701 1873 5758 Franci
1908 5703 2072 5760 Chlo-

494 5788 722 5844 doveum
747 5787 915 5845 ﬁlium
945 5791 1063 5861 ejus
1098 5807 1278 5864 regem
1305 5810 1325 5847 :-
1353 5793 1507 5863 cujus
1540 5809 1680 5848 uxor
1715 5793 1977 5861 Baltildis,
2008 5800 2072 5852 de

493 5896 690 5951 genere
711 5881 1009 5940 Saxonum.
1040 5884 1357 5951 Svgibertus
1383 5902 1479 5941 rex
1501 5887 1820 5955 Δίκη-θείω,
1848 5888 2071 5961 Pippino

2181 4709 2272 4756 tur
2317 4709 2478 4771 atque
2525 4702 2783 4755 adoratur
2834 4700 3049 4770 p0pulo.
3090 4700 3395 4756 Dodolenus
3440 4692 3767 4755 Viennensis

2179 4794 2462 4865 episcopus
2498 4792 2743 4846 habetbr.
2775 4789 3004 4855 Franci,
3035 4791 3272 4847 Ebroino
3309 4790 3533 4845 insidias
3561 4805 3766 4859 paran-

2181 4895 2282 4952 tes,
2302 4884 2693 4940 Theodericum
2718 4884 2784 4939 de
2807 4898 2972 4956 regno
2984 4881 3261 4951 ahjiciunt,
3276 4883 3570 4938 EbroinUm
3587 4882 3768 4959 Luxo;

2181 4977 2270 5031 vio
2300 4978 2626 5031 monasterio
2646 4978 2898 5033 tondenti
2921 4971 3281 5032 Cbildericum
3311 4968 3478 5046 super
3499 4988 3555 5032 se
3583 4972 3766 5047 regem

2178 5066 2361 5122 levant
2388 5087 2402 5121 :
2430 5068 2688 5136 majorem
2713 5070 2925 5132 domus,
2953 5066 3281 5123 Ulfuoldum.
3311 5068 3421 5123 Se’d
3445 5082 3550 5121 non
3596 5067 3769 5124 multo

2180 5170 2331 5229 post,
2365 5170 2585 5231 propter
2620 5158 2890 5216 levitatem
2929 5161 3096 5215 animi
3138 5162 3217 5216 sui
3258 5161 3398 5215 idem
3427 5159 3768 5216 Cbildericus

2181 5268 2209 5305 a
2270 5252 2495 5306 Francis
2558 5252 2884 5307 interﬁcitur
2929 5266 2941 5307 :
2997 5251 3278 5308 Uifuoldus
3330 5251 3455 5323 fuga
3510 5251 3763 5329 elabitur.

2178 5341 2372 5396 Franci
2406 5341 2723 5397 Leodosium
2756 5342 3080 5398 Archenoldi
3105 5341 3271 5396 ﬁlium
3295 5340 3550 5413 majorem
3574 5341 3769 5396 ἀυιηυε

2180 5434 2531 5496 constituunt,
2565 5433 2956 5489 Theodericum
2990 5435 3043 5489 in
3088 5448 3253 5505 regno
3284 5434 3572 5487 advocant.
3624 5432 3765 5488 Dici:

2184 5536 2270 5580 tur
2316 5526 2366 5580 in
2414 5527 2517 5582 hoc
2561 5525 2789 5581 consilio
2830 5523 2998 5581 fuisse
3036 5524 3400 5596 Lcodegarius
3437 5523 3768 5578 venerabilis

2179 5616 2464 5686 episcopus
2494 5616 3023 5689 Augustodunensis,
3070 5624 3124 5670 et
3155 5614 3387 5670 Gerinus
3426 5613 3597 5668 frater
3621 5613 3762 5683 ejus;

2179 5707 2446 5763 Ebroinus
2470 5708 2651 5778 itaque
2688 5722 2896 5780 magnae
2924 5708 3218 5779 impietatis
3247 5709 3439 5773 homo,
3471 5707 3761 5761 claricatn~

2179 5814 2295 5852 ram
2321 5798 2599 5862 abjiciens,
2628 5814 2656 5853 a
2676 5798 2919 5855 Luxovio
2938 5799 3187 5854 cmnobio
3207 5813 3478 5866 egressus,
3505 5797 3760 5853 seductus

2177 5890 2223 5945 si
2236 5906 2304 5946 ue
2334 5892 2494 5946 dubio
2533 5892 2602 5944 ab
2627 5890 2821 5962 spiritu
2846 5891 3146 5955 mendacii,
3174 5892 3265 5961 qui
3290 5891 3501 5955 dixerat
3532 5888 3580 5942 ei
3610 5884 3759 5957 quod
