4024 6362
239 434 370 495 “7‘

1337 374 1748 490 CHROBICON.
1787 456 1859 472 -
1895 425 2102 490 AETAS
2139 360 2385 488 SEXTA.

3393 434 3518 495 ω,

234 545 605 620 duodeviginti
635 545 790 602 annis
813 544 1052 609 viveret,
1089 543 1142 598 in
1181 541 1468 602 Franciam
1496 544 1810 602 revertitur.
1840 546 1893 608 Α
1913 545 2057 618 igne,
2083 545 2670 618 gladie,etcaptivitate
2681 545 2908 601 vastavit
2937 561 2948 599 ε
2977 560 3206 617 eumque
3227 563 3333 605 non
3353 561 3495 608 esset

231 641 420 710 Copiis
465 638 823 706 undecunque
869 636 972 691 sibi
1027 636 1350 706 aggregatis,
1383 635 1456 697 ad
1498 636 1816 692 Audeenum

229 732 556 805 episcopum
591 727 1089 799 Rothomagcnsem
1134 725 1336 796 dirigit.
1387 725 1512 790 lex
1557 741 1818 798 responso
1850 761 1852 764 τ

238 812 375 882 itide
413 827 639 889 accepto
674 818 956 889 tyrannica
983 825 1171 874 contra
1211 817 1394 878 hostes
1430 818 1814 880 debacchatus.

224 909 578 974 Levidesium
603 909 707 972 fide
727 917 946 980 captum
980 909 1201 969 occidit.
1244 908 1322 966 Ac
1350 908 1430 972 sic
1453 908 1812 982 principatum

227 1006 286 1062 vi
317 1006 422 1069 sub
445 1001 782 1064 Theoderico
821 1015 946 1071 rege
978 999 1247 1058 obtinuit:
1276 1000 1531 1058 continue
1567 1008 1813 1056 sanctum

228 1088 627 1165 Lcedegarium
651 1093 884 1153 diversis
906 1093 1082 1163 pinnis
1107 1091 1358 1147 affectum
1387 1092 1566 1162 gladio
1595 1107 1818 1162 percus-

233 1192 326 1250 sit.
359 1189 622 1247 Ceriuum
649 1203 868 1258 quoque
899 1187 1120 1244 fratrem
1162 1185 1280 1254 ejus
1313 1186 1402 1246 ditt
1449 1186 1818 1246 excruciatum

231 1280 505 1352 peremit:
539 1279 738 1341 multos
760 1293 963 1349 cogens
999 1279 1050 1334 in
1075 1277 1342 1341 exsilium,
1379 1276 1571 1336 ablatis
1596 1275 1816 1334 faculta-

233 1373 403 1438 tibus,
436 1371 505 1426 de
531 1371 730 1440 quibus
753 1368 1048 1432 Vulbaldus
1080 1379 1135 1424 et
1170 1367 1543 1438 Ragnebertus
1581 1367 1817 1427 illustres

233 1464 369 1525 viri,
403 1461 586 1517 multis
614 1461 791 1531 pressi
826 1460 1070 1532 injuriis,
1098 1459 1298 1514 virtute
1319 1457 1691 1523 venerabiles,
1722 1472 1818 1514 oc-

231 1554 516 1608 cumbunt.
544 1552 794 1612 lilfuoldo
819 1552 1113 1608 decedente
1131 1591 1146 1615 ,
1179 1551 1442 1606 Martinus
1473 1558 1528 1606 et
1557 1549 1816 1620 Pippinus

226 1645 415 1716 juniur
444 1643 587 1700 filius
612 1642 931 1715 Ansegesili,
968 1642 1183 1714 regibus
1207 1642 1617 1704 decedentibus,
1649 1641 1816 1696 domi-

232 1736 506 1790 nabantur
542 1736 600 1795 in
619 1734 863 1794 Austria.
890 1735 1034 1791 Meto
1075 1733 1263 1805 praelia
1299 1743 1490 1789 contra
1527 1732 1815 1791 Theodori-

231 1842 360 1882 cum
395 1840 570 1897 regem
596 1833 649 1887 et
673 1825 989 1890 Ebroinum,
1015 1824 1279 1880 Martinus
1301 1823 1427 1895 fuga
1463 1823 1647 1894 lapsus
1669 1821 1812 1892 Lug-

1915 638 2005 708 qui
2034 639 2082 691 ei
2106 638 2401 704 resisteret,
2433 637 2667 693 Joannes
2689 653 2824 708 papa
2855 638 3035 693 missis
3061 640 3299 695 donariis
3325 641 3493 711 pluri-

1915 731 2018 785 mis
2064 739 2120 786 et
2161 729 2373 799 legatis,
2425 731 2706 786 universos
2748 730 2992 799 captivos
3034 731 3282 796 redemit,
3335 741 3494 803 atque
3574 734 3578 738 ”

1913 819 2098 874 hostes
2121 819 2337 874 domum
2370 820 2546 874 redire
2584 818 2728 875 fecit.
2766 818 3134 876 Cui'succedit
3177 821 3314 876 alter
3335 821 3498 878 Joan-

1913 925 2032 976 nes,
2067 912 2160 980 qui
2186 913 2322 967 miro
2359 926 2523 982 opere
2553 912 2848 968 oratorium
2875 921 3075 969 sanctae
3105 915 3199 978 Dei
3220 917 3498 984 genitricis

1915 1001 2096 1057 Maria:
2124 1003 2178 1056 in
2208 1003 2450 1059 Ecclesia
2478 1005 2618 1059 beati
2641 1003 2784 1060 Petri
2814 1006 3136 1060 construxit.
3169 1006 3495 1073 Eritbertus,

1915 1111 2012 1150 rex
2049 1095 2559 1165 Lengebardorum,
2609 1096 2807 1153 multas
2852 1106 3029 1154 certes
3077 1109 3128 1154 et
3174 1100 3498 1170 patrimonia

1913 1185 2128 1254 Alpium
2149 1184 2467 1251 Cottiarum,
2487 1203 2606 1257 qum
2628 1201 2660 1244 a
2681 1186 3047 1259 Longobardis
3063 1189 3278 1249 fuerant
3296 1174 3498 1252 ablata.

1906 1278 2016 1348 juri
2051 1277 2369 1348 Apostolica:
2391 1281 2538 1335 sedis
2565 1281 2823 1347 restituit,
2851 1291 2905 1337 et
2933 1283 3076 1337 hanc
3105 1283 3500 1340 restitutionem

1915 1369 2096 1424 aureis
2148 1370 2408 1440 scriptam
2456 1371 2654 1428 litteris
2704 1373 2936 1432 Romam
2975 1373 3191 1429 direxit.
3242 1373 3502 1444 Pippinus

1913 1458 2318 1514 Austrasierum
2343 1461 2472 1526 dux,
2496 1461 2892 1519 Theodericum
2914 1479 3096 1535 regem
3129 1465 3291 1534 cepit,
3313 1473 3499 1535 atque,

1913 1549 2187 1606 thesauris
2220 1553 2478 1621 acceptis,
2523 1552 2920 1610 Nordebertum
2961 1556 3249 1624 quemdam
3291 1557 3356 1612 de
3387 1556 3502 1612 suis

1913 1639 2174 1707 majorem
2213 1642 2403 1697 demus
2442 1643 2544 1699 sub
2582 1658 2708 1714 rege
2737 1645 2928 1705 eodem
2961 1646 3258 1702 constituit.
3290 1647 3409 1716 Ipse
3445 1645 3502 1702 in

1911 1731 2186 1787 A'ustriam
2227 1735 2505 1789 remeavit.
2546 1735 2733 1790 Habuit
2776 1746 2959 1796 autem
2986 1755 3052 1796 ex
3079 1754 3250 1796 uxore
3279 1755 3378 1796 sua
3405 1755 3500 1802 no.-

1912 1821 2003 1877 bili
2041 1824 2176 1879 duos
2215 1825 2373 1889 filios,
2408 1825 2643 1896 Dregum
2697 1834 2750 1884 et
2777 1827 3128 1889 Grituoltlum.
3167 1830 3375 1901 Drogus
3404 1831 3501 1887 du-

230 1918 383 1971 duno
408 1916 591 1972 cloaca
633 1931 694 1978 sc
724 1915 983 1972 reclusit:
1009 1916 1270 1986 Pippinus
1311 1931 1524 1986 quoque
1564 1931 1596 1971 e
1643 1915 1810 1978 latere
1837 1912 1886 1972 B
1913 1922 2091 1968 catum
2122 1914 2174 1970 in
2207 1914 2500 1986 Campania
2530 1917 2755 1988 accepit.

227 2006 422 2062 evasit.
467 2005 776 2072 Ebroin“,
805 2005 944 2062 datis
986 2006 1360 2070 sacramentis,
1402 2005 1692 2064 Martinum
1739 2005 1806 2060 ad

227 2117 412 2173 regem
450 2099 848 2162 Theodericum
889 2100 1072 2160 venire
1121 2101 1350 2159 suadet:
1383 2101 1472 2158 ille
1522 2099 1805 2164 credulus,

226 2209 350 2250 mox
375 2209 498 2250 cum
528 2193 642 2254 suis
685 2191 1000 2256 interfectus
1037 2201 1142 2250 est.
1179 2193 1452 2256 Ebroinus
1487 2193 1809 2252 crudelitate

225 2283 394 2338 nimia
429 2297 604 2338 savus
629 2323 645 2348 ,
693 2283 761 2338 ab
803 2281 1184 2340 Hermenfrido
1229 2283 1444 2340 France
1491 2282 1810 2339 interfectus

224 2382 310 2427 est
340 2391 353 2426 :
389 2371 802 2430 Hermenfridus
831 2372 884 2434 in
921 2373 1268 2432 Austriorum
1308 2389 1532 2446 regnum
1573 2375 1641 2430 ad
1688 2373 1811 2445 Pip-

224 2464 415 2535 pinum
442 2463 676 2536 f’ugiens,
703 2465 896 2522 evasit.
934 2464 1064 2520 Erat
1107 2475 1234 2522 tunc
1278 2465 1536 2534 temporis
1566 2467 1648 2520 vir
1683 2482 1810 2522 ocu-

232 2555 306 2610 lis
356 2553 602 2621 orbatus,
645 2571 786 2616 unus
836 2556 902 2612 de
951 2555 1056 2611 illis
1109 2556 1306 2627 quibus
1352 2557 1621 2612 Ebroinus
1675 2558 1807 2614 elle-

233 2649 396 2704 derat
439 2647 678 2714 lumina,
725 2649 778 2702 in
830 2647 1005 2714 insula
1056 2648 1438 2722 Lugdunensis
1483 2650 1808 2722 provinciae,

232 2756 360 2812 qua:
401 2739 630 2798 Barbara
675 2741 892 2806 dicitur.
937 2739 1038 2812 Qui
1087 2757 1208 2798 cum
1257 2751 1522 2804 nocturno
1571 2751 1812 2814 tempore

227 2845 396 2901 super
432 2831 602 2900 ripam
634 2830 914 2896 Scicannm
942 2831 1177 2889 fluminis
1196 2834 1384 2900 orandi
1414 2835 1586 2908 gratia
1614 2836 1812 2900 reside-

233 2934 340 2986 ret,
373 2925 577 2980 audivit
603 2925 970 2997 navigantium
992 2926 1270 2995 impetum,
1300 2935 1357 2986 et
1396 2943 1586 3000 magna
1614 2928 1665 2986 vi
1692 2925 1814 2986 bra-

231 3016 478 3090 chiorum
537 3028 727 3078 contra
785 3019 1046 3091 impetum
1110 3018 1347 3080 fluminis
1400 3020 1811 3092 insurgentium.

230 3108 892 3183 Cumque'interrogaret,
921 3128 1030 3183 quo
1075 3113 1345 3184 navigium
1390 3112 1518 3170 illud
1546 3114 1812 3180 tenderet,

232 3216 336 3258 vox
364 3204 417 3257 in
443 3203 664 3259 auribus
693 3202 810 3273 ejus
836 3205 1145 3275 percrepuit
1177 3223 1188 3258 :
1224 3204 1492 3270 Ebroinus
1522 3213 1629 3273 est,
1653 3220 1817 3276 quem

232 3293 300 3362 ad
340 3293 657 3349 V'ulcaniam
700 3295 859 3350 ollam
901 3295 1193 3352 deferimus
1226 3315 1238 3350 :
1268 3296 1343 3351 ibi
1381 3295 1526 3354 enim
1566 3296 1691 3354 facti
1733 3296 1818 3352 sui

230 3395 423 3453 paruas
467 3381 598 3446 luet.
636 3383 748 3456 Hoc
785 3384 926 3452 idem
954 3385 1036 3440 vir
1062 3386 1264 3442 audivit
1292 3385 1358 3441 ad
1397 3385 1820 3444 consolationem

235 3474 339 3538 sui,
382 3483 442 3541 ut
474 3475 639 3532 sciret
686 3491 847 3546 quam
886 3491 1100 3548 poenam
1146 3486 1520 3548 persecutores
1549 3477 1818 3548 iustorum

232 3569 518 3628 sentirent.
546 3567 1036 3628 Reverentissimus
1074 3569 1328 3626 Ecclesia:
1363 3568 1820 3636 Lindisfarnensis

233 3661 289 3716 in
312 3661 588 3718 Britannia
607 3675 673 3718 ex
696 3661 1022 3718 Anacherita
1043 3663 1267 3719 antistes
1284 3661 1629 3726 Cuthbertus,
1652 3669 1818 3718 totam

239 3753 310 3806 ab
331 3751 555 3818 infantia
579 3766 750 3824 usque
776 3753 843 3808 ad
868 3753 1032 3818 finem
1051 3754 1217 3809 vitam
1242 3754 1624 3816 miraculorum
1652 3753 1822 3828 signis

234 3843 490 3918 inclytam
530 3845 701 3910 duxit.
747 3843 915 3920 Cujus
956 3846 1261 3921 venerabile
1299 3861 1496 3918 corpus
1539 3847 1818 3906 humatum

231 3945 358 4008 post
378 3937 624 3994 undecim
653 3953 846 4004 annos,
873 3941 1027 4011 quasi
1053 3941 1238 3998 eadem
1265 3940 1396 4000 hora
1421 3940 1614 3996 fuisset
1632 3939 1820 3996 defun-

233 4038 380 4094 ctus,
427 4045 551 4087 cum
578 4040 727 4088 veste
770 4047 876 4101 qua
921 4034 1200 4104 tegebatur
1229 4035 1600 4108 incorruptum
1635 4035 1818 4089 inven-

235 4131 350 4186 tum
383 4131 486 4179 est.
522 4122 1108 4197 Franci,Vuaratenem
1143 4141 1239 4198 pro
1263 4126 1516 4190 Ebroino,
1559 4127 1822 4198 majorem

233 4214 431 4292 domus
476 4211 717 4274 faciunt:
745 4216 837 4288 qui
878 4230 1068 4287 pacem
1107 4231 1232 4274 cum
1264 4217 1488 4288 Pippino
1525 4219 1815 4288 componit.

232 4303 497 4375 Pippinus
517 4320 637 4360 cum
667 4304 976 4372 Cissemaro
999 4304 1320 4364 Vuaratenis
1349 4307 1475 4370 filio,
1509 4316 1697 4364 contra
1722 4324 1817 4363 vo-

232 4394 501 4458 luntatem
552 4396 724 4468 patris
771 4404 993 4468 agente,
1038 4395 1218 4452 civilia
1262 4395 1399 4452 bella
1454 4396 1658 4452 habuit.
1716 4395 1820 4452 Sed

235 4484 585 4542 Gissemarus
603 4502 634 4542 a
655 4485 766 4544 Deo
789 4501 1077 4558 percussus
1097 4487 1248 4544 obiit.
1271 4485 1432 4543 Pater
1451 4487 1566 4560 ejus
1586 4486 1820 4542 Vuarale

234 4575 601 4648 principatum
629 4577 853 4647 recepit.
886 4575 943 4632 S.
976 4576 1268 4636 Audoenus
1311 4578 1617 4650 episcopus,
1651 4579 1820 4634 virtu-

237 4669 387 4733 tibus
413 4667 618 4748 clarus,
645 4668 906 4746 migravit
926 4669 993 4732 ad
1019 4669 1320 4736 Dominum.

312 4757 440 4815 Post
459 4757 842 4830 Vuaratenem,
855 4758 1192 4824 Bertharium
1202 4801 1216 4826 ,
1234 4760 1498 4832 majorem
1512 4762 1700 4826 domus
1714 4770 1822 4834 sta-

235 4862 365 4918 tura
383 4860 437 4914 et
457 4851 720 4922 sapientia
746 4851 995 4922 pusillum
1012 4892 1027 4916 ,
1055 4849 1246 4906 Franci
1269 4853 1619 4933 constituunt.
1639 4853 1820 4924 Pippi-

237 4960 344 5001 nus
355 4960 479 5006 cum
492 4943 830 5020 Theoderico
850 4952 906 5002 et
931 4944 1212 5002 Berthario
1225 4944 1420 5002 bellum
1444 4947 1584 5027 iniit,
1601 4957 1656 5002 et
1673 4948 1819 5003 vicit.

263 5105 268 5108 _
315 5035 470 5118 [6991
499 5035 749 5100 Tiberius
775 5036 1096 5106 Imperator,
1140 5038 1295 5102 anuis
1326 5048 1548 5109 septem.
1577 5039 1832 5111 Synodus-

236 5129 501 5202 Aquileiae
543 5128 682 5186 facta
729 5133 799 5188 ob.
827 5130 1150 5202 imperitiam
1185 5129 1306 5192 fidei
1340 5133 1584 5202 quintum
1611 5133 1824 5188 univer-

239 5219 364 5285 sale.
407 5219 691 5280 concilium
728 5221 1003 5293 suscipere
1045 5220 1254 5292 difﬁdit,
1294 5223 1462 5282 donec
1500 5222 1826 5282 salutaribus

239 5311 416 5376 beata:
469 5326 619 5382 papae
667 5309 841 5386 Sergii
880 5312 1096 5370 monitis
1133 5311 1418 5388 instructa,
1457 5321 1514 5369 et
1555 5314 1668 5384 ipsa
1701 5314 1826 5372 huic

240 5413 372 5458 cum
419 5400 631 5466 caeteris
693 5399 892 5464 Christi
942 5401 1200 5464 Ecclesiis
1269 5416 1508 5468 annuere
1557 5407 1826 5468 consentit

239 5486 480 5554 Joannes
506 5489 737 5561 pontifex
777 5490 1051 5558 Romanus
1083 5483 1339 5568 habetur,
1365 5493 1457 5574 qui
1489 5491 1675 5566 Sergio
1705 5510 1824 5550 suc-

240 5589 502 5658 cesserat.
540 5579 833 5636 Bobolinus
876 5582 1196 5639 Viennensis
1241 5583 1494 5640 Ecclesiae
1539 5585 1824 5656 episcOpus

245 5674 478 5748 insignis,
498 5673 709 5732 claruit.
743 5672 870 5742 Post
903 5689 1062 5745 quem
1089 5673 1351 5748 Georgius
1382 5692 1588 5748 magnae
1612 5677 1826 5733 virtutis

243 5759 550 5844 episcOpus,
602 5766 654 5820 in
694 5767 883 5822 eadem
933 5766 1066 5822 urbe
1111 5753 1825 5838 constituiturXGisulphus,

244 5857 357 5938 dux
398 5855 573 5938 gentis
605 5853 1102 5938 Langobardorum,
1145 5855 1432 5914 Beneventi
1477 5855 1824 5931 Campaniam

1985 2004 2134 2077 [706]
2170 2004 2506 2062 Justinianus
2551 2009 2849 2073 secundus,
2911 2024 3030 2066 cum
3075 2009 3310 2081 Tyberie
3353 2011 3496 2075 ﬁlio,

1912 2101 2070 2154 annis
2108 2110 2335 2171 septem.
2389 2099 2492 2166 Hic,
2535 2099 2735 2156 auxilio
2769 2099 3016 2156 'l‘erbellii
3061 2102 3202 2172 regis
3239 2101 3498 2175 Bulgam~

1911 2204 2032 2250 rum
2066 2204 2288 2260 regnum
2331 2191 2618 2261 recipiens,
2651 2191 2927 2256 convictos
2957 2193 3156 2250 occidit
3186 2208 3280 2255 eos
3322 2193 3412 2264 qui
3442 2208 3504 2257 se

1912 2283 2255 2353 expulerant,
2286 2284 2549 2354 patricios
2567 2294 2620 2339 et
2641 2283 2878 2350 Leonem
2903 2286 2956 2340 in
2985 2286 3102 2348 loco
3122 2286 3240 2356 ejus
3267 2301 3497 2358 usurpa-

1914 2383 2104 2428 verant
2141 2392 2154 2427 :
2189 2388 2398 2430 necnon
2438 2384 2491 2429 et
2516 2390 2881 2432 successorem
2921 2375 3040 2445 ejus
3085 2377 3382 2448 Tyber-ium
3407 2378 3502 2449 qui

1914 2483 2036 2522 eum
2066 2468 2132 2522 dc
2158 2483 2324 2539 regno
2355 2469 2584 2539 ejectum
2610 2477 2726 2525 toto.
2763 2478 3000 2540 tempore
3023 2486 3132 2541 quo
3163 2472 3278 2542 ipse
3310 2487 3501 2543 regna-

1913 2558 2011 2621 vit,
2047 2559 2099 2612 in
2138 2559 2326 2613 eadem
2362 2560 2580 2615 civitate
2620 2568 2869 2616 tenuerat
2910 2562 2962 2616 in
2992 2562 3254 2617 custodia.
3281 2561 3502 2620 Callini-

1915 2665 2036 2703 cum
2074 2665 2222 2713 vere,
2248 2651 2636 2720 patriarcham,
2665 2652 2834 2710 eratis
2855 2652 3046 2717 oculis,
3077 2654 3225 2712 misit
3249 2653 3498 2718 Romam,

1915 2750 1972 2794 et
1998 2739 2142 2794 dedit
2167 2740 2534 2809 episcopatum
2566 2740 2727 2810 Cyro,
2750 2743 2844 2812 qui
2877 2754 2993 2797 erat
3021 2744 3192 2802 abbas
3223 2745 3276 2798 in
3304 2743 3500 2810 Ponto,

1913 2845 2146 2901 eumque
2179 2831 2417 2887 exsulem
2460 2831 2687 2887 aluerat;
2725 2833 2820 2889 Hie
2856 2850 3048 2906 papam
3086 2834 3500 2900 Constantinum

1917 2924 1986 2978 ad
2014 2938 2071 2980 se
2096 2924 2284 2980 venire
2315 2923 2531 2994 jubens,
2563 2927 2856 2983 honorifice
2901 2929 3136 3000 suscepit
3168 2938 3222 2984 et
3247 2929 3457 2985 remisit
3485 2949 3499 2985 :

1917 3015 1991 3078 ita
2021 3025 2080 3070 ut
2113 3016 2198 3071 die
2227 3017 2502 3072 Dominica
2537 3033 2661 3074 cum
2692 3020 2885 3074 missas
2922 3020 3024 3074 sibi
3058 3021 3239 3078 facere
3261 3019 3500 3089 iuberet,

1918 3108 2350 3172 communionem
2380 3109 2444 3163 de
2474 3123 2634 3164 manu
2667 3109 2832 3179 ipsius
2860 3112 3149 3183 acceperit.
3177 3112 3350 3180 Quem
3379 3128 3504 3184 pro-

1920 3208 2120 3256 stratus
2144 3198 2196 3252 in
2227 3208 2394 3264 terra,
2421 3214 2518 3270 pro
2541 3201 2652 3255 suis
2674 3201 2910 3270 peccatis
2931 3203 3266 3262 intercedere
3286 3219 3501 3275 rogans,

1844 3266 1892 3332 (ἶ
1921 3301 2112 3348 cuncta
2149 3291 2404 3347 Ecclesiae
2421 3266 2717 3364 privilegia
2749 3295 3049 3362 renovavit,
3077 3297 3168 3368 qui
3198 3312 3325 3358 cum
3346 3266 3504 3364 ξηιλ

1918 3382 2028 3438 citu
2074 3382 2312 3438 mitteret
2340 3383 2394 3437 in
2422 3381 2652 3438 Pontum
2695 3385 2762 3440 ad
2794 3387 3355 3456 comprehendendum
3380 3388 3504 3444 Phi-

1919 3473 2202 3546 lippicum,
2245 3489 2418 3545 quem
2460 3475 2531 3530 ibi
2579 3476 2943 3547 relegaverat,
2993 3494 3284 3547 conversus
3327 3481 3504 3542 omnis

1919 3565 2188 3621 exercitus
2227 3565 2292 3620 ad
2334 3574 2543 3634 partem
2575 3565 2878 3638 Philippici,
2908 3568 3036 3630 fecit
3065 3585 3188 3632 eum
3216 3571 3318 3628 sibi
3343 3573 3508 3644 impe-

1919 3665 2153 3712 ratorem
2181 3674 2192 3708 :
2224 3670 2577 3727 reversusque
2599 3673 2724 3712 cum
2746 3673 2811 3714 eo
2840 3658 3383 3730 Constantinopolim,
3409 3677 3507 3740 pu-

1919 3747 2103 3820 gnavit
2132 3755 2316 3801 contra
2344 3745 2724 3814 Iustinianum,
2764 3749 3084 3816 duodecimo
3108 3752 3175 3804 ab
3217 3753 3350 3814 urbe
3384 3753 3502 3810 mil-

1918 3837 2093 3903 liarie,
2138 3839 2371 3910 vicitque
2413 3847 2575 3908 atque
2627 3840 2844 3904 occidit.
2905 3841 3271 3914 Regnavitquc
3302 3843 3506 3915 Philip~

1917 3930 2071 4001 picus
2112 3930 2230 3986 loco
2273 3926 2584 3986 Iustiniani.
2643 3929 2869 3998 Francis
2915 3931 3092 3996 adhuc
3142 3932 3508 4000 Theodericus

1921 4022 2201 4094 regnabat.
2251 4023 2522 4088 Deodatus
2565 4020 2886 4078 Viennensis
2936 4025 3250 4104 episcopus,
3301 4012 3508 4096 magna:

1919 4117 2270 4186 parcimouize
2297 4117 2378 4178 vir
2414 4114 2652 4170 ﬂorebat.

1994 4207 2141 4280 [712]
2170 4207 2500 4278 Philippicas
2531 4209 2823 4277 imperator
2855 4226 3056 4264 annum
3081 4227 3270 4276 unum,
3293 4224 3509 4278 menses

1921 4314 2036 4355 sex.
2061 4298 2156 4354 Hic
2177 4299 2334 4370 ejecit
2351 4298 2548 4370 Cyrum
2568 4299 2633 4353 de
2653 4298 2988 4369 pontificatu,
3004 4313 3234 4370 eumque
3251 4301 3430 4360 redire
3441 4302 3508 4358 ad

1922 4388 2328 4462 gubernandum
2353 4389 2756 4444 monasterium
2782 4404 2934 4442 suum
2979 4390 3232 4463 praecepit
3265 4405 3279 4444 :
3308 4391 3509 4470 quique

1920 4482 2073 4554 pravi
2090 4481 2353 4554 dogmatis
2367 4479 2573 4535 litteras
2586 4479 2937 4537 Constantino
2952 4480 3509 4554 misitpentilici,quas

1925 4576 2011 4630 ille
2039 4590 2158 4629 cum
2196 4572 2504 4645 apostolicae
2533 4572 2677 4626 sedis
2693 4571 2916 4630 consilio
2933 4571 3158 4640 respuit,
3183 4583 3237 4638 et
3259 4573 3416 4650 hujus
3430 4573 3508 4636 rei
3536 4587 3538 4589 '

1928 4683 2091 4724 causa
2122 4664 2250 4722 fecit
2275 4666 2514 4744 picturas
2545 4666 2598 4718 in
2633 4665 2840 4736 porticu
2873 4666 3053 4745 sancti.
3071 4664 3237 4742 Petri,
3265 4667 3356 4748 qui
3387 4677 3506 4724 acta
3536 4747 3538 4749 _

1928 4774 2021 4814 sex
2057 4757 2382 4828 synedorum
2412 4756 2793 4811 universalium
2833 4757 3128 4812 continent.
3160 4755 3294 4812 Nam
3323 4761 3384 4813 ct’
3408 4759 3507 4812 hu-
3536 4756 3541 4762 ’

1923 4849 2155 4921 jusmedi
2205 4848 2443 4917 picturas
2490 4863 2610 4901 cum
2667 4847 2995 4903 haberentur
3043 4848 3094 4902 in
3142 4843 3274 4904 urbe
3321 4850 3505 4921 regia,

1930 4941 2257 5012 Philippicus
2296 4939 2531 5001 iusserat
2561 4938 2757 4994 afferri.
2801 4939 3104 5010 Statuitque
3142 4933 3370 5020 populus
3398 4940 3494 4996 Βο·

1931 5051 2142 5100 manus,
2169 5051 2236 5090 ne
2263 5033 2504 5089 haeretici
2537 5032 2874 5104 imperatoris
2904 5047 3122 5095 nomen,
3151 5041 3242 5086 aut
3272 5033 3326 5087 in
3353 5032 3508 5089 char-

1933 5133 2036 5196 tis,
2075 5137 2168 5184 aut
2213 5126 2389 5200 figulis
2431 5125 2616 5180 solidis
2658 5124 3035 5196 susciperent:
3077 5115 3217 5186 unde
3260 5137 3360 5197 nec
3395 5120 3510 5190 ejus

1931 5218 2132 5292 efﬁgies
2173 5217 2225 5271 in
2267 5215 2551 5273 ecclesiam
2585 5214 2888 5278 introducta
2918 5222 3032 5281 est,
3076 5230 3173 5270 nec
3211 5227 3404 5272 nomen
3441 5214 3506 5265 ad

1932 5311 2216 5366 missarum
2251 5308 2511 5363 solemnia
2550 5306 2836 5378 prolatum.
2864 5306 3066 5376 Captus
3106 5305 3267 5378 igitur
3301 5302 3509 5372 Philip-

1931 5404 2082 5474 picus
2125 5403 2193 5456 ab
2230 5400 2516 5456 Anastasio
2556 5398 2725 5454 oculis
2760 5398 3002 5469 privatus
3039 5406 3155 5462 est,
3193 5408 3290 5449 nec
3331 5403 3507 5449 tamen

1933 5497 2161 5552 occisus.
2194 5493 2558 5551 Theodericus
2600 5509 2694 5549 rex
2738 5490 3075 5554 Francorum,
3115 5495 3357 5543 mortuus
3404 5497 3506 5550 est.

1931 5589 2023 5660 qui
2061 5587 2305 5660 regnavit
2337 5588 2492 5662 annis
2523 5584 2910 5644 novemdecim.

2004 5678 2158 5754 [7M]
2194 5680 2509 5740 Anastasius
2538 5679 2850 5747 imperator,
2881 5688 3051 5728 annos
3081 5680 3208 5726 tres.
3235 5671 3334 5736 llic
3361 5673 3508 5726 litte-

1934 5787 2024 5827 ras
2052 5771 2402 5827 Constantino
2433 5770 2671 5840 pontifici
2718 5767 2942 5821 Romam
2976 5765 3124 5820 misit
3161 5780 3256 5836 per
3283 5763 3480 5820 Schola

1935 5843 2128 5917 sticum
2167 5861 2447 5938 patricium
2476 5870 2531 5914 et
2566 5857 2855 5913 exercham
2897 5855 3090 5922 italiae,
3134 5856 3185 5910 in
3232 5853 3427 5938 quibus
3457 5868 3514 5924 se
