  <div class='ocr_page' id='page_1' title='image "/cluster/home/n/w/nwhite01/storage/ocr_20150623/123/hvd.32044011218062/065.png"; bbox 0 0 4024 6362; ppageno 0'>
   <div class='ocr_carea' id='block_1_1' title="bbox 509 427 630 487">
    <p class='ocr_par' dir='ltr' id='par_1_1' title="bbox 509 427 630 487">
     <span class='ocr_line' id='line_1_1' title="bbox 509 427 630 487; baseline -0.017 0"><span class='ocrx_word' id='word_1_1' title='bbox 509 427 602 487; x_wconf 69' lang='grc' dir='ltr'><strong>ιῖ9</strong></span> <span class='ocrx_word' id='word_1_2' title='bbox 627 445 630 450; x_wconf 87' lang='grc'>·</span> 
     </span>
    </p>
   </div>
   <div class='ocr_carea' id='block_1_2' title="bbox 1489 427 2750 494">
    <p class='ocr_par' dir='ltr' id='par_1_2' title="bbox 1489 427 2750 494">
     <span class='ocr_line' id='line_1_2' title="bbox 1489 427 2750 494; baseline 0.004 -7"><span class='ocrx_word' id='word_1_3' title='bbox 1489 435 1546 489; x_wconf 79' lang='lat' dir='ltr'><strong>S.</strong></span> <span class='ocrx_word' id='word_1_4' title='bbox 1589 431 1838 490; x_wconf 77' lang='lat' dir='ltr'><strong>ADONIS</strong></span> <span class='ocrx_word' id='word_1_5' title='bbox 1874 431 2301 494; x_wconf 79' lang='lat' dir='ltr'><strong>ARCHIEPISC.</strong></span> <span class='ocrx_word' id='word_1_6' title='bbox 2343 427 2750 494; x_wconf 70' lang='lat' dir='ltr'><strong>VlE-NNENSIS</strong></span> 
     </span>
    </p>
   </div>
   <div class='ocr_carea' id='block_1_3' title="bbox 3658 433 3761 491">
    <p class='ocr_par' dir='ltr' id='par_1_3' title="bbox 3658 433 3761 491">
     <span class='ocr_line' id='line_1_3' title="bbox 3658 433 3761 491; baseline 0.01 -1"><span class='ocrx_word' id='word_1_7' title='bbox 3658 433 3761 491; x_wconf 57' lang='lat'><strong>430</strong></span> 
     </span>
    </p>
   </div>
   <div class='ocr_carea' id='block_1_4' title="bbox 502 542 3763 622">
    <p class='ocr_par' dir='ltr' id='par_1_4' title="bbox 502 542 3763 622">
     <span class='ocr_line' id='line_1_4' title="bbox 502 542 3763 622; baseline 0.002 -24"><span class='ocrx_word' id='word_1_8' title='bbox 502 545 765 598; x_wconf 72' lang='lat' dir='ltr'><strong>fautorem</strong></span> <span class='ocrx_word' id='word_1_9' title='bbox 789 542 1072 601; x_wconf 70' lang='lat' dir='ltr'><strong>catholicae</strong></span> <span class='ocrx_word' id='word_1_10' title='bbox 1094 544 1239 612; x_wconf 83' lang='lat' dir='ltr'><strong>fidei,</strong></span> <span class='ocrx_word' id='word_1_11' title='bbox 1263 555 1318 602; x_wconf 87' lang='lat' dir='ltr'><strong>et</strong></span> <span class='ocrx_word' id='word_1_12' title='bbox 1345 546 1515 602; x_wconf 89' lang='lat' dir='ltr'><strong>sancti</strong></span> <span class='ocrx_word' id='word_1_13' title='bbox 1544 547 1680 602; x_wconf 86' lang='lat' dir='ltr'><strong>sexti</strong></span> <span class='ocrx_word' id='word_1_14' title='bbox 1705 547 1919 603; x_wconf 87' lang='lat' dir='ltr'><strong>concilii</strong></span> <span class='ocrx_word' id='word_1_15' title='bbox 1941 561 2077 619; x_wconf 72' lang='lat' dir='ltr'><strong>prte-</strong></span> <span class='ocrx_word' id='word_1_16' title='bbox 2105 552 2154 612; x_wconf 82' lang='grc' dir='ltr'>Α</span> <span class='ocrx_word' id='word_1_17' title='bbox 2182 558 2269 607; x_wconf 91' lang='lat' dir='ltr'><strong>tus</strong></span> <span class='ocrx_word' id='word_1_18' title='bbox 2297 551 2635 622; x_wconf 72' lang='lat' dir='ltr'><strong>septuaginta</strong></span> <span class='ocrx_word' id='word_1_19' title='bbox 2673 558 2730 606; x_wconf 89' lang='lat' dir='ltr'><strong>et</strong></span> <span class='ocrx_word' id='word_1_20' title='bbox 2763 557 2916 615; x_wconf 91' lang='lat' dir='ltr'><strong>octo,</strong></span> <span class='ocrx_word' id='word_1_21' title='bbox 2947 562 3070 604; x_wconf 92' lang='lat' dir='ltr'><strong>cum</strong></span> <span class='ocrx_word' id='word_1_22' title='bbox 3111 557 3256 604; x_wconf 88' lang='lat' dir='ltr'><strong>esset</strong></span> <span class='ocrx_word' id='word_1_23' title='bbox 3295 547 3581 620; x_wconf 70' lang='lat' dir='ltr'><strong>presbyter</strong></span> <span class='ocrx_word' id='word_1_24' title='bbox 3603 551 3763 605; x_wconf 83' lang='lat' dir='ltr'><strong>annis</strong></span> 
     </span>
    </p>
   </div>
   <div class='ocr_carea' id='block_1_5' title="bbox 501 636 1177 695">
    <p class='ocr_par' dir='ltr' id='par_1_5' title="bbox 501 636 1177 695">
     <span class='ocr_line' id='line_1_5' title="bbox 501 636 1177 695; baseline 0.01 -7"><span class='ocrx_word' id='word_1_25' title='bbox 501 636 796 692; x_wconf 87' lang='lat' dir='ltr'><strong>dicatorem</strong></span> <span class='ocrx_word' id='word_1_26' title='bbox 823 651 945 694; x_wconf 88' lang='lat' dir='ltr'><strong>esse</strong></span> <span class='ocrx_word' id='word_1_27' title='bbox 974 637 1177 695; x_wconf 84' lang='lat' dir='ltr'><strong>docuit.</strong></span> 
     </span>
    </p>
   </div>
   <div class='ocr_carea' id='block_1_6' title="bbox 549 727 2082 805">
    <p class='ocr_par' dir='ltr' id='par_1_6' title="bbox 549 727 2082 805">
     <span class='ocr_line' id='line_1_6' title="bbox 549 727 2082 805; baseline 0.001 -19"><span class='ocrx_word' id='word_1_28' title='bbox 549 727 922 787; x_wconf 48' lang='lat' dir='ltr'><strong>&#39;Chlotharius</strong></span> <span class='ocrx_word' id='word_1_29' title='bbox 943 729 1085 787; x_wconf 87' lang='lat' dir='ltr'><strong>filius</strong></span> <span class='ocrx_word' id='word_1_30' title='bbox 1107 731 1443 798; x_wconf 84' lang='lat' dir='ltr'><strong>Theoderici,</strong></span> <span class='ocrx_word' id='word_1_31' title='bbox 1476 747 1610 802; x_wconf 88' lang='lat' dir='ltr'><strong>puer</strong></span> <span class='ocrx_word' id='word_1_32' title='bbox 1636 731 1860 789; x_wconf 87' lang='lat' dir='ltr'><strong>Francis</strong></span> <span class='ocrx_word' id='word_1_33' title='bbox 1889 747 2082 805; x_wconf 85' lang='lat' dir='ltr'><strong>regna-</strong></span> 
     </span>
    </p>
   </div>
   <div class='ocr_carea' id='block_1_7' title="bbox 499 820 2082 890">
    <p class='ocr_par' dir='ltr' id='par_1_7' title="bbox 499 820 2082 890">
     <span class='ocr_line' id='line_1_7' title="bbox 499 820 2082 890; baseline 0.006 -14"><span class='ocrx_word' id='word_1_34' title='bbox 499 820 581 877; x_wconf 93' lang='lat' dir='ltr'><strong>vit</strong></span> <span class='ocrx_word' id='word_1_35' title='bbox 625 836 798 878; x_wconf 88' lang='lat' dir='ltr'><strong>annos</strong></span> <span class='ocrx_word' id='word_1_36' title='bbox 838 830 990 890; x_wconf 85' lang='lat' dir='ltr'><strong>tres;</strong></span> <span class='ocrx_word' id='word_1_37' title='bbox 1042 823 1129 880; x_wconf 91' lang='lat' dir='ltr'><strong>cui</strong></span> <span class='ocrx_word' id='word_1_38' title='bbox 1178 824 1436 880; x_wconf 74' lang='lat' dir='ltr'><strong>successit</strong></span> <span class='ocrx_word' id='word_1_39' title='bbox 1490 825 1864 882; x_wconf 88' lang='lat' dir='ltr'><strong>Childebertus</strong></span> <span class='ocrx_word' id='word_1_40' title='bbox 1912 827 2082 885; x_wconf 88' lang='lat' dir='ltr'><strong>frater</strong></span> 
     </span>
    </p>
   </div>
   <div class='ocr_carea' id='block_1_8' title="bbox 499 907 2078 987">
    <p class='ocr_par' dir='ltr' id='par_1_8' title="bbox 499 907 2078 987">
     <span class='ocr_line' id='line_1_8' title="bbox 499 907 2078 987; baseline 0.006 -20"><span class='ocrx_word' id='word_1_41' title='bbox 499 911 648 984; x_wconf 87' lang='lat' dir='ltr'><strong>ejus,</strong></span> <span class='ocrx_word' id='word_1_42' title='bbox 683 913 771 969; x_wconf 89' lang='lat' dir='ltr'><strong>vir</strong></span> <span class='ocrx_word' id='word_1_43' title='bbox 803 913 1050 986; x_wconf 87' lang='lat' dir='ltr'><strong>inclytus.</strong></span> <span class='ocrx_word' id='word_1_44' title='bbox 1083 907 1346 970; x_wconf 84' lang='lat' dir='ltr'><strong>Defuncto</strong></span> <span class='ocrx_word' id='word_1_45' title='bbox 1381 913 1707 972; x_wconf 84' lang='lat' dir='ltr'><strong>Northberto</strong></span> <span class='ocrx_word' id='word_1_46' title='bbox 1741 917 1946 987; x_wconf 83' lang='lat' dir='ltr'><strong>majore</strong></span> <span class='ocrx_word' id='word_1_47' title='bbox 1981 920 2078 975; x_wconf 90' lang='lat' dir='ltr'><strong>do-</strong></span> 
     </span>
    </p>
   </div>
   <div class='ocr_carea' id='block_1_9' title="bbox 501 1003 2082 1080">
    <p class='ocr_par' dir='ltr' id='par_1_9' title="bbox 501 1003 2082 1080">
     <span class='ocr_line' id='line_1_9' title="bbox 501 1003 2082 1080; baseline 0.003 -20"><span class='ocrx_word' id='word_1_48' title='bbox 501 1019 641 1071; x_wconf 90' lang='lat' dir='ltr'><strong>mus,</strong></span> <span class='ocrx_word' id='word_1_49' title='bbox 673 1003 981 1060; x_wconf 85' lang='lat' dir='ltr'><strong>Grimoldus</strong></span> <span class='ocrx_word' id='word_1_50' title='bbox 1012 1003 1224 1076; x_wconf 89' lang='lat' dir='ltr'><strong>Pippini</strong></span> <span class='ocrx_word' id='word_1_51' title='bbox 1263 1005 1405 1062; x_wconf 86' lang='lat' dir='ltr'><strong>filius</strong></span> <span class='ocrx_word' id='word_1_52' title='bbox 1431 1005 1656 1062; x_wconf 81' lang='lat' dir='ltr'><strong>effectus</strong></span> <span class='ocrx_word' id='word_1_53' title='bbox 1689 1017 1791 1063; x_wconf 92' lang='lat' dir='ltr'><strong>est.</strong></span> <span class='ocrx_word' id='word_1_54' title='bbox 1822 1007 2082 1080; x_wconf 89' lang='lat' dir='ltr'><strong>Pippinus</strong></span> 
     </span>
    </p>
   </div>
   <div class='ocr_carea' id='block_1_10' title="bbox 499 1100 2084 1173">
    <p class='ocr_par' dir='ltr' id='par_1_10' title="bbox 499 1100 2084 1173">
     <span class='ocr_line' id='line_1_10' title="bbox 499 1100 2084 1173; baseline 0.003 -19"><span class='ocrx_word' id='word_1_55' title='bbox 499 1101 667 1156; x_wconf 90' lang='lat' dir='ltr'><strong>multa</strong></span> <span class='ocrx_word' id='word_1_56' title='bbox 699 1100 837 1157; x_wconf 87' lang='lat' dir='ltr'><strong>bella</strong></span> <span class='ocrx_word' id='word_1_57' title='bbox 883 1101 1050 1172; x_wconf 80' lang='lat' dir='ltr'><strong>gessit</strong></span> <span class='ocrx_word' id='word_1_58' title='bbox 1085 1111 1274 1157; x_wconf 89' lang='lat' dir='ltr'><strong>contra</strong></span> <span class='ocrx_word' id='word_1_59' title='bbox 1299 1101 1581 1158; x_wconf 80' lang='lat' dir='ltr'><strong>Rittodum</strong></span> <span class='ocrx_word' id='word_1_60' title='bbox 1611 1101 1870 1173; x_wconf 91' lang='lat' dir='ltr'><strong>gentilem</strong></span> <span class='ocrx_word' id='word_1_61' title='bbox 1898 1101 2084 1158; x_wconf 85' lang='lat' dir='ltr'><strong>Friso-</strong></span> 
     </span>
    </p>
   </div>
   <div class='ocr_carea' id='block_1_11' title="bbox 497 1193 2081 1267">
    <p class='ocr_par' dir='ltr' id='par_1_11' title="bbox 497 1193 2081 1267">
     <span class='ocr_line' id='line_1_11' title="bbox 497 1193 2081 1267; baseline 0.001 -17"><span class='ocrx_word' id='word_1_62' title='bbox 497 1208 628 1250; x_wconf 88' lang='lat' dir='ltr'><strong>num</strong></span> <span class='ocrx_word' id='word_1_63' title='bbox 651 1194 864 1259; x_wconf 92' lang='lat' dir='ltr'><strong>ducem,</strong></span> <span class='ocrx_word' id='word_1_64' title='bbox 892 1193 1146 1250; x_wconf 85' lang='lat' dir='ltr'><strong>similiter</strong></span> <span class='ocrx_word' id='word_1_65' title='bbox 1159 1204 1347 1251; x_wconf 88' lang='lat' dir='ltr'><strong>contra</strong></span> <span class='ocrx_word' id='word_1_66' title='bbox 1373 1195 1599 1261; x_wconf 91' lang='lat' dir='ltr'><strong>Suevos,</strong></span> <span class='ocrx_word' id='word_1_67' title='bbox 1621 1195 1707 1250; x_wconf 91' lang='lat' dir='ltr'><strong>vel</strong></span> <span class='ocrx_word' id='word_1_68' title='bbox 1731 1194 1868 1250; x_wconf 89' lang='lat' dir='ltr'><strong>alias</strong></span> <span class='ocrx_word' id='word_1_69' title='bbox 1887 1212 2081 1267; x_wconf 89' lang='lat' dir='ltr'><strong>quam-</strong></span> 
     </span>
    </p>
   </div>
   <div class='ocr_carea' id='block_1_12' title="bbox 497 1280 2082 1357">
    <p class='ocr_par' dir='ltr' id='par_1_12' title="bbox 497 1280 2082 1357">
     <span class='ocr_line' id='line_1_12' title="bbox 497 1280 2082 1357; baseline 0.003 -21"><span class='ocrx_word' id='word_1_70' title='bbox 497 1280 681 1353; x_wconf 90' lang='lat' dir='ltr'><strong>plures</strong></span> <span class='ocrx_word' id='word_1_71' title='bbox 716 1289 924 1353; x_wconf 89' lang='lat' dir='ltr'><strong>gentes.</strong></span> <span class='ocrx_word' id='word_1_72' title='bbox 954 1282 1277 1341; x_wconf 89' lang='lat' dir='ltr'><strong>Blidrannus</strong></span> <span class='ocrx_word' id='word_1_73' title='bbox 1302 1285 1628 1342; x_wconf 81' lang='lat' dir='ltr'><strong>Viennensis</strong></span> <span class='ocrx_word' id='word_1_74' title='bbox 1665 1285 1924 1341; x_wconf 70' lang='lat' dir='ltr'><strong>Ecclesiae</strong></span> <span class='ocrx_word' id='word_1_75' title='bbox 1968 1286 2082 1357; x_wconf 88' lang='lat' dir='ltr'><strong>epi-</strong></span> 
     </span>
    </p>
   </div>
   <div class='ocr_carea' id='block_1_13' title="bbox 495 1376 2078 1450">
    <p class='ocr_par' dir='ltr' id='par_1_13' title="bbox 495 1376 2078 1450">
     <span class='ocr_line' id='line_1_13' title="bbox 495 1376 2078 1450; baseline 0.003 -18"><span class='ocrx_word' id='word_1_76' title='bbox 495 1391 708 1447; x_wconf 89' lang='lat' dir='ltr'><strong>scopus.</strong></span> <span class='ocrx_word' id='word_1_77' title='bbox 736 1376 1112 1434; x_wconf 88' lang='lat' dir='ltr'><strong>Leutbrandus</strong></span> <span class='ocrx_word' id='word_1_78' title='bbox 1154 1395 1251 1436; x_wconf 93' lang='lat' dir='ltr'><strong>rex</strong></span> <span class='ocrx_word' id='word_1_79' title='bbox 1281 1379 1794 1450; x_wconf 88' lang='lat' dir='ltr'><strong>Longobardorum,</strong></span> <span class='ocrx_word' id='word_1_80' title='bbox 1829 1381 2078 1436; x_wconf 88' lang='lat' dir='ltr'><strong>donatio-</strong></span> 
     </span>
    </p>
   </div>
   <div class='ocr_carea' id='block_1_14' title="bbox 495 1468 2082 1542">
    <p class='ocr_par' dir='ltr' id='par_1_14' title="bbox 495 1468 2082 1542">
     <span class='ocr_line' id='line_1_14' title="bbox 495 1468 2082 1542; baseline 0.001 -18"><span class='ocrx_word' id='word_1_81' title='bbox 495 1483 620 1524; x_wconf 90' lang='lat' dir='ltr'><strong>nem</strong></span> <span class='ocrx_word' id='word_1_82' title='bbox 645 1468 858 1540; x_wconf 83' lang='lat' dir='ltr'><strong>Alpium</strong></span> <span class='ocrx_word' id='word_1_83' title='bbox 898 1471 1210 1541; x_wconf 84' lang='lat' dir='ltr'><strong>patrimonii</strong></span> <span class='ocrx_word' id='word_1_84' title='bbox 1243 1471 1543 1528; x_wconf 85' lang='lat' dir='ltr'><strong>Cottiarum</strong></span> <span class='ocrx_word' id='word_1_85' title='bbox 1564 1514 1579 1538; x_wconf 88' lang='lat'><strong>,</strong></span> <span class='ocrx_word' id='word_1_86' title='bbox 1609 1488 1771 1542; x_wconf 88' lang='lat' dir='ltr'><strong>quam</strong></span> <span class='ocrx_word' id='word_1_87' title='bbox 1802 1472 2082 1528; x_wconf 87' lang='lat' dir='ltr'><strong>Erithber-</strong></span> 
     </span>
    </p>
   </div>
   <div class='ocr_carea' id='block_1_15' title="bbox 496 1559 2083 1633">
    <p class='ocr_par' dir='ltr' id='par_1_15' title="bbox 496 1559 2083 1633">
     <span class='ocr_line' id='line_1_15' title="bbox 496 1559 2083 1633; baseline 0.004 -21"><span class='ocrx_word' id='word_1_88' title='bbox 496 1567 583 1613; x_wconf 90' lang='lat' dir='ltr'><strong>tus</strong></span> <span class='ocrx_word' id='word_1_89' title='bbox 615 1574 714 1614; x_wconf 90' lang='lat' dir='ltr'><strong>rex</strong></span> <span class='ocrx_word' id='word_1_90' title='bbox 744 1559 976 1627; x_wconf 84' lang='lat' dir='ltr'><strong>fecerat,</strong></span> <span class='ocrx_word' id='word_1_91' title='bbox 1004 1560 1098 1616; x_wconf 88' lang='lat' dir='ltr'><strong>sed</strong></span> <span class='ocrx_word' id='word_1_92' title='bbox 1127 1560 1216 1618; x_wconf 92' lang='lat' dir='ltr'><strong>ille</strong></span> <span class='ocrx_word' id='word_1_93' title='bbox 1253 1563 1566 1633; x_wconf 89' lang='lat' dir='ltr'><strong>repetierat,</strong></span> <span class='ocrx_word' id='word_1_94' title='bbox 1601 1564 1967 1619; x_wconf 86' lang='lat' dir='ltr'><strong>admonitione</strong></span> <span class='ocrx_word' id='word_1_95' title='bbox 1991 1579 2083 1619; x_wconf 77' lang='lat' dir='ltr'><strong>ve~</strong></span> 
     </span>
    </p>
   </div>
   <div class='ocr_carea' id='block_1_16' title="bbox 495 1649 2082 1726">
    <p class='ocr_par' dir='ltr' id='par_1_16' title="bbox 495 1649 2082 1726">
     <span class='ocr_line' id='line_1_16' title="bbox 495 1649 2082 1726; baseline 0.003 -22"><span class='ocrx_word' id='word_1_96' title='bbox 495 1649 753 1706; x_wconf 88' lang='lat' dir='ltr'><strong>nerabilis</strong></span> <span class='ocrx_word' id='word_1_97' title='bbox 801 1666 952 1723; x_wconf 66' lang='lat' dir='ltr'><strong>papa:</strong></span> <span class='ocrx_word' id='word_1_98' title='bbox 999 1651 1244 1724; x_wconf 79' lang='lat' dir='ltr'><strong>Gregorii</strong></span> <span class='ocrx_word' id='word_1_99' title='bbox 1298 1654 1656 1710; x_wconf 84' lang='lat' dir='ltr'><strong>confirmavit.</strong></span> <span class='ocrx_word' id='word_1_100' title='bbox 1712 1656 1890 1726; x_wconf 86' lang='lat' dir='ltr'><strong>Drogo</strong></span> <span class='ocrx_word' id='word_1_101' title='bbox 1942 1655 2082 1709; x_wconf 90' lang='lat' dir='ltr'><strong>lilius</strong></span> 
     </span>
    </p>
   </div>
   <div class='ocr_carea' id='block_1_17' title="bbox 493 1742 2084 1818">
    <p class='ocr_par' dir='ltr' id='par_1_17' title="bbox 493 1742 2084 1818">
     <span class='ocr_line' id='line_1_17' title="bbox 493 1742 2084 1818; baseline 0.004 -22"><span class='ocrx_word' id='word_1_102' title='bbox 493 1742 706 1814; x_wconf 86' lang='lat' dir='ltr'><strong>Pippini</strong></span> <span class='ocrx_word' id='word_1_103' title='bbox 747 1743 1055 1816; x_wconf 82' lang='lat' dir='ltr'><strong>defungitur</strong></span> <span class='ocrx_word' id='word_1_104' title='bbox 1077 1745 1344 1802; x_wconf 90' lang='lat' dir='ltr'><strong>hibernali</strong></span> <span class='ocrx_word' id='word_1_105' title='bbox 1375 1755 1629 1818; x_wconf 90' lang='lat' dir='ltr'><strong>tempore,</strong></span> <span class='ocrx_word' id='word_1_106' title='bbox 1661 1763 1804 1803; x_wconf 92' lang='lat' dir='ltr'><strong>anno</strong></span> <span class='ocrx_word' id='word_1_107' title='bbox 1829 1747 2084 1804; x_wconf 89' lang='lat' dir='ltr'><strong>lncarna-</strong></span> 
     </span>
    </p>
   </div>
   <div class='ocr_carea' id='block_1_18' title="bbox 498 1834 2084 1912">
    <p class='ocr_par' dir='ltr' id='par_1_18' title="bbox 498 1834 2084 1912">
     <span class='ocr_line' id='line_1_18' title="bbox 498 1834 2084 1912; baseline 0.005 -24"><span class='ocrx_word' id='word_1_108' title='bbox 498 1834 661 1890; x_wconf 88' lang='lat' dir='ltr'><strong>tionis</strong></span> <span class='ocrx_word' id='word_1_109' title='bbox 694 1834 906 1891; x_wconf 90' lang='lat' dir='ltr'><strong>Domini</strong></span> <span class='ocrx_word' id='word_1_110' title='bbox 957 1837 1436 1909; x_wconf 81' lang='lat' dir='ltr'><strong>septingentesimo</strong></span> <span class='ocrx_word' id='word_1_111' title='bbox 1471 1849 1683 1896; x_wconf 87' lang='lat' dir='ltr'><strong>octavo.</strong></span> <span class='ocrx_word' id='word_1_112' title='bbox 1714 1840 1930 1911; x_wconf 86' lang='lat' dir='ltr'><strong>Anepos</strong></span> <span class='ocrx_word' id='word_1_113' title='bbox 1969 1842 2084 1912; x_wconf 85' lang='lat' dir='ltr'><strong>epi-</strong></span> 
     </span>
    </p>
   </div>
   <div class='ocr_carea' id='block_1_19' title="bbox 2178 641 3759 716">
    <p class='ocr_par' dir='ltr' id='par_1_19' title="bbox 2178 641 3759 716">
     <span class='ocr_line' id='line_1_19' title="bbox 2178 641 3759 716; baseline 0.001 -18"><span class='ocrx_word' id='word_1_114' title='bbox 2178 644 2529 716; x_wconf 90' lang='lat' dir='ltr'><strong>quadraginta</strong></span> <span class='ocrx_word' id='word_1_115' title='bbox 2543 653 2696 712; x_wconf 89' lang='lat' dir='ltr'><strong>octo;</strong></span> <span class='ocrx_word' id='word_1_116' title='bbox 2713 644 2880 700; x_wconf 84' lang='lat' dir='ltr'><strong>abbas</strong></span> <span class='ocrx_word' id='word_1_117' title='bbox 2891 652 3091 709; x_wconf 88' lang='lat' dir='ltr'><strong>autem,</strong></span> <span class='ocrx_word' id='word_1_118' title='bbox 3112 641 3268 698; x_wconf 89' lang='lat' dir='ltr'><strong>annis</strong></span> <span class='ocrx_word' id='word_1_119' title='bbox 3286 641 3476 714; x_wconf 87' lang='lat' dir='ltr'><strong>viginti</strong></span> <span class='ocrx_word' id='word_1_120' title='bbox 3497 642 3759 714; x_wconf 87' lang='lat' dir='ltr'><strong>quinque,</strong></span> 
     </span>
    </p>
   </div>
   <div class='ocr_carea' id='block_1_20' title="bbox 2179 735 3762 810">
    <p class='ocr_par' dir='ltr' id='par_1_20' title="bbox 2179 735 3762 810">
     <span class='ocr_line' id='line_1_20' title="bbox 2179 735 3762 810; baseline 0.002 -19"><span class='ocrx_word' id='word_1_121' title='bbox 2179 737 2271 792; x_wconf 90' lang='lat' dir='ltr'><strong>ubi</strong></span> <span class='ocrx_word' id='word_1_122' title='bbox 2302 736 2571 808; x_wconf 85' lang='lat' dir='ltr'><strong>Lingonas</strong></span> <span class='ocrx_word' id='word_1_123' title='bbox 2605 737 2886 810; x_wconf 86' lang='lat' dir='ltr'><strong>pervenit,</strong></span> <span class='ocrx_word' id='word_1_124' title='bbox 2913 735 3218 802; x_wconf 86' lang='lat' dir='ltr'><strong>defunctus,</strong></span> <span class='ocrx_word' id='word_1_125' title='bbox 3245 745 3409 806; x_wconf 87' lang='lat' dir='ltr'><strong>atque</strong></span> <span class='ocrx_word' id='word_1_126' title='bbox 3451 735 3762 795; x_wconf 73' lang='lat' dir='ltr'><strong>in&#39;ecclesia</strong></span> 
     </span>
    </p>
   </div>
   <div class='ocr_carea' id='block_1_21' title="bbox 2180 829 3568 903">
    <p class='ocr_par' dir='ltr' id='par_1_21' title="bbox 2180 829 3568 903">
     <span class='ocr_line' id='line_1_21' title="bbox 2180 829 3568 903; baseline -0.003 -16"><span class='ocrx_word' id='word_1_127' title='bbox 2180 831 2460 887; x_wconf 84' lang='lat' dir='ltr'><strong>beatorum</strong></span> <span class='ocrx_word' id='word_1_128' title='bbox 2489 832 2838 890; x_wconf 88' lang='lat' dir='ltr'><strong>Geminorum</strong></span> <span class='ocrx_word' id='word_1_129' title='bbox 2868 839 3165 903; x_wconf 77' lang='lat' dir='ltr'><strong>martyrum</strong></span> <span class='ocrx_word' id='word_1_130' title='bbox 3195 829 3435 901; x_wconf 84' lang='lat' dir='ltr'><strong>sepultus</strong></span> <span class='ocrx_word' id='word_1_131' title='bbox 3467 836 3568 886; x_wconf 86' lang='lat' dir='ltr'><strong>est.</strong></span> 
     </span>
    </p>
   </div>
   <div class='ocr_carea' id='block_1_22' title="bbox 2251 922 3764 997">
    <p class='ocr_par' dir='ltr' id='par_1_22' title="bbox 2251 922 3764 997">
     <span class='ocr_line' id='line_1_22' title="bbox 2251 922 3764 997; baseline 0 -18"><span class='ocrx_word' id='word_1_132' title='bbox 2251 922 2475 980; x_wconf 87' lang='lat' dir='ltr'><strong>Carolus</strong></span> <span class='ocrx_word' id='word_1_133' title='bbox 2504 923 2714 997; x_wconf 88' lang='lat' dir='ltr'><strong>Pippini</strong></span> <span class='ocrx_word' id='word_1_134' title='bbox 2751 923 2892 980; x_wconf 78' lang='lat' dir='ltr'><strong>ﬁlius</strong></span> <span class='ocrx_word' id='word_1_135' title='bbox 2915 938 2982 979; x_wconf 84' lang='lat' dir='ltr'><strong>ex</strong></span> <span class='ocrx_word' id='word_1_136' title='bbox 3009 922 3112 978; x_wconf 89' lang='lat' dir='ltr'><strong>alia</strong></span> <span class='ocrx_word' id='word_1_137' title='bbox 3138 937 3327 984; x_wconf 86' lang='lat' dir='ltr'><strong>uxore.</strong></span> <span class='ocrx_word' id='word_1_138' title='bbox 3360 937 3483 979; x_wconf 88' lang='lat' dir='ltr'><strong>cum</strong></span> <span class='ocrx_word' id='word_1_139' title='bbox 3515 932 3705 995; x_wconf 85' lang='lat' dir='ltr'><strong>captus</strong></span> <span class='ocrx_word' id='word_1_140' title='bbox 3732 938 3764 979; x_wconf 82' lang='lat' dir='ltr'><strong>a</strong></span> 
     </span>
    </p>
   </div>
   <div class='ocr_carea' id='block_1_23' title="bbox 2181 1011 3765 1086">
    <p class='ocr_par' dir='ltr' id='par_1_23' title="bbox 2181 1011 3765 1086">
     <span class='ocr_line' id='line_1_23' title="bbox 2181 1011 3765 1086; baseline 0.002 -19"><span class='ocrx_word' id='word_1_141' title='bbox 2181 1011 2466 1069; x_wconf 88' lang='lat' dir='ltr'><strong>Plectrude</strong></span> <span class='ocrx_word' id='word_1_142' title='bbox 2477 1012 2532 1068; x_wconf 86' lang='lat' dir='ltr'><strong>Pi</strong></span> <span class='ocrx_word' id='word_1_143' title='bbox 2541 1014 2685 1086; x_wconf 89' lang='lat' dir='ltr'><strong>ppini</strong></span> <span class='ocrx_word' id='word_1_144' title='bbox 2699 1016 2967 1085; x_wconf 89' lang='lat' dir='ltr'><strong>quondam</strong></span> <span class='ocrx_word' id='word_1_145' title='bbox 2982 1029 3149 1069; x_wconf 90' lang='lat' dir='ltr'><strong>uxore</strong></span> <span class='ocrx_word' id='word_1_146' title='bbox 3162 1021 3457 1079; x_wconf 88' lang='lat' dir='ltr'><strong>teneretur,</strong></span> <span class='ocrx_word' id='word_1_147' title='bbox 3472 1013 3765 1070; x_wconf 84' lang='lat' dir='ltr'><strong>auxiliante</strong></span> 
     </span>
    </p>
   </div>
   <div class='ocr_carea' id='block_1_24' title="bbox 2182 1099 3794 1161">
    <p class='ocr_par' dir='ltr' id='par_1_24' title="bbox 2182 1099 3794 1161">
     <span class='ocr_line' id='line_1_24' title="bbox 2182 1099 3794 1161; baseline 0.001 -2"><span class='ocrx_word' id='word_1_148' title='bbox 2182 1103 2409 1160; x_wconf 90' lang='lat' dir='ltr'><strong>Domino</strong></span> <span class='ocrx_word' id='word_1_149' title='bbox 2427 1105 2618 1161; x_wconf 83' lang='lat' dir='ltr'><strong>evasit.</strong></span> <span class='ocrx_word' id='word_1_150' title='bbox 2646 1104 2889 1161; x_wconf 76' lang='lat' dir='ltr'><strong>Saxones</strong></span> <span class='ocrx_word' id='word_1_151' title='bbox 2907 1114 3104 1160; x_wconf 87' lang='lat' dir='ltr'><strong>terram</strong></span> <span class='ocrx_word' id='word_1_152' title='bbox 3121 1103 3504 1160; x_wconf 86' lang='lat' dir='ltr'><strong>Matuariorum</strong></span> <span class='ocrx_word' id='word_1_153' title='bbox 3521 1105 3766 1161; x_wconf 85' lang='lat' dir='ltr'><strong>devasta-</strong></span> <span class='ocrx_word' id='word_1_154' title='bbox 3791 1099 3794 1102; x_wconf 68' lang='grc'><strong>’</strong></span> 
     </span>
    </p>
   </div>
   <div class='ocr_carea' id='block_1_25' title="bbox 2182 1196 3762 1269">
    <p class='ocr_par' dir='ltr' id='par_1_25' title="bbox 2182 1196 3762 1269">
     <span class='ocr_line' id='line_1_25' title="bbox 2182 1196 3762 1269; baseline 0.002 -19"><span class='ocrx_word' id='word_1_155' title='bbox 2182 1205 2396 1252; x_wconf 91' lang='lat' dir='ltr'><strong>verunt.</strong></span> <span class='ocrx_word' id='word_1_156' title='bbox 2426 1197 2625 1252; x_wconf 84' lang='lat' dir='ltr'><strong>Eoldus</strong></span> <span class='ocrx_word' id='word_1_157' title='bbox 2649 1197 2970 1253; x_wconf 84' lang='lat' dir='ltr'><strong>Viennensis</strong></span> <span class='ocrx_word' id='word_1_158' title='bbox 2996 1197 3281 1269; x_wconf 89' lang='lat' dir='ltr'><strong>episcopus</strong></span> <span class='ocrx_word' id='word_1_159' title='bbox 3302 1196 3416 1268; x_wconf 90' lang='lat' dir='ltr'><strong>jam</strong></span> <span class='ocrx_word' id='word_1_160' title='bbox 3440 1197 3762 1254; x_wconf 84' lang='lat' dir='ltr'><strong>habebatur.</strong></span> 
     </span>
    </p>
   </div>
   <div class='ocr_carea' id='block_1_26' title="bbox 2255 1286 3765 1360">
    <p class='ocr_par' dir='ltr' id='par_1_26' title="bbox 2255 1286 3765 1360">
     <span class='ocr_line' id='line_1_26' title="bbox 2255 1286 3765 1360; baseline 0.005 -20"><span class='ocrx_word' id='word_1_161' title='bbox 2255 1286 2404 1360; x_wconf 81' lang='grc'><strong>[718]</strong></span> <span class='ocrx_word' id='word_1_162' title='bbox 2445 1287 2554 1344; x_wconf 93' lang='lat' dir='ltr'><strong>Leo</strong></span> <span class='ocrx_word' id='word_1_163' title='bbox 2605 1286 2934 1359; x_wconf 83' lang='lat' dir='ltr'><strong>imperator,</strong></span> <span class='ocrx_word' id='word_1_164' title='bbox 2995 1303 3166 1344; x_wconf 89' lang='lat' dir='ltr'><strong>annos</strong></span> <span class='ocrx_word' id='word_1_165' title='bbox 3231 1305 3443 1344; x_wconf 78' lang='lat' dir='ltr'><strong>navem.</strong></span> <span class='ocrx_word' id='word_1_166' title='bbox 3503 1288 3765 1347; x_wconf 82' lang='lat' dir='ltr'><strong>Saraceni</strong></span> 
     </span>
    </p>
   </div>
   <div class='ocr_carea' id='block_1_27' title="bbox 2183 1379 3766 1452">
    <p class='ocr_par' dir='ltr' id='par_1_27' title="bbox 2183 1379 3766 1452">
     <span class='ocr_line' id='line_1_27' title="bbox 2183 1379 3766 1452; baseline 0.001 -15"><span class='ocrx_word' id='word_1_167' title='bbox 2183 1395 2309 1437; x_wconf 91' lang='lat' dir='ltr'><strong>cum</strong></span> <span class='ocrx_word' id='word_1_168' title='bbox 2341 1382 2607 1437; x_wconf 90' lang='lat' dir='ltr'><strong>immenso</strong></span> <span class='ocrx_word' id='word_1_169' title='bbox 2640 1381 2880 1437; x_wconf 88' lang='lat' dir='ltr'><strong>exercitu</strong></span> <span class='ocrx_word' id='word_1_170' title='bbox 2923 1379 3443 1452; x_wconf 84' lang='lat' dir='ltr'><strong>Constantinopolim</strong></span> <span class='ocrx_word' id='word_1_171' title='bbox 3483 1383 3766 1439; x_wconf 82' lang='lat' dir='ltr'><strong>venientes</strong></span> 
     </span>
    </p>
   </div>
   <div class='ocr_carea' id='block_1_28' title="bbox 2185 1472 3766 1538">
    <p class='ocr_par' dir='ltr' id='par_1_28' title="bbox 2185 1472 3766 1538">
     <span class='ocr_line' id='line_1_28' title="bbox 2185 1472 3766 1538; baseline 0.002 -10"><span class='ocrx_word' id='word_1_172' title='bbox 2185 1473 2418 1528; x_wconf 90' lang='lat' dir='ltr'><strong>triennio</strong></span> <span class='ocrx_word' id='word_1_173' title='bbox 2446 1474 2720 1529; x_wconf 87' lang='lat' dir='ltr'><strong>civitatem</strong></span> <span class='ocrx_word' id='word_1_174' title='bbox 2747 1472 3016 1538; x_wconf 83' lang='lat' dir='ltr'><strong>obsident,</strong></span> <span class='ocrx_word' id='word_1_175' title='bbox 3043 1474 3213 1529; x_wconf 91' lang='lat' dir='ltr'><strong>donec</strong></span> <span class='ocrx_word' id='word_1_176' title='bbox 3240 1474 3450 1529; x_wconf 81' lang='lat' dir='ltr'><strong>civibus</strong></span> <span class='ocrx_word' id='word_1_177' title='bbox 3483 1476 3649 1530; x_wconf 89' lang='lat' dir='ltr'><strong>multa</strong></span> <span class='ocrx_word' id='word_1_178' title='bbox 3683 1476 3766 1531; x_wconf 90' lang='lat' dir='ltr'><strong>in-</strong></span> 
     </span>
    </p>
   </div>
   <div class='ocr_carea' id='block_1_29' title="bbox 2185 1565 3764 1632">
    <p class='ocr_par' dir='ltr' id='par_1_29' title="bbox 2185 1565 3764 1632">
     <span class='ocr_line' id='line_1_29' title="bbox 2185 1565 3764 1632; baseline 0 -11"><span class='ocrx_word' id='word_1_179' title='bbox 2185 1566 2384 1622; x_wconf 88' lang='lat' dir='ltr'><strong>stantia</strong></span> <span class='ocrx_word' id='word_1_180' title='bbox 2431 1565 2496 1620; x_wconf 89' lang='lat' dir='ltr'><strong>ad</strong></span> <span class='ocrx_word' id='word_1_181' title='bbox 2536 1565 2702 1620; x_wconf 92' lang='lat' dir='ltr'><strong>Deum</strong></span> <span class='ocrx_word' id='word_1_182' title='bbox 2746 1566 3126 1630; x_wconf 85' lang='lat' dir='ltr'><strong>clamantibus,</strong></span> <span class='ocrx_word' id='word_1_183' title='bbox 3171 1565 3324 1621; x_wconf 90' lang='lat' dir='ltr'><strong>multi</strong></span> <span class='ocrx_word' id='word_1_184' title='bbox 3370 1580 3558 1621; x_wconf 90' lang='lat' dir='ltr'><strong>eorum</strong></span> <span class='ocrx_word' id='word_1_185' title='bbox 3599 1567 3764 1632; x_wconf 85' lang='lat' dir='ltr'><strong>fame,</strong></span> 
     </span>
    </p>
   </div>
   <div class='ocr_carea' id='block_1_30' title="bbox 2185 1657 3768 1728">
    <p class='ocr_par' dir='ltr' id='par_1_30' title="bbox 2185 1657 3768 1728">
     <span class='ocr_line' id='line_1_30' title="bbox 2185 1657 3768 1728; baseline 0.001 -18"><span class='ocrx_word' id='word_1_186' title='bbox 2185 1657 2386 1728; x_wconf 87' lang='lat' dir='ltr'><strong>frigore</strong></span> <span class='ocrx_word' id='word_1_187' title='bbox 2432 1672 2497 1713; x_wconf 92' lang='lat' dir='ltr'><strong>ac</strong></span> <span class='ocrx_word' id='word_1_188' title='bbox 2533 1657 2836 1728; x_wconf 83' lang='lat' dir='ltr'><strong>pestilentia</strong></span> <span class='ocrx_word' id='word_1_189' title='bbox 2889 1658 3148 1728; x_wconf 88' lang='lat' dir='ltr'><strong>perirent,</strong></span> <span class='ocrx_word' id='word_1_190' title='bbox 3189 1672 3254 1712; x_wconf 90' lang='lat' dir='ltr'><strong>ac</strong></span> <span class='ocrx_word' id='word_1_191' title='bbox 3295 1657 3338 1714; x_wconf 88' lang='lat' dir='ltr'><strong>si</strong></span> <span class='ocrx_word' id='word_1_192' title='bbox 3375 1659 3589 1728; x_wconf 74' lang='lat' dir='ltr'><strong>perttesi</strong></span> <span class='ocrx_word' id='word_1_193' title='bbox 3621 1660 3768 1712; x_wconf 82' lang='lat' dir='ltr'><strong>obsi-</strong></span> 
     </span>
    </p>
   </div>
   <div class='ocr_carea' id='block_1_31' title="bbox 2189 1747 3768 1819">
    <p class='ocr_par' dir='ltr' id='par_1_31' title="bbox 2189 1747 3768 1819">
     <span class='ocr_line' id='line_1_31' title="bbox 2189 1747 3768 1819; baseline -0.003 -14"><span class='ocrx_word' id='word_1_194' title='bbox 2189 1750 2366 1805; x_wconf 92' lang='lat' dir='ltr'><strong>dionis</strong></span> <span class='ocrx_word' id='word_1_195' title='bbox 2397 1749 2771 1804; x_wconf 87' lang='lat' dir='ltr'><strong>abscederent.</strong></span> <span class='ocrx_word' id='word_1_196' title='bbox 2811 1748 2910 1815; x_wconf 86' lang='lat' dir='ltr'><strong>Qui</strong></span> <span class='ocrx_word' id='word_1_197' title='bbox 2959 1749 3082 1804; x_wconf 90' lang='lat' dir='ltr'><strong>inde</strong></span> <span class='ocrx_word' id='word_1_198' title='bbox 3118 1748 3374 1818; x_wconf 79' lang='lat' dir='ltr'><strong>regressi,</strong></span> <span class='ocrx_word' id='word_1_199' title='bbox 3407 1747 3768 1819; x_wconf 84' lang='lat' dir='ltr'><strong>Bulgarorum</strong></span> 
     </span>
    </p>
   </div>
   <div class='ocr_carea' id='block_1_32' title="bbox 2187 1838 3769 1914">
    <p class='ocr_par' dir='ltr' id='par_1_32' title="bbox 2187 1838 3769 1914">
     <span class='ocr_line' id='line_1_32' title="bbox 2187 1838 3769 1914; baseline -0.003 -17"><span class='ocrx_word' id='word_1_200' title='bbox 2187 1851 2402 1914; x_wconf 85' lang='lat' dir='ltr'><strong>gentem</strong></span> <span class='ocrx_word' id='word_1_201' title='bbox 2429 1857 2550 1912; x_wconf 66' lang='lat' dir='ltr'><strong>quae</strong></span> <span class='ocrx_word' id='word_1_202' title='bbox 2587 1849 2671 1896; x_wconf 89' lang='lat' dir='ltr'><strong>est</strong></span> <span class='ocrx_word' id='word_1_203' title='bbox 2698 1843 2870 1910; x_wconf 88' lang='lat' dir='ltr'><strong>‘super</strong></span> <span class='ocrx_word' id='word_1_204' title='bbox 2914 1841 3240 1904; x_wconf 89' lang='lat' dir='ltr'><strong>Danubium,</strong></span> <span class='ocrx_word' id='word_1_205' title='bbox 3263 1838 3403 1895; x_wconf 90' lang='lat' dir='ltr'><strong>bello</strong></span> <span class='ocrx_word' id='word_1_206' title='bbox 3445 1840 3769 1910; x_wconf 84' lang='lat' dir='ltr'><strong>aggrediun-</strong></span> 
     </span>
    </p>
   </div>
   <div class='ocr_carea' id='block_1_33' title="bbox 494 1909 3772 2003">
    <p class='ocr_par' dir='ltr' id='par_1_33' title="bbox 494 1909 3772 2003">
     <span class='ocr_line' id='line_1_33' title="bbox 494 1909 3772 2003; baseline 0.002 -23"><span class='ocrx_word' id='word_1_207' title='bbox 494 1941 721 1998; x_wconf 89' lang='lat' dir='ltr'><strong>scopus,</strong></span> <span class='ocrx_word' id='word_1_208' title='bbox 757 1929 1032 1987; x_wconf 62' lang='lat' dir='ltr'><strong>saecularis</strong></span> <span class='ocrx_word' id='word_1_209' title='bbox 1061 1934 1490 1989; x_wconf 89' lang='lat' dir='ltr'><strong>conversationis</strong></span> <span class='ocrx_word' id='word_1_210' title='bbox 1521 1934 1632 2000; x_wconf 90' lang='lat' dir='ltr'><strong>vir,</strong></span> <span class='ocrx_word' id='word_1_211' title='bbox 1671 1936 1823 1991; x_wconf 90' lang='lat' dir='ltr'><strong>ducit</strong></span> <span class='ocrx_word' id='word_1_212' title='bbox 1866 1938 2080 1992; x_wconf 85' lang='lat' dir='ltr'><strong>exerci-</strong></span> <span class='ocrx_word' id='word_1_213' title='bbox 2113 1909 2159 1970; x_wconf 79' lang='grc' dir='ltr'>Β</span> <span class='ocrx_word' id='word_1_214' title='bbox 2188 1941 2316 1987; x_wconf 91' lang='lat' dir='ltr'><strong>tur:</strong></span> <span class='ocrx_word' id='word_1_215' title='bbox 2344 1939 2399 1987; x_wconf 91' lang='lat' dir='ltr'><strong>et</strong></span> <span class='ocrx_word' id='word_1_216' title='bbox 2430 1934 2498 1988; x_wconf 90' lang='lat' dir='ltr'><strong>ab</strong></span> <span class='ocrx_word' id='word_1_217' title='bbox 2527 1933 2631 1988; x_wconf 88' lang='lat' dir='ltr'><strong>hac</strong></span> <span class='ocrx_word' id='word_1_218' title='bbox 2657 1947 2871 2002; x_wconf 89' lang='lat' dir='ltr'><strong>quoque.</strong></span> <span class='ocrx_word' id='word_1_219' title='bbox 2910 1932 3038 1987; x_wconf 87' lang='lat' dir='ltr'><strong>victi</strong></span> <span class='ocrx_word' id='word_1_220' title='bbox 3065 1931 3338 2003; x_wconf 88' lang='lat' dir='ltr'><strong>refugiunt</strong></span> <span class='ocrx_word' id='word_1_221' title='bbox 3357 1947 3420 1988; x_wconf 88' lang='lat' dir='ltr'><strong>ac</strong></span> <span class='ocrx_word' id='word_1_222' title='bbox 3447 1946 3612 1986; x_wconf 80' lang='lat' dir='ltr'><strong>naves</strong></span> <span class='ocrx_word' id='word_1_223' title='bbox 3643 1947 3772 1986; x_wconf 90' lang='lat' dir='ltr'><strong>suas</strong></span> 
     </span>
    </p>
   </div>
   <div class='ocr_carea' id='block_1_34' title="bbox 496 2021 2083 2095">
    <p class='ocr_par' dir='ltr' id='par_1_34' title="bbox 496 2021 2083 2095">
     <span class='ocr_line' id='line_1_34' title="bbox 496 2021 2083 2095; baseline 0.008 -22"><span class='ocrx_word' id='word_1_224' title='bbox 496 2028 610 2076; x_wconf 91' lang='lat' dir='ltr'><strong>tum</strong></span> <span class='ocrx_word' id='word_1_225' title='bbox 660 2021 994 2078; x_wconf 87' lang='lat' dir='ltr'><strong>Francorum</strong></span> <span class='ocrx_word' id='word_1_226' title='bbox 1043 2033 1231 2080; x_wconf 83' lang='lat' dir='ltr'><strong>contra</strong></span> <span class='ocrx_word' id='word_1_227' title='bbox 1259 2025 1566 2082; x_wconf 87' lang='lat' dir='ltr'><strong>Wiliarinm</strong></span> <span class='ocrx_word' id='word_1_228' title='bbox 1618 2027 1669 2082; x_wconf 90' lang='lat' dir='ltr'><strong>in</strong></span> <span class='ocrx_word' id='word_1_229' title='bbox 1702 2026 1939 2095; x_wconf 83' lang='lat' dir='ltr'><strong>Suevos,</strong></span> <span class='ocrx_word' id='word_1_230' title='bbox 1991 2031 2083 2085; x_wconf 91' lang='lat' dir='ltr'><strong>ubi</strong></span> 
     </span>
    </p>
   </div>
   <div class='ocr_carea' id='block_1_35' title="bbox 493 2113 2082 2182">
    <p class='ocr_par' dir='ltr' id='par_1_35' title="bbox 493 2113 2082 2182">
     <span class='ocr_line' id='line_1_35' title="bbox 493 2113 2082 2182; baseline 0.005 -16"><span class='ocrx_word' id='word_1_231' title='bbox 493 2114 812 2182; x_wconf 86' lang='lat' dir='ltr'><strong>gravissima</strong></span> <span class='ocrx_word' id='word_1_232' title='bbox 841 2115 1016 2170; x_wconf 69' lang='lat' dir='ltr'><strong>caedes</strong></span> <span class='ocrx_word' id='word_1_233' title='bbox 1043 2113 1186 2170; x_wconf 84' lang='lat' dir='ltr'><strong>facta</strong></span> <span class='ocrx_word' id='word_1_234' title='bbox 1213 2125 1326 2181; x_wconf 89' lang='lat' dir='ltr'><strong>est,</strong></span> <span class='ocrx_word' id='word_1_235' title='bbox 1358 2132 1502 2172; x_wconf 91' lang='lat' dir='ltr'><strong>anno</strong></span> <span class='ocrx_word' id='word_1_236' title='bbox 1540 2117 1932 2176; x_wconf 81' lang='lat' dir='ltr'><strong>lncarnationis</strong></span> <span class='ocrx_word' id='word_1_237' title='bbox 1974 2121 2082 2174; x_wconf 80' lang='lat' dir='ltr'><strong>Do-</strong></span> 
     </span>
    </p>
   </div>
   <div class='ocr_carea' id='block_1_36' title="bbox 495 2207 2084 2279">
    <p class='ocr_par' dir='ltr' id='par_1_36' title="bbox 495 2207 2084 2279">
     <span class='ocr_line' id='line_1_36' title="bbox 495 2207 2084 2279; baseline 0.006 -18"><span class='ocrx_word' id='word_1_238' title='bbox 495 2207 626 2261; x_wconf 90' lang='lat' dir='ltr'><strong>mini</strong></span> <span class='ocrx_word' id='word_1_239' title='bbox 676 2208 1154 2279; x_wconf 87' lang='lat' dir='ltr'><strong>septingentesimo</strong></span> <span class='ocrx_word' id='word_1_240' title='bbox 1202 2209 1541 2266; x_wconf 89' lang='lat' dir='ltr'><strong>duodecimo.</strong></span> <span class='ocrx_word' id='word_1_241' title='bbox 1598 2212 1760 2268; x_wconf 75' lang='lat' dir='ltr'><strong>Bona:</strong></span> <span class='ocrx_word' id='word_1_242' title='bbox 1806 2215 2084 2270; x_wconf 67' lang='lat' dir='ltr'><strong>memoria:</strong></span> 
     </span>
    </p>
   </div>
   <div class='ocr_carea' id='block_1_37' title="bbox 495 2296 2080 2373">
    <p class='ocr_par' dir='ltr' id='par_1_37' title="bbox 495 2296 2080 2373">
     <span class='ocr_line' id='line_1_37' title="bbox 495 2296 2080 2373; baseline 0.006 -21"><span class='ocrx_word' id='word_1_243' title='bbox 495 2296 876 2355; x_wconf 89' lang='lat' dir='ltr'><strong>Childebertus</strong></span> <span class='ocrx_word' id='word_1_244' title='bbox 898 2315 992 2355; x_wconf 82' lang='lat' dir='ltr'><strong>rex</strong></span> <span class='ocrx_word' id='word_1_245' title='bbox 1015 2300 1290 2372; x_wconf 86' lang='lat' dir='ltr'><strong>migravit,</strong></span> <span class='ocrx_word' id='word_1_246' title='bbox 1323 2316 1552 2373; x_wconf 88' lang='lat' dir='ltr'><strong>regnans</strong></span> <span class='ocrx_word' id='word_1_247' title='bbox 1581 2305 1839 2361; x_wconf 89' lang='lat' dir='ltr'><strong>tredecim</strong></span> <span class='ocrx_word' id='word_1_248' title='bbox 1867 2322 2040 2364; x_wconf 89' lang='lat' dir='ltr'><strong>annos</strong></span> <span class='ocrx_word' id='word_1_249' title='bbox 2066 2326 2080 2362; x_wconf 87' lang='lat'><strong>:</strong></span> 
     </span>
    </p>
   </div>
   <div class='ocr_carea' id='block_1_38' title="bbox 499 2391 2081 2461">
    <p class='ocr_par' dir='ltr' id='par_1_38' title="bbox 499 2391 2081 2461">
     <span class='ocr_line' id='line_1_38' title="bbox 499 2391 2081 2461; baseline 0.009 -19"><span class='ocrx_word' id='word_1_250' title='bbox 499 2399 554 2444; x_wconf 88' lang='lat' dir='ltr'><strong>et</strong></span> <span class='ocrx_word' id='word_1_251' title='bbox 595 2391 836 2461; x_wconf 85' lang='lat' dir='ltr'><strong>sepultus</strong></span> <span class='ocrx_word' id='word_1_252' title='bbox 879 2401 965 2449; x_wconf 89' lang='lat' dir='ltr'><strong>est</strong></span> <span class='ocrx_word' id='word_1_253' title='bbox 999 2392 1267 2450; x_wconf 88' lang='lat' dir='ltr'><strong>Cauciaco</strong></span> <span class='ocrx_word' id='word_1_254' title='bbox 1299 2398 1626 2454; x_wconf 86' lang='lat' dir='ltr'><strong>monasterio</strong></span> <span class='ocrx_word' id='word_1_255' title='bbox 1663 2399 1717 2454; x_wconf 93' lang='lat' dir='ltr'><strong>in</strong></span> <span class='ocrx_word' id='word_1_256' title='bbox 1763 2399 1982 2456; x_wconf 89' lang='lat' dir='ltr'><strong>basilica</strong></span> <span class='ocrx_word' id='word_1_257' title='bbox 2021 2400 2081 2457; x_wconf 90' lang='lat' dir='ltr'><strong>S.</strong></span> 
     </span>
    </p>
   </div>
   <div class='ocr_carea' id='block_1_39' title="bbox 496 2483 2084 2564">
    <p class='ocr_par' dir='ltr' id='par_1_39' title="bbox 496 2483 2084 2564">
     <span class='ocr_line' id='line_1_39' title="bbox 496 2483 2084 2564; baseline 0.007 -26"><span class='ocrx_word' id='word_1_258' title='bbox 496 2483 754 2554; x_wconf 85' lang='lat' dir='ltr'><strong>Stephani</strong></span> <span class='ocrx_word' id='word_1_259' title='bbox 797 2487 1241 2558; x_wconf 87' lang='lat' dir='ltr'><strong>protomartyris;</strong></span> <span class='ocrx_word' id='word_1_260' title='bbox 1278 2501 1502 2560; x_wconf 87' lang='lat' dir='ltr'><strong>regnum</strong></span> <span class='ocrx_word' id='word_1_261' title='bbox 1540 2492 1777 2562; x_wconf 84' lang='lat' dir='ltr'><strong>suscepit</strong></span> <span class='ocrx_word' id='word_1_262' title='bbox 1810 2493 2084 2564; x_wconf 56' lang='lat' dir='ltr'><strong>Dagoherc</strong></span> 
     </span>
    </p>
   </div>
   <div class='ocr_carea' id='block_1_40' title="bbox 495 2575 2084 2651">
    <p class='ocr_par' dir='ltr' id='par_1_40' title="bbox 495 2575 2084 2651">
     <span class='ocr_line' id='line_1_40' title="bbox 495 2575 2084 2651; baseline 0.008 -23"><span class='ocrx_word' id='word_1_263' title='bbox 495 2583 582 2629; x_wconf 92' lang='lat' dir='ltr'><strong>tus</strong></span> <span class='ocrx_word' id='word_1_264' title='bbox 607 2576 785 2630; x_wconf 88' lang='lat' dir='ltr'><strong>adhuc</strong></span> <span class='ocrx_word' id='word_1_265' title='bbox 813 2590 966 2646; x_wconf 86' lang='lat' dir='ltr'><strong>puer,</strong></span> <span class='ocrx_word' id='word_1_266' title='bbox 993 2575 1136 2633; x_wconf 85' lang='lat' dir='ltr'><strong>filius</strong></span> <span class='ocrx_word' id='word_1_267' title='bbox 1159 2577 1277 2649; x_wconf 91' lang='lat' dir='ltr'><strong>ejus</strong></span> <span class='ocrx_word' id='word_1_268' title='bbox 1305 2596 1320 2633; x_wconf 89' lang='lat'><strong>:</strong></span> <span class='ocrx_word' id='word_1_269' title='bbox 1349 2578 1521 2648; x_wconf 85' lang='lat' dir='ltr'><strong>major</strong></span> <span class='ocrx_word' id='word_1_270' title='bbox 1542 2581 1732 2639; x_wconf 90' lang='lat' dir='ltr'><strong>domus</strong></span> <span class='ocrx_word' id='word_1_271' title='bbox 1752 2583 2084 2651; x_wconf 87' lang='lat' dir='ltr'><strong>Grimoldus,</strong></span> 
     </span>
    </p>
   </div>
   <div class='ocr_carea' id='block_1_41' title="bbox 496 2672 2088 2748">
    <p class='ocr_par' dir='ltr' id='par_1_41' title="bbox 496 2672 2088 2748">
     <span class='ocr_line' id='line_1_41' title="bbox 496 2672 2088 2748; baseline 0.004 -21"><span class='ocrx_word' id='word_1_272' title='bbox 496 2672 578 2727; x_wconf 88' lang='lat' dir='ltr'><strong>vir</strong></span> <span class='ocrx_word' id='word_1_273' title='bbox 611 2672 886 2730; x_wconf 88' lang='lat' dir='ltr'><strong>modestus</strong></span> <span class='ocrx_word' id='word_1_274' title='bbox 917 2683 974 2730; x_wconf 90' lang='lat' dir='ltr'><strong>et</strong></span> <span class='ocrx_word' id='word_1_275' title='bbox 1000 2673 1182 2744; x_wconf 84' lang='lat' dir='ltr'><strong>justus</strong></span> <span class='ocrx_word' id='word_1_276' title='bbox 1204 2717 1219 2741; x_wconf 94' lang='lat'><strong>,</strong></span> <span class='ocrx_word' id='word_1_277' title='bbox 1256 2676 1348 2748; x_wconf 87' lang='lat' dir='ltr'><strong>qui</strong></span> <span class='ocrx_word' id='word_1_278' title='bbox 1395 2676 1632 2733; x_wconf 89' lang='lat' dir='ltr'><strong>habebat</strong></span> <span class='ocrx_word' id='word_1_279' title='bbox 1673 2677 1903 2736; x_wconf 82' lang='lat' dir='ltr'><strong>Ratbodi</strong></span> <span class='ocrx_word' id='word_1_280' title='bbox 1934 2679 2088 2735; x_wconf 90' lang='lat' dir='ltr'><strong>ducis</strong></span> 
     </span>
    </p>
   </div>
   <div class='ocr_carea' id='block_1_42' title="bbox 493 2764 2087 2842">
    <p class='ocr_par' dir='ltr' id='par_1_42' title="bbox 493 2764 2087 2842">
     <span class='ocr_line' id='line_1_42' title="bbox 493 2764 2087 2842; baseline 0.004 -23"><span class='ocrx_word' id='word_1_281' title='bbox 493 2764 659 2820; x_wconf 82' lang='lat' dir='ltr'><strong>filiam</strong></span> <span class='ocrx_word' id='word_1_282' title='bbox 705 2767 1108 2824; x_wconf 87' lang='lat' dir='ltr'><strong>Thensuindam</strong></span> <span class='ocrx_word' id='word_1_283' title='bbox 1155 2770 1210 2826; x_wconf 89' lang='lat' dir='ltr'><strong>itt</strong></span> <span class='ocrx_word' id='word_1_284' title='bbox 1258 2767 1567 2842; x_wconf 76' lang='lat' dir='ltr'><strong>coniugium</strong></span> <span class='ocrx_word' id='word_1_285' title='bbox 1617 2787 1632 2826; x_wconf 88' lang='lat'><strong>:</strong></span> <span class='ocrx_word' id='word_1_286' title='bbox 1685 2786 1812 2825; x_wconf 91' lang='lat' dir='ltr'><strong>nam</strong></span> <span class='ocrx_word' id='word_1_287' title='bbox 1863 2786 1930 2825; x_wconf 89' lang='lat' dir='ltr'><strong>ex</strong></span> <span class='ocrx_word' id='word_1_288' title='bbox 1980 2771 2087 2826; x_wconf 88' lang='lat' dir='ltr'><strong>alia</strong></span> 
     </span>
    </p>
   </div>
   <div class='ocr_carea' id='block_1_43' title="bbox 493 2856 2089 2933">
    <p class='ocr_par' dir='ltr' id='par_1_43' title="bbox 493 2856 2089 2933">
     <span class='ocr_line' id='line_1_43' title="bbox 493 2856 2089 2933; baseline 0.004 -21"><span class='ocrx_word' id='word_1_289' title='bbox 493 2856 695 2914; x_wconf 83' lang='lat' dir='ltr'><strong>femina</strong></span> <span class='ocrx_word' id='word_1_290' title='bbox 746 2857 1154 2918; x_wconf 81' lang='lat' dir='ltr'><strong>Tlteudoaldnm</strong></span> <span class='ocrx_word' id='word_1_291' title='bbox 1206 2861 1493 2918; x_wconf 87' lang='lat' dir='ltr'><strong>habuerat.</strong></span> <span class='ocrx_word' id='word_1_292' title='bbox 1541 2859 1866 2932; x_wconf 67' lang='lat' dir='ltr'><strong>AEgrotante</strong></span> <span class='ocrx_word' id='word_1_293' title='bbox 1907 2862 2089 2933; x_wconf 86' lang='lat' dir='ltr'><strong>itaque</strong></span> 
     </span>
    </p>
   </div>
   <div class='ocr_carea' id='block_1_44' title="bbox 494 2948 2086 3021">
    <p class='ocr_par' dir='ltr' id='par_1_44' title="bbox 494 2948 2086 3021">
     <span class='ocr_line' id='line_1_44' title="bbox 494 2948 2086 3021; baseline 0.003 -17"><span class='ocrx_word' id='word_1_294' title='bbox 494 2948 723 3020; x_wconf 88' lang='lat' dir='ltr'><strong>Pippino</strong></span> <span class='ocrx_word' id='word_1_295' title='bbox 750 2953 995 3021; x_wconf 89' lang='lat' dir='ltr'><strong>genitore</strong></span> <span class='ocrx_word' id='word_1_296' title='bbox 1021 2951 1158 3020; x_wconf 88' lang='lat' dir='ltr'><strong>ejus,</strong></span> <span class='ocrx_word' id='word_1_297' title='bbox 1190 2952 1316 3007; x_wconf 87' lang='lat' dir='ltr'><strong>dum</strong></span> <span class='ocrx_word' id='word_1_298' title='bbox 1365 2953 1435 3008; x_wconf 89' lang='lat' dir='ltr'><strong>ad</strong></span> <span class='ocrx_word' id='word_1_299' title='bbox 1463 2952 1792 3008; x_wconf 88' lang='lat' dir='ltr'><strong>visitandum</strong></span> <span class='ocrx_word' id='word_1_300' title='bbox 1829 2967 1953 3007; x_wconf 89' lang='lat' dir='ltr'><strong>eum</strong></span> <span class='ocrx_word' id='word_1_301' title='bbox 1998 2966 2086 3008; x_wconf 73' lang='lat' dir='ltr'><strong>ve~</strong></span> 
     </span>
    </p>
   </div>
   <div class='ocr_carea' id='block_1_45' title="bbox 495 3039 2089 3116">
    <p class='ocr_par' dir='ltr' id='par_1_45' title="bbox 495 3039 2089 3116">
     <span class='ocr_line' id='line_1_45' title="bbox 495 3039 2089 3116; baseline 0.003 -21"><span class='ocrx_word' id='word_1_302' title='bbox 495 3040 686 3102; x_wconf 86' lang='lat' dir='ltr'><strong>uisset,</strong></span> <span class='ocrx_word' id='word_1_303' title='bbox 719 3057 748 3094; x_wconf 90' lang='lat' dir='ltr'><strong>a</strong></span> <span class='ocrx_word' id='word_1_304' title='bbox 781 3039 1054 3113; x_wconf 80' lang='lat' dir='ltr'><strong>Rangario</strong></span> <span class='ocrx_word' id='word_1_305' title='bbox 1081 3042 1308 3100; x_wconf 88' lang='lat' dir='ltr'><strong>Frisone</strong></span> <span class='ocrx_word' id='word_1_306' title='bbox 1333 3042 1516 3116; x_wconf 85' lang='lat' dir='ltr'><strong>gentili</strong></span> <span class='ocrx_word' id='word_1_307' title='bbox 1552 3057 1865 3116; x_wconf 90' lang='lat' dir='ltr'><strong>peremptus</strong></span> <span class='ocrx_word' id='word_1_308' title='bbox 1892 3052 1996 3110; x_wconf 84' lang='lat' dir='ltr'><strong>est,</strong></span> <span class='ocrx_word' id='word_1_309' title='bbox 2034 3045 2089 3100; x_wconf 89' lang='lat' dir='ltr'><strong>in</strong></span> 
     </span>
    </p>
   </div>
   <div class='ocr_carea' id='block_1_46' title="bbox 495 3131 2089 3210">
    <p class='ocr_par' dir='ltr' id='par_1_46' title="bbox 495 3131 2089 3210">
     <span class='ocr_line' id='line_1_46' title="bbox 495 3131 2089 3210; baseline 0.004 -21"><span class='ocrx_word' id='word_1_310' title='bbox 495 3131 720 3189; x_wconf 85' lang='lat' dir='ltr'><strong>basilica</strong></span> <span class='ocrx_word' id='word_1_311' title='bbox 751 3135 927 3191; x_wconf 89' lang='lat' dir='ltr'><strong>sancti</strong></span> <span class='ocrx_word' id='word_1_312' title='bbox 962 3134 1308 3193; x_wconf 89' lang='lat' dir='ltr'><strong>Landeberti.</strong></span> <span class='ocrx_word' id='word_1_313' title='bbox 1343 3135 1505 3193; x_wconf 86' lang='lat' dir='ltr'><strong>Pater</strong></span> <span class='ocrx_word' id='word_1_314' title='bbox 1530 3138 1646 3210; x_wconf 90' lang='lat' dir='ltr'><strong>ejus</strong></span> <span class='ocrx_word' id='word_1_315' title='bbox 1683 3137 2089 3195; x_wconf 90' lang='lat' dir='ltr'><strong>Theudoaldum</strong></span> 
     </span>
    </p>
   </div>
   <div class='ocr_carea' id='block_1_47' title="bbox 2190 2025 3771 2097">
    <p class='ocr_par' dir='ltr' id='par_1_47' title="bbox 2190 2025 3771 2097">
     <span class='ocr_line' id='line_1_47' title="bbox 2190 2025 3771 2097; baseline -0.002 -16"><span class='ocrx_word' id='word_1_316' title='bbox 2190 2034 2460 2097; x_wconf 89' lang='lat' dir='ltr'><strong>repetunt.</strong></span> <span class='ocrx_word' id='word_1_317' title='bbox 2494 2025 2699 2093; x_wconf 84' lang='lat' dir='ltr'><strong>Quibus</strong></span> <span class='ocrx_word' id='word_1_318' title='bbox 2725 2040 2847 2081; x_wconf 88' lang='lat' dir='ltr'><strong>cum</strong></span> <span class='ocrx_word' id='word_1_319' title='bbox 2893 2025 3062 2080; x_wconf 87' lang='lat' dir='ltr'><strong>altum</strong></span> <span class='ocrx_word' id='word_1_320' title='bbox 3103 2031 3365 2096; x_wconf 87' lang='lat' dir='ltr'><strong>peterent,</strong></span> <span class='ocrx_word' id='word_1_321' title='bbox 3401 2025 3642 2080; x_wconf 86' lang='lat' dir='ltr'><strong>irruente</strong></span> <span class='ocrx_word' id='word_1_322' title='bbox 3676 2040 3771 2078; x_wconf 85' lang='lat' dir='ltr'><strong>su-</strong></span> 
     </span>
    </p>
   </div>
   <div class='ocr_carea' id='block_1_48' title="bbox 2188 2114 3774 2189">
    <p class='ocr_par' dir='ltr' id='par_1_48' title="bbox 2188 2114 3774 2189">
     <span class='ocr_line' id='line_1_48' title="bbox 2188 2114 3774 2189; baseline -0.003 -16"><span class='ocrx_word' id='word_1_323' title='bbox 2188 2119 2298 2174; x_wconf 88' lang='lat' dir='ltr'><strong>bita</strong></span> <span class='ocrx_word' id='word_1_324' title='bbox 2333 2125 2673 2189; x_wconf 86' lang='lat' dir='ltr'><strong>tempestate,</strong></span> <span class='ocrx_word' id='word_1_325' title='bbox 2709 2117 2926 2189; x_wconf 85' lang='lat' dir='ltr'><strong>plurimi</strong></span> <span class='ocrx_word' id='word_1_326' title='bbox 2964 2117 3146 2182; x_wconf 89' lang='lat' dir='ltr'><strong>etiam,</strong></span> <span class='ocrx_word' id='word_1_327' title='bbox 3178 2117 3375 2174; x_wconf 89' lang='lat' dir='ltr'><strong>mersis</strong></span> <span class='ocrx_word' id='word_1_328' title='bbox 3402 2116 3517 2172; x_wconf 87' lang='lat' dir='ltr'><strong>sive</strong></span> <span class='ocrx_word' id='word_1_329' title='bbox 3555 2114 3774 2172; x_wconf 90' lang='lat' dir='ltr'><strong>confra-</strong></span> 
     </span>
    </p>
   </div>
   <div class='ocr_carea' id='block_1_49' title="bbox 2188 2207 3774 2281">
    <p class='ocr_par' dir='ltr' id='par_1_49' title="bbox 2188 2207 3774 2281">
     <span class='ocr_line' id='line_1_49' title="bbox 2188 2207 3774 2281; baseline -0.003 -15"><span class='ocrx_word' id='word_1_330' title='bbox 2188 2211 2292 2266; x_wconf 89' lang='lat' dir='ltr'><strong>ctis</strong></span> <span class='ocrx_word' id='word_1_331' title='bbox 2336 2224 2436 2281; x_wconf 91' lang='lat' dir='ltr'><strong>per</strong></span> <span class='ocrx_word' id='word_1_332' title='bbox 2473 2209 2654 2266; x_wconf 75' lang='lat' dir='ltr'><strong>littora</strong></span> <span class='ocrx_word' id='word_1_333' title='bbox 2697 2209 2948 2277; x_wconf 85' lang='lat' dir='ltr'><strong>navibus,</strong></span> <span class='ocrx_word' id='word_1_334' title='bbox 2980 2209 3159 2266; x_wconf 90' lang='lat' dir='ltr'><strong>necati</strong></span> <span class='ocrx_word' id='word_1_335' title='bbox 3205 2217 3350 2264; x_wconf 90' lang='lat' dir='ltr'><strong>sunt.</strong></span> <span class='ocrx_word' id='word_1_336' title='bbox 3392 2207 3774 2264; x_wconf 82' lang='lat' dir='ltr'><strong>Leutbrandus</strong></span> 
     </span>
    </p>
   </div>
   <div class='ocr_carea' id='block_1_50' title="bbox 2189 2300 3772 2374">
    <p class='ocr_par' dir='ltr' id='par_1_50' title="bbox 2189 2300 3772 2374">
     <span class='ocr_line' id='line_1_50' title="bbox 2189 2300 3772 2374; baseline -0.003 -15"><span class='ocrx_word' id='word_1_337' title='bbox 2189 2319 2282 2360; x_wconf 89' lang='lat' dir='ltr'><strong>rex</strong></span> <span class='ocrx_word' id='word_1_338' title='bbox 2337 2305 2562 2361; x_wconf 87' lang='lat' dir='ltr'><strong>audiens</strong></span> <span class='ocrx_word' id='word_1_339' title='bbox 2599 2303 2743 2374; x_wconf 90' lang='lat' dir='ltr'><strong>quod</strong></span> <span class='ocrx_word' id='word_1_340' title='bbox 2792 2302 3086 2369; x_wconf 87' lang='lat' dir='ltr'><strong>Saraceni,</strong></span> <span class='ocrx_word' id='word_1_341' title='bbox 3129 2300 3449 2372; x_wconf 87' lang='lat' dir='ltr'><strong>depopulata</strong></span> <span class='ocrx_word' id='word_1_342' title='bbox 3496 2300 3772 2363; x_wconf 83' lang='lat' dir='ltr'><strong>Sardinia,</strong></span> 
     </span>
    </p>
   </div>
   <div class='ocr_carea' id='block_1_51' title="bbox 2189 2392 3776 2466">
    <p class='ocr_par' dir='ltr' id='par_1_51' title="bbox 2189 2392 3776 2466">
     <span class='ocr_line' id='line_1_51' title="bbox 2189 2392 3776 2466; baseline -0.004 -13"><span class='ocrx_word' id='word_1_343' title='bbox 2189 2399 2352 2454; x_wconf 89' lang='lat' dir='ltr'><strong>etiam</strong></span> <span class='ocrx_word' id='word_1_344' title='bbox 2384 2397 2501 2454; x_wconf 92' lang='lat' dir='ltr'><strong>loca</strong></span> <span class='ocrx_word' id='word_1_345' title='bbox 2533 2396 2625 2452; x_wconf 92' lang='lat' dir='ltr'><strong>illa</strong></span> <span class='ocrx_word' id='word_1_346' title='bbox 2673 2395 2988 2462; x_wconf 70' lang='lat' dir='ltr'><strong>fmdassent,</strong></span> <span class='ocrx_word' id='word_1_347' title='bbox 3027 2395 3121 2451; x_wconf 91' lang='lat' dir='ltr'><strong>ubi</strong></span> <span class='ocrx_word' id='word_1_348' title='bbox 3151 2409 3273 2450; x_wconf 91' lang='lat' dir='ltr'><strong>ossa</strong></span> <span class='ocrx_word' id='word_1_349' title='bbox 3305 2393 3449 2449; x_wconf 86' lang='lat' dir='ltr'><strong>beati</strong></span> <span class='ocrx_word' id='word_1_350' title='bbox 3486 2392 3776 2466; x_wconf 82' lang='lat' dir='ltr'><strong>Augustini</strong></span> 
     </span>
    </p>
   </div>
   <div class='ocr_carea' id='block_1_52' title="bbox 2188 2485 3778 2562">
    <p class='ocr_par' dir='ltr' id='par_1_52' title="bbox 2188 2485 3778 2562">
     <span class='ocr_line' id='line_1_52' title="bbox 2188 2485 3778 2562; baseline -0.003 -16"><span class='ocrx_word' id='word_1_351' title='bbox 2188 2490 2426 2560; x_wconf 84' lang='lat' dir='ltr'><strong>episc0pi</strong></span> <span class='ocrx_word' id='word_1_352' title='bbox 2449 2498 2674 2562; x_wconf 91' lang='lat' dir='ltr'><strong>propter</strong></span> <span class='ocrx_word' id='word_1_353' title='bbox 2686 2489 3046 2545; x_wconf 89' lang='lat' dir='ltr'><strong>vastationem</strong></span> <span class='ocrx_word' id='word_1_354' title='bbox 3067 2487 3431 2544; x_wconf 89' lang='lat' dir='ltr'><strong>Barbarorum</strong></span> <span class='ocrx_word' id='word_1_355' title='bbox 3453 2485 3581 2542; x_wconf 91' lang='lat' dir='ltr'><strong>olim</strong></span> <span class='ocrx_word' id='word_1_356' title='bbox 3599 2497 3778 2541; x_wconf 85' lang='lat' dir='ltr'><strong>trans-</strong></span> 
     </span>
    </p>
   </div>
   <div class='ocr_carea' id='block_1_53' title="bbox 2193 2577 3779 2646">
    <p class='ocr_par' dir='ltr' id='par_1_53' title="bbox 2193 2577 3779 2646">
     <span class='ocr_line' id='line_1_53' title="bbox 2193 2577 3779 2646; baseline -0.004 -8"><span class='ocrx_word' id='word_1_357' title='bbox 2193 2582 2350 2646; x_wconf 90' lang='lat' dir='ltr'><strong>slata,</strong></span> <span class='ocrx_word' id='word_1_358' title='bbox 2383 2590 2437 2637; x_wconf 91' lang='lat' dir='ltr'><strong>et</strong></span> <span class='ocrx_word' id='word_1_359' title='bbox 2484 2580 2784 2639; x_wconf 84' lang='lat' dir='ltr'><strong>honorifice</strong></span> <span class='ocrx_word' id='word_1_360' title='bbox 2827 2579 3044 2636; x_wconf 80' lang='lat' dir='ltr'><strong>fuerant</strong></span> <span class='ocrx_word' id='word_1_361' title='bbox 3091 2580 3329 2643; x_wconf 85' lang='lat' dir='ltr'><strong>condita,</strong></span> <span class='ocrx_word' id='word_1_362' title='bbox 3355 2577 3524 2642; x_wconf 90' lang='lat' dir='ltr'><strong>misit,</strong></span> <span class='ocrx_word' id='word_1_363' title='bbox 3556 2585 3612 2633; x_wconf 90' lang='lat' dir='ltr'><strong>et</strong></span> <span class='ocrx_word' id='word_1_364' title='bbox 3649 2577 3779 2632; x_wconf 89' lang='lat' dir='ltr'><strong>dato</strong></span> 
     </span>
    </p>
   </div>
   <div class='ocr_carea' id='block_1_54' title="bbox 2187 2668 3779 2746">
    <p class='ocr_par' dir='ltr' id='par_1_54' title="bbox 2187 2668 3779 2746">
     <span class='ocr_line' id='line_1_54' title="bbox 2187 2668 3779 2746; baseline -0.003 -18"><span class='ocrx_word' id='word_1_365' title='bbox 2187 2675 2365 2746; x_wconf 88' lang='lat' dir='ltr'><strong>pretio</strong></span> <span class='ocrx_word' id='word_1_366' title='bbox 2404 2674 2645 2746; x_wconf 86' lang='lat' dir='ltr'><strong>accepit,</strong></span> <span class='ocrx_word' id='word_1_367' title='bbox 2677 2681 2732 2729; x_wconf 90' lang='lat' dir='ltr'><strong>et</strong></span> <span class='ocrx_word' id='word_1_368' title='bbox 2761 2672 3040 2728; x_wconf 88' lang='lat' dir='ltr'><strong>transtulit</strong></span> <span class='ocrx_word' id='word_1_369' title='bbox 3082 2686 3146 2727; x_wconf 89' lang='lat' dir='ltr'><strong>ea</strong></span> <span class='ocrx_word' id='word_1_370' title='bbox 3195 2672 3249 2726; x_wconf 91' lang='lat' dir='ltr'><strong>in</strong></span> <span class='ocrx_word' id='word_1_371' title='bbox 3294 2669 3562 2726; x_wconf 87' lang='lat' dir='ltr'><strong>Ticinum.</strong></span> <span class='ocrx_word' id='word_1_372' title='bbox 3588 2668 3779 2738; x_wconf 87' lang='lat' dir='ltr'><strong>Ibique</strong></span> 
     </span>
    </p>
   </div>
   <div class='ocr_carea' id='block_1_55' title="bbox 2191 2761 3783 2836">
    <p class='ocr_par' dir='ltr' id='par_1_55' title="bbox 2191 2761 3783 2836">
     <span class='ocr_line' id='line_1_55' title="bbox 2191 2761 3783 2836; baseline -0.004 -14"><span class='ocrx_word' id='word_1_373' title='bbox 2191 2766 2244 2822; x_wconf 91' lang='lat' dir='ltr'><strong>in</strong></span> <span class='ocrx_word' id='word_1_374' title='bbox 2294 2767 2623 2822; x_wconf 88' lang='lat' dir='ltr'><strong>monasterio</strong></span> <span class='ocrx_word' id='word_1_375' title='bbox 2666 2767 2812 2836; x_wconf 87' lang='lat' dir='ltr'><strong>quod</strong></span> <span class='ocrx_word' id='word_1_376' title='bbox 2850 2764 2996 2821; x_wconf 89' lang='lat' dir='ltr'><strong>Cella</strong></span> <span class='ocrx_word' id='word_1_377' title='bbox 3044 2779 3207 2821; x_wconf 88' lang='lat' dir='ltr'><strong>aurea</strong></span> <span class='ocrx_word' id='word_1_378' title='bbox 3251 2773 3498 2828; x_wconf 87' lang='lat' dir='ltr'><strong>vocatur,</strong></span> <span class='ocrx_word' id='word_1_379' title='bbox 3541 2761 3689 2834; x_wconf 88' lang='lat' dir='ltr'><strong>quod</strong></span> <span class='ocrx_word' id='word_1_380' title='bbox 3722 2769 3783 2816; x_wconf 87' lang='lat' dir='ltr'><strong>et</strong></span> 
     </span>
    </p>
   </div>
   <div class='ocr_carea' id='block_1_56' title="bbox 2191 2851 3780 2928">
    <p class='ocr_par' dir='ltr' id='par_1_56' title="bbox 2191 2851 3780 2928">
     <span class='ocr_line' id='line_1_56' title="bbox 2191 2851 3780 2928; baseline -0.003 -16"><span class='ocrx_word' id='word_1_381' title='bbox 2191 2858 2306 2927; x_wconf 89' lang='lat' dir='ltr'><strong>ipse</strong></span> <span class='ocrx_word' id='word_1_382' title='bbox 2347 2857 2676 2923; x_wconf 90' lang='lat' dir='ltr'><strong>construxit,</strong></span> <span class='ocrx_word' id='word_1_383' title='bbox 2724 2856 2994 2928; x_wconf 85' lang='lat' dir='ltr'><strong>condigno</strong></span> <span class='ocrx_word' id='word_1_384' title='bbox 3024 2857 3231 2912; x_wconf 89' lang='lat' dir='ltr'><strong>honore</strong></span> <span class='ocrx_word' id='word_1_385' title='bbox 3272 2853 3594 2910; x_wconf 82' lang='lat' dir='ltr'><strong>recondidit.</strong></span> <span class='ocrx_word' id='word_1_386' title='bbox 3622 2851 3780 2908; x_wconf 84' lang='lat' dir='ltr'><strong>Tunc</strong></span> 
     </span>
    </p>
   </div>
   <div class='ocr_carea' id='block_1_57' title="bbox 2192 2942 3778 3018">
    <p class='ocr_par' dir='ltr' id='par_1_57' title="bbox 2192 2942 3778 3018">
     <span class='ocr_line' id='line_1_57' title="bbox 2192 2942 3778 3018; baseline -0.001 -17"><span class='ocrx_word' id='word_1_387' title='bbox 2192 2954 2414 3001; x_wconf 86' lang='lat' dir='ltr'><strong>sanctus</strong></span> <span class='ocrx_word' id='word_1_388' title='bbox 2435 2947 2723 3018; x_wconf 87' lang='lat' dir='ltr'><strong>episcopus</strong></span> <span class='ocrx_word' id='word_1_389' title='bbox 2746 2945 2948 3001; x_wconf 88' lang='lat' dir='ltr'><strong>Eoldus</strong></span> <span class='ocrx_word' id='word_1_390' title='bbox 2973 2943 3336 3000; x_wconf 83' lang='lat' dir='ltr'><strong>Viennensem</strong></span> <span class='ocrx_word' id='word_1_391' title='bbox 3361 2942 3663 2999; x_wconf 87' lang='lat' dir='ltr'><strong>Ecclesiam</strong></span> <span class='ocrx_word' id='word_1_392' title='bbox 3687 2957 3778 2999; x_wconf 89' lang='lat' dir='ltr'><strong>re-</strong></span> 
     </span>
    </p>
   </div>
   <div class='ocr_carea' id='block_1_58' title="bbox 2191 3033 3778 3106">
    <p class='ocr_par' dir='ltr' id='par_1_58' title="bbox 2191 3033 3778 3106">
     <span class='ocr_line' id='line_1_58' title="bbox 2191 3033 3778 3106; baseline -0.001 -14"><span class='ocrx_word' id='word_1_393' title='bbox 2191 3037 2295 3092; x_wconf 89' lang='lat' dir='ltr'><strong>bus</strong></span> <span class='ocrx_word' id='word_1_394' title='bbox 2320 3037 2491 3091; x_wconf 86' lang='lat' dir='ltr'><strong>auxit.</strong></span> <span class='ocrx_word' id='word_1_395' title='bbox 2542 3035 2676 3092; x_wconf 86' lang='lat' dir='ltr'><strong>Erat</strong></span> <span class='ocrx_word' id='word_1_396' title='bbox 2723 3036 2870 3093; x_wconf 91' lang='lat' dir='ltr'><strong>enim</strong></span> <span class='ocrx_word' id='word_1_397' title='bbox 2924 3033 3102 3092; x_wconf 77' lang='lat' dir='ltr'><strong>amnis</strong></span> <span class='ocrx_word' id='word_1_398' title='bbox 3155 3033 3490 3091; x_wconf 86' lang='lat' dir='ltr'><strong>Francorum</strong></span> <span class='ocrx_word' id='word_1_399' title='bbox 3533 3034 3778 3106; x_wconf 84' lang='lat' dir='ltr'><strong>regibus,</strong></span> 
     </span>
    </p>
   </div>
   <div class='ocr_carea' id='block_1_59' title="bbox 2194 3121 3783 3200">
    <p class='ocr_par' dir='ltr' id='par_1_59' title="bbox 2194 3121 3783 3200">
     <span class='ocr_line' id='line_1_59' title="bbox 2194 3121 3783 3200; baseline -0.002 -15"><span class='ocrx_word' id='word_1_400' title='bbox 2194 3129 2398 3200; x_wconf 83' lang='lat' dir='ltr'><strong>quique</strong></span> <span class='ocrx_word' id='word_1_401' title='bbox 2445 3129 2612 3185; x_wconf 88' lang='lat' dir='ltr'><strong>etiam</strong></span> <span class='ocrx_word' id='word_1_402' title='bbox 2658 3129 2799 3185; x_wconf 91' lang='lat' dir='ltr'><strong>intra</strong></span> <span class='ocrx_word' id='word_1_403' title='bbox 2857 3129 3132 3186; x_wconf 88' lang='lat' dir='ltr'><strong>civitatem</strong></span> <span class='ocrx_word' id='word_1_404' title='bbox 3174 3127 3230 3184; x_wconf 93' lang='lat' dir='ltr'><strong>in</strong></span> <span class='ocrx_word' id='word_1_405' title='bbox 3265 3129 3469 3184; x_wconf 88' lang='lat' dir='ltr'><strong>honore</strong></span> <span class='ocrx_word' id='word_1_406' title='bbox 3485 3121 3783 3183; x_wconf 85' lang='lat' dir='ltr'><strong>beatorum</strong></span> 
     </span>
    </p>
   </div>
   <div class='ocr_carea' id='block_1_60' title="bbox 497 3219 3780 3335">
    <p class='ocr_par' dir='ltr' id='par_1_60' title="bbox 497 3219 3780 3335">
     <span class='ocr_line' id='line_1_60' title="bbox 497 3219 3780 3335; baseline 0.002 -55"><span class='ocrx_word' id='word_1_407' title='bbox 497 3226 552 3280; x_wconf 90' lang='lat' dir='ltr'><strong>in</strong></span> <span class='ocrx_word' id='word_1_408' title='bbox 585 3225 789 3281; x_wconf 90' lang='lat' dir='ltr'><strong>honore</strong></span> <span class='ocrx_word' id='word_1_409' title='bbox 829 3226 1068 3285; x_wconf 83' lang='lat' dir='ltr'><strong>defuncti</strong></span> <span class='ocrx_word' id='word_1_410' title='bbox 1111 3229 1284 3302; x_wconf 85' lang='lat' dir='ltr'><strong>patris</strong></span> <span class='ocrx_word' id='word_1_411' title='bbox 1324 3231 1576 3287; x_wconf 90' lang='lat' dir='ltr'><strong>instituit.</strong></span> <span class='ocrx_word' id='word_1_412' title='bbox 1607 3228 1917 3297; x_wconf 84' lang='lat' dir='ltr'><strong>Leodidico,</strong></span> <span class='ocrx_word' id='word_1_413' title='bbox 1946 3246 2090 3288; x_wconf 91' lang='lat' dir='ltr'><strong>anno</strong></span> <span class='ocrx_word' id='word_1_414' title='bbox 2118 3271 2165 3335; x_wconf 67' lang='grc' dir='ltr'>Ο</span> <span class='ocrx_word' id='word_1_415' title='bbox 2195 3233 2498 3296; x_wconf 84' lang='lat' dir='ltr'><strong>martyrum</strong></span> <span class='ocrx_word' id='word_1_416' title='bbox 2535 3221 2917 3289; x_wconf 82' lang='lat' dir='ltr'><strong>Thebaeorum,</strong></span> <span class='ocrx_word' id='word_1_417' title='bbox 2946 3222 3181 3279; x_wconf 85' lang='lat' dir='ltr'><strong>Mauritii</strong></span> <span class='ocrx_word' id='word_1_418' title='bbox 3229 3231 3286 3278; x_wconf 90' lang='lat' dir='ltr'><strong>et</strong></span> <span class='ocrx_word' id='word_1_419' title='bbox 3331 3222 3602 3279; x_wconf 89' lang='lat' dir='ltr'><strong>sociorum</strong></span> <span class='ocrx_word' id='word_1_420' title='bbox 3639 3219 3780 3291; x_wconf 53' lang='lat' dir='ltr'><strong>eius&quot;</strong></span> 
     </span>
     <span class='ocr_line' id='line_1_61' title="bbox 498 3309 3780 3335; baseline 0 0"><span class='ocrx_word' id='word_1_421' title='bbox 498 3319 518 3335; x_wconf 78' lang='grc'><strong>1</strong></span> <span class='ocrx_word' id='word_1_422' title='bbox 575 3334 578 3335; x_wconf 65' lang='lat'>,</span> <span class='ocrx_word' id='word_1_423' title='bbox 736 3321 771 3335; x_wconf 76' lang='grc' dir='ltr'><strong>,ο</strong></span> <span class='ocrx_word' id='word_1_424' title='bbox 850 3322 862 3335; x_wconf 78' lang='grc' dir='ltr'>ι</span> <span class='ocrx_word' id='word_1_425' title='bbox 926 3323 964 3335; x_wconf 62' lang='grc' dir='ltr'><strong>-ι</strong></span> <span class='ocrx_word' id='word_1_426' title='bbox 1065 3323 1078 3335; x_wconf 74' lang='grc' dir='ltr'>α</span> <span class='ocrx_word' id='word_1_427' title='bbox 1123 3325 1137 3335; x_wconf 86' lang='grc'><strong>.</strong></span> <span class='ocrx_word' id='word_1_428' title='bbox 1275 3326 1304 3335; x_wconf 35' lang='grc' dir='ltr'><strong>ν.</strong></span> <span class='ocrx_word' id='word_1_429' title='bbox 1538 3327 1550 3335; x_wconf 90' lang='grc'><strong>.</strong></span> <span class='ocrx_word' id='word_1_430' title='bbox 1689 3327 1700 3335; x_wconf 91' lang='grc'><em>.</em></span> <span class='ocrx_word' id='word_1_431' title='bbox 1769 3326 1782 3335; x_wconf 89' lang='grc'><strong>.</strong></span> <span class='ocrx_word' id='word_1_432' title='bbox 2045 3334 2048 3335; x_wconf 65' lang='lat'>,</span> <span class='ocrx_word' id='word_1_433' title='bbox 2202 3314 2354 3335; x_wconf 45' lang='grc' dir='ltr'><strong>..-μη</strong></span> <span class='ocrx_word' id='word_1_434' title='bbox 2383 3313 2568 3335; x_wconf 74' lang='grc'><strong>.---1-...</strong></span> <span class='ocrx_word' id='word_1_435' title='bbox 2619 3314 2874 3335; x_wconf 65' lang='grc' dir='ltr'><strong>-..-..-.ξ---</strong></span> <span class='ocrx_word' id='word_1_436' title='bbox 2909 3311 3028 3335; x_wconf 67' lang='grc' dir='ltr'><strong>Ι-ξ-ι</strong></span> <span class='ocrx_word' id='word_1_437' title='bbox 3079 3313 3377 3335; x_wconf 70' lang='lat'><strong>-.-..-....-..2.</strong></span> <span class='ocrx_word' id='word_1_438' title='bbox 3411 3330 3424 3335; x_wconf 83' lang='lat'><strong>-</strong></span> <span class='ocrx_word' id='word_1_439' title='bbox 3465 3309 3648 3335; x_wconf 64' lang='grc' dir='ltr'><strong>ξὶιεη..-</strong></span> <span class='ocrx_word' id='word_1_440' title='bbox 3676 3327 3780 3335; x_wconf 59' lang='grc' dir='ltr'><strong>..-η</strong></span> 
     </span>
    </p>
   </div>
   <div class='ocr_carea' id='block_1_61' title="bbox 498 3309 3784 3398">
    <p class='ocr_par' dir='ltr' id='par_1_61' title="bbox 498 3309 3784 3398">
     <span class='ocr_line' id='line_1_62' title="bbox 498 3309 3784 3398; baseline -0.003 -24"><span class='ocrx_word' id='word_1_441' title='bbox 498 3319 897 3378; x_wconf 88' lang='lat' dir='ltr'><strong>lncarnationis</strong></span> <span class='ocrx_word' id='word_1_442' title='bbox 926 3323 1137 3380; x_wconf 90' lang='lat' dir='ltr'><strong>Domini</strong></span> <span class='ocrx_word' id='word_1_443' title='bbox 1169 3326 1646 3398; x_wconf 87' lang='lat' dir='ltr'><strong>septingentesimo</strong></span> <span class='ocrx_word' id='word_1_444' title='bbox 1669 3326 1876 3382; x_wconf 90' lang='lat' dir='ltr'><strong>decimo</strong></span> <span class='ocrx_word' id='word_1_445' title='bbox 1897 3334 2093 3398; x_wconf 89' lang='lat' dir='ltr'><strong>quarto</strong></span> <span class='ocrx_word' id='word_1_446' title='bbox 2118 3309 2165 3335; x_wconf 62' lang='grc' dir='ltr'>υ</span> <span class='ocrx_word' id='word_1_447' title='bbox 2197 3313 2573 3370; x_wconf 68' lang='grc' dir='ltr'><strong>ἀοιηυειουιθηι</strong></span> <span class='ocrx_word' id='word_1_448' title='bbox 2612 3314 2876 3386; x_wconf 82' lang='lat' dir='ltr'><strong>crypatitn</strong></span> <span class='ocrx_word' id='word_1_449' title='bbox 2908 3311 3030 3386; x_wconf 77' lang='lat' dir='ltr'><strong>(sic)</strong></span> <span class='ocrx_word' id='word_1_450' title='bbox 3074 3313 3381 3369; x_wconf 78' lang='lat' dir='ltr'><strong>construxit</strong></span> <span class='ocrx_word' id='word_1_451' title='bbox 3411 3330 3425 3369; x_wconf 89' lang='lat'><strong>:</strong></span> <span class='ocrx_word' id='word_1_452' title='bbox 3465 3309 3650 3384; x_wconf 90' lang='lat' dir='ltr'><strong>ibique</strong></span> <span class='ocrx_word' id='word_1_453' title='bbox 3675 3327 3784 3366; x_wconf 90' lang='lat' dir='ltr'><strong>non</strong></span> 
     </span>
    </p>
   </div>
   <div class='ocr_carea' id='block_1_62' title="bbox 499 3413 2093 3490">
    <p class='ocr_par' dir='ltr' id='par_1_62' title="bbox 499 3413 2093 3490">
     <span class='ocr_line' id='line_1_63' title="bbox 499 3413 2093 3490; baseline 0.003 -23"><span class='ocrx_word' id='word_1_454' title='bbox 499 3413 555 3467; x_wconf 93' lang='lat' dir='ltr'><strong>in</strong></span> <span class='ocrx_word' id='word_1_455' title='bbox 593 3429 780 3471; x_wconf 89' lang='lat' dir='ltr'><strong>mense</strong></span> <span class='ocrx_word' id='word_1_456' title='bbox 805 3415 994 3486; x_wconf 88' lang='lat' dir='ltr'><strong>Aprili.</strong></span> <span class='ocrx_word' id='word_1_457' title='bbox 1024 3415 1135 3472; x_wconf 85' lang='lat' dir='ltr'><strong>Nec</strong></span> <span class='ocrx_word' id='word_1_458' title='bbox 1159 3417 1330 3474; x_wconf 89' lang='lat' dir='ltr'><strong>multo</strong></span> <span class='ocrx_word' id='word_1_459' title='bbox 1362 3426 1484 3488; x_wconf 87' lang='lat' dir='ltr'><strong>post</strong></span> <span class='ocrx_word' id='word_1_460' title='bbox 1512 3417 1774 3490; x_wconf 89' lang='lat' dir='ltr'><strong>Pippinus</strong></span> <span class='ocrx_word' id='word_1_461' title='bbox 1797 3425 1951 3487; x_wconf 91' lang='lat' dir='ltr'><strong>pater</strong></span> <span class='ocrx_word' id='word_1_462' title='bbox 1977 3415 2093 3486; x_wconf 89' lang='lat' dir='ltr'><strong>ejus</strong></span> 
     </span>
    </p>
   </div>
   <div class='ocr_carea' id='block_1_63' title="bbox 502 3507 2093 3576">
    <p class='ocr_par' dir='ltr' id='par_1_63' title="bbox 502 3507 2093 3576">
     <span class='ocr_line' id='line_1_64' title="bbox 502 3507 2093 3576; baseline 0.002 -15"><span class='ocrx_word' id='word_1_463' title='bbox 502 3514 748 3563; x_wconf 88' lang='lat' dir='ltr'><strong>mortuus</strong></span> <span class='ocrx_word' id='word_1_464' title='bbox 795 3516 914 3576; x_wconf 88' lang='lat' dir='ltr'><strong>est,</strong></span> <span class='ocrx_word' id='word_1_465' title='bbox 957 3507 1146 3565; x_wconf 89' lang='lat' dir='ltr'><strong>eodem</strong></span> <span class='ocrx_word' id='word_1_466' title='bbox 1189 3525 1361 3574; x_wconf 89' lang='lat' dir='ltr'><strong>anno.</strong></span> <span class='ocrx_word' id='word_1_467' title='bbox 1398 3510 1576 3566; x_wconf 92' lang='lat' dir='ltr'><strong>medio</strong></span> <span class='ocrx_word' id='word_1_468' title='bbox 1607 3509 1901 3566; x_wconf 87' lang='lat' dir='ltr'><strong>decembri.</strong></span> <span class='ocrx_word' id='word_1_469' title='bbox 1942 3507 2093 3564; x_wconf 90' lang='lat' dir='ltr'><strong>Obti-</strong></span> 
     </span>
    </p>
   </div>
   <div class='ocr_carea' id='block_1_64' title="bbox 499 3589 2094 3674">
    <p class='ocr_par' dir='ltr' id='par_1_64' title="bbox 499 3589 2094 3674">
     <span class='ocr_line' id='line_1_65' title="bbox 499 3589 2094 3674; baseline 0.002 -20"><span class='ocrx_word' id='word_1_470' title='bbox 499 3589 829 3656; x_wconf 81' lang='lat' dir='ltr'><strong>nuit&#39;autem</strong></span> <span class='ocrx_word' id='word_1_471' title='bbox 858 3599 1219 3674; x_wconf 86' lang='lat' dir='ltr'><strong>principatum</strong></span> <span class='ocrx_word' id='word_1_472' title='bbox 1248 3603 1348 3658; x_wconf 91' lang='lat' dir='ltr'><strong>sub</strong></span> <span class='ocrx_word' id='word_1_473' title='bbox 1374 3602 1666 3658; x_wconf 90' lang='lat' dir='ltr'><strong>nominatis</strong></span> <span class='ocrx_word' id='word_1_474' title='bbox 1691 3603 1908 3674; x_wconf 88' lang='lat' dir='ltr'><strong>regibus</strong></span> <span class='ocrx_word' id='word_1_475' title='bbox 1936 3601 2094 3657; x_wconf 88' lang='lat' dir='ltr'><strong>annis</strong></span> 
     </span>
    </p>
   </div>
   <div class='ocr_carea' id='block_1_65' title="bbox 500 3690 2092 3767">
    <p class='ocr_par' dir='ltr' id='par_1_65' title="bbox 500 3690 2092 3767">
     <span class='ocr_line' id='line_1_66' title="bbox 500 3690 2092 3767; baseline 0.002 -22"><span class='ocrx_word' id='word_1_476' title='bbox 500 3690 695 3762; x_wconf 88' lang='lat' dir='ltr'><strong>viginti</strong></span> <span class='ocrx_word' id='word_1_477' title='bbox 732 3701 961 3763; x_wconf 87' lang='lat' dir='ltr'><strong>septem.</strong></span> <span class='ocrx_word' id='word_1_478' title='bbox 994 3692 1296 3751; x_wconf 83' lang='lat' dir='ltr'><strong>Hecbertus</strong></span> <span class='ocrx_word' id='word_1_479' title='bbox 1329 3695 1415 3751; x_wconf 90' lang='lat' dir='ltr'><strong>vir</strong></span> <span class='ocrx_word' id='word_1_480' title='bbox 1445 3704 1663 3751; x_wconf 89' lang='lat' dir='ltr'><strong>sanctus</strong></span> <span class='ocrx_word' id='word_1_481' title='bbox 1689 3695 1756 3749; x_wconf 89' lang='lat' dir='ltr'><strong>de</strong></span> <span class='ocrx_word' id='word_1_482' title='bbox 1794 3702 1951 3767; x_wconf 89' lang='lat' dir='ltr'><strong>gente</strong></span> <span class='ocrx_word' id='word_1_483' title='bbox 1978 3694 2092 3748; x_wconf 87' lang='lat' dir='ltr'><strong>An-</strong></span> 
     </span>
    </p>
   </div>
   <div class='ocr_carea' id='block_1_66' title="bbox 505 3783 2096 3860">
    <p class='ocr_par' dir='ltr' id='par_1_66' title="bbox 505 3783 2096 3860">
     <span class='ocr_line' id='line_1_67' title="bbox 505 3783 2096 3860; baseline 0.003 -22"><span class='ocrx_word' id='word_1_484' title='bbox 505 3783 735 3856; x_wconf 86' lang='lat' dir='ltr'><strong>glorum,</strong></span> <span class='ocrx_word' id='word_1_485' title='bbox 778 3802 878 3858; x_wconf 92' lang='lat' dir='ltr'><strong>pro</strong></span> <span class='ocrx_word' id='word_1_486' title='bbox 920 3785 1127 3844; x_wconf 66' lang='lat' dir='ltr'><strong>caelesti</strong></span> <span class='ocrx_word' id='word_1_487' title='bbox 1174 3788 1350 3859; x_wconf 87' lang='lat' dir='ltr'><strong>patria</strong></span> <span class='ocrx_word' id='word_1_488' title='bbox 1390 3789 1705 3860; x_wconf 87' lang='lat' dir='ltr'><strong>peregrinus</strong></span> <span class='ocrx_word' id='word_1_489' title='bbox 1731 3787 2096 3844; x_wconf 85' lang='lat' dir='ltr'><strong>sacerdotium</strong></span> 
     </span>
    </p>
   </div>
   <div class='ocr_carea' id='block_1_67' title="bbox 501 3875 2096 3950">
    <p class='ocr_par' dir='ltr' id='par_1_67' title="bbox 501 3875 2096 3950">
     <span class='ocr_line' id='line_1_68' title="bbox 501 3875 2096 3950; baseline 0.001 -17"><span class='ocrx_word' id='word_1_490' title='bbox 501 3875 704 3934; x_wconf 89' lang='lat' dir='ltr'><strong>Christi</strong></span> <span class='ocrx_word' id='word_1_491' title='bbox 751 3891 1055 3946; x_wconf 82' lang='lat' dir='ltr'><strong>exornans,</strong></span> <span class='ocrx_word' id='word_1_492' title='bbox 1103 3879 1366 3950; x_wconf 90' lang='lat' dir='ltr'><strong>plurimas</strong></span> <span class='ocrx_word' id='word_1_493' title='bbox 1415 3879 1645 3935; x_wconf 83' lang='lat' dir='ltr'><strong>Scoticae</strong></span> <span class='ocrx_word' id='word_1_494' title='bbox 1677 3879 1851 3950; x_wconf 89' lang='lat' dir='ltr'><strong>gentis</strong></span> <span class='ocrx_word' id='word_1_495' title='bbox 1881 3878 2096 3948; x_wconf 86' lang='lat' dir='ltr'><strong>provin-</strong></span> 
     </span>
    </p>
   </div>
   <div class='ocr_carea' id='block_1_68' title="bbox 501 3970 2092 4044">
    <p class='ocr_par' dir='ltr' id='par_1_68' title="bbox 501 3970 2092 4044">
     <span class='ocr_line' id='line_1_69' title="bbox 501 3970 2092 4044; baseline -0.001 -16"><span class='ocrx_word' id='word_1_496' title='bbox 501 3971 615 4028; x_wconf 86' lang='lat' dir='ltr'><strong>cias</strong></span> <span class='ocrx_word' id='word_1_497' title='bbox 641 3972 709 4026; x_wconf 90' lang='lat' dir='ltr'><strong>ad</strong></span> <span class='ocrx_word' id='word_1_498' title='bbox 731 3972 1050 4028; x_wconf 87' lang='lat' dir='ltr'><strong>canonicam</strong></span> <span class='ocrx_word' id='word_1_499' title='bbox 1081 3971 1354 4044; x_wconf 87' lang='lat' dir='ltr'><strong>paschalis</strong></span> <span class='ocrx_word' id='word_1_500' title='bbox 1385 3971 1643 4042; x_wconf 88' lang='lat' dir='ltr'><strong>temporis</strong></span> <span class='ocrx_word' id='word_1_501' title='bbox 1671 3970 2092 4036; x_wconf 89' lang='lat' dir='ltr'><strong>observantiam,</strong></span> 
     </span>
    </p>
   </div>
   <div class='ocr_carea' id='block_1_69' title="bbox 502 4061 2098 4134">
    <p class='ocr_par' dir='ltr' id='par_1_69' title="bbox 502 4061 2098 4134">
     <span class='ocr_line' id='line_1_70' title="bbox 502 4061 2098 4134; baseline -0.001 -16"><span class='ocrx_word' id='word_1_502' title='bbox 502 4077 532 4118; x_wconf 88' lang='lat' dir='ltr'><strong>a</strong></span> <span class='ocrx_word' id='word_1_503' title='bbox 562 4076 670 4133; x_wconf 90' lang='lat' dir='ltr'><strong>qua</strong></span> <span class='ocrx_word' id='word_1_504' title='bbox 711 4062 917 4117; x_wconf 86' lang='lat' dir='ltr'><strong>diutius</strong></span> <span class='ocrx_word' id='word_1_505' title='bbox 960 4061 1385 4128; x_wconf 88' lang='lat' dir='ltr'><strong>aberraverant,</strong></span> <span class='ocrx_word' id='word_1_506' title='bbox 1427 4063 1512 4134; x_wconf 88' lang='lat' dir='ltr'><strong>pia</strong></span> <span class='ocrx_word' id='word_1_507' title='bbox 1554 4061 1940 4132; x_wconf 66' lang='lat' dir='ltr'><strong>praedicatione</strong></span> <span class='ocrx_word' id='word_1_508' title='bbox 1967 4077 2098 4119; x_wconf 87' lang='lat' dir='ltr'><strong>con-</strong></span> 
     </span>
    </p>
   </div>
   <div class='ocr_carea' id='block_1_70' title="bbox 499 4155 2097 4228">
    <p class='ocr_par' dir='ltr' id='par_1_70' title="bbox 499 4155 2097 4228">
     <span class='ocr_line' id='line_1_71' title="bbox 499 4155 2097 4228; baseline -0.001 -14"><span class='ocrx_word' id='word_1_509' title='bbox 499 4157 688 4225; x_wconf 85' lang='lat' dir='ltr'><strong>vertit,</strong></span> <span class='ocrx_word' id='word_1_510' title='bbox 713 4171 856 4212; x_wconf 86' lang='lat' dir='ltr'><strong>anno</strong></span> <span class='ocrx_word' id='word_1_511' title='bbox 879 4156 946 4212; x_wconf 90' lang='lat' dir='ltr'><strong>ab</strong></span> <span class='ocrx_word' id='word_1_512' title='bbox 973 4155 1350 4213; x_wconf 87' lang='lat' dir='ltr'><strong>incarnatione</strong></span> <span class='ocrx_word' id='word_1_513' title='bbox 1377 4156 1589 4212; x_wconf 92' lang='lat' dir='ltr'><strong>Domini</strong></span> <span class='ocrx_word' id='word_1_514' title='bbox 1618 4155 2097 4228; x_wconf 87' lang='lat' dir='ltr'><strong>septingentesimo</strong></span> 
     </span>
    </p>
   </div>
   <div class='ocr_carea' id='block_1_71' title="bbox 503 4249 959 4320">
    <p class='ocr_par' dir='ltr' id='par_1_71' title="bbox 503 4249 959 4320">
     <span class='ocr_line' id='line_1_72' title="bbox 503 4249 959 4320; baseline -0.002 -14"><span class='ocrx_word' id='word_1_515' title='bbox 503 4249 720 4320; x_wconf 87' lang='lat' dir='ltr'><strong>decimo</strong></span> <span class='ocrx_word' id='word_1_516' title='bbox 747 4249 959 4318; x_wconf 87' lang='lat' dir='ltr'><strong>quinto.</strong></span> 
     </span>
    </p>
   </div>
   <div class='ocr_carea' id='block_1_72' title="bbox 575 4339 2098 4415">
    <p class='ocr_par' dir='ltr' id='par_1_72' title="bbox 575 4339 2098 4415">
     <span class='ocr_line' id='line_1_73' title="bbox 575 4339 2098 4415; baseline 0 -17"><span class='ocrx_word' id='word_1_517' title='bbox 575 4341 726 4415; x_wconf 85' lang='lat'><strong>[717]</strong></span> <span class='ocrx_word' id='word_1_518' title='bbox 749 4341 1090 4398; x_wconf 89' lang='lat' dir='ltr'><strong>Theodosius</strong></span> <span class='ocrx_word' id='word_1_519' title='bbox 1111 4342 1428 4413; x_wconf 88' lang='lat' dir='ltr'><strong>imperator,</strong></span> <span class='ocrx_word' id='word_1_520' title='bbox 1453 4356 1596 4397; x_wconf 90' lang='lat' dir='ltr'><strong>anno</strong></span> <span class='ocrx_word' id='word_1_521' title='bbox 1617 4355 1744 4397; x_wconf 91' lang='lat' dir='ltr'><strong>uno.</strong></span> <span class='ocrx_word' id='word_1_522' title='bbox 1770 4339 1871 4396; x_wconf 83' lang='lat' dir='ltr'><strong>Hic</strong></span> <span class='ocrx_word' id='word_1_523' title='bbox 1892 4340 2098 4398; x_wconf 91' lang='lat' dir='ltr'><strong>electus</strong></span> 
     </span>
    </p>
   </div>
   <div class='ocr_carea' id='block_1_73' title="bbox 499 4433 2097 4506">
    <p class='ocr_par' dir='ltr' id='par_1_73' title="bbox 499 4433 2097 4506">
     <span class='ocr_line' id='line_1_74' title="bbox 499 4433 2097 4506; baseline -0.003 -14"><span class='ocrx_word' id='word_1_524' title='bbox 499 4437 554 4492; x_wconf 91' lang='lat' dir='ltr'><strong>in</strong></span> <span class='ocrx_word' id='word_1_525' title='bbox 587 4435 991 4506; x_wconf 90' lang='lat' dir='ltr'><strong>imperatorem,</strong></span> <span class='ocrx_word' id='word_1_526' title='bbox 1024 4435 1366 4491; x_wconf 88' lang='lat' dir='ltr'><strong>Anastasium</strong></span> <span class='ocrx_word' id='word_1_527' title='bbox 1397 4434 1535 4506; x_wconf 83' lang='lat' dir='ltr'><strong>apud</strong></span> <span class='ocrx_word' id='word_1_528' title='bbox 1564 4433 1797 4490; x_wconf 66' lang='lat' dir='ltr'><strong>Nicmam</strong></span> <span class='ocrx_word' id='word_1_529' title='bbox 1825 4433 2097 4489; x_wconf 86' lang='lat' dir='ltr'><strong>civitatem</strong></span> 
     </span>
    </p>
   </div>
   <div class='ocr_carea' id='block_1_74' title="bbox 501 4525 2094 4599">
    <p class='ocr_par' dir='ltr' id='par_1_74' title="bbox 501 4525 2094 4599">
     <span class='ocr_line' id='line_1_75' title="bbox 501 4525 2094 4599; baseline -0.001 -17"><span class='ocrx_word' id='word_1_530' title='bbox 501 4527 651 4599; x_wconf 85' lang='lat' dir='ltr'><strong>gravi</strong></span> <span class='ocrx_word' id='word_1_531' title='bbox 687 4527 873 4598; x_wconf 71' lang='lat' dir='ltr'><strong>prazlio</strong></span> <span class='ocrx_word' id='word_1_532' title='bbox 905 4527 1036 4583; x_wconf 89' lang='lat' dir='ltr'><strong>vicit</strong></span> <span class='ocrx_word' id='word_1_533' title='bbox 1077 4546 1089 4582; x_wconf 92' lang='lat'><strong>:</strong></span> <span class='ocrx_word' id='word_1_534' title='bbox 1125 4527 1360 4599; x_wconf 88' lang='lat' dir='ltr'><strong>datoque</strong></span> <span class='ocrx_word' id='word_1_535' title='bbox 1405 4525 1509 4582; x_wconf 90' lang='lat' dir='ltr'><strong>sibi</strong></span> <span class='ocrx_word' id='word_1_536' title='bbox 1554 4533 1931 4592; x_wconf 90' lang='lat' dir='ltr'><strong>sacramento,</strong></span> <span class='ocrx_word' id='word_1_537' title='bbox 1967 4539 2094 4596; x_wconf 90' lang='lat' dir='ltr'><strong>pre-</strong></span> 
     </span>
    </p>
   </div>
   <div class='ocr_carea' id='block_1_75' title="bbox 502 4619 2173 4703">
    <p class='ocr_par' dir='ltr' id='par_1_75' title="bbox 502 4619 2173 4703">
     <span class='ocr_line' id='line_1_76' title="bbox 502 4619 2173 4703; baseline -0.004 -23"><span class='ocrx_word' id='word_1_538' title='bbox 502 4623 778 4696; x_wconf 81' lang='lat' dir='ltr'><strong>sbyterum</strong></span> <span class='ocrx_word' id='word_1_539' title='bbox 804 4622 932 4679; x_wconf 92' lang='lat' dir='ltr'><strong>fecit</strong></span> <span class='ocrx_word' id='word_1_540' title='bbox 954 4622 1214 4678; x_wconf 89' lang='lat' dir='ltr'><strong>ordinari.</strong></span> <span class='ocrx_word' id='word_1_541' title='bbox 1237 4621 1358 4694; x_wconf 85' lang='lat' dir='ltr'><strong>Ipse</strong></span> <span class='ocrx_word' id='word_1_542' title='bbox 1381 4635 1512 4678; x_wconf 92' lang='lat' dir='ltr'><strong>vero</strong></span> <span class='ocrx_word' id='word_1_543' title='bbox 1531 4630 1590 4677; x_wconf 90' lang='lat' dir='ltr'><strong>ut</strong></span> <span class='ocrx_word' id='word_1_544' title='bbox 1613 4635 1836 4691; x_wconf 89' lang='lat' dir='ltr'><strong>regnum</strong></span> <span class='ocrx_word' id='word_1_545' title='bbox 1863 4619 2090 4691; x_wconf 89' lang='lat' dir='ltr'><strong>accepit,</strong></span> <span class='ocrx_word' id='word_1_546' title='bbox 2118 4641 2173 4703; x_wconf 80' lang='lat' dir='ltr'><strong><em>D</em></strong></span> 
     </span>
    </p>
   </div>
   <div class='ocr_carea' id='block_1_76' title="bbox 497 4711 2088 4785">
    <p class='ocr_par' dir='ltr' id='par_1_76' title="bbox 497 4711 2088 4785">
     <span class='ocr_line' id='line_1_77' title="bbox 497 4711 2088 4785; baseline -0.004 -12"><span class='ocrx_word' id='word_1_547' title='bbox 497 4731 622 4773; x_wconf 90' lang='lat' dir='ltr'><strong>cum</strong></span> <span class='ocrx_word' id='word_1_548' title='bbox 653 4724 799 4771; x_wconf 89' lang='lat' dir='ltr'><strong>esset</strong></span> <span class='ocrx_word' id='word_1_549' title='bbox 837 4713 1167 4781; x_wconf 89' lang='lat' dir='ltr'><strong>catholicus,</strong></span> <span class='ocrx_word' id='word_1_550' title='bbox 1202 4713 1491 4785; x_wconf 86' lang='lat' dir='ltr'><strong>imaginem</strong></span> <span class='ocrx_word' id='word_1_551' title='bbox 1521 4712 1667 4768; x_wconf 86' lang='lat' dir='ltr'><strong>illam</strong></span> <span class='ocrx_word' id='word_1_552' title='bbox 1697 4711 2088 4778; x_wconf 85' lang='lat' dir='ltr'><strong>venerandam,</strong></span> 
     </span>
    </p>
   </div>
   <div class='ocr_carea' id='block_1_77' title="bbox 500 4804 2093 4880">
    <p class='ocr_par' dir='ltr' id='par_1_77' title="bbox 500 4804 2093 4880">
     <span class='ocr_line' id='line_1_78' title="bbox 500 4804 2093 4880; baseline -0.004 -14"><span class='ocrx_word' id='word_1_553' title='bbox 500 4811 555 4866; x_wconf 91' lang='lat' dir='ltr'><strong>in</strong></span> <span class='ocrx_word' id='word_1_554' title='bbox 590 4823 697 4880; x_wconf 89' lang='lat' dir='ltr'><strong>qua</strong></span> <span class='ocrx_word' id='word_1_555' title='bbox 728 4815 927 4864; x_wconf 70' lang='lat' dir='ltr'><strong>sanctae</strong></span> <span class='ocrx_word' id='word_1_556' title='bbox 955 4822 1051 4864; x_wconf 92' lang='lat' dir='ltr'><strong>sex</strong></span> <span class='ocrx_word' id='word_1_557' title='bbox 1075 4806 1263 4880; x_wconf 82' lang='lat' dir='ltr'><strong>synodi</strong></span> <span class='ocrx_word' id='word_1_558' title='bbox 1290 4814 1445 4863; x_wconf 90' lang='lat' dir='ltr'><strong>erant</strong></span> <span class='ocrx_word' id='word_1_559' title='bbox 1472 4805 1729 4879; x_wconf 76' lang='lat' dir='ltr'><strong>depictte,</strong></span> <span class='ocrx_word' id='word_1_560' title='bbox 1759 4813 1813 4862; x_wconf 92' lang='lat' dir='ltr'><strong>et</strong></span> <span class='ocrx_word' id='word_1_561' title='bbox 1839 4821 1869 4862; x_wconf 90' lang='lat' dir='ltr'><strong>a</strong></span> <span class='ocrx_word' id='word_1_562' title='bbox 1893 4804 2093 4877; x_wconf 89' lang='lat' dir='ltr'><strong>Philip-</strong></span> 
     </span>
    </p>
   </div>
   <div class='ocr_carea' id='block_1_78' title="bbox 500 4897 2088 4973">
    <p class='ocr_par' dir='ltr' id='par_1_78' title="bbox 500 4897 2088 4973">
     <span class='ocr_line' id='line_1_79' title="bbox 500 4897 2088 4973; baseline -0.002 -16"><span class='ocrx_word' id='word_1_563' title='bbox 500 4901 624 4973; x_wconf 91' lang='lat' dir='ltr'><strong>pico</strong></span> <span class='ocrx_word' id='word_1_564' title='bbox 649 4900 828 4956; x_wconf 84' lang='lat' dir='ltr'><strong>fuerat</strong></span> <span class='ocrx_word' id='word_1_565' title='bbox 854 4897 1079 4968; x_wconf 78' lang='lat' dir='ltr'><strong>deiecta,</strong></span> <span class='ocrx_word' id='word_1_566' title='bbox 1101 4899 1327 4970; x_wconf 90' lang='lat' dir='ltr'><strong>pristino</strong></span> <span class='ocrx_word' id='word_1_567' title='bbox 1351 4897 1468 4954; x_wconf 92' lang='lat' dir='ltr'><strong>loco</strong></span> <span class='ocrx_word' id='word_1_568' title='bbox 1490 4898 1542 4954; x_wconf 92' lang='lat' dir='ltr'><strong>in</strong></span> <span class='ocrx_word' id='word_1_569' title='bbox 1571 4899 1706 4954; x_wconf 89' lang='lat' dir='ltr'><strong>urbe</strong></span> <span class='ocrx_word' id='word_1_570' title='bbox 1729 4899 1876 4972; x_wconf 88' lang='lat' dir='ltr'><strong>regia</strong></span> <span class='ocrx_word' id='word_1_571' title='bbox 1895 4898 2088 4955; x_wconf 88' lang='lat' dir='ltr'><strong>erexit.</strong></span> 
     </span>
    </p>
   </div>
   <div class='ocr_carea' id='block_1_79' title="bbox 503 4989 2089 5061">
    <p class='ocr_par' dir='ltr' id='par_1_79' title="bbox 503 4989 2089 5061">
     <span class='ocr_line' id='line_1_80' title="bbox 503 4989 2089 5061; baseline -0.003 -13"><span class='ocrx_word' id='word_1_572' title='bbox 503 4991 716 5048; x_wconf 88' lang='lat' dir='ltr'><strong>Tiberis</strong></span> <span class='ocrx_word' id='word_1_573' title='bbox 749 4989 945 5047; x_wconf 83' lang='lat' dir='ltr'><strong>fluvius</strong></span> <span class='ocrx_word' id='word_1_574' title='bbox 973 4989 1185 5046; x_wconf 89' lang='lat' dir='ltr'><strong>alveum</strong></span> <span class='ocrx_word' id='word_1_575' title='bbox 1225 5005 1382 5046; x_wconf 91' lang='lat' dir='ltr'><strong>suum</strong></span> <span class='ocrx_word' id='word_1_576' title='bbox 1425 5005 1676 5061; x_wconf 91' lang='lat' dir='ltr'><strong>egressus</strong></span> <span class='ocrx_word' id='word_1_577' title='bbox 1713 4989 1788 5046; x_wconf 87' lang='lat' dir='ltr'><strong>ita</strong></span> <span class='ocrx_word' id='word_1_578' title='bbox 1828 4989 2089 5056; x_wconf 88' lang='lat' dir='ltr'><strong>excrevit,</strong></span> 
     </span>
    </p>
   </div>
   <div class='ocr_carea' id='block_1_80' title="bbox 503 5080 2095 5153">
    <p class='ocr_par' dir='ltr' id='par_1_80' title="bbox 503 5080 2095 5153">
     <span class='ocr_line' id='line_1_81' title="bbox 503 5080 2095 5153; baseline -0.003 -14"><span class='ocrx_word' id='word_1_579' title='bbox 503 5096 564 5142; x_wconf 84' lang='lat' dir='ltr'><strong>ut</strong></span> <span class='ocrx_word' id='word_1_580' title='bbox 611 5083 678 5140; x_wconf 90' lang='lat' dir='ltr'><strong>ad</strong></span> <span class='ocrx_word' id='word_1_581' title='bbox 709 5098 870 5140; x_wconf 89' lang='lat' dir='ltr'><strong>unam</strong></span> <span class='ocrx_word' id='word_1_582' title='bbox 910 5091 968 5139; x_wconf 90' lang='lat' dir='ltr'><strong>et</strong></span> <span class='ocrx_word' id='word_1_583' title='bbox 1001 5083 1164 5139; x_wconf 90' lang='lat' dir='ltr'><strong>semis</strong></span> <span class='ocrx_word' id='word_1_584' title='bbox 1193 5090 1456 5138; x_wconf 88' lang='lat' dir='ltr'><strong>staturam</strong></span> <span class='ocrx_word' id='word_1_585' title='bbox 1487 5081 1540 5136; x_wconf 92' lang='lat' dir='ltr'><strong>in</strong></span> <span class='ocrx_word' id='word_1_586' title='bbox 1565 5081 1653 5136; x_wconf 90' lang='lat' dir='ltr'><strong>via</strong></span> <span class='ocrx_word' id='word_1_587' title='bbox 1694 5080 1908 5153; x_wconf 89' lang='lat' dir='ltr'><strong>publica</strong></span> <span class='ocrx_word' id='word_1_588' title='bbox 1939 5087 2095 5135; x_wconf 88' lang='lat' dir='ltr'><strong>extu-</strong></span> 
     </span>
    </p>
   </div>
   <div class='ocr_carea' id='block_1_81' title="bbox 504 5169 2099 5247">
    <p class='ocr_par' dir='ltr' id='par_1_81' title="bbox 504 5169 2099 5247">
     <span class='ocr_line' id='line_1_82' title="bbox 504 5169 2099 5247; baseline -0.004 -14"><span class='ocrx_word' id='word_1_589' title='bbox 504 5185 808 5243; x_wconf 90' lang='lat' dir='ltr'><strong>mesceret,</strong></span> <span class='ocrx_word' id='word_1_590' title='bbox 837 5173 1114 5247; x_wconf 88' lang='lat' dir='ltr'><strong>multaque</strong></span> <span class='ocrx_word' id='word_1_591' title='bbox 1147 5173 1356 5231; x_wconf 87' lang='lat' dir='ltr'><strong>excidia</strong></span> <span class='ocrx_word' id='word_1_592' title='bbox 1387 5171 1645 5230; x_wconf 61' lang='lat' dir='ltr'><strong>Romanae</strong></span> <span class='ocrx_word' id='word_1_593' title='bbox 1682 5171 1920 5228; x_wconf 86' lang='lat' dir='ltr'><strong>civitatis</strong></span> <span class='ocrx_word' id='word_1_594' title='bbox 1951 5169 2099 5226; x_wconf 91' lang='lat' dir='ltr'><strong>face-</strong></span> 
     </span>
    </p>
   </div>
   <div class='ocr_carea' id='block_1_82' title="bbox 504 5261 2134 5358">
    <p class='ocr_par' dir='ltr' id='par_1_82' title="bbox 504 5261 2134 5358">
     <span class='ocr_line' id='line_1_83' title="bbox 504 5261 2134 5358; baseline -0.007 -30"><span class='ocrx_word' id='word_1_595' title='bbox 504 5280 610 5328; x_wconf 88' lang='lat' dir='ltr'><strong>ret.</strong></span> <span class='ocrx_word' id='word_1_596' title='bbox 638 5269 679 5326; x_wconf 77' lang='grc' dir='ltr'>Α</span> <span class='ocrx_word' id='word_1_597' title='bbox 707 5278 862 5341; x_wconf 88' lang='lat' dir='ltr'><strong>porta</strong></span> <span class='ocrx_word' id='word_1_598' title='bbox 892 5268 1125 5340; x_wconf 90' lang='lat' dir='ltr'><strong>denique</strong></span> <span class='ocrx_word' id='word_1_599' title='bbox 1162 5265 1221 5324; x_wconf 91' lang='lat' dir='ltr'><strong>S.</strong></span> <span class='ocrx_word' id='word_1_600' title='bbox 1247 5265 1397 5324; x_wconf 90' lang='lat' dir='ltr'><strong>Petri</strong></span> <span class='ocrx_word' id='word_1_601' title='bbox 1433 5279 1604 5358; x_wconf 84' lang='lat' dir='ltr'><strong>usque</strong></span> <span class='ocrx_word' id='word_1_602' title='bbox 1634 5264 1713 5358; x_wconf 77' lang='lat' dir='ltr'><strong>ad</strong></span> <span class='ocrx_word' id='word_1_603' title='bbox 1733 5273 1953 5358; x_wconf 74' lang='lat' dir='ltr'><strong>pontem</strong></span> <span class='ocrx_word' id='word_1_604' title='bbox 1982 5261 2101 5358; x_wconf 82' lang='lat' dir='ltr'><strong>Mil-</strong></span> <span class='ocrx_word' id='word_1_605' title='bbox 2129 5352 2134 5358; x_wconf 21' lang='grc' dir='ltr'>ί</span> 
     </span>
    </p>
   </div>
   <div class='ocr_carea' id='block_1_83' title="bbox 505 5354 2103 5431">
    <p class='ocr_par' dir='ltr' id='par_1_83' title="bbox 505 5354 2103 5431">
     <span class='ocr_line' id='line_1_84' title="bbox 505 5354 2103 5431; baseline -0.004 -13"><span class='ocrx_word' id='word_1_606' title='bbox 505 5379 635 5419; x_wconf 90' lang='lat' dir='ltr'><strong>vum</strong></span> <span class='ocrx_word' id='word_1_607' title='bbox 685 5376 840 5431; x_wconf 78' lang='lat' dir='ltr'><strong>aqua:</strong></span> <span class='ocrx_word' id='word_1_608' title='bbox 889 5360 1276 5418; x_wconf 87' lang='lat' dir='ltr'><strong>descendentes</strong></span> <span class='ocrx_word' id='word_1_609' title='bbox 1327 5372 1386 5415; x_wconf 88' lang='lat' dir='ltr'><strong>se</strong></span> <span class='ocrx_word' id='word_1_610' title='bbox 1431 5355 1850 5430; x_wconf 87' lang='lat' dir='ltr'><strong>conjungebant.</strong></span> <span class='ocrx_word' id='word_1_611' title='bbox 1903 5354 2103 5412; x_wconf 84' lang='lat' dir='ltr'><strong>Mansit</strong></span> 
     </span>
    </p>
   </div>
   <div class='ocr_carea' id='block_1_84' title="bbox 507 5445 2102 5524">
    <p class='ocr_par' dir='ltr' id='par_1_84' title="bbox 507 5445 2102 5524">
     <span class='ocr_line' id='line_1_85' title="bbox 507 5445 2102 5524; baseline -0.004 -14"><span class='ocrx_word' id='word_1_612' title='bbox 507 5461 687 5511; x_wconf 85' lang='lat' dir='ltr'><strong>autem</strong></span> <span class='ocrx_word' id='word_1_613' title='bbox 732 5453 922 5510; x_wconf 91' lang='lat' dir='ltr'><strong>diebus</strong></span> <span class='ocrx_word' id='word_1_614' title='bbox 967 5459 1210 5524; x_wconf 90' lang='lat' dir='ltr'><strong>septem..</strong></span> <span class='ocrx_word' id='word_1_615' title='bbox 1241 5449 1378 5507; x_wconf 92' lang='lat' dir='ltr'><strong>Cum</strong></span> <span class='ocrx_word' id='word_1_616' title='bbox 1427 5448 1575 5505; x_wconf 88' lang='lat' dir='ltr'><strong>cives</strong></span> <span class='ocrx_word' id='word_1_617' title='bbox 1622 5447 1850 5503; x_wconf 86' lang='lat' dir='ltr'><strong>crebras</strong></span> <span class='ocrx_word' id='word_1_618' title='bbox 1886 5445 2102 5503; x_wconf 88' lang='lat' dir='ltr'><strong>litanias</strong></span> 
     </span>
    </p>
   </div>
   <div class='ocr_carea' id='block_1_85' title="bbox 507 5535 2099 5619">
    <p class='ocr_par' dir='ltr' id='par_1_85' title="bbox 507 5535 2099 5619">
     <span class='ocr_line' id='line_1_86' title="bbox 507 5535 2099 5619; baseline -0.004 -18"><span class='ocrx_word' id='word_1_619' title='bbox 507 5554 753 5619; x_wconf 90' lang='lat' dir='ltr'><strong>agerent,</strong></span> <span class='ocrx_word' id='word_1_620' title='bbox 781 5545 1075 5603; x_wconf 88' lang='lat' dir='ltr'><strong>revertitur</strong></span> <span class='ocrx_word' id='word_1_621' title='bbox 1095 5551 1287 5600; x_wconf 87' lang='lat' dir='ltr'><strong>octava</strong></span> <span class='ocrx_word' id='word_1_622' title='bbox 1312 5543 1418 5600; x_wconf 90' lang='lat' dir='ltr'><strong>die.</strong></span> <span class='ocrx_word' id='word_1_623' title='bbox 1451 5541 1651 5598; x_wconf 79' lang='lat' dir='ltr'><strong>Amore</strong></span> <span class='ocrx_word' id='word_1_624' title='bbox 1673 5539 1857 5596; x_wconf 90' lang='lat' dir='ltr'><strong>divino</strong></span> <span class='ocrx_word' id='word_1_625' title='bbox 1885 5535 2099 5594; x_wconf 83' lang='lat' dir='ltr'><strong>inflam-</strong></span> 
     </span>
    </p>
   </div>
   <div class='ocr_carea' id='block_1_86' title="bbox 508 5630 2098 5712">
    <p class='ocr_par' dir='ltr' id='par_1_86' title="bbox 508 5630 2098 5712">
     <span class='ocr_line' id='line_1_87' title="bbox 508 5630 2098 5712; baseline -0.005 -16"><span class='ocrx_word' id='word_1_626' title='bbox 508 5639 642 5696; x_wconf 87' lang='lat' dir='ltr'><strong>mati</strong></span> <span class='ocrx_word' id='word_1_627' title='bbox 688 5637 844 5695; x_wconf 90' lang='lat' dir='ltr'><strong>multi</strong></span> <span class='ocrx_word' id='word_1_628' title='bbox 890 5637 1188 5712; x_wconf 83' lang='lat' dir='ltr'><strong>Anglorum</strong></span> <span class='ocrx_word' id='word_1_629' title='bbox 1226 5636 1404 5708; x_wconf 87' lang='lat' dir='ltr'><strong>gentis</strong></span> <span class='ocrx_word' id='word_1_630' title='bbox 1441 5633 1509 5690; x_wconf 91' lang='lat' dir='ltr'><strong>de</strong></span> <span class='ocrx_word' id='word_1_631' title='bbox 1546 5633 1828 5689; x_wconf 89' lang='lat' dir='ltr'><strong>Britannia</strong></span> <span class='ocrx_word' id='word_1_632' title='bbox 1870 5630 2098 5688; x_wconf 85' lang='lat' dir='ltr'><strong>Romam</strong></span> 
     </span>
    </p>
   </div>
   <div class='ocr_carea' id='block_1_87' title="bbox 510 5724 2101 5803">
    <p class='ocr_par' dir='ltr' id='par_1_87' title="bbox 510 5724 2101 5803">
     <span class='ocr_line' id='line_1_88' title="bbox 510 5724 2101 5803; baseline -0.003 -16"><span class='ocrx_word' id='word_1_633' title='bbox 510 5731 696 5789; x_wconf 84' lang='lat' dir='ltr'><strong>venire</strong></span> <span class='ocrx_word' id='word_1_634' title='bbox 722 5730 810 5788; x_wconf 90' lang='lat' dir='ltr'><strong>his</strong></span> <span class='ocrx_word' id='word_1_635' title='bbox 833 5730 1166 5803; x_wconf 88' lang='lat' dir='ltr'><strong>temporibus</strong></span> <span class='ocrx_word' id='word_1_636' title='bbox 1189 5727 1427 5784; x_wconf 86' lang='lat' dir='ltr'><strong>maxime</strong></span> <span class='ocrx_word' id='word_1_637' title='bbox 1455 5725 1798 5794; x_wconf 90' lang='lat' dir='ltr'><strong>studuerunt,</strong></span> <span class='ocrx_word' id='word_1_638' title='bbox 1824 5724 2005 5796; x_wconf 88' lang='lat' dir='ltr'><strong>ibique</strong></span> <span class='ocrx_word' id='word_1_639' title='bbox 2031 5725 2101 5782; x_wconf 93' lang='lat' dir='ltr'><strong>ob</strong></span> 
     </span>
    </p>
   </div>
   <div class='ocr_carea' id='block_1_88' title="bbox 512 5818 2100 5905">
    <p class='ocr_par' dir='ltr' id='par_1_88' title="bbox 512 5818 2100 5905">
     <span class='ocr_line' id='line_1_89' title="bbox 512 5818 2100 5905; baseline -0.006 -22"><span class='ocrx_word' id='word_1_640' title='bbox 512 5825 722 5905; x_wconf 71' lang='lat' dir='ltr'><strong>signum</strong></span> <span class='ocrx_word' id='word_1_641' title='bbox 777 5825 1053 5898; x_wconf 88' lang='lat' dir='ltr'><strong>religionis</strong></span> <span class='ocrx_word' id='word_1_642' title='bbox 1106 5832 1383 5879; x_wconf 89' lang='lat' dir='ltr'><strong>tonsuram</strong></span> <span class='ocrx_word' id='word_1_643' title='bbox 1436 5819 1743 5877; x_wconf 88' lang='lat' dir='ltr'><strong>clericalem</strong></span> <span class='ocrx_word' id='word_1_644' title='bbox 1801 5818 2100 5891; x_wconf 86' lang='lat' dir='ltr'><strong>suscipere.</strong></span> 
     </span>
    </p>
   </div>
   <div class='ocr_carea' id='block_1_89' title="bbox 515 5913 2102 5999">
    <p class='ocr_par' dir='ltr' id='par_1_89' title="bbox 515 5913 2102 5999">
     <span class='ocr_line' id='line_1_90' title="bbox 515 5913 2102 5999; baseline -0.003 -27"><span class='ocrx_word' id='word_1_645' title='bbox 515 5915 672 5999; x_wconf 70' lang='lat' dir='ltr'><strong>Tunc</strong></span> <span class='ocrx_word' id='word_1_646' title='bbox 699 5918 862 5975; x_wconf 84' lang='lat' dir='ltr'><strong>etiam</strong></span> <span class='ocrx_word' id='word_1_647' title='bbox 900 5917 1233 5989; x_wconf 83' lang='lat' dir='ltr'><strong>reverendus</strong></span> <span class='ocrx_word' id='word_1_648' title='bbox 1257 5915 1425 5982; x_wconf 76' lang='lat' dir='ltr'><strong>abbas</strong></span> <span class='ocrx_word' id='word_1_649' title='bbox 1451 5913 1760 5976; x_wconf 83' lang='lat' dir='ltr'><strong>Ceolfridus</strong></span> <span class='ocrx_word' id='word_1_650' title='bbox 1789 5927 1961 5971; x_wconf 79' lang='lat' dir='ltr'><strong>annos</strong></span> <span class='ocrx_word' id='word_1_651' title='bbox 2003 5928 2102 5976; x_wconf 82' lang='lat' dir='ltr'><strong>na-</strong></span> 
     </span>
    </p>
   </div>
   <div class='ocr_carea' id='block_1_90' title="bbox 2195 3403 3782 3478">
    <p class='ocr_par' dir='ltr' id='par_1_90' title="bbox 2195 3403 3782 3478">
     <span class='ocr_line' id='line_1_91' title="bbox 2195 3403 3782 3478; baseline -0.003 -16"><span class='ocrx_word' id='word_1_652' title='bbox 2195 3407 2522 3463; x_wconf 88' lang='lat' dir='ltr'><strong>mediocrem</strong></span> <span class='ocrx_word' id='word_1_653' title='bbox 2547 3418 2752 3478; x_wconf 86' lang='lat' dir='ltr'><strong>partem</strong></span> <span class='ocrx_word' id='word_1_654' title='bbox 2777 3405 3148 3477; x_wconf 90' lang='lat' dir='ltr'><strong>reliquiarum,</strong></span> <span class='ocrx_word' id='word_1_655' title='bbox 3177 3405 3293 3462; x_wconf 88' lang='lat' dir='ltr'><strong>sive</strong></span> <span class='ocrx_word' id='word_1_656' title='bbox 3315 3420 3384 3462; x_wconf 86' lang='lat' dir='ltr'><strong>ex</strong></span> <span class='ocrx_word' id='word_1_657' title='bbox 3419 3403 3504 3460; x_wconf 89' lang='lat' dir='ltr'><strong>his</strong></span> <span class='ocrx_word' id='word_1_658' title='bbox 3523 3403 3782 3474; x_wconf 84' lang='lat' dir='ltr'><strong>martyri-</strong></span> 
     </span>
    </p>
   </div>
   <div class='ocr_carea' id='block_1_91' title="bbox 2194 3497 3785 3569">
    <p class='ocr_par' dir='ltr' id='par_1_91' title="bbox 2194 3497 3785 3569">
     <span class='ocr_line' id='line_1_92' title="bbox 2194 3497 3785 3569; baseline -0.003 -16"><span class='ocrx_word' id='word_1_659' title='bbox 2194 3499 2320 3565; x_wconf 88' lang='lat' dir='ltr'><strong>bus,</strong></span> <span class='ocrx_word' id='word_1_660' title='bbox 2351 3499 2464 3554; x_wconf 88' lang='lat' dir='ltr'><strong>sive</strong></span> <span class='ocrx_word' id='word_1_661' title='bbox 2491 3513 2560 3554; x_wconf 87' lang='lat' dir='ltr'><strong>ex</strong></span> <span class='ocrx_word' id='word_1_662' title='bbox 2603 3497 2722 3554; x_wconf 89' lang='lat' dir='ltr'><strong>aliis</strong></span> <span class='ocrx_word' id='word_1_663' title='bbox 2749 3499 2952 3569; x_wconf 90' lang='lat' dir='ltr'><strong>posuit.</strong></span> <span class='ocrx_word' id='word_1_664' title='bbox 2992 3497 3170 3569; x_wconf 81' lang='lat' dir='ltr'><strong>Atque</strong></span> <span class='ocrx_word' id='word_1_665' title='bbox 3199 3512 3266 3553; x_wconf 87' lang='lat' dir='ltr'><strong>ex</strong></span> <span class='ocrx_word' id='word_1_666' title='bbox 3295 3511 3363 3554; x_wconf 93' lang='lat' dir='ltr'><strong>eo</strong></span> <span class='ocrx_word' id='word_1_667' title='bbox 3407 3507 3652 3568; x_wconf 90' lang='lat' dir='ltr'><strong>tempore</strong></span> <span class='ocrx_word' id='word_1_668' title='bbox 3694 3510 3785 3550; x_wconf 90' lang='lat' dir='ltr'><strong>res</strong></span> 
     </span>
    </p>
   </div>
   <div class='ocr_carea' id='block_1_92' title="bbox 2195 3589 3784 3660">
    <p class='ocr_par' dir='ltr' id='par_1_92' title="bbox 2195 3589 3784 3660">
     <span class='ocr_line' id='line_1_93' title="bbox 2195 3589 3784 3660; baseline -0.006 -9"><span class='ocrx_word' id='word_1_669' title='bbox 2195 3595 2438 3651; x_wconf 81' lang='lat' dir='ltr'><strong>ecclesiae</strong></span> <span class='ocrx_word' id='word_1_670' title='bbox 2469 3594 2687 3650; x_wconf 91' lang='lat' dir='ltr'><strong>nomine</strong></span> <span class='ocrx_word' id='word_1_671' title='bbox 2712 3593 2856 3650; x_wconf 88' lang='lat' dir='ltr'><strong>beati</strong></span> <span class='ocrx_word' id='word_1_672' title='bbox 2896 3592 3130 3650; x_wconf 82' lang='lat' dir='ltr'><strong>Mauritii</strong></span> <span class='ocrx_word' id='word_1_673' title='bbox 3160 3592 3526 3657; x_wconf 89' lang='lat' dir='ltr'><strong>attitnlantur,</strong></span> <span class='ocrx_word' id='word_1_674' title='bbox 3560 3589 3784 3660; x_wconf 85' lang='lat' dir='ltr'><strong>quando</strong></span> 
     </span>
    </p>
   </div>
   <div class='ocr_carea' id='block_1_93' title="bbox 2195 3686 3787 3758">
    <p class='ocr_par' dir='ltr' id='par_1_93' title="bbox 2195 3686 3787 3758">
     <span class='ocr_line' id='line_1_94' title="bbox 2195 3686 3787 3758; baseline -0.004 -14"><span class='ocrx_word' id='word_1_675' title='bbox 2195 3703 2263 3744; x_wconf 90' lang='lat' dir='ltr'><strong>ex</strong></span> <span class='ocrx_word' id='word_1_676' title='bbox 2289 3687 2516 3758; x_wconf 87' lang='lat' dir='ltr'><strong>antiquo</strong></span> <span class='ocrx_word' id='word_1_677' title='bbox 2543 3696 2598 3743; x_wconf 91' lang='lat' dir='ltr'><strong>et</strong></span> <span class='ocrx_word' id='word_1_678' title='bbox 2624 3686 2799 3758; x_wconf 89' lang='lat' dir='ltr'><strong>major</strong></span> <span class='ocrx_word' id='word_1_679' title='bbox 2844 3686 3037 3742; x_wconf 88' lang='lat' dir='ltr'><strong>domus</strong></span> <span class='ocrx_word' id='word_1_680' title='bbox 3077 3687 3130 3742; x_wconf 94' lang='lat' dir='ltr'><strong>in</strong></span> <span class='ocrx_word' id='word_1_681' title='bbox 3160 3687 3365 3741; x_wconf 89' lang='lat' dir='ltr'><strong>honore</strong></span> <span class='ocrx_word' id='word_1_682' title='bbox 3404 3693 3610 3757; x_wconf 85' lang='lat' dir='ltr'><strong>septem</strong></span> <span class='ocrx_word' id='word_1_683' title='bbox 3639 3699 3787 3739; x_wconf 87' lang='lat' dir='ltr'><strong>mar-</strong></span> 
     </span>
    </p>
   </div>
   <div class='ocr_carea' id='block_1_94' title="bbox 2196 3774 3782 3850">
    <p class='ocr_par' dir='ltr' id='par_1_94' title="bbox 2196 3774 3782 3850">
     <span class='ocr_line' id='line_1_95' title="bbox 2196 3774 3782 3850; baseline -0.001 -18"><span class='ocrx_word' id='word_1_684' title='bbox 2196 3788 2374 3850; x_wconf 87' lang='lat' dir='ltr'><strong>tyrum</strong></span> <span class='ocrx_word' id='word_1_685' title='bbox 2425 3777 2956 3845; x_wconf 87' lang='lat' dir='ltr'><strong>Machabeorum,et</strong></span> <span class='ocrx_word' id='word_1_686' title='bbox 2981 3777 3269 3834; x_wconf 88' lang='lat' dir='ltr'><strong>facultates</strong></span> <span class='ocrx_word' id='word_1_687' title='bbox 3315 3775 3554 3846; x_wconf 84' lang='lat' dir='ltr'><strong>ejusdem</strong></span> <span class='ocrx_word' id='word_1_688' title='bbox 3603 3774 3782 3831; x_wconf 88' lang='lat' dir='ltr'><strong>eccle-</strong></span> 
     </span>
    </p>
   </div>
   <div class='ocr_carea' id='block_1_95' title="bbox 2196 3866 3788 3933">
    <p class='ocr_par' dir='ltr' id='par_1_95' title="bbox 2196 3866 3788 3933">
     <span class='ocr_line' id='line_1_96' title="bbox 2196 3866 3788 3933; baseline -0.001 -9"><span class='ocrx_word' id='word_1_689' title='bbox 2196 3870 2291 3925; x_wconf 72' lang='lat' dir='ltr'><strong>sia:</strong></span> <span class='ocrx_word' id='word_1_690' title='bbox 2341 3869 2444 3925; x_wconf 90' lang='lat' dir='ltr'><strong>sub</strong></span> <span class='ocrx_word' id='word_1_691' title='bbox 2486 3870 2707 3925; x_wconf 91' lang='lat' dir='ltr'><strong>nomine</strong></span> <span class='ocrx_word' id='word_1_692' title='bbox 2751 3884 2942 3926; x_wconf 87' lang='lat' dir='ltr'><strong>eorum</strong></span> <span class='ocrx_word' id='word_1_693' title='bbox 2997 3885 3028 3925; x_wconf 89' lang='lat' dir='ltr'><strong>a</strong></span> <span class='ocrx_word' id='word_1_694' title='bbox 3086 3869 3334 3926; x_wconf 86' lang='lat' dir='ltr'><strong>fidelibus</strong></span> <span class='ocrx_word' id='word_1_695' title='bbox 3378 3866 3696 3933; x_wconf 86' lang='lat' dir='ltr'><strong>offerentur,</strong></span> <span class='ocrx_word' id='word_1_696' title='bbox 3731 3876 3788 3922; x_wconf 88' lang='lat' dir='ltr'><strong>et</strong></span> 
     </span>
    </p>
   </div>
   <div class='ocr_carea' id='block_1_96' title="bbox 2196 3959 3792 4034">
    <p class='ocr_par' dir='ltr' id='par_1_96' title="bbox 2196 3959 3792 4034">
     <span class='ocr_line' id='line_1_97' title="bbox 2196 3959 3792 4034; baseline -0.003 -16"><span class='ocrx_word' id='word_1_697' title='bbox 2196 3970 2526 4019; x_wconf 64' lang='lat' dir='ltr'><strong>consecrata}</strong></span> <span class='ocrx_word' id='word_1_698' title='bbox 2567 3970 2871 4018; x_wconf 87' lang='lat' dir='ltr'><strong>manerent.</strong></span> <span class='ocrx_word' id='word_1_699' title='bbox 2902 3961 3236 4034; x_wconf 84' lang='lat' dir='ltr'><strong>Dagoberlus</strong></span> <span class='ocrx_word' id='word_1_700' title='bbox 3284 3976 3404 4027; x_wconf 88' lang='lat' dir='ltr'><strong>rex,</strong></span> <span class='ocrx_word' id='word_1_701' title='bbox 3432 3959 3588 4016; x_wconf 89' lang='lat' dir='ltr'><strong>annis</strong></span> <span class='ocrx_word' id='word_1_702' title='bbox 3625 3959 3792 4030; x_wconf 88' lang='lat' dir='ltr'><strong>quin-</strong></span> 
     </span>
    </p>
   </div>
   <div class='ocr_carea' id='block_1_97' title="bbox 2196 4053 3790 4126">
    <p class='ocr_par' dir='ltr' id='par_1_97' title="bbox 2196 4053 3790 4126">
     <span class='ocr_line' id='line_1_98' title="bbox 2196 4053 3790 4126; baseline -0.001 -16"><span class='ocrx_word' id='word_1_703' title='bbox 2196 4069 2302 4126; x_wconf 92' lang='lat' dir='ltr'><strong>que</strong></span> <span class='ocrx_word' id='word_1_704' title='bbox 2333 4070 2588 4126; x_wconf 82' lang='lat' dir='ltr'><strong>regnans,</strong></span> <span class='ocrx_word' id='word_1_705' title='bbox 2618 4064 2866 4112; x_wconf 87' lang='lat' dir='ltr'><strong>mortuus</strong></span> <span class='ocrx_word' id='word_1_706' title='bbox 2899 4062 3002 4112; x_wconf 84' lang='lat' dir='ltr'><strong>est.</strong></span> <span class='ocrx_word' id='word_1_707' title='bbox 3032 4054 3089 4110; x_wconf 86' lang='lat' dir='ltr'><strong>In</strong></span> <span class='ocrx_word' id='word_1_708' title='bbox 3130 4053 3236 4110; x_wconf 92' lang='lat' dir='ltr'><strong>illis</strong></span> <span class='ocrx_word' id='word_1_709' title='bbox 3258 4054 3452 4110; x_wconf 89' lang='lat' dir='ltr'><strong>diebus</strong></span> <span class='ocrx_word' id='word_1_710' title='bbox 3471 4053 3630 4124; x_wconf 87' lang='lat' dir='ltr'><strong>paulo</strong></span> <span class='ocrx_word' id='word_1_711' title='bbox 3656 4061 3790 4109; x_wconf 88' lang='lat' dir='ltr'><strong>ante</strong></span> 
     </span>
    </p>
   </div>
   <div class='ocr_carea' id='block_1_98' title="bbox 2194 4144 3788 4212">
    <p class='ocr_par' dir='ltr' id='par_1_98' title="bbox 2194 4144 3788 4212">
     <span class='ocr_line' id='line_1_99' title="bbox 2194 4144 3788 4212; baseline -0.001 -10"><span class='ocrx_word' id='word_1_712' title='bbox 2194 4146 2392 4203; x_wconf 84' lang='lat' dir='ltr'><strong>Franci</strong></span> <span class='ocrx_word' id='word_1_713' title='bbox 2423 4157 2611 4204; x_wconf 89' lang='lat' dir='ltr'><strong>mutua</strong></span> <span class='ocrx_word' id='word_1_714' title='bbox 2661 4148 2806 4204; x_wconf 57' lang='lat' dir='ltr'><strong>caede</strong></span> <span class='ocrx_word' id='word_1_715' title='bbox 2856 4162 2915 4204; x_wconf 91' lang='lat' dir='ltr'><strong>se</strong></span> <span class='ocrx_word' id='word_1_716' title='bbox 2951 4155 3221 4212; x_wconf 86' lang='lat' dir='ltr'><strong>sternunt,</strong></span> <span class='ocrx_word' id='word_1_717' title='bbox 3273 4161 3338 4202; x_wconf 89' lang='lat' dir='ltr'><strong>ac</strong></span> <span class='ocrx_word' id='word_1_718' title='bbox 3373 4144 3788 4201; x_wconf 86' lang='lat' dir='ltr'><strong>Theodoaldum</strong></span> 
     </span>
    </p>
   </div>
   <div class='ocr_carea' id='block_1_99' title="bbox 2197 4237 3787 4310">
    <p class='ocr_par' dir='ltr' id='par_1_99' title="bbox 2197 4237 3787 4310">
     <span class='ocr_line' id='line_1_100' title="bbox 2197 4237 3787 4310; baseline -0.004 -14"><span class='ocrx_word' id='word_1_719' title='bbox 2197 4238 2458 4296; x_wconf 87' lang='lat' dir='ltr'><strong>Grimoldi</strong></span> <span class='ocrx_word' id='word_1_720' title='bbox 2507 4239 2641 4310; x_wconf 90' lang='lat' dir='ltr'><strong>justi</strong></span> <span class='ocrx_word' id='word_1_721' title='bbox 2706 4238 2874 4294; x_wconf 88' lang='lat' dir='ltr'><strong>filium</strong></span> <span class='ocrx_word' id='word_1_722' title='bbox 2921 4238 3097 4295; x_wconf 89' lang='lat' dir='ltr'><strong>valide</strong></span> <span class='ocrx_word' id='word_1_723' title='bbox 3156 4237 3530 4309; x_wconf 88' lang='lat' dir='ltr'><strong>persequendo</strong></span> <span class='ocrx_word' id='word_1_724' title='bbox 3573 4237 3787 4305; x_wconf 84' lang='lat' dir='ltr'><strong>fugant,</strong></span> 
     </span>
    </p>
   </div>
   <div class='ocr_carea' id='block_1_100' title="bbox 2196 4328 3786 4403">
    <p class='ocr_par' dir='ltr' id='par_1_100' title="bbox 2196 4328 3786 4403">
     <span class='ocr_line' id='line_1_101' title="bbox 2196 4328 3786 4403; baseline -0.003 -16"><span class='ocrx_word' id='word_1_725' title='bbox 2196 4331 2368 4388; x_wconf 90' lang='lat' dir='ltr'><strong>electo</strong></span> <span class='ocrx_word' id='word_1_726' title='bbox 2411 4331 2744 4403; x_wconf 79' lang='lat' dir='ltr'><strong>Raganfrido</strong></span> <span class='ocrx_word' id='word_1_727' title='bbox 2780 4331 2832 4385; x_wconf 92' lang='lat' dir='ltr'><strong>in</strong></span> <span class='ocrx_word' id='word_1_728' title='bbox 2882 4331 3246 4402; x_wconf 88' lang='lat' dir='ltr'><strong>principatum</strong></span> <span class='ocrx_word' id='word_1_729' title='bbox 3293 4328 3517 4400; x_wconf 90' lang='lat' dir='ltr'><strong>majoris</strong></span> <span class='ocrx_word' id='word_1_730' title='bbox 3565 4328 3786 4383; x_wconf 88' lang='lat' dir='ltr'><strong>domus.</strong></span> 
     </span>
    </p>
   </div>
   <div class='ocr_carea' id='block_1_101' title="bbox 2197 4417 3791 4494">
    <p class='ocr_par' dir='ltr' id='par_1_101' title="bbox 2197 4417 3791 4494">
     <span class='ocr_line' id='line_1_102' title="bbox 2197 4417 3791 4494; baseline -0.003 -16"><span class='ocrx_word' id='word_1_731' title='bbox 2197 4423 2392 4480; x_wconf 84' lang='lat' dir='ltr'><strong>Franci</strong></span> <span class='ocrx_word' id='word_1_732' title='bbox 2425 4422 2700 4479; x_wconf 87' lang='lat' dir='ltr'><strong>Danielem</strong></span> <span class='ocrx_word' id='word_1_733' title='bbox 2728 4423 3016 4494; x_wconf 88' lang='lat' dir='ltr'><strong>quemdam</strong></span> <span class='ocrx_word' id='word_1_734' title='bbox 3052 4421 3308 4477; x_wconf 87' lang='lat' dir='ltr'><strong>clericum</strong></span> <span class='ocrx_word' id='word_1_735' title='bbox 3358 4429 3483 4492; x_wconf 88' lang='lat' dir='ltr'><strong>post</strong></span> <span class='ocrx_word' id='word_1_736' title='bbox 3522 4417 3791 4489; x_wconf 83' lang='lat' dir='ltr'><strong>objectio-</strong></span> 
     </span>
    </p>
   </div>
   <div class='ocr_carea' id='block_1_102' title="bbox 2200 4505 3790 4587">
    <p class='ocr_par' dir='ltr' id='par_1_102' title="bbox 2200 4505 3790 4587">
     <span class='ocr_line' id='line_1_103' title="bbox 2200 4505 3790 4587; baseline -0.004 -16"><span class='ocrx_word' id='word_1_737' title='bbox 2200 4531 2322 4572; x_wconf 90' lang='lat' dir='ltr'><strong>nem</strong></span> <span class='ocrx_word' id='word_1_738' title='bbox 2341 4505 2598 4581; x_wconf 82' lang='lat' dir='ltr'><strong>tonsurae,</strong></span> <span class='ocrx_word' id='word_1_739' title='bbox 2626 4515 2679 4570; x_wconf 93' lang='lat' dir='ltr'><strong>in</strong></span> <span class='ocrx_word' id='word_1_740' title='bbox 2711 4529 2882 4587; x_wconf 87' lang='lat' dir='ltr'><strong>regno</strong></span> <span class='ocrx_word' id='word_1_741' title='bbox 2908 4512 3211 4579; x_wconf 86' lang='lat' dir='ltr'><strong>stabiliunt,</strong></span> <span class='ocrx_word' id='word_1_742' title='bbox 3235 4521 3397 4582; x_wconf 89' lang='lat' dir='ltr'><strong>atque</strong></span> <span class='ocrx_word' id='word_1_743' title='bbox 3417 4511 3790 4582; x_wconf 88' lang='lat' dir='ltr'><strong>Chilpericum</strong></span> 
     </span>
    </p>
   </div>
   <div class='ocr_carea' id='block_1_103' title="bbox 2199 4601 3790 4678">
    <p class='ocr_par' dir='ltr' id='par_1_103' title="bbox 2199 4601 3790 4678">
     <span class='ocr_line' id='line_1_104' title="bbox 2199 4601 3790 4678; baseline -0.004 -16"><span class='ocrx_word' id='word_1_744' title='bbox 2199 4615 2533 4678; x_wconf 87' lang='lat' dir='ltr'><strong>nuncupant.</strong></span> <span class='ocrx_word' id='word_1_745' title='bbox 2594 4605 2905 4662; x_wconf 88' lang='lat' dir='ltr'><strong>Exercitum</strong></span> <span class='ocrx_word' id='word_1_746' title='bbox 2969 4619 3140 4677; x_wconf 86' lang='lat' dir='ltr'><strong>usque</strong></span> <span class='ocrx_word' id='word_1_747' title='bbox 3189 4604 3258 4659; x_wconf 90' lang='lat' dir='ltr'><strong>ad</strong></span> <span class='ocrx_word' id='word_1_748' title='bbox 3306 4601 3524 4657; x_wconf 86' lang='lat' dir='ltr'><strong>fluvium</strong></span> <span class='ocrx_word' id='word_1_749' title='bbox 3579 4601 3790 4656; x_wconf 80' lang='lat' dir='ltr'><strong>Mosam</strong></span> 
     </span>
    </p>
   </div>
   <div class='ocr_carea' id='block_1_104' title="bbox 2199 4683 3792 4766">
    <p class='ocr_par' dir='ltr' id='par_1_104' title="bbox 2199 4683 3792 4766">
     <span class='ocr_line' id='line_1_105' title="bbox 2199 4683 3792 4766; baseline -0.003 -13"><span class='ocrx_word' id='word_1_750' title='bbox 2199 4707 2388 4754; x_wconf 87' lang='lat' dir='ltr'><strong>contra</strong></span> <span class='ocrx_word' id='word_1_751' title='bbox 2426 4695 2680 4753; x_wconf 91' lang='lat' dir='ltr'><strong>Carolttm</strong></span> <span class='ocrx_word' id='word_1_752' title='bbox 2721 4703 3085 4752; x_wconf 89' lang='lat' dir='ltr'><strong>commovent.</strong></span> <span class='ocrx_word' id='word_1_753' title='bbox 3132 4695 3211 4751; x_wconf 86' lang='lat' dir='ltr'><strong>Ex</strong></span> <span class='ocrx_word' id='word_1_754' title='bbox 3237 4693 3344 4750; x_wconf 89' lang='lat' dir='ltr'><strong>alia</strong></span> <span class='ocrx_word' id='word_1_755' title='bbox 3380 4683 3533 4766; x_wconf 83' lang='lat' dir='ltr'><strong>parte</strong></span> <span class='ocrx_word' id='word_1_756' title='bbox 3582 4691 3792 4748; x_wconf 79' lang='lat' dir='ltr'><strong>Ratbo-</strong></span> 
     </span>
    </p>
   </div>
   <div class='ocr_carea' id='block_1_105' title="bbox 2199 4784 3787 4858">
    <p class='ocr_par' dir='ltr' id='par_1_105' title="bbox 2199 4784 3787 4858">
     <span class='ocr_line' id='line_1_106' title="bbox 2199 4784 3787 4858; baseline -0.004 -11"><span class='ocrx_word' id='word_1_757' title='bbox 2199 4791 2303 4848; x_wconf 81' lang='lat' dir='ltr'><strong>dus</strong></span> <span class='ocrx_word' id='word_1_758' title='bbox 2325 4791 2434 4846; x_wconf 90' lang='lat' dir='ltr'><strong>dux</strong></span> <span class='ocrx_word' id='word_1_759' title='bbox 2468 4805 2593 4846; x_wconf 91' lang='lat' dir='ltr'><strong>cum</strong></span> <span class='ocrx_word' id='word_1_760' title='bbox 2629 4789 2946 4845; x_wconf 87' lang='lat' dir='ltr'><strong>Frisonibus</strong></span> <span class='ocrx_word' id='word_1_761' title='bbox 2974 4796 3164 4845; x_wconf 88' lang='lat' dir='ltr'><strong>contra</strong></span> <span class='ocrx_word' id='word_1_762' title='bbox 3193 4787 3443 4844; x_wconf 88' lang='lat' dir='ltr'><strong>eumdem</strong></span> <span class='ocrx_word' id='word_1_763' title='bbox 3475 4787 3648 4858; x_wconf 91' lang='lat' dir='ltr'><strong>ipsum</strong></span> <span class='ocrx_word' id='word_1_764' title='bbox 3677 4784 3787 4841; x_wconf 89' lang='lat' dir='ltr'><strong>Ca-</strong></span> 
     </span>
    </p>
   </div>
   <div class='ocr_carea' id='block_1_106' title="bbox 2199 4875 3792 4952">
    <p class='ocr_par' dir='ltr' id='par_1_106' title="bbox 2199 4875 3792 4952">
     <span class='ocr_line' id='line_1_107' title="bbox 2199 4875 3792 4952; baseline -0.003 -15"><span class='ocrx_word' id='word_1_765' title='bbox 2199 4881 2374 4938; x_wconf 90' lang='lat' dir='ltr'><strong>rolum</strong></span> <span class='ocrx_word' id='word_1_766' title='bbox 2402 4881 2673 4952; x_wconf 90' lang='lat' dir='ltr'><strong>insurgit:</strong></span> <span class='ocrx_word' id='word_1_767' title='bbox 2707 4895 2886 4952; x_wconf 90' lang='lat' dir='ltr'><strong>pugna</strong></span> <span class='ocrx_word' id='word_1_768' title='bbox 2910 4878 3086 4934; x_wconf 88' lang='lat' dir='ltr'><strong>valida</strong></span> <span class='ocrx_word' id='word_1_769' title='bbox 3119 4879 3407 4934; x_wconf 89' lang='lat' dir='ltr'><strong>commissa</strong></span> <span class='ocrx_word' id='word_1_770' title='bbox 3453 4891 3576 4933; x_wconf 91' lang='lat' dir='ltr'><strong>cum</strong></span> <span class='ocrx_word' id='word_1_771' title='bbox 3604 4875 3792 4932; x_wconf 83' lang='lat' dir='ltr'><strong>Friso-</strong></span> 
     </span>
    </p>
   </div>
   <div class='ocr_carea' id='block_1_107' title="bbox 2200 4973 3786 5048">
    <p class='ocr_par' dir='ltr' id='par_1_107' title="bbox 2200 4973 3786 5048">
     <span class='ocr_line' id='line_1_108' title="bbox 2200 4973 3786 5048; baseline -0.002 -17"><span class='ocrx_word' id='word_1_772' title='bbox 2200 4975 2379 5041; x_wconf 90' lang='lat' dir='ltr'><strong>nibus,</strong></span> <span class='ocrx_word' id='word_1_773' title='bbox 2413 4974 2638 5031; x_wconf 86' lang='lat' dir='ltr'><strong>Carolus</strong></span> <span class='ocrx_word' id='word_1_774' title='bbox 2685 4977 2836 5048; x_wconf 88' lang='lat' dir='ltr'><strong>gravi</strong></span> <span class='ocrx_word' id='word_1_775' title='bbox 2879 4977 3076 5030; x_wconf 86' lang='lat' dir='ltr'><strong>damno</strong></span> <span class='ocrx_word' id='word_1_776' title='bbox 3118 4973 3372 5040; x_wconf 78' lang='lat' dir='ltr'><strong>amictus,</strong></span> <span class='ocrx_word' id='word_1_777' title='bbox 3405 4973 3646 5045; x_wconf 85' lang='lat' dir='ltr'><strong>dilapsus</strong></span> <span class='ocrx_word' id='word_1_778' title='bbox 3679 4982 3786 5029; x_wconf 89' lang='lat' dir='ltr'><strong>est.</strong></span> 
     </span>
    </p>
   </div>
   <div class='ocr_carea' id='block_1_108' title="bbox 2202 5067 3788 5140">
    <p class='ocr_par' dir='ltr' id='par_1_108' title="bbox 2202 5067 3788 5140">
     <span class='ocr_line' id='line_1_109' title="bbox 2202 5067 3788 5140; baseline -0.002 -15"><span class='ocrx_word' id='word_1_779' title='bbox 2202 5070 2483 5126; x_wconf 81' lang='lat' dir='ltr'><strong>Ratbodus</strong></span> <span class='ocrx_word' id='word_1_780' title='bbox 2508 5083 2680 5140; x_wconf 87' lang='lat' dir='ltr'><strong>usque</strong></span> <span class='ocrx_word' id='word_1_781' title='bbox 2709 5069 2776 5125; x_wconf 91' lang='lat' dir='ltr'><strong>ad</strong></span> <span class='ocrx_word' id='word_1_782' title='bbox 2805 5067 3085 5125; x_wconf 91' lang='lat' dir='ltr'><strong>Coloniam</strong></span> <span class='ocrx_word' id='word_1_783' title='bbox 3121 5075 3314 5124; x_wconf 91' lang='lat' dir='ltr'><strong>cuncta</strong></span> <span class='ocrx_word' id='word_1_784' title='bbox 3338 5067 3632 5123; x_wconf 90' lang='lat' dir='ltr'><strong>devastans</strong></span> <span class='ocrx_word' id='word_1_785' title='bbox 3659 5081 3788 5138; x_wconf 85' lang='lat' dir='ltr'><strong>per-</strong></span> 
     </span>
    </p>
   </div>
   <div class='ocr_carea' id='block_1_109' title="bbox 2201 5156 3791 5230">
    <p class='ocr_par' dir='ltr' id='par_1_109' title="bbox 2201 5156 3791 5230">
     <span class='ocr_line' id='line_1_110' title="bbox 2201 5156 3791 5230; baseline -0.004 -13"><span class='ocrx_word' id='word_1_786' title='bbox 2201 5162 2370 5228; x_wconf 90' lang='lat' dir='ltr'><strong>venit,</strong></span> <span class='ocrx_word' id='word_1_787' title='bbox 2395 5175 2579 5218; x_wconf 88' lang='lat' dir='ltr'><strong>mense</strong></span> <span class='ocrx_word' id='word_1_788' title='bbox 2611 5159 2757 5224; x_wconf 78' lang='lat' dir='ltr'><strong>Julii,</strong></span> <span class='ocrx_word' id='word_1_789' title='bbox 2803 5175 2948 5216; x_wconf 88' lang='lat' dir='ltr'><strong>anno</strong></span> <span class='ocrx_word' id='word_1_790' title='bbox 2983 5159 3382 5216; x_wconf 89' lang='lat' dir='ltr'><strong>lncarnationis</strong></span> <span class='ocrx_word' id='word_1_791' title='bbox 3407 5156 3624 5215; x_wconf 89' lang='lat' dir='ltr'><strong>Domini</strong></span> <span class='ocrx_word' id='word_1_792' title='bbox 3663 5170 3791 5230; x_wconf 75' lang='lat' dir='ltr'><strong>sep-</strong></span> 
     </span>
    </p>
   </div>
   <div class='ocr_carea' id='block_1_110' title="bbox 2205 5247 3789 5326">
    <p class='ocr_par' dir='ltr' id='par_1_110' title="bbox 2205 5247 3789 5326">
     <span class='ocr_line' id='line_1_111' title="bbox 2205 5247 3789 5326; baseline -0.004 -17"><span class='ocrx_word' id='word_1_793' title='bbox 2205 5253 2584 5326; x_wconf 88' lang='lat' dir='ltr'><strong>tingentesimo</strong></span> <span class='ocrx_word' id='word_1_794' title='bbox 2621 5252 2834 5308; x_wconf 89' lang='lat' dir='ltr'><strong>decimo</strong></span> <span class='ocrx_word' id='word_1_795' title='bbox 2863 5252 3072 5322; x_wconf 88' lang='lat' dir='ltr'><strong>quinto.</strong></span> <span class='ocrx_word' id='word_1_796' title='bbox 3105 5249 3445 5322; x_wconf 89' lang='lat' dir='ltr'><strong>Chilpericus</strong></span> <span class='ocrx_word' id='word_1_797' title='bbox 3475 5247 3635 5304; x_wconf 89' lang='lat' dir='ltr'><strong>simul</strong></span> <span class='ocrx_word' id='word_1_798' title='bbox 3661 5259 3789 5304; x_wconf 88' lang='lat' dir='ltr'><strong>cum</strong></span> 
     </span>
    </p>
   </div>
   <div class='ocr_carea' id='block_1_111' title="bbox 2204 5341 3792 5416">
    <p class='ocr_par' dir='ltr' id='par_1_111' title="bbox 2204 5341 3792 5416">
     <span class='ocr_line' id='line_1_112' title="bbox 2204 5341 3792 5416; baseline -0.004 -16"><span class='ocrx_word' id='word_1_799' title='bbox 2204 5345 2534 5416; x_wconf 79' lang='lat' dir='ltr'><strong>Raganfrido</strong></span> <span class='ocrx_word' id='word_1_800' title='bbox 2578 5343 2928 5400; x_wconf 78' lang='lat' dir='ltr'><strong>Arduennam</strong></span> <span class='ocrx_word' id='word_1_801' title='bbox 2990 5342 3184 5398; x_wconf 89' lang='lat' dir='ltr'><strong>silvam</strong></span> <span class='ocrx_word' id='word_1_802' title='bbox 3254 5341 3534 5412; x_wconf 87' lang='lat' dir='ltr'><strong>ingressus</strong></span> <span class='ocrx_word' id='word_1_803' title='bbox 3587 5353 3792 5411; x_wconf 87' lang='lat' dir='ltr'><strong>magno</strong></span> 
     </span>
    </p>
   </div>
   <div class='ocr_carea' id='block_1_112' title="bbox 2203 5429 3792 5507">
    <p class='ocr_par' dir='ltr' id='par_1_112' title="bbox 2203 5429 3792 5507">
     <span class='ocr_line' id='line_1_113' title="bbox 2203 5429 3792 5507; baseline -0.004 -14"><span class='ocrx_word' id='word_1_804' title='bbox 2203 5437 2446 5493; x_wconf 83' lang='lat' dir='ltr'><strong>exercitu</strong></span> <span class='ocrx_word' id='word_1_805' title='bbox 2517 5449 2689 5507; x_wconf 91' lang='lat' dir='ltr'><strong>usque</strong></span> <span class='ocrx_word' id='word_1_806' title='bbox 2752 5433 3005 5490; x_wconf 80' lang='lat' dir='ltr'><strong>Rhenum</strong></span> <span class='ocrx_word' id='word_1_807' title='bbox 3074 5432 3458 5504; x_wconf 90' lang='lat' dir='ltr'><strong>civitatemque</strong></span> <span class='ocrx_word' id='word_1_808' title='bbox 3507 5429 3792 5488; x_wconf 85' lang='lat' dir='ltr'><strong>Coloniam</strong></span> 
     </span>
    </p>
   </div>
   <div class='ocr_carea' id='block_1_113' title="bbox 2205 5525 3792 5605">
    <p class='ocr_par' dir='ltr' id='par_1_113' title="bbox 2205 5525 3792 5605">
     <span class='ocr_line' id='line_1_114' title="bbox 2205 5525 3792 5605; baseline -0.006 -16"><span class='ocrx_word' id='word_1_809' title='bbox 2205 5539 2593 5605; x_wconf 89' lang='lat' dir='ltr'><strong>pervenerunt,</strong></span> <span class='ocrx_word' id='word_1_810' title='bbox 2639 5532 2955 5588; x_wconf 86' lang='lat' dir='ltr'><strong>thesaurum</strong></span> <span class='ocrx_word' id='word_1_811' title='bbox 2993 5529 3222 5585; x_wconf 90' lang='lat' dir='ltr'><strong>multum</strong></span> <span class='ocrx_word' id='word_1_812' title='bbox 3261 5544 3292 5584; x_wconf 90' lang='lat' dir='ltr'><strong>a</strong></span> <span class='ocrx_word' id='word_1_813' title='bbox 3331 5525 3617 5584; x_wconf 85' lang='lat' dir='ltr'><strong>Plectrude</strong></span> <span class='ocrx_word' id='word_1_814' title='bbox 3641 5525 3792 5581; x_wconf 81' lang='lat' dir='ltr'><strong>acci-</strong></span> 
     </span>
    </p>
   </div>
   <div class='ocr_carea' id='block_1_114' title="bbox 2204 5617 3796 5699">
    <p class='ocr_par' dir='ltr' id='par_1_114' title="bbox 2204 5617 3796 5699">
     <span class='ocr_line' id='line_1_115' title="bbox 2204 5617 3796 5699; baseline -0.008 -17"><span class='ocrx_word' id='word_1_815' title='bbox 2204 5627 2438 5699; x_wconf 90' lang='lat' dir='ltr'><strong>pientes,</strong></span> <span class='ocrx_word' id='word_1_816' title='bbox 2470 5632 2856 5696; x_wconf 87' lang='lat' dir='ltr'><strong>vastantesque</strong></span> <span class='ocrx_word' id='word_1_817' title='bbox 2902 5633 3120 5688; x_wconf 89' lang='lat' dir='ltr'><strong>terram,</strong></span> <span class='ocrx_word' id='word_1_818' title='bbox 3151 5621 3356 5679; x_wconf 84' lang='lat' dir='ltr'><strong>reversi</strong></span> <span class='ocrx_word' id='word_1_819' title='bbox 3399 5629 3529 5678; x_wconf 88' lang='lat' dir='ltr'><strong>sunt</strong></span> <span class='ocrx_word' id='word_1_820' title='bbox 3565 5619 3630 5675; x_wconf 91' lang='lat' dir='ltr'><strong>ad</strong></span> <span class='ocrx_word' id='word_1_821' title='bbox 3661 5617 3796 5672; x_wconf 80' lang='lat' dir='ltr'><strong>Am-</strong></span> 
     </span>
    </p>
   </div>
   <div class='ocr_carea' id='block_1_115' title="bbox 2204 5709 3793 5786">
    <p class='ocr_par' dir='ltr' id='par_1_115' title="bbox 2204 5709 3793 5786">
     <span class='ocr_line' id='line_1_116' title="bbox 2204 5709 3793 5786; baseline -0.009 -11"><span class='ocrx_word' id='word_1_822' title='bbox 2204 5718 2438 5776; x_wconf 89' lang='lat' dir='ltr'><strong>blaviam</strong></span> <span class='ocrx_word' id='word_1_823' title='bbox 2487 5735 2502 5774; x_wconf 89' lang='lat'><strong>:</strong></span> <span class='ocrx_word' id='word_1_824' title='bbox 2545 5717 2639 5774; x_wconf 89' lang='lat' dir='ltr'><strong>sed</strong></span> <span class='ocrx_word' id='word_1_825' title='bbox 2684 5715 2862 5774; x_wconf 91' lang='lat' dir='ltr'><strong>subito</strong></span> <span class='ocrx_word' id='word_1_826' title='bbox 2915 5713 3108 5771; x_wconf 89' lang='lat' dir='ltr'><strong>Carolo</strong></span> <span class='ocrx_word' id='word_1_827' title='bbox 3158 5728 3322 5786; x_wconf 89' lang='lat' dir='ltr'><strong>super</strong></span> <span class='ocrx_word' id='word_1_828' title='bbox 3375 5727 3470 5768; x_wconf 90' lang='lat' dir='ltr'><strong>eos</strong></span> <span class='ocrx_word' id='word_1_829' title='bbox 3527 5709 3793 5774; x_wconf 89' lang='lat' dir='ltr'><strong>irruente,</strong></span> 
     </span>
    </p>
   </div>
   <div class='ocr_carea' id='block_1_116' title="bbox 2208 5801 3798 5882">
    <p class='ocr_par' dir='ltr' id='par_1_116' title="bbox 2208 5801 3798 5882">
     <span class='ocr_line' id='line_1_117' title="bbox 2208 5801 3798 5882; baseline -0.009 -13"><span class='ocrx_word' id='word_1_830' title='bbox 2208 5811 2506 5869; x_wconf 90' lang='lat' dir='ltr'><strong>maximum</strong></span> <span class='ocrx_word' id='word_1_831' title='bbox 2526 5826 2556 5868; x_wconf 89' lang='lat' dir='ltr'><strong>a</strong></span> <span class='ocrx_word' id='word_1_832' title='bbox 2584 5810 2756 5882; x_wconf 91' lang='lat' dir='ltr'><strong>copiis</strong></span> <span class='ocrx_word' id='word_1_833' title='bbox 2787 5809 2900 5865; x_wconf 90' lang='lat' dir='ltr'><strong>suis</strong></span> <span class='ocrx_word' id='word_1_834' title='bbox 2921 5805 3258 5880; x_wconf 91' lang='lat' dir='ltr'><strong>dispendium</strong></span> <span class='ocrx_word' id='word_1_835' title='bbox 3283 5805 3572 5861; x_wconf 89' lang='lat' dir='ltr'><strong>sustinent.</strong></span> <span class='ocrx_word' id='word_1_836' title='bbox 3593 5801 3798 5857; x_wconf 86' lang='lat' dir='ltr'><strong>lterum</strong></span> 
     </span>
    </p>
   </div>
   <div class='ocr_carea' id='block_1_117' title="bbox 2211 5893 3797 5967">
    <p class='ocr_par' dir='ltr' id='par_1_117' title="bbox 2211 5893 3797 5967">
     <span class='ocr_line' id='line_1_118' title="bbox 2211 5893 3797 5967; baseline -0.013 -1"><span class='ocrx_word' id='word_1_837' title='bbox 2211 5905 2442 5966; x_wconf 88' lang='lat' dir='ltr'><strong>Carolus</strong></span> <span class='ocrx_word' id='word_1_838' title='bbox 2491 5906 2736 5962; x_wconf 82' lang='lat' dir='ltr'><strong>exercitu</strong></span> <span class='ocrx_word' id='word_1_839' title='bbox 2785 5909 3060 5962; x_wconf 84' lang='lat' dir='ltr'><strong>commoto</strong></span> <span class='ocrx_word' id='word_1_840' title='bbox 3108 5899 3368 5958; x_wconf 82' lang='lat' dir='ltr'><strong>adversus</strong></span> <span class='ocrx_word' id='word_1_841' title='bbox 3403 5893 3797 5967; x_wconf 85' lang='lat' dir='ltr'><strong>Chilpericum,</strong></span> 
     </span>
    </p>
   </div>
  </div>
