4024 6362
239 408 348 471 121

1348 402 1763 461 CHRONCON.
1801 433 1877 451 --
1911 404 2113 462 AETAS
2155 406 2398 463 SEXTA.

3423 417 3524 473 ωε

246 525 336 580 vel
367 520 778 595 Bagamfridum
831 519 1028 592 pergit.
1065 517 1151 575 llli
1183 528 1396 587 contra,
1419 519 1574 576 hoste
1619 529 1832 590 parato,
1862 526 1914 586 Α
1942 520 2163 579 Vienna:
2214 524 2473 580 succedit.
2530 523 2631 594 Qui
2675 528 2744 584 ob
2800 527 3007 584 cladem
3075 527 3518 599 Sarracenorum,

245 615 449 673 bellum
504 613 832 678 accelerant,
885 613 938 669 in
973 611 1095 669 loco
1126 621 1434 684 nuncupata
1461 612 1700 678 Vicieco,
1747 611 1838 670 die

246 710 556 774 Dominica,
605 707 956 764 illucescente
1005 705 1093 762 die
1143 704 1286 762 infra
1337 706 1833 778 quadragesimam,

247 805 463 861 decimo
498 803 658 859 tertio
688 800 944 858 Kalendis
982 799 1208 872 Aprilis,
1253 814 1396 856 anno
1443 798 1839 856 lncarnatinnis

245 896 732 970 septingentesimo
802 894 1013 950 decimo
1079 892 1328 962 septimo.
1398 890 1738 962 Chilpericus
1783 899 1841 946 et

247 987 636 1059 Ragamfridus
681 984 884 1058 fugati,
923 995 1089 1056 penes
1129 981 1385 1038 Carolum
1427 981 1654 1037 victoria
1685 981 1786 1037 fuit
1819 998 1833 1036 :

244 1083 530 1141 Coloniam
578 1080 750 1147 venit,
803 1079 1088 1135 thesauros
1132 1075 1304 1148 patris
1342 1075 1423 1131 sui
1467 1090 1497 1129 a
1541 1074 1838 1132 Prectrude

244 1177 454 1247 recepit
482 1191 500 1242 ;
533 1189 715 1247 regem
746 1172 850 1229 sibi
878 1169 1215 1228 Clotbarium
1260 1168 1470 1225 statuit.
1503 1167 1838 1240 Chilperieus

243 1277 301 1324 et
317 1265 700 1340 Ragamfridus
721 1263 997 1320 Eudonem
1023 1262 1212 1318 ducem
1241 1261 1296 1317 in
1320 1259 1650 1329 adjutorium
1678 1276 1840 1332 expe-

247 1371 372 1416 tunt
403 1379 417 1414 :
454 1368 642 1416 contra
674 1373 812 1429 quos
850 1355 1077 1412 Carolus
1134 1354 1436 1426 intrepidus
1463 1355 1658 1426 pergit.
1685 1354 1837 1410 Eudo

242 1453 488 1510 Parisios
536 1451 790 1524 fugiendo
848 1451 1118 1524 pervenit.
1151 1449 1515 1522 Chilpericus,
1567 1450 1836 1507 thesauris

245 1549 524 1620 regalibus
565 1546 816 1612 sublatis.
859 1555 1010 1602 trans
1037 1545 1275 1618 Ligerim
1317 1546 1372 1602 in
1401 1546 1748 1618 Aquitaniam
1777 1562 1836 1603 se

240 1643 465 1714 eripuit.
493 1631 844 1698 Chlo'tbarius
869 1656 965 1697 rex
996 1655 1063 1697 eo
1106 1655 1252 1697 anno
1279 1650 1525 1698 mortuus
1568 1650 1674 1698 est.
1707 1642 1836 1698 Post

245 1735 478 1792 Eoldnm
501 1733 814 1805 episcopum
844 1733 1138 1790 Eobolinus
1186 1734 1507 1792 Viennensis
1548 1737 1834 1806 episcopus

1940 630 2065 671 cum
2110 625 2254 672 esset
2308 617 2500 674 domus
2563 619 2977 690 praeclarissima
3033 629 3333 694 martyrum
3385 625 3519 681 citra

1941 707 2263 764 Rhodanum
2289 710 2356 764 ab
2381 712 2462 767 eis
2481 711 2592 782 jam
2647 711 2890 779 incensa,
2919 728 3044 770 ossa
3085 714 3232 770 beati
3281 714 3518 774 Ferreoli

1941 817 2066 858 cum
2097 801 2275 874 capite
2301 801 2500 858 Juliani
2536 805 2794 877 martyris
2825 805 2966 861 intra
3003 804 3193 862 urbem
3224 807 3520 875 transtulit,

1940 895 2125 967 eisque
2178 895 2480 953 accelerato
2534 913 2719 969 opere,
2753 914 2859 954 non
2913 914 3110 971 magno
3144 900 3320 970 pretio
3349 901 3525 958 eccle-

1941 987 2076 1043 siam
2105 988 2412 1044 construxit
2452 1004 2467 1044 :
2510 989 2597 1044 ubi
2644 997 2698 1044 et
2723 989 3036 1046 eorumdem
3063 999 3360 1062 martyrum
3391 990 3521 1046 reli-

1940 1085 2096 1156 quias
2140 1096 2455 1142 reverenter
2492 1087 2811 1157 composuit.
2855 1087 2997 1142 ldem
3031 1086 3368 1153 Wilicarius,
3397 1102 3523 1143 cum

1939 1174 2149 1232 furioso
2186 1184 2243 1232 et
2295 1176 2489 1232 insano
2526 1177 2662 1233 satis
2700 1178 2926 1234 consilio
2957 1177 3155 1234 Franci
3203 1193 3290 1235 res
3333 1193 3522 1235 sacras

1938 1267 2291 1324 ecclesiarum
2326 1268 2394 1322 ad
2417 1283 2549 1324 usus
2577 1283 2703 1325 suos
2723 1279 3122 1339 retorquerent.
3143 1269 3333 1327 videns
3361 1269 3526 1328 Vien-

1940 1376 2164 1418 nensem
2211 1377 2363 1418 suam
2411 1361 2724 1417 indecenter
2768 1362 3058 1424 humiliari,
3100 1362 3285 1419 relicto
3315 1365 3525 1434 episco-

1940 1463 2094 1524 patu,
2141 1454 2195 1509 in
2243 1454 2635 1510 monasterium
2665 1464 2976 1511 sanctorum
3016 1466 3310 1528 martyrum
3343 1459 3522 1528 Agau-

1939 1546 2185 1602 nensium
2209 1545 2506 1618 ingressus,
2527 1547 2689 1602 vitam
2719 1547 3081 1603 venerabilem
3110 1548 3280 1603 duxit.
3307 1547 3525 1606 Vastata

1939 1646 1994 1692 et
2028 1636 2289 1708 dissipata
2361 1635 2654 1694 Viennensi
2706 1647 2760 1692 et
2815 1637 3157 1709 Lngdunensi
3225 1640 3524 1709 provincia,

1938 1728 2145 1798 aliquot
2188 1729 2346 1784 annis
2389 1729 2506 1786 sine
2554 1729 2823 1800 episcopis
2871 1740 3098 1800 utraque
3129 1730 3370 1787 Ecclesia
3400 1730 3522 1800 fuit,

243 1827 532 1883 successit.
562 1825 703 1882 Huic
735 1823 1086 1883 Ostrebertus
1113 1825 1201 1881 vir
1242 1835 1498 1884 strenuus
1536 1835 1594 1884 et
1639 1828 1834 1884 nobilis
1941 1822 2093 1878 laicis
2121 1823 2384 1893 sacrilege
2429 1831 2487 1878 et
2531 1823 2762 1880 barbare
2819 1839 2904 1879 res
2937 1840 3123 1880 sacras
3170 1825 3524 1881 ecclesiarum

239 1904 529 1990 episcopus
558 1918 832 2007 succedit:
853 1917 954 1974 Hic
979 1917 1222 1989 sepultus
1247 1927 1334 1975 est
1362 1919 1420 1974 in
1448 1919 1576 1974 villa
1600 1921 1832 1990 quadam
1863 1897 1908 1959 Β
1939 1917 2328 1973 obtinentibus.
2361 1917 2517 1973 Anno
2538 1917 2935 1973 Incarnationis
2964 1917 3174 1973 Domini
3215 1919 3523 1989 septingen-

238 2011 592 2084 proprietatis
635 2026 747 2067 sua:
805 2010 1099 2077 Julidiaco,
1143 2027 1251 2068 non
1296 2011 1456 2084 longe
1501 2028 1531 2068 a
1581 2011 1832 2084 Sequana
1941 2013 2133 2067 tesimo
2179 2011 2624 2083 quinquagesimo
2652 2011 2827 2082 primo
2859 2010 3083 2067 Carolus
3127 2010 3336 2081 Pippini
3384 2011 3527 2068 ﬁlius

237 2103 426 2160 fluvio.
460 2102 688 2160 Carolus
733 2103 1060 2174 legationem
1089 2104 1158 2159 ad
1190 2103 1470 2161 Eudonem
1517 2105 1668 2161 misit
1698 2104 1834 2160 ami-
1939 2101 2272 2156 Francorum
2323 2099 2432 2156 dux
2485 2099 2772 2156 defunctus
2824 2109 2927 2164 est,
2978 2099 3339 2171 principatum
3380 2100 3524 2157 illius

239 2197 509 2269 citiasque
537 2211 662 2252 cum
697 2209 764 2252 eo
783 2197 1080 2268 componit.
1123 2195 1223 2252 Cui
1265 2196 1420 2253 Eudo
1465 2195 1831 2269 Chilpericum
1935 2193 2215 2248 obtinente
2240 2191 2602 2250 Carlomanno
2625 2200 2680 2246 et
2700 2191 2927 2262 Pippino
2955 2191 3125 2246 fratre
3149 2188 3286 2260 ejus.
3307 2189 3524 2246 Childe-

241 2303 426 2360 regem
467 2303 593 2344 cum
647 2286 832 2344 multis
875 2287 1194 2344 muneribus
1238 2288 1520 2344 reddidit.
1549 2288 1644 2344 sed
1689 2289 1832 2343 idem
1936 2287 2085 2343 rieus
2113 2287 2165 2342 in
2196 2301 2362 2358 regno
2387 2285 2723 2341 Francorum
2764 2284 3129 2341 substituitur.

239 2393 352 2436 non
367 2379 459 2435 diu
484 2380 538 2435 in
568 2394 738 2450 regno
765 2379 990 2435 resedit.
1017 2377 1296 2450 Siquidem
1324 2377 1588 2436 Noviomo
1615 2379 1833 2435 civitate
2009 2376 2160 2451 [727]
2191 2377 2579 2433 Constantinus
2627 2377 2950 2447 imperator,
2995 2391 3167 2432 annos
3195 2376 3382 2448 viginti
3406 2392 3521 2434 sex.

241 2481 494 2530 mortuus
520 2488 585 2529 ac
613 2471 858 2543 sepultus
884 2479 987 2529 est.
1024 2471 1292 2544 Regnavit
1319 2464 1498 2529 autem
1527 2472 1686 2528 annis
1711 2471 1833 2542 plus
1940 2472 2339 2529 Carlomanuus
2379 2478 2437 2525 et
2473 2469 2734 2541 Pippinus
2759 2479 2950 2527 contra
2979 2469 3287 2525 Hunaldum
3331 2469 3522 2527 ducem

242 2567 504 2640 quinque.
551 2566 744 2622 Franci
791 2565 1213 2632 Theodericum,
1263 2565 1554 2639 Dagnberti
1597 2563 1833 2635 iunioris
1935 2566 2336 2638 Aquitanorum
2383 2563 2684 2631 exercitum
2739 2571 2982 2629 movent,
3013 2572 3403 2634 coeperuntque
3428 2577 3521 2618 ca-

247 2660 442 2725 filium,
467 2674 643 2732 regem
689 2674 854 2731 super
902 2674 962 2716 se
993 2658 1350 2715 constituunt.
1397 2656 1624 2714 Carolus
1659 2655 1833 2726 major
1935 2667 2132 2723 strum,
2162 2655 2307 2726 quod
2339 2662 2568 2710 vocatur
2600 2653 2822 2710 Lucas:
2861 2655 2914 2709 in
2955 2655 3072 2726 ipso
3119 2654 3316 2709 itinere
3361 2654 3524 2724 positi

243 2751 444 2809 domus
489 2759 546 2806 et
585 2750 990 2808 Austrasiorum
1039 2749 1312 2822 princeps.
1350 2757 1574 2805 vastans
1621 2748 1829 2815 omnia,
1936 2747 2239 2805 diviserunt
2265 2746 2366 2802 sibi
2400 2761 2625 2816 regnum
2673 2744 3034 2812 Francorum,
3079 2746 3135 2802 in
3179 2745 3301 2802 loco
3329 2746 3421 2817 qui
3447 2745 3528 2801 di-

238 2852 298 2902 et
327 2841 608 2900 Saxonum
657 2858 818 2915 agros
853 2842 1140 2914 diripiens,
1170 2843 1238 2898 ad
1260 2841 1532 2899 Wisorem
1561 2843 1828 2913 pervenit.
1935 2837 2078 2894 citur
2126 2835 2296 2894 Vetus
2352 2834 2626 2892 Pictavus.
2677 2835 2880 2892 Eodem
2941 2850 3084 2892 anno
3128 2834 3524 2892 Carlomanuus

239 2935 509 2994 Ratbotus
539 2936 826 2993 Frisonum
850 2935 959 2993 dux
989 2936 1241 3003 moritur,
1264 2945 1322 2992 et
1338 2935 1568 2993 Carolus
1584 2950 1708 2992 cum
1733 2934 1834 2992 Sa-
1935 2929 2311 2987 Alamanniam
2369 2928 2626 2984 vastavit.
2700 2927 3096 2985 Carlomannus
3150 2937 3207 2984 et
3263 2925 3524 3000 Pippinus

237 3029 475 3086 xonibus
493 3028 697 3086 bellum
725 3029 845 3086 iniit
869 3029 978 3086 :ibi
1001 3029 1321 3100 gravissima
1341 3030 1523 3088 caedes
1551 3030 1831 3086 hominum
1936 3022 2124 3079 ineunt
2174 3036 2409 3093 pugnam
2461 3035 2588 3076 cum
2639 3018 2865 3078 0di10ne
2912 3021 3048 3078 duce
3095 3019 3520 3091 Bajovariorum.

240 3121 572 3180 altrinsecus
609 3122 980 3179 morientium.
1009 3120 1138 3178 Post
1177 3121 1384 3194 aliquot
1416 3137 1608 3188 annos,
1641 3122 1696 3178 in
1722 3123 1829 3178 Ba-

234 3211 504 3282 jovariam
553 3213 657 3269 iter
696 3212 968 3285 arripuit,
997 3211 1420 3284 Bajovariosque
1464 3228 1588 3270 cum
1645 3212 1831 3270 labore

241 3306 484 3362 maximo
530 3304 597 3360 ad
644 3303 974 3360 deditionem
1021 3304 1217 3377 coegit.
1271 3304 1401 3362 Post
1445 3305 1833 3362 reluctantibus

218 3396 444 3456 iterum
471 3397 717 3454 occurrit
748 3415 764 3453 :
795 3405 853 3453 et
881 3397 1120 3453 secunda
1149 3398 1268 3455 vice
1315 3398 1634 3454 fortitudine
1673 3413 1830 3455 exer-

240 3489 385 3545 citus
428 3489 512 3545 sui
561 3486 956 3560 superdomuit.
983 3488 1185 3546 lterum
1231 3489 1365 3545 abiit
1411 3490 1467 3546 in
1513 3489 1830 3558 Saxoniam,

243 3579 444 3637 deinde
471 3579 538 3636 ad
570 3578 780 3636 Suevos
810 3588 1000 3636 contra
1033 3579 1398 3649 Lantfr'rdum,
1431 3597 1568 3653 quos
1595 3582 1664 3638 ab
1689 3582 1834 3640 infe-

241 3676 481 3734 statione
507 3677 673 3733 nimia
703 3676 983 3747 repressit.
1016 3675 1224 3732 Exinde
1260 3676 1560 3732 exercitum
1589 3690 1834 3732 commo-

245 3774 338 3823 vet
359 3775 546 3824 contra
579 3765 858 3824 Eudonem
887 3766 1304 3838 Aquitaniorum
1343 3766 1556 3832 ducem,
1589 3765 1838 3840 fugitque

239 3873 418 3931 usque
439 3859 494 3915 in
526 3856 848 3918 Vasconiam
871 3857 1058 3931 fugato
1081 3858 1328 3916 Eudone.
1367 3857 1662 3916 Sarraceni
1687 3859 1834 3915 mul-

239 3949 318 4006 tis
340 3949 512 4021 copiis
546 3949 882 4021 navibusque
924 3949 1174 4023 plurimis
1215 3948 1372 4022 longe
1419 3949 1640 4021 lateque
1668 3948 1837 4020 pluri-

236 4056 362 4100 mas
404 4043 566 4099 urbes
612 4053 725 4099 tam
769 4042 1121 4114 Septimania:
1141 4059 1305 4116 quam
1353 4043 1678 4100 Viennensis
1707 4058 1836 4116 pro-

235 4134 436 4193 vincia:
464 4143 702 4192 vastant.
733 4135 936 4192 Contra
972 4151 1110 4208 quos
1151 4135 1380 4193 Carolus
1425 4136 1832 4208 expeditionem

235 4226 470 4292 ducens.
513 4226 856 4298 graviterque
912 4240 1006 4284 eos
1046 4227 1297 4293 fundens,
1331 4226 1386 4282 in
1433 4225 1722 4297 Hispanias
1746 4239 1832 4282 re-

238 4315 382 4389 pulit
411 4331 428 4374 :
456 4316 598 4374 facta
635 4318 974 4377 concertatio
1020 4333 1208 4374 mense
1251 4316 1496 4382 Octobri,
1547 4331 1742 4386 gerens
1777 4326 1835 4372 et

237 4408 348 4464 alia
387 4408 617 4469 diversis
645 4412 700 4469 in
725 4412 974 4485 partibus
997 4410 1205 4484 praelia,
1238 4410 1436 4468 iterum
1463 4418 1588 4483 post
1628 4409 1836 4482 aliquot

240 4516 421 4560 annos
476 4504 722 4574 perrexit
764 4519 938 4576 usque
978 4503 1034 4560 in
1074 4501 1431 4569 Vasconiam,
1477 4502 1828 4575 Aquitaniam

240 4591 602 4664 depopulatus
644 4611 658 4649 :
698 4603 916 4671 mortuo
952 4593 1199 4662 Eudone.
1253 4601 1444 4650 contra
1493 4592 1635 4651 ﬁlios
1687 4593 1832 4650 illius

240 4698 399 4740 arma
427 4685 716 4759 corripuit,
741 4700 946 4759 eosque
970 4686 1324 4743 vehementer
1349 4683 1559 4740 afﬂixit.
1595 4685 1700 4742 Sed
1731 4701 1830 4742 va-

219 4774 422 4832 riante
446 4777 870 4843 concertatione,
905 4793 1031 4835 cum
1057 4792 1124 4834 ex
1167 4776 1413 4848 utrisque
1438 4777 1686 4848 partibus
1712 4777 1830 4849 plu-

241 4864 371 4922 rimi
407 4867 764 4937 caederentur,
805 4869 1021 4926 tandem
1047 4868 1225 4926 foedus
1249 4883 1357 4925 non
1387 4869 1476 4925 diu
1513 4883 1828 4926 mansurum

243 4957 455 5016 ineunt.
487 4961 772 5019 Sarraceni
799 4977 939 5034 pene
970 4969 1139 5020 totam
1158 4961 1506 5034 Aquitaniam
1531 4970 1826 5031 vastantes,

243 5058 302 5106 et
330 5049 438 5107 late
475 5051 610 5108 alias
654 5053 964 5125 provincias
1007 5053 1131 5126 igne
1172 5052 1426 5125 ferroque
1483 5062 1828 5123 superantes,

243 5142 614 5215 Burgundiam
625 5145 900 5203 dirissima
917 5144 1270 5203 infestatione
1279 5144 1680 5217 depraedantur,
1696 5158 1835 5216 pene

243 5236 428 5293 omnia
479 5235 715 5295 ﬂammis
762 5247 1072 5314 exurentes,
1119 5238 1450 5296 monasteria
1498 5252 1716 5310 quoque
1768 5253 1834 5294 ac

241 5328 362 5386 loca
391 5345 546 5388 sacra
569 5331 864 5401 ftedantes,
905 5333 1252 5392 innumerum
1293 5333 1551 5407 populum
1584 5333 1830 5408 abigunt,

241 5433 410 5494 atque
443 5422 499 5480 in
526 5423 817 5498 Hispanias
846 5434 1229 5499 transponunt.
1259 5425 1462 5485 Contra
1491 5441 1628 5499 quos
1667 5425 1834 5484 Caro-

239 5513 328 5573 lus
355 5517 548 5576 iterum
593 5521 995 5593 expeditionem
1038 5521 1227 5578 movit.
1259 5521 1467 5591 Quibus
1505 5520 1634 5578 forti
1666 5536 1831 5578 manu

241 5609 532 5679 resistens,
559 5627 699 5669 casa
742 5613 868 5670 inde
913 5614 1150 5671 maxima
1188 5613 1554 5682 multitudine,
1590 5613 1832 5686 reliquos

240 5701 340 5774 qui
376 5705 763 5775 superfuerunt
809 5707 998 5780 fugere
1043 5707 1304 5780 compulit
1332 5726 1346 5765 :
1371 5723 1404 5766 e
1431 5709 1628 5782 quibus
1670 5709 1831 5783 pauci

236 5807 490 5853 evasere.
515 5795 830 5872 Wilicarius
855 5799 1214 5860 Austreberto
1243 5803 1542 5860 venerabili
1570 5803 1828 5876 episcopo

1933 3115 2136 3172 Eodem
2159 3129 2304 3170 anno
2327 3113 2719 3170 Carlomanuus
2739 3130 2862 3171 cum
2888 3112 3196 3171 Saxonibus
3216 3113 3523 3170 conflictum

1937 3208 2127 3265 habuit
2158 3222 2175 3263 :
2207 3208 2458 3280 cepitque
2485 3216 2726 3264 castrum
2752 3208 2896 3278 quod
2921 3207 3120 3264 dicitur
3150 3205 3520 3278 Hocseobnrg,

1937 3311 1994 3359 et
2022 3301 2375 3359 Theotecnun
2405 3299 2676 3358 Saxonem
2705 3302 3014 3374 placitando
3041 3302 3144 3359 sibi
3177 3301 3522 3373 conquisivit,

1937 3410 2083 3451 anno
2106 3394 2506 3452 lncarnationis
2541 3394 2756 3452 Domini
2786 3395 3267 3467 septingentesimo
3293 3392 3526 3466 quadra-

1936 3485 2144 3555 gesimo
2197 3485 2377 3541 tertio.
2445 3484 2650 3542 lterum
2698 3485 2958 3559 Pippinus
3007 3495 3064 3544 et
3129 3486 3525 3544 Carlomanuus

1935 3580 2335 3651 expeditionem
2363 3581 2674 3637 habuerunt
2714 3580 2773 3636 in
2815 3579 3133 3648 Saxoniam,
3165 3597 3310 3637 anno
3334 3579 3523 3637 lucar-

1936 3671 2172 3728 nationis
2248 3671 2461 3728 Domini
2553 3672 3033 3745 septingentesimo
3105 3675 3523 3747 quadragesimo

1939 3772 2156 3836 quarto,
2206 3772 2508 3836 captusque
2545 3772 2630 3821 est
2671 3763 3041 3821 Theodericus
3069 3763 3232 3820 Saxo.
3264 3763 3522 3836 Sequenti

1941 3869 2087 3913 anno
2116 3854 2320 3912 nullam
2351 3853 2598 3912 fecerunt
2647 3855 3076 3926 expeditionem,
3111 3871 3179 3913 eo
3215 3857 3357 3928 quod
3391 3855 3525 3913 Car-

1935 3947 2224 4004 lomannus
2265 3946 2590 4019 dispositum
2631 3947 2861 4006 haberet
2910 3948 3227 4005 saecularem
3271 3947 3522 4004 militiam

1936 4039 2266 4111 relinquere,
2302 4047 2358 4096 et
2390 4039 2507 4111 ipso
2533 4053 2679 4095 anno
2703 4041 2918 4111 paravit
2945 4041 3050 4096 iter
3077 4055 3256 4108 suum,
3281 4040 3522 4111 paravit-

1935 4147 2043 4206 que
2070 4148 2132 4189 se
2156 4130 2326 4189 frater
2353 4131 2470 4202 ejus
2493 4132 2754 4206 Pippinus
2782 4133 3080 4190 honorifice
3107 4135 3175 4190 ad
3200 4134 3522 4206 obsequium

1935 4225 2098 4292 illius,
2138 4239 2282 4282 anno
2330 4224 2729 4283 lncarnationis
2778 4227 2990 4283 Domini
3039 4228 3525 4300 septingentesimo

1935 4318 2356 4390 quadragesimo
2405 4325 2578 4374 sexto.
2631 4317 3028 4376 Carlomanuus
3083 4319 3382 4376 secundum
3429 4335 3525 4376 vo-

1934 4421 2052 4470 tum
2100 4427 2258 4470 suum
2313 4413 2542 4471 Romam
2571 4413 2705 4482 abit,
2732 4416 2917 4488 ibique
2966 4431 3026 4471 se
3073 4416 3326 4482 totondit,
3357 4423 3524 4488 atque

1934 4503 2326 4562 monasterium
2350 4504 2404 4560 in
2435 4514 2619 4561 monte
2637 4504 2882 4576 Sareptae
2916 4505 2970 4561 in
3000 4504 3351 4562 veneratione
3390 4520 3523 4561 san-

1936 4599 2012 4655 cti
2040 4595 2290 4654 Silvestri
2316 4597 2638 4661 construxit,
2674 4597 2856 4668 ibique
2882 4597 2984 4654 sub
3006 4598 3305 4655 mouastico
3332 4597 3523 4656 habitu

1939 4690 2122 4762 aliquo
2144 4699 2386 4761 tempore
2413 4690 2551 4747 vixit
2569 4702 2619 4746 ι.
2643 4690 2773 4748 Inde
2796 4691 2864 4747 ad
2887 4701 3136 4748 sanctum
3168 4692 3520 4750 Benedictum

1939 4785 1994 4841 in
2015 4783 2242 4840 Cassino
2270 4791 2454 4839 monte
2474 4783 2818 4855 perveniens,
2857 4784 3140 4841 monachis
3158 4785 3397 4842 sociatus
3417 4793 3519 4842 est.

1940 4875 2092 4934 Grifo
2116 4884 2242 4934 ante
2267 4863 2463 4932 faciem
2494 4875 2705 4949 Pippini
2753 4876 2907 4932 ducis
2935 4876 3072 4949 fugit
3101 4877 3156 4933 in
3202 4875 3518 4934 Saxoniam.

1937 4967 2198 5040 Pippinus
2235 4983 2333 5039 per
2375 4966 2728 5040 Thoringiam
2776 4967 2881 5023 iter
2921 4968 3190 5039 arripiens
3216 5008 3233 5036 ,
3275 4967 3521 5024 introivit

1940 5058 1994 5115 in
2025 5056 2338 5125 Saxoniam,
2364 5059 2718 5131 pervenitque
2739 5058 2804 5115 ad
2835 5057 3055 5116 fluvium
3075 5059 3310 5117 Missaha
3331 5060 3382 5116 in
3403 5060 3521 5114 loro

1937 5152 2030 5223 qui
2059 5152 2262 5209 dicitur
2286 5151 2558 5226 Seaamgi.
2592 5151 2748 5210 Gril‘o
2784 5152 3081 5226 adiungens
3121 5169 3305 5211 secum
3350 5152 3519 5209 Saxo-

1936 5257 2064 5299 num
2108 5243 2533 5311 multitudinem,
2565 5260 2728 5315 super
2768 5243 2987 5301 fiuvium
3041 5245 3282 5303 Onerum
3318 5246 3371 5302 in
3402 5245 3518 5300 loco

1933 5333 2025 5406 qui
2055 5333 2254 5391 dicitur
2283 5333 2571 5396 Horabim.
2604 5335 2730 5391 illuc
2750 5350 2967 5407 quoque
2993 5352 3118 5392 eum
3144 5345 3225 5393 est
3263 5334 3521 5406 Pippinus

1934 5438 2231 5486 Insecutus.
2259 5427 2366 5485 Sed
2394 5427 2547 5486 Crifo
2572 5429 2841 5487 arripiens
2868 5429 3049 5503 fugam
3079 5428 3321 5502 pervenit
3351 5443 3520 5500 usque

1931 5521 2312 5594 Bajovariam,
2363 5521 2729 5594 ducatumque
2778 5522 2950 5595 ipsum
3001 5521 3102 5577 sibi
3154 5517 3457 5592 subiugavit
3497 5537 3516 5578 :

1932 5617 2267 5676 Tassilonem
2297 5625 2459 5689 atque
2487 5617 2742 5675 lltrudem
2775 5627 2963 5690 captos
2992 5613 3246 5672 subdidit.
3272 5613 3523 5692 Swidger

1931 5710 2001 5766 ad
2047 5709 2307 5766 auxilium
2353 5711 2404 5766 ei
2451 5708 2618 5766 venit.
2661 5708 2775 5765 Hoc
2821 5706 3045 5763 audiens
3090 5704 3371 5777 Pippinus,
3414 5706 3522 5766 iter

1930 5812 2052 5876 post
2063 5819 2186 5860 eum
2213 5803 2737 5877 arripiens,captum
2761 5801 3039 5860 Grifonem
3065 5817 3251 5862 secum
3273 5802 3519 5873 adduxit,

315 5924 342 5954 ι
381 5913 611 5988 Regina,
642 5917 678 5974 Ι.
707 5933 766 5987 u,
809 5933 932 5975 eum
964 5920 1042 5976 ait
1076 5935 1107 5975 a
1131 5935 1309 5994 coquo
1360 5921 1544 5995 alapas
1572 5923 1768 6000 saepius
1794 5933 1850 5983 et
1881 5922 2110 5982 verbera
2132 5922 2407 5998 patienter
2433 5921 2641 5987 tulisse.
