  <div class='ocr_page' id='page_1' title='image "/cluster/home/n/w/nwhite01/storage/ocr_20150623/123/hvd.32044011218062/068.png"; bbox 0 0 4024 6362; ppageno 0'>
   <div class='ocr_carea' id='block_1_1' title="bbox 1330 403 2382 490">
    <p class='ocr_par' dir='ltr' id='par_1_1' title="bbox 1330 403 2382 490">
     <span class='ocr_line' id='line_1_1' title="bbox 1330 403 2382 490; baseline 0.004 -6"><span class='ocrx_word' id='word_1_1' title='bbox 1330 426 1742 485; x_wconf 70' lang='lat' dir='ltr'><strong>cnaomcou.</strong></span> <span class='ocrx_word' id='word_1_2' title='bbox 1782 456 1848 469; x_wconf 80' lang='grc'><strong>-</strong></span> <span class='ocrx_word' id='word_1_3' title='bbox 1886 427 2094 488; x_wconf 62' lang='lat' dir='ltr'><strong>.eras</strong></span> <span class='ocrx_word' id='word_1_4' title='bbox 2135 403 2382 490; x_wconf 64' lang='lat' dir='ltr'><strong>sexu.</strong></span> 
     </span>
    </p>
   </div>
   <div class='ocr_carea' id='block_1_2' title="bbox 3377 404 3492 491">
    <p class='ocr_par' dir='ltr' id='par_1_2' title="bbox 3377 404 3492 491">
     <span class='ocr_line' id='line_1_2' title="bbox 3377 404 3492 491; baseline 0.017 -2"><span class='ocrx_word' id='word_1_5' title='bbox 3377 404 3492 491; x_wconf 60' lang='lat' dir='ltr'><strong>ira</strong></span> 
     </span>
    </p>
   </div>
   <div class='ocr_carea' id='block_1_3' title="bbox 228 540 3493 617">
    <p class='ocr_par' dir='ltr' id='par_1_3' title="bbox 228 540 3493 617">
     <span class='ocr_line' id='line_1_3' title="bbox 228 540 3493 617; baseline 0.001 -17"><span class='ocrx_word' id='word_1_6' title='bbox 228 544 427 617; x_wconf 87' lang='lat' dir='ltr'><strong>quinto</strong></span> <span class='ocrx_word' id='word_1_7' title='bbox 471 544 717 613; x_wconf 86' lang='lat' dir='ltr'><strong>quintum</strong></span> <span class='ocrx_word' id='word_1_8' title='bbox 766 542 870 596; x_wconf 88' lang='lat' dir='ltr'><strong>iter</strong></span> <span class='ocrx_word' id='word_1_9' title='bbox 930 541 1158 611; x_wconf 89' lang='lat' dir='ltr'><strong>arripuit</strong></span> <span class='ocrx_word' id='word_1_10' title='bbox 1204 540 1259 594; x_wconf 91' lang='lat' dir='ltr'><strong>in</strong></span> <span class='ocrx_word' id='word_1_11' title='bbox 1305 540 1685 610; x_wconf 85' lang='lat' dir='ltr'><strong>Aquitaniam,</strong></span> <span class='ocrx_word' id='word_1_12' title='bbox 1728 548 1810 595; x_wconf 89' lang='lat' dir='ltr'><strong>te-</strong></span> <span class='ocrx_word' id='word_1_13' title='bbox 1840 543 1887 604; x_wconf 84' lang='grc' dir='ltr'><strong>Α</strong></span> <span class='ocrx_word' id='word_1_14' title='bbox 1914 544 2009 597; x_wconf 80' lang='lat' dir='ltr'><strong>sed</strong></span> <span class='ocrx_word' id='word_1_15' title='bbox 2039 545 2301 615; x_wconf 90' lang='lat' dir='ltr'><strong>impetum</strong></span> <span class='ocrx_word' id='word_1_16' title='bbox 2332 542 2663 609; x_wconf 75' lang='lat' dir='ltr'><strong>Francorum</strong></span> <span class='ocrx_word' id='word_1_17' title='bbox 2716 545 2983 602; x_wconf 88' lang='lat' dir='ltr'><strong>sustinere</strong></span> <span class='ocrx_word' id='word_1_18' title='bbox 3022 560 3126 601; x_wconf 90' lang='lat' dir='ltr'><strong>non</strong></span> <span class='ocrx_word' id='word_1_19' title='bbox 3158 546 3363 613; x_wconf 85' lang='lat' dir='ltr'><strong>valens,</strong></span> <span class='ocrx_word' id='word_1_20' title='bbox 3391 545 3493 611; x_wconf 75' lang='lat' dir='ltr'><strong>Pa-</strong></span> 
     </span>
    </p>
   </div>
   <div class='ocr_carea' id='block_1_4' title="bbox 227 632 1815 706">
    <p class='ocr_par' dir='ltr' id='par_1_4' title="bbox 227 632 1815 706">
     <span class='ocr_line' id='line_1_4' title="bbox 227 632 1815 706; baseline -0.004 -12"><span class='ocrx_word' id='word_1_21' title='bbox 227 638 462 706; x_wconf 80' lang='lat' dir='ltr'><strong>nuitque</strong></span> <span class='ocrx_word' id='word_1_22' title='bbox 511 634 766 706; x_wconf 79' lang='lat' dir='ltr'><strong>placitum</strong></span> <span class='ocrx_word' id='word_1_23' title='bbox 811 648 967 688; x_wconf 88' lang='lat' dir='ltr'><strong>suum</strong></span> <span class='ocrx_word' id='word_1_24' title='bbox 1020 632 1347 687; x_wconf 79' lang='lat' dir='ltr'><strong>Aurelianis.</strong></span> <span class='ocrx_word' id='word_1_25' title='bbox 1396 632 1815 702; x_wconf 88' lang='lat' dir='ltr'><strong>Construxitque</strong></span> 
     </span>
    </p>
   </div>
   <div class='ocr_carea' id='block_1_5' title="bbox 226 722 1818 795">
    <p class='ocr_par' dir='ltr' id='par_1_5' title="bbox 226 722 1818 795">
     <span class='ocr_line' id='line_1_5' title="bbox 226 722 1818 795; baseline -0.003 -11"><span class='ocrx_word' id='word_1_26' title='bbox 226 736 473 784; x_wconf 80' lang='lat' dir='ltr'><strong>castrum</strong></span> <span class='ocrx_word' id='word_1_27' title='bbox 517 725 927 795; x_wconf 83' lang='lat' dir='ltr'><strong>Argentonium,</strong></span> <span class='ocrx_word' id='word_1_28' title='bbox 974 724 1117 795; x_wconf 86' lang='lat' dir='ltr'><strong>quod</strong></span> <span class='ocrx_word' id='word_1_29' title='bbox 1155 722 1452 778; x_wconf 81' lang='lat' dir='ltr'><strong>Wail‘arius</strong></span> <span class='ocrx_word' id='word_1_30' title='bbox 1492 723 1652 794; x_wconf 81' lang='lat' dir='ltr'><strong>paulo</strong></span> <span class='ocrx_word' id='word_1_31' title='bbox 1692 730 1818 779; x_wconf 88' lang='lat' dir='ltr'><strong>ante</strong></span> 
     </span>
    </p>
   </div>
   <div class='ocr_carea' id='block_1_6' title="bbox 212 814 1817 887">
    <p class='ocr_par' dir='ltr' id='par_1_6' title="bbox 212 814 1817 887">
     <span class='ocr_line' id='line_1_6' title="bbox 212 814 1817 887; baseline -0.006 -10"><span class='ocrx_word' id='word_1_32' title='bbox 212 823 599 883; x_wconf 66' lang='lat' dir='ltr'><strong>&#39;destruxerat,</strong></span> <span class='ocrx_word' id='word_1_33' title='bbox 625 818 815 887; x_wconf 76' lang='lat' dir='ltr'><strong>positis</strong></span> <span class='ocrx_word' id='word_1_34' title='bbox 843 818 915 871; x_wconf 93' lang='lat' dir='ltr'><strong>ibi</strong></span> <span class='ocrx_word' id='word_1_35' title='bbox 962 818 1029 871; x_wconf 90' lang='lat' dir='ltr'><strong>ad</strong></span> <span class='ocrx_word' id='word_1_36' title='bbox 1054 815 1352 871; x_wconf 90' lang='lat' dir='ltr'><strong>custodiam</strong></span> <span class='ocrx_word' id='word_1_37' title='bbox 1382 814 1627 870; x_wconf 85' lang='lat' dir='ltr'><strong>Francis.</strong></span> <span class='ocrx_word' id='word_1_38' title='bbox 1654 814 1817 870; x_wconf 85' lang='lat' dir='ltr'><strong>Simi-</strong></span> 
     </span>
    </p>
   </div>
   <div class='ocr_carea' id='block_1_7' title="bbox 228 905 1814 979">
    <p class='ocr_par' dir='ltr' id='par_1_7' title="bbox 228 905 1814 979">
     <span class='ocr_line' id='line_1_7' title="bbox 228 905 1814 979; baseline -0.004 -14"><span class='ocrx_word' id='word_1_39' title='bbox 228 910 360 965; x_wconf 90' lang='lat' dir='ltr'><strong>liter</strong></span> <span class='ocrx_word' id='word_1_40' title='bbox 400 909 542 979; x_wconf 91' lang='lat' dir='ltr'><strong>apud</strong></span> <span class='ocrx_word' id='word_1_41' title='bbox 567 907 838 962; x_wconf 86' lang='lat' dir='ltr'><strong>civitatem</strong></span> <span class='ocrx_word' id='word_1_42' title='bbox 870 905 1149 971; x_wconf 85' lang='lat' dir='ltr'><strong>Bituritas,</strong></span> <span class='ocrx_word' id='word_1_43' title='bbox 1195 905 1493 960; x_wconf 83' lang='lat' dir='ltr'><strong>exercitum</strong></span> <span class='ocrx_word' id='word_1_44' title='bbox 1539 906 1606 959; x_wconf 88' lang='lat' dir='ltr'><strong>ad</strong></span> <span class='ocrx_word' id='word_1_45' title='bbox 1633 914 1814 960; x_wconf 86' lang='lat' dir='ltr'><strong>custo-</strong></span> 
     </span>
    </p>
   </div>
   <div class='ocr_carea' id='block_1_8' title="bbox 226 996 1811 1068">
    <p class='ocr_par' dir='ltr' id='par_1_8' title="bbox 226 996 1811 1068">
     <span class='ocr_line' id='line_1_8' title="bbox 226 996 1811 1068; baseline -0.006 -9"><span class='ocrx_word' id='word_1_46' title='bbox 226 1000 376 1059; x_wconf 67' lang='lat' dir='ltr'><strong>diam</strong></span> <span class='ocrx_word' id='word_1_47' title='bbox 432 996 910 1068; x_wconf 67' lang='lat' dir='ltr'><strong>disposuit.«Facta</strong></span> <span class='ocrx_word' id='word_1_48' title='bbox 950 1006 1036 1051; x_wconf 87' lang='lat' dir='ltr'><strong>est</strong></span> <span class='ocrx_word' id='word_1_49' title='bbox 1082 1005 1208 1051; x_wconf 91' lang='lat' dir='ltr'><strong>tunc</strong></span> <span class='ocrx_word' id='word_1_50' title='bbox 1259 996 1517 1065; x_wconf 87' lang='lat' dir='ltr'><strong>temporis</strong></span> <span class='ocrx_word' id='word_1_51' title='bbox 1553 997 1811 1067; x_wconf 86' lang='lat' dir='ltr'><strong>synodus,</strong></span> 
     </span>
    </p>
   </div>
   <div class='ocr_carea' id='block_1_9' title="bbox 230 1089 1815 1158">
    <p class='ocr_par' dir='ltr' id='par_1_9' title="bbox 230 1089 1815 1158">
     <span class='ocr_line' id='line_1_9' title="bbox 230 1089 1815 1158; baseline -0.004 -10"><span class='ocrx_word' id='word_1_52' title='bbox 230 1108 380 1148; x_wconf 86' lang='lat' dir='ltr'><strong>anno</strong></span> <span class='ocrx_word' id='word_1_53' title='bbox 408 1090 800 1146; x_wconf 85' lang='lat' dir='ltr'><strong>lncaruationis</strong></span> <span class='ocrx_word' id='word_1_54' title='bbox 844 1089 1051 1144; x_wconf 88' lang='lat' dir='ltr'><strong>Domini</strong></span> <span class='ocrx_word' id='word_1_55' title='bbox 1090 1089 1563 1158; x_wconf 82' lang='lat' dir='ltr'><strong>septingentesimo</strong></span> <span class='ocrx_word' id='word_1_56' title='bbox 1594 1104 1815 1158; x_wconf 85' lang='lat' dir='ltr'><strong>sexage-</strong></span> 
     </span>
    </p>
   </div>
   <div class='ocr_carea' id='block_1_10' title="bbox 228 1178 1818 1251">
    <p class='ocr_par' dir='ltr' id='par_1_10' title="bbox 228 1178 1818 1251">
     <span class='ocr_line' id='line_1_10' title="bbox 228 1178 1818 1251; baseline -0.003 -12"><span class='ocrx_word' id='word_1_57' title='bbox 228 1186 372 1239; x_wconf 85' lang='lat' dir='ltr'><strong>simo</strong></span> <span class='ocrx_word' id='word_1_58' title='bbox 421 1182 669 1251; x_wconf 76' lang='lat' dir='ltr'><strong>septimo,</strong></span> <span class='ocrx_word' id='word_1_59' title='bbox 714 1189 769 1234; x_wconf 88' lang='lat' dir='ltr'><strong>et</strong></span> <span class='ocrx_word' id='word_1_60' title='bbox 797 1180 1024 1249; x_wconf 68' lang='lat' dir='ltr'><strong>quaestio</strong></span> <span class='ocrx_word' id='word_1_61' title='bbox 1052 1179 1307 1234; x_wconf 90' lang='lat' dir='ltr'><strong>ventilata</strong></span> <span class='ocrx_word' id='word_1_62' title='bbox 1350 1180 1491 1234; x_wconf 89' lang='lat' dir='ltr'><strong>inter</strong></span> <span class='ocrx_word' id='word_1_63' title='bbox 1519 1178 1736 1234; x_wconf 66' lang='lat' dir='ltr'><strong>Graecos</strong></span> <span class='ocrx_word' id='word_1_64' title='bbox 1762 1189 1818 1234; x_wconf 87' lang='lat' dir='ltr'><strong>et</strong></span> 
     </span>
    </p>
   </div>
   <div class='ocr_carea' id='block_1_11' title="bbox 229 1271 1816 1341">
    <p class='ocr_par' dir='ltr' id='par_1_11' title="bbox 229 1271 1816 1341">
     <span class='ocr_line' id='line_1_11' title="bbox 229 1271 1816 1341; baseline -0.001 -11"><span class='ocrx_word' id='word_1_65' title='bbox 229 1274 587 1333; x_wconf 77' lang='lat' dir='ltr'><strong>Romanosde</strong></span> <span class='ocrx_word' id='word_1_66' title='bbox 601 1271 887 1336; x_wconf 86' lang='lat' dir='ltr'><strong>Trinitate,</strong></span> <span class='ocrx_word' id='word_1_67' title='bbox 910 1282 963 1326; x_wconf 88' lang='lat' dir='ltr'><strong>et</strong></span> <span class='ocrx_word' id='word_1_68' title='bbox 979 1282 1159 1325; x_wconf 87' lang='lat' dir='ltr'><strong>tttrum</strong></span> <span class='ocrx_word' id='word_1_69' title='bbox 1185 1271 1418 1341; x_wconf 87' lang='lat' dir='ltr'><strong>Spiritus</strong></span> <span class='ocrx_word' id='word_1_70' title='bbox 1442 1281 1661 1327; x_wconf 89' lang='lat' dir='ltr'><strong>sanctus</strong></span> <span class='ocrx_word' id='word_1_71' title='bbox 1677 1273 1816 1328; x_wconf 87' lang='lat' dir='ltr'><strong>sicut</strong></span> 
     </span>
    </p>
   </div>
   <div class='ocr_carea' id='block_1_12' title="bbox 227 1366 1815 1441">
    <p class='ocr_par' dir='ltr' id='par_1_12' title="bbox 227 1366 1815 1441">
     <span class='ocr_line' id='line_1_12' title="bbox 227 1366 1815 1441; baseline -0.001 -17"><span class='ocrx_word' id='word_1_72' title='bbox 227 1368 471 1441; x_wconf 80' lang='lat' dir='ltr'><strong>procedit</strong></span> <span class='ocrx_word' id='word_1_73' title='bbox 494 1384 524 1421; x_wconf 89' lang='lat' dir='ltr'><strong>a</strong></span> <span class='ocrx_word' id='word_1_74' title='bbox 558 1366 737 1431; x_wconf 78' lang='lat' dir='ltr'><strong>Patre,</strong></span> <span class='ocrx_word' id='word_1_75' title='bbox 772 1367 843 1420; x_wconf 91' lang='lat' dir='ltr'><strong>ita</strong></span> <span class='ocrx_word' id='word_1_76' title='bbox 877 1368 1134 1435; x_wconf 87' lang='lat' dir='ltr'><strong>procedat</strong></span> <span class='ocrx_word' id='word_1_77' title='bbox 1162 1382 1192 1421; x_wconf 92' lang='lat' dir='ltr'><strong>a</strong></span> <span class='ocrx_word' id='word_1_78' title='bbox 1226 1366 1383 1430; x_wconf 83' lang='lat' dir='ltr'><strong>Filio,</strong></span> <span class='ocrx_word' id='word_1_79' title='bbox 1424 1376 1478 1423; x_wconf 90' lang='lat' dir='ltr'><strong>et</strong></span> <span class='ocrx_word' id='word_1_80' title='bbox 1508 1369 1574 1422; x_wconf 85' lang='lat' dir='ltr'><strong>dc</strong></span> <span class='ocrx_word' id='word_1_81' title='bbox 1602 1378 1815 1423; x_wconf 87' lang='lat' dir='ltr'><strong>sancto-</strong></span> 
     </span>
    </p>
   </div>
   <div class='ocr_carea' id='block_1_13' title="bbox 229 1456 1814 1530">
    <p class='ocr_par' dir='ltr' id='par_1_13' title="bbox 229 1456 1814 1530">
     <span class='ocr_line' id='line_1_13' title="bbox 229 1456 1814 1530; baseline -0.001 -16"><span class='ocrx_word' id='word_1_82' title='bbox 229 1474 353 1515; x_wconf 85' lang='lat' dir='ltr'><strong>rum</strong></span> <span class='ocrx_word' id='word_1_83' title='bbox 406 1456 730 1527; x_wconf 75' lang='lat' dir='ltr'><strong>imaginibus</strong></span> <span class='ocrx_word' id='word_1_84' title='bbox 756 1495 771 1521; x_wconf 92' lang='lat'><strong>,</strong></span> <span class='ocrx_word' id='word_1_85' title='bbox 812 1465 1064 1511; x_wconf 88' lang='lat' dir='ltr'><strong>utrumne</strong></span> <span class='ocrx_word' id='word_1_86' title='bbox 1106 1457 1384 1527; x_wconf 46' lang='lat' dir='ltr'><strong>ﬁngendae,</strong></span> <span class='ocrx_word' id='word_1_87' title='bbox 1418 1474 1485 1512; x_wconf 91' lang='lat' dir='ltr'><strong>an</strong></span> <span class='ocrx_word' id='word_1_88' title='bbox 1531 1460 1814 1530; x_wconf 65' lang='lat' dir='ltr'><strong>pingendai</strong></span> 
     </span>
    </p>
   </div>
   <div class='ocr_carea' id='block_1_14' title="bbox 226 1547 1814 1619">
    <p class='ocr_par' dir='ltr' id='par_1_14' title="bbox 226 1547 1814 1619">
     <span class='ocr_line' id='line_1_14' title="bbox 226 1547 1814 1619; baseline 0 -14"><span class='ocrx_word' id='word_1_89' title='bbox 226 1560 414 1606; x_wconf 80' lang='lat' dir='ltr'><strong>essent</strong></span> <span class='ocrx_word' id='word_1_90' title='bbox 464 1550 518 1603; x_wconf 89' lang='lat' dir='ltr'><strong>in</strong></span> <span class='ocrx_word' id='word_1_91' title='bbox 556 1548 821 1604; x_wconf 84' lang='lat' dir='ltr'><strong>ecclesiis.</strong></span> <span class='ocrx_word' id='word_1_92' title='bbox 870 1547 1093 1602; x_wconf 82' lang='lat' dir='ltr'><strong>Sextum</strong></span> <span class='ocrx_word' id='word_1_93' title='bbox 1123 1548 1226 1602; x_wconf 83' lang='lat' dir='ltr'><strong>iter</strong></span> <span class='ocrx_word' id='word_1_94' title='bbox 1256 1548 1459 1604; x_wconf 78' lang='lat' dir='ltr'><strong>faciens</strong></span> <span class='ocrx_word' id='word_1_95' title='bbox 1507 1550 1559 1603; x_wconf 91' lang='lat' dir='ltr'><strong>in</strong></span> <span class='ocrx_word' id='word_1_96' title='bbox 1591 1550 1814 1619; x_wconf 83' lang='lat' dir='ltr'><strong>Aquita-</strong></span> 
     </span>
    </p>
   </div>
   <div class='ocr_carea' id='block_1_15' title="bbox 226 1637 1813 1709">
    <p class='ocr_par' dir='ltr' id='par_1_15' title="bbox 226 1637 1813 1709">
     <span class='ocr_line' id='line_1_15' title="bbox 226 1637 1813 1709; baseline -0.002 -14"><span class='ocrx_word' id='word_1_97' title='bbox 226 1642 374 1695; x_wconf 81' lang='lat' dir='ltr'><strong>niam</strong></span> <span class='ocrx_word' id='word_1_98' title='bbox 409 1638 767 1695; x_wconf 83' lang='lat' dir='ltr'><strong>munitissima</strong></span> <span class='ocrx_word' id='word_1_99' title='bbox 790 1637 904 1691; x_wconf 84' lang='lat' dir='ltr'><strong>loca</strong></span> <span class='ocrx_word' id='word_1_100' title='bbox 930 1637 1159 1707; x_wconf 82' lang='lat' dir='ltr'><strong>plurima</strong></span> <span class='ocrx_word' id='word_1_101' title='bbox 1192 1639 1353 1707; x_wconf 79' lang='lat' dir='ltr'><strong>cepit,</strong></span> <span class='ocrx_word' id='word_1_102' title='bbox 1391 1647 1443 1693; x_wconf 90' lang='lat' dir='ltr'><strong>et</strong></span> <span class='ocrx_word' id='word_1_103' title='bbox 1486 1654 1655 1709; x_wconf 82' lang='lat' dir='ltr'><strong>usque</strong></span> <span class='ocrx_word' id='word_1_104' title='bbox 1703 1637 1813 1694; x_wconf 87' lang='lat' dir='ltr'><strong>Ga-</strong></span> 
     </span>
    </p>
   </div>
   <div class='ocr_carea' id='block_1_16' title="bbox 218 1732 1812 1805">
    <p class='ocr_par' dir='ltr' id='par_1_16' title="bbox 218 1732 1812 1805">
     <span class='ocr_line' id='line_1_16' title="bbox 218 1732 1812 1805; baseline 0.001 -18"><span class='ocrx_word' id='word_1_105' title='bbox 218 1747 459 1787; x_wconf 75' lang='lat' dir='ltr'><strong>runnam</strong></span> <span class='ocrx_word' id='word_1_106' title='bbox 508 1732 805 1801; x_wconf 78' lang='lat' dir='ltr'><strong>pervenit:</strong></span> <span class='ocrx_word' id='word_1_107' title='bbox 857 1745 1109 1786; x_wconf 72' lang='lat' dir='ltr'><strong>reversus</strong></span> <span class='ocrx_word' id='word_1_108' title='bbox 1163 1732 1453 1799; x_wconf 84' lang='lat' dir='ltr'><strong>Bituricas,</strong></span> <span class='ocrx_word' id='word_1_109' title='bbox 1486 1734 1689 1805; x_wconf 90' lang='lat' dir='ltr'><strong>legatos</strong></span> <span class='ocrx_word' id='word_1_110' title='bbox 1744 1735 1812 1789; x_wconf 88' lang='lat' dir='ltr'><strong>de</strong></span> 
     </span>
    </p>
   </div>
   <div class='ocr_carea' id='block_1_17' title="bbox 225 1822 1812 1895">
    <p class='ocr_par' dir='ltr' id='par_1_17' title="bbox 225 1822 1812 1895">
     <span class='ocr_line' id='line_1_17' title="bbox 225 1822 1812 1895; baseline -0.001 -16"><span class='ocrx_word' id='word_1_111' title='bbox 225 1832 410 1879; x_wconf 82' lang='lat' dir='ltr'><strong>morte</strong></span> <span class='ocrx_word' id='word_1_112' title='bbox 432 1822 577 1877; x_wconf 89' lang='lat' dir='ltr'><strong>Pauli</strong></span> <span class='ocrx_word' id='word_1_113' title='bbox 608 1822 835 1878; x_wconf 79' lang='lat' dir='ltr'><strong>Retnani</strong></span> <span class='ocrx_word' id='word_1_114' title='bbox 879 1822 1148 1891; x_wconf 78' lang='lat' dir='ltr'><strong>pontiﬁcis</strong></span> <span class='ocrx_word' id='word_1_115' title='bbox 1192 1824 1419 1894; x_wconf 82' lang='lat' dir='ltr'><strong>accepit.</strong></span> <span class='ocrx_word' id='word_1_116' title='bbox 1452 1824 1694 1895; x_wconf 87' lang='lat' dir='ltr'><strong>Septimo</strong></span> <span class='ocrx_word' id='word_1_117' title='bbox 1723 1825 1812 1878; x_wconf 88' lang='lat' dir='ltr'><strong>iti-</strong></span> 
     </span>
    </p>
   </div>
   <div class='ocr_carea' id='block_1_18' title="bbox 218 1897 1886 1986">
    <p class='ocr_par' dir='ltr' id='par_1_18' title="bbox 218 1897 1886 1986">
     <span class='ocr_line' id='line_1_18' title="bbox 218 1897 1886 1986; baseline 0 -14"><span class='ocrx_word' id='word_1_118' title='bbox 218 1917 342 1973; x_wconf 88' lang='lat' dir='ltr'><strong>neri</strong></span> <span class='ocrx_word' id='word_1_119' title='bbox 377 1916 435 1971; x_wconf 89' lang='lat' dir='ltr'><strong>in</strong></span> <span class='ocrx_word' id='word_1_120' title='bbox 463 1915 801 1986; x_wconf 72' lang='lat' dir='ltr'><strong>Aquitaniam</strong></span> <span class='ocrx_word' id='word_1_121' title='bbox 824 1929 922 1985; x_wconf 89' lang='lat' dir='ltr'><strong>per</strong></span> <span class='ocrx_word' id='word_1_122' title='bbox 957 1915 1221 1969; x_wconf 86' lang='lat' dir='ltr'><strong>Viennam</strong></span> <span class='ocrx_word' id='word_1_123' title='bbox 1264 1915 1552 1970; x_wconf 84' lang='lat' dir='ltr'><strong>transitum</strong></span> <span class='ocrx_word' id='word_1_124' title='bbox 1585 1917 1807 1983; x_wconf 81' lang='lat' dir='ltr'><strong>faciens,</strong></span> <span class='ocrx_word' id='word_1_125' title='bbox 1837 1897 1886 1959; x_wconf 62' lang='grc'><em>³</em></span> 
     </span>
    </p>
   </div>
   <div class='ocr_carea' id='block_1_19' title="bbox 218 2005 1812 2076">
    <p class='ocr_par' dir='ltr' id='par_1_19' title="bbox 218 2005 1812 2076">
     <span class='ocr_line' id='line_1_19' title="bbox 218 2005 1812 2076; baseline 0.001 -14"><span class='ocrx_word' id='word_1_126' title='bbox 218 2009 313 2063; x_wconf 81' lang='lat' dir='ltr'><strong>ubi</strong></span> <span class='ocrx_word' id='word_1_127' title='bbox 346 2017 475 2062; x_wconf 85' lang='lat' dir='ltr'><strong>tunc</strong></span> <span class='ocrx_word' id='word_1_128' title='bbox 496 2008 851 2063; x_wconf 69' lang='lat' dir='ltr'><strong>Viennensem</strong></span> <span class='ocrx_word' id='word_1_129' title='bbox 877 2005 1243 2076; x_wconf 87' lang='lat' dir='ltr'><strong>episcopatum</strong></span> <span class='ocrx_word' id='word_1_130' title='bbox 1275 2015 1395 2076; x_wconf 86' lang='lat' dir='ltr'><strong>post</strong></span> <span class='ocrx_word' id='word_1_131' title='bbox 1419 2007 1622 2076; x_wconf 82' lang='lat' dir='ltr'><strong>aliquot</strong></span> <span class='ocrx_word' id='word_1_132' title='bbox 1643 2022 1812 2063; x_wconf 88' lang='lat' dir='ltr'><strong>annos</strong></span> 
     </span>
    </p>
   </div>
   <div class='ocr_carea' id='block_1_20' title="bbox 218 2098 1812 2171">
    <p class='ocr_par' dir='ltr' id='par_1_20' title="bbox 218 2098 1812 2171">
     <span class='ocr_line' id='line_1_20' title="bbox 218 2098 1812 2171; baseline -0.001 -14"><span class='ocrx_word' id='word_1_133' title='bbox 218 2101 504 2157; x_wconf 77' lang='lat' dir='ltr'><strong>Berterice</strong></span> <span class='ocrx_word' id='word_1_134' title='bbox 520 2100 740 2156; x_wconf 83' lang='lat' dir='ltr'><strong>cuidam</strong></span> <span class='ocrx_word' id='word_1_135' title='bbox 781 2115 847 2155; x_wconf 87' lang='lat' dir='ltr'><strong>ex</strong></span> <span class='ocrx_word' id='word_1_136' title='bbox 891 2098 1095 2154; x_wconf 79' lang='lat' dir='ltr'><strong>familia</strong></span> <span class='ocrx_word' id='word_1_137' title='bbox 1147 2100 1402 2155; x_wconf 64' lang='lat' dir='ltr'><strong>Ecclesia:</strong></span> <span class='ocrx_word' id='word_1_138' title='bbox 1446 2100 1611 2166; x_wconf 89' lang='lat' dir='ltr'><strong>dedit,</strong></span> <span class='ocrx_word' id='word_1_139' title='bbox 1642 2116 1812 2171; x_wconf 86' lang='lat' dir='ltr'><strong>usque</strong></span> 
     </span>
    </p>
   </div>
   <div class='ocr_carea' id='block_1_21' title="bbox 218 2191 1812 2265">
    <p class='ocr_par' dir='ltr' id='par_1_21' title="bbox 218 2191 1812 2265">
     <span class='ocr_line' id='line_1_21' title="bbox 218 2191 1812 2265; baseline -0.003 -14"><span class='ocrx_word' id='word_1_140' title='bbox 218 2195 529 2251; x_wconf 81' lang='lat' dir='ltr'><strong>Sanetouas</strong></span> <span class='ocrx_word' id='word_1_141' title='bbox 554 2193 816 2265; x_wconf 78' lang='lat' dir='ltr'><strong>peruenit.</strong></span> <span class='ocrx_word' id='word_1_142' title='bbox 846 2192 1013 2262; x_wconf 88' lang='lat' dir='ltr'><strong>Capta</strong></span> <span class='ocrx_word' id='word_1_143' title='bbox 1039 2201 1123 2247; x_wconf 89' lang='lat' dir='ltr'><strong>est</strong></span> <span class='ocrx_word' id='word_1_144' title='bbox 1151 2201 1327 2247; x_wconf 85' lang='lat' dir='ltr'><strong>mater</strong></span> <span class='ocrx_word' id='word_1_145' title='bbox 1350 2191 1596 2247; x_wconf 78' lang='lat' dir='ltr'><strong>Wail‘arii</strong></span> <span class='ocrx_word' id='word_1_146' title='bbox 1635 2202 1691 2248; x_wconf 93' lang='lat' dir='ltr'><strong>et</strong></span> <span class='ocrx_word' id='word_1_147' title='bbox 1728 2207 1812 2248; x_wconf 91' lang='lat' dir='ltr'><strong>so-</strong></span> 
     </span>
    </p>
   </div>
   <div class='ocr_carea' id='block_1_22' title="bbox 218 2278 1811 2354">
    <p class='ocr_par' dir='ltr' id='par_1_22' title="bbox 218 2278 1811 2354">
     <span class='ocr_line' id='line_1_22' title="bbox 218 2278 1811 2354; baseline -0.003 -13"><span class='ocrx_word' id='word_1_148' title='bbox 218 2298 373 2341; x_wconf 84' lang='lat' dir='ltr'><strong>rores</strong></span> <span class='ocrx_word' id='word_1_149' title='bbox 405 2285 523 2354; x_wconf 71' lang='lat' dir='ltr'><strong>eius</strong></span> <span class='ocrx_word' id='word_1_150' title='bbox 542 2300 605 2340; x_wconf 86' lang='lat' dir='ltr'><strong>ac</strong></span> <span class='ocrx_word' id='word_1_151' title='bbox 626 2292 832 2354; x_wconf 79' lang='lat' dir='ltr'><strong>neptes.</strong></span> <span class='ocrx_word' id='word_1_152' title='bbox 859 2282 953 2338; x_wconf 82' lang='lat' dir='ltr'><strong>Sic</strong></span> <span class='ocrx_word' id='word_1_153' title='bbox 982 2298 1076 2337; x_wconf 85' lang='lat' dir='ltr'><strong>rex</strong></span> <span class='ocrx_word' id='word_1_154' title='bbox 1101 2278 1592 2352; x_wconf 84' lang='lat' dir='ltr'><strong>usqueGaronnam</strong></span> <span class='ocrx_word' id='word_1_155' title='bbox 1616 2292 1811 2337; x_wconf 81' lang='lat' dir='ltr'><strong>cuncta</strong></span> 
     </span>
    </p>
   </div>
   <div class='ocr_carea' id='block_1_23' title="bbox 217 2371 1812 2448">
    <p class='ocr_par' dir='ltr' id='par_1_23' title="bbox 217 2371 1812 2448">
     <span class='ocr_line' id='line_1_23' title="bbox 217 2371 1812 2448; baseline -0.004 -15"><span class='ocrx_word' id='word_1_156' title='bbox 217 2377 486 2448; x_wconf 84' lang='lat' dir='ltr'><strong>diripuit:</strong></span> <span class='ocrx_word' id='word_1_157' title='bbox 552 2375 676 2433; x_wconf 84' lang='lat' dir='ltr'><strong>inde</strong></span> <span class='ocrx_word' id='word_1_158' title='bbox 737 2374 931 2428; x_wconf 88' lang='lat' dir='ltr'><strong>iterum</strong></span> <span class='ocrx_word' id='word_1_159' title='bbox 982 2373 1301 2442; x_wconf 85' lang='lat' dir='ltr'><strong>interposito</strong></span> <span class='ocrx_word' id='word_1_160' title='bbox 1363 2381 1604 2444; x_wconf 83' lang='lat' dir='ltr'><strong>tempore</strong></span> <span class='ocrx_word' id='word_1_161' title='bbox 1650 2371 1812 2427; x_wconf 86' lang='lat' dir='ltr'><strong>simul</strong></span> 
     </span>
    </p>
   </div>
   <div class='ocr_carea' id='block_1_24' title="bbox 216 2465 1814 2537">
    <p class='ocr_par' dir='ltr' id='par_1_24' title="bbox 216 2465 1814 2537">
     <span class='ocr_line' id='line_1_24' title="bbox 216 2465 1814 2537; baseline -0.003 -13"><span class='ocrx_word' id='word_1_162' title='bbox 216 2486 344 2524; x_wconf 75' lang='lat' dir='ltr'><strong>etim</strong></span> <span class='ocrx_word' id='word_1_163' title='bbox 376 2467 642 2525; x_wconf 73' lang='lat' dir='ltr'><strong>Bertruda</strong></span> <span class='ocrx_word' id='word_1_164' title='bbox 667 2468 850 2537; x_wconf 83' lang='lat' dir='ltr'><strong>regina</strong></span> <span class='ocrx_word' id='word_1_165' title='bbox 898 2467 953 2523; x_wconf 82' lang='lat' dir='ltr'><strong>iu</strong></span> <span class='ocrx_word' id='word_1_166' title='bbox 986 2467 1331 2536; x_wconf 81' lang='lat' dir='ltr'><strong>Aquitaniam</strong></span> <span class='ocrx_word' id='word_1_167' title='bbox 1357 2466 1644 2532; x_wconf 79' lang='lat' dir='ltr'><strong>transiens,</strong></span> <span class='ocrx_word' id='word_1_168' title='bbox 1671 2465 1814 2536; x_wconf 88' lang='lat' dir='ltr'><strong>apud</strong></span> 
     </span>
    </p>
   </div>
   <div class='ocr_carea' id='block_1_25' title="bbox 218 2558 1815 2631">
    <p class='ocr_par' dir='ltr' id='par_1_25' title="bbox 218 2558 1815 2631">
     <span class='ocr_line' id='line_1_25' title="bbox 218 2558 1815 2631; baseline -0.001 -17"><span class='ocrx_word' id='word_1_169' title='bbox 218 2561 602 2631; x_wconf 81' lang='lat' dir='ltr'><strong>Petragoricas</strong></span> <span class='ocrx_word' id='word_1_170' title='bbox 629 2558 953 2614; x_wconf 82' lang='lat' dir='ltr'><strong>Waiiarium</strong></span> <span class='ocrx_word' id='word_1_171' title='bbox 996 2559 1186 2614; x_wconf 83' lang='lat' dir='ltr'><strong>ducem</strong></span> <span class='ocrx_word' id='word_1_172' title='bbox 1229 2559 1514 2615; x_wconf 76' lang='lat' dir='ltr'><strong>interfecit.</strong></span> <span class='ocrx_word' id='word_1_173' title='bbox 1544 2559 1670 2613; x_wconf 88' lang='lat' dir='ltr'><strong>Inde</strong></span> <span class='ocrx_word' id='word_1_174' title='bbox 1689 2566 1815 2628; x_wconf 90' lang='lat' dir='ltr'><strong>post</strong></span> 
     </span>
    </p>
   </div>
   <div class='ocr_carea' id='block_1_26' title="bbox 225 2650 1809 2720">
    <p class='ocr_par' dir='ltr' id='par_1_26' title="bbox 225 2650 1809 2720">
     <span class='ocr_line' id='line_1_26' title="bbox 225 2650 1809 2720; baseline 0.001 -17"><span class='ocrx_word' id='word_1_175' title='bbox 225 2652 517 2709; x_wconf 72' lang='lat' dir='ltr'><strong>victoriam</strong></span> <span class='ocrx_word' id='word_1_176' title='bbox 548 2650 843 2709; x_wconf 71' lang='lat' dir='ltr'><strong>Sauclonas</strong></span> <span class='ocrx_word' id='word_1_177' title='bbox 897 2650 1079 2715; x_wconf 83' lang='lat' dir='ltr'><strong>rediit,</strong></span> <span class='ocrx_word' id='word_1_178' title='bbox 1109 2651 1200 2705; x_wconf 90' lang='lat' dir='ltr'><strong>ubi</strong></span> <span class='ocrx_word' id='word_1_179' title='bbox 1232 2651 1476 2720; x_wconf 75' lang='lat' dir='ltr'><strong>reginam</strong></span> <span class='ocrx_word' id='word_1_180' title='bbox 1508 2650 1809 2716; x_wconf 80' lang='lat' dir='ltr'><strong>dimiserat,</strong></span> 
     </span>
    </p>
   </div>
   <div class='ocr_carea' id='block_1_27' title="bbox 218 2742 1810 2815">
    <p class='ocr_par' dir='ltr' id='par_1_27' title="bbox 218 2742 1810 2815">
     <span class='ocr_line' id='line_1_27' title="bbox 218 2742 1810 2815; baseline 0 -18"><span class='ocrx_word' id='word_1_181' title='bbox 218 2752 280 2798; x_wconf 86' lang='lat' dir='ltr'><strong>et</strong></span> <span class='ocrx_word' id='word_1_182' title='bbox 304 2753 573 2815; x_wconf 59' lang='grc' dir='ltr'><strong>,σωκ</strong></span> <span class='ocrx_word' id='word_1_183' title='bbox 589 2744 788 2813; x_wconf 72' lang='lat' dir='ltr'><strong>capit:</strong></span> <span class='ocrx_word' id='word_1_184' title='bbox 819 2743 942 2801; x_wconf 83' lang='lat' dir='ltr'><strong>inde</strong></span> <span class='ocrx_word' id='word_1_185' title='bbox 962 2745 1222 2798; x_wconf 80' lang='lat' dir='ltr'><strong>orationis</strong></span> <span class='ocrx_word' id='word_1_186' title='bbox 1257 2745 1429 2815; x_wconf 89' lang='lat' dir='ltr'><strong>gratia</strong></span> <span class='ocrx_word' id='word_1_187' title='bbox 1462 2742 1528 2796; x_wconf 84' lang='lat' dir='ltr'><strong>ad</strong></span> <span class='ocrx_word' id='word_1_188' title='bbox 1561 2751 1810 2798; x_wconf 83' lang='lat' dir='ltr'><strong>sanetum</strong></span> 
     </span>
    </p>
   </div>
   <div class='ocr_carea' id='block_1_28' title="bbox 216 2833 1812 2907">
    <p class='ocr_par' dir='ltr' id='par_1_28' title="bbox 216 2833 1812 2907">
     <span class='ocr_line' id='line_1_28' title="bbox 216 2833 1812 2907; baseline 0 -18"><span class='ocrx_word' id='word_1_189' title='bbox 216 2835 517 2890; x_wconf 62' lang='lat' dir='ltr'><strong>laminam</strong></span> <span class='ocrx_word' id='word_1_190' title='bbox 532 2835 701 2890; x_wconf 72' lang='lat' dir='ltr'><strong>venit.</strong></span> <span class='ocrx_word' id='word_1_191' title='bbox 732 2833 819 2890; x_wconf 74' lang='lat' dir='ltr'><strong>Ad</strong></span> <span class='ocrx_word' id='word_1_192' title='bbox 841 2844 1095 2893; x_wconf 84' lang='lat' dir='ltr'><strong>sanctum</strong></span> <span class='ocrx_word' id='word_1_193' title='bbox 1114 2834 1429 2907; x_wconf 85' lang='lat' dir='ltr'><strong>Dionysium</strong></span> <span class='ocrx_word' id='word_1_194' title='bbox 1450 2849 1664 2905; x_wconf 87' lang='lat' dir='ltr'><strong>quoque</strong></span> <span class='ocrx_word' id='word_1_195' title='bbox 1686 2849 1812 2906; x_wconf 85' lang='lat' dir='ltr'><strong>per-</strong></span> 
     </span>
    </p>
   </div>
   <div class='ocr_carea' id='block_1_29' title="bbox 216 2922 1814 2987">
    <p class='ocr_par' dir='ltr' id='par_1_29' title="bbox 216 2922 1814 2987">
     <span class='ocr_line' id='line_1_29' title="bbox 216 2922 1814 2987; baseline 0.001 -7"><span class='ocrx_word' id='word_1_196' title='bbox 216 2924 469 2987; x_wconf 77' lang='lat' dir='ltr'><strong>veniens,</strong></span> <span class='ocrx_word' id='word_1_197' title='bbox 503 2935 695 2981; x_wconf 82' lang='lat' dir='ltr'><strong>ectava</strong></span> <span class='ocrx_word' id='word_1_198' title='bbox 732 2924 954 2980; x_wconf 72' lang='lat' dir='ltr'><strong>Kalend.</strong></span> <span class='ocrx_word' id='word_1_199' title='bbox 992 2922 1186 2981; x_wconf 82' lang='lat' dir='ltr'><strong>Octob.</strong></span> <span class='ocrx_word' id='word_1_200' title='bbox 1237 2940 1381 2980; x_wconf 87' lang='lat' dir='ltr'><strong>anno</strong></span> <span class='ocrx_word' id='word_1_201' title='bbox 1418 2924 1814 2981; x_wconf 86' lang='lat' dir='ltr'><strong>Incarnationis</strong></span> 
     </span>
    </p>
   </div>
   <div class='ocr_carea' id='block_1_30' title="bbox 217 3014 1809 3086">
    <p class='ocr_par' dir='ltr' id='par_1_30' title="bbox 217 3014 1809 3086">
     <span class='ocr_line' id='line_1_30' title="bbox 217 3014 1809 3086; baseline 0 -15"><span class='ocrx_word' id='word_1_202' title='bbox 217 3015 438 3071; x_wconf 83' lang='lat' dir='ltr'><strong>Domini</strong></span> <span class='ocrx_word' id='word_1_203' title='bbox 476 3015 956 3086; x_wconf 70' lang='lat' dir='ltr'><strong>septingentesimo</strong></span> <span class='ocrx_word' id='word_1_204' title='bbox 1003 3014 1340 3086; x_wconf 75' lang='lat' dir='ltr'><strong>sexagesimo</strong></span> <span class='ocrx_word' id='word_1_205' title='bbox 1384 3024 1580 3072; x_wconf 86' lang='lat' dir='ltr'><strong>octavo</strong></span> <span class='ocrx_word' id='word_1_206' title='bbox 1629 3016 1809 3071; x_wconf 89' lang='lat' dir='ltr'><strong>obiit:</strong></span> 
     </span>
    </p>
   </div>
   <div class='ocr_carea' id='block_1_31' title="bbox 214 3108 1810 3182">
    <p class='ocr_par' dir='ltr' id='par_1_31' title="bbox 214 3108 1810 3182">
     <span class='ocr_line' id='line_1_31' title="bbox 214 3108 1810 3182; baseline 0.001 -19"><span class='ocrx_word' id='word_1_207' title='bbox 214 3111 469 3182; x_wconf 74' lang='lat' dir='ltr'><strong>regnavit</strong></span> <span class='ocrx_word' id='word_1_208' title='bbox 496 3119 674 3165; x_wconf 86' lang='lat' dir='ltr'><strong>autem</strong></span> <span class='ocrx_word' id='word_1_209' title='bbox 718 3118 839 3180; x_wconf 87' lang='lat' dir='ltr'><strong>post</strong></span> <span class='ocrx_word' id='word_1_210' title='bbox 873 3110 1018 3165; x_wconf 87' lang='lat' dir='ltr'><strong>diem</strong></span> <span class='ocrx_word' id='word_1_211' title='bbox 1048 3109 1321 3165; x_wconf 83' lang='lat' dir='ltr'><strong>unctionis</strong></span> <span class='ocrx_word' id='word_1_212' title='bbox 1365 3124 1477 3165; x_wconf 74' lang='lat' dir='ltr'><strong>suat</strong></span> <span class='ocrx_word' id='word_1_213' title='bbox 1514 3108 1810 3164; x_wconf 87' lang='lat' dir='ltr'><strong>octodecim</strong></span> 
     </span>
    </p>
   </div>
   <div class='ocr_carea' id='block_1_32' title="bbox 216 3200 1813 3274">
    <p class='ocr_par' dir='ltr' id='par_1_32' title="bbox 216 3200 1813 3274">
     <span class='ocr_line' id='line_1_32' title="bbox 216 3200 1813 3274; baseline 0 -16"><span class='ocrx_word' id='word_1_214' title='bbox 216 3203 377 3259; x_wconf 86' lang='lat' dir='ltr'><strong>annis</strong></span> <span class='ocrx_word' id='word_1_215' title='bbox 409 3202 570 3273; x_wconf 76' lang='lat' dir='ltr'><strong>paulo</strong></span> <span class='ocrx_word' id='word_1_216' title='bbox 615 3201 868 3274; x_wconf 78' lang='lat' dir='ltr'><strong>amplius.</strong></span> <span class='ocrx_word' id='word_1_217' title='bbox 919 3200 1152 3257; x_wconf 86' lang='lat' dir='ltr'><strong>Gloriosi</strong></span> <span class='ocrx_word' id='word_1_218' title='bbox 1184 3201 1277 3256; x_wconf 85' lang='lat' dir='ltr'><strong>lilii</strong></span> <span class='ocrx_word' id='word_1_219' title='bbox 1321 3202 1466 3258; x_wconf 90' lang='lat' dir='ltr'><strong>illius</strong></span> <span class='ocrx_word' id='word_1_220' title='bbox 1508 3201 1732 3258; x_wconf 81' lang='lat' dir='ltr'><strong>Carolus</strong></span> <span class='ocrx_word' id='word_1_221' title='bbox 1757 3211 1813 3258; x_wconf 86' lang='lat' dir='ltr'><strong>et</strong></span> 
     </span>
    </p>
   </div>
   <div class='ocr_carea' id='block_1_33' title="bbox 217 3294 1810 3366">
    <p class='ocr_par' dir='ltr' id='par_1_33' title="bbox 217 3294 1810 3366">
     <span class='ocr_line' id='line_1_33' title="bbox 217 3294 1810 3366; baseline -0.001 -15"><span class='ocrx_word' id='word_1_222' title='bbox 217 3295 615 3352; x_wconf 80' lang='lat' dir='ltr'><strong>Carlotnannus</strong></span> <span class='ocrx_word' id='word_1_223' title='bbox 640 3295 697 3349; x_wconf 92' lang='lat' dir='ltr'><strong>in</strong></span> <span class='ocrx_word' id='word_1_224' title='bbox 722 3309 947 3366; x_wconf 80' lang='lat' dir='ltr'><strong>regnum</strong></span> <span class='ocrx_word' id='word_1_225' title='bbox 961 3294 1291 3351; x_wconf 79' lang='lat' dir='ltr'><strong>Francorum</strong></span> <span class='ocrx_word' id='word_1_226' title='bbox 1318 3294 1510 3350; x_wconf 89' lang='lat' dir='ltr'><strong>elevati</strong></span> <span class='ocrx_word' id='word_1_227' title='bbox 1539 3302 1682 3348; x_wconf 91' lang='lat' dir='ltr'><strong>sunt.</strong></span> <span class='ocrx_word' id='word_1_228' title='bbox 1708 3295 1810 3349; x_wconf 86' lang='lat' dir='ltr'><strong>Ca-</strong></span> 
     </span>
    </p>
   </div>
   <div class='ocr_carea' id='block_1_34' title="bbox 218 3385 1805 3451">
    <p class='ocr_par' dir='ltr' id='par_1_34' title="bbox 218 3385 1805 3451">
     <span class='ocr_line' id='line_1_34' title="bbox 218 3385 1805 3451; baseline -0.003 -6"><span class='ocrx_word' id='word_1_229' title='bbox 218 3388 369 3445; x_wconf 78' lang='lat' dir='ltr'><strong>rolus</strong></span> <span class='ocrx_word' id='word_1_230' title='bbox 391 3387 453 3442; x_wconf 80' lang='lat' dir='ltr'><strong>in</strong></span> <span class='ocrx_word' id='word_1_231' title='bbox 497 3385 753 3445; x_wconf 77' lang='lat' dir='ltr'><strong>Novioma</strong></span> <span class='ocrx_word' id='word_1_232' title='bbox 781 3387 1018 3451; x_wconf 78' lang='lat' dir='ltr'><strong>civitate,</strong></span> <span class='ocrx_word' id='word_1_233' title='bbox 1049 3386 1439 3442; x_wconf 86' lang='lat' dir='ltr'><strong>Carlomannus</strong></span> <span class='ocrx_word' id='word_1_234' title='bbox 1477 3386 1805 3442; x_wconf 87' lang='lat' dir='ltr'><strong>Suessionis.</strong></span> 
     </span>
    </p>
   </div>
   <div class='ocr_carea' id='block_1_35' title="bbox 218 3478 1809 3549">
    <p class='ocr_par' dir='ltr' id='par_1_35' title="bbox 218 3478 1809 3549">
     <span class='ocr_line' id='line_1_35' title="bbox 218 3478 1809 3549; baseline -0.001 -14"><span class='ocrx_word' id='word_1_235' title='bbox 218 3480 448 3535; x_wconf 77' lang='lat' dir='ltr'><strong>Canolus</strong></span> <span class='ocrx_word' id='word_1_236' title='bbox 493 3495 585 3534; x_wconf 82' lang='lat' dir='ltr'><strong>rex</strong></span> <span class='ocrx_word' id='word_1_237' title='bbox 627 3480 687 3534; x_wconf 72' lang='lat' dir='ltr'><strong>in</strong></span> <span class='ocrx_word' id='word_1_238' title='bbox 709 3479 1051 3549; x_wconf 70' lang='lat' dir='ltr'><strong>Aquitaniam</strong></span> <span class='ocrx_word' id='word_1_239' title='bbox 1080 3488 1267 3535; x_wconf 81' lang='lat' dir='ltr'><strong>contra</strong></span> <span class='ocrx_word' id='word_1_240' title='bbox 1301 3478 1603 3534; x_wconf 80' lang='lat' dir='ltr'><strong>lluneldum</strong></span> <span class='ocrx_word' id='word_1_241' title='bbox 1636 3478 1809 3533; x_wconf 81' lang='lat' dir='ltr'><strong>rebel-</strong></span> 
     </span>
    </p>
   </div>
   <div class='ocr_carea' id='block_1_36' title="bbox 218 3568 1809 3642">
    <p class='ocr_par' dir='ltr' id='par_1_36' title="bbox 218 3568 1809 3642">
     <span class='ocr_line' id='line_1_36' title="bbox 218 3568 1809 3642; baseline -0.001 -18"><span class='ocrx_word' id='word_1_242' title='bbox 218 3570 427 3626; x_wconf 80' lang='lat' dir='ltr'><strong>lantem</strong></span> <span class='ocrx_word' id='word_1_243' title='bbox 476 3572 759 3642; x_wconf 55' lang='lat' dir='ltr'><strong>ingressus</strong></span> <span class='ocrx_word' id='word_1_244' title='bbox 774 3579 879 3625; x_wconf 82' lang='lat' dir='ltr'><strong>est.</strong></span> <span class='ocrx_word' id='word_1_245' title='bbox 915 3570 1163 3639; x_wconf 77' lang='lat' dir='ltr'><strong>Misitque</strong></span> <span class='ocrx_word' id='word_1_246' title='bbox 1204 3569 1411 3641; x_wconf 77' lang='lat' dir='ltr'><strong>legatos</strong></span> <span class='ocrx_word' id='word_1_247' title='bbox 1439 3584 1568 3624; x_wconf 85' lang='lat' dir='ltr'><strong>suos</strong></span> <span class='ocrx_word' id='word_1_248' title='bbox 1593 3570 1663 3623; x_wconf 85' lang='lat' dir='ltr'><strong>ad</strong></span> <span class='ocrx_word' id='word_1_249' title='bbox 1702 3568 1809 3623; x_wconf 82' lang='lat' dir='ltr'><strong>Lu-</strong></span> 
     </span>
    </p>
   </div>
   <div class='ocr_carea' id='block_1_37' title="bbox 218 3662 1810 3733">
    <p class='ocr_par' dir='ltr' id='par_1_37' title="bbox 218 3662 1810 3733">
     <span class='ocr_line' id='line_1_37' title="bbox 218 3662 1810 3733; baseline -0.004 -12"><span class='ocrx_word' id='word_1_250' title='bbox 218 3680 352 3733; x_wconf 84' lang='lat' dir='ltr'><strong>pum</strong></span> <span class='ocrx_word' id='word_1_251' title='bbox 375 3662 705 3718; x_wconf 78' lang='lat' dir='ltr'><strong>Waseaoum</strong></span> <span class='ocrx_word' id='word_1_252' title='bbox 730 3662 948 3727; x_wconf 75' lang='lat' dir='ltr'><strong>ducam,</strong></span> <span class='ocrx_word' id='word_1_253' title='bbox 979 3673 1037 3717; x_wconf 86' lang='lat' dir='ltr'><strong>et</strong></span> <span class='ocrx_word' id='word_1_254' title='bbox 1060 3662 1189 3717; x_wconf 82' lang='lat' dir='ltr'><strong>inde</strong></span> <span class='ocrx_word' id='word_1_255' title='bbox 1216 3662 1482 3716; x_wconf 80' lang='lat' dir='ltr'><strong>adductus</strong></span> <span class='ocrx_word' id='word_1_256' title='bbox 1506 3669 1588 3715; x_wconf 86' lang='lat' dir='ltr'><strong>est</strong></span> <span class='ocrx_word' id='word_1_257' title='bbox 1616 3675 1810 3730; x_wconf 82' lang='lat' dir='ltr'><strong>supra-</strong></span> 
     </span>
    </p>
   </div>
   <div class='ocr_carea' id='block_1_38' title="bbox 222 3753 1809 3824">
    <p class='ocr_par' dir='ltr' id='par_1_38' title="bbox 222 3753 1809 3824">
     <span class='ocr_line' id='line_1_38' title="bbox 222 3753 1809 3824; baseline -0.003 -12"><span class='ocrx_word' id='word_1_258' title='bbox 222 3755 405 3812; x_wconf 82' lang='lat' dir='ltr'><strong>dictus</strong></span> <span class='ocrx_word' id='word_1_259' title='bbox 429 3755 726 3822; x_wconf 77' lang='lat' dir='ltr'><strong>lluuoldus,</strong></span> <span class='ocrx_word' id='word_1_260' title='bbox 752 3770 858 3817; x_wconf 74' lang='lat' dir='ltr'><strong>una</strong></span> <span class='ocrx_word' id='word_1_261' title='bbox 886 3770 1010 3809; x_wconf 85' lang='lat' dir='ltr'><strong>cum</strong></span> <span class='ocrx_word' id='word_1_262' title='bbox 1035 3766 1203 3809; x_wconf 86' lang='lat' dir='ltr'><strong>uxore</strong></span> <span class='ocrx_word' id='word_1_263' title='bbox 1227 3769 1327 3807; x_wconf 88' lang='lat' dir='ltr'><strong>sua</strong></span> <span class='ocrx_word' id='word_1_264' title='bbox 1356 3753 1556 3809; x_wconf 85' lang='lat' dir='ltr'><strong>Bertba</strong></span> <span class='ocrx_word' id='word_1_265' title='bbox 1599 3754 1809 3824; x_wconf 81' lang='lat' dir='ltr'><strong>regina,</strong></span> 
     </span>
    </p>
   </div>
   <div class='ocr_carea' id='block_1_39' title="bbox 218 3847 1814 3920">
    <p class='ocr_par' dir='ltr' id='par_1_39' title="bbox 218 3847 1814 3920">
     <span class='ocr_line' id='line_1_39' title="bbox 218 3847 1814 3920; baseline -0.003 -17"><span class='ocrx_word' id='word_1_266' title='bbox 218 3863 322 3920; x_wconf 84' lang='lat' dir='ltr'><strong>per</strong></span> <span class='ocrx_word' id='word_1_267' title='bbox 372 3849 707 3919; x_wconf 76' lang='lat' dir='ltr'><strong>Bajovariam</strong></span> <span class='ocrx_word' id='word_1_268' title='bbox 744 3849 986 3918; x_wconf 79' lang='lat' dir='ltr'><strong>perrexit</strong></span> <span class='ocrx_word' id='word_1_269' title='bbox 1014 3847 1071 3902; x_wconf 90' lang='lat' dir='ltr'><strong>in</strong></span> <span class='ocrx_word' id='word_1_270' title='bbox 1117 3847 1344 3903; x_wconf 88' lang='lat' dir='ltr'><strong>Italiam.</strong></span> <span class='ocrx_word' id='word_1_271' title='bbox 1377 3848 1536 3902; x_wconf 78' lang='lat' dir='ltr'><strong>Auno</strong></span> <span class='ocrx_word' id='word_1_272' title='bbox 1565 3847 1814 3903; x_wconf 86' lang='lat' dir='ltr'><strong>Incarua.</strong></span> 
     </span>
    </p>
   </div>
   <div class='ocr_carea' id='block_1_40' title="bbox 222 3939 1808 4011">
    <p class='ocr_par' dir='ltr' id='par_1_40' title="bbox 222 3939 1808 4011">
     <span class='ocr_line' id='line_1_40' title="bbox 222 3939 1808 4011; baseline -0.003 -16"><span class='ocrx_word' id='word_1_273' title='bbox 222 3941 387 3997; x_wconf 87' lang='lat' dir='ltr'><strong>tionis</strong></span> <span class='ocrx_word' id='word_1_274' title='bbox 413 3939 624 3997; x_wconf 84' lang='lat' dir='ltr'><strong>Domini</strong></span> <span class='ocrx_word' id='word_1_275' title='bbox 663 3939 1141 4011; x_wconf 72' lang='lat' dir='ltr'><strong>septingentesimo</strong></span> <span class='ocrx_word' id='word_1_276' title='bbox 1181 3940 1579 4009; x_wconf 62' lang='lat' dir='ltr'><strong>septingesimo</strong></span> <span class='ocrx_word' id='word_1_277' title='bbox 1614 3939 1808 4009; x_wconf 82' lang='lat' dir='ltr'><strong>primo.</strong></span> 
     </span>
    </p>
   </div>
   <div class='ocr_carea' id='block_1_41' title="bbox 218 4031 1813 4101">
    <p class='ocr_par' dir='ltr' id='par_1_41' title="bbox 218 4031 1813 4101">
     <span class='ocr_line' id='line_1_41' title="bbox 218 4031 1813 4101; baseline -0.003 -11"><span class='ocrx_word' id='word_1_278' title='bbox 218 4032 620 4090; x_wconf 82' lang='lat' dir='ltr'><strong>Carlomannus</strong></span> <span class='ocrx_word' id='word_1_279' title='bbox 639 4032 925 4087; x_wconf 77' lang='lat' dir='ltr'><strong>defunctus</strong></span> <span class='ocrx_word' id='word_1_280' title='bbox 951 4043 1030 4088; x_wconf 83' lang='lat' dir='ltr'><strong>est</strong></span> <span class='ocrx_word' id='word_1_281' title='bbox 1072 4034 1123 4086; x_wconf 90' lang='lat' dir='ltr'><strong>in</strong></span> <span class='ocrx_word' id='word_1_282' title='bbox 1152 4031 1274 4086; x_wconf 85' lang='lat' dir='ltr'><strong>villa</strong></span> <span class='ocrx_word' id='word_1_283' title='bbox 1304 4048 1441 4101; x_wconf 66' lang='lat' dir='ltr'><strong>quae</strong></span> <span class='ocrx_word' id='word_1_284' title='bbox 1470 4033 1671 4089; x_wconf 89' lang='lat' dir='ltr'><strong>dicitur</strong></span> <span class='ocrx_word' id='word_1_285' title='bbox 1694 4032 1813 4087; x_wconf 71' lang='lat' dir='ltr'><strong>Sal-</strong></span> 
     </span>
    </p>
   </div>
   <div class='ocr_carea' id='block_1_42' title="bbox 218 4123 1813 4194">
    <p class='ocr_par' dir='ltr' id='par_1_42' title="bbox 218 4123 1813 4194">
     <span class='ocr_line' id='line_1_42' title="bbox 218 4123 1813 4194; baseline -0.001 -13"><span class='ocrx_word' id='word_1_286' title='bbox 218 4125 566 4187; x_wconf 82' lang='lat' dir='ltr'><strong>montiacus,</strong></span> <span class='ocrx_word' id='word_1_287' title='bbox 621 4125 794 4194; x_wconf 80' lang='lat' dir='ltr'><strong>pridie</strong></span> <span class='ocrx_word' id='word_1_288' title='bbox 849 4138 1021 4179; x_wconf 70' lang='lat' dir='ltr'><strong>notus</strong></span> <span class='ocrx_word' id='word_1_289' title='bbox 1080 4123 1427 4179; x_wconf 76' lang='lat' dir='ltr'><strong>Decembres.</strong></span> <span class='ocrx_word' id='word_1_290' title='bbox 1486 4125 1631 4180; x_wconf 88' lang='lat' dir='ltr'><strong>Uxor</strong></span> <span class='ocrx_word' id='word_1_291' title='bbox 1685 4138 1813 4180; x_wconf 86' lang='lat' dir='ltr'><strong>vero</strong></span> 
     </span>
    </p>
   </div>
   <div class='ocr_carea' id='block_1_43' title="bbox 218 4214 1809 4287">
    <p class='ocr_par' dir='ltr' id='par_1_43' title="bbox 218 4214 1809 4287">
     <span class='ocr_line' id='line_1_43' title="bbox 218 4214 1809 4287; baseline -0.003 -14"><span class='ocrx_word' id='word_1_292' title='bbox 218 4217 369 4273; x_wconf 85' lang='lat' dir='ltr'><strong>illius</strong></span> <span class='ocrx_word' id='word_1_293' title='bbox 406 4231 527 4271; x_wconf 89' lang='lat' dir='ltr'><strong>cum</strong></span> <span class='ocrx_word' id='word_1_294' title='bbox 557 4216 830 4287; x_wconf 83' lang='lat' dir='ltr'><strong>aliquibus</strong></span> <span class='ocrx_word' id='word_1_295' title='bbox 855 4214 1083 4271; x_wconf 75' lang='lat' dir='ltr'><strong>Francis</strong></span> <span class='ocrx_word' id='word_1_296' title='bbox 1111 4218 1351 4286; x_wconf 86' lang='lat' dir='ltr'><strong>ingressa</strong></span> <span class='ocrx_word' id='word_1_297' title='bbox 1378 4225 1460 4271; x_wconf 88' lang='lat' dir='ltr'><strong>est</strong></span> <span class='ocrx_word' id='word_1_298' title='bbox 1496 4217 1551 4269; x_wconf 87' lang='lat' dir='ltr'><strong>in</strong></span> <span class='ocrx_word' id='word_1_299' title='bbox 1582 4215 1809 4269; x_wconf 82' lang='lat' dir='ltr'><strong>Italiam.</strong></span> 
     </span>
    </p>
   </div>
   <div class='ocr_carea' id='block_1_44' title="bbox 217 4306 1811 4394">
    <p class='ocr_par' dir='ltr' id='par_1_44' title="bbox 217 4306 1811 4394">
     <span class='ocr_line' id='line_1_44' title="bbox 217 4306 1811 4394; baseline -0.003 -30"><span class='ocrx_word' id='word_1_300' title='bbox 217 4309 292 4364; x_wconf 72' lang='lat' dir='ltr'><strong>At</strong></span> <span class='ocrx_word' id='word_1_301' title='bbox 348 4307 641 4364; x_wconf 75' lang='lat' dir='ltr'><strong>nobiliores</strong></span> <span class='ocrx_word' id='word_1_302' title='bbox 695 4307 889 4361; x_wconf 69' lang='lat' dir='ltr'><strong>Franci</strong></span> <span class='ocrx_word' id='word_1_303' title='bbox 924 4323 1048 4363; x_wconf 78' lang='lat' dir='ltr'><strong>eum</strong></span> <span class='ocrx_word' id='word_1_304' title='bbox 1099 4307 1368 4377; x_wconf 75' lang='lat' dir='ltr'><strong>episcopis</strong></span> <span class='ocrx_word' id='word_1_305' title='bbox 1409 4315 1464 4361; x_wconf 90' lang='lat' dir='ltr'><strong>et</strong></span> <span class='ocrx_word' id='word_1_306' title='bbox 1501 4306 1811 4394; x_wconf 44' lang='lat' dir='ltr'><strong>comitibus;</strong></span> 
     </span>
    </p>
   </div>
   <div class='ocr_carea' id='block_1_45' title="bbox 220 4397 1814 4473">
    <p class='ocr_par' dir='ltr' id='par_1_45' title="bbox 220 4397 1814 4473">
     <span class='ocr_line' id='line_1_45' title="bbox 220 4397 1814 4473; baseline 0.001 -21"><span class='ocrx_word' id='word_1_307' title='bbox 220 4399 475 4473; x_wconf 80' lang='lat' dir='ltr'><strong>glorioso:</strong></span> <span class='ocrx_word' id='word_1_308' title='bbox 498 4399 610 4469; x_wconf 45' lang='lat' dir='ltr'><strong>rem</strong></span> <span class='ocrx_word' id='word_1_309' title='bbox 648 4397 847 4455; x_wconf 83' lang='lat' dir='ltr'><strong>Carolo</strong></span> <span class='ocrx_word' id='word_1_310' title='bbox 870 4414 932 4453; x_wconf 80' lang='lat' dir='ltr'><strong>se</strong></span> <span class='ocrx_word' id='word_1_311' title='bbox 978 4401 1388 4454; x_wconf 79' lang='lat' dir='ltr'><strong>commiserunt.</strong></span> <span class='ocrx_word' id='word_1_312' title='bbox 1415 4397 1695 4455; x_wconf 82' lang='lat' dir='ltr'><strong>Gloriosus</strong></span> <span class='ocrx_word' id='word_1_313' title='bbox 1718 4406 1814 4453; x_wconf 80' lang='lat' dir='ltr'><strong>rex</strong></span> 
     </span>
    </p>
   </div>
   <div class='ocr_carea' id='block_1_46' title="bbox 219 4489 1810 4559">
    <p class='ocr_par' dir='ltr' id='par_1_46' title="bbox 219 4489 1810 4559">
     <span class='ocr_line' id='line_1_46' title="bbox 219 4489 1810 4559; baseline -0.003 -10"><span class='ocrx_word' id='word_1_314' title='bbox 219 4490 450 4549; x_wconf 76' lang='lat' dir='ltr'><strong>Carolus</strong></span> <span class='ocrx_word' id='word_1_315' title='bbox 499 4489 891 4547; x_wconf 78' lang='lat' dir='ltr'><strong>Ardurmeusul</strong></span> <span class='ocrx_word' id='word_1_316' title='bbox 929 4490 1117 4546; x_wconf 76' lang='lat' dir='ltr'><strong>latium</strong></span> <span class='ocrx_word' id='word_1_317' title='bbox 1148 4491 1422 4545; x_wconf 75' lang='lat' dir='ltr'><strong>Saxonum</strong></span> <span class='ocrx_word' id='word_1_318' title='bbox 1472 4490 1687 4559; x_wconf 83' lang='lat' dir='ltr'><strong>penitus</strong></span> <span class='ocrx_word' id='word_1_319' title='bbox 1714 4490 1810 4545; x_wconf 79' lang='lat' dir='ltr'><strong>de-</strong></span> 
     </span>
    </p>
   </div>
   <div class='ocr_carea' id='block_1_47' title="bbox 220 4580 1808 4653">
    <p class='ocr_par' dir='ltr' id='par_1_47' title="bbox 220 4580 1808 4653">
     <span class='ocr_line' id='line_1_47' title="bbox 220 4580 1808 4653; baseline -0.003 -14"><span class='ocrx_word' id='word_1_320' title='bbox 220 4584 465 4640; x_wconf 84' lang='lat' dir='ltr'><strong>struxit:</strong></span> <span class='ocrx_word' id='word_1_321' title='bbox 498 4583 587 4637; x_wconf 91' lang='lat' dir='ltr'><strong>ubi</strong></span> <span class='ocrx_word' id='word_1_322' title='bbox 607 4598 733 4639; x_wconf 89' lang='lat' dir='ltr'><strong>cum</strong></span> <span class='ocrx_word' id='word_1_323' title='bbox 759 4582 1032 4638; x_wconf 78' lang='lat' dir='ltr'><strong>exercitus</strong></span> <span class='ocrx_word' id='word_1_324' title='bbox 1058 4583 1208 4653; x_wconf 81' lang='lat' dir='ltr'><strong>gravi</strong></span> <span class='ocrx_word' id='word_1_325' title='bbox 1238 4582 1333 4636; x_wconf 85' lang='lat' dir='ltr'><strong>siti</strong></span> <span class='ocrx_word' id='word_1_326' title='bbox 1366 4580 1660 4643; x_wconf 78' lang='lat' dir='ltr'><strong>laboraret,</strong></span> <span class='ocrx_word' id='word_1_327' title='bbox 1690 4580 1808 4635; x_wconf 46' lang='lat' dir='ltr'><strong>me;</strong></span> 
     </span>
    </p>
   </div>
   <div class='ocr_carea' id='block_1_48' title="bbox 221 4672 1813 4744">
    <p class='ocr_par' dir='ltr' id='par_1_48' title="bbox 221 4672 1813 4744">
     <span class='ocr_line' id='line_1_48' title="bbox 221 4672 1813 4744; baseline -0.005 -9"><span class='ocrx_word' id='word_1_328' title='bbox 221 4676 317 4735; x_wconf 73' lang='lat' dir='ltr'><strong>dio</strong></span> <span class='ocrx_word' id='word_1_329' title='bbox 361 4675 448 4730; x_wconf 84' lang='lat' dir='ltr'><strong>die</strong></span> <span class='ocrx_word' id='word_1_330' title='bbox 476 4674 657 4730; x_wconf 85' lang='lat' dir='ltr'><strong>subito</strong></span> <span class='ocrx_word' id='word_1_331' title='bbox 683 4689 748 4729; x_wconf 82' lang='lat' dir='ltr'><strong>ex</strong></span> <span class='ocrx_word' id='word_1_332' title='bbox 773 4675 1003 4743; x_wconf 79' lang='lat' dir='ltr'><strong>quodam</strong></span> <span class='ocrx_word' id='word_1_333' title='bbox 1044 4683 1282 4729; x_wconf 83' lang='lat' dir='ltr'><strong>torrente</strong></span> <span class='ocrx_word' id='word_1_334' title='bbox 1313 4672 1632 4742; x_wconf 67' lang='lat' dir='ltr'><strong>largissimae</strong></span> <span class='ocrx_word' id='word_1_335' title='bbox 1658 4688 1813 4744; x_wconf 65' lang='lat' dir='ltr'><strong>aquae</strong></span> 
     </span>
    </p>
   </div>
   <div class='ocr_carea' id='block_1_49' title="bbox 220 4763 1817 4834">
    <p class='ocr_par' dir='ltr' id='par_1_49' title="bbox 220 4763 1817 4834">
     <span class='ocr_line' id='line_1_49' title="bbox 220 4763 1817 4834; baseline -0.004 -14"><span class='ocrx_word' id='word_1_336' title='bbox 220 4773 637 4829; x_wconf 79' lang='lat' dir='ltr'><strong>etuauaverunt,</strong></span> <span class='ocrx_word' id='word_1_337' title='bbox 668 4779 789 4834; x_wconf 68' lang='lat' dir='ltr'><strong>quae</strong></span> <span class='ocrx_word' id='word_1_338' title='bbox 814 4763 1123 4821; x_wconf 72' lang='lat' dir='ltr'><strong>sufﬁcerent</strong></span> <span class='ocrx_word' id='word_1_339' title='bbox 1144 4773 1341 4820; x_wconf 90' lang='lat' dir='ltr'><strong>cuncto</strong></span> <span class='ocrx_word' id='word_1_340' title='bbox 1368 4764 1630 4820; x_wconf 80' lang='lat' dir='ltr'><strong>exercitui</strong></span> <span class='ocrx_word' id='word_1_341' title='bbox 1660 4774 1711 4819; x_wconf 86' lang='lat' dir='ltr'><strong>et</strong></span> <span class='ocrx_word' id='word_1_342' title='bbox 1730 4765 1817 4834; x_wconf 74' lang='lat' dir='ltr'><strong>ju.</strong></span> 
     </span>
    </p>
   </div>
   <div class='ocr_carea' id='block_1_50' title="bbox 222 4854 1810 4924">
    <p class='ocr_par' dir='ltr' id='par_1_50' title="bbox 222 4854 1810 4924">
     <span class='ocr_line' id='line_1_50' title="bbox 222 4854 1810 4924; baseline -0.005 -8"><span class='ocrx_word' id='word_1_343' title='bbox 222 4856 423 4916; x_wconf 73' lang='lat' dir='ltr'><strong>montis</strong></span> <span class='ocrx_word' id='word_1_344' title='bbox 464 4871 678 4913; x_wconf 82' lang='lat' dir='ltr'><strong>eorum.</strong></span> <span class='ocrx_word' id='word_1_345' title='bbox 731 4856 889 4912; x_wconf 83' lang='lat' dir='ltr'><strong>Auno</strong></span> <span class='ocrx_word' id='word_1_346' title='bbox 926 4854 1316 4913; x_wconf 78' lang='lat' dir='ltr'><strong>lncamationis</strong></span> <span class='ocrx_word' id='word_1_347' title='bbox 1346 4855 1555 4911; x_wconf 72' lang='lat' dir='ltr'><strong>Doutiui</strong></span> <span class='ocrx_word' id='word_1_348' title='bbox 1603 4856 1810 4924; x_wconf 87' lang='lat' dir='ltr'><strong>septin-</strong></span> 
     </span>
    </p>
   </div>
   <div class='ocr_carea' id='block_1_51' title="bbox 220 4946 1811 5018">
    <p class='ocr_par' dir='ltr' id='par_1_51' title="bbox 220 4946 1811 5018">
     <span class='ocr_line' id='line_1_51' title="bbox 220 4946 1811 5018; baseline -0.002 -14"><span class='ocrx_word' id='word_1_349' title='bbox 220 4946 1168 5017; x_wconf 65' lang='lat' dir='ltr'><strong>geulesunuaepmagesimoquarto</strong></span> <span class='ocrx_word' id='word_1_350' title='bbox 1190 4946 1399 5018; x_wconf 83' lang='lat' dir='ltr'><strong>legatus</strong></span> <span class='ocrx_word' id='word_1_351' title='bbox 1426 4947 1683 5002; x_wconf 74' lang='lat' dir='ltr'><strong>Romana:</strong></span> <span class='ocrx_word' id='word_1_352' title='bbox 1709 4946 1811 5001; x_wconf 77' lang='lat' dir='ltr'><strong>Ec-</strong></span> 
     </span>
    </p>
   </div>
   <div class='ocr_carea' id='block_1_52' title="bbox 220 5039 1810 5112">
    <p class='ocr_par' dir='ltr' id='par_1_52' title="bbox 220 5039 1810 5112">
     <span class='ocr_line' id='line_1_52' title="bbox 220 5039 1810 5112; baseline -0.002 -13"><span class='ocrx_word' id='word_1_353' title='bbox 220 5039 409 5099; x_wconf 75' lang='lat' dir='ltr'><strong>clesiae</strong></span> <span class='ocrx_word' id='word_1_354' title='bbox 459 5039 652 5097; x_wconf 80' lang='lat' dir='ltr'><strong>Petrus</strong></span> <span class='ocrx_word' id='word_1_355' title='bbox 688 5040 760 5099; x_wconf 90' lang='lat' dir='ltr'><strong>ab</strong></span> <span class='ocrx_word' id='word_1_356' title='bbox 805 5040 1045 5099; x_wconf 80' lang='lat' dir='ltr'><strong>Adriano</strong></span> <span class='ocrx_word' id='word_1_357' title='bbox 1402 5040 1468 5096; x_wconf 87' lang='lat' dir='ltr'><strong>ad</strong></span> <span class='ocrx_word' id='word_1_358' title='bbox 1518 5040 1810 5110; x_wconf 87' lang='lat' dir='ltr'><strong>gloriosum</strong></span> 
     </span>
    </p>
   </div>
   <div class='ocr_carea' id='block_1_53' title="bbox 222 5130 1816 5202">
    <p class='ocr_par' dir='ltr' id='par_1_53' title="bbox 222 5130 1816 5202">
     <span class='ocr_line' id='line_1_53' title="bbox 222 5130 1816 5202; baseline -0.002 -13"><span class='ocrx_word' id='word_1_359' title='bbox 222 5130 481 5195; x_wconf 71' lang='lat' dir='ltr'><strong>Carolina</strong></span> <span class='ocrx_word' id='word_1_360' title='bbox 500 5132 684 5191; x_wconf 83' lang='lat' dir='ltr'><strong>venit:</strong></span> <span class='ocrx_word' id='word_1_361' title='bbox 715 5140 771 5187; x_wconf 84' lang='lat' dir='ltr'><strong>et</strong></span> <span class='ocrx_word' id='word_1_362' title='bbox 796 5132 923 5201; x_wconf 88' lang='lat' dir='ltr'><strong>quia</strong></span> <span class='ocrx_word' id='word_1_363' title='bbox 964 5131 1161 5187; x_wconf 84' lang='lat' dir='ltr'><strong>itinera</strong></span> <span class='ocrx_word' id='word_1_364' title='bbox 1200 5139 1361 5187; x_wconf 69' lang='lat' dir='ltr'><strong>terra:</strong></span> <span class='ocrx_word' id='word_1_365' title='bbox 1381 5130 1641 5202; x_wconf 71' lang='lat' dir='ltr'><strong>pmdusa</strong></span> <span class='ocrx_word' id='word_1_366' title='bbox 1657 5136 1816 5186; x_wconf 87' lang='lat' dir='ltr'><strong>erant</strong></span> 
     </span>
    </p>
   </div>
   <div class='ocr_carea' id='block_1_54' title="bbox 220 5221 1815 5294">
    <p class='ocr_par' dir='ltr' id='par_1_54' title="bbox 220 5221 1815 5294">
     <span class='ocr_line' id='line_1_54' title="bbox 220 5221 1815 5294; baseline -0.001 -16"><span class='ocrx_word' id='word_1_367' title='bbox 220 5239 257 5278; x_wconf 83' lang='lat' dir='ltr'><strong>a</strong></span> <span class='ocrx_word' id='word_1_368' title='bbox 288 5221 679 5294; x_wconf 66' lang='lat' dir='ltr'><strong>hungobardis,</strong></span> <span class='ocrx_word' id='word_1_369' title='bbox 708 5222 924 5291; x_wconf 76' lang='lat' dir='ltr'><strong>navigio</strong></span> <span class='ocrx_word' id='word_1_370' title='bbox 978 5237 1151 5291; x_wconf 82' lang='lat' dir='ltr'><strong>usque</strong></span> <span class='ocrx_word' id='word_1_371' title='bbox 1197 5222 1267 5278; x_wconf 87' lang='lat' dir='ltr'><strong>ad</strong></span> <span class='ocrx_word' id='word_1_372' title='bbox 1316 5232 1531 5292; x_wconf 86' lang='lat' dir='ltr'><strong>portum</strong></span> <span class='ocrx_word' id='word_1_373' title='bbox 1560 5221 1815 5277; x_wconf 61' lang='lat' dir='ltr'><strong>Massilia}</strong></span> 
     </span>
    </p>
   </div>
   <div class='ocr_carea' id='block_1_55' title="bbox 222 5313 1811 5384">
    <p class='ocr_par' dir='ltr' id='par_1_55' title="bbox 222 5313 1811 5384">
     <span class='ocr_line' id='line_1_55' title="bbox 222 5313 1811 5384; baseline 0 -14"><span class='ocrx_word' id='word_1_374' title='bbox 222 5316 399 5381; x_wconf 74' lang='lat' dir='ltr'><strong>venit,</strong></span> <span class='ocrx_word' id='word_1_375' title='bbox 427 5315 706 5384; x_wconf 75' lang='lat' dir='ltr'><strong>postulans</strong></span> <span class='ocrx_word' id='word_1_376' title='bbox 730 5314 1013 5371; x_wconf 72' lang='lat' dir='ltr'><strong>.auxilium</strong></span> <span class='ocrx_word' id='word_1_377' title='bbox 1049 5324 1245 5371; x_wconf 85' lang='lat' dir='ltr'><strong>contra</strong></span> <span class='ocrx_word' id='word_1_378' title='bbox 1270 5314 1607 5371; x_wconf 87' lang='lat' dir='ltr'><strong>Desiderium</strong></span> <span class='ocrx_word' id='word_1_379' title='bbox 1666 5313 1811 5370; x_wconf 84' lang='lat' dir='ltr'><strong>Lon-</strong></span> 
     </span>
    </p>
   </div>
   <div class='ocr_carea' id='block_1_56' title="bbox 216 5405 1811 5478">
    <p class='ocr_par' dir='ltr' id='par_1_56' title="bbox 216 5405 1811 5478">
     <span class='ocr_line' id='line_1_56' title="bbox 216 5405 1811 5478; baseline 0 -15"><span class='ocrx_word' id='word_1_380' title='bbox 216 5406 593 5478; x_wconf 78' lang='lat' dir='ltr'><strong>gobardorum</strong></span> <span class='ocrx_word' id='word_1_381' title='bbox 618 5421 819 5478; x_wconf 81' lang='lat' dir='ltr'><strong>regem.</strong></span> <span class='ocrx_word' id='word_1_382' title='bbox 849 5407 980 5461; x_wconf 89' lang='lat' dir='ltr'><strong>Pius</strong></span> <span class='ocrx_word' id='word_1_383' title='bbox 1008 5423 1101 5463; x_wconf 84' lang='lat' dir='ltr'><strong>rex</strong></span> <span class='ocrx_word' id='word_1_384' title='bbox 1122 5405 1351 5462; x_wconf 84' lang='lat' dir='ltr'><strong>Carolus</strong></span> <span class='ocrx_word' id='word_1_385' title='bbox 1370 5421 1537 5477; x_wconf 86' lang='lat' dir='ltr'><strong>usque</strong></span> <span class='ocrx_word' id='word_1_386' title='bbox 1564 5405 1811 5463; x_wconf 74' lang='lat' dir='ltr'><strong>Genuam</strong></span> 
     </span>
    </p>
   </div>
   <div class='ocr_carea' id='block_1_57' title="bbox 216 5498 1814 5569">
    <p class='ocr_par' dir='ltr' id='par_1_57' title="bbox 216 5498 1814 5569">
     <span class='ocr_line' id='line_1_57' title="bbox 216 5498 1814 5569; baseline -0.002 -14"><span class='ocrx_word' id='word_1_387' title='bbox 216 5500 415 5555; x_wconf 74' lang='lat' dir='ltr'><strong>venit:</strong></span> <span class='ocrx_word' id='word_1_388' title='bbox 446 5498 727 5567; x_wconf 69' lang='lat' dir='ltr'><strong>divisoque</strong></span> <span class='ocrx_word' id='word_1_389' title='bbox 755 5498 829 5555; x_wconf 82' lang='lat' dir='ltr'><strong>ibi</strong></span> <span class='ocrx_word' id='word_1_390' title='bbox 859 5499 1105 5556; x_wconf 77' lang='lat' dir='ltr'><strong>exercitu</strong></span> <span class='ocrx_word' id='word_1_391' title='bbox 1141 5514 1267 5563; x_wconf 73' lang='lat' dir='ltr'><strong>suo,</strong></span> <span class='ocrx_word' id='word_1_392' title='bbox 1293 5507 1503 5568; x_wconf 82' lang='lat' dir='ltr'><strong>partem</strong></span> <span class='ocrx_word' id='word_1_393' title='bbox 1530 5498 1678 5554; x_wconf 86' lang='lat' dir='ltr'><strong>misit</strong></span> <span class='ocrx_word' id='word_1_394' title='bbox 1715 5513 1814 5569; x_wconf 76' lang='lat' dir='ltr'><strong>pec</strong></span> 
     </span>
    </p>
   </div>
   <div class='ocr_carea' id='block_1_58' title="bbox 215 5590 1815 5662">
    <p class='ocr_par' dir='ltr' id='par_1_58' title="bbox 215 5590 1815 5662">
     <span class='ocr_line' id='line_1_58' title="bbox 215 5590 1815 5662; baseline -0.003 -12"><span class='ocrx_word' id='word_1_395' title='bbox 215 5591 391 5661; x_wconf 73' lang='lat' dir='ltr'><strong>Alpes</strong></span> <span class='ocrx_word' id='word_1_396' title='bbox 440 5591 670 5655; x_wconf 67' lang='lat' dir='ltr'><strong>Cutiliis.</strong></span> <span class='ocrx_word' id='word_1_397' title='bbox 721 5599 781 5649; x_wconf 82' lang='lat' dir='ltr'><strong>et</strong></span> <span class='ocrx_word' id='word_1_398' title='bbox 829 5605 922 5662; x_wconf 82' lang='lat' dir='ltr'><strong>per</strong></span> <span class='ocrx_word' id='word_1_399' title='bbox 963 5593 1091 5662; x_wconf 65' lang='lat' dir='ltr'><strong>iuga</strong></span> <span class='ocrx_word' id='word_1_400' title='bbox 1142 5590 1456 5656; x_wconf 76' lang='lat' dir='ltr'><strong>Gibennica,</strong></span> <span class='ocrx_word' id='word_1_401' title='bbox 1489 5591 1543 5647; x_wconf 88' lang='lat' dir='ltr'><strong>id</strong></span> <span class='ocrx_word' id='word_1_402' title='bbox 1582 5599 1668 5647; x_wconf 87' lang='lat' dir='ltr'><strong>est</strong></span> <span class='ocrx_word' id='word_1_403' title='bbox 1718 5607 1815 5662; x_wconf 86' lang='lat' dir='ltr'><strong>per</strong></span> 
     </span>
    </p>
   </div>
   <div class='ocr_carea' id='block_1_59' title="bbox 218 5687 1815 5758">
    <p class='ocr_par' dir='ltr' id='par_1_59' title="bbox 218 5687 1815 5758">
     <span class='ocr_line' id='line_1_59' title="bbox 218 5687 1815 5758; baseline 0.001 -16"><span class='ocrx_word' id='word_1_404' title='bbox 218 5695 465 5743; x_wconf 74' lang='lat' dir='ltr'><strong>montem</strong></span> <span class='ocrx_word' id='word_1_405' title='bbox 513 5687 898 5758; x_wconf 62' lang='lat' dir='ltr'><strong>quemaccolze</strong></span> <span class='ocrx_word' id='word_1_406' title='bbox 923 5688 1211 5744; x_wconf 58' lang='lat' dir='ltr'><strong>Caesium</strong></span> <span class='ocrx_word' id='word_1_407' title='bbox 1230 5697 1444 5752; x_wconf 80' lang='lat' dir='ltr'><strong>vocant,</strong></span> <span class='ocrx_word' id='word_1_408' title='bbox 1484 5703 1611 5756; x_wconf 62' lang='lat' dir='ltr'><strong>quae</strong></span> <span class='ocrx_word' id='word_1_409' title='bbox 1645 5688 1815 5747; x_wconf 79' lang='lat' dir='ltr'><strong>latera</strong></span> 
     </span>
    </p>
   </div>
   <div class='ocr_carea' id='block_1_60' title="bbox 218 5778 1818 5851">
    <p class='ocr_par' dir='ltr' id='par_1_60' title="bbox 218 5778 1818 5851">
     <span class='ocr_line' id='line_1_60' title="bbox 218 5778 1818 5851; baseline 0.003 -19"><span class='ocrx_word' id='word_1_410' title='bbox 218 5778 481 5849; x_wconf 76' lang='lat' dir='ltr'><strong>aperiunt</strong></span> <span class='ocrx_word' id='word_1_411' title='bbox 507 5778 567 5835; x_wconf 84' lang='lat' dir='ltr'><strong>iu</strong></span> <span class='ocrx_word' id='word_1_412' title='bbox 590 5794 751 5851; x_wconf 81' lang='lat' dir='ltr'><strong>agros</strong></span> <span class='ocrx_word' id='word_1_413' title='bbox 780 5779 1163 5849; x_wconf 71' lang='lat' dir='ltr'><strong>Taurinorum.</strong></span> <span class='ocrx_word' id='word_1_414' title='bbox 1210 5779 1521 5835; x_wconf 84' lang='lat' dir='ltr'><strong>Desiderius</strong></span> <span class='ocrx_word' id='word_1_415' title='bbox 1555 5795 1649 5834; x_wconf 76' lang='lat' dir='ltr'><strong>rex</strong></span> <span class='ocrx_word' id='word_1_416' title='bbox 1690 5788 1818 5836; x_wconf 90' lang='lat' dir='ltr'><strong>tunc</strong></span> 
     </span>
    </p>
   </div>
   <div class='ocr_carea' id='block_1_61' title="bbox 211 5869 1816 5946">
    <p class='ocr_par' dir='ltr' id='par_1_61' title="bbox 211 5869 1816 5946">
     <span class='ocr_line' id='line_1_61' title="bbox 211 5869 1816 5946; baseline -0.001 -19"><span class='ocrx_word' id='word_1_417' title='bbox 211 5869 376 5946; x_wconf 79' lang='lat' dir='ltr'><strong>juxta</strong></span> <span class='ocrx_word' id='word_1_418' title='bbox 392 5870 576 5931; x_wconf 80' lang='lat' dir='ltr'><strong>clusas</strong></span> <span class='ocrx_word' id='word_1_419' title='bbox 598 5871 1078 5945; x_wconf 78' lang='lat' dir='ltr'><strong>Langobardorum</strong></span> <span class='ocrx_word' id='word_1_420' title='bbox 1093 5871 1395 5943; x_wconf 68' lang='lat' dir='ltr'><strong>exercitum</strong></span> <span class='ocrx_word' id='word_1_421' title='bbox 1409 5880 1816 5941; x_wconf 81' lang='lat' dir='ltr'><strong>composuerat:</strong></span> 
     </span>
    </p>
   </div>
   <div class='ocr_carea' id='block_1_62' title="bbox 1835 3254 1883 3319">
    <p class='ocr_par' dir='ltr' id='par_1_62' title="bbox 1835 3254 1883 3319">
     <span class='ocr_line' id='line_1_62' title="bbox 1835 3254 1883 3319; baseline 0 0"><span class='ocrx_word' id='word_1_422' title='bbox 1835 3254 1883 3319; x_wconf 83' lang='lat'><strong>0</strong></span> 
     </span>
    </p>
   </div>
   <div class='ocr_carea' id='block_1_63' title="bbox 1838 4624 1890 4691">
    <p class='ocr_par' dir='ltr' id='par_1_63' title="bbox 1838 4624 1890 4691">
     <span class='ocr_line' id='line_1_63' title="bbox 1838 4624 1890 4691; baseline 0 -7"><span class='ocrx_word' id='word_1_423' title='bbox 1838 4624 1890 4691; x_wconf 81' lang='grc' dir='ltr'><strong>Ι)</strong></span> 
     </span>
    </p>
   </div>
   <div class='ocr_carea' id='block_1_64' title="bbox 1900 635 3495 710">
    <p class='ocr_par' dir='ltr' id='par_1_64' title="bbox 1900 635 3495 710">
     <span class='ocr_line' id='line_1_64' title="bbox 1900 635 3495 710; baseline 0.006 -22"><span class='ocrx_word' id='word_1_424' title='bbox 1900 635 2059 705; x_wconf 78' lang='lat' dir='ltr'><strong>&#39;piam</strong></span> <span class='ocrx_word' id='word_1_425' title='bbox 2088 636 2203 705; x_wconf 90' lang='lat' dir='ltr'><strong>ipse</strong></span> <span class='ocrx_word' id='word_1_426' title='bbox 2251 637 2558 694; x_wconf 87' lang='lat' dir='ltr'><strong>Desiderius</strong></span> <span class='ocrx_word' id='word_1_427' title='bbox 2602 637 2815 710; x_wconf 83' lang='lat' dir='ltr'><strong>relbgit.</strong></span> <span class='ocrx_word' id='word_1_428' title='bbox 2847 639 2912 692; x_wconf 86' lang='lat' dir='ltr'><strong>Et</strong></span> <span class='ocrx_word' id='word_1_429' title='bbox 2962 639 3083 708; x_wconf 86' lang='lat' dir='ltr'><strong>pius</strong></span> <span class='ocrx_word' id='word_1_430' title='bbox 3132 654 3230 694; x_wconf 83' lang='lat' dir='ltr'><strong>rex</strong></span> <span class='ocrx_word' id='word_1_431' title='bbox 3268 637 3495 697; x_wconf 84' lang='lat' dir='ltr'><strong>Carolus</strong></span> 
     </span>
    </p>
   </div>
   <div class='ocr_carea' id='block_1_65' title="bbox 1916 725 3493 801">
    <p class='ocr_par' dir='ltr' id='par_1_65' title="bbox 1916 725 3493 801">
     <span class='ocr_line' id='line_1_65' title="bbox 1916 725 3493 801; baseline 0.003 -19"><span class='ocrx_word' id='word_1_432' title='bbox 1916 736 2040 797; x_wconf 86' lang='lat' dir='ltr'><strong>post</strong></span> <span class='ocrx_word' id='word_1_433' title='bbox 2082 725 2417 782; x_wconf 89' lang='lat' dir='ltr'><strong>Desiderium</strong></span> <span class='ocrx_word' id='word_1_434' title='bbox 2460 744 2559 801; x_wconf 89' lang='lat' dir='ltr'><strong>per</strong></span> <span class='ocrx_word' id='word_1_435' title='bbox 2588 738 2806 798; x_wconf 87' lang='lat' dir='ltr'><strong>apertas</strong></span> <span class='ocrx_word' id='word_1_436' title='bbox 2830 729 3005 785; x_wconf 88' lang='lat' dir='ltr'><strong>clusas</strong></span> <span class='ocrx_word' id='word_1_437' title='bbox 3034 729 3272 796; x_wconf 75' lang='lat' dir='ltr'><strong>veniens,</strong></span> <span class='ocrx_word' id='word_1_438' title='bbox 3302 731 3493 786; x_wconf 84' lang='lat' dir='ltr'><strong>civita-</strong></span> 
     </span>
    </p>
   </div>
   <div class='ocr_carea' id='block_1_66' title="bbox 1918 820 3493 890">
    <p class='ocr_par' dir='ltr' id='par_1_66' title="bbox 1918 820 3493 890">
     <span class='ocr_line' id='line_1_66' title="bbox 1918 820 3493 890; baseline 0.004 -17"><span class='ocrx_word' id='word_1_439' title='bbox 1918 827 2027 874; x_wconf 90' lang='lat' dir='ltr'><strong>tem</strong></span> <span class='ocrx_word' id='word_1_440' title='bbox 2058 820 2232 890; x_wconf 87' lang='lat' dir='ltr'><strong>ipsam</strong></span> <span class='ocrx_word' id='word_1_441' title='bbox 2259 820 2487 875; x_wconf 86' lang='lat' dir='ltr'><strong>obsedit.</strong></span> <span class='ocrx_word' id='word_1_442' title='bbox 2533 821 2689 876; x_wconf 79' lang='lat' dir='ltr'><strong>Anno</strong></span> <span class='ocrx_word' id='word_1_443' title='bbox 2719 820 3106 876; x_wconf 88' lang='lat' dir='ltr'><strong>Incarnationis</strong></span> <span class='ocrx_word' id='word_1_444' title='bbox 3149 822 3359 877; x_wconf 87' lang='lat' dir='ltr'><strong>Domini</strong></span> <span class='ocrx_word' id='word_1_445' title='bbox 3405 839 3493 879; x_wconf 87' lang='lat' dir='ltr'><strong>se-</strong></span> 
     </span>
    </p>
   </div>
   <div class='ocr_carea' id='block_1_67' title="bbox 1914 910 3494 983">
    <p class='ocr_par' dir='ltr' id='par_1_67' title="bbox 1914 910 3494 983">
     <span class='ocr_line' id='line_1_67' title="bbox 1914 910 3494 983; baseline 0.004 -20"><span class='ocrx_word' id='word_1_446' title='bbox 1914 910 2333 981; x_wconf 87' lang='lat' dir='ltr'><strong>ptingcntcsimo</strong></span> <span class='ocrx_word' id='word_1_447' title='bbox 2357 912 2757 983; x_wconf 86' lang='lat' dir='ltr'><strong>septuagesimo</strong></span> <span class='ocrx_word' id='word_1_448' title='bbox 2773 922 2969 982; x_wconf 88' lang='lat' dir='ltr'><strong>quarto</strong></span> <span class='ocrx_word' id='word_1_449' title='bbox 2998 914 3119 983; x_wconf 85' lang='lat' dir='ltr'><strong>pius</strong></span> <span class='ocrx_word' id='word_1_450' title='bbox 3142 928 3235 967; x_wconf 91' lang='lat' dir='ltr'><strong>rex</strong></span> <span class='ocrx_word' id='word_1_451' title='bbox 3267 912 3494 971; x_wconf 87' lang='lat' dir='ltr'><strong>Carolus</strong></span> 
     </span>
    </p>
   </div>
   <div class='ocr_carea' id='block_1_68' title="bbox 1917 1001 3493 1074">
    <p class='ocr_par' dir='ltr' id='par_1_68' title="bbox 1917 1001 3493 1074">
     <span class='ocr_line' id='line_1_68' title="bbox 1917 1001 3493 1074; baseline 0.003 -19"><span class='ocrx_word' id='word_1_452' title='bbox 1917 1001 2144 1056; x_wconf 77' lang='lat' dir='ltr'><strong>Romam</strong></span> <span class='ocrx_word' id='word_1_453' title='bbox 2173 1003 2324 1066; x_wconf 87' lang='lat' dir='ltr'><strong>abiit,</strong></span> <span class='ocrx_word' id='word_1_454' title='bbox 2357 1004 2588 1073; x_wconf 79' lang='lat' dir='ltr'><strong>indeque</strong></span> <span class='ocrx_word' id='word_1_455' title='bbox 2639 1019 2893 1058; x_wconf 86' lang='lat' dir='ltr'><strong>reversus</strong></span> <span class='ocrx_word' id='word_1_456' title='bbox 2921 1003 3139 1074; x_wconf 80' lang='lat' dir='ltr'><strong>Papiam</strong></span> <span class='ocrx_word' id='word_1_457' title='bbox 3169 1006 3330 1074; x_wconf 83' lang='lat' dir='ltr'><strong>cepit.</strong></span> <span class='ocrx_word' id='word_1_458' title='bbox 3370 1020 3493 1060; x_wconf 89' lang='lat' dir='ltr'><strong>cum</strong></span> 
     </span>
    </p>
   </div>
   <div class='ocr_carea' id='block_1_69' title="bbox 1906 1094 3495 1165">
    <p class='ocr_par' dir='ltr' id='par_1_69' title="bbox 1906 1094 3495 1165">
     <span class='ocr_line' id='line_1_69' title="bbox 1906 1094 3495 1165; baseline 0.001 -16"><span class='ocrx_word' id='word_1_459' title='bbox 1906 1102 2043 1165; x_wconf 82' lang='lat' dir='ltr'><strong>rege</strong></span> <span class='ocrx_word' id='word_1_460' title='bbox 2084 1094 2363 1149; x_wconf 89' lang='lat' dir='ltr'><strong>Desiderio</strong></span> <span class='ocrx_word' id='word_1_461' title='bbox 2404 1111 2626 1150; x_wconf 57' lang='lat' dir='ltr'><strong>uxorum</strong></span> <span class='ocrx_word' id='word_1_462' title='bbox 2650 1111 2713 1151; x_wconf 92' lang='lat' dir='ltr'><strong>ac</strong></span> <span class='ocrx_word' id='word_1_463' title='bbox 2745 1094 2904 1149; x_wconf 77' lang='lat' dir='ltr'><strong>tiliam</strong></span> <span class='ocrx_word' id='word_1_464' title='bbox 2938 1096 3054 1165; x_wconf 85' lang='lat' dir='ltr'><strong>ejus</strong></span> <span class='ocrx_word' id='word_1_465' title='bbox 3078 1096 3495 1165; x_wconf 83' lang='lat' dir='ltr'><strong>thesaurumque</strong></span> 
     </span>
    </p>
   </div>
   <div class='ocr_carea' id='block_1_70' title="bbox 1876 1188 3494 1271">
    <p class='ocr_par' dir='ltr' id='par_1_70' title="bbox 1876 1188 3494 1271">
     <span class='ocr_line' id='line_1_70' title="bbox 1876 1188 3494 1271; baseline -0.001 -28"><span class='ocrx_word' id='word_1_466' title='bbox 1876 1256 1891 1271; x_wconf 46' lang='lat'><strong>.</strong></span> <span class='ocrx_word' id='word_1_467' title='bbox 1915 1188 2060 1243; x_wconf 87' lang='lat' dir='ltr'><strong>illius</strong></span> <span class='ocrx_word' id='word_1_468' title='bbox 2089 1189 2189 1245; x_wconf 89' lang='lat' dir='ltr'><strong>sibi</strong></span> <span class='ocrx_word' id='word_1_469' title='bbox 2208 1192 2428 1259; x_wconf 84' lang='lat' dir='ltr'><strong>suisque</strong></span> <span class='ocrx_word' id='word_1_470' title='bbox 2458 1189 2598 1244; x_wconf 84' lang='lat' dir='ltr'><strong>tulit.</strong></span> <span class='ocrx_word' id='word_1_471' title='bbox 2624 1188 2825 1245; x_wconf 89' lang='lat' dir='ltr'><strong>Omnes</strong></span> <span class='ocrx_word' id='word_1_472' title='bbox 2848 1188 3235 1259; x_wconf 85' lang='lat' dir='ltr'><strong>Longobardos</strong></span> <span class='ocrx_word' id='word_1_473' title='bbox 3258 1189 3494 1258; x_wconf 79' lang='lat' dir='ltr'><strong>subegit,</strong></span> 
     </span>
    </p>
   </div>
   <div class='ocr_carea' id='block_1_71' title="bbox 1907 1279 3495 1352">
    <p class='ocr_par' dir='ltr' id='par_1_71' title="bbox 1907 1279 3495 1352">
     <span class='ocr_line' id='line_1_71' title="bbox 1907 1279 3495 1352; baseline -0.001 -17"><span class='ocrx_word' id='word_1_474' title='bbox 1907 1283 2089 1352; x_wconf 66' lang='lat' dir='ltr'><strong>‘captis</strong></span> <span class='ocrx_word' id='word_1_475' title='bbox 2118 1281 2432 1337; x_wconf 80' lang='lat' dir='ltr'><strong>civitatibus</strong></span> <span class='ocrx_word' id='word_1_476' title='bbox 2454 1298 2517 1338; x_wconf 89' lang='lat' dir='ltr'><strong>ac</strong></span> <span class='ocrx_word' id='word_1_477' title='bbox 2561 1283 2784 1351; x_wconf 82' lang='lat' dir='ltr'><strong>direptis</strong></span> <span class='ocrx_word' id='word_1_478' title='bbox 2812 1281 3079 1336; x_wconf 86' lang='lat' dir='ltr'><strong>universis</strong></span> <span class='ocrx_word' id='word_1_479' title='bbox 3119 1280 3299 1335; x_wconf 79' lang='lat' dir='ltr'><strong>Italiae.</strong></span> <span class='ocrx_word' id='word_1_480' title='bbox 3329 1279 3495 1334; x_wconf 83' lang='lat' dir='ltr'><strong>Adal-</strong></span> 
     </span>
    </p>
   </div>
   <div class='ocr_carea' id='block_1_72' title="bbox 1916 1370 3493 1453">
    <p class='ocr_par' dir='ltr' id='par_1_72' title="bbox 1916 1370 3493 1453">
     <span class='ocr_line' id='line_1_72' title="bbox 1916 1370 3493 1453; baseline -0.001 -25"><span class='ocrx_word' id='word_1_481' title='bbox 1916 1374 2064 1443; x_wconf 86' lang='lat' dir='ltr'><strong>gisus</strong></span> <span class='ocrx_word' id='word_1_482' title='bbox 2110 1373 2251 1428; x_wconf 84' lang='lat' dir='ltr'><strong>illius</strong></span> <span class='ocrx_word' id='word_1_483' title='bbox 2318 1375 2558 1445; x_wconf 84' lang='lat' dir='ltr'><strong>ejusdem</strong></span> <span class='ocrx_word' id='word_1_484' title='bbox 2615 1373 2898 1438; x_wconf 87' lang='lat' dir='ltr'><strong>Desiderii,</strong></span> <span class='ocrx_word' id='word_1_485' title='bbox 2951 1371 3073 1453; x_wconf 82' lang='lat' dir='ltr'><strong>fuga</strong></span> <span class='ocrx_word' id='word_1_486' title='bbox 3106 1370 3305 1443; x_wconf 88' lang='lat' dir='ltr'><strong>lapsus,</strong></span> <span class='ocrx_word' id='word_1_487' title='bbox 3357 1385 3493 1427; x_wconf 89' lang='lat' dir='ltr'><strong>nave</strong></span> 
     </span>
    </p>
   </div>
   <div class='ocr_carea' id='block_1_73' title="bbox 1914 1462 3497 1536">
    <p class='ocr_par' dir='ltr' id='par_1_73' title="bbox 1914 1462 3497 1536">
     <span class='ocr_line' id='line_1_73' title="bbox 1914 1462 3497 1536; baseline -0.002 -15"><span class='ocrx_word' id='word_1_488' title='bbox 1914 1466 2430 1536; x_wconf 86' lang='lat' dir='ltr'><strong>Constantinopolim</strong></span> <span class='ocrx_word' id='word_1_489' title='bbox 2462 1466 2628 1522; x_wconf 88' lang='lat' dir='ltr'><strong>venit.</strong></span> <span class='ocrx_word' id='word_1_490' title='bbox 2652 1464 2911 1521; x_wconf 88' lang='lat' dir='ltr'><strong>Ordinata</strong></span> <span class='ocrx_word' id='word_1_491' title='bbox 2935 1462 3113 1535; x_wconf 66' lang='lat' dir='ltr'><strong>Italia,</strong></span> <span class='ocrx_word' id='word_1_492' title='bbox 3152 1478 3243 1518; x_wconf 85' lang='lat' dir='ltr'><strong>rex</strong></span> <span class='ocrx_word' id='word_1_493' title='bbox 3272 1462 3497 1518; x_wconf 89' lang='lat' dir='ltr'><strong>Carolus</strong></span> 
     </span>
    </p>
   </div>
   <div class='ocr_carea' id='block_1_74' title="bbox 1904 1550 3494 1611">
    <p class='ocr_par' dir='ltr' id='par_1_74' title="bbox 1904 1550 3494 1611">
     <span class='ocr_line' id='line_1_74' title="bbox 1904 1550 3494 1611; baseline -0.003 -1"><span class='ocrx_word' id='word_1_494' title='bbox 1904 1556 1967 1611; x_wconf 80' lang='lat' dir='ltr'><strong>in</strong></span> <span class='ocrx_word' id='word_1_495' title='bbox 1993 1556 2275 1611; x_wconf 85' lang='lat' dir='ltr'><strong>Franciam</strong></span> <span class='ocrx_word' id='word_1_496' title='bbox 2326 1557 2632 1611; x_wconf 73' lang='lat' dir='ltr'><strong>revertitur.</strong></span> <span class='ocrx_word' id='word_1_497' title='bbox 2678 1555 2896 1609; x_wconf 88' lang='lat' dir='ltr'><strong>Interim</strong></span> <span class='ocrx_word' id='word_1_498' title='bbox 2940 1554 3066 1608; x_wconf 89' lang='lat' dir='ltr'><strong>dum</strong></span> <span class='ocrx_word' id='word_1_499' title='bbox 3105 1569 3199 1607; x_wconf 88' lang='lat' dir='ltr'><strong>rex</strong></span> <span class='ocrx_word' id='word_1_500' title='bbox 3241 1553 3293 1605; x_wconf 92' lang='lat' dir='ltr'><strong>in</strong></span> <span class='ocrx_word' id='word_1_501' title='bbox 3344 1550 3494 1605; x_wconf 89' lang='lat' dir='ltr'><strong>Italia</strong></span> 
     </span>
    </p>
   </div>
   <div class='ocr_carea' id='block_1_75' title="bbox 1910 1644 3495 1719">
    <p class='ocr_par' dir='ltr' id='par_1_75' title="bbox 1910 1644 3495 1719">
     <span class='ocr_line' id='line_1_75' title="bbox 1910 1644 3495 1719; baseline -0.004 -15"><span class='ocrx_word' id='word_1_502' title='bbox 1910 1658 2075 1713; x_wconf 83' lang='lat' dir='ltr'><strong>esset,</strong></span> <span class='ocrx_word' id='word_1_503' title='bbox 2105 1649 2350 1705; x_wconf 80' lang='lat' dir='ltr'><strong>Saxones</strong></span> <span class='ocrx_word' id='word_1_504' title='bbox 2378 1650 2444 1705; x_wconf 88' lang='lat' dir='ltr'><strong>ad</strong></span> <span class='ocrx_word' id='word_1_505' title='bbox 2474 1648 2722 1719; x_wconf 66' lang='lat' dir='ltr'><strong>praesidia</strong></span> <span class='ocrx_word' id='word_1_506' title='bbox 2757 1648 3089 1703; x_wconf 86' lang='lat' dir='ltr'><strong>Francorum</strong></span> <span class='ocrx_word' id='word_1_507' title='bbox 3110 1662 3233 1701; x_wconf 91' lang='lat' dir='ltr'><strong>cum</strong></span> <span class='ocrx_word' id='word_1_508' title='bbox 3256 1644 3495 1707; x_wconf 83' lang='lat' dir='ltr'><strong>exercitu</strong></span> 
     </span>
    </p>
   </div>
   <div class='ocr_carea' id='block_1_76' title="bbox 1912 1735 3497 1812">
    <p class='ocr_par' dir='ltr' id='par_1_76' title="bbox 1912 1735 3497 1812">
     <span class='ocr_line' id='line_1_76' title="bbox 1912 1735 3497 1812; baseline -0.005 -14"><span class='ocrx_word' id='word_1_509' title='bbox 1912 1750 2172 1798; x_wconf 81' lang='lat' dir='ltr'><strong>exeuntes</strong></span> <span class='ocrx_word' id='word_1_510' title='bbox 2221 1740 2641 1812; x_wconf 85' lang='lat' dir='ltr'><strong>obsidentesque</strong></span> <span class='ocrx_word' id='word_1_511' title='bbox 2686 1739 2955 1810; x_wconf 86' lang='lat' dir='ltr'><strong>quoddam</strong></span> <span class='ocrx_word' id='word_1_512' title='bbox 2985 1737 3262 1794; x_wconf 87' lang='lat' dir='ltr'><strong>castellum</strong></span> <span class='ocrx_word' id='word_1_513' title='bbox 3306 1735 3497 1791; x_wconf 86' lang='lat' dir='ltr'><strong>Buria-</strong></span> 
     </span>
    </p>
   </div>
   <div class='ocr_carea' id='block_1_77' title="bbox 1908 1828 3559 1905">
    <p class='ocr_par' dir='ltr' id='par_1_77' title="bbox 1908 1828 3559 1905">
     <span class='ocr_line' id='line_1_77' title="bbox 1908 1828 3559 1905; baseline -0.004 -16"><span class='ocrx_word' id='word_1_514' title='bbox 1908 1834 2070 1905; x_wconf 87' lang='lat' dir='ltr'><strong>burg,</strong></span> <span class='ocrx_word' id='word_1_515' title='bbox 2124 1835 2412 1903; x_wconf 88' lang='lat' dir='ltr'><strong>quamdam</strong></span> <span class='ocrx_word' id='word_1_516' title='bbox 2456 1832 2742 1887; x_wconf 86' lang='lat' dir='ltr'><strong>ecclesiam</strong></span> <span class='ocrx_word' id='word_1_517' title='bbox 2789 1844 3142 1889; x_wconf 82' lang='lat' dir='ltr'><strong>concremare</strong></span> <span class='ocrx_word' id='word_1_518' title='bbox 3170 1845 3198 1885; x_wconf 86' lang='lat' dir='ltr'><strong>a</strong></span> <span class='ocrx_word' id='word_1_519' title='bbox 3231 1828 3361 1882; x_wconf 81' lang='lat' dir='ltr'><strong>foris</strong></span> <span class='ocrx_word' id='word_1_520' title='bbox 3406 1842 3495 1882; x_wconf 82' lang='lat' dir='ltr'><strong>ca-</strong></span> <span class='ocrx_word' id='word_1_521' title='bbox 3552 1888 3559 1899; x_wconf 39' lang='grc' dir='ltr'>ι</span> 
     </span>
    </p>
   </div>
   <div class='ocr_carea' id='block_1_78' title="bbox 1914 1918 3496 1994">
    <p class='ocr_par' dir='ltr' id='par_1_78' title="bbox 1914 1918 3496 1994">
     <span class='ocr_line' id='line_1_78' title="bbox 1914 1918 3496 1994; baseline -0.005 -13"><span class='ocrx_word' id='word_1_522' title='bbox 1914 1924 2071 1981; x_wconf 87' lang='lat' dir='ltr'><strong>stello</strong></span> <span class='ocrx_word' id='word_1_523' title='bbox 2091 1924 2393 1987; x_wconf 86' lang='lat' dir='ltr'><strong>voluerunt,</strong></span> <span class='ocrx_word' id='word_1_524' title='bbox 2428 1939 2590 1994; x_wconf 91' lang='lat' dir='ltr'><strong>quam</strong></span> <span class='ocrx_word' id='word_1_525' title='bbox 2630 1931 2942 1987; x_wconf 79' lang='lat' dir='ltr'><strong>sacraverat</strong></span> <span class='ocrx_word' id='word_1_526' title='bbox 2973 1923 3161 1978; x_wconf 89' lang='lat' dir='ltr'><strong>beatus</strong></span> <span class='ocrx_word' id='word_1_527' title='bbox 3187 1918 3496 1981; x_wconf 78' lang='lat' dir='ltr'><strong>Bonifacius</strong></span> 
     </span>
    </p>
   </div>
   <div class='ocr_carea' id='block_1_79' title="bbox 1913 2012 3495 2089">
    <p class='ocr_par' dir='ltr' id='par_1_79' title="bbox 1913 2012 3495 2089">
     <span class='ocr_line' id='line_1_79' title="bbox 1913 2012 3495 2089; baseline -0.005 -17"><span class='ocrx_word' id='word_1_528' title='bbox 1913 2024 2142 2089; x_wconf 83' lang='lat' dir='ltr'><strong>martyr.</strong></span> <span class='ocrx_word' id='word_1_529' title='bbox 2171 2016 2364 2072; x_wconf 90' lang='lat' dir='ltr'><strong>Subito</strong></span> <span class='ocrx_word' id='word_1_530' title='bbox 2383 2026 2563 2072; x_wconf 88' lang='lat' dir='ltr'><strong>autem</strong></span> <span class='ocrx_word' id='word_1_531' title='bbox 2586 2023 2950 2087; x_wconf 87' lang='lat' dir='ltr'><strong>apparuerunt</strong></span> <span class='ocrx_word' id='word_1_532' title='bbox 2975 2015 3081 2075; x_wconf 90' lang='lat' dir='ltr'><strong>duo</strong></span> <span class='ocrx_word' id='word_1_533' title='bbox 3094 2012 3319 2081; x_wconf 82' lang='lat' dir='ltr'><strong>juvenes</strong></span> <span class='ocrx_word' id='word_1_534' title='bbox 3346 2012 3495 2075; x_wconf 60' lang='lat' dir='ltr'><strong>mira</strong></span> 
     </span>
    </p>
   </div>
   <div class='ocr_carea' id='block_1_80' title="bbox 1912 2103 3493 2171">
    <p class='ocr_par' dir='ltr' id='par_1_80' title="bbox 1912 2103 3493 2171">
     <span class='ocr_line' id='line_1_80' title="bbox 1912 2103 3493 2171; baseline -0.004 -6"><span class='ocrx_word' id='word_1_535' title='bbox 1912 2109 2172 2165; x_wconf 84' lang='lat' dir='ltr'><strong>claritatis</strong></span> <span class='ocrx_word' id='word_1_536' title='bbox 2224 2119 2280 2163; x_wconf 90' lang='lat' dir='ltr'><strong>et</strong></span> <span class='ocrx_word' id='word_1_537' title='bbox 2327 2108 2598 2171; x_wconf 88' lang='lat' dir='ltr'><strong>candoris,</strong></span> <span class='ocrx_word' id='word_1_538' title='bbox 2646 2107 2952 2165; x_wconf 78' lang='lat' dir='ltr'><strong>videntibds</strong></span> <span class='ocrx_word' id='word_1_539' title='bbox 2996 2113 3105 2160; x_wconf 89' lang='lat' dir='ltr'><strong>tam</strong></span> <span class='ocrx_word' id='word_1_540' title='bbox 3168 2103 3493 2163; x_wconf 84' lang='lat' dir='ltr'><strong>Christianis</strong></span> 
     </span>
    </p>
   </div>
   <div class='ocr_carea' id='block_1_81' title="bbox 1911 2194 3496 2271">
    <p class='ocr_par' dir='ltr' id='par_1_81' title="bbox 1911 2194 3496 2271">
     <span class='ocr_line' id='line_1_81' title="bbox 1911 2194 3496 2271; baseline -0.004 -17"><span class='ocrx_word' id='word_1_541' title='bbox 1911 2215 2073 2270; x_wconf 78' lang='lat' dir='ltr'><strong>quam</strong></span> <span class='ocrx_word' id='word_1_542' title='bbox 2114 2200 2339 2271; x_wconf 84' lang='lat' dir='ltr'><strong>paganis</strong></span> <span class='ocrx_word' id='word_1_543' title='bbox 2364 2200 2455 2270; x_wconf 91' lang='lat' dir='ltr'><strong>qui</strong></span> <span class='ocrx_word' id='word_1_544' title='bbox 2508 2200 2676 2270; x_wconf 85' lang='lat' dir='ltr'><strong>ipsam</strong></span> <span class='ocrx_word' id='word_1_545' title='bbox 2718 2198 3003 2253; x_wconf 87' lang='lat' dir='ltr'><strong>ecclesiam</strong></span> <span class='ocrx_word' id='word_1_546' title='bbox 3033 2194 3321 2251; x_wconf 78' lang='lat' dir='ltr'><strong>defendere</strong></span> <span class='ocrx_word' id='word_1_547' title='bbox 3348 2195 3496 2249; x_wconf 85' lang='lat' dir='ltr'><strong>vide-</strong></span> 
     </span>
    </p>
   </div>
   <div class='ocr_carea' id='block_1_82' title="bbox 1911 2284 3493 2359">
    <p class='ocr_par' dir='ltr' id='par_1_82' title="bbox 1911 2284 3493 2359">
     <span class='ocr_line' id='line_1_82' title="bbox 1911 2284 3493 2359; baseline -0.002 -13"><span class='ocrx_word' id='word_1_548' title='bbox 1911 2292 2127 2346; x_wconf 87' lang='lat' dir='ltr'><strong>bantur.</strong></span> <span class='ocrx_word' id='word_1_549' title='bbox 2158 2289 2362 2346; x_wconf 83' lang='lat' dir='ltr'><strong>Horum</strong></span> <span class='ocrx_word' id='word_1_550' title='bbox 2410 2297 2630 2359; x_wconf 85' lang='lat' dir='ltr'><strong>aspectu</strong></span> <span class='ocrx_word' id='word_1_551' title='bbox 2660 2287 2895 2354; x_wconf 32' lang='lat' dir='ltr'><strong>terribili.</strong></span> <span class='ocrx_word' id='word_1_552' title='bbox 2917 2287 3191 2359; x_wconf 86' lang='lat' dir='ltr'><strong>perterriti</strong></span> <span class='ocrx_word' id='word_1_553' title='bbox 3227 2284 3493 2359; x_wconf 72' lang='lat' dir='ltr'><strong>Saxones,</strong></span> 
     </span>
    </p>
   </div>
   <div class='ocr_carea' id='block_1_83' title="bbox 1912 2375 3496 2452">
    <p class='ocr_par' dir='ltr' id='par_1_83' title="bbox 1912 2375 3496 2452">
     <span class='ocr_line' id='line_1_83' title="bbox 1912 2375 3496 2452; baseline -0.004 -16"><span class='ocrx_word' id='word_1_554' title='bbox 1912 2381 1966 2436; x_wconf 89' lang='lat' dir='ltr'><strong>in</strong></span> <span class='ocrx_word' id='word_1_555' title='bbox 1999 2381 2178 2452; x_wconf 76' lang='lat' dir='ltr'><strong>fugam</strong></span> <span class='ocrx_word' id='word_1_556' title='bbox 2205 2382 2347 2437; x_wconf 88' lang='lat' dir='ltr'><strong>versi</strong></span> <span class='ocrx_word' id='word_1_557' title='bbox 2392 2389 2537 2445; x_wconf 90' lang='lat' dir='ltr'><strong>sunt,</strong></span> <span class='ocrx_word' id='word_1_558' title='bbox 2577 2380 2762 2449; x_wconf 83' lang='lat' dir='ltr'><strong>sicque</strong></span> <span class='ocrx_word' id='word_1_559' title='bbox 2794 2387 3035 2434; x_wconf 89' lang='lat' dir='ltr'><strong>castrum</strong></span> <span class='ocrx_word' id='word_1_560' title='bbox 3071 2375 3199 2431; x_wconf 84' lang='lat' dir='ltr'><strong>illud</strong></span> <span class='ocrx_word' id='word_1_561' title='bbox 3241 2375 3310 2431; x_wconf 87' lang='lat' dir='ltr'><strong>ab</strong></span> <span class='ocrx_word' id='word_1_562' title='bbox 3351 2375 3496 2432; x_wconf 39' lang='lat' dir='ltr'><strong>obsie</strong></span> 
     </span>
    </p>
   </div>
   <div class='ocr_carea' id='block_1_84' title="bbox 1912 2466 3495 2539">
    <p class='ocr_par' dir='ltr' id='par_1_84' title="bbox 1912 2466 3495 2539">
     <span class='ocr_line' id='line_1_84' title="bbox 1912 2466 3495 2539; baseline -0.005 -11"><span class='ocrx_word' id='word_1_563' title='bbox 1912 2472 2071 2528; x_wconf 85' lang='lat' dir='ltr'><strong>dione</strong></span> <span class='ocrx_word' id='word_1_564' title='bbox 2114 2472 2420 2528; x_wconf 86' lang='lat' dir='ltr'><strong>liberatum.</strong></span> <span class='ocrx_word' id='word_1_565' title='bbox 2454 2471 2568 2526; x_wconf 78' lang='lat' dir='ltr'><strong>Rex</strong></span> <span class='ocrx_word' id='word_1_566' title='bbox 2598 2467 2844 2533; x_wconf 86' lang='lat' dir='ltr'><strong>Carolus,</strong></span> <span class='ocrx_word' id='word_1_567' title='bbox 2878 2476 2938 2523; x_wconf 91' lang='lat' dir='ltr'><strong>ut</strong></span> <span class='ocrx_word' id='word_1_568' title='bbox 2962 2466 3293 2539; x_wconf 89' lang='lat' dir='ltr'><strong>pervenitad</strong></span> <span class='ocrx_word' id='word_1_569' title='bbox 3316 2467 3495 2535; x_wconf 78' lang='lat' dir='ltr'><strong>locum</strong></span> 
     </span>
    </p>
   </div>
   <div class='ocr_carea' id='block_1_85' title="bbox 1912 2560 3492 2637">
    <p class='ocr_par' dir='ltr' id='par_1_85' title="bbox 1912 2560 3492 2637">
     <span class='ocr_line' id='line_1_85' title="bbox 1912 2560 3492 2637; baseline -0.002 -17"><span class='ocrx_word' id='word_1_570' title='bbox 1912 2566 2002 2635; x_wconf 89' lang='lat' dir='ltr'><strong>qui</strong></span> <span class='ocrx_word' id='word_1_571' title='bbox 2033 2566 2231 2621; x_wconf 86' lang='lat' dir='ltr'><strong>dicitur</strong></span> <span class='ocrx_word' id='word_1_572' title='bbox 2271 2564 2610 2637; x_wconf 87' lang='lat' dir='ltr'><strong>lngilinbam,</strong></span> <span class='ocrx_word' id='word_1_573' title='bbox 2637 2573 2867 2634; x_wconf 89' lang='lat' dir='ltr'><strong>quatuor</strong></span> <span class='ocrx_word' id='word_1_574' title='bbox 2895 2576 3079 2618; x_wconf 60' lang='lat' dir='ltr'><strong>suras</strong></span> <span class='ocrx_word' id='word_1_575' title='bbox 3120 2561 3173 2615; x_wconf 90' lang='lat' dir='ltr'><strong>in</strong></span> <span class='ocrx_word' id='word_1_576' title='bbox 3199 2560 3492 2617; x_wconf 87' lang='lat' dir='ltr'><strong>Saxoniam</strong></span> 
     </span>
    </p>
   </div>
   <div class='ocr_carea' id='block_1_86' title="bbox 1912 2652 3492 2730">
    <p class='ocr_par' dir='ltr' id='par_1_86' title="bbox 1912 2652 3492 2730">
     <span class='ocr_line' id='line_1_86' title="bbox 1912 2652 3492 2730; baseline -0.003 -18"><span class='ocrx_word' id='word_1_577' title='bbox 1912 2657 2116 2730; x_wconf 87' lang='lat' dir='ltr'><strong>dirigit,</strong></span> <span class='ocrx_word' id='word_1_578' title='bbox 2138 2672 2257 2729; x_wconf 75' lang='lat' dir='ltr'><strong>quae</strong></span> <span class='ocrx_word' id='word_1_579' title='bbox 2282 2659 2390 2712; x_wconf 90' lang='lat' dir='ltr'><strong>Deo</strong></span> <span class='ocrx_word' id='word_1_580' title='bbox 2416 2656 2708 2711; x_wconf 85' lang='lat' dir='ltr'><strong>auxiliante</strong></span> <span class='ocrx_word' id='word_1_581' title='bbox 2729 2655 2978 2710; x_wconf 78' lang='lat' dir='ltr'><strong>victrices</strong></span> <span class='ocrx_word' id='word_1_582' title='bbox 3010 2653 3348 2709; x_wconf 82' lang='lat' dir='ltr'><strong>exstiterunt.</strong></span> <span class='ocrx_word' id='word_1_583' title='bbox 3379 2652 3492 2707; x_wconf 79' lang='lat' dir='ltr'><strong>Rex</strong></span> 
     </span>
    </p>
   </div>
   <div class='ocr_carea' id='block_1_87' title="bbox 1913 2740 3495 2820">
    <p class='ocr_par' dir='ltr' id='par_1_87' title="bbox 1913 2740 3495 2820">
     <span class='ocr_line' id='line_1_87' title="bbox 1913 2740 3495 2820; baseline -0.003 -20"><span class='ocrx_word' id='word_1_584' title='bbox 1913 2747 2176 2820; x_wconf 88' lang='lat' dir='ltr'><strong>gloriosus</strong></span> <span class='ocrx_word' id='word_1_585' title='bbox 2203 2746 2429 2801; x_wconf 88' lang='lat' dir='ltr'><strong>Carolus</strong></span> <span class='ocrx_word' id='word_1_586' title='bbox 2473 2754 2710 2800; x_wconf 85' lang='lat' dir='ltr'><strong>castrum</strong></span> <span class='ocrx_word' id='word_1_587' title='bbox 2761 2742 3105 2814; x_wconf 75' lang='lat' dir='ltr'><strong>Sigiburgum</strong></span> <span class='ocrx_word' id='word_1_588' title='bbox 3156 2743 3208 2795; x_wconf 91' lang='lat' dir='ltr'><strong>in</strong></span> <span class='ocrx_word' id='word_1_589' title='bbox 3258 2740 3495 2796; x_wconf 83' lang='lat' dir='ltr'><strong>Saxonia</strong></span> 
     </span>
    </p>
   </div>
   <div class='ocr_carea' id='block_1_88' title="bbox 1912 2828 3485 2908">
    <p class='ocr_par' dir='ltr' id='par_1_88' title="bbox 1912 2828 3485 2908">
     <span class='ocr_line' id='line_1_88' title="bbox 1912 2828 3485 2908; baseline -0.006 -15"><span class='ocrx_word' id='word_1_590' title='bbox 1912 2836 2076 2908; x_wconf 87' lang='lat' dir='ltr'><strong>cepit,</strong></span> <span class='ocrx_word' id='word_1_591' title='bbox 2103 2836 2461 2906; x_wconf 82' lang='lat' dir='ltr'><strong>Eresburgum</strong></span> <span class='ocrx_word' id='word_1_592' title='bbox 2488 2849 2652 2903; x_wconf 88' lang='lat' dir='ltr'><strong>super</strong></span> <span class='ocrx_word' id='word_1_593' title='bbox 2678 2831 2946 2888; x_wconf 82' lang='lat' dir='ltr'><strong>Wisaram</strong></span> <span class='ocrx_word' id='word_1_594' title='bbox 2982 2828 3219 2892; x_wconf 75' lang='lat' dir='ltr'><strong>ﬂuvium,</strong></span> <span class='ocrx_word' id='word_1_595' title='bbox 3264 2831 3317 2885; x_wconf 90' lang='lat' dir='ltr'><strong>in</strong></span> <span class='ocrx_word' id='word_1_596' title='bbox 3365 2829 3485 2885; x_wconf 84' lang='lat' dir='ltr'><strong>loco</strong></span> 
     </span>
    </p>
   </div>
   <div class='ocr_carea' id='block_1_89' title="bbox 1910 2920 3500 3002">
    <p class='ocr_par' dir='ltr' id='par_1_89' title="bbox 1910 2920 3500 3002">
     <span class='ocr_line' id='line_1_89' title="bbox 1910 2920 3500 3002; baseline -0.004 -17"><span class='ocrx_word' id='word_1_597' title='bbox 1910 2932 2005 3002; x_wconf 91' lang='lat' dir='ltr'><strong>qui</strong></span> <span class='ocrx_word' id='word_1_598' title='bbox 2034 2929 2234 2984; x_wconf 90' lang='lat' dir='ltr'><strong>dicitur</strong></span> <span class='ocrx_word' id='word_1_599' title='bbox 2275 2927 2622 2995; x_wconf 84' lang='lat' dir='ltr'><strong>Brunisberg,</strong></span> <span class='ocrx_word' id='word_1_600' title='bbox 2684 2925 2991 2980; x_wconf 67' lang='lat' dir='ltr'><strong>reaedificat.</strong></span> <span class='ocrx_word' id='word_1_601' title='bbox 3048 2920 3246 2993; x_wconf 87' lang='lat' dir='ltr'><strong>Sicque</strong></span> <span class='ocrx_word' id='word_1_602' title='bbox 3301 2921 3500 2979; x_wconf 76' lang='lat' dir='ltr'><strong>Franci</strong></span> 
     </span>
    </p>
   </div>
   <div class='ocr_carea' id='block_1_90' title="bbox 1911 3015 3496 3093">
    <p class='ocr_par' dir='ltr' id='par_1_90' title="bbox 1911 3015 3496 3093">
     <span class='ocr_line' id='line_1_90' title="bbox 1911 3015 3496 3093; baseline -0.007 -14"><span class='ocrx_word' id='word_1_603' title='bbox 1911 3034 2198 3093; x_wconf 85' lang='lat' dir='ltr'><strong>utramque</strong></span> <span class='ocrx_word' id='word_1_604' title='bbox 2224 3021 2420 3091; x_wconf 91' lang='lat' dir='ltr'><strong>ripam,</strong></span> <span class='ocrx_word' id='word_1_605' title='bbox 2446 3018 2642 3091; x_wconf 82' lang='lat' dir='ltr'><strong>fugatis</strong></span> <span class='ocrx_word' id='word_1_606' title='bbox 2664 3026 2718 3071; x_wconf 77' lang='lat' dir='ltr'><strong>et</strong></span> <span class='ocrx_word' id='word_1_607' title='bbox 2740 3018 2935 3089; x_wconf 91' lang='lat' dir='ltr'><strong>partim</strong></span> <span class='ocrx_word' id='word_1_608' title='bbox 2961 3015 3153 3071; x_wconf 86' lang='lat' dir='ltr'><strong>occisis</strong></span> <span class='ocrx_word' id='word_1_609' title='bbox 3169 3015 3496 3079; x_wconf 84' lang='lat' dir='ltr'><strong>Saxonibus,</strong></span> 
     </span>
    </p>
   </div>
   <div class='ocr_carea' id='block_1_91' title="bbox 1911 3107 3492 3179">
    <p class='ocr_par' dir='ltr' id='par_1_91' title="bbox 1911 3107 3492 3179">
     <span class='ocr_line' id='line_1_91' title="bbox 1911 3107 3492 3179; baseline -0.006 -8"><span class='ocrx_word' id='word_1_610' title='bbox 1911 3115 2174 3171; x_wconf 89' lang='lat' dir='ltr'><strong>obtinent.</strong></span> <span class='ocrx_word' id='word_1_611' title='bbox 2232 3112 2510 3169; x_wconf 84' lang='lat' dir='ltr'><strong>Gloriosus</strong></span> <span class='ocrx_word' id='word_1_612' title='bbox 2558 3126 2649 3165; x_wconf 84' lang='lat' dir='ltr'><strong>rcx</strong></span> <span class='ocrx_word' id='word_1_613' title='bbox 2701 3109 2929 3165; x_wconf 86' lang='lat' dir='ltr'><strong>Carolus</strong></span> <span class='ocrx_word' id='word_1_614' title='bbox 2970 3123 3140 3179; x_wconf 89' lang='lat' dir='ltr'><strong>usque</strong></span> <span class='ocrx_word' id='word_1_615' title='bbox 3184 3107 3492 3163; x_wconf 83' lang='lat' dir='ltr'><strong>Oboacrum</strong></span> 
     </span>
    </p>
   </div>
   <div class='ocr_carea' id='block_1_92' title="bbox 1910 3202 3498 3273">
    <p class='ocr_par' dir='ltr' id='par_1_92' title="bbox 1910 3202 3498 3273">
     <span class='ocr_line' id='line_1_92' title="bbox 1910 3202 3498 3273; baseline -0.004 -12"><span class='ocrx_word' id='word_1_616' title='bbox 1910 3205 2127 3261; x_wconf 79' lang='lat' dir='ltr'><strong>ﬂuvium</strong></span> <span class='ocrx_word' id='word_1_617' title='bbox 2178 3204 2471 3259; x_wconf 89' lang='lat' dir='ltr'><strong>Saxouiam</strong></span> <span class='ocrx_word' id='word_1_618' title='bbox 2521 3202 2763 3272; x_wconf 81' lang='lat' dir='ltr'><strong>aliasque</strong></span> <span class='ocrx_word' id='word_1_619' title='bbox 2821 3210 3009 3267; x_wconf 76' lang='lat' dir='ltr'><strong>gentes</strong></span> <span class='ocrx_word' id='word_1_620' title='bbox 3052 3216 3369 3273; x_wconf 82' lang='lat' dir='ltr'><strong>peragrans,</strong></span> <span class='ocrx_word' id='word_1_621' title='bbox 3417 3206 3498 3256; x_wconf 79' lang='lat' dir='ltr'><strong>re-</strong></span> 
     </span>
    </p>
   </div>
   <div class='ocr_carea' id='block_1_93' title="bbox 1910 3289 3499 3366">
    <p class='ocr_par' dir='ltr' id='par_1_93' title="bbox 1910 3289 3499 3366">
     <span class='ocr_line' id='line_1_93' title="bbox 1910 3289 3499 3366; baseline -0.002 -17"><span class='ocrx_word' id='word_1_622' title='bbox 1910 3295 2085 3366; x_wconf 83' lang='lat' dir='ltr'><strong>ceptis</strong></span> <span class='ocrx_word' id='word_1_623' title='bbox 2122 3293 2400 3350; x_wconf 84' lang='lat' dir='ltr'><strong>obsidibus</strong></span> <span class='ocrx_word' id='word_1_624' title='bbox 2423 3332 2438 3357; x_wconf 91' lang='lat'><strong>,</strong></span> <span class='ocrx_word' id='word_1_625' title='bbox 2478 3292 2529 3346; x_wconf 91' lang='lat' dir='ltr'><strong>in</strong></span> <span class='ocrx_word' id='word_1_626' title='bbox 2555 3289 2843 3346; x_wconf 82' lang='lat' dir='ltr'><strong>Franciam</strong></span> <span class='ocrx_word' id='word_1_627' title='bbox 2892 3307 2919 3344; x_wconf 91' lang='lat' dir='ltr'><strong>r</strong></span> <span class='ocrx_word' id='word_1_628' title='bbox 2954 3291 3069 3345; x_wconf 64' lang='lat' dir='ltr'><strong>ditt.</strong></span> <span class='ocrx_word' id='word_1_629' title='bbox 3111 3290 3307 3346; x_wconf 82' lang='lat' dir='ltr'><strong>Audito</strong></span> <span class='ocrx_word' id='word_1_630' title='bbox 3354 3289 3499 3359; x_wconf 90' lang='lat' dir='ltr'><strong>quod</strong></span> 
     </span>
    </p>
   </div>
   <div class='ocr_carea' id='block_1_94' title="bbox 1910 3381 3495 3455">
    <p class='ocr_par' dir='ltr' id='par_1_94' title="bbox 1910 3381 3495 3455">
     <span class='ocr_line' id='line_1_94' title="bbox 1910 3381 3495 3455; baseline -0.001 -16"><span class='ocrx_word' id='word_1_631' title='bbox 1910 3385 2336 3455; x_wconf 78' lang='lat' dir='ltr'><strong>Rothaugaudus</strong></span> <span class='ocrx_word' id='word_1_632' title='bbox 2349 3382 2733 3453; x_wconf 78' lang='lat' dir='ltr'><strong>Langobardos</strong></span> <span class='ocrx_word' id='word_1_633' title='bbox 2755 3383 2806 3436; x_wconf 92' lang='lat' dir='ltr'><strong>iu</strong></span> <span class='ocrx_word' id='word_1_634' title='bbox 2822 3381 3099 3451; x_wconf 80' lang='lat' dir='ltr'><strong>perﬁdiam</strong></span> <span class='ocrx_word' id='word_1_635' title='bbox 3118 3396 3306 3436; x_wconf 87' lang='lat' dir='ltr'><strong>versus</strong></span> <span class='ocrx_word' id='word_1_636' title='bbox 3329 3389 3495 3449; x_wconf 86' lang='lat' dir='ltr'><strong>esset,</strong></span> 
     </span>
    </p>
   </div>
   <div class='ocr_carea' id='block_1_95' title="bbox 1908 3473 3493 3547">
    <p class='ocr_par' dir='ltr' id='par_1_95' title="bbox 1908 3473 3493 3547">
     <span class='ocr_line' id='line_1_95' title="bbox 1908 3473 3493 3547; baseline -0.003 -14"><span class='ocrx_word' id='word_1_637' title='bbox 1908 3477 2115 3533; x_wconf 79' lang='lat' dir='ltr'><strong>Italiam</strong></span> <span class='ocrx_word' id='word_1_638' title='bbox 2148 3478 2345 3532; x_wconf 86' lang='lat' dir='ltr'><strong>iterum</strong></span> <span class='ocrx_word' id='word_1_639' title='bbox 2393 3475 2628 3547; x_wconf 84' lang='lat' dir='ltr'><strong>repetiit,</strong></span> <span class='ocrx_word' id='word_1_640' title='bbox 2683 3473 3162 3545; x_wconf 60' lang='lat' dir='ltr'><strong>septingentesimo</strong></span> <span class='ocrx_word' id='word_1_641' title='bbox 3206 3482 3493 3544; x_wconf 55' lang='lat' dir='ltr'><strong>septuagea</strong></span> 
     </span>
    </p>
   </div>
   <div class='ocr_carea' id='block_1_96' title="bbox 1910 3566 3500 3649">
    <p class='ocr_par' dir='ltr' id='par_1_96' title="bbox 1910 3566 3500 3649">
     <span class='ocr_line' id='line_1_96' title="bbox 1910 3566 3500 3649; baseline -0.002 -23"><span class='ocrx_word' id='word_1_642' title='bbox 1910 3573 2050 3649; x_wconf 77' lang='lat' dir='ltr'><strong>siina</strong></span> <span class='ocrx_word' id='word_1_643' title='bbox 2073 3579 2227 3626; x_wconf 85' lang='lat' dir='ltr'><strong>sexto</strong></span> <span class='ocrx_word' id='word_1_644' title='bbox 2240 3585 2383 3624; x_wconf 89' lang='lat' dir='ltr'><strong>anno</strong></span> <span class='ocrx_word' id='word_1_645' title='bbox 2399 3568 2793 3624; x_wconf 88' lang='lat' dir='ltr'><strong>Incarnationis</strong></span> <span class='ocrx_word' id='word_1_646' title='bbox 2809 3567 3037 3622; x_wconf 88' lang='lat' dir='ltr'><strong>Domini.</strong></span> <span class='ocrx_word' id='word_1_647' title='bbox 3056 3566 3248 3623; x_wconf 87' lang='lat' dir='ltr'><strong>Occiso</strong></span> <span class='ocrx_word' id='word_1_648' title='bbox 3261 3566 3500 3632; x_wconf 75' lang='lat' dir='ltr'><strong>Bothatt,</strong></span> 
     </span>
    </p>
   </div>
   <div class='ocr_carea' id='block_1_97' title="bbox 1912 3659 3501 3737">
    <p class='ocr_par' dir='ltr' id='par_1_97' title="bbox 1912 3659 3501 3737">
     <span class='ocr_line' id='line_1_97' title="bbox 1912 3659 3501 3737; baseline -0.004 -17"><span class='ocrx_word' id='word_1_649' title='bbox 1912 3665 2108 3737; x_wconf 83' lang='lat' dir='ltr'><strong>gaude,</strong></span> <span class='ocrx_word' id='word_1_650' title='bbox 2130 3662 2487 3733; x_wconf 82' lang='lat' dir='ltr'><strong>Forojulium,</strong></span> <span class='ocrx_word' id='word_1_651' title='bbox 2505 3659 2907 3723; x_wconf 80' lang='lat' dir='ltr'><strong>Tharavisium,</strong></span> <span class='ocrx_word' id='word_1_652' title='bbox 2922 3668 3085 3725; x_wconf 84' lang='lat' dir='ltr'><strong>atque</strong></span> <span class='ocrx_word' id='word_1_653' title='bbox 3106 3659 3241 3713; x_wconf 89' lang='lat' dir='ltr'><strong>alias</strong></span> <span class='ocrx_word' id='word_1_654' title='bbox 3254 3659 3501 3716; x_wconf 73' lang='lat' dir='ltr'><strong>civitates</strong></span> 
     </span>
    </p>
   </div>
   <div class='ocr_carea' id='block_1_98' title="bbox 1910 3749 3498 3821">
    <p class='ocr_par' dir='ltr' id='par_1_98' title="bbox 1910 3749 3498 3821">
     <span class='ocr_line' id='line_1_98' title="bbox 1910 3749 3498 3821; baseline -0.006 -8"><span class='ocrx_word' id='word_1_655' title='bbox 1910 3758 1965 3813; x_wconf 90' lang='lat' dir='ltr'><strong>in</strong></span> <span class='ocrx_word' id='word_1_656' title='bbox 1993 3757 2251 3812; x_wconf 83' lang='lat' dir='ltr'><strong>ditionem</strong></span> <span class='ocrx_word' id='word_1_657' title='bbox 2285 3769 2437 3809; x_wconf 90' lang='lat' dir='ltr'><strong>suam</strong></span> <span class='ocrx_word' id='word_1_658' title='bbox 2479 3752 2706 3821; x_wconf 85' lang='lat' dir='ltr'><strong>recepit,</strong></span> <span class='ocrx_word' id='word_1_659' title='bbox 2735 3764 2935 3820; x_wconf 85' lang='lat' dir='ltr'><strong>easque</strong></span> <span class='ocrx_word' id='word_1_660' title='bbox 2965 3749 3190 3804; x_wconf 73' lang='lat' dir='ltr'><strong>Francis</strong></span> <span class='ocrx_word' id='word_1_661' title='bbox 3217 3749 3287 3803; x_wconf 86' lang='lat' dir='ltr'><strong>ad</strong></span> <span class='ocrx_word' id='word_1_662' title='bbox 3315 3759 3498 3804; x_wconf 79' lang='lat' dir='ltr'><strong>custo-</strong></span> 
     </span>
    </p>
   </div>
   <div class='ocr_carea' id='block_1_99' title="bbox 1913 3840 3493 3925">
    <p class='ocr_par' dir='ltr' id='par_1_99' title="bbox 1913 3840 3493 3925">
     <span class='ocr_line' id='line_1_99' title="bbox 1913 3840 3493 3925; baseline -0.005 -22"><span class='ocrx_word' id='word_1_663' title='bbox 1913 3848 2056 3904; x_wconf 85' lang='lat' dir='ltr'><strong>diam</strong></span> <span class='ocrx_word' id='word_1_664' title='bbox 2082 3846 2349 3925; x_wconf 78' lang='lat' dir='ltr'><strong>permisit.</strong></span> <span class='ocrx_word' id='word_1_665' title='bbox 2399 3843 2799 3914; x_wconf 83' lang='lat' dir='ltr'><strong>Heresburgum</strong></span> <span class='ocrx_word' id='word_1_666' title='bbox 2829 3852 3065 3897; x_wconf 88' lang='lat' dir='ltr'><strong>castrum</strong></span> <span class='ocrx_word' id='word_1_667' title='bbox 3116 3840 3361 3897; x_wconf 66' lang='lat' dir='ltr'><strong>Satones</strong></span> <span class='ocrx_word' id='word_1_668' title='bbox 3407 3843 3493 3896; x_wconf 83' lang='lat' dir='ltr'><strong>in-</strong></span> 
     </span>
    </p>
   </div>
   <div class='ocr_carea' id='block_1_100' title="bbox 1912 3934 3493 4006">
    <p class='ocr_par' dir='ltr' id='par_1_100' title="bbox 1912 3934 3493 4006">
     <span class='ocr_line' id='line_1_100' title="bbox 1912 3934 3493 4006; baseline -0.006 -9"><span class='ocrx_word' id='word_1_669' title='bbox 1912 3942 2116 3997; x_wconf 87' lang='lat' dir='ltr'><strong>vadunt</strong></span> <span class='ocrx_word' id='word_1_670' title='bbox 2154 3949 2209 3997; x_wconf 93' lang='lat' dir='ltr'><strong>et</strong></span> <span class='ocrx_word' id='word_1_671' title='bbox 2238 3942 2542 3996; x_wconf 89' lang='lat' dir='ltr'><strong>destruunt.</strong></span> <span class='ocrx_word' id='word_1_672' title='bbox 2574 3936 2681 3993; x_wconf 88' lang='lat' dir='ltr'><strong>Sed</strong></span> <span class='ocrx_word' id='word_1_673' title='bbox 2730 3948 2852 3993; x_wconf 85' lang='lat' dir='ltr'><strong>cum</strong></span> <span class='ocrx_word' id='word_1_674' title='bbox 2883 3943 3250 4006; x_wconf 74' lang='lat' dir='ltr'><strong>praepararent</strong></span> <span class='ocrx_word' id='word_1_675' title='bbox 3284 3934 3493 3989; x_wconf 56' lang='lat' dir='ltr'><strong>machia</strong></span> 
     </span>
    </p>
   </div>
   <div class='ocr_carea' id='block_1_101' title="bbox 1913 4028 3498 4104">
    <p class='ocr_par' dir='ltr' id='par_1_101' title="bbox 1913 4028 3498 4104">
     <span class='ocr_line' id='line_1_101' title="bbox 1913 4028 3498 4104; baseline -0.008 -12"><span class='ocrx_word' id='word_1_676' title='bbox 1913 4052 2014 4092; x_wconf 88' lang='lat' dir='ltr'><strong>nas</strong></span> <span class='ocrx_word' id='word_1_677' title='bbox 2043 4044 2099 4091; x_wconf 88' lang='lat' dir='ltr'><strong>et</strong></span> <span class='ocrx_word' id='word_1_678' title='bbox 2142 4033 2429 4104; x_wconf 85' lang='lat' dir='ltr'><strong>petrarias,</strong></span> <span class='ocrx_word' id='word_1_679' title='bbox 2488 4041 2649 4101; x_wconf 87' lang='lat' dir='ltr'><strong>atque</strong></span> <span class='ocrx_word' id='word_1_680' title='bbox 2683 4031 2875 4095; x_wconf 84' lang='lat' dir='ltr'><strong>cletas,</strong></span> <span class='ocrx_word' id='word_1_681' title='bbox 2902 4038 2963 4083; x_wconf 93' lang='lat' dir='ltr'><strong>ut</strong></span> <span class='ocrx_word' id='word_1_682' title='bbox 3001 4028 3228 4083; x_wconf 75' lang='lat' dir='ltr'><strong>alterum</strong></span> <span class='ocrx_word' id='word_1_683' title='bbox 3261 4034 3498 4082; x_wconf 88' lang='lat' dir='ltr'><strong>castrum</strong></span> 
     </span>
    </p>
   </div>
   <div class='ocr_carea' id='block_1_102' title="bbox 1913 4116 3498 4198">
    <p class='ocr_par' dir='ltr' id='par_1_102' title="bbox 1913 4116 3498 4198">
     <span class='ocr_line' id='line_1_102' title="bbox 1913 4116 3498 4198; baseline -0.005 -16"><span class='ocrx_word' id='word_1_684' title='bbox 1913 4127 2286 4198; x_wconf 57' lang='lat' dir='ltr'><strong>praeripereut,</strong></span> <span class='ocrx_word' id='word_1_685' title='bbox 2347 4124 2655 4180; x_wconf 82' lang='lat' dir='ltr'><strong>videntibus</strong></span> <span class='ocrx_word' id='word_1_686' title='bbox 2686 4120 3058 4185; x_wconf 77' lang='lat' dir='ltr'><strong>adversariis,</strong></span> <span class='ocrx_word' id='word_1_687' title='bbox 3111 4116 3498 4189; x_wconf 73' lang='lat' dir='ltr'><strong>apparuerunt;</strong></span> 
     </span>
    </p>
   </div>
   <div class='ocr_carea' id='block_1_103' title="bbox 1913 4213 3502 4287">
    <p class='ocr_par' dir='ltr' id='par_1_103' title="bbox 1913 4213 3502 4287">
     <span class='ocr_line' id='line_1_103' title="bbox 1913 4213 3502 4287; baseline -0.004 -12"><span class='ocrx_word' id='word_1_688' title='bbox 1913 4222 1970 4275; x_wconf 84' lang='lat' dir='ltr'><strong>in</strong></span> <span class='ocrx_word' id='word_1_689' title='bbox 2000 4222 2218 4276; x_wconf 89' lang='lat' dir='ltr'><strong>modum</strong></span> <span class='ocrx_word' id='word_1_690' title='bbox 2250 4218 2415 4282; x_wconf 89' lang='lat' dir='ltr'><strong>scuti,</strong></span> <span class='ocrx_word' id='word_1_691' title='bbox 2438 4218 2545 4272; x_wconf 89' lang='lat' dir='ltr'><strong>duo</strong></span> <span class='ocrx_word' id='word_1_692' title='bbox 2572 4217 2714 4287; x_wconf 88' lang='lat' dir='ltr'><strong>globi</strong></span> <span class='ocrx_word' id='word_1_693' title='bbox 2742 4215 3081 4272; x_wconf 80' lang='lat' dir='ltr'><strong>ﬂammantcs</strong></span> <span class='ocrx_word' id='word_1_694' title='bbox 3116 4218 3299 4286; x_wconf 78' lang='lat' dir='ltr'><strong>super</strong></span> <span class='ocrx_word' id='word_1_695' title='bbox 3327 4213 3502 4270; x_wconf 64' lang='lat' dir='ltr'><strong>eccle-</strong></span> 
     </span>
    </p>
   </div>
   <div class='ocr_carea' id='block_1_104' title="bbox 1915 4304 3501 4382">
    <p class='ocr_par' dir='ltr' id='par_1_104' title="bbox 1915 4304 3501 4382">
     <span class='ocr_line' id='line_1_104' title="bbox 1915 4304 3501 4382; baseline -0.006 -13"><span class='ocrx_word' id='word_1_696' title='bbox 1915 4314 2051 4369; x_wconf 86' lang='lat' dir='ltr'><strong>siam</strong></span> <span class='ocrx_word' id='word_1_697' title='bbox 2077 4320 2201 4382; x_wconf 77' lang='lat' dir='ltr'><strong>qune</strong></span> <span class='ocrx_word' id='word_1_698' title='bbox 2223 4312 2276 4365; x_wconf 91' lang='lat' dir='ltr'><strong>in</strong></span> <span class='ocrx_word' id='word_1_699' title='bbox 2318 4312 2434 4381; x_wconf 88' lang='lat' dir='ltr'><strong>ipso</strong></span> <span class='ocrx_word' id='word_1_700' title='bbox 2453 4319 2636 4365; x_wconf 81' lang='lat' dir='ltr'><strong>castro</strong></span> <span class='ocrx_word' id='word_1_701' title='bbox 2657 4320 2797 4364; x_wconf 87' lang='lat' dir='ltr'><strong>erat.</strong></span> <span class='ocrx_word' id='word_1_702' title='bbox 2846 4307 3197 4377; x_wconf 81' lang='lat' dir='ltr'><strong>Quavisione</strong></span> <span class='ocrx_word' id='word_1_703' title='bbox 3234 4304 3501 4376; x_wconf 79' lang='lat' dir='ltr'><strong>pavefacti</strong></span> 
     </span>
    </p>
   </div>
   <div class='ocr_carea' id='block_1_105' title="bbox 1916 4398 3501 4473">
    <p class='ocr_par' dir='ltr' id='par_1_105' title="bbox 1916 4398 3501 4473">
     <span class='ocr_line' id='line_1_105' title="bbox 1916 4398 3501 4473; baseline -0.005 -12"><span class='ocrx_word' id='word_1_704' title='bbox 1916 4406 2161 4462; x_wconf 81' lang='lat' dir='ltr'><strong>Saxones</strong></span> <span class='ocrx_word' id='word_1_705' title='bbox 2192 4444 2210 4471; x_wconf 91' lang='lat'><strong>,</strong></span> <span class='ocrx_word' id='word_1_706' title='bbox 2279 4403 2644 4473; x_wconf 85' lang='lat' dir='ltr'><strong>relinquentes</strong></span> <span class='ocrx_word' id='word_1_707' title='bbox 2686 4401 2993 4455; x_wconf 82' lang='lat' dir='ltr'><strong>universam</strong></span> <span class='ocrx_word' id='word_1_708' title='bbox 3046 4398 3501 4470; x_wconf 64' lang='lat' dir='ltr'><strong>praeparationem</strong></span> 
     </span>
    </p>
   </div>
   <div class='ocr_carea' id='block_1_106' title="bbox 1914 4488 3498 4566">
    <p class='ocr_par' dir='ltr' id='par_1_106' title="bbox 1914 4488 3498 4566">
     <span class='ocr_line' id='line_1_106' title="bbox 1914 4488 3498 4566; baseline -0.005 -14"><span class='ocrx_word' id='word_1_709' title='bbox 1914 4512 2089 4561; x_wconf 85' lang='lat' dir='ltr'><strong>suam,</strong></span> <span class='ocrx_word' id='word_1_710' title='bbox 2110 4496 2183 4549; x_wconf 83' lang='lat' dir='ltr'><strong>ita</strong></span> <span class='ocrx_word' id='word_1_711' title='bbox 2215 4493 2337 4566; x_wconf 81' lang='lat' dir='ltr'><strong>luga</strong></span> <span class='ocrx_word' id='word_1_712' title='bbox 2376 4493 2514 4563; x_wconf 87' lang='lat' dir='ltr'><strong>lapsi</strong></span> <span class='ocrx_word' id='word_1_713' title='bbox 2543 4492 2690 4556; x_wconf 85' lang='lat' dir='ltr'><strong>sunt,</strong></span> <span class='ocrx_word' id='word_1_714' title='bbox 2718 4502 2777 4546; x_wconf 92' lang='lat' dir='ltr'><strong>ut</strong></span> <span class='ocrx_word' id='word_1_715' title='bbox 2804 4500 3054 4546; x_wconf 82' lang='lat' dir='ltr'><strong>mumose</strong></span> <span class='ocrx_word' id='word_1_716' title='bbox 3096 4489 3289 4558; x_wconf 81' lang='lat' dir='ltr'><strong>gladiis</strong></span> <span class='ocrx_word' id='word_1_717' title='bbox 3308 4488 3498 4545; x_wconf 84' lang='lat' dir='ltr'><strong>conci-</strong></span> 
     </span>
    </p>
   </div>
   <div class='ocr_carea' id='block_1_107' title="bbox 1914 4580 3497 4658">
    <p class='ocr_par' dir='ltr' id='par_1_107' title="bbox 1914 4580 3497 4658">
     <span class='ocr_line' id='line_1_107' title="bbox 1914 4580 3497 4658; baseline -0.006 -13"><span class='ocrx_word' id='word_1_718' title='bbox 1914 4590 2123 4645; x_wconf 88' lang='lat' dir='ltr'><strong>derent.</strong></span> <span class='ocrx_word' id='word_1_719' title='bbox 2171 4588 2284 4642; x_wconf 81' lang='lat' dir='ltr'><strong>Rex</strong></span> <span class='ocrx_word' id='word_1_720' title='bbox 2317 4586 2581 4658; x_wconf 87' lang='lat' dir='ltr'><strong>gloriosus</strong></span> <span class='ocrx_word' id='word_1_721' title='bbox 2605 4584 2831 4640; x_wconf 83' lang='lat' dir='ltr'><strong>Carolus</strong></span> <span class='ocrx_word' id='word_1_722' title='bbox 2881 4584 3078 4638; x_wconf 87' lang='lat' dir='ltr'><strong>iterum</strong></span> <span class='ocrx_word' id='word_1_723' title='bbox 3108 4580 3355 4638; x_wconf 84' lang='lat' dir='ltr'><strong>Saxones</strong></span> <span class='ocrx_word' id='word_1_724' title='bbox 3398 4592 3497 4653; x_wconf 62' lang='lat' dir='ltr'><strong>ag-J</strong></span> 
     </span>
    </p>
   </div>
   <div class='ocr_carea' id='block_1_108' title="bbox 1916 4674 3499 4753">
    <p class='ocr_par' dir='ltr' id='par_1_108' title="bbox 1916 4674 3499 4753">
     <span class='ocr_line' id='line_1_108' title="bbox 1916 4674 3499 4753; baseline -0.004 -18"><span class='ocrx_word' id='word_1_725' title='bbox 1916 4696 2156 4753; x_wconf 83' lang='lat' dir='ltr'><strong>gressus,</strong></span> <span class='ocrx_word' id='word_1_726' title='bbox 2190 4679 2583 4747; x_wconf 82' lang='lat' dir='ltr'><strong>ﬁrmitatesque</strong></span> <span class='ocrx_word' id='word_1_727' title='bbox 2610 4677 2824 4730; x_wconf 88' lang='lat' dir='ltr'><strong>illorum</strong></span> <span class='ocrx_word' id='word_1_728' title='bbox 2854 4688 3047 4731; x_wconf 86' lang='lat' dir='ltr'><strong>omnes</strong></span> <span class='ocrx_word' id='word_1_729' title='bbox 3087 4674 3357 4738; x_wconf 86' lang='lat' dir='ltr'><strong>obtinens,</strong></span> <span class='ocrx_word' id='word_1_730' title='bbox 3388 4676 3499 4745; x_wconf 81' lang='lat' dir='ltr'><strong>quo</strong></span> 
     </span>
    </p>
   </div>
   <div class='ocr_carea' id='block_1_109' title="bbox 1914 4760 3503 4843">
    <p class='ocr_par' dir='ltr' id='par_1_109' title="bbox 1914 4760 3503 4843">
     <span class='ocr_line' id='line_1_109' title="bbox 1914 4760 3503 4843; baseline -0.006 -16"><span class='ocrx_word' id='word_1_731' title='bbox 1914 4774 2098 4843; x_wconf 82' lang='lat' dir='ltr'><strong>Lippia</strong></span> <span class='ocrx_word' id='word_1_732' title='bbox 2126 4771 2423 4841; x_wconf 88' lang='lat' dir='ltr'><strong>consurgit,</strong></span> <span class='ocrx_word' id='word_1_733' title='bbox 2451 4768 2630 4824; x_wconf 87' lang='lat' dir='ltr'><strong>omnia</strong></span> <span class='ocrx_word' id='word_1_734' title='bbox 2654 4760 2964 4839; x_wconf 79' lang='lat' dir='ltr'><strong>peragrans,</strong></span> <span class='ocrx_word' id='word_1_735' title='bbox 2998 4768 3300 4821; x_wconf 85' lang='lat' dir='ltr'><strong>universam</strong></span> <span class='ocrx_word' id='word_1_736' title='bbox 3333 4763 3503 4821; x_wconf 77' lang='lat' dir='ltr'><strong>Saxo—</strong></span> 
     </span>
    </p>
   </div>
   <div class='ocr_carea' id='block_1_110' title="bbox 1913 4856 3501 4930">
    <p class='ocr_par' dir='ltr' id='par_1_110' title="bbox 1913 4856 3501 4930">
     <span class='ocr_line' id='line_1_110' title="bbox 1913 4856 3501 4930; baseline -0.003 -15"><span class='ocrx_word' id='word_1_737' title='bbox 1913 4863 2057 4916; x_wconf 81' lang='lat' dir='ltr'><strong>niam</strong></span> <span class='ocrx_word' id='word_1_738' title='bbox 2092 4862 2316 4930; x_wconf 77' lang='lat' dir='ltr'><strong>recepit,</strong></span> <span class='ocrx_word' id='word_1_739' title='bbox 2372 4868 2429 4914; x_wconf 85' lang='lat' dir='ltr'><strong>et</strong></span> <span class='ocrx_word' id='word_1_740' title='bbox 2486 4858 2817 4915; x_wconf 68' lang='lat' dir='ltr'><strong>retudillcato</strong></span> <span class='ocrx_word' id='word_1_741' title='bbox 2860 4856 3271 4928; x_wconf 71' lang='lat' dir='ltr'><strong>lieresburgalio</strong></span> <span class='ocrx_word' id='word_1_742' title='bbox 3317 4865 3501 4912; x_wconf 86' lang='lat' dir='ltr'><strong>castro</strong></span> 
     </span>
    </p>
   </div>
   <div class='ocr_carea' id='block_1_111' title="bbox 1913 4947 3498 5021">
    <p class='ocr_par' dir='ltr' id='par_1_111' title="bbox 1913 4947 3498 5021">
     <span class='ocr_line' id='line_1_111' title="bbox 1913 4947 3498 5021; baseline -0.001 -15"><span class='ocrx_word' id='word_1_743' title='bbox 1913 4966 2076 5021; x_wconf 88' lang='lat' dir='ltr'><strong>super</strong></span> <span class='ocrx_word' id='word_1_744' title='bbox 2098 4950 2341 5020; x_wconf 83' lang='lat' dir='ltr'><strong>Lippiam</strong></span> <span class='ocrx_word' id='word_1_745' title='bbox 2366 4949 2612 5005; x_wconf 73' lang='lat' dir='ltr'><strong>Saxones</strong></span> <span class='ocrx_word' id='word_1_746' title='bbox 2640 4964 2764 5004; x_wconf 86' lang='lat' dir='ltr'><strong>cum</strong></span> <span class='ocrx_word' id='word_1_747' title='bbox 2801 4948 3063 5003; x_wconf 78' lang='lat' dir='ltr'><strong>uxoribus</strong></span> <span class='ocrx_word' id='word_1_748' title='bbox 3092 4956 3147 5005; x_wconf 78' lang='lat' dir='ltr'><strong>et</strong></span> <span class='ocrx_word' id='word_1_749' title='bbox 3198 4947 3498 5004; x_wconf 69' lang='lat' dir='ltr'><strong>infantibus</strong></span> 
     </span>
    </p>
   </div>
   <div class='ocr_carea' id='block_1_112' title="bbox 1911 5031 3500 5112">
    <p class='ocr_par' dir='ltr' id='par_1_112' title="bbox 1911 5031 3500 5112">
     <span class='ocr_line' id='line_1_112' title="bbox 1911 5031 3500 5112; baseline -0.001 -15"><span class='ocrx_word' id='word_1_750' title='bbox 1911 5044 2213 5111; x_wconf 76' lang='lat' dir='ltr'><strong>baptizatos</strong></span> <span class='ocrx_word' id='word_1_751' title='bbox 2258 5042 2309 5096; x_wconf 90' lang='lat' dir='ltr'><strong>in</strong></span> <span class='ocrx_word' id='word_1_752' title='bbox 2352 5040 2458 5098; x_wconf 85' lang='lat' dir='ltr'><strong>llde</strong></span> <span class='ocrx_word' id='word_1_753' title='bbox 2483 5041 2585 5098; x_wconf 80' lang='lat' dir='ltr'><strong>sibi</strong></span> <span class='ocrx_word' id='word_1_754' title='bbox 2637 5040 2932 5110; x_wconf 79' lang='lat' dir='ltr'><strong>conjunxit,</strong></span> <span class='ocrx_word' id='word_1_755' title='bbox 2973 5048 3029 5096; x_wconf 77' lang='lat' dir='ltr'><strong>et</strong></span> <span class='ocrx_word' id='word_1_756' title='bbox 3054 5031 3313 5111; x_wconf 74' lang='lat' dir='ltr'><strong>placitum</strong></span> <span class='ocrx_word' id='word_1_757' title='bbox 3341 5054 3500 5112; x_wconf 88' lang='lat' dir='ltr'><strong>gene-</strong></span> 
     </span>
    </p>
   </div>
   <div class='ocr_carea' id='block_1_113' title="bbox 1916 5129 3499 5203">
    <p class='ocr_par' dir='ltr' id='par_1_113' title="bbox 1916 5129 3499 5203">
     <span class='ocr_line' id='line_1_113' title="bbox 1916 5129 3499 5203; baseline -0.003 -15"><span class='ocrx_word' id='word_1_758' title='bbox 1916 5134 2031 5188; x_wconf 87' lang='lat' dir='ltr'><strong>rale</strong></span> <span class='ocrx_word' id='word_1_759' title='bbox 2080 5143 2187 5188; x_wconf 87' lang='lat' dir='ltr'><strong>tam</strong></span> <span class='ocrx_word' id='word_1_760' title='bbox 2239 5141 2323 5189; x_wconf 77' lang='lat' dir='ltr'><strong>ex‘</strong></span> <span class='ocrx_word' id='word_1_761' title='bbox 2363 5133 2588 5187; x_wconf 81' lang='lat' dir='ltr'><strong>Francis</strong></span> <span class='ocrx_word' id='word_1_762' title='bbox 2639 5147 2803 5203; x_wconf 83' lang='lat' dir='ltr'><strong>quam</strong></span> <span class='ocrx_word' id='word_1_763' title='bbox 2857 5145 2924 5186; x_wconf 82' lang='lat' dir='ltr'><strong>ex</strong></span> <span class='ocrx_word' id='word_1_764' title='bbox 2987 5129 3303 5187; x_wconf 74' lang='lat' dir='ltr'><strong>Saxonibus</strong></span> <span class='ocrx_word' id='word_1_765' title='bbox 3354 5129 3499 5184; x_wconf 36' lang='lat' dir='ltr'><strong>celes</strong></span> 
     </span>
    </p>
   </div>
   <div class='ocr_carea' id='block_1_114' title="bbox 1917 5222 3499 5294">
    <p class='ocr_par' dir='ltr' id='par_1_114' title="bbox 1917 5222 3499 5294">
     <span class='ocr_line' id='line_1_114' title="bbox 1917 5222 3499 5294; baseline -0.004 -13"><span class='ocrx_word' id='word_1_766' title='bbox 1917 5225 2093 5281; x_wconf 88' lang='lat' dir='ltr'><strong>bravit</strong></span> <span class='ocrx_word' id='word_1_767' title='bbox 2142 5226 2208 5278; x_wconf 88' lang='lat' dir='ltr'><strong>ad</strong></span> <span class='ocrx_word' id='word_1_768' title='bbox 2260 5224 2708 5279; x_wconf 68' lang='lat' dir='ltr'><strong>Patcrbrunnam.</strong></span> <span class='ocrx_word' id='word_1_769' title='bbox 2739 5223 3089 5294; x_wconf 79' lang='lat' dir='ltr'><strong>Witlcbiugis</strong></span> <span class='ocrx_word' id='word_1_770' title='bbox 3131 5237 3255 5277; x_wconf 82' lang='lat' dir='ltr'><strong>cum</strong></span> <span class='ocrx_word' id='word_1_771' title='bbox 3276 5222 3499 5291; x_wconf 63' lang='lat' dir='ltr'><strong>quibus-1</strong></span> 
     </span>
    </p>
   </div>
   <div class='ocr_carea' id='block_1_115' title="bbox 1916 5313 3498 5371">
    <p class='ocr_par' dir='ltr' id='par_1_115' title="bbox 1916 5313 3498 5371">
     <span class='ocr_line' id='line_1_115' title="bbox 1916 5313 3498 5371; baseline -0.003 0"><span class='ocrx_word' id='word_1_772' title='bbox 1916 5318 2038 5371; x_wconf 88' lang='lat' dir='ltr'><strong>dam</strong></span> <span class='ocrx_word' id='word_1_773' title='bbox 2091 5315 2396 5371; x_wconf 59' lang='lat' dir='ltr'><strong>Saxonibus</strong></span> <span class='ocrx_word' id='word_1_774' title='bbox 2432 5314 2648 5371; x_wconf 63' lang='lat' dir='ltr'><strong>rebelli</strong></span> <span class='ocrx_word' id='word_1_775' title='bbox 2710 5315 2767 5369; x_wconf 91' lang='lat' dir='ltr'><strong>in</strong></span> <span class='ocrx_word' id='word_1_776' title='bbox 2825 5313 3273 5369; x_wconf 78' lang='lat' dir='ltr'><strong>Nortbmanniam</strong></span> <span class='ocrx_word' id='word_1_777' title='bbox 3323 5320 3498 5367; x_wconf 80' lang='lat' dir='ltr'><strong>trans-</strong></span> 
     </span>
    </p>
   </div>
   <div class='ocr_carea' id='block_1_116' title="bbox 1916 5404 3493 5476">
    <p class='ocr_par' dir='ltr' id='par_1_116' title="bbox 1916 5404 3493 5476">
     <span class='ocr_line' id='line_1_116' title="bbox 1916 5404 3493 5476; baseline 0 -15"><span class='ocrx_word' id='word_1_778' title='bbox 1916 5407 2092 5476; x_wconf 77' lang='lat' dir='ltr'><strong>fugit,</strong></span> <span class='ocrx_word' id='word_1_779' title='bbox 2146 5406 2405 5462; x_wconf 83' lang='lat' dir='ltr'><strong>auxilium</strong></span> <span class='ocrx_word' id='word_1_780' title='bbox 2455 5408 2527 5462; x_wconf 88' lang='lat' dir='ltr'><strong>ab</strong></span> <span class='ocrx_word' id='word_1_781' title='bbox 2576 5407 2657 5461; x_wconf 87' lang='lat' dir='ltr'><strong>eis</strong></span> <span class='ocrx_word' id='word_1_782' title='bbox 2702 5416 2891 5461; x_wconf 65' lang='lat' dir='ltr'><strong>contra</strong></span> <span class='ocrx_word' id='word_1_783' title='bbox 2955 5404 3175 5475; x_wconf 71' lang='lat' dir='ltr'><strong>Regem</strong></span> <span class='ocrx_word' id='word_1_784' title='bbox 3205 5404 3493 5474; x_wconf 77' lang='lat' dir='ltr'><strong>gloriosum</strong></span> 
     </span>
    </p>
   </div>
   <div class='ocr_carea' id='block_1_117' title="bbox 1912 5498 3503 5571">
    <p class='ocr_par' dir='ltr' id='par_1_117' title="bbox 1912 5498 3503 5571">
     <span class='ocr_line' id='line_1_117' title="bbox 1912 5498 3503 5571; baseline -0.001 -16"><span class='ocrx_word' id='word_1_785' title='bbox 1912 5498 2165 5567; x_wconf 68' lang='lat' dir='ltr'><strong>Car-olunt</strong></span> <span class='ocrx_word' id='word_1_786' title='bbox 2215 5498 2523 5570; x_wconf 86' lang='lat' dir='ltr'><strong>postulans,</strong></span> <span class='ocrx_word' id='word_1_787' title='bbox 2586 5499 2874 5570; x_wconf 67' lang='lat' dir='ltr'><strong>baptizatur</strong></span> <span class='ocrx_word' id='word_1_788' title='bbox 2906 5498 3212 5554; x_wconf 81' lang='lat' dir='ltr'><strong>Saxonibus</strong></span> <span class='ocrx_word' id='word_1_789' title='bbox 3243 5507 3300 5552; x_wconf 89' lang='lat' dir='ltr'><strong>et</strong></span> <span class='ocrx_word' id='word_1_790' title='bbox 3343 5498 3503 5571; x_wconf 55' lang='lat' dir='ltr'><strong>iuges</strong></span> 
     </span>
    </p>
   </div>
   <div class='ocr_carea' id='block_1_118' title="bbox 1914 5593 3499 5665">
    <p class='ocr_par' dir='ltr' id='par_1_118' title="bbox 1914 5593 3499 5665">
     <span class='ocr_line' id='line_1_118' title="bbox 1914 5593 3499 5665; baseline 0.003 -17"><span class='ocrx_word' id='word_1_791' title='bbox 1914 5594 2121 5649; x_wconf 69' lang='lat' dir='ltr'><strong>unitate</strong></span> <span class='ocrx_word' id='word_1_792' title='bbox 2164 5603 2221 5650; x_wconf 88' lang='lat' dir='ltr'><strong>et</strong></span> <span class='ocrx_word' id='word_1_793' title='bbox 2261 5593 2417 5651; x_wconf 85' lang='lat' dir='ltr'><strong>alodo</strong></span> <span class='ocrx_word' id='word_1_794' title='bbox 2461 5594 2585 5652; x_wconf 85' lang='lat' dir='ltr'><strong>lldei</strong></span> <span class='ocrx_word' id='word_1_795' title='bbox 2637 5596 2864 5651; x_wconf 77' lang='lat' dir='ltr'><strong>ﬁrmitas</strong></span> <span class='ocrx_word' id='word_1_796' title='bbox 2908 5594 3156 5650; x_wconf 85' lang='lat' dir='ltr'><strong>roborata</strong></span> <span class='ocrx_word' id='word_1_797' title='bbox 3186 5593 3231 5648; x_wconf 89' lang='lat' dir='ltr'><strong>si</strong></span> <span class='ocrx_word' id='word_1_798' title='bbox 3268 5595 3499 5665; x_wconf 79' lang='lat' dir='ltr'><strong>amplius</strong></span> 
     </span>
    </p>
   </div>
   <div class='ocr_carea' id='block_1_119' title="bbox 1919 5680 3493 5759">
    <p class='ocr_par' dir='ltr' id='par_1_119' title="bbox 1919 5680 3493 5759">
     <span class='ocr_line' id='line_1_119' title="bbox 1919 5680 3493 5759; baseline 0.002 -19"><span class='ocrx_word' id='word_1_799' title='bbox 1919 5687 2117 5742; x_wconf 82' lang='lat' dir='ltr'><strong>amissa</strong></span> <span class='ocrx_word' id='word_1_800' title='bbox 2179 5680 2589 5745; x_wconf 63' lang='lat' dir='ltr'><strong>Christianitati:</strong></span> <span class='ocrx_word' id='word_1_801' title='bbox 2644 5689 2695 5743; x_wconf 84' lang='lat' dir='ltr'><strong>in</strong></span> <span class='ocrx_word' id='word_1_802' title='bbox 2765 5688 3042 5759; x_wconf 75' lang='lat' dir='ltr'><strong>perﬁdiam</strong></span> <span class='ocrx_word' id='word_1_803' title='bbox 3102 5680 3493 5743; x_wconf 57' lang='lat' dir='ltr'><strong>relaberentur:</strong></span> 
     </span>
    </p>
   </div>
   <div class='ocr_carea' id='block_1_120' title="bbox 1919 5777 3498 5853">
    <p class='ocr_par' dir='ltr' id='par_1_120' title="bbox 1919 5777 3498 5853">
     <span class='ocr_line' id='line_1_120' title="bbox 1919 5777 3498 5853; baseline 0.003 -20"><span class='ocrx_word' id='word_1_804' title='bbox 1919 5777 2201 5841; x_wconf 83' lang='lat' dir='ltr'><strong>Gloriosus</strong></span> <span class='ocrx_word' id='word_1_805' title='bbox 2238 5796 2331 5835; x_wconf 82' lang='lat' dir='ltr'><strong>rex</strong></span> <span class='ocrx_word' id='word_1_806' title='bbox 2370 5780 2599 5838; x_wconf 87' lang='lat' dir='ltr'><strong>Carolus</strong></span> <span class='ocrx_word' id='word_1_807' title='bbox 2644 5782 2842 5853; x_wconf 85' lang='lat' dir='ltr'><strong>pascha</strong></span> <span class='ocrx_word' id='word_1_808' title='bbox 2892 5779 3166 5836; x_wconf 84' lang='lat' dir='ltr'><strong>celebrato</strong></span> <span class='ocrx_word' id='word_1_809' title='bbox 3220 5780 3273 5838; x_wconf 85' lang='lat' dir='ltr'><strong>in</strong></span> <span class='ocrx_word' id='word_1_810' title='bbox 3329 5781 3498 5853; x_wconf 58' lang='lat' dir='ltr'><strong>Aqule</strong></span> 
     </span>
    </p>
   </div>
   <div class='ocr_carea' id='block_1_121' title="bbox 1924 5870 3498 5955">
    <p class='ocr_par' dir='ltr' id='par_1_121' title="bbox 1924 5870 3498 5955">
     <span class='ocr_line' id='line_1_121' title="bbox 1924 5870 3498 5955; baseline 0.003 -30"><span class='ocrx_word' id='word_1_811' title='bbox 1924 5870 2095 5945; x_wconf 69' lang='lat' dir='ltr'><strong>tania,</strong></span> <span class='ocrx_word' id='word_1_812' title='bbox 2163 5870 2219 5939; x_wconf 68' lang='lat' dir='ltr'><strong>ig</strong></span> <span class='ocrx_word' id='word_1_813' title='bbox 2264 5871 2391 5935; x_wconf 79' lang='lat' dir='ltr'><strong>villa</strong></span> <span class='ocrx_word' id='word_1_814' title='bbox 2438 5888 2559 5947; x_wconf 73' lang='lat' dir='ltr'><strong>quae</strong></span> <span class='ocrx_word' id='word_1_815' title='bbox 2612 5873 2809 5937; x_wconf 82' lang='lat' dir='ltr'><strong>dicitur</strong></span> <span class='ocrx_word' id='word_1_816' title='bbox 2874 5872 3249 5955; x_wconf 65' lang='lat' dir='ltr'><strong>Caussino‘ila</strong></span> <span class='ocrx_word' id='word_1_817' title='bbox 3298 5876 3498 5946; x_wconf 75' lang='lat' dir='ltr'><strong>septin-</strong></span> 
     </span>
    </p>
   </div>
  </div>
