4024 6362
527 388 626 444 127

1519 381 1575 436 S.
1618 377 1866 436 ADONIS
1905 376 2334 435 ARCHIEPISC.
2379 376 2781 434 VIENNENSIS

3685 377 3789 433 188

527 499 822 571 gentesimo
869 495 1263 569 septuagesimo
1304 505 1495 552 octavo
1521 508 1665 550 anno
1710 491 2103 550 Incarnationis
2126 509 2179 569 Α
2204 492 2502 559 constituit,
2545 493 2676 548 etin
2704 492 2882 562 capite
2906 492 3085 564 pontis
3106 508 3174 548 ex
3204 504 3433 564 utraque
3464 504 3620 565 parte
3657 496 3791 552 redi-

471 617 474 620 ~
526 590 737 647 Domini
764 587 1052 659 Hispanias
1098 587 1413 661 ingreditur.
1447 585 1787 656 Nam'antea,
1828 586 2003 641 adhuc
2053 583 2110 642 in

528 663 768 738 Saxonia
814 681 1044 753 positus,
1084 687 1363 751 receperat
1410 677 1731 751 legationem
1778 677 2112 735 Sarraceno-

527 790 668 840 rum,
698 774 753 828 in
783 789 889 844 qua
927 772 1030 828 fuit
1060 770 1388 838 lbinalaribi,
1435 779 1490 826 et
1523 771 1665 826 ﬁlius
1693 769 1982 835 Devisfexi,
2014 769 2107 841 qui

526 865 719 922 Latine
741 863 942 920 dicitur
964 861 1182 934 Josepb.
1234 863 1520 919 Destructa
1553 863 1716 935 igitur
1754 861 2104 933 Pampilonia,

527 959 666 1031 apud
691 956 1177 1029 Caesaraugustam,
1224 956 1519 1012 exercitum
1548 964 1655 1011 tam
1691 971 1756 1011 ex
1801 953 2109 1025 Burgundia

526 1065 685 1121 quam
714 1065 780 1106 ex
802 1047 1081 1119 Bajovaria
1107 1046 1403 1118 provincia,
1423 1045 1756 1117 Septimania
1781 1053 1942 1115 atque
1966 1044 2110 1100 Lon-

527 1141 784 1215 gobardia
813 1138 1112 1210 conjunxit,
1142 1139 1376 1210 acceptis
1407 1138 1683 1194 obsidibus
1707 1140 1772 1194 de
1798 1137 2108 1194 lbinilaram

526 1241 578 1289 et
600 1231 668 1288 de
688 1230 987 1298 Abutauro,
1011 1231 1238 1302 aliisque
1259 1228 1577 1286 Sarracenis
1596 1229 1892 1298 subjugatis
1915 1228 2110 1285 Navar-

523 1321 600 1378 ris
624 1329 680 1376 et
701 1319 1090 1386 Wasconibus,
1121 1320 1175 1375 in
1199 1319 1486 1375 Franciam
1515 1319 1807 1375 revertitur
1833 1331 1880 1374 ι.
1905 1318 2109 1376 Orandi

528 1411 700 1483 gratia
723 1411 950 1467 Romam
980 1419 1104 1481 post
1121 1409 1328 1480 aliquot
1349 1425 1518 1465 annos
1541 1410 1814 1480 ingressus
1841 1410 1908 1465 ab
1926 1409 2112 1465 Adria-

525 1519 593 1560 no
614 1501 866 1574 pontiﬁce
892 1501 1034 1558 ﬁlius
1056 1501 1172 1572 ejus
1185 1501 1442 1572 Pippinus
1465 1516 1533 1558 ex
1557 1516 1710 1558 sacro
1730 1499 1878 1557 fonte
1909 1501 2113 1571 excipi-

524 1603 628 1660 tur,
660 1603 822 1664 atque
847 1594 953 1650 duo
972 1593 1068 1648 ﬁlii
1088 1593 1205 1661 ejus
1227 1608 1380 1664 reges
1426 1593 1624 1649 initiati
1651 1601 1795 1648 sunt.
1826 1591 2110 1649 Mediolani

522 1688 590 1742 ab
622 1685 827 1742 Thoma
853 1685 1105 1757 episcopo
1139 1684 1246 1740 ﬁlia
1272 1685 1386 1755 ejus
1409 1683 1566 1741 Gissa
1599 1685 1891 1755 baptizata,
1923 1693 1978 1741 et
2012 1700 2111 1740 ex-

521 1790 675 1850 cepta
707 1779 1181 1853 septingentesimo
1211 1779 1542 1850 octogesimo
1574 1780 1736 1835 tertio
1765 1795 1904 1835 anno
1924 1779 2112 1835 lucar-

2211 585 2622 651 ﬁcavibcastra;
2657 595 2819 656 atque
2841 581 3086 651 Sclavos,
3106 599 3337 656 quorum
3358 585 3674 642 vocabulum
3702 597 3794 644 est

2208 673 2394 739 Wlizi,
2419 674 2742 746 perdomuit.
2772 673 3019 730 Habebat
3042 684 3224 730 autem
3240 672 3353 743 jam
3377 673 3621 741 Sclavos,
3648 691 3792 747 quo-

2211 782 2328 821 rum
2359 765 2619 823 vocabula
2659 773 2789 821 sunt
2836 765 3037 832 Swrbi,
3066 781 3274 822 necnon
3304 775 3360 820 et
3378 765 3609 822 Abotriti
3640 784 3655 821 :
3686 768 3795 823 ho-

2209 873 2327 912 rum
2359 857 2607 929 princeps
2634 867 2753 912 erat
2779 855 3036 912 Wtizam.
3067 855 3369 912 Avarorum
3418 871 3550 929 gens
3599 857 3791 925 eﬁera,

2211 950 2408 1006 ﬁnibus
2453 949 2858 1021 Bajovariorum
2911 949 3284 1018 infestissima,
3334 951 3592 1008 ecclesias
3638 953 3797 1024 oppi-

2210 1043 2385 1114 daque
2428 1043 2576 1099 circa
2606 1043 2741 1099 ﬁnes
2773 1058 2900 1098 suos
2928 1043 3314 1099 immanissime
3355 1042 3686 1115 depopulans
3711 1052 3797 1099 at-

2209 1149 2315 1204 que
2338 1137 2643 1201 devastans,
2677 1145 2821 1191 metu
2853 1135 2926 1206 pii
2957 1143 3013 1190 et
3027 1135 3257 1206 gloriosi
3313 1137 3458 1208 regis
3491 1151 3557 1194 ac
3599 1139 3799 1195 timore

2210 1225 2480 1282 exercitus
2527 1225 2688 1292 illius,
2733 1226 2970 1282 dimissis
3008 1226 3356 1282 ﬁrmitatibus
3407 1227 3520 1283 suis
3566 1236 3622 1283 et
3651 1242 3799 1297 pra:-

2212 1317 2385 1383 sidiis,
2434 1317 2557 1389 fuga
2583 1317 2829 1381 elabitur,
2863 1333 2926 1374 ac
2971 1317 3256 1390 pristinam
3280 1318 3680 1389 possessionem
3709 1333 3802 1373 re-

2212 1411 2422 1481 linquit.
2445 1411 2602 1466 Anno
2635 1410 3026 1467 lncarnationis
3059 1411 3270 1466 Domini
3317 1410 3800 1483 septingentesimo

2212 1505 2559 1576 nonagesimo
2626 1505 2880 1559 secundo.
2938 1503 3090 1560 Felix
3136 1503 3456 1570 Aurelianus
3511 1505 3800 1576 episcopus

2215 1595 2502 1651 haereticus
2549 1595 2917 1665 deprehensus
2967 1594 3305 1666 adoptivum,
3365 1608 3473 1649 non
3515 1595 3800 1666 proprium

2168 1749 2170 1752 ,
2213 1686 2406 1743 Filium
2438 1688 2531 1742 Dei
2578 1687 2862 1742 Dominum
2893 1695 3136 1741 nostrum
3184 1685 3368 1742 Jesum
3391 1685 3668 1742 Christum
3697 1687 3800 1741 do-

2215 1777 2536 1847 gmatizans,
2574 1776 2664 1847 qui
2687 1777 2755 1832 ad
2790 1776 3131 1848 praesentiam
3151 1775 3376 1831 Adriani
3393 1775 3664 1846 pontiﬁcis
3691 1775 3801 1829 Ro-

523 1869 760 1926 nationis
798 1868 1035 1926 Domini.
1074 1867 1414 1941 Hildegardis
1445 1871 1629 1942 regina
1676 1871 1846 1942 pridie
1881 1870 2105 1926 Kalend.
2139 1871 2188 1933 Β
2216 1869 2358 1923 Inani
2418 1870 2700 1936 deductus,
2731 1869 2982 1925 haeresim
3031 1868 3211 1924 verbis
3251 1867 3590 1924 solummodo
3642 1867 3801 1922 abdi-

524 1960 646 2017 Maii
671 1961 852 2034 vigilia
894 1961 1245 2018 Ascensionis
1289 1961 1504 2019 Domini
1545 1964 1599 2019 in
1629 1962 1752 2032 villa
1774 1979 1894 2036 qua:
1917 1964 2115 2020 dicitur

524 2051 837 2120 Theudone,
862 2053 1113 2109 moritur.

595 2145 850 2202 Tractum
891 2156 979 2203 est
1019 2147 1183 2220 igitur
1227 2146 1425 2203 bellum
1463 2145 1738 2205 Saxonum
1786 2163 1887 2219 per
1937 2127 2151 2220 spatia.

533 2251 822 2304 annorum,
851 2250 973 2293 cum
1017 2236 1072 2292 in
1091 2236 1371 2307 perﬁdiam
1401 2253 1544 2308 saepe
1574 2237 1969 2306 relaberentur,
2004 2236 2116 2294 for-

527 2321 740 2386 tissimo
789 2344 917 2399 rege
944 2345 1067 2386 cum
1117 2329 1344 2387 Francis
1384 2345 1532 2402 pene
1562 2347 1656 2388 eos
1685 2332 1912 2389 subinde
1943 2347 2114 2405 usque

523 2423 592 2479 ad
619 2423 1042 2480 internecionem
1058 2426 1341 2480 obterente
1362 2424 1653 2498 (RHEGINO.
1673 2425 1764 2481 lib.
1781 2442 1840 2482 ιι.
1864 2426 2112 2500 Annal.).

525 2515 837 2588 Witigingis
856 2525 912 2572 et
932 2515 1057 2572 Albi
1073 2531 1196 2572 cum
1221 2517 1406 2584 sociis,
1430 2517 1522 2589 qui
1549 2517 1640 2572 diu
1663 2516 1906 2574 Saxones
1931 2518 2000 2575 ad
2030 2534 2115 2576 re-

526 2607 814 2666 bellionem
843 2616 1248 2680 permoverant,
1296 2623 1394 2678 per
1440 2608 1656 2665 obsides
1694 2610 1918 2681 recepti,
1950 2619 2116 2682 atque

526 2699 605 2756 eis
631 2699 1020 2769 benignissime
1037 2715 1069 2754 a
1090 2699 1181 2772 pio
1207 2715 1333 2772 rege
1353 2700 1578 2770 perﬁdia
1620 2699 1848 2768 indulta,
1879 2701 1935 2757 in
1975 2701 2116 2758 Atti-

526 2793 684 2848 niaco
712 2791 971 2863 baptizati
1001 2792 1291 2848 maximam
1306 2808 1494 2865 pacem
1516 2793 1722 2866 regioni
1752 2793 2112 2871 contulerunt.

526 2883 832 2950 Aricbisus,
875 2884 985 2940 dux
1035 2883 1557 2952 Beneventanorum,
1591 2900 1715 2959 rege
1741 2885 1935 2942 Carolo
1973 2887 2118 2957 apud

529 2973 759 3031 Romam
786 2975 983 3047 posito,
1022 2990 1146 3031 cum
1176 2976 1387 3046 magnis
1432 2977 1746 3032 muneribus
1788 2976 2111 3034 Romoldum

529 3065 700 3124 ﬁlium
717 3081 876 3123 suum
903 3067 1070 3134 misit,
1092 3069 1373 3138 postulans
1397 3083 1464 3124 ne
1492 3068 1630 3123 infra
1659 3067 1915 3124 ducatum
1943 3069 2112 3124 Bene-

529 3168 886 3217 ventanorum
907 3159 1173 3216 introiret.
1197 3158 1305 3216 Sed
1334 3177 1455 3216 cum
1483 3169 1627 3217 esset
1666 3161 1808 3216 idem
1831 3161 2113 3218 Arichisus

529 3260 791 3324 suspecta:
839 3251 964 3308 ﬁdei
997 3250 1265 3324 gloriosus
1298 3268 1390 3308 rex
1420 3252 1784 3308 Beneventum
1815 3253 2116 3324 proﬁcisci-
2143 3238 2188 3303 C

533 3353 638 3401 tur.
670 3344 754 3399 Ad
785 3343 940 3415 cujus
980 3344 1271 3400 adventum
1318 3344 1426 3399 dux
1461 3344 1763 3411 Arichisus,
1795 3345 1985 3401 relicto
2014 3345 2115 3402 Be-

532 3443 789 3503 nevento,
841 3434 1053 3492 Salerni
1107 3451 1166 3492 se
1223 3434 1464 3503 reclusit,
1517 3446 1764 3494 metuens
1805 3439 1986 3494 videre
2031 3436 2116 3492 fa-

533 3531 675 3588 ciem
705 3531 868 3603 regis,
900 3533 1034 3587 duos
1063 3530 1202 3588 ﬁlios
1250 3531 1465 3588 obsides
1503 3531 1670 3599 dedit,
1706 3531 2023 3588 Romoldum
2061 3541 2119 3588 et

530 3622 887 3690 Grimoldum,
916 3639 1076 3695 quem
1106 3625 1283 3681 adhuc
1321 3639 1503 3681 secum
1556 3626 1825 3681 retinebat
1860 3641 1983 3682 cum
2009 3641 2120 3682 ma-

530 3715 692 3773 ximis
718 3716 1055 3773 muneribus.
1087 3716 1201 3784 Sic,
1249 3717 1530 3774 obsidibus
1555 3719 1805 3790 receptis,
1848 3719 1972 3791 pius
2022 3734 2116 3776 rex

535 3807 763 3866 Carolus
814 3810 1128 3876 revertitur,
1174 3810 1451 3867 obstrictis
1481 3809 1790 3879 juramento
1847 3811 2122 3869 Beneven-

533 3901 698 3969 tanis,
747 3916 870 3957 cum
905 3899 1162 3973 pontiﬁce
1207 3902 1450 3958 Romano
1497 3911 1685 3958 sancto
1729 3905 1930 3973 pascha
1973 3904 2119 3960 cele-

536 3995 717 4060 brato,
741 3993 1081 4050 Tliassilonis
1112 3993 1234 4050 duci
1261 3995 1665 4064 Bajovariorum
1697 3997 1917 4069 insuper
1942 3997 2124 4055 missis

535 4086 792 4157 receptis,
833 4087 988 4158 cujus
1015 4085 1239 4158 perﬁdia
1265 4095 1389 4142 nota
1423 4086 1626 4158 passim
1655 4087 1974 4160 vulgabatur
1998 4107 2012 4143 :
2040 4089 2120 4145 in-

541 4175 766 4247 terjecto
791 4186 1028 4249 tempore
1049 4178 1286 4249 undique
1326 4179 1652 4235 exercitibus
1684 4179 1846 4252 regiis
1878 4180 2124 4236 Thassilo

535 4268 894 4336 constrictus,
927 4268 1004 4326 'ad
1057 4278 1382 4326 conventum
1433 4270 1703 4341 publicum
1752 4270 2120 4341 Francorum,

534 4360 870 4431 aliarumque
892 4361 1133 4432 gentium
1154 4362 1462 4419 subditione
1475 4378 1663 4420 eorum
1674 4364 1785 4436 jam
1804 4365 2120 4436 positarum,

537 4454 593 4510 in
617 4453 739 4510 villa
754 4469 873 4526 quae
887 4454 1088 4512 dicitur
1106 4454 1361 4528 lngilena,
1379 4465 1473 4512 aut
1485 4456 1690 4524 volens,
1706 4467 1800 4512 aut
1812 4457 2020 4525 nolens,
2039 4473 2127 4515 oc.

537 4545 708 4602 currit
733 4563 748 4614 ;
787 4547 842 4602 in
864 4547 1042 4604 medio
1063 4547 1271 4619 positus
1291 4563 1412 4604 cum
1432 4547 1734 4604 criminalia
1755 4549 1806 4605 ei
1826 4548 2122 4621 objiceren-

538 4648 643 4706 tur,
671 4609 860 4712 etvipse
899 4609 1134 4712 periuria
1164 4656 1260 4698 sua
1289 4641 1499 4713 publice
1523 4640 1802 4709 fateretur,
1834 4609 2120 4701 damnatus
2144 4609 2199 4672 D

537 4735 654 4807 ipse
681 4749 805 4792 cum
829 4734 941 4790 ﬁlio
968 4751 1067 4793 suo
1096 4735 1389 4792 Theudone
1417 4737 1482 4794 ad
1506 4745 1732 4792 mortem
1755 4745 1857 4794 est.
1883 4737 1988 4795 Sed
2011 4737 2119 4794 cle-

537 4827 740 4884 mentia
772 4825 1002 4899 piissimi
1040 4829 1184 4900 regis
1217 4828 1268 4885 ei
1299 4828 1406 4884 vita
1449 4843 1728 4892 concessa,
1762 4829 2029 4885 tonsurati
2062 4829 2120 4885 in

539 4919 928 4976 monasterium
972 4920 1350 4990 paenitentiam
1397 4919 1572 4976 acturi
1621 4919 2012 4986 recluduntur,
2065 4927 2120 4976 et

541 5012 746 5084 aliquot
763 5010 1166 5085 Bajovariarum
1185 5014 1240 5071 in
1270 5013 1517 5071 exsilium
1537 5030 1635 5086 pro
1655 5013 1879 5088 perﬁdia
1902 5013 2119 5074 direxit.

539 5104 712 5162 ϐιτεεί
736 5121 860 5164 cum
883 5104 1252 5178 Longobardis
1273 5123 1504 5180 pugnam
1549 5107 1759 5175 ineunt,
1787 5106 2039 5164 similiter
2067 5113 2122 5161 et

541 5211 664 5254 cum
693 5198 892 5255 Araris
918 5207 974 5256 et
1011 5197 1238 5258 Francis
1277 5200 1369 5272 qui
1408 5199 1464 5256 in
1490 5199 1644 5256 ltalia
1665 5199 2117 5265 commanebant;

542 5289 794 5348 similiter
818 5291 959 5350 inter
980 5289 1292 5362 Bajovarios
1318 5303 1375 5349 et
1401 5291 1647 5350 Tauros:
1679 5291 1735 5348 in
1761 5292 1848 5348 his
1871 5292 2125 5348 omnibus

541 5381 767 5440 victoria
791 5398 960 5454 penes
995 5383 1234 5442 Francos
1263 5384 1384 5440 fuit.
1431 5383 1633 5440 lterum
1676 5381 1843 5438 Avari
1871 5397 1993 5437 cum
2023 5381 2127 5438 Ba-

537 5473 767 5546 jovariis
787 5476 1200 5547 praesidentibus
1233 5475 1458 5533 Francis
1499 5490 1622 5532 cum
1667 5487 1912 5546 pugnare
1947 5473 2128 5546 dispo-

545 5577 760 5634 nerent,
788 5578 969 5641 strage
993 5569 1326 5626 validissima
1351 5568 1476 5626 caesi
1493 5608 1510 5635 ,
1533 5566 1771 5626 maxima
1792 5581 1918 5638 pars
1937 5580 2129 5624 eorum

547 5661 713 5719 fluvio
733 5662 976 5721 Danubio
1015 5665 1335 5736 intercepta,
1363 5663 1544 5734 ibique
1573 5671 1764 5718 necata
1788 5668 1893 5718 est.
1939 5659 2128 5717 Excel-

549 5752 883 5814 lentissimus
910 5771 1005 5813 rex
1025 5755 1249 5813 Carolus
1278 5769 1440 5827 super
1457 5752 1670 5810 Albiam
1694 5751 1912 5809 ﬁuvium
1937 5760 2130 5825 pontes

2216 1962 2378 2018 cavit.
2441 1961 2688 2032 Synodus
2747 1961 2942 2017 iterum
2998 1959 3139 2015 facta
3193 1967 3381 2015 contra
3434 1959 3804 2030 supradictam

2215 2053 2465 2109 haeresim
2510 2053 2563 2108 in
2610 2051 3024 2116 Francanofurt,
3066 2050 3256 2121 legatis
3291 2050 3600 2122 apostolica:
3657 2051 3804 2107 sedis

2216 2147 2647 2218 prresidentibus,
2688 2143 3088 2217 Theophylacto
3128 2152 3183 2200 et
3229 2142 3505 2214 Stephano
3531 2143 3804 2214 episcopis

2217 2239 2535 2295 auctoritate
2571 2244 2883 2294 sanctorum
2938 2235 3183 2303 Patrum,
3236 2236 3518 2293 convictus
3547 2243 3604 2290 et
3643 2234 3801 2289 dam-

2215 2340 2376 2388 natus
2399 2339 2483 2388 est
2519 2331 2713 2388 iterum
2740 2329 2893 2387 Felix
2922 2345 3042 2388 cum
3071 2344 3258 2386 errore
3278 2343 3398 2397 suo,
3431 2333 3804 2400 perpetuoque

2215 2427 2406 2484 exsilio
2430 2428 2570 2500 apud
2603 2425 2924 2498 Lugdunum
2953 2425 3222 2496 relegatus
3257 2434 3344 2483 est
3371 2443 3386 2481 :
3411 2440 3574 2496 quem
3621 2421 3806 2479 ferunt

2217 2519 2272 2574 in
2299 2519 2484 2575 eodem
2529 2517 2648 2590 ipso
2694 2532 2792 2574 suo
2829 2532 3015 2574 errore
3041 2525 3336 2573 mortuum.
3366 2515 3472 2573 Sed
3501 2515 3800 2587 pseudosy-

2216 2613 2388 2669 nodus
2441 2626 2600 2682 quam
2641 2610 2935 2682 Septimam
2987 2608 3160 2667 Graeci
3206 2609 3510 2681 appellant,
3559 2624 3662 2679 pro
3710 2610 3804 2664 ad-

2215 2705 2434 2762 erandis
2457 2705 2780 2775 imaginibus
2802 2704 3052 2760 abdicata
3081 2704 3315 2776 penitus.
3341 2701 3531 2759 Tndun
3548 2702 3804 2774 princeps

2215 2798 2518 2853 Avarorum
2555 2796 2622 2852 ad
2668 2795 2818 2868 pium
2859 2809 3039 2868 regem
3091 2793 3344 2851 Carolum
3370 2808 3430 2850 se
3468 2794 3722 2859 contulit,
3751 2800 3807 2848 et

2217 2905 2337 2945 cum
2387 2888 2582 2960 populo
2609 2904 2707 2946 suo
2739 2889 2984 2952 credens,
3014 2888 3342 2960 baptizatus,
3370 2888 3686 2944 muneribus
3717 2903 3805 2944 re-

2217 2981 2322 3052 giis
2351 2981 2601 3046 donatus,
2638 2980 2810 3036 ﬁdelis
2847 2980 3043 3036 rediit:
3073 2981 3167 3037 sed
3203 2989 3258 3037 et
3289 2980 3547 3038 Herricus
3583 2979 3809 3050 Forojuo

2219 3074 2407 3130 liensis
2435 3074 2566 3140 dux,
2613 3073 2756 3130 civili
2810 3073 2949 3130 bello
2979 3075 3125 3130 inter
3149 3091 3207 3132 se
3235 3085 3292 3132 et
3316 3075 3475 3132 victis
3516 3085 3573 3132 et
3610 3075 3810 3132 occisis

2220 3165 2434 3233 Araris,
2472 3166 2639 3222 misso
2657 3165 2976 3223 Wonomiro
3006 3168 3422 3242 Clavobringutn
3461 3169 3639 3242 gentis
3666 3171 3811 3225 Ava-

2221 3270 2403 3311 rorum
2459 3254 2618 3328 longe
2670 3265 2817 3312 retro
2862 3258 3195 3328 temporibus
3244 3259 3487 3329 quietum
3530 3259 3809 3331 spoliavit,

2221 3344 2418 3402 ablatis
2465 3347 2588 3402 inde
2615 3346 2884 3403 thesauris
2917 3346 3090 3402 multo
3117 3347 3244 3404 illuc
3270 3357 3510 3418 tempore
3537 3348 3805 3416 collectis,

2221 3451 2357 3508 quos
2383 3437 2472 3508 pio
2502 3438 2615 3511 regi
2643 3438 2838 3494 Carolo
2861 3439 3204 3509 postmodum
3245 3439 3413 3497 misit.
3445 3439 3511 3496 Et
3557 3439 3650 3496 ille
3698 3440 3811 3498 Deo

2219 3530 2423 3601 gratias
2453 3529 2699 3588 referens
2726 3531 2795 3587 ad
2841 3532 3160 3588 memoriam
3182 3541 3496 3588 sanctorum
3529 3533 3808 3603 apostolo-

2219 3642 2361 3691 rum,
2400 3633 2610 3696 partem
2643 3625 2765 3681 inde
2813 3625 3007 3690 misit,
3037 3634 3248 3696 partem
3284 3625 3606 3683 oﬁlcialibus
3657 3627 3810 3698 regni

2220 3726 2275 3773 et
2324 3718 2567 3774 ecclesiis
2611 3718 2903 3774 distribuit.
2950 3717 3219 3774 Adrianus
3257 3734 3394 3791 papa
3423 3719 3556 3775 obiit
3593 3720 3810 3791 septin-

2221 3809 2519 3880 gentesimo
2541 3811 2892 3882 nonagesimo
2911 3821 3065 3868 sexto
3088 3811 3482 3868 lncamationis
3507 3826 3668 3867 anno.
3692 3812 3812 3868 Mox

2221 3913 2281 3959 ut
2325 3901 2435 3959 Leo
2482 3903 2535 3959 in
2585 3904 2702 3972 ejus
2743 3902 2920 3960 locum
2947 3905 3234 3971 successit,
3283 3904 3466 3960 missis
3503 3904 3702 3977 legatis
3743 3904 3812 3958 ad

2220 3994 2368 4064 pium
2422 4009 2603 4065 regem
2647 3995 2936 4064 Carolum,
2998 3995 3178 4052 claves
3225 3995 3580 4052 confessionis
3638 3997 3816 4051 sancti

2221 4085 2368 4143 Petri
2403 4087 2564 4143 simul
2593 4097 2649 4146 et
2671 4087 2925 4144 vexillum
2957 4089 3213 4145 Romanae
3235 4087 3386 4144 urbis
3414 4087 3633 4144 direxit.
3684 4087 3811 4158 Pip-

2223 4180 2383 4252 pinus
2413 4195 2508 4236 rex
2538 4196 2568 4236 a
2594 4191 2746 4252 patre
2776 4181 2829 4237 in
2852 4180 3004 4236 Italia
3032 4181 3380 4248 constitutus,
3423 4182 3476 4236 in
3507 4181 3818 4237 Pannonias

2223 4287 2346 4328 cum
2377 4272 2621 4328 exercitu
2645 4273 3025 4344 proﬁciscitur,
3041 4289 3126 4339 ac,
3147 4273 3320 4329 victor
3341 4273 3575 4342 rediens,
3602 4282 3818 4344 partem

2226 4365 2604 4421 thesaurorum
2631 4380 2751 4435 quae
2781 4374 3118 4422 remanserat
3141 4367 3210 4422 ad
3245 4373 3458 4438 patrem
3485 4363 3683 4423 defert.

2292 4457 2633 4514 Barchinona
2665 4457 2888 4526 civitas,
2915 4474 3036 4530 quas
3061 4475 3094 4514 a
3117 4457 3344 4515 Francis
3375 4457 3698 4523 desciverat,
3722 4473 3820 4530 per

2225 4550 2415 4606 Zatum
2443 4549 2808 4607 Sarracenum
2836 4551 3156 4608 restituitur.
3184 4551 3316 4608 Nam
3365 4552 3506 4609 idem
3555 4552 3623 4607 ad
3663 4553 3816 4623 pium

2225 4657 2406 4714 regem
2438 4643 2682 4711 veniens,
2713 4657 2817 4697 una
2865 4658 2987 4700 cum
3038 4642 3259 4700 civitate
3305 4641 3525 4699 Semeth
3569 4643 3818 4698 tradidit.

2224 4735 2532 4792 Ludovicus
2551 4735 2693 4791 ﬁlius
2721 4735 2900 4804 magni
2923 4735 3182 4807 principis
3201 4735 3403 4800 Caroli,
3421 4736 3476 4790 in
3499 4733 3818 4805 Hispaniam

2227 4831 2479 4895 mittitur,
2505 4837 2563 4886 et
2588 4845 2710 4885 cum
2739 4843 2806 4884 eo
2833 4827 3056 4884 Abdella
3086 4827 3424 4884 Sarracenus
3447 4825 3590 4882 ﬁlius
3623 4823 3818 4882 Zatbi-

2225 4924 2514 4994 hinmauge
2540 4923 2701 4994 regis,
2742 4921 2867 4993 quia
2918 4919 3086 4977 frater
3127 4918 3318 4991 pulsus
3362 4917 3687 4974 Mauritania
3727 4919 3820 4990 pio

2226 5017 2339 5088 regi
2365 5015 2560 5073 Carolo
2582 5031 2642 5072 se
2657 5015 3023 5073 commiserat.
3042 5013 3212 5070 Porro
3232 5012 3494 5085 Pippinus
3511 5010 3653 5067 alius
3676 5010 3820 5066 ﬁlius

2228 5107 2297 5162 ad
2317 5107 2706 5178 disponendam
2732 5104 2939 5160 Italiam
2967 5103 3336 5160 constituitur.
3361 5101 3650 5168 Nortluidi,
3668 5111 3820 5156 trans

2226 5195 2440 5252 Albiam
2471 5196 2744 5260 sedentes,
2771 5194 2980 5267 legatos
3007 5194 3186 5265 regios
3211 5193 3304 5265 qui
3336 5201 3467 5249 tunc
3487 5192 3558 5248 ad
3576 5191 3820 5262 justitias

2227 5289 2505 5347 faciendas
2548 5304 2672 5346 cum
2733 5288 2814 5344 eis
2867 5289 3245 5353 versabantur,
3306 5285 3816 5358 comprehendunt:

2228 5381 2492 5452 quosdam
2522 5395 2588 5435 ex
2629 5378 2710 5436 eis
2736 5378 3010 5443 occidunt,
3040 5376 3302 5449 quosdam
3330 5377 3400 5433 ad
3446 5373 3820 5434 redimendum

2228 5473 2483 5529 retinent.
2514 5470 2718 5528 Deinde
2761 5478 2952 5528 contra
2979 5467 3409 5526 Trassucconem
3436 5467 3631 5524 ducem
3675 5465 3822 5520 Abo—

2229 5565 2494 5622 dritorum
2527 5573 2585 5621 et
2629 5563 2956 5620 Heburisum
2983 5561 3220 5636 legatum
3262 5559 3621 5643 Francorum,
3651 5557 3822 5614 aciem

2230 5657 2488 5729 dirigunt.
2514 5655 2573 5711 ln
2619 5670 2683 5712 eo
2731 5655 2851 5712 loco
2879 5669 3019 5712 caesa
3045 5663 3176 5712 sunt
3215 5668 3289 5711 ex
3336 5652 3636 5711 Nortluidis
3677 5661 3816 5720 qua-

2240 5759 2363 5807 tuor
2388 5748 2558 5806 millia
2587 5763 2604 5804 :
2639 5749 2820 5805 caeteri
2843 5763 3034 5820 pacem
3075 5756 3325 5821 petentes
3366 5747 3575 5820 seipsos
3601 5741 3822 5801 dedide-

622 5890 650 5920 ι
676 5874 1026 5947 Pampiloniae
1047 5890 1232 5933 muros
1251 5875 1483 5937 adventu
1503 5870 1682 5930 Caroli
1703 5869 1980 5929 corruisse
1999 5867 2224 5942 scripsit
2236 5864 2512 5938 Turpinus
2531 5864 2685 5922 arcb.
2708 5877 2758 5920 c.
2777 5861 2834 5928 5,
2857 5860 2924 5919 de
2945 5861 3069 5918 Vita
3086 5859 3269 5919 Caroli
3289 5859 3472 5935 Magni
3491 5867 3548 5916 et
3565 5851 3818 5913 Rolandi.
