4024 6362
293 369 402 467 ηρ

1409 409 1835 492 cunomcou.
1858 438 1934 456 -
1964 411 2173 470 ΑετΑε
2209 410 2456 470 sexu.

3461 417 3561 472 130

290 532 444 582 runt.
488 520 852 579 Viennensem
885 528 1012 577 tunc
1035 520 1294 593 temporis
1318 521 1636 590 Ecelesiam,
1661 522 1832 582 Ursus
1860 521 1960 590 εἈ
1985 538 2180 580 manus
2207 522 2510 596 imponens,
2533 521 2884 594 jurejurando
2923 523 3172 580 invocato
3210 534 3413 584 sancta:
3437 526 3559 583 Tri-

290 619 411 675 Ado
446 616 860 688 Lugdunensem
888 615 1184 672 Ecclesiam
1216 617 1456 687 regebat.
1487 617 1615 674 Post
1636 619 1878 676 Adonem

288 726 463 782 nepos
511 708 630 782 ejus
665 708 904 765 Ilduinus
945 706 1216 780 paululum
1247 709 1654 782 Lugdunensem
1692 710 1880 768 Eccle-

288 805 429 860 siam
478 819 586 859 non
631 802 918 874 episcopus
970 802 1143 857 tenuit
1181 820 1196 856 :
1233 810 1289 859 et
1335 803 1632 860 abscedens
1679 802 1878 860 Lirinis

287 895 483 952 insulae
510 897 838 952 monasterio
865 895 1235 951 monachalem
1264 897 1726 953 conversationem
1758 912 1877 953 sus-

285 986 455 1048 cepit.
498 985 629 1042 Post
656 984 875 1051 Ursum,
925 985 1105 1042 nimia:
1135 986 1494 1058 simplicitatis
1539 989 1872 1060 episcopum,

285 1077 482 1134 Wlferi
529 1091 689 1148 quem
727 1075 1008 1134 Wltreiam
1038 1077 1216 1149 patrio
1261 1079 1478 1134 nomine
1516 1079 1872 1151 appellarunt,

284 1169 606 1242 Bajovarius
629 1162 990 1224 Viennehsem
1019 1170 1388 1241 episcopatum
1415 1171 1669 1242 suscepit.

351 1262 503 1336 [799]
516 1261 686 1318 Porro
701 1261 1114 1334 Lugdunensem
1129 1263 1430 1319 Leidradus
1443 1265 1526 1320 vir
1539 1264 1785 1320 saeculari
1800 1265 1875 1321 di-

283 1357 477 1427 gnitati
493 1355 981 1425 intentissimushet
1000 1355 1191 1412 honori
1215 1355 1525 1428 reipublicae
1540 1357 1706 1423 utilis,
1732 1357 1874 1413 rexit

282 1448 584 1505 Ecclesiam
609 1446 971 1503 Viennensem
995 1445 1189 1504 Wlferi
1222 1449 1381 1504 annis
1410 1446 1680 1504 undecim.
1731 1447 1870 1504 Con-

279 1540 557 1598 stantinus
595 1540 894 1611 imperator
930 1555 961 1596 a
989 1540 1101 1596 suis
1145 1553 1334 1613 captus
1362 1550 1416 1598 et
1440 1551 1741 1598 excaecatus
1765 1550 1865 1598 est.

277 1633 439 1690 lrena
461 1641 637 1690 mater
659 1632 776 1705 ejus
803 1632 1115 1704 imperatrix
1136 1634 1599 1704 Constantinopoli
1627 1634 1869 1691 residens

244 1719 246 1722 ’
281 1735 413 1782 octo
436 1739 600 1780 annos
625 1733 746 1797 post
783 1724 1088 1795 imperavit.
1119 1723 1243 1781 Haec
1264 1726 1330 1781 ad
1355 1725 1866 1781 excellentissimum

279 1831 468 1888 regem
500 1816 746 1873 Carolum
777 1816 1101 1887 legationem
1131 1833 1230 1888 pro
1258 1832 1391 1888 pace
1411 1818 1676 1873 servanda
1699 1817 1863 1872 misit.

1980 616 2166 673 nitatis
2194 617 2412 674 nomine
2443 617 2752 674 videntibus
2787 625 2843 674 et
2869 617 3235 675 audientibus
3281 620 3554 689 omnibus,

1979 707 2244 766 satisfecit
2270 723 2330 764 se
2357 709 2630 766 conscium
2664 725 2772 765 non
2795 723 2917 767 esse
2944 709 3193 766 criminis
3230 712 3371 767 unde
3420 711 3558 768 falso

1977 801 2316 873 culpabatur.
2341 801 2542 858 Eodem
2576 803 2660 858 die
2683 814 2934 874 receptus
2963 803 3048 859 est
3076 803 3372 861 Zacharias
3412 805 3558 877 lega-

1977 900 2064 948 tus
2087 893 2154 948 ab
2179 893 2564 966 Hierosolymis
2614 904 2913 962 revertens,
2963 895 3124 952 simul
3166 905 3223 951 et
3267 912 3390 953 cum
3442 898 3558 968 ipso

1974 984 2298 1054 patriarcha:
2321 983 2505 1056 legati,
2535 1000 2659 1041 cum
2685 985 2926 1042 clavibus
2953 986 3186 1058 sepulcri
3222 985 3457 1054 Domini,
3481 987 3559 1044 ci-

1973 1075 2156 1132 vitatis
2184 1092 2398 1147 quoque
2440 1093 2505 1132 ac
2563 1078 2763 1133 montis
2803 1076 2998 1134 Oliveti
3043 1079 3348 1138 deferentes
3389 1082 3554 1140 etiam

1973 1165 2228 1222 vexillum
2255 1167 2424 1223 urbis.
2453 1166 2513 1222 ln
2539 1168 2625 1223 die
2654 1177 2843 1226 sancto
2874 1169 3170 1226 nativitatis
3191 1171 3401 1228 Domini
3431 1180 3558 1230 ante

1973 1256 2370 1314 confessionem
2399 1257 2547 1316 Petri
2569 1261 2817 1333 apostoli,
2840 1277 2963 1318 cum
2993 1261 3257 1334 gloriosus
3305 1279 3399 1320 rex
3447 1266 3554 1322 Ca-

1973 1347 2121 1404 rolus
2143 1350 2212 1405 ab
2239 1350 2488 1424 oratione
2537 1352 2884 1418 surrexisset,
2932 1352 3042 1409 Leo
3102 1353 3342 1424 pontifex
3388 1357 3554 1428 capiti

1970 1439 2088 1511 ejus
2108 1455 2362 1496 coronam
2395 1443 2648 1516 imposuit
2672 1444 2859 1516 sicque
2881 1445 2950 1501 ab
2987 1445 3241 1503 universo
3283 1446 3556 1505 Romano-

1970 1545 2089 1585 rum
2121 1531 2318 1603 populo
2343 1535 2700 1590 acclamatum
2723 1543 2842 1592 est:
2874 1535 3070 1592 Carolo
3095 1535 3339 1608 Augusto
3368 1554 3398 1594 a
3445 1539 3554 1596 Deo

1968 1633 2248 1689 coronato,
2273 1641 2470 1697 magno
2490 1635 2545 1683 et
2567 1627 2794 1697 paciﬁco
2821 1628 3133 1699 imperatori
3158 1628 3550 1698 Romanorum,

1965 1716 2077 1772 vita
2102 1725 2156 1771 et
2179 1717 2427 1774 victoria.
2459 1717 2720 1776 Perfectis
2756 1721 3022 1788 laudibus,
3055 1737 3086 1777 a
3114 1722 3368 1793 pontiﬁce
3402 1739 3554 1780 more

1965 1807 2289 1881 principium
2325 1812 2673 1884 antiquorum
2722 1814 2980 1871 adoratus
3021 1823 3124 1884 est,
3173 1823 3336 1887 atque
3373 1816 3552 1874 ablato

277 1909 449 1965 Stella
491 1923 613 1980 quae
663 1907 851 1966 Martis
876 1909 1108 1975 dicitur,
1140 1927 1206 1967 eo
1252 1924 1395 1965 anno
1441 1924 1471 1964 a
1508 1923 1690 1965 mense
1730 1908 1872 1965 Julio
1901 1916 1948 1978 Β
1973 1904 2179 1974 patritii
2204 1906 2440 1973 nomine,
2465 1909 2608 1979 quod
2637 1909 2869 1980 primum
2898 1910 2952 1966 in
2979 1911 3167 1966 eadem
3213 1913 3348 1969 urbe
3395 1928 3550 1970 acce-

274 2015 452 2071 usque
494 1999 564 2055 ad
611 1998 776 2055 alium
821 2013 1061 2056 mensem
1105 1999 1304 2056 Iulium
1329 1999 1501 2056 videri
1532 2015 1637 2054 non
1665 1998 1858 2069 potuit.

273 2091 530 2148 Baleares
568 2090 761 2148 insulae
792 2106 823 2146 a
869 2090 1068 2146 Mauris
1095 2102 1150 2148 et
1193 2090 1510 2148 Sarracenis
1540 2091 1863 2162 deprzedatze

275 2192 422 2240 sunt.
473 2182 745 2240 Hadefons
793 2198 885 2240 rex
941 2183 1180 2240 Galliciae
1216 2193 1272 2240 et
1317 2183 1568 2249 Austriae,
1621 2183 1860 2252 prredata

273 2275 553 2349 Olisipona
607 2276 798 2332 ultima
850 2275 1068 2333 civitate
1115 2274 1405 2346 Hispaniae,
1446 2275 1686 2330 victoriae
1732 2275 1864 2330 insi-

272 2370 427 2440 gnia,
475 2368 674 2425 multas
715 2367 936 2435 loricas,
978 2369 1174 2436 mulos,
1225 2369 1574 2440 captivosque
1622 2367 1858 2434 Mauros,

274 2461 514 2534 glorioso
533 2461 646 2534 regi
683 2460 879 2517 Carolo
901 2476 997 2533 per
1020 2461 1225 2534 legatos
1254 2461 1419 2516 misit.
1464 2459 1695 2514 Romani
1719 2475 1861 2515 anno

275 2551 673 2632 lncarnationis
717 2554 932 2609 Domini
981 2553 1461 2627 septingentesimo
1514 2557 1861 2627 nonagesimo

278 2660 450 2712 nono,
482 2645 702 2702 Leonem
734 2647 1067 2717 pontificem,
1096 2648 1327 2718 septimo
1355 2646 1580 2702 Kalend.
1613 2647 1757 2713 Maii,
1787 2646 1862 2702 le-

271 2740 424 2794 tania
455 2738 672 2811 majore,
709 2748 924 2810 captum
953 2747 1382 2805 excaecaverunt,
1415 2741 1488 2793 ut'
1519 2737 1711 2804 fertur,
1757 2738 1860 2794 lin-

269 2827 542 2902 guamque
588 2831 757 2902 ipsius
783 2831 1166 2901 praeciderunt.
1202 2829 1416 2886 Positus
1467 2831 1647 2901 itaque
1677 2830 1731 2885 in
1762 2845 1858 2886 cu-

267 2919 482 2987 stodia,
530 2935 630 2993 per
689 2937 903 2977 murum
953 2930 1114 2978 noctu
1169 2920 1378 2993 aufugit
1441 2919 1508 2976 ad
1573 2920 1857 2977 ecclesiam

257 3010 416 3068 beati
469 3010 652 3083 Petri,
698 3013 793 3069 ubi
832 3024 961 3070 tunc
1004 3012 1144 3068 forte
1185 3013 1345 3085 legati
1377 3013 1710 3071 Francorum
1759 3016 1858 3070 ad-

266 3114 431 3161 erant
460 3122 474 3161 :
506 3105 632 3162 inde
673 3106 907 3177 primum
939 3105 1215 3179 Spoletum
1260 3107 1538 3172 deductus,
1574 3122 1638 3162 ac
1669 3107 1860 3162 deinde

268 3197 340 3252 ad
377 3197 669 3268 gloriosum
697 3213 879 3270 regem
909 3197 1162 3254 Carolum
1203 3197 1257 3253 in
1312 3197 1606 3255 Saxoniam
1641 3198 1694 3253 in
1737 3197 1857 3253 loco

1965 2005 2142 2066 perat,
2171 1995 2471 2069 Imperator
2495 2007 2550 2054 et
2577 2000 2849 2071 Augustus
2886 2001 3203 2073 appellatur.
3231 2003 3314 2059 Ad
3356 2005 3550 2062 missas

1964 2089 2209 2162 pontifex
2238 2091 2536 2163 ingreditur
2565 2107 2690 2147 cum
2713 2092 2860 2149 clero
2890 2109 3009 2150 suo.

2039 2180 2189 2254 [800]
2249 2181 2475 2239 Carolus
2505 2183 2802 2254 imperator
2837 2185 3042 2256 primus
3071 2200 3137 2241 ex
3167 2195 3326 2258 gente
3371 2172 3544 2244 Fran-

1964 2285 2173 2339 corum,
2225 2273 2382 2327 annis
2427 2273 2784 2343 quadraginta
2831 2274 3087 2345 quinque.
3131 2273 3232 2331 Hic
3259 2285 3542 2348 postquam

1964 2360 2193 2418 Romam
2259 2363 2538 2434 ingressus
2587 2363 2935 2434 imperatoris
2985 2374 3041 2420 et
3086 2367 3299 2438 augusti
3350 2384 3542 2425 nomen

1964 2461 2213 2532 sumpsit,
2233 2459 2399 2530 jussit
2426 2476 2520 2517 eos
2548 2461 2638 2533 qui
2671 2461 2982 2532 pontiﬁcem
3017 2460 3251 2539 Leonem
3304 2472 3413 2519 tam
3463 2464 3543 2520 in-

1965 2552 2188 2608 honeste
2213 2562 2268 2608 et
2299 2552 2611 2608 indecenter
2647 2553 2963 2624 deponendo
3004 2554 3541 2623 contumeliaverant,

1963 2645 2066 2700 sibi
2103 2645 2369 2710 exhiberi,
2399 2652 2454 2700 et
2488 2645 2786 2716 quaestione
2811 2645 2876 2700 de
2903 2646 2982 2700 eis
3028 2645 3229 2710 habita,
3270 2645 3387 2718 lege
3435 2645 3544 2702 Ro-

1962 2751 2146 2802 mana,
2183 2743 2241 2790 ut
2279 2735 2356 2792 rei
2396 2733 2714 2804 majestatis,
2746 2735 2924 2807 capite
2963 2735 3201 2790 damnati
3246 2745 3390 2791 sunt.
3437 2735 3543 2791 Pro

1963 2843 2192 2898 quorum
2224 2835 2402 2883 tamen
2431 2827 2539 2882 vita
2584 2842 2722 2899 papa
2769 2837 2825 2882 et
2873 2826 3111 2900 pontifex
3159 2827 3542 2900 benignissime

1962 2921 2300 2988 intercessit;
2349 2920 2501 2991 cujus
2522 2923 2774 2992 precibus
2804 2922 3102 2992 imperator
3144 2921 3226 2980 eis
3271 2923 3438 2978 vitam
3487 2933 3543 2980 et

1962 3012 2203 3066 membra
2233 3012 2589 3082 perdonavit:
2633 3012 2684 3066 in
2708 3011 2959 3068 exsilium
3000 3022 3181 3069 tamen
3213 3030 3312 3086 pro
3341 3014 3541 3071 facino-

1961 3104 2036 3159 ris
2062 3105 2432 3176 magnitudine
2463 3105 2599 3175 pulsi
2632 3115 2778 3160 sunt.
2805 3105 2973 3176 Hujus
3006 3105 3258 3164 factionis
3287 3109 3541 3180 princeps

1959 3193 2238 3253 Paschalis
2266 3195 2648 3253 Nomenelator
2675 3198 2904 3254 exstitit.
2937 3197 3170 3254 Privatis
3217 3207 3273 3254 et
3312 3199 3540 3271 publicis

265 3289 363 3360 qui
389 3289 587 3346 dicitur
604 3289 982 3358 Badrabunne,
1025 3291 1208 3363 ibique
1236 3291 1532 3348 honoriﬁce
1556 3301 1857 3364 susceptus,
1889 3291 1932 3355 C
1966 3287 2128 3342 rebus
2151 3286 2443 3359 dispositis,
2477 3288 2711 3360 septimo
2741 3288 2966 3344 Kalend.
2998 3289 3169 3346 Maias
3197 3289 3369 3346 Roma
3415 3307 3543 3362 pro-

267 3389 436 3450 atque
464 3397 588 3437 cum
635 3381 824 3438 eodem
855 3382 1061 3438 honore
1108 3381 1334 3438 Romam
1383 3384 1661 3439 remissus.
1709 3385 1853 3438 Ava-

268 3488 456 3529 rorum
482 3488 614 3546 gens
655 3474 709 3531 in
745 3475 1026 3547 perfidiam
1068 3476 1299 3547 relapsa,
1344 3476 1626 3534 Herricum
1665 3478 1854 3533 ducem

265 3563 694 3632 Foroiuliensem
711 3567 852 3636 apud
875 3565 1247 3624 Tharsaticam
1268 3566 1540 3624 Liburnia:
1555 3568 1852 3634 civitatem,

266 3654 486 3711 insidiis
499 3655 925 3712 circumventum
948 3658 1276 3730 opprimunt.

345 3745 602 3804 Geraldus
632 3764 848 3819 quoque
876 3748 1171 3821 Bajovariae
1213 3750 1520 3828 praefectus,
1565 3739 1854 3808 commisso

263 3839 454 3911 praslio
481 3857 602 3896 cum
637 3843 853 3909 Avaris,
900 3844 1185 3900 occiditur.
1229 3844 1338 3901 Sed
1369 3845 1618 3901 Baleares
1644 3845 1850 3910 insulsa,

265 3934 665 4005 quazaMauris
700 3945 756 3993 et
792 3936 1110 3994 Sarracenis
1145 3939 1464 4008 depraedatae
1490 3937 1722 4004 fuerant,
1761 3953 1853 3993 ac-

262 4027 432 4098 cept’o
451 4043 480 4082 a
503 4027 726 4084 Francis
752 4028 953 4085 auxilio
997 4039 1052 4086 et
1081 4029 1182 4100 ipsi
1211 4045 1332 4086 sese
1372 4030 1710 4086 dediderunt.
1738 4029 1855 4084 Bri-

265 4127 462 4174 tonum
507 4119 655 4193 signa
685 4129 740 4176 et
767 4137 916 4177 arma
948 4122 1142 4178 ducum
1171 4123 1482 4179 nominibus
1512 4123 1726 4178 illorum
1775 4123 1855 4178 in-

262 4211 472 4282 scripta
498 4227 596 4284 per
628 4211 922 4271 Widonem
959 4213 1350 4282 Marchensem,
1391 4215 1482 4286 qui
1515 4225 1678 4271 totam
1731 4215 1852 4270 Bri-

263 4302 514 4358 tanniam
573 4303 1032 4374 perlustraverat,
1112 4320 1339 4378 eamque
1406 4305 1460 4360 in
1524 4305 1854 4362 deditionem

269 4403 582 4467 acceperat,
640 4395 876 4468 glorioso
933 4396 1046 4469 regi
1075 4396 1268 4453 Carolo
1304 4396 1479 4453 delata
1526 4406 1672 4464 sunt,
1714 4405 1854 4454 tota-

265 4501 378 4557 que
405 4485 683 4544 Britannia
718 4496 844 4546 tunc
879 4489 1112 4560 primum
1158 4488 1388 4546 Francis
1423 4487 1702 4561 subjugata
1749 4500 1851 4546 est.

267 4575 549 4635 Gloriosus
599 4591 693 4633 rex
749 4577 978 4636 Carolus
1025 4579 1374 4652 reliquiarum
1421 4580 1851 4637 benedictionem

1959 3376 2154 3445 fectus,
2190 3379 2467 3451 Spoletum
2495 3382 2661 3436 venit.
2692 3380 2889 3438 Factus
2918 3392 3001 3439 est
3026 3390 3399 3452 terraemotus,
3432 3385 3542 3457 pri-

1959 3473 2044 3528 die
2069 3473 2186 3528 Kal.
2223 3473 2344 3529 Maii
2377 3476 2512 3530 hora
2557 3477 2732 3532 noctis
2772 3477 3046 3543 secunda,
3075 3477 3164 3548 qui
3205 3493 3343 3550 pene
3374 3486 3538 3535 totam

1956 3562 2165 3618 Italiam
2195 3567 2488 3631 concussit,
2519 3565 2570 3620 in
2600 3575 2806 3621 tantum
2834 3575 2892 3621 ut
2921 3576 3120 3623 tectum
3149 3567 3291 3624 beati
3313 3568 3540 3638 apostoli

1955 3655 2142 3723 Pauli,
2171 3674 2294 3712 cum
2324 3657 2438 3712 suis
2478 3658 2721 3713 trabibus
2749 3674 2942 3729 magna
2971 3674 3036 3713 ex
3060 3667 3214 3730 parte
3243 3659 3537 3724 decideret,

1956 3759 2011 3805 et
2039 3750 2198 3806 urbes
2221 3761 2383 3822 atque
2412 3759 2619 3806 montes
2664 3749 2717 3805 in
2761 3750 3082 3822 quibusdam
3127 3750 3371 3821 partibus
3417 3763 3541 3807 ruo-

1961 3854 2101 3900 rent.
2135 3844 2236 3900 llic
2268 3854 2610 3901 terraemotus
2636 3852 2690 3900 et
2715 3843 2770 3898 in
2800 3842 2991 3899 Galliis
3033 3849 3088 3898 et
3129 3841 3186 3897 in
3233 3840 3542 3899 Germaniis

1958 3938 2125 3993 multa
2167 3937 2282 3992 loca
2315 3938 2481 3994 etiam
2526 3937 2821 3993 concussit.
2863 3934 3175 3991 Pestilentia
3198 3947 3410 4006 quoque
3439 3934 3540 3990 im-

1955 4028 2132 4084 manis
2157 4037 2377 4100 propter
2398 4026 2675 4082 mollitiam
2701 4025 2912 4098 hyemis
2961 4024 3104 4081 facta
3152 4032 3255 4080 est.
3308 4023 3541 4096 Elephas

1956 4138 2077 4177 cum
2109 4121 2228 4176 aliis
2258 4122 2495 4177 donariis
2521 4136 2552 4175 a
2582 4135 2710 4192 rege
2733 4119 3021 4176 Persarum
3062 4118 3242 4174 Aaron
3289 4118 3541 4174 Amirali-

1956 4229 2085 4269 num
2133 4213 2444 4284 imperatori
2489 4227 2587 4282 per
2631 4212 2832 4284 legatos
2872 4210 3124 4266 mittitur.
3157 4209 3380 4281 Capitur
3408 4209 3536 4265 Bar-

1956 4306 2188 4362 chinona
2209 4305 2401 4360 civitas
2451 4304 2720 4374 Hispania:
2770 4304 2990 4360 biennio
3035 4304 3278 4370 obsessa,
3311 4303 3539 4375 ejusque

1953 4397 2246 4468 pi'mfectus
2300 4397 2467 4451 Zatus
2527 4411 2649 4451 cum
2709 4395 2956 4464 plurimis
3019 4394 3136 4460 aliis
3193 4394 3533 4461 Sarracenis.

1955 4488 2022 4543 Et
2056 4489 2108 4543 in.
2152 4487 2300 4542 Italia
2344 4486 2554 4542 Theare
2609 4485 2861 4542 similiter
2904 4484 3094 4541 civitas
3143 4493 3296 4556 capta
3346 4494 3402 4542 et
3455 4487 3540 4542 in-

1958 4589 2125 4645 tenta,
2161 4588 2324 4650 atque
2352 4579 2637 4634 Roselmus
2662 4578 2947 4647 praefectus
2985 4577 3150 4633 etiam
3195 4577 3365 4649 ipsius
3389 4595 3537 4634 eom-

265 4667 340 4726 de
375 4668 624 4741 sepulcro
670 4670 881 4727 Domini
912 4688 944 4728 a
996 4672 1310 4744 patriarcha
1360 4670 1851 4744 Hierosolymitano
1877 4653 1930 4714 D
1957 4668 2327 4740 prehenditur.
2356 4667 2581 4737 Unaque
2608 4668 2694 4722 die
2725 4666 2890 4723 Zatus
2915 4677 2971 4722 et
2998 4665 3284 4723 Roselmus
3310 4668 3377 4723 ad
3401 4683 3537 4738 pra:-

265 4762 592 4834 suscipiens,
629 4765 863 4820 maxima
919 4765 1056 4822 dona
1107 4781 1206 4836 per
1255 4764 1574 4821 Zachariam
1627 4765 1853 4836 presby-

269 4859 446 4907 terum
475 4850 862 4925 Hierosolymis
914 4856 983 4910 ad
1020 4863 1206 4911 sancta
1253 4855 1368 4910 loca
1416 4855 1663 4911 remittit.
1689 4853 1854 4909 Leut-

268 4941 457 5013 gardis
471 4943 656 5014 regina
671 4943 923 5012 Turonis,
939 4947 1116 5018 pridie
1131 4943 1509 5002 NonasJunias
1520 4945 1851 5018 defungitur,

266 5032 453 5102 ibique
473 5033 746 5106 sepelitur.
762 5033 892 5094 Post
909 5039 1023 5094 haec
1039 5038 1270 5094 eximius
1295 5053 1389 5094 rex
1409 5035 1852 5095 Carolusltaliam

268 5123 594 5196 ingreditur,
617 5128 880 5186 orationis
897 5131 1070 5202 gratia
1121 5129 1349 5187 Romam
1376 5129 1651 5202 profectus
1698 5148 1712 5185 :
1764 5128 1852 5186 cui

262 5217 512 5274 occurrit
551 5219 869 5278 duodecimo
916 5223 986 5279 ab
1036 5222 1182 5280 Urbe
1225 5221 1400 5294 [api-le
1447 5223 1557 5279 Leo
1611 5223 1852 5295 pontifex

264 5327 504 5383 eumque
527 5329 650 5370 cum
679 5330 890 5372 summo
925 5317 1131 5374 honore
1155 5318 1399 5388 suscepit
1433 5318 1638 5374 decima
1659 5325 1850 5374 octava

265 5403 502 5460 Kalend.
558 5405 840 5464 Decembr.
886 5407 992 5464 Per
1036 5419 1246 5481 septem
1277 5411 1459 5480 itaque
1488 5411 1601 5466 dies
1629 5425 1851 5482 operam

263 5495 440 5562 dedit,
466 5504 526 5552 ut
551 5512 616 5552 ea
648 5514 766 5569 qua:
794 5514 1075 5571 perperam
1118 5501 1192 5557 ibi
1239 5512 1359 5557 acta
1402 5500 1638 5569 fuerant,
1681 5502 1852 5558 nuda-

265 5597 480 5645 rentur.
513 5589 620 5645 Sed
648 5599 705 5646 et
729 5591 840 5648 Leo
860 5591 1102 5664 pontifex
1126 5593 1192 5649 de
1216 5591 1446 5664 objectis
1480 5593 1581 5649 sibi
1611 5592 1852 5649 crimini-

265 5676 377 5735 bus
424 5679 514 5735 diu
563 5695 750 5752 agens,
795 5698 920 5740 cum
955 5683 1070 5756 jam
1114 5683 1495 5741 criminatores
1547 5682 1847 5750 refellisset,

265 5773 559 5831 ambonem
591 5769 945 5847 conscendit,
985 5789 1044 5836 et
1097 5795 1259 5852 super
1307 5789 1552 5838 sanctum
1606 5781 1851 5851 Evange-

273 5861 404 5921 lium
432 5858 484 5920 in
517 5865 742 5922 ecclesia
771 5867 914 5926 beati
938 5867 1084 5927 Petri
1112 5871 1336 5944 apostoli
1365 5880 1628 5944 prasente
1653 5872 1848 5945 populo

1957 4764 2188 4819 sentiam
2205 4761 2550 4834 imperatoris
2570 4760 2807 4828 deducti,
2832 4761 2884 4816 in
2906 4761 3157 4816 exsilium
3170 4763 3367 4818 retrusi
3385 4773 3534 4818 sunt.

1961 4855 2114 4912 lrene
2153 4855 2464 4927 imperatrix
2518 4855 2584 4911 ad
2619 4854 3000 4926 imperatorem
3048 4853 3297 4910 Carolum
3336 4855 3534 4912 iterum

1955 4949 2104 5004 misit
2133 4964 2230 5018 pro
2269 4963 2401 5020 pace
2437 4947 2574 5003 inter
2610 4947 2847 5004 Francos
2880 4957 2933 5002 et
2969 4947 3186 5004 Graecos
3244 4949 3531 5004 firmanda.

2037 5037 2280 5095 llortona
2297 5039 2552 5096 eivitasin
2569 5037 2714 5095 Italia
2739 5037 2792 5094 in
2815 5038 3140 5096 deditionem
3163 5049 3410 5112 accepta;
3436 5032 3514 5095 Lu

1954 5132 2098 5189 ceria
2129 5147 2346 5204 quoque
2373 5131 2639 5203 frequenti
2667 5130 2951 5188 obsidione
2972 5130 3218 5204 fatigata,
3247 5142 3300 5189 et
3337 5131 3448 5202 ipsa
3474 5132 3528 5187 in

1955 5227 2282 5283 deditionem
2328 5226 2492 5283 venit.
2544 5225 2834 5294 Winusus,
2887 5227 2978 5299 qui
3034 5226 3236 5299 Spoleti
3276 5226 3526 5298 praesidio

1952 5330 2202 5392 praeerat,
2233 5321 2460 5377 adversa
2490 5319 2799 5377 valetudine
2830 5320 3102 5390 fatigatus,
3130 5329 3184 5374 et
3211 5323 3464 5374 obsessus
3497 5335 3531 5374 a

1952 5410 2230 5469 Grimaldo
2290 5411 2794 5469 Beneventanorum
2855 5411 3026 5477 duce,
3063 5411 3292 5481 capitur.
3357 5409 3529 5477 Quem

1953 5511 2148 5572 tamen,
2170 5502 2467 5561 honoriﬁce
2505 5503 2710 5570 tenuit,
2749 5511 2806 5560 et
2839 5505 3178 5576 postmodum
3215 5500 3529 5574 imperatori

1955 5596 2206 5761 Γθῗὲἒιέῗ.
2227 5686 2384 5744 Circa
2422 5686 2683 5759 palatium
2713 5681 3062 5757 Aquisgrani,
3103 5699 3246 5741 anno
3274 5682 3529 5742 lncarna-

1952 5782 2114 5838 tionis
2179 5780 2386 5837 Domini
2443 5780 2890 5850 octingentesimo
2937 5780 3135 5848 tertio,
3191 5789 3526 5839 terraetnotus

1954 5871 2126 5928 factus
2153 5884 2264 5935 est;
2310 5872 2436 5926 inde
2469 5870 2771 5926 mortalitas
2805 5870 3102 5928 subsecuta.
3151 5872 3301 5929 lrene
3325 5874 3393 5927 ab
3421 5873 3524 5927 im-
