4024 6362
523 400 621 463 m

1513 398 1575 459 s.
1591 394 1866 465 seems
1888 394 2341 456 ‘ARGHIEPISC.
2385 382 2801 469 vtsNNsNSIs

3674 390 3789 449 132

488 522 673 595 .perio
695 520 958 591 deposita,
983 529 1039 575 et
1069 518 1409 589 Nieephorus
1434 518 1729 587 imperator
1772 515 2089 572 Constanti-
2117 517 2297 579 Asno
2340 511 2643 581 subjectum
2695 510 2799 567 sibi
2854 507 3157 581 cymbalum
3212 507 3411 564 tinnire
3457 507 3732 573 faciebant
3763 527 3783 565 :

496 615 701 687 ,nopoli
731 623 965 677 creatus,
991 612 1312 682 qui-legatos
1345 624 1472 665 suos
1504 624 1607 664 una
1630 623 1754 668 cum
1784 608 1975 679 legatis
2000 608 2103 672 im-

522 706 793 776 peratoris
843 702 1022 760 Caroli
1076 703 1299 758 remisit.
1348 700 1482 757 liam
1532 701 1831 771 imperator
1877 698 2102 761 Carolus

490 797 674 855 .Jesse
728 796 1040 866 episcopum
1089 793 1504 848 Ambianensem
1530 831 1548 859 ,
1605 800 1662 847 et
1708 790 2102 861 Elinigaudium

522 891 776 945 comitem
808 877 1333 953 Constantinopolim
1381 882 1675 938 direxerat.
1736 881 2104 950 Susceperunt

522 991 703 1038 autem
731 979 889 1050 legati
918 976 1204 1038 Nieenhori
1230 976 1576 1047 imperatoris
1595 973 1880 1043 epistolam
1906 973 2102 1028 inscri-

516 1082 691 1145 ptam,
718 1071 785 1126 de
805 1068 1034 1133 Fmdere
1064 1068 1237 1138 pacis,
1271 1066 1456 1136 sicque
1483 1064 1574 1119 tali
1611 1072 1770 1133 pacto
1790 1061 2103 1118 Constanti-

524 1160 755 1233 nopolim
782 1159 987 1215 reversi
1022 1169 1166 1214 sunt.
1192 1157 1516 1214 Codefridus
1543 1169 1637 1209 rex
1666 1154 1944 1221 Danorutn
1980 1167 2103 1223 pro—

523 1253 672 1310 misit
705 1266 765 1308 se
792 1249 1030 1321 primum
1057 1250 1125 1304 ad
1162 1247 1488 1318 colloquium
1530 1244 1872 1315 imperatoris
1913 1253 2104 1301 ventu-

521 1362 639 1400 rum
670 1363 683 1398 :
717 1342 812 1399 sed
835 1341 1064 1399 consilio
1085 1356 1308 1407 suorum
1350 1339 1588 1405 territus,
1616 1352 1712 1408 per
1739 1336 1946 1406 legatos
2002 1336 2104 1397 im-

496 1436 755 1507 peratori
793 1434 937 1506 quod
974 1433 1145 1488 voluit
1183 1430 1460 1487 mandavit
1509 1449 1522 1484 :
1577 1431 1869 1498 imperator
1912 1439 2103 1483 omnes

520 1526 765 1583 Saxones
800 1525 892 1595 qui
922 1533 1073 1579 trans
1112 1523 1324 1578 Albiam
1350 1531 1405 1576 et
1448 1522 1500 1575 in
1540 1519 1853 1585 Wibmhodi
1895 1518 2104 1581 habita-

519 1620 672 1685 bant,
723 1633 846 1673 cum
905 1615 1224 1671 mulieribus
1271 1623 1327 1669 et
1381 1611 1675 1667 infantibus
1729 1607 2004 1665 transtulit
2047 1607 2102 1663 in

520 1707 831 1763 Franciam.

592 1818 747 1895 [804]
800 1819 959 1875 Anno
983 1813 1609 1875 lncarnationisDomini
1654 1810 2131 1899 octingentesimo.

518 1924 734 1986 quarto,
780 1911 890 1968 Leo
926 1909 1167 1982 pontifex
1208 1908 1482 1962 Romanus
1527 1906 1581 1961 in
1610 1905 1900 1962 Franciam
1930 1903 2098 1967 venit,

519 2006 850 2060 Rhemorum
896 2001 1115 2058 civitate
1144 2007 1425 2068 susceptus
1468 2014 1481 2049 :
1532 1995 1828 2064 imperator
1862 1994 1917 2048 in
1951 1991 2105 2048 Cari-

521 2096 668 2150 siaco
721 2092 841 2146 villa
899 2092 1233 2145 nativitatem
1286 2086 1497 2143 Domini
1545 2100 1666 2141 cum
1720 2100 1786 2141 eo
1835 2083 2104 2161 celebrem

518 2187 695 2251 duxit,
725 2183 921 2239 deinde
943 2180 1290 2251 Aquisgrani,
1331 2188 1387 2234 et
1432 2178 1690 2233 donatum
1736 2175 1945 2247 magnis
1980 2189 2101 2228 mu-

518 2279 741 2335 neribus
769 2290 865 2347 per
907 2274 1240 2344 Bajovariam
1285 2273 1365 2326 ire
1409 2270 1677 2326 volentem
1726 2267 1920 2324 deduci
1976 2266 2102 2322 fecit

496 2350 691 2440 rusque
712 2367 1046 2422 Ravennam.
1073 2363 1246 2420 Causa
1276 2363 1541 2418 adventus
1562 2359 1679 2429 ejus
1704 2358 1824 2423 fuit,
1849 2358 1975 2429 quia
2003 2358 2106 2414 im-

518 2468 737 2530 perator
755 2457 978 2513 miserat
1007 2456 1074 2511 ad
1105 2469 1228 2511 eum
1264 2470 1362 2523 pro
1386 2452 1460 2508 rei
1504 2451 1733 2506 veritate
1761 2449 2100 2519 inquirenda,

520 2550 604 2615 si,
654 2549 796 2620 quod
840 2537 1135 2610 ferebatur,
1193 2545 1414 2616 sanguis
1460 2542 1663 2599 Christi
1711 2543 1764 2597 in
1828 2541 2100 2596 civitatem

518 2642 732 2701 Mantua
755 2640 946 2696 fuisset
970 2646 1231 2709 repertus.
1275 2637 1511 2706 Accepta
1546 2635 1710 2706 igitur
1736 2633 1979 2704 pontifex
2004 2648 2099 2688 oe-

510 2733 756 2796 catione,
803 2731 857 2786 in
909 2727 1341 2801 Longobardiam
1409 2727 1562 2797 quasi
1612 2739 1710 2797 pro
1757 2723 2104 2793 inquisitione

517 2825 670 2891 exiit,
699 2824 822 2880 inde
849 2836 1020 2893 usque
1048 2822 1115 2877 ad
1144 2821 1524 2891 imperatorem
1557 2816 1819 2889 pervenit.
1864 2814 2103 2870 Theodoo

518 2934 614 2976 rus
639 2917 926 2988 Capuanus
974 2916 1224 2985 princeps
1268 2911 1585 2967 Hunnorum
1617 2917 1836 2986 propter
1873 2906 2101 2961 infesta-

522 3010 720 3066 tionem
771 3006 1085 3064 Selavorum
1137 3003 1281 3075 (erat
1332 3002 1477 3056 enim
1528 2999 1669 3054 idem
1730 2996 2100 3067 Christianus)

520 3102 700 3159 locum
729 3101 834 3157 sibi
883 3100 1002 3154 dari
1053 3097 1121 3153 ad
1150 3094 1501 3152 habitandum
1551 3092 1694 3147 inter
1740 3088 2023 3145 Sabariam
2049 3095 2104 3143 et

2132 1862 2178 1922 B

2198 607 2397 662 additis
2419 606 2472 667 in
2494 605 2684 661 eodem
2717 603 2959 674 ejusdem
3004 602 3532 670 numeriequitihus,
3559 603 3650 673 qui
3680 617 3787 673 per

2172 696 2483 753 duodecim
2521 693 2787 766 fenestras
2814 690 3094 762 completis
3128 690 3276 755 horis
3305 690 3548 776 exibant,
3587 701 3645 747 et
3671 694 3785 748 im-

2169 788 2355 861 ,pulsu
2386 785 2716 859 egressionis
2758 801 2869 849 suae
2913 784 3140 839 totidem
3174 782 3437 838 fenestras
3463 799 3581 853 quae
3628 786 3788 854 prius

2198 887 2357 949 erant
2384 886 2604 951 apertis,
2633 876 2973 941 claudebant,
3024 890 3233 931 necnon
3263 882 3319 930 et
3360 873 3463 929 alia
3504 875 3674 930 multa
3725 876 3788 931 in

2201 972 2316 1041 ipso
2360 969 2636 1039 horologio
2682 976 2840 1023 erant
2890 966 3047 1022 mira.
3101 965 3255 1029 Tune
3301 965 3559 1037 temporis
3599 964 3790 1021 delata

2203 1069 2333 1116 sunt
2376 1076 2496 1115 ossa
2536 1060 2678 1131 beati
2710 1057 2962 1131 Cypriani
3014 1072 3044 1110 a
3087 1054 3435 1126 Carthagine,
3482 1072 3606 1112 cum
3656 1057 3789 1112 reli-

2202 1152 2343 1221 quiis
2394 1152 2677 1209 beatorum
2738 1148 3141 1204 Scillitanorum
3172 1155 3511 1218 martyrum,
3563 1145 3787 1216 Sperati

2199 1243 2576 1310 sociorumque
2617 1238 2754 1307 ejus,
2789 1249 2845 1293 et
2871 1237 3044 1308 posita
3091 1246 3216 1291 sunt
3262 1237 3314 1290 in
3362 1236 3589 1292 ecclesia
3636 1238 3788 1293 beati

2200 1330 2419 1389 Joannis
2450 1331 2702 1403 Baptista:
2729 1332 2782 1385 in
2820 1330 3037 1385 civitate
3063 1329 3432 1401 Lugdunensi.
3467 1329 3787 1396 Sarraceni,

2204 1420 2451 1476 Sardinia
2486 1422 2645 1491 pulsi,
2680 1420 2912 1491 primum
2958 1435 3078 1474 cum
3112 1417 3303 1476 Sardis
3348 1419 3592 1491 praelium
3632 1435 3790 1475 eom-

2202 1514 2486 1577 miserunt,
2519 1513 2733 1570 amissis
2761 1513 2929 1567 tribus
2959 1512 3196 1568 millibus
3240 1526 3483 1577 suorum,
3510 1512 3565 1566 in
3593 1511 3787 1568 Corsi-

2204 1620 2322 1659 cam
2359 1605 2564 1659 directo
2590 1619 2751 1659 cursu
2790 1611 3176 1674 pervenerunt,
3222 1603 3402 1672 ibique
3444 1619 3567 1658 cuin
3608 1603 3790 1659 classe

2179 1678 2289 1771 icui
2318 1695 2604 1767 Burgarius
2631 1710 2813 1750 comes
2836 1704 3085 1771 praeerat,
3118 1695 3483 1759 decertantes,
3512 1706 3608 1750 aut
3630 1694 3786 1759 victi,

2204 1798 2297 1842 aut
2330 1786 2494 1857 fugati
2529 1797 2673 1852 sunt,
2707 1786 2920 1842 amissis
2968 1786 3222 1841 tredecim
3275 1786 3502 1842 navibus
3549 1787 3685 1851 suis,
3731 1794 3791 1842 et

2205 1876 2448 1949 plurimis
2479 1892 2698 1945 suorum
2728 1876 3046 1933 interfectis.
3077 1875 3402 1934 Godefridus
3438 1892 3657 1949 quoque
3686 1892 3789 1932 rex

2206 1971 2479 2041 Danorum
2506 1970 2560 2024 in
2588 1956 2879 2025 Abodritos
2905 1985 3028 2026 cum
3049 1968 3289 2025 exercitu
3333 1969 3633 2039 trajiciens,
3658 1968 3792 2025 licet

2204 2060 2526 2117 Brasconem
2590 2060 2778 2116 ducem
2823 2058 3206 2116 Abodritorum
3271 2059 3405 2116 loco
3444 2059 3748 2130 pepulisset
3771 2098 3788 2127 ,

2204 2153 2476 2224 aliumque
2498 2153 2687 2209 ducem
2717 2153 2838 2209 dolo
2863 2162 3077 2224 captum
3098 2152 3342 2225 patibulo
3387 2153 3788 2231 suSpendisset,

2205 2261 2401 2318 magno
2436 2255 2614 2302 tamen
2654 2246 2932 2315 copiarum
2981 2260 3202 2301 suarum
3246 2245 3572 2313 detrimento
3603 2260 3789 2300 rever-

2204 2355 2295 2395 sus
2339 2349 2440 2396 est.
2475 2340 2674 2396 Amisit
2696 2340 2841 2397 enim
2882 2339 2957 2395 ibi
2987 2337 3157 2393 ﬁlium
3201 2336 3389 2393 fratris
3419 2337 3502 2392 sui
3536 2335 3792 2407 Ruginul-

2204 2431 2354 2497 dum,
2381 2432 2474 2502 qui
2499 2432 2553 2486 in
2582 2433 2976 2504 oppugnatione
3005 2431 3284 2511 cujusdam
3308 2417 3489 2502 oppidi
3522 2446 3647 2488 cum
3671 2432 3794 2502 pitt-

2204 2523 2355 2577 rimis
2408 2525 2677 2579 Danorum
2727 2524 3056 2594 primoribus
3107 2522 3419 2581 interfectus
3464 2534 3567 2581 est.
3620 2524 3791 2581 Filius

2204 2623 2384 2667 autem
2411 2614 2753 2685 imperatoris
2787 2615 3013 2671 Carolus
3052 2616 3107 2670 in
3135 2618 3371 2677 Linones
3417 2626 3471 2671 et
3513 2616 3769 2695 Smeldin

2204 2721 2318 2770 eos,
2361 2707 2453 2777 qui
2503 2708 2567 2761 ad
2599 2706 2949 2763 Godefridum
2997 2708 3328 2772 defecerant,
3371 2710 3672 2764 exercitum
3702 2708 3789 2765 cui

2205 2808 2454 2868 praeerat,
2478 2809 2678 2869 quanta
2700 2800 2877 2871 potuit
2897 2799 3193 2867 celeritate,
3233 2801 3577 2872 transposuit.
3606 2800 3788 2873 Popu-

2204 2888 2432 2959 latisque
2463 2878 2884 2961 circumquaque
2921 2904 3107 2945 eorum
3140 2892 3303 2961 agris,
3334 2894 3561 2947 transito
3588 2894 3786 2948 iterum

2202 2979 2356 3041 Albia
2392 2979 2574 3045 ﬂuvio,
2602 2964 3122 3037 incolumiexercitu
3151 2982 3202 3036 in
3247 2980 3540 3037 Saxoniam
3564 2999 3626 3037 se
3653 2984 3791 3037 reci-

2203 3071 2301 3142 pit.
2359 3069 2462 3127 Sed
2506 3070 2831 3126 Godefridus
2885 3073 3161 3129 destructo
3226 3074 3467 3143 emporio
3520 3075 3664 3144 quod
3735 3076 3789 3135 in

521 3192 819 3249 Camuwm
867 3189 936 3245 ab
962 3190 1290 3259 imperaer
1318 3184 1627 3256 ροειυιίηίι,
1658 3181 1827 3250 Quem
1872 3180 2103 3250 impera.
2132 3233 2174 3259 β
2207 3164 2409 3259 Oceani
2445 3164 2629 3221 littore
2679 3168 3035 3259 constitutum
3096 3165 3274 3238 lingua
3320 3166 3593 3222 Danorum
3637 3167 3791 3225 Relic

525 3233 934 3352 τοῖν
1668 3233 2100 3342 Ejus—“annuens,
2131 3233 2177 3295 Ο
2209 3258 2511 3352 dicebatur,
2547 3257 2940 3352 translatisque
2979 3259 3104 3314 inde
3133 3233 3578 3328 negotiatoribus,
3613 3261 3789 3352 soluta

522 3369 837 3427 muneribus
875 3369 1130 3425 donatum
1171 3366 1348 3423 redire
1381 3365 1647 3437 permisit.
1694 3364 1994 3433 Imperator
2021 3363 2105 3417 in-

441 3498 445 3502 -
525 3473 609 3519 ter
640 3462 780 3519 ﬁlios
809 3477 938 3518 suos
964 3476 1129 3532 regna
1151 3459 1361 3524 dividit,
1384 3466 1444 3513 ut
1467 3457 1635 3514 sciret
1662 3458 1895 3528 quisque
1934 3456 1979 3512 si
2012 3470 2106 3511 su.

523 3564 736 3625 perstas
775 3562 944 3619 esset,
973 3568 1135 3623 quam
1165 3559 1374 3621 partem
1403 3549 1543 3604 tueri
1589 3559 1645 3603 et
1677 3562 1862 3620 regere
1889 3548 2107 3603 debuis-

524 3653 625 3700 set.
668 3642 1072 3698 Testamentum
1130 3641 1255 3696 inde
1287 3639 1492 3695 factum
1541 3648 1598 3693 et
1633 3635 1990 3708 jurejurando
2037 3637 2106 3691 ab

522 3736 872 3808 optimatibus
908 3733 1241 3791 Francorum
1289 3732 1689 3795 confirmatum,
1742 3729 1905 3786 Leoni
1955 3743 2107 3799 papa:

524 3828 768 3890 missum,
808 3835 868 3880 ut
891 3841 1053 3880 manu
1082 3840 1179 3878 sua
1221 3822 1609 3878 subscriberet.
1651 3820 1807 3874 Anno
1846 3818 2105 3874 Incarna-

526 3916 689 3973 tionis
714 3912 927 3970 Domini
963 3913 1411 3984 octingentesimo
1440 3919 1618 3975 sexto,
1652 3909 1843 3964 classis
1883 3923 1916 3963 a
1944 3908 2104 3964 Nice-

524 4007 696 4076 phoro
722 4004 1065 4075 imperatore,
1092 4004 1177 4058 cui
1209 4001 1395 4058 Nieeta
1448 4001 1709 4072 patricius
1758 4009 2008 4071 praeerat,
2038 4000 2105 4057 ad

528 4093 949 4166 recuperandam
1004 4091 1327 4148 Dalmatiam
1377 4092 1627 4147 mittitur.
1695 4090 1922 4160 Eclipsis
1967 4090 2107 4145 lunae

527 4194 720 4257 quarta
741 4183 920 4239 Nonas
949 4182 1284 4255 Septembris
1315 4181 1435 4244 fuit,
1467 4190 1646 4238 stante
1673 4180 1785 4238 sole
1814 4182 1870 4236 in
1898 4181 2105 4237 decima

526 4286 680 4333 sexta
710 4285 865 4347 parte
895 4275 1155 4348 virginis:
1189 4274 1312 4329 luna
1360 4284 1538 4328 autem
1567 4273 1748 4329 stabat
1791 4273 1845 4327 in
1895 4272 2105 4328 decima

527 4378 677 4427 sexta
697 4376 850 4439 parte
871 4368 1118 4439 piscium.
1154 4366 1274 4438 ipso
1293 4382 1436 4421 anno
1457 4366 1630 4437 pridie
1657 4365 1780 4420 ldus
1798 4364 2103 4432 Februarii,

528 4459 658 4515 luna
684 4459 891 4514 decima
919 4458 1145 4528 septima
1168 4456 1319 4512 stella
1335 4471 1453 4527 qua:
1479 4465 1705 4510 vocatur
1722 4453 1871 4510 lovis
1895 4454 2005 4508 visa
2022 4461 2106 4509 est

530 4549 762 4606 transire
780 4564 879 4620 per
898 4564 1040 4604 eam.
1068 4548 1252 4604 Tertio
1272 4548 1395 4603 ldus
1419 4546 1741 4603 Februarias
1764 4546 1864 4601 fuit
1889 4547 2103 4615 eclipsis

531 4644 659 4700 solis
673 4644 844 4699 media
859 4644 964 4708 die,
983 4651 1159 4699 stante
1175 4657 1404 4714 utroque
1425 4644 1599 4699 sidere
1613 4644 1666 4698 in
1680 4642 1939 4715 vigesima
1951 4641 2105 4713 quin-

531 4745 583 4789 ta
604 4743 758 4805 parte
777 4735 1005 4804 aquarii.
1036 4733 1461 4806 Unocodemque
1488 4751 1630 4791 anno
1658 4746 1737 4792 ter
1759 4736 1887 4790 luna
1908 4737 2106 4791 obseu-

533 4836 651 4883 rata
674 4836 774 4891 est,
794 4835 848 4881 et
864 4826 942 4882 sol
955 4827 1140 4894 semel,
1163 4837 1216 4883 et
1230 4829 1373 4884 acies
1390 4830 1541 4887 mira
1557 4831 1941 4901 magnitudinis
1954 4828 2099 4891 visae.

532 4914 826 4972 Ratbertus
852 4916 1050 4973 missus
1079 4917 1442 4989 imperatoris,
1471 4923 1560 4991 qui
1587 4920 1654 4975 de
1675 4921 1895 4976 Uriente
1923 4936 2104 4977 rever-

534 5010 766 5075 tebatur,
797 5025 898 5066 una
929 5026 1050 5065 cum
1075 5010 1266 5084 legatis
1297 5013 1438 5085 regis
1460 5012 1746 5070 Persarum
1774 5015 2101 5087 defungitur.

532 5094 751 5156 Munera
777 5109 956 5157 autem
988 5102 1289 5172 huiusmodi
1337 5113 1482 5171 sunt,
1513 5121 1631 5176 qua:
1673 5108 1833 5179 legati
1867 5109 2104 5178 impera-

535 5194 637 5250 tori
666 5193 991 5262 detulerunt,
1017 5196 1339 5267 papilionem
1385 5204 1439 5255 et
1465 5200 1692 5254 tentoria
1725 5199 1850 5252 atrii
1878 5199 2102 5269 bissina,

538 5284 684 5341 vario
709 5285 909 5353 colore,
937 5282 1096 5343 simul
1132 5303 1254 5342 cum
1297 5287 1514 5343 funibus
1537 5291 1653 5360 pari
1682 5290 1872 5346 ordine
1909 5292 2104 5347 distin-

537 5372 635 5449 tis;
676 5380 836 5453 pallia
885 5382 1058 5436 serica
1097 5381 1261 5435 multa
1306 5392 1360 5436 et
1399 5386 1652 5453 pretiosa,
1700 5382 2002 5439 balsamum
2051 5391 2107 5440 et

535 5478 732 5534 odores
757 5487 917 5547 atque
946 5485 1216 5548 unguenta
1249 5464 1465 5548 (Regina
1510 5478 1575 5533 de
1622 5477 1863 5551 Amat).
1912 5478 2018 5535 Sed
2053 5489 2109 5537 et

524 5560 869 5638 horologium
900 5558 1208 5622 aurichalco
1228 5576 1346 5623 arte
1368 5569 1680 5624 mechanica
1706 5570 1933 5626 mirifice
1960 5587 2106 5627 com-

539 5657 791 5727 positum,
830 5652 883 5711 in
915 5672 1023 5730 quo
1066 5656 1346 5714 duodecim
1388 5657 1646 5714 horarum
1688 5644 1883 5715 cursus
1910 5660 2109 5718 adcle-

539 5749 791 5821 psydram
843 5752 1178 5819 vertebatur,
1232 5767 1351 5808 cum
1412 5752 1632 5808 totidem
1698 5754 1855 5810 aereis
1911 5754 2109 5825 pillulis

538 5857 662 5915 qua:
681 5843 758 5927 ad
804 5844 1213 5916 completionem
1244 5846 1499 5903 horarum
1530 5846 1865 5916 decidebant,
1893 5856 1948 5905 et
1979 5865 2110 5925 casu

2208 3347 2379 3404 classe
2409 3348 2476 3403 ad
2518 3357 2733 3419 portum
2776 3349 2869 3420 qui
2921 3346 3209 3421 Liesthorp
3245 3351 3461 3416 dicitur,
3502 3367 3628 3408 cum
3672 3346 3792 3410 uni-

2207 3459 2367 3500 verso
2409 3444 2652 3501 exercitu
2692 3461 2792 3501 suo
2824 3446 3002 3501 venit:
3038 3446 3108 3501 ibi
3138 3462 3237 3516 per
3264 3447 3474 3525 aliquot
3515 3447 3635 3504 dies
3681 3465 3791 3505 ino-

2207 3552 2377 3610 ratus,
2401 3544 2626 3600 limitem
2656 3545 2808 3617 regni
2839 3545 2921 3600 sui
2951 3546 3044 3615 qui
3070 3546 3368 3600 Sanoniam
3396 3546 3625 3615 respicit
3653 3547 3793 3602 vallo

2208 3637 2419 3692 munire
2439 3616 2741 3703 constituit,
2775 3647 2831 3692 ut
2859 3639 2926 3694 ab
2950 3639 3200 3694 orientali
3219 3616 3414 3694 ‘maris
3450 3640 3599 3706 sinu,
3626 3657 3790 3711 quem

2207 3727 2296 3783 illis
2333 3727 2724 3784 Hostharsaltia
2774 3730 2998 3793 dicunt,
3071 3745 3240 3800 usque
3282 3730 3352 3786 ad
3398 3731 3789 3786 occidentalem

2207 3817 2478 3875 Oceanum
2510 3827 2674 3873 totam
2703 3818 2931 3890 Egidore
2964 3817 3200 3874 ﬂutninis
3222 3819 3583 3893 aquilonalem
3615 3822 3791 3891 ripam

2209 3912 2545 3968 munimento
2571 3912 2689 3966 valli
2728 3921 3057 3982 protegeret,
3097 3928 3201 3967 una
3252 3921 3459 3967 tantum
3504 3922 3657 3985 porta
3707 3915 3790 3969 di-

2208 4004 2393 4069 missa,
2431 4019 2530 4074 per
2569 4019 2730 4074 quam
2773 4019 2930 4060 carra
2975 4013 3029 4058 ct
3071 4005 3283 4074 equites
3311 4005 3487 4060 emitti
3516 4006 3793 4077 recipique

2206 4099 2527 4164 potuissent.
2558 4094 3078 4150 Nordanimbrorum
3112 4111 3204 4150 rex
3252 4095 3456 4151 Eardof
3486 4112 3650 4168 regno
3672 4096 3794 4167 pul-

2208 4203 2300 4243 sus
2316 4188 2630 4253 Britanniae,
2647 4187 2955 4259 Noviomagi
2977 4189 3042 4243 ad
3060 4190 3439 4259 imperatorem
3462 4193 3640 4257 venit;
3665 4191 3793 4247 inde

2209 4281 2435 4335 Romam
2465 4280 2850 4351 proficiscitur,
2882 4297 3002 4337 cum
3022 4283 3222 4355 legatis
3254 4285 3597 4353 postmodum
3621 4284 3793 4354 impeg-

2209 4373 2405 4427 ratoris
2418 4381 2472 4427 et
2490 4370 2762 4441 pontificis
2783 4373 2835 4426 in
2854 4388 3076 4443 regnum
3092 4389 3249 4429 suum
3267 4376 3561 4431 reducitur.
3586 4376 3794 4433 Rever-

2210 4462 2447 4518 tentibus
2482 4463 2704 4534 legatis,
2741 4462 3049 4535 Adulphus,
3078 4465 3296 4521 natione
3337 4465 3504 4537 Saxo,
3528 4469 3794 4528 diaconus

2207 4553 2408 4610 Leonis
2437 4553 2705 4625 pontiﬁcis
2731 4570 2762 4609 a
2784 4555 2973 4626 piratis
3000 4558 3233 4628 capitur.
3265 4559 3460 4616 Czeteri
3492 4562 3793 4632 sineperis

2211 4648 2331 4703 culo
2368 4646 2729 4715 trajiciuntur.
2761 4646 3039 4718 Adnlphus
3064 4649 3117 4704 in
3154 4649 3485 4706 Britanniam
3513 4654 3789 4721 reductus.

2210 4757 2240 4794 a
2276 4740 2504 4810 quodam
2528 4738 2857 4808 redemptus,
2887 4739 3113 4797 Romam
3155 4757 3404 4799 reversus
3443 4755 3544 4801 est.
3588 4743 3794 4811 Τηδςο

2211 4832 2317 4886 dux
2349 4830 2729 4885 Abodritorunt
2759 4830 2980 4887 collecta
3008 4834 3178 4887 valida
3211 4851 3396 4901 manu,
3423 4853 3453 4890 a
3484 4835 3794 4897 Saxonibus

2213 4921 2372 4977 etiam
2395 4921 2598 4976 auxilio
2623 4932 2867 4991 accepto,
2890 4922 3095 4979 vicinos
3115 4939 3241 4979 suos
3269 4924 3489 4988 Scavos,
3515 4930 3606 4995 qui
3624 4927 3791 4985 Μαί

2213 5012 2484 5076 dicuntur,
2536 5027 2856 5082 aggressus,
2907 5009 3051 5068 ferro
3101 5022 3154 5068 et
3208 5014 3317 5085 igni
3348 5024 3561 5081 vastat;
3602 5016 3792 5073 Sedel-

2207 5103 2488 5174 dingorum
2515 5103 2803 5156 maximam
2843 5104 3115 5158 civitatem
3154 5114 3461 5177 expugnat:
3505 5116 3671 5178 atqne
3709 5109 3791 5165 Lis

2211 5196 2550 5252 successibus
2577 5211 2766 5253 manes
2806 5195 2899 5267 qui
2946 5198 3014 5253 ab
3042 5211 3107 5252 eo
3138 5196 3467 5265 defecerant,
3518 5202 3584 5256 ad
3630 5216 3789 5258 suam

2210 5289 2525 5344 societatem
2593 5288 2788 5343 reverti
2843 5288 3037 5360 coegit.
3072 5287 3246 5364 [809.]
3298 5290 3547 5362 Synodus
3590 5310 3788 5366 magna

2209 5380 2534 5451 Graniaquis
2563 5391 2936 5455 congregatur,
2971 5398 3113 5439 anno
3153 5384 3545 5443 [incarnationis
3572 5387 3789 5446 Domini

2211 5475 2661 5544 octingentesimo
2690 5491 2851 5541 nono,
2883 5476 2938 5530 in
2969 5492 3073 5547 qua
3100 5480 3304 5550 synodo
3335 5480 3400 5535 de
3441 5484 3791 5550 processione

2217 5564 2450 5637 Spiritus
2479 5565 2651 5621 sancti
2675 5568 2902 5636 quaestio
2938 5568 3191 5639 agitatur,
3225 5578 3409 5626 utrum
3434 5569 3576 5627 sicut
3599 5586 3790 5643 proce-

2214 5657 2293 5714 dit
2336 5672 2366 5712 a
2396 5654 2576 5723 Patre,
2604 5657 2679 5712 ita
2708 5659 2962 5727 procedat
2991 5674 3021 5712 a
3049 5657 3204 5716 Filio.
3251 5659 3404 5718 lianc
3430 5663 3786 5732 quaestionem

2214 5747 2447 5805 Joannes
2482 5748 2778 5806 monachus
2812 5748 3329 5823 Hierosolymitanus
3368 5730 3631 5821 moverat,
3664 5730 3786 5813 cum

2217 5843 2399 5913 regula
2441 5851 2495 5898 et
2539 5843 2671 5899 ﬁdes
2717 5844 3078 5901 ecclesiastica
3129 5846 3302 5905 ﬁrmet
3356 5845 3617 5917 Spiritum
3668 5863 3789 5906 san-
