4024 6362
203 385 312 448 αδδ

1322 379 1737 448 CHRONICON.
1774 421 1849 434 -—
1879 383 2086 449 AETAS
2123 387 2370 450 SEXTA.

3370 393 3464 456 1N

202 518 354 565 ctum
393 520 424 559 a
452 497 614 558 Patre
649 509 705 557 et
734 500 875 557 Filio
897 503 1212 571 procedere,
1243 517 1348 558 non
1373 511 1640 569 creatum,
1683 517 1794 558 non
1819 508 1866 567 Α
1895 511 2159 560 conventu
2207 508 2472 562 advocato
2511 507 2861 578 Aquisgrani,
2909 508 3179 566 Ludovico
3230 511 3344 568 lilio
3371 526 3473 570 suo

203 599 474 673 genitum,
515 595 607 650 sed
637 593 785 649 Patri
813 601 866 648 et
914 592 1050 648 Filio
1097 602 1423 648 coeeternum
1467 601 1521 648 et
1559 593 1795 648 consul»

203 689 536 747 stantialem.
572 685 777 740 Nomen
814 693 996 739 autem
1041 685 1404 754 processionis
1449 699 1479 738 a
1534 683 1694 737 Patre
1741 691 1795 736 et

203 779 344 837 Filio
359 781 411 835 in
437 777 754 849 Apocalypsi
779 775 850 830 ita
874 784 1059 846 aperte
1082 784 1167 830 est
1186 777 1417 846 positum
1445 793 1458 830 :
1489 794 1508 826 ο
1528 775 1594 828 Et
1615 784 1796 829 osten-

203 872 282 926 dit
313 871 446 925 mihi
477 868 643 940 (haud
677 866 900 921 dubium
945 866 1076 936 quin
1122 865 1369 936 angelus)
1405 865 1603 920 ﬂumen
1641 877 1795 933 aqua:

203 965 332 1019 Viue
368 961 706 1033 splendidum
751 968 1007 1029 tanquam
1035 958 1370 1030 crystallum,
1401 957 1702 1028 procedens
1728 956 1794 1011 de

205 1057 337 1112 sede
362 1049 457 1110 Dei
484 1051 711 1124 etAgni.
743 1071 762 1104 ι
793 1052 851 1108 ln
869 1053 1056 1107 eadem
1085 1051 1251 1106 etiam
1277 1053 1484 1124 synodo
1505 1051 1793 1121 qmrsitum

203 1148 289 1202 est
315 1147 371 1202 et
418 1144 734 1200 ventilatum
791 1144 858 1200 de
911 1149 1056 1198 statu
1102 1142 1470 1198 Ecclesiarum
1506 1149 1563 1196 et
1604 1141 1794 1195 ordine

205 1233 586 1312 singularum,
609 1236 873 1308 cujusque
919 1237 1351 1292 conversationis
1397 1237 1561 1291 etiam
1609 1235 1792 1290 clerici

203 1345 326 1386 esse
353 1330 568 1385 debent.
607 1327 830 1394 Trasco,
875 1329 981 1384 dus
1012 1328 1417 1394 About-iturum,
1449 1329 1502 1383 in
1539 1329 1790 1398 emporio

203 1415 355 1476 Relic
385 1433 483 1490 per
511 1419 690 1475 dolum
740 1433 770 1473 a
803 1419 1091 1474 comitibus
1117 1418 1395 1475 Godefrldi
1443 1419 1784 1483 interﬁcitur,

202 1511 261 1566 et
287 1509 554 1566 Aureotus
595 1511 690 1580 qui
732 1509 1089 1566 Nieomarcia:
1119 1509 1390 1580 Hispaniis
1410 1519 1574 1581 atque
1601 1509 1792 1566 Galliae

201 1607 360 1662 trans
383 1603 702 1678 Pyrenaeum
743 1615 934 1660 contra
973 1604 1170 1661 Oscam
1213 1605 1281 1658 ad
1325 1603 1790 1675 Caesaraugustam

203 1697 502 1764 residebat,
532 1698 760 1754 moritur
790 1715 804 1750 ε
835 1707 891 1753 et
915 1699 1148 1753 Amores
1181 1695 1542 1754 ministerium
1570 1695 1688 1766 ejus
1711 1695 1793 1748 in-

197 1789 378 1854 vadit,
409 1791 462 1843 et
481 1789 543 1843 ad
569 1788 853 1844 castellum
881 1787 1052 1858 ipsius
1091 1787 1342 1859 praesidia
1381 1787 1658 1858 disponit:
1698 1787 1789 1856 qui

1896 595 2007 666 regi
2065 596 2392 666 Aquitanico
2454 597 2664 669 imperii
2726 614 2982 672 coronam
3052 601 3346 672 imposuit,
3417 613 3476 661 et

1895 689 2189 759 imperialis
2242 692 2478 746 nominis
2513 693 2616 747 sibi
2676 702 2982 749 consortem
3041 693 3189 764 fecit.
3243 695 3474 752 Bernar-

1897 781 2022 835 dum
2069 795 2284 852 quoque
2329 794 2579 853 nepotem
2646 800 2800 840 suum
2840 787 3022 841 tilium
3067 786 3276 858 Pippini
3313 788 3475 848 Italia:

1893 871 2135 942 praefecit
2173 883 2228 928 et
2263 888 2442 945 regem
2478 875 2736 946 appellari
2773 875 2959 945 jussit.
2987 879 3228 934 Concilia
3255 895 3473 952 quoque

1895 963 1948 1016 in
1978 965 2216 1034 quinque
2254 967 2500 1036 partibus
2548 970 2697 1038 regni
2747 969 2828 1022 sui
2869 969 2939 1023 ad
2983 971 3305 1042 corrigenda
3353 988 3474 1042 qua;

1894 1060 2200 1114 necessaria
2254 1058 2455 1124 forent,
2505 1059 2620 1115 fieri
2668 1064 2948 1117 constituit
2976 1063 3336 1136 Moguntiaco,
3365 1066 3477 1123 Re-

1894 1152 2028 1215 ntis,
2078 1151 2342 1218 Turonis,
2391 1153 2702 1219 Cabillone,
2745 1156 2996 1223 Arelate;
3049 1157 3185 1229 quid.
3211 1169 3475 1216 statutum

1894 1241 2078 1309 fuerit,
2102 1244 2154 1298 in
2191 1245 2426 1300 archivis
2462 1245 2824 1302 Ecclesiarum
2865 1247 2946 1302 vel
2973 1248 3158 1318 palatii
3179 1250 3473 1309 invenitur.

1893 1332 2194 1404 Imperator
2217 1335 2465 1401 Carolus,
2497 1337 2582 1390 vir
2608 1337 2660 1391 in
2691 1338 2840 1394 omni
2866 1339 3218 1408 dispositione
3261 1340 3474 1410 imperii

1895 1433 2168 1488 strenuus,
2192 1425 2418 1480 dilatato
2445 1426 2674 1495 imperio
2725 1437 2784 1482 et
2821 1442 2956 1497 pace
3007 1427 3236 1483 Francis
3281 1444 3478 1498 usque-

1893 1532 2108 1588 quaque
2135 1519 2459 1588 composita,
2483 1533 2628 1573 anno
2648 1519 3038 1576 lncaruationis
3069 1521 3276 1576 Domini
3304 1522 3480 1577 octin-

1891 1608 2193 1680 gentesimo
2217 1609 2560 1680 sexagesimo
2595 1612 2756 1666 tertio
2779 1611 3105 1683 Aquisgrani
3144 1614 3392 1680 moritur,
3423 1621 3479 1671 et

1893 1699 2157 1770 sepelitur
2177 1700 2387 1756 decimo
2410 1703 2568 1757 tertio
2595 1719 2740 1758 anno
2760 1712 3043 1773 postquam
3067 1705 3363 1774 imperator
3387 1721 3478 1762 ac-

1894 1791 2157 1847 clamatus
2171 1801 2276 1858 est,
2290 1792 2450 1848 simul
2464 1807 2654 1849 ornnes
2675 1809 2846 1849 annos
2865 1795 3218 1866 quadraginta
3240 1797 3478 1867 quinque

195 1877 270 1937 ’ad
298 1881 679 1951 imperatorem
718 1881 1012 1935 transitum
1056 1891 1180 1936 cum
1217 1879 1335 1938 suis
1376 1877 1555 1934 facere
1593 1878 1782 1943 voluit,
1821 1865 1862 1925 Β
1890 1901 1947 1940 et
1969 1900 2036 1941 eo
2065 1886 2298 1956 amplius
2328 1903 2580 1957 regnans.
2606 1887 2916 1945 Bernartius
2935 1865 3478 1963 Viennensisﬁepisco-

195 1972 295 2031 sed
346 1973 830 2030 intervenientibus
881 1973 1080 2038 causis,
1121 1987 1211 2028 res
1251 1972 1450 2028 infecta
1501 1972 1783 2028 remansit.

193 2063 461 2139 Pippinus
511 2081 607 2121 rex
648 2066 833 2129 Italiae,
887 2063 1111 2136 perfidia
1167 2064 1362 2119 ducum
1406 2061 1788 2118 Veneticorum

193 2155 476 2226 incitatus,
512 2157 793 2216 Venetiam
818 2158 958 2214 bello
986 2167 1133 2213 terra
1158 2157 1405 2227 marique
1436 2155 1596 2226 jussit
1625 2171 1787 2226 appeq-

195 2257 349 2309 tere:
379 2253 728 2324 subiectaque
754 2251 1000 2317 Venetia,
1032 2266 1098 2307 ac
1134 2252 1362 2307 ducibus
1395 2249 1512 2320 ejus
1540 2252 1594 2306 in
1624 2251 1788 2306 ditio.-

199 2359 322 2402 nem
353 2346 613 2417 acceptis,
645 2345 892 2402 eamdem
922 2345 1150 2401 classem
1190 2345 1257 2399 ad
1287 2343 1566 2400 Dalmatia
1607 2343 1790 2400 littora

195 2439 462 2492 vastanda
489 2438 657 2492 misit.
703 2435 810 2493 Sed
840 2449 965 2493 cum
993 2435 1196 2492 Paulus
1215 2435 1558 2506 Cephalenite
1587 2435 1786 2506 prtefe-

197 2538 322 2585 etus
345 2539 468 2584 cum
495 2529 757 2586 Orientali
786 2530 959 2586 classe
984 2530 1052 2585 ad
1098 2530 1358 2584 auxilium
1408 2529 1670 2584 Dalmatis
1703 2529 1775 2585 fe-

203 2621 434 2674 rendum
464 2621 796 2685 adventaret,
831 2620 977 2692 regia
1020 2619 1213 2675 classis
1241 2620 1309 2676 ad
1353 2621 1572 2691 propria
1603 2634 1788 2690 ngre-

205 2712 374 2767 ditur.
400 2709 717 2768 Godefridus
745 2727 839 2768 rex
870 2712 1145 2767 Dnnorum
1175 2727 1205 2766 a
1231 2711 1463 2781 quodam
1494 2726 1596 2767 suo
1623 2711 1788 2766 satel-

198 2804 293 2858 lite
346 2803 687 2870 interﬁcitur,
727 2812 781 2858 et
806 2803 1096 2875 Ermingus
1149 2803 1290 2858 filius
1335 2802 1522 2858 fratris
1565 2802 1685 2872 ejus
1732 2803 1788 2858 in

197 2909 368 2968 regno
391 2896 650 2951 succedit.
684 2894 751 2950 Et
796 2893 1056 2966 Pippinus
1103 2911 1198 2950 rex
1242 2893 1409 2949 Italiae
1443 2904 1636 2950 octavo
1664 2894 1787 2949 ldus

196 2986 350 3054 Julii,
362 3001 505 3042 anno
515 2987 907 3043 lncarnationis
925 2986 1216 3043 Dominicm
1228 2989 1480 3058 octingen
1489 2988 1671 3044 tesimt
1694 2987 1790 3044 de-

195 3073 344 3136 cimo
403 3077 733 3152 defungitur.
785 3079 1085 3150 Imperator
1132 3078 1466 3136 Francorum
1518 3078 1785 3145 Carolus,

195 3185 324 3227 cum
349 3171 652 3242 Nicephoro
671 3171 1268 3243 Constantinopolitano
1306 3174 1632 3243 imperatore
1653 3186 1786 3243 pace

1892 1993 1993 2047 pus
2027 1988 2165 2044 erat,
2197 1988 2250 2035 et
2291 1979 2590 2036 Leidardus
2615 1981 3012 2052 Lugdunensis,
3041 1985 3131 2052 qui
3176 1985 3330 2048 initio
3378 1987 3477 2040 imu

1888 2068 2026 2138 perii
2086 2068 2345 2124 Ludovici
2409 2071 2748 2140 imperatoris
2807 2071 3117 2128 Suessionis
3164 2076 3478 2130 monasterii

1893 2160 2069 2217 locum
2095 2164 2282 2232 petiit,
2309 2173 2364 2218 et
2387 2164 2440 2219 in
2469 2163 2590 2220 loco
2615 2163 2732 2233 ejus
2759 2164 3078 2237 Agobardus
3101 2166 3341 2236 ejusdem
3377 2169 3478 2225 Ec-
3519 2155 3534 2169 ’

1893 2253 2057 2311 clesia
2102 2256 2547 2326 chorepiscopus,
2595 2259 2969 2313 consentiente
3037 2259 3364 2328 imperatore
3421 2271 3479 2318 et

1896 2346 2149 2399 universa
2186 2343 2463 2400 Gallorum
2507 2345 2883 2417 episcoporum
2924 2349 3149 2420 synodo,
3193 2350 3479 2422 episcopus

1891 2436 2219 2492 substitutus
2241 2448 2345 2494 est.
2400 2438 2552 2506 Quod
2603 2441 2822 2512 quidam
2876 2442 3165 2499 defendere
3217 2444 3474 2512 volentes,

1893 2527 2148 2584 dixerunt
2182 2531 2431 2586 eumdem
2464 2533 2826 2588 venerabilem
2856 2533 3197 2606 Agobardum
3229 2553 3260 2592 a
3303 2537 3478 2594 tribus

1891 2620 2160 2706 episcopis
2209 2621 2263 2676 in
2314 2623 2441 2677 sede
2485 2622 2863 2694 Lugdunensi,
2903 2625 3130 2697 jubente
3185 2627 3476 2696 Leidrado,

1891 2708 2057 2765 fuisse
2112 2712 2444 2768 ordinatum.
2491 2712 2597 2769 Sed
2645 2715 2904 2770 canonica
2957 2719 3254 2773 auctoritas
3285 2729 3390 2784 est,
3420 2720 3475 2780 in

1894 2817 1999 2856 una
2026 2801 2244 2858 civitate
2273 2802 2410 2859 duos
2437 2804 2723 2875 episcopos
2763 2822 2870 2862 non
2916 2823 3067 2874 esse,
3123 2824 3222 2866 nec
3259 2810 3479 2868 vivente

1892 2894 2148 2965 episcopo
2177 2911 2548 2952 successorem
2572 2898 2672 2953 sibi
2701 2899 2896 2955 debere
2925 2900 3146 2972 eligere.
3174 2902 3252 2958 Ac
3274 2902 3477 2960 idcirco

1894 2985 1981 3040 illa
2011 3003 2334 3057 quacunque
2361 3004 2524 3043 causa
2559 2989 2755 3061 regula:
2809 2991 3066 3048 Ecclesia:
3107 2994 3375 3065 praeteriri
3422 2995 3478 3052 in

1897 3085 2048 3135 tanto
2075 3079 2264 3136 ordine
2299 3079 2420 3134 fixae
2447 3095 2552 3136 non
2583 3081 2800 3139 debent.

1965 3167 2114 3242 [8l5]
2175 3169 2478 3226 Ludovicus
2533 3172 2846 3242 imperator,
2903 3174 3081 3231 Caroli
3135 3155 3479 3249 imperatoris

198 3266 365 3332 facta,
404 3234 678 3322 Venetiam
726 3266 934 3336 recipit.
960 3234 1222 3320 Ambula:
1269 3234 1782 3328 Cordubensis-Hi-
1813 3234 1860 3300 (ἶ
1893 3234 2055 3326 ﬁlius,
2081 3234 2325 3333 regnavit
2362 3261 2517 3316 annis
2556 3234 2716 3333 paulo
2766 3234 2944 3320 minus
2976 3265 3110 3322 "octo
3157 3234 3230 3323 et‘
3265 3234 3476 3340 viginti,

197 3361 404 3430 spanic
446 3375 536 3415 rex
561 3374 689 3415 cum
736 3359 1060 3430 imperatore
1087 3359 1402 3430 paciscitur,
1451 3369 1510 3415 et
1536 3359 1783 3415 Abdura-

199 3466 352 3507 mum
394 3450 561 3506 lilium
615 3449 732 3521 ejus
774 3451 1008 3505 Amaroa
1048 3450 1464 3523 Caesaraugusta
1509 3453 1680 3522 pellit,
1729 3461 1786 3508 et

195 3545 396 3600 Oscam
438 3545 644 3600 intrare
672 3543 962 3614 compellit.
1005 3543 1235 3614 Eclipsis
1277 3542 1407 3600 solis
1443 3551 1502 3600 et
1533 3543 1673 3600 lunae
1700 3545 1785 3600 bis

197 3651 268 3692 eo
288 3647 430 3692 anno
453 3638 515 3692 lit
539 3654 554 3691 :
585 3636 736 3700 solis,
759 3637 988 3706 septimo
1017 3637 1138 3691 ldus
1158 3634 1348 3701 Julius,
1389 3644 1444 3691 et
1469 3636 1642 3707 pridie
1661 3634 1780 3692 Kal.

201 3727 547 3792 Decembris;
605 3727 764 3790 lunai,
815 3728 1134 3784 duodecimo
1192 3726 1418 3782 Kalend.
1482 3726 1676 3792 Julias,
1732 3737 1786 3784 et

199 3822 415 3877 doriiuo
457 3821 692 3890 septimo
734 3818 956 3874 Kalend.
1000 3817 1225 3876 Januar.
1256 3818 1476 3875 Corsica
1526 3820 1698 3876 insula
1753 3837 1785 3875 a

197 3913 523 3968 Sarracenis
555 3921 784 3967 vastata.
815 3911 924 3965 Pax
971 3911 1218 3981 sequenti
1263 3926 1408 3966 anno
1448 3911 1589 3967 inter
1619 3913 1788 3984 impe-

197 4014 439 4060 ratorem
464 4014 519 4059 et
541 4003 892 4075 Hermingum
921 4003 1190 4058 Danorum
1214 4019 1396 4076 regem
1423 4006 1788 4074 componitur.

197 4098 418 4154 Pharus
443 4113 636 4169 magna
657 4113 778 4168 quae
804 4098 873 4152 ad
904 4097 1273 4169 navigantium
1307 4114 1502 4154 cursus
1526 4102 1788 4155 constitu-

199 4201 290 4255 ta,
324 4205 433 4244 non
473 4189 631 4260 longe
677 4205 708 4244 a
734 4188 956 4244 Bolonia
1006 4189 1228 4246 civitate
1276 4191 1545 4245 maritima
1590 4190 1785 4257 fuerat,

196 4289 564 4347 restauratur,
590 4281 770 4350 ibique
794 4291 1090 4336 nocturnus
1113 4280 1253 4352 ignis
1273 4282 1606 4337 accenditur.
1622 4280 1791 4337 Caro-

198 4375 288 4430 lus
324 4375 500 4442 major
525 4372 669 4428 filius
707 4373 1075 4443 imperatoris,
1124 4373 1299 4442 pridie
1336 4372 1517 4428 Nonas
1563 4372 1790 4430 Decem-

197 4467 374 4530 brias,
423 4480 568 4520 anno
629 4464 1022 4520 lncaruationis
1079 4465 1289 4519 Domini
1337 4464 1788 4535 octingentesimo

197 4557 415 4613 decimo
455 4557 633 4626 primo
661 4554 992 4626 defungitur.
1021 4553 1134 4611 Nec
1175 4555 1346 4610 multo
1382 4567 1502 4625 post
1541 4555 1791 4611 Hermin-

1893 3362 2107 3408 amator
2137 3354 2300 3408 totius
2326 3353 2545 3424 pietatis
2575 3363 2628 3409 et
2660 3355 2957 3426 religionis,
2986 3372 3201 3414 omnem
3231 3359 3480 3416 ordinem

1891 3441 2318 3499 ecclesiasticum
2349 3444 2442 3514 pio
2473 3445 2652 3500 studio
2695 3461 2983 3502 exornans.
3029 3446 3126 3502 Hic
3175 3449 3476 3520 ingressum

1891 3535 2102 3606 imperii
2128 3535 2364 3592 secunda
2387 3546 2441 3591 et
2468 3536 2678 3606 placida
2701 3539 2884 3608 quiete
2913 3540 3092 3594 habuit
3123 3558 3134 3592 :
3167 3557 3329 3611 porro
3358 3543 3479 3597 linis

1891 3628 2008 3698 ejus
2031 3627 2219 3685 multis
2255 3629 2790 3685 incommoditatibus
2824 3639 2879 3684 et
2905 3631 3326 3686 adversilatibtts
3353 3633 3480 3686 fati-

1891 3727 2068 3792 gatur.
2102 3718 2202 3775 Hic
2232 3720 2374 3774 inter
2413 3719 2517 3774 alia
2572 3719 2800 3774 mirifica
2845 3730 2899 3775 et
2946 3722 3108 3777 nitnis
3167 3723 3480 3778 honoranda

1891 3829 2054 3884 opera
2087 3829 2182 3869 sua
2211 3815 2264 3868 in
2295 3815 2442 3869 omni
2485 3814 2710 3885 imperio
2749 3829 2870 3882 suo,
2903 3816 3016 3870 sive
3046 3815 3100 3870 in
3129 3815 3299 3872 Gallia
3319 3858 3333 3881 ,
3366 3817 3482 3874 sive

1893 3903 1948 3958 in
1977 3904 2290 3970 Germania,
2319 3905 2434 3961 sive
2462 3906 2513 3961 in
2543 3904 2714 3971 Italia,
2738 3905 2941 3976 legatos
2968 3906 3135 3973 dedit,
3164 3907 3254 3978 qui
3281 3923 3482 3980 paupe-

1893 4013 2012 4052 rum
2043 4007 2098 4052 et
2125 4013 2508 4069 oppressorum
2539 3999 2781 4068 justitias
2820 3998 3104 4073 diligenter
3149 4009 3478 4070 quaererent,

1892 4099 1947 4144 et
1967 4090 2300 4160 singtLorum
2330 4091 2682 4147 necessitates
2712 4092 2779 4146 ad
2808 4092 3023 4162 plenum
3058 4093 3328 4148 audirent.
3358 4085 3480 4163 Epi-

1895 4183 2141 4253 scopales
2183 4183 2347 4238 etiam
2388 4185 2625 4256 synodos
2659 4195 2882 4254 prapter
2922 4185 3300 4255 reintegranda
3359 4201 3482 4238 san-

1894 4289 2106 4334 ctorum
2133 4276 2356 4332 Patrum
2383 4287 2604 4343 statuta,
2633 4287 2689 4332 et
2713 4278 3147 4334 Christianarum
3171 4279 3478 4351 regularum

1895 4368 2332 4424 observationem
2359 4369 2558 4439 ubique
2605 4368 2724 4423 fieri
2773 4369 3033 4424 decrevit.
3080 4367 3184 4423 Sed
3220 4371 3336 4441 ejus
3376 4367 3482 4442 piis

1895 4460 2088 4516 Studiis
2117 4459 2474 4532 malignorum
2501 4459 2710 4514 insidia:
2735 4460 2993 4531 impedire
3017 4461 3334 4532 plerumque
3362 4479 3480 4518 mo-

1894 4553 2117 4608 liuntur.
2143 4553 2278 4608 Nam
2302 4553 2459 4624 longa
2486 4553 2639 4622 quies
2661 4552 2964 4623 perfidam,
2983 4553 3206 4624 perfidia
3238 4555 3482 4609 rebellio-

196 4664 308 4724 gus
335 4649 607 4704 Danorum
655 4663 752 4703 rex
783 4647 1030 4703 moritur.
1064 4647 1122 4702 ln
1175 4647 1292 4716 ejus
1333 4647 1452 4703 loco
1506 4647 1636 4703 Daui
1686 4649 1790 4705 sibi
1822 4635 1869 4694 Ι)
1895 4661 2040 4709 nem,
2059 4644 2279 4700 rebellio
2295 4641 3217 4716 discrimenimperiipartuutJluic
3233 4647 3481 4716 piissimo

197 4740 519 4798 ﬂerioldum
543 4750 600 4797 et
620 4739 1027 4810 Ragamfridum
1059 4754 1212 4812 reges
1236 4739 1588 4795 constituunt.
1619 4740 1792 4810 Impe-

197 4841 360 4889 rator
386 4831 1011 4902 Constantinopolitanae
1054 4829 1390 4900 Nicephorus
1439 4841 1562 4901 post
1593 4831 1792 4886 multas

197 4933 266 4981 et
310 4924 553 4995 insignes
594 4923 870 4989 victorias,
924 4923 1214 4980 commisso
1267 4922 1453 4994 praelio
1495 4923 1548 4976 in
1603 4921 1791 4977 Moesia

199 5016 486 5092 provincia
535 5031 657 5070 cum
720 5013 990 5086 Bulgaris,
1036 5013 1287 5068 moritur.
1339 5011 1401 5067 In
1447 5009 1563 5080 ejus
1612 5011 1789 5067 locum

201 5107 439 5164 Michael
483 5120 651 5178 gener
699 5104 815 5177 ejus
838 5106 1133 5177 imperator
1158 5114 1412 5160 creatur:
1457 5103 1609 5174 cujus
1631 5103 1792 5175 legati

198 5198 533 5271 Aquisgraui
562 5200 629 5252 ad
660 5199 1043 5269 imperatorem
1085 5195 1336 5251 Carolutn
1381 5195 1552 5260 missi,
1603 5195 1791 5252 laudes

200 5307 363 5350 more
381 5307 480 5346 suo
505 5291 780 5356 dixerunt,
822 5290 1202 5358 imperatorem
1252 5299 1305 5342 et
1345 5286 1602 5342 Basilium
1641 5286 1788 5341 illum

199 5384 562 5459 appellantes.
589 5382 658 5440 Et
678 5381 826 5454 pacis
850 5380 1032 5438 libello
1073 5375 1140 5435 ab
1171 5381 1496 5450 imperatore
1543 5371 1786 5448 accepto,
1853 5444 1856 5446 γ

199 5491 259 5539 et
283 5481 460 5537 denuo
485 5493 518 5532 a
540 5475 722 5532 Leone
744 5492 880 5548 papa
912 5474 1117 5539 Romus,
1149 5488 1348 5528 reversn
1389 5481 1532 5526 sunt.
1558 5469 1791 5526 Grimal-

201 5574 307 5629 dus
355 5569 857 5626 Beneventanorum
907 5569 1013 5624 dux
1049 5583 1116 5623 eo
1162 5566 1320 5642 modo
1371 5565 1684 5636 paciscitur,
1737 5573 1796 5620 ut
1851 5632 1858 5638 .

201 5665 397 5737 viginti
426 5663 666 5734 quinque
722 5661 889 5740 millia
945 5660 1238 5716 solidorum
1263 5658 1381 5714 auri
1433 5673 1464 5712 a
1518 5649 1796 5714 Beneven-

202 5755 353 5811 tanis
397 5754 676 5809 annuatim
714 5751 936 5808 Francis
995 5751 1353 5808 solverentur.
1409 5749 1566 5805 Anno
1612 5748 1794 5804 lncar-
1848 5821 1861 5825 _

147 5844 446 5903 .mtionis
519 5843 732 5903 Domini
800 5843 1247 5916 octingentesimo
1320 5843 1477 5897 tertio
1555 5831 1792 5913 generali

1898 4739 2210 4809 imperatori
2233 4753 2298 4794 ex
2326 4738 2728 4809 Hermengardc
2757 4739 2936 4806 regina
2973 4745 3081 4792 tres
3112 4738 3476 4808 lilii,quorum

1894 4832 2310 4902 primogenitum
2334 4830 2732 4895 Clilotliarium,
2765 4830 2938 4900 primo
2969 4829 3262 4895 Caesarem,
3285 4829 3482 4886 deinde

1893 4931 2198 4977 consortem
2229 4921 2440 4992 imperii
2471 4920 2731 4974 adscribit
2773 4937 2786 4972 :
2824 4921 2907 4974 cui
2940 4931 2994 4974 et
3024 4921 3230 4975 Italiam
3278 4923 3347 4976 ad
3397 4937 3481 4976 re-

1893 5015 2123 5085 gendum
2156 5012 2429 5068 commisit
2457 5029 2468 5064 :
2498 5010 2803 5082 Pippinum,
2833 5011 3135 5081 Aquitanica
3179 5025 3357 5084 regem
3401 5012 3480 5068 fa-

1899 5107 2003 5161 cit;
2038 5105 2252 5160 tertium
2285 5104 2615 5159 Ludovicum
2649 5103 2944 5174 antWariis
2969 5111 3149 5175 regem
3174 5103 3475 5160 constituit.

1897 5196 2030 5252 Cum
2065 5196 2228 5268 igitur
2253 5197 2428 5250 omnis
2450 5203 2690 5266 potestas
2713 5182 3043 5248 Francorum
3067 5193 3165 5250 sub
3204 5195 3479 5249 moderato

1896 5288 2008 5342 otio
2035 5287 2296 5351 studeret,
2320 5295 2374 5339 et
2403 5284 2642 5356 regimen
2672 5283 2860 5338 vicinis
2885 5285 3130 5355 gentibus
3159 5289 3474 5353 imponeret,

1897 5379 2115 5450 quidam
2157 5387 2356 5430 tantam
2417 5391 2567 5444 spem
2621 5374 2745 5428 boni
2795 5390 2896 5428 non
2949 5375 3221 5436 let'entes,
3255 5386 3476 5426 uxorem

1898 5467 2114 5523 nomine
2135 5461 2319 5521 Judith
2348 5463 2599 5519 dilectam
2623 5464 2930 5533 imperatori
2963 5463 3191 5516 factione
3215 5476 3308 5516 sua
3332 5459 3445 5515 abri

1899 5561 2070 5629 pittnt,
2097 5572 2326 5627 eamque
2357 5572 2421 5610 ex
2455 5551 2622 5609 latere
2644 5555 2742 5608 viri
2771 5555 2823 5608 in
2853 5554 3194 5623 Aquitaniam
3243 5551 3342 5607 sub
3386 5561 3478 5607 cu-

1899 5653 2071 5709 stodia
2107 5661 2481 5724 transponunt.
2528 5649 2657 5718 Qme
2685 5651 2809 5706 licet
2835 5649 2902 5705 ad
2927 5647 3026 5703 viri
3055 5648 3270 5703 Iliorum
3297 5647 3476 5705 redie-

1904 5745 1995 5812 rit,
2024 5743 2286 5800 cbulliens
2321 5755 2498 5798 tamen
2528 5743 2883 5813 quorumdam
2935 5737 3137 5793 malitia
3183 5751 3288 5794 non
3328 5741 3477 5810 quie-

1902 5840 1994 5894 vit.
2040 5840 2168 5906 Qua:
2221 5853 2388 5908 usque
2431 5833 2562 5891 adeo
2612 5833 2777 5890 crevit
2821 5839 2876 5888 ut
2915 5838 3022 5887 una
3066 5841 3184 5887 cum
3218 5831 3476 5904 pontiﬁce

2023 5986 2160 6011 tu
