4024 6362
1593 363 1653 421 S.
1687 360 1944 420 A00le
1979 359 2409 418 AKCHIEPISC.
2455 359 2861 418 VIENNENSIS

3729 355 3836 415 s56

567 483 814 542 Romano
841 496 948 539 non
972 479 1144 538 solum
1167 492 1421 552 proceres
1447 477 1636 551 regni,
1659 478 1758 536 sed
1789 478 1957 535 etiam
1988 486 2148 535 natos
2171 481 2226 542 Α
2249 477 2418 536 ticum
2440 493 2537 536 eos
2556 477 2812 537 concitat.
2839 451 3018 534 Juncti
3047 475 3154 534 duo
3181 475 3442 534 adversus
3467 490 3658 544 unum,
3687 477 3835 534 heu!

567 575 684 647 ejus
709 574 970 631 adversus
995 573 1372 644 imperatorem
1397 572 1749 645 permoverit.
1782 569 1920 628 Nam
1966 571 2036 627 ab
2079 586 2148 628 eo

568 666 858 724 universus
882 679 1112 737 populus
1147 663 1427 730 deﬁciens,
1457 663 1526 720 ad
1563 663 1703 721 ﬁlios
1730 663 1850 736 ejus
1877 677 1938 721 se
1965 670 2142 720 trans-

571 756 692 814 tulit
721 769 736 811 :
769 757 885 828 ipse
938 765 1120 812 tentus
1147 755 1249 811 sub
1277 753 1546 820 custodia,
1571 752 1885 810 indecenter
1911 752 2143 810 recludi-

570 856 680 915 tur,
704 863 769 903 ac
795 861 945 902 arma
993 845 1044 902 ei
1083 843 1448 901 auferuntur:
1485 860 1626 901 uxor
1671 844 1842 917 ipsius
1893 843 1950 900 in
1994 843 2148 899 Italia

570 938 833 995 servanda
883 935 1260 993 committitur.
1325 933 1433 993 Sed
1480 945 1613 992 nutu
1669 936 1853 992 divino
1894 945 2016 1007 post
2073 944 2150 992 tot

569 1033 795 1088 adversa
823 1029 1056 1088 secunda
1087 1029 1400 1085 succedunt.
1442 1028 1634 1102 Populi
1687 1030 1830 1087 versi
1865 1031 1935 1086 ad
1970 1030 2149 1102 paeni-

570 1123 790 1180 tentiam
819 1137 982 1178 causa
1007 1121 1132 1179 facti
1159 1122 1216 1178 in
1239 1122 1432 1179 melius
1452 1132 1809 1190 commutant,
1820 1132 1876 1180 et
1899 1123 2148 1179 eumdem

568 1217 740 1288 ipsum
779 1216 1160 1288 imperatorem
1194 1216 1249 1273 in
1275 1218 1485 1274 honore
1509 1218 1742 1290 pristino
1777 1226 2066 1289 reponunt,
2093 1224 2150 1272 et

564 1309 794 1382 pristina
829 1310 1089 1382 dignitate
1122 1309 1442 1367 revestiunt.
1472 1310 1596 1367 Filii
1637 1326 1852 1383 quoque
1882 1312 1999 1384 ejus
2050 1326 2151 1382 pro

567 1404 855 1462 commisso
880 1405 1095 1461 veniam
1120 1413 1439 1476 exposcunt,
1468 1404 1746 1463 Chlotario
1768 1405 2149 1478 iamimpera-

565 1501 692 1568 tori,
719 1510 776 1558 ut
821 1512 975 1558 extra
1015 1501 1248 1570 Italiam,
1279 1503 1385 1560 uisi
1432 1502 1659 1575 jubente
1712 1504 1956 1577 piissimo
1999 1512 2152 1576 patre

565 1592 705 1664 ejus,
730 1594 878 1652 nullo
900 1604 1062 1666 pacto
1089 1597 1406 1668 procederet
1434 1597 1727 1654 inducitur.
1759 1597 1864 1653 Sed
1886 1597 2150 1653 variantia

565 1696 809 1759 tempora
831 1704 974 1746 nunc
995 1689 1239 1757 adversa,
1261 1706 1406 1747 nunc
1425 1705 1684 1765 prospera
1711 1691 2005 1748 minantur.
2027 1690 2151 1762 Pip-

562 1781 690 1853 pino
717 1781 802 1838 his
837 1781 1025 1840 diebus
1047 1783 1279 1856 denique
1310 1793 1558 1851 mortuo,
1605 1785 1672 1841 ad
1721 1784 2149 1856 componendam

2250 571 2503 632 omnibus
2531 571 2856 630 Christianis
2879 570 3224 628 lamentabile
3245 569 3447 627 bellum
3474 577 3528 627 et
3550 568 3752 627 sociale
3767 584 3840 627 ac

2249 665 2408 722 civile
2444 663 2747 721 conferunt.
2791 662 2908 720 Non
2939 662 3107 720 armis
3149 661 3465 729 dissimiles,
3511 675 3618 718 non
3649 659 3841 718 habitu

2249 756 2426 828 gentis
2451 755 2714 822 distincti,
2763 755 2936 813 solum
2969 755 3168 814 castris
3217 755 3457 811 obversi.
3500 753 3840 810 Francorum

2249 849 2564 906 innumerus
2611 847 2844 921 populus
2874 849 2993 906 acie
3038 848 3201 921 gladii
3230 847 3447 915 feritur,
3473 854 3532 903 et
3554 845 3686 904 olim
3709 861 3844 918 gen-

2251 939 2395 995 tibus
2449 941 2662 996 caeteris
2695 938 3071 1006 formidabilis,
3103 939 3158 995 in
3187 939 3412 996 vulnere
3456 953 3558 994 suo
3603 937 3845 994 baccha-

2251 1041 2356 1087 tur.
2390 1030 2627 1087 Lruenta
2650 1031 2880 1088 victoria
2909 1031 3118 1087 duobus
3145 1039 3322 1086 tamen
3347 1027 3608 1084 fratribus
3643 1026 3846 1083 inseri-

2249 1122 2416 1180 bitur.
2448 1123 2665 1181 Tertius
2705 1123 2960 1190 elabitur,
2987 1133 3151 1194 atque
3191 1119 3520 1193 Aquisgrani
3548 1120 3604 1175 in
3629 1119 3842 1188 regiam

2251 1215 2466 1271 tandem
2513 1231 2574 1271 se
2605 1215 2825 1288 recepit.
2875 1213 3153 1272 Gloriosus
3189 1213 3381 1271 deinde
3416 1228 3512 1270 rex
3540 1221 3706 1284 atque
3750 1211 3842 1268 iu-

2250 1305 2425 1378 clytus
2448 1303 2668 1375 juvenis
2697 1305 2949 1373 Carolus,
2985 1322 3094 1363 non
3122 1306 3280 1378 longe
3307 1313 3446 1378 post,
3479 1305 3707 1377 impigre
3729 1317 3841 1358 una

2251 1415 2375 1477 eum
2405 1397 2572 1456 fratre
2605 1399 2880 1456 Ludovico
2920 1414 3036 1456 rem
3066 1408 3299 1472 ereptam
3345 1397 3650 1455 accelerat:
3675 1408 3844 1468 atque

2180 1498 2183 1500 '
2223 1531 2226 1534 .
2250 1490 2566 1547 Lotharium
2596 1491 2820 1548 fratrem
2844 1493 3230 1565 imperatorem
3253 1491 3324 1546 ab
3345 1490 3703 1564 Aquisgrauis
3727 1499 3838 1546 ter-

2251 1591 2394 1638 rent.
2429 1582 2531 1652 Qui
2580 1583 2745 1639 nimia
2780 1584 3058 1641 celeritate
3103 1599 3206 1650 una
3247 1598 3369 1639 cum
3406 1599 3574 1639 uxore
3613 1597 3683 1638 ac
3711 1580 3843 1638 ﬁliis

2251 1689 2424 1746 usque
2444 1673 2768 1745 Lugdunum
2794 1692 2858 1733 ac
2878 1675 3143 1732 Viennam
3168 1675 3528 1750 progreditur.
3555 1673 3631 1730 lbi
3685 1687 3841 1730 recc.

2253 1767 2363 1838 ptis
2390 1767 2579 1840 copiis,
2610 1768 3001 1840 aliquantulum
3031 1769 3289 1826 substitit.
3316 1768 3384 1824 Et
3410 1765 3840 1824 discurrentibus

561 1872 907 1944 Aquitaniam
939 1891 1043 1930 una
1069 1890 1194 1932 cum
1226 1890 1394 1932 uxore
1419 1891 1582 1947 quam
1604 1875 1718 1948 jam
1748 1855 2022 1946 τρεέρωιῃ
2054 1874 2150 1931 ha;
2179 1865 2225 1927 Β
2253 1855 2444 1932 legatis
2471 1862 2539 1918 ad
2569 1861 2917 1934 colloquium,
2945 1871 3058 1917 tres
3079 1861 3277 1916 fratres
3306 1859 3360 1914 in
3390 1857 3622 1914 insulam
3648 1873 3843 1928 quamo

561 1963 742 2032 bebat,
763 1973 820 2021 et
845 1981 911 2022 ex
936 1981 1042 2038 qua
1064 1967 1322 2040 inclytum
1350 1967 1516 2023 filium
1539 1967 1791 2024 Carolum
1816 1977 2144 2040 susceperat,

561 2071 688 2113 cum
736 2058 982 2114 exercitu
1032 2059 1364 2132 ingreditur;
1414 2061 1542 2132 quia
1593 2071 1786 2118 contra
1817 2061 2149 2119 voluntatem

561 2148 701 2220 ejus,
723 2150 978 2222 Aquitani
1011 2152 1180 2209 tilium
1206 2153 1439 2225 Pippini,
1473 2154 1759 2228 Pippinum
1804 2157 2022 2212 nomine
2063 2171 2150 2212 re-

560 2255 682 2312 gem
698 2238 797 2296 sibi
811 2239 1069 2299 fecerant.
1083 2243 1218 2299 Cum
1235 2243 1343 2300 illic
1358 2255 1502 2301 esset
1513 2245 1806 2316 imperator
1820 2245 2146 2314 Ludovicus,

560 2349 626 2390 ex
644 2335 820 2405 primo
840 2335 1204 2403 matrimonio,
1219 2335 1524 2394 Ludovicus
1547 2339 1739 2395 tertius
1753 2339 1894 2394 ﬁlius
1915 2337 2147 2408 ejusjam

558 2427 700 2499 patri
725 2427 918 2485 iterum
957 2429 1234 2497 adversus,
1265 2430 1470 2502 primos
1491 2431 1794 2488 Germania:
1821 2433 2024 2504 perﬁde
2045 2432 2148 2488 sibi

561 2519 749 2592 jurare
767 2521 1060 2592 compellit.
1091 2521 1207 2579 Hoc
1235 2523 1401 2580 misso
1425 2524 1718 2596 imperator
1739 2535 1981 2596 accepto,
2000 2541 2148 2581 com-

566 2611 734 2668 misso
761 2613 1062 2686 Aquitania;
1092 2629 1261 2687 regno
1286 2613 1580 2685 majoribus
1614 2617 1947 2673 Francorum
1973 2626 2029 2673 et
2065 2617 2148 2672 iu-

556 2704 702 2780 elyto
724 2706 918 2764 Carolo
953 2707 1064 2765 ﬁlio
1090 2723 1190 2765 suo
1221 2722 1348 2782 rege
1383 2709 1674 2782 Aquitanis
1700 2712 1844 2777 dato,
1871 2726 2146 2782 uxoreque

555 2813 652 2854 sua
683 2798 992 2871 gratissima
1023 2799 1098 2856 ibi
1133 2801 1380 2866 dimissa,
1405 2803 1557 2858 ocius
1586 2803 1702 2875 ipse
1742 2818 2001 2859 occursus
2034 2803 2146 2859 ﬁlio

554 2888 613 2944 iu
641 2887 964 2947 Germanias
1010 2893 1285 2950 exercitus
1314 2893 1396 2949 sui
1445 2895 1630 2966 copias
1665 2903 2027 2966 transponens
2056 2895 2145 2950 in-

555 2981 818 3054 greditur.
844 2981 922 3039 lbi
943 2997 1133 3055 pacem
1157 2986 1305 3058 regni
1331 2985 1598 3057 aliquibus
1619 2987 1810 3043 diebus
1831 2987 2142 3058 disponens,

555 3074 782 3132 adversa
823 3075 1130 3133 valetudine
1160 3077 1413 3150 fatigatus
1447 3077 1589 3134 diem
1641 3080 1842 3136 clausit
1872 3079 2142 3147 ultimum,
2199 3145 2202 3149 _

555 3181 697 3222 anno
724 3167 791 3222 ab
806 3166 1180 3225 lncarnatione
1206 3169 1416 3225 Domini
1444 3171 1892 3244 octingentesimo
1914 3173 2145 3243 quadra-

2251 1954 2374 2010 dam
2407 1953 2674 2027 Sequanae
2698 1955 2962 2012 veniunt:
2987 1954 3062 2011 ibi
3091 1954 3193 2011 sub
3221 1953 3455 2026 quodam
3482 1959 3642 2022 pacto
3670 1951 3845 2024 impe-

2250 2047 2392 2103 rium
2416 2047 2557 2105 inter
2582 2063 2642 2105 se
2667 2047 2907 2105 dividere
2933 2055 3200 2105 statuunt.
3225 2047 3321 2104 Sic
3346 2045 3637 2103 Lotharius
3667 2046 3843 2119 impe-

2249 2149 2401 2196 rator
2448 2139 2502 2197 in
2557 2141 2891 2213 superiorem
2959 2139 3245 2197 Frauciam
3295 2140 3602 2197 revertitur.
3657 2139 3845 2198 Diviso

2248 2237 2592 2308 postmodum
2615 2236 2867 2309 imperio,
2903 2237 3274 2309 unusquisque
3301 2251 3489 2293 eorum
3520 2235 3587 2290 ad
3623 2242 3842 2305 partem

2247 2345 2403 2386 suam
2451 2329 2742 2402 regendam
2778 2337 2836 2384 et
2875 2328 3263 2399 diSponendam
3309 2326 3674 2400 progreditur.
3722 2322 3842 2380 Non

2244 2425 2418 2481 multo
2443 2433 2566 2496 post
2593 2423 2882 2481 Lotharius
2911 2423 3078 2479 ﬁlium
3108 2439 3264 2481 suum
3295 2421 3647 2487 Ludovicum,
3673 2435 3842 2491 quem

2249 2517 2302 2572 in
2328 2515 2480 2572 Italia
2505 2532 2687 2590 regem
2727 2515 2953 2581 fecerat,
2983 2524 3043 2572 ut
3077 2515 3423 2587 imperatoris
3449 2529 3644 2570 nomen
3672 2513 3843 2569 sorti-

2249 2617 2418 2673 retur,
2471 2623 2568 2678 per
2613 2609 2916 2681 Drogonem
2959 2616 3210 2678 patruum
3255 2606 3482 2663 Romam
3524 2607 3692 2663 misit.
3744 2605 3842 2662 Cui

2250 2699 2474 2771 Sergius
2493 2697 2606 2769 jam
2632 2708 2760 2756 tunc
2788 2699 3034 2771 pontifex
3071 2714 3328 2756 coronam
3355 2698 3631 2771 imposuit,
3665 2697 3845 2754 accla-

2247 2802 2432 2850 mante
2473 2794 2729 2850 universo
2771 2794 2992 2865 populo,
3038 2794 3334 2866 imperator
3359 2803 3414 2850 et
3437 2795 3718 2866 Augustus
3761 2801 3842 2852 est

2249 2887 2528 2942 salutatus.
2560 2885 2848 2942 Lotharius
2883 2887 3201 2958 imperator
3231 2885 3496 2942 infirmari
3537 2901 3598 2942 se
3625 2884 3845 2956 conspi-

2248 2979 2426 3044 ciens,
2479 2993 2704 3052 regnum
2757 2979 2902 3035 inter
2951 2978 3092 3036 ﬁlios
3142 2979 3353 3046 dividit,
3399 2978 3597 3036 Carolo
3643 2978 3846 3036 minori

2247 3071 2588 3130 Provinciam
2621 3080 2680 3130 et
2717 3082 2929 3145 partem
2967 3072 3294 3145 Burgundiae
3329 3090 3343 3127 :
3371 3071 3632 3128 Lothario
3659 3071 3846 3128 medio

2248 3167 2358 3224 ﬁlio
2387 3167 2568 3224 sedem
2596 3183 2748 3224 suam
2777 3184 2792 3222 :
2819 3166 3094 3224 Ludovico
3122 3166 3437 3239 imperatori
3463 3165 3672 3222 Italiam
3704 3181 3844 3222 con-

545 3263 778 3331 'gesimo.
810 3257 1019 3332 Corpus
1049 3261 1165 3332 ejus
1188 3262 1257 3318 ab
1283 3262 1536 3334 episcopo
1563 3235 1810 3334 Drogone
1839 3235 2006 3319 fratre
2024 3262 2142 3331 ejus
2170 3235 2217 3302 (ἶ
2247 3261 2463 3330 signare
2495 3260 2668 3334 jubet.
2722 3260 2844 3333 Ipse
2884 3275 3015 3318 vero
3062 3261 3118 3318 in
3163 3235 3399 3318 Prumia:
3449 3261 3845 3318 monasteria

553 3369 618 3408 ex
651 3353 756 3409 alia
807 3353 1027 3420 femina,
1065 3355 1227 3412 simul
1271 3366 1327 3412 et
1355 3372 1386 3411 a
1433 3355 1766 3426 primoribus
1807 3355 2142 3413 Francorum

556 3445 1022 3504 Mediomatricum
1053 3449 1311 3515 delatum,
1343 3457 1508 3520 atque
1537 3450 1594 3504 in
1623 3449 1852 3506 ecclesia
1881 3450 2025 3506 beati
2047 3450 2147 3506 Ar-

558 3538 748 3609 nulphi
778 3539 1111 3596 confessoris
1157 3539 1436 3596 conditum
1463 3548 1568 3596 est.
1603 3538 1773 3608 Hujus
1803 3540 2145 3611 imperatoris

555 3637 819 3702 tempore,
849 3646 978 3703 pars
1007 3633 1253 3702 corporis
1276 3631 1423 3687 beati
1455 3630 1763 3688 Sebastiani
1797 3632 2055 3689 martvris
2076 3632 2144 3687 ad

469 3762 474 3766 ς
553 3720 955 3779 Suessionicam
999 3726 1188 3778 urbem
1218 3722 1434 3779 delata:
1461 3722 1552 3778 ubi
1581 3722 1748 3778 multa
1783 3723 1920 3778 mira
1947 3725 2000 3778 in
2031 3723 2146 3777 lau-

552 3813 673 3869 dem
704 3814 797 3870 Dei
828 3814 1216 3884 omnipotentis
1251 3814 1400 3868 varia
1429 3827 1630 3884 genera
1670 3812 1962 3868 sanitatum
1989 3812 2144 3868 inﬁr-
2180 3863 2184 3876 ,

551 3904 657 3960 mis
683 3903 899 3960 collata.
927 3903 1062 3960 Ossa
1106 3919 1322 3975 quoque
1369 3904 1653 3958 beatorum
1687 3911 1987 3974 martyrum
2017 3901 2142 3974 Ilip-

551 3997 718 4070 polyti
744 4007 798 4052 et
821 3995 1052 4052 Tiburtii
1075 3996 1146 4052 ab
1173 3997 1310 4052 urbe
1329 3997 1637 4066 deportata,
1666 3995 1720 4050 in
1743 3995 1972 4052 ecclesia
2000 3997 2145 4054 beati

554 4094 796 4167 Dionysii
827 4094 1084 4167 martyris
1125 4092 1180 4148 in
1229 4091 1503 4150 territorio
1531 4091 1826 4149 Parisiensi
1851 4093 2012 4165 digno
2041 4093 2145 4149 ho-

555 4204 690 4245 nore
715 4188 952 4244 condita.
995 4184 1312 4244 Bernardus
1336 4185 1514 4243 adhuc
1539 4195 1597 4242 et
1618 4185 1939 4258 Agobardus
1983 4183 2146 4242 Vien-

554 4296 776 4338 nensem
824 4279 1125 4338 Ecclesiam
1169 4287 1225 4336 et
1271 4277 1685 4351 Lugdunensem
1732 4278 2010 4349 regebant.
2040 4277 2144 4347 Qui

557 4375 715 4430 ambo
741 4372 881 4445 apud
928 4373 1310 4444 imperatorem
1343 4370 1528 4437 delati,
1559 4370 1788 4428 desertis
1813 4369 2058 4427 ecclesiis
2088 4369 2143 4427 in

554 4465 782 4531 Italiam,
815 4465 883 4519 ad
907 4464 1074 4520 ﬁlium
1101 4461 1834 4534 imperatorisChlotharium
1861 4478 1921 4520 se
1948 4470 2140 4520 contu-

554 4558 754 4625 lerunt,
785 4567 840 4614 et
864 4555 1206 4628 postmodum
1247 4555 1352 4628 piis
1390 4555 1808 4626 imperatoribus
1837 4556 2139 4627 agentibus,

553 4652 870 4726 Agohardus
919 4649 1357 4722 Lugdunensem,
1412 4647 1719 4704 Bernardus
1781 4647 2142 4706 Viennensem

555 4745 738 4802 sedem
768 4743 1008 4814 recepit:
1033 4748 1153 4813 post
1185 4739 1445 4812 pauculos
1466 4755 1638 4796 annos
1661 4739 1979 4812 Agobardus
2003 4740 2144 4812 apud

557 4835 857 4892 Sanctonas
882 4833 936 4889 iu
967 4833 1310 4904 expeditione
1337 4832 1482 4905 regia
1510 4833 1718 4903 positus
1739 4831 2069 4903 defungitur.

627 4927 776 5001 [8M]
812 4925 1100 4982 Lotharius
1123 4925 1438 4996 imperator,
1465 4925 1608 4980 filius
1633 4923 1860 4995 piissimi
1883 4923 2140 4980 Ludovici

554 5008 924 5095 imperatoris,
981 5018 1140 5074 annis
1189 5017 1519 5089 quindecim.
1566 5016 1702 5074 Huic
1750 5025 1906 5089 pater
1965 5015 2138 5088 impe-

555 5115 696 5172 rium
746 5120 868 5184 post
905 5120 1135 5168 mortem
1177 5125 1332 5168 suam
1377 5107 1694 5166 decreverat
1725 5111 1860 5165 :sed
1909 5109 2148 5168 sinistris

555 5202 878 5264 consiliariis
895 5203 1037 5260 idem
1064 5217 1214 5269 usus,
1244 5201 1486 5258 animum
1513 5201 1684 5274 patris
1710 5217 1816 5257 non
1845 5216 2035 5273 parum
2057 5203 2148 5258 lae-

521 5301 523 5304 ⁴
555 5301 708 5365 deus,
751 5315 852 5371 pro
894 5298 1204 5370 integritate
1228 5298 1318 5353 vix
1359 5307 1568 5370 partem
1597 5297 1750 5370 regni
1776 5297 2011 5352 obtineri
2038 5312 2148 5352 me-

557 5393 683 5448 ruit.
717 5390 994 5462 Siquidem
1018 5391 1215 5447 iterum
1253 5391 1373 5463 pius
1397 5399 1553 5464 pater
1581 5405 1791 5446 memor
1811 5388 1996 5446 inflicti
2029 5389 2146 5446 vul-

553 5483 704 5542 neris
723 5482 1008 5556 imperium
1030 5481 1276 5538 dividens
1290 5479 1495 5553 juniori
1518 5481 1714 5539 Carolo
1741 5478 1999 5553 majorem
2023 5497 2144 5553 par-

556 5584 668 5636 tem
678 5575 1007 5650 primoribus
1029 5587 1372 5634 sacramento
1387 5576 1614 5635 ﬁrmatis
1637 5578 1919 5651 disposuit.
1937 5577 2144 5652 Lotha-

558 5671 673 5728 rius
699 5671 878 5744 itaque
897 5679 1020 5745 post
1039 5669 1410 5728 humationem
1429 5671 1648 5744 gloriosi
1670 5673 1862 5746 patris,
1893 5672 2140 5744 sequenti

509 5833 530 5846 κ,
557 5778 702 5822 anno
733 5765 800 5822 ab
823 5763 977 5823 Italia
1011 5780 1283 5838 egressus,
1312 5772 1428 5822 tum
1452 5764 1737 5839 imperium
1763 5765 2005 5838 arripere
2034 5784 2142 5825 mo-

557 5854 706 5916 litur.
742 5854 825 5916 0b
852 5857 906 5916 i'd
934 5858 1195 5918 adversus
1222 5856 1484 5918 fratribus
1509 5858 1563 5918 in
1590 5861 1835 5934 preliqu
1865 5859 2138 5920 Fontanu-

2175 4609 2225 4670 D

2243 3372 2411 3429 regno
2443 3356 2700 3428 temporis
2743 3371 2804 3412 se
2827 3370 3033 3413 exuens
3074 3355 3378 3427 ingreditur
3425 3363 3761 3420 tonsuratus,
3789 3364 3848 3413 et

2245 3449 2542 3506 monachus
2569 3446 2812 3514 effectus,
2842 3447 3049 3518 aliquot
3071 3447 3260 3504 diebus
3288 3446 3625 3520 interpositis
3649 3445 3848 3504 defun-

2244 3543 2408 3615 gitur,
2437 3554 2579 3598 anno
2606 3541 2675 3597 ab
2713 3539 3093 3597 lncarnatione
3139 3539 3351 3595 Domini
3393 3538 3848 3611 octingentesimo

2245 3636 2585 3706 sexagesimo
2631 3633 2823 3706 quinto
2849 3674 2865 3702 ,
2903 3632 3114 3704 imperii
3163 3648 3292 3689 vero
3334 3632 3596 3704 vigesimo
3640 3633 3847 3700 tertio;

2245 3737 2407 3799 atque
2460 3728 2532 3783 ibi
2579 3727 2633 3783 in
2681 3726 2905 3784 basilica
2943 3725 3119 3783 sancti
3167 3724 3466 3782 Salvatoris
3509 3740 3542 3779 a
3581 3723 3848 3782 fratribus

2244 3825 2560 3874 reverenter
2585 3819 2863 3875 humatur.
2890 3816 3063 3889 Hujus
3089 3815 3435 3888 imperatoris
3449 3823 3698 3888 tempore
3718 3831 3846 3873 ossa

2248 3909 2544 3966 beatissimi
2573 3910 2807 3968 Andeoli
2831 3911 3109 3983 martyris,
3140 3911 3257 3982 ipso
3300 3910 3594 3974 revelante,
3623 3919 3848 3980 reperta

2246 4001 2301 4058 in
2329 4002 2448 4059 loco
2474 4003 2566 4075 qui
2591 4005 2894 4076 antiquitus
2914 4003 3181 4060 Gentibus
3205 4002 3424 4069 dicitur,
3452 4002 3506 4058 in
3535 3999 3848 4058 Vivariensi

2244 4094 2502 4166 parochia
2533 4095 2659 4153 sito.
2702 4095 3013 4154 Bernardus
3056 4095 3380 4152 Viennensis
3418 4094 3712 4168 episcopus
3739 4096 3847 4152 sub

2246 4187 2406 4260 hujus
2455 4187 2684 4261 imperio
2727 4188 2978 4256 moritur,
3026 4197 3083 4245 et
3124 4187 3428 4258 Aglimatus
3478 4186 3846 4244 Viennensem

2247 4280 2488 4352 suscepit
2515 4281 2910 4354 episcopatum.
2964 4280 3160 4337 Amulo
3189 4295 3406 4352 quoque
3457 4279 3846 4352 Lugdunensis

2245 4370 2530 4442 episcopus
2553 4370 2801 4428 efﬁcitur.
2841 4371 2908 4428 Et
2947 4369 3187 4444 pontifex
3221 4371 3500 4429 Romanus
3541 4371 3850 4442 Gregorius

2245 4463 2477 4519 moritur
2509 4472 2599 4536 atq
2612 4480 2678 4520 ue
2721 4465 2840 4537 ejus
2869 4464 2990 4520 loco
3033 4465 3259 4537 Sergius
3284 4465 3588 4520 ordinatur.
3619 4463 3718 4520 Illo
3750 4467 3848 4521 de-

2247 4553 2450 4623 functo,
2475 4555 2585 4613 Leo
2601 4557 2862 4614 succedit.
2888 4557 3007 4626 Quo
3027 4557 3283 4624 obeunte,
3301 4557 3624 4613 Benedictus
3641 4558 3696 4612 in
3712 4561 3849 4614 sedc

2252 4650 2543 4721 apostolica
2572 4650 2934 4713 substituitur,
2954 4649 3069 4720 jam
3097 4659 3274 4706 tamen
3299 4649 3556 4707 defuncto
3578 4649 3848 4707 Lothario

2252 4743 2598 4813 imperatore.
2639 4740 2752 4798 Sub
2778 4741 2938 4814 hujus
2968 4742 3311 4812 imperatoris
3350 4750 3613 4813 tempore,
3647 4741 3849 4814 Segari

2249 4834 2748 4892 Beneventanorum
2779 4836 2886 4890 dux
2913 4850 2944 4889 a
2968 4835 3082 4890 suis
3111 4833 3455 4900 interﬁcitur,
3482 4843 3540 4890 et
3569 4835 3637 4888 ab
3665 4836 3848 4890 inter—

2248 4926 2542 4984 fectoribus
2588 4925 2934 4983 Sarracenia
2963 4925 3359 4983 Beneventanis
3410 4923 3644 4994 evocati,
3692 4925 3849 4982 intra

2248 5020 2522 5077 civitatem
2549 5021 2918 5078 Beneventum
2946 5022 3304 5095 recipiuntur.

2319 5121 2624 5180 Ludovicus
2667 5123 2964 5196 imperator
2992 5123 3046 5180 in
3095 5123 3270 5181 Italia.
3304 5123 3426 5192 llic,
3458 5134 3579 5197 post
3625 5122 3844 5180 obitum

2245 5217 2439 5288 patris,
2469 5225 2662 5272 octavo
2712 5232 2878 5282 anno,
2922 5226 3138 5274 mortuo
3168 5217 3337 5275 fratre
3359 5233 3458 5274 suo
3483 5217 3678 5275 Carolo
3739 5219 3848 5274 mi-

2247 5325 2400 5376 nore,
2432 5318 2490 5365 et
2521 5307 2770 5380 Lugduni
2803 5309 3036 5382 sepulto,
3083 5309 3138 5365 in
3160 5310 3493 5368 monasterio
3532 5310 3706 5365 sancti
3732 5309 3844 5365 Pe-

2245 5405 2338 5471 tri,
2372 5404 2427 5460 in
2467 5403 2693 5461 ecclesia
2720 5412 2924 5460 saneta:
2955 5401 3137 5459 Maria
3165 5418 3382 5474 semper
3409 5402 3658 5474 virginis,
3711 5418 3844 5460 cum

2246 5497 2416 5554 fratre
2439 5495 2696 5553 Lothario
2731 5512 2956 5569 regnum
2991 5495 3178 5554 fratris
3204 5497 3404 5554 mortui
3436 5495 3695 5570 partitur.
3734 5496 3849 5552 Ac-

2246 5587 2390 5658 cepit
2411 5595 2590 5642 autem
2621 5594 2833 5658 partem
2860 5585 3271 5658 Transjurensis
3311 5586 3634 5658 Burgundia:
3667 5586 3846 5643 simul

2253 5687 2310 5734 ct
2329 5675 2708 5735 Provinciam:
2752 5676 3014 5750 reliquam
3041 5687 3250 5752 partem
3280 5678 3573 5737 Lotharius
3601 5694 3704 5734 rex
3727 5677 3840 5735 sibi

2249 5769 2494 5826 retinuit.
2524 5769 2681 5827 Anno
2716 5769 3110 5827 lncarnationis
3134 5771 3346 5829 Domini
3376 5773 3842 5843 octingentesimo

2243 5862 2695 5938 quinquagesimo
2723 5862 2924 5936 primo,
2943 5860 3167 5934 jubente
3189 5877 3365 5939 patre,
3397 5863 3704 5922 Ludovicus
3729 5865 3844 5920 ima
