4024 6362
191 403 322 472 εὖτ

1303 403 1714 463 cunomcox.
1757 413 1824 446 —‘
1861 365 2072 464 imas
2109 411 2356 466 ssxrs.

3353 417 3455 474 138

193 530 490 592 peratorm
520 517 770 574 ducatum
803 519 1299 573 Beneventanorum
1322 528 1510 573 contra
1536 519 1782 588 praesidia
1817 526 1860 580 Α
1890 520 1972 580 lis.
2002 523 2284 578 immatura
2315 533 2486 578 morte
2522 534 2818 596 praereptus
2841 536 2925 580 est
2948 545 2960 580 ε
2980 527 3202 583 Carolus
3220 545 3455 601 quoque,

196 611 600 665 Saracenorum
636 609 944 663 exercitum
985 616 1188 671 movet,
1221 616 1294 671 et,
1346 607 1630 662 interfecto
1655 608 1790 664 duce

199 698 676 762 Sarracenorum,
707 696 1039 751 Amalmater
1083 697 1444 752 Beneventum
1476 698 1699 767 recepit.
1721 697 1792 751 At

195 789 496 845 Lotharius
527 805 643 854 rex,
687 789 858 844 frater
885 789 1025 858 ejus,
1078 805 1108 842 a
1135 789 1322 858 pravis
1349 788 1676 844 consiliariis
1701 789 1792 843 de-

207 891 428 950 ceptus,
456 880 547 934 diu
577 880 643 933 de
687 879 914 933 duarum
955 878 1280 934 feminarum
1325 881 1598 935 connubio
1628 880 1792 934 vacil-

199 971 366 1026 lando
397 983 537 1040 pene
579 977 751 1022 totam
793 968 1094 1023 Ecclesiam
1145 978 1334 1024 contra
1386 984 1444 1024 se
1480 969 1788 1024 concitavit.

201 1061 285 1117 Ob
335 1061 389 1116 id
462 1061 568 1114 duo
621 1058 1022 1129 metropolitani
1077 1059 1314 1130 episcopi
1371 1059 1690 1114 Treverieus
1737 1067 1794 1114 et

202 1150 544 1214 Colonicus,
617 1147 1024 1203 Theuthaudius
1081 1157 1136 1202 et
1191 1148 1485 1204 Cuntharis
1528 1148 1790 1203 sententia

202 1237 500 1309 apostolica
524 1237 785 1291 damnati.
827 1236 1012 1291 Cuatus
1059 1237 1341 1308 synodales
1382 1235 1640 1292 subiende
1667 1253 1793 1293 evo-

202 1327 336 1382 cati.
377 1325 616 1379 Patruus
664 1323 781 1392 ejus
829 1324 1281 1393 praeclarissimas
1316 1324 1368 1379 in
1422 1325 1637 1395 regibus
1686 1325 1792 1380 Ca-

204 1419 378 1481 rolus,
417 1432 540 1473 cum
593 1417 642 1470 ei
698 1415 902 1470 saniori
959 1417 1187 1471 consilio
1242 1432 1457 1487 semper
1506 1416 1790 1472 consulere

208 1511 408 1574 vellet,
437 1509 788 1564 nihilominus
816 1506 1075 1575 juvenilis
1117 1509 1330 1562 animus
1358 1509 1426 1563 ad
1464 1508 1789 1578 voluptatem

201 1615 451 1671 prteceps
501 1598 804 1664 resisteret,
851 1599 1068 1654 tandem
1117 1599 1355 1664 vincere,
1413 1599 1602 1654 volens
1637 1609 1789 1654 ex-Ira

207 1691 496 1748 consilium
542 1691 693 1744 ltalia
735 1691 1008 1758 ingressus
1037 1731 1052 1756 ,
1117 1693 1183 1746 ad
1230 1692 1451 1746 fratrem
1501 1695 1792 1762 imperato—

209 1797 330 1836 rem
359 1783 460 1845 ire,
491 1780 856 1835 Beneventum
889 1781 1216 1852 aggreditur.
1245 1782 1528 1838 Piissimus
1553 1798 1647 1838 rex
1689 1782 1791 1838 Ca-

1893 610 1978 663 vir
2006 612 2139 666 satis
2175 613 2415 667 honesta:
2453 613 2639 668 forma:
2665 614 2896 683 juvenis,
2921 631 3014 670 rex
3044 617 3327 686 Aquitanis
3343 621 3455 689 jam

1891 702 2236 766 constitutus,
2263 703 2491 757 adversa
2514 704 2746 772 primum
2774 704 3094 760 molestatus
3142 715 3197 760 et
3234 708 3464 765 dehone-

1892 797 2064 844 status
2083 790 2297 858 injuria,
2314 792 2562 846 moritur.
2583 792 2740 848 Anno
2760 794 2942 863 itaque
2956 795 3344 853 lncarnationis
3360 798 3464 854 Do'o

1892 878 2107 932 minica:
2149 880 2596 950 octingentesimo
2628 882 2963 952 sexagesimo
2995 894 3168 949 sexto,
3209 897 3468 956 regnante

1893 966 2081 1020 eodem
2099 966 2293 1022 Carolo
2310 969 2562 1024 Ludovici
2596 969 2724 1031 ﬁlio.
2758 971 2862 1025 duo
2888 970 2980 1024 ﬁlii
3000 973 3161 1038 illius,
3179 981 3237 1026 ut
3259 975 3463 1033 dictum

1891 1066 1994 1122 est,
2011 1060 2332 1113 moriuntur.
2348 1060 2634 1115 Lotharius
2645 1062 2810 1123 abbas
2820 1071 2874 1117 et
2885 1061 3110 1118 Carolus
3130 1080 3224 1119 rex
3241 1066 3466 1136 Aquita-

1893 1166 2106 1216 norum,
2123 1153 2420 1206 avunculus
2440 1168 2653 1222 quoque
2667 1152 2782 1223 ejus
2798 1153 3110 1225 Bodulphus
3120 1157 3462 1213 consiliarius

1891 1243 2204 1312 primusque
2226 1243 2696 1312 palatiihominem
2730 1246 2878 1300 exuit
2909 1263 2923 1299 :
2953 1261 3159 1302 necnon
3180 1257 3235 1302 et
3259 1247 3462 1304 Rodul-

1890 1333 2028 1401 phus
2051 1335 2490 1405 archiepiscopus
2517 1333 2928 1405 Aquitanorum.
2968 1337 3035 1391 Et
3060 1337 3165 1391 duo
3190 1339 3461 1410 principes

1891 1423 2220 1492 Aquitanici,
2243 1424 2543 1481 Landricus
2579 1435 2636 1481 et
2684 1426 2845 1482 Muno
2874 1422 3014 1482 inter
3058 1444 3117 1484 se
3144 1429 3464 1485 dimicantes

1891 1522 2060 1568 semet
2077 1516 2408 1570 interimunt.
2429 1516 2696 1572 Robertus
2713 1533 2928 1588 quoque
2944 1528 3106 1588 atque
3127 1518 3462 1591 Ranulphus,

1891 1604 1990 1658 viri
2021 1605 2169 1659 mira:
2189 1607 2444 1674 potentia“:
2469 1607 2743 1677 armisque
2769 1607 3007 1662 strenuis
3031 1618 3084 1662 et
3109 1609 3250 1663 inter
3261 1610 3462 1678 primos

1893 1696 1992 1764 ipsi
2026 1696 2235 1765 priores
2266 1695 2782 1763 Northmannorum,
2801 1698 2979 1767 gladio
3000 1708 3284 1752 necantur.
3312 1699 3468 1753 Deni-

1891 1800 1995 1856 que
2022 1785 2329 1851 Lotharius,
2356 1795 2482 1842 ante
2510 1788 2716 1842 obitum
2748 1789 2918 1858 patris
2950 1789 3032 1843 sui
3073 1788 3332 1843 Ludovici
3362 1789 3467 1844 im-

211 1873 365 1928 rolus
390 1874 442 1926 in
473 1874 572 1928 hoc
619 1873 814 1928 itinere
843 1873 957 1943 ejus
988 1877 1237 1940 assensit,
1290 1877 1334 1932 si
1387 1877 1524 1932 forte
1555 1876 1637 1931 vel
1662 1892 1789 1945 con-
1817 1867 1868 1927 Β
1894 1879 2182 1948 peratoris,
2202 1877 2412 1933 decimo
2436 1888 2628 1936 octavo
2643 1895 2784 1935 anno
2806 1889 3000 1935 unctus
3024 1880 3091 1934 ab
3121 1881 3463 1952 imperatore,

207 1965 334 2018 silio
364 1964 633 2034 pontiﬁcis
667 1964 896 2019 Romani
943 1974 1226 2036 superatus
1278 1968 1518 2032 tandem,
1557 1984 1588 2022 a
1617 1985 1674 2023 re
1722 1969 1785 2022 il-

208 2055 354 2111 licita
382 2058 731 2126 quiesceret:
763 2057 1008 2128 plurimis
1029 2067 1208 2115 tamen
1224 2061 1491 2132 episc0pis
1511 2061 1784 2117 Gallorum

210 2149 733 2214 contradicentibus,
789 2150 881 2221 qui
935 2152 1125 2221 spiritu
1158 2153 1276 2232 Dei.
1309 2153 1438 2209 tacti
1486 2155 1785 2224 periculum

209 2243 464 2314 generale
517 2245 571 2300 in
599 2244 855 2300 Ecclesiae
902 2247 993 2302 Dei
1026 2246 1157 2302 oriri
1199 2248 1478 2314 timebant,
1533 2265 1600 2304 ne
1651 2266 1785 2320 pon-

209 2333 341 2388 tifex
381 2335 658 2388 Romanus
684 2333 959 2390 favoribus
1001 2335 1293 2392 inclinatus
1323 2353 1353 2392 a
1381 2338 1788 2397 deﬁnitionibus

211 2428 434 2497 pietatis
461 2427 838 2491 cxorbitando,
882 2427 1139 2484 Romana:
1169 2429 1426 2486 Ecclesia:
1469 2431 1661 2487 vulnus
1703 2448 1790 2488 er—

212 2520 356 2574 roris
395 2518 682 2588 indigeret.
718 2518 966 2574 Perrexit
1022 2520 1314 2576 secundum
1348 2521 1555 2575 libitum
1607 2538 1786 2587 suum,

214 2612 328 2680 egit
354 2610 490 2679 apud
517 2608 811 2664 Ecclesiam
843 2607 1145 2664 Romanam
1173 2611 1314 2680 quod
1337 2611 1386 2664 ei
1415 2626 1512 2680 pro
1553 2621 1791 2681 tempore

207 2697 422 2765 justum
443 2698 636 2753 visum.
667 2697 772 2753 Sed
803 2714 923 2754 cum
971 2699 1193 2766 rediret,
1226 2700 1378 2755 falsis
1423 2700 1617 2769 spebus
1659 2701 1791 2756 inci-

212 2793 384 2850 tatus,
427 2785 604 2841 divino
635 2787 830 2842 indicio
883 2787 1206 2855 inﬁrmatus,
1251 2805 1420 2860 usque
1463 2790 1792 2847 Placentiam

222 2865 504 2932 civitatem
557 2877 820 2946 pervenit,
871 2879 1050 2949 ibique
1077 2878 1362 2936 defunctus
1388 2881 1440 2935 in
1471 2883 1698 2937 ecclesia
1727 2882 1792 2937 Β.

211 2967 480 3044 Antonini
517 2968 771 3039 martyris
813 2969 1094 3038 sepelitur.
1127 2970 1287 3026 Anno
1342 2974 1794 3046 octingentesimo

215 3059 559 3128 sexagesimo
607 3060 840 3114 secundo
897 3075 1120 3132 regnum
1183 3062 1299 3131 ejus
1351 3065 1566 3136 gloriosi
1616 3069 1796 3137 patrui

213 3150 336 3217 ejus
364 3150 504 3204 inter
533 3165 592 3204 se
623 3151 885 3206 dividunt.
928 3151 997 3206 At
1018 3151 1323 3210 Ludovicus
1364 3156 1682 3227 imperator,
1716 3159 1797 3215 in~

215 3255 444 3310 gressus
498 3241 884 3309 Beneventum,
943 3259 1083 3299 anno
1133 3245 1522 3304 lncarnationis
1585 3249 1796 3307 Domini
1827 3221 1870 3283 Ο

215 3332 672 3403 octingentesimo
718 3334 1052 3404 sexagesimo
1089 3339 1302 3402 octavo,
1324 3352 1464 3407 pene
1505 3341 1684 3395 omnia
1713 3357 1802 3397 ca-

217 3422 378 3477 stella
433 3431 488 3477 et
537 3422 730 3493 oppida
779 3423 1307 3492 Beneventanorum,
1337 3444 1456 3497 quae
1495 3446 1524 3482 a
1574 3429 1801 3486 Francis

219 3525 566 3570 recesserant
609 3513 1030 3586 Sarracenisque
1057 3532 1114 3572 se
1132 3507 1448 3586 iunxerant,
1474 3520 1574 3574 sub
1603 3521 1804 3575 ditione

219 3619 325 3659 sua
355 3606 579 3674 recepit.
608 3604 721 3660 loca
753 3615 1082 3674 sanctorum,
1116 3623 1235 3677 qua:
1258 3609 1405 3679 impii
1429 3607 1718 3666 Sarraceni
1741 3626 1805 3666 ac

217 3694 419 3764 perﬁdi
443 3695 734 3750 Christiani
764 3698 1222 3762 eontaminarant,
1272 3697 1383 3755 Deo
1431 3699 1677 3770 adjutore
1723 3701 1804 3756 in-

220 3787 524 3843 staurando
560 3796 616 3843 et
645 3789 1000 3844 restaurando
1038 3789 1306 3859 purgavit.
1348 3788 1600 3846 Nieolau‘s
1643 3807 1802 3862 papa,

217 3879 315 3934 vir
358 3876 617 3948 religione
643 3879 969 3949 praecipuus,
1019 3880 1270 3934 moritur.
1305 3880 1382 3936 Ac
1412 3881 1465 3936 in
1495 3882 1635 3937 atrio
1679 3892 1806 3939 ante

220 3979 418 4040 portas
467 3967 527 4021 Β.
559 3968 725 4035 Petri,
781 3985 884 4024 non
941 3968 1099 4041 longe
1151 3986 1180 4024 a
1223 3974 1482 4028 membris
1528 3973 1803 4030 Benedicti

220 4059 644 4130 praedecessoris
669 4060 772 4125 sui,
788 4060 1063 4129 sepelitur.
1083 4061 1246 4129 Cujus
1274 4071 1514 4134 tempore
1542 4066 1805 4122 translata

219 4156 359 4204 sunt
402 4147 643 4204 membra
669 4159 979 4228 sanctorum
1006 4149 1220 4206 Eusebii
1252 4166 1316 4207 ac
1344 4152 1594 4209 Pontiani
1639 4155 1804 4212 Vien-

219 4238 470 4304 natibus,
507 4247 561 4295 et
590 4240 643 4294 in
676 4241 897 4296 basilica
934 4243 1295 4311 apostolorum
1333 4256 1648 4303 reverenter
1677 4265 1806 4305 con-

219 4331 367 4386 dita.
401 4327 538 4384 Huic
575 4330 844 4386 Adrianus
891 4332 943 4386 in
981 4333 1270 4406 episcopali
1306 4338 1496 4393 ordine
1541 4341 1805 4396 succedit.

217 4420 361 4476 Pius
396 4428 453 4476 et
489 4420 723 4491 inclytus
767 4436 860 4476 rex
887 4421 1134 4491 Carolus,
1165 4425 1370 4496 aliquot
1423 4445 1595 4485 annos
1620 4432 1810 4488 adver-

1893 1979 2003 2026 trcs
2031 1971 2168 2027 ﬁlios
2193 1986 2259 2026 ex
2286 1971 2652 2042 Ermengarde
2699 1973 2941 2043 Hugonis
2979 1972 3091 2027 ﬁlia
3121 1973 3328 2028 habuit.
3359 1972 3463 2040 Qui

1893 2061 2135 2117 dividens
2183 2076 2406 2130 regnum
2437 2063 2605 2132 patris
2651 2078 2776 2119 cum
2812 2063 3070 2119 fratribus
3096 2065 3228 2133 suis,
3261 2065 3471 2136 accepit

1892 2168 2117 2225 regnum
2153 2153 2543 2219 Romanorum,
2585 2163 2640 2209 et
2671 2163 2838 2210 totam
2885 2153 3113 2218 Italiam,
3165 2163 3219 2210 et
3255 2165 3468 2225 partem

1891 2243 2134 2299 Francize
2155 2243 2498 2308 orientalem,
2553 2253 2832 2313 totamque
2877 2245 3232 2314 provinciam.
3288 2243 3468 2299 Ludo-

1893 2331 2044 2387 vicus
2071 2347 2197 2387 vero
2235 2341 2435 2402 praeter
2465 2330 2742 2400 Noricam,
2773 2349 2936 2404 quam
2988 2334 3244 2397 habebat,
3301 2334 3475 2388 tenuit

1894 2439 2055 2494 regna
2071 2439 2190 2493 quae
2204 2432 2358 2494 pater
2372 2439 2502 2479 suus
2526 2424 2600 2478 illi
2625 2425 2868 2488 dederat,
2896 2424 2950 2478 id
2961 2433 3043 2480 est
3062 2423 3436 2479 Alamanniam
3448 2464 3464 2490 ,

1893 2513 2264 2582 Thoriugiam,
2298 2511 2662 2579 Austrasiam,
2707 2513 3024 2582 Saxoniam,
3060 2523 3114 2568 et
3140 2514 3470 2578 Avarorum,

1894 2603 1948 2657 id
1976 2612 2057 2658 est
2084 2602 2422 2669 Hunnorum,
2460 2619 2707 2674 regnum.
2739 2603 2964 2659 Carolus
3009 2619 3224 2674 quoque
3269 2606 3472 2660 medie-

1896 2701 2060 2747 tatem
2102 2693 2348 2748 Francia:
2397 2695 2465 2748 ab
2503 2695 2783 2749 occidente
2837 2704 2893 2748 et
2947 2703 3113 2749 totam
3157 2695 3464 2750 Neustriam

1893 2781 2251 2847 Britanniam,
2298 2792 2355 2839 et
2403 2783 2695 2838 maximam
2729 2794 2936 2854 partem
2967 2783 3288 2854 Burgundia:
3317 2803 3330 2836 :
3363 2784 3470 2840 Go—

1897 2873 2051 2938 tiam,
2076 2872 2424 2939 Vasconiam,
2454 2873 2802 2944 Aquitaniam
2829 2874 3078 2929 submoto
3101 2874 3225 2930 inde
3245 2874 3472 2946 Pippino

1899 2965 2011 3020 ﬁlio
2039 2965 2276 3036 Pippini,
2300 2975 2356 3020 et
2396 2967 2448 3026 in
2497 2967 2828 3022 monasterio
2867 2965 2926 3020 S.
2963 2965 3200 3022 Medardi
3242 2974 3474 3022 attonso.

1899 3058 1998 3126 Qui
2022 3068 2207 3130 postea
2251 3059 2376 3116 inde
2402 3073 2499 3130 per
2529 3059 2708 3130 fugam
2738 3059 2975 3130 elapsus,
3027 3059 3080 3114 in
3127 3059 3480 3130 Aquitaniam

1901 3165 2202 3222 regressus,
2226 3150 2396 3205 multo
2450 3159 2693 3222 tempore
2739 3150 2991 3222 fugiendo
3037 3151 3213 3207 latuit.
3246 3153 3476 3208 lterum-

1903 3253 2008 3310 que
2029 3256 2058 3293 a
2075 3239 2362 3309 Ranulpho
2386 3239 2614 3310 praefato
2624 3255 2721 3312 per
2743 3239 2902 3295 fidem
2918 3241 3186 3316 'deceptus
3209 3253 3308 3306 est,
3335 3252 3391 3298 et
3411 3243 3478 3298 ad

1904 3331 2154 3387 Carolum
2177 3332 2462 3399 adductus,
2496 3332 2864 3390 Silvanectum
2886 3342 3146 3405 perpetuo
3170 3345 3253 3392 est
3287 3337 3481 3392 exsilio

1912 3423 2186 3478 detrusus.
2230 3423 2536 3479 Ludovicus
2584 3439 2714 3480 vero
2765 3440 2861 3480 rex
2901 3425 3244 3494 Noricorum,
3297 3427 3351 3482 id
3399 3439 3485 3484 est

1903 3511 2310 3581 Bajovariorum
2340 3553 2356 3578 ,
2416 3512 2674 3569 Ludovici
2734 3514 3079 3583 imperatoris
3123 3515 3282 3581 ﬁlius,
3342 3531 3487 3571 anno

1904 3599 2295 3656 lncarnationis
2332 3602 2544 3656 Domini
2583 3605 3038 3673 octingentesimo
3083 3608 3488 3677 septuagesimo

1906 3701 2098 3746 octavo
2119 3707 2342 3761 regnum
2365 3690 2506 3746 inter
2521 3691 2660 3746 ﬁlios
2685 3707 2812 3747 suos
2839 3692 3044 3758 divisit,
3060 3692 3483 3750 Carlomannum

1907 3780 2178 3846 videlicet,
2204 3779 2559 3847 Ludovicum,
2584 3791 2640 3836 et
2664 3780 2936 3846 Carolum,
2966 3781 3082 3852 ipse
3111 3791 3292 3837 tamen
3323 3797 3486 3853 super

1908 3871 2047 3928 filios
2067 3871 2426 3942 principatum
2452 3880 2666 3927 tenens.
2683 3871 2837 3927 Anno
2862 3872 3250 3927 lncarnationis
3274 3873 3487 3926 Domini

1908 3965 2359 4035 octingentesimo
2386 3965 2786 4036 septuagesimo
2819 3979 2962 4021 nono
2988 3979 3052 4020 ex
3103 3965 3205 4020 hac
3252 3963 3362 4018 vita
3388 3965 3487 4019 de—

1909 4059 2096 4122 cessit,
2125 4067 2178 4112 et
2217 4066 2432 4112 mortuo
2455 4058 2566 4128 jam
2618 4056 2728 4112 filio
2777 4057 2894 4127 ejus
2924 4055 3140 4122 Carolo,
3174 4055 3364 4126 reliqui
3393 4055 3491 4110 ﬁlii

1911 4164 2131 4220 regnum
2154 4147 2270 4218 ejus
2294 4147 2541 4218 sequenti
2573 4162 2715 4203 anno
2745 4147 2884 4202 inter
2904 4148 3043 4218 apud
3072 4147 3489 4203 Ambianensem

1911 4240 2096 4295 urbem
2129 4255 2282 4310 aaqua
2317 4249 2461 4295 sorte
2496 4239 2822 4309 partiuntur.
2841 4240 3081 4306 Quorum
3121 4239 3282 4303 alter,
3311 4237 3364 4293 id
3405 4246 3492 4292 est

1910 4329 2236 4396 Ludovicus,
2280 4339 2403 4400 post
2435 4339 2547 4384 tres
2595 4345 2766 4385 annos
2814 4321 3064 4385 moritur.
3106 4328 3277 4383 Porro
3319 4328 3490 4384 frater

1913 4421 2082 4490 ipsius
2110 4420 2366 4476 Ludovici
2391 4419 2638 4484 Carolus,
2674 4420 2931 4475 Ludovici
2950 4420 3295 4489 imperatoris
3325 4419 3489 4484 ﬁlius,

220 4528 327 4568 sus
351 4514 532 4568 Danos
576 4521 736 4584 atque
763 4513 1168 4573 Northmannos
1216 4520 1380 4576 variis
1405 4522 1690 4578 eventibus
1727 4523 1810 4579 di-
1837 4559 1890 4619 ι)
1913 4525 2056 4612 an“?
2107 4510 2496 4611 Ῐιιοπῐξθιίοηίδ
2538 4509 3244 4619 ,υοωίιιῑιρειίηεθηξξξξῖπηο
3262 4519 3495 4619 ’δεῖξαιδε-

220 4602 463 4669 micans,
495 4612 711 4674 pontem
747 4605 899 4661 mira:
934 4607 1208 4664 ﬁrmitatis
1232 4611 1520 4667 adversum
1543 4613 1804 4685 impetum

219 4709 425 4749 eorum
474 4709 633 4765 super
691 4695 910 4751 fluvium
959 4698 1266 4768 Sequanam
1316 4702 1430 4757 ﬁeri
1493 4706 1806 4774 constituit,

219 4786 426 4860 positis
460 4788 514 4842 in
549 4789 829 4859 utriusque
871 4791 1138 4861 capitibus
1185 4795 1424 4850 castellis
1467 4797 1812 4854 artiﬁciosis-

222 4875 372 4931 sime
398 4873 660 4942 fundatis,
691 4878 746 4932 in
780 4879 976 4948 quibus
1007 4880 1074 4934 ad
1103 4883 1399 4938 custodiam
1439 4887 1587 4956 regni
1619 4888 1810 4957 praesi-

222 4977 320 5032 dia
351 4976 621 5048 deposuit.
645 4975 815 5047 Hujus
848 4978 924 5049 pii
948 4979 1092 5051 regis
1119 4981 1352 5036 studium
1383 4998 1519 5053 pene
1557 4984 1608 5038 in
1631 4986 1812 5054 dispo-

225 5068 430 5126 nendis
465 5069 644 5124 causis
680 5069 1072 5126 ecclesiasticis
1099 5069 1362 5127 hactenus
1393 5073 1582 5143 viguit.
1623 5072 1720 5129 Hic
1747 5091 1812 5130 ex

228 5159 426 5230 regina
467 5157 1093 5231 Ermentrudequatuor
1132 5160 1270 5218 ﬁlios
1319 5165 1557 5234 suscepit
1593 5181 1604 5216 :
1637 5165 1815 5222 Ludo-

229 5251 446 5315 vicutn,
481 5249 757 5316 Carolum,
804 5250 1226 5308 Carlomannum
1257 5263 1314 5309 et
1354 5254 1689 5311 Lotharium.
1739 5258 1840 5313 Ex‘

230 5341 326 5394 his
356 5339 466 5394 Deo
496 5339 549 5394 in
581 5340 816 5395 clericali
859 5341 1041 5397 habitu
1073 5344 1208 5399 duos
1251 5345 1468 5411 obtulit,
1505 5346 1821 5404 Carloman-

229 5442 392 5495 num,
423 5436 478 5484 et
491 5427 806 5486 Lotharium
835 5449 849 5485 :
882 5433 976 5488 sed
1006 5433 1464 5506 Lotharius,puer
1486 5439 1638 5493 honre
1671 5439 1824 5496 indo-

572 5885 842 5948 Punon.
889 5885 1182 5951 CXXIII.

1918 4601 2125 4671 geéimo
2162 4599 2392 4670 septimo
2417 4595 2676 4664 moriens,
2706 4598 2999 4669 reliquerat
3051 4597 3216 4652 ﬁlium
3262 4598 3498 4654 Ludovi-

1919 4705 2062 4755 cum,
2100 4689 2192 4760 qui
2221 4689 2408 4744 eodem
2457 4703 2597 4743 anno
2629 4704 2851 4759 regnum
2901 4689 3138 4760 suscepit
3188 4701 3492 4760 paternum.

1918 4779 2036 4846 Quo
2063 4787 2305 4850 tempore
2333 4778 2570 4834 Joannes
2599 4793 2736 4849 papa
2763 4780 2817 4834 in
2843 4778 3046 4835 Gallias
3070 4765 3331 4836 veniL’Et
3357 4782 3499 4851 apud

1919 4870 2190 4923 civitatem
2225 4869 2428 4924 Trecas
2463 4868 2552 4922 diu
2605 4877 2848 4924 moratus
2872 4877 2989 4935 est,
3036 4869 3330 4940 habuitque
3371 4886 3495 4942 syn-

1919 4960 2080 5014 odum
2104 4961 2500 5030 episcoporum,
2514 4960 2566 5014 in
2581 4975 2684 5030 qua
2711 4960 3012 5016 lmmaurus
3033 4961 3276 5016 Lauduni
3298 4961 3498 5016 Davitti

1842 5048 1858 5063 ⁸
1917 5051 2224 5122 episcopus,
2246 5059 2369 5121 post
2417 5051 2752 5106 avulsionem
2792 5053 3072 5108 oculorum
3123 5067 3344 5108 suorum
3378 5053 3492 5122 epi-

1921 5152 2144 5212 scopatu
2170 5153 2253 5198 est
2280 5143 2532 5199 donatus.
2571 5142 2870 5200 Ludovicus
2896 5159 3109 5215 quoque
3129 5145 3272 5201 ﬁlius
3295 5143 3501 5205 Caroli,

1923 5232 2172 5290 Carolum
2193 5233 2286 5303 qui
2315 5233 2493 5289 dictus
2514 5243 2598 5289 eSt
2630 5232 2868 5304 Simplex
2895 5235 3164 5292 haeredem
3193 5233 3342 5304 regni
3370 5245 3502 5302 pue-

1871 5337 1878 5346 '
1925 5339 2046 5378 rum
2066 5323 2289 5380 dimisit.
2318 5322 2421 5390 Qui
2472 5323 2802 5394 Ludovicum
2836 5340 2902 5379 ex
2951 5324 3154 5395 Eagina
3203 5319 3499 5392 Anglorum

1927 5416 2070 5486 regis
2098 5415 2228 5481 filia,
2271 5424 2561 5486 antequam
2584 5424 2772 5485 captus
2793 5425 2961 5482 esset,
2989 5414 3193 5487 genuit.
