4024 6362
595 331 698 390 ίὸῦ
1582 349 1640 404 S.
1677 350 1926 409 ADONIS
1963 353 2388 415 ARCHIEPISC.
2431 360 2838 423 VIENNENSIS
3738 385 3836 439 HO

590 471 3835 554 Ἢ

1498 640 2170 799 sanun
2243 654 2922 774 anoms

1712 851 2117 919 VIENNENSIS
2153 867 2670 928 ARCHIEPISCOPI

615 934 3743 1446 MARTYROLOGIUM/

1555 1430 1649 1485 AD
1688 1431 1844 1489 MSS.
1887 1434 2335 1496 EXEMPLARIA
2367 1441 2814 1504 RECENSITUM

1137 1579 1307 1651 Opera
1336 1591 1385 1637 et
1412 1585 1584 1641 studio
1615 1585 1914 1646 Hennaea“
1950 1590 2226 1650 Roswzrm
2256 1594 2590 1667 Ultrajectini
2612 1602 2874 1659 societatis
2896 1602 3027 1661 Iesu
3054 1608 3300 1678 theologi.

2002 1762 2178 1807 PREC
2187 1765 2336 1807 EDIT

986 1893 1412 2051 VETUS
1487 1902 2140 2013 ROMANUM
2216 1908 3358 2034 MARTYROLOGIUM

1468 2106 1704 2167 OPERI
1747 2106 1897 2169 SUO
1939 2110 2043 2170 AB
2087 2113 2361 2174 ADONE
2401 2117 2901 2188 PRIEMISSUM.

2076 2240 2325 2255 -ῇ-

1716 2316 1810 2381 (Ex
1837 2318 2137 2375 Bibliotheca
2158 2325 2356 2378 Palmm
2380 2332 2631 2394 maxima.)

2046 2472 2317 2487 *-

1373 2585 1997 2696 EPISTOLA
2073 2595 2972 2709 DEDICATOBIA.

1970 2926 2047 3004 ς.
2112 2930 2208 3006 D.
2268 2931 2369 3009 N.

748 3100 1378 3264 PAULO
1490 3111 1620 3265 V
1730 3109 2688 3273 PONTIFICI
2796 3113 3568 3283 MAXIMO

1704 3388 2357 3470 ΒΕΑΤΙΤΑΤΕΜ
2436 3392 2586 3469 PP.

594 3564 824 3620 Romam
847 3565 1008 3633 reoit,
1048 3567 1393 3624 sanctissime
1412 3566 1596 3634 Pater,
1621 3566 1765 3638 quod
1796 3565 1982 3621 Romae
2005 3566 2135 3621 olim
2162 3577 2507 3639 conceptum,
2537 3570 2679 3639 quod
2717 3568 2889 3626 Roma
2916 3573 3241 3643 profectum,
3278 3577 3424 3647 quod
3450 3578 3684 3638 Romam
3714 3585 3791 3639 ad

523 3653 752 3726 originis
773 3658 883 3711 sua:
907 3656 1091 3713 sedem
1113 3656 1402 3714 anhelabat
1427 3656 1612 3722 Vetus,
1652 3657 1705 3712 id
1740 3663 1825 3711 est
1869 3656 2168 3712 Romanum
2214 3658 2654 3731 Martyrologium
2682 3678 2694 3714 :
2727 3664 2869 3732 quod
2900 3664 3334 3732 przedecessores
3357 3671 3526 3726 vestri
3557 3685 3781 3729 summa

523 3763 654 3804 cura
677 3748 734 3804 in
769 3747 915 3805 Urbe
935 3750 1241 3816 collectum,
1277 3750 1535 3821 singulari
1561 3748 1665 3803 ﬁde
1692 3749 2083 3819 conscriptum,
2115 3750 2353 3805 maximo
2393 3750 2654 3807 beneﬂcio
2682 3754 2735 3808 in
2774 3754 3002 3811 Romani
3029 3757 3181 3813 orbis
3220 3760 3486 3817 diteceses
3509 3765 3783 3819 transmi-

524 3850 731 3899 serunt.
764 3841 973 3898 Etvero
1007 3842 1149 3897 redit
1176 3842 1240 3897 ad
1267 3841 1436 3897 solem
1473 3841 1679 3905 radius,
1713 3839 1779 3893 ad
1808 3840 2010 3894 fontem
2064 3839 2298 3905 rivulus,
2346 3841 2414 3896 ad
2464 3842 2703 3912 stipitem
2758 3859 2958 3909 ramus,
2993 3845 3060 3899 ad
3088 3847 3286 3903 omium
3333 3849 3500 3904 sidus.
3541 3851 3781 3908 Romam

520 3935 683 3999 redit,
736 3932 830 3988 ubi
887 3931 1197 4002 apostolica:
1243 3931 1386 3986 sedis
1413 3930 1579 3986 cardo
1603 3938 1659 3984 et
1696 3938 1857 3999 caput
1902 3930 2172 3996 vertitur;
2233 3930 2323 3984 ubi
2354 3930 2598 3987 veritatis
2640 3932 2821 4002 origo,
2869 3933 2993 3988 ﬁdei
3028 3944 3209 4004 caput,
3246 3936 3485 3993 caelestis
3529 3938 3787 4011 Magistri

525 4002 776 4082 doctrina
800 4030 1080 4085 servatur;
1101 4021 1189 4075 ubi
1213 4020 1431 4090 pietatis
1454 4019 1599 4090 viget
1626 4018 1828 4085 schola,
1854 4021 1946 4075 ubi
1972 4021 2336 4089 apostolorum
2362 4021 2527 4093 fulget
2550 4023 2893 4093 metropolis;
2922 4024 3011 4078 ubi
3026 4025 3329 4083 clarissime
3355 4029 3540 4084 mundi
3568 4031 3789 4103 lampa-

521 4118 638 4181 des,
671 4113 864 4169 Petrus
897 4121 952 4168 ct
978 4111 1198 4177 Paulus,
1221 4111 1400 4168 lucent
1421 4111 1628 4183 (Anacl.
1654 4110 1704 4177 1,
1728 4112 1879 4180 epist.
1900 4114 1963 4180 5;
1994 4115 2154 4185 Cypr.
2183 4115 2249 4170 de
2270 4114 2415 4170 Unit.
2445 4115 2609 4181 Ecc.;
2634 4116 2848 4173 Sozom.
2876 4117 2917 4171 ι.
2942 4133 3004 4172 ιιι
3049 4133 3098 4175 c.
3128 4119 3189 4172 7°
3219 4118 3496 4191 Chrysost.
3518 4122 3664 4178 hom.
3683 4126 3783 4194 31,

517 4203 1022 4367 mZdlefrzmrldit,
1055 4314 1086 4354 a
1113 4298 1268 4368 cuius
1302 4297 1430 4374 olim
1477 4298 1988 4369 praedecessoribus,
2032 4298 2150 4369 ipso
2187 4299 2461 4355 nascentis
2487 4300 2743 4358 Ecclesiae
2793 4303 3037 4370 exordio,
3083 4305 3347 4375 originem
3373 4307 3568 4363 duxit:
3592 4324 3624 4364 a
3651 4310 3783 4368 Cle-

508 4408 707 4464 mente,
739 4397 979 4468 inquam,
1010 4396 1050 4461 l,
1073 4394 1315 4450 Romano
1345 4391 1618 4464 pontiﬁce,
1643 4394 1733 4463 qui
1764 4393 1972 4464 primus
1997 4395 2316 4464 regionatim
2343 4397 2586 4451 notarios
2608 4397 2905 4465 distribuit,
2922 4400 3018 4469 qui
3040 4408 3190 4469 gesta
3213 4410 3509 4474 martyrum
3533 4404 3783 4463 sollicite

506 4505 563 4553 et
588 4496 821 4562 curiose,
852 4507 951 4565 per
996 4506 1148 4547 suam
1195 4490 1424 4560 quisque
1468 4489 1761 4560 regionem,
1794 4489 2192 4559 perquirerent.
2226 4489 2353 4546 inde
2379 4490 2614 4547 Anteros
2641 4492 2927 4565 diligenter
2968 4495 3267 4564 perquisita
3294 4498 3349 4553 in
3387 4499 3780 4558 ecclesiastica

505 4592 768 4648 tabularia
798 4591 998 4646 retulit.
1025 4589 1153 4645 Post
1170 4588 1441 4645 Fabianus
1462 4588 1720 4657 majorem
1743 4604 1956 4660 quoque
1976 4604 2162 4645 curam
2190 4590 2434 4646 adhibuit
2459 4605 2527 4646 ne
2546 4592 2674 4661 quid
2702 4592 2953 4647 simulata
2988 4593 3092 4648 fide
3116 4595 3398 4665 irreperet,
3418 4595 3781 4667 perspicaces

505 4685 879 4759 ﬁdosquesibi
907 4687 1254 4743 diaconorum
1283 4686 1467 4743 oculos
1494 4687 1721 4742 notariis
1756 4686 2113 4759 adjungendo.
2138 4687 2255 4754 Quo
2275 4688 2490 4756 quidem
2519 4702 2740 4743 munere
2769 4689 2928 4744 fortia
2956 4698 3263 4745 sanctorum
3287 4691 3429 4747 facta
3450 4692 3777 4764 mlligendi,

500 4793 563 4840 ut
588 4784 726 4854 nihil
765 4783 1036 4855 antiquius
1069 4785 1209 4853 apud
1236 4792 1436 4840 sancire
1470 4782 1729 4840 Romana:
1762 4782 2017 4839 Ecclesia
2061 4782 2318 4853 praesules
2349 4782 2474 4849 fuit,
2521 4784 2595 4838 ita
2635 4785 2767 4840 nihil
2796 4785 3107 4888 praeclarius
3136 4787 3334 4888 suscipi
3370 4789 3561 4888 potuit,
3593 4803 3776 4888 quam

501 4850 691 4936 eorum
736 4850 1052 4936 memoriam
1089 4850 1388 4951 posteritati
1417 4879 1818 4947 commendare,
1847 4896 2078 4951 quorum
2117 4881 2325 4936 animas
2354 4882 2407 4936 in
2438 4880 2631 4935 cmlum
2662 4892 2927 4953 receptas,
2956 4894 3013 4947 et
3037 4881 3130 4938 Dei
3163 4882 3419 4940 fruitione
3458 4882 3650 4940 beatas
3682 4885 3771 4941 loc

499 4985 742 5048 quuntur
776 4976 1059 5043 miracula,
1084 4977 1278 5032 votiva:
1304 4984 1573 5033 testantur
1603 4975 1819 5041 tabulae,
1849 4984 1906 5029 ut
1935 4991 2040 5031 non
2074 4983 2179 5031 tam
2223 4977 2311 5045 pie
2345 4976 2398 5032 id
2432 4976 2673 5036 credere.
2697 4992 2860 5047 quam
2886 4978 3167 5033 verissime
3197 4978 3438 5048 proﬁteri
3464 4980 3772 5050 possimus.

496 5076 709 5133 Habent
736 5076 879 5133 enim
907 5078 1090 5134 nescio
1113 5092 1275 5148 quam
1305 5076 1412 5131 vim
1444 5075 1512 5131 ad
1541 5076 1885 5132 excitandum
1913 5076 1997 5131 vel
2033 5077 2337 5147 augendum
2377 5076 2431 5130 in
2461 5077 2730 5132 mentibus
2764 5075 2998 5133 ﬁdelium
3039 5078 3265 5133 internze
3294 5079 3567 5151 religionis
3593 5081 3779 5137 ardo-

494 5190 632 5241 rem,
662 5181 725 5228 ut
752 5173 1006 5245 praeclare
1026 5174 1154 5229 olim
1174 5174 1330 5228 divus
1347 5172 1459 5227 Leo
1479 5171 1757 5242 scripserit
1779 5170 1930 5243 (Leo,
1959 5187 2115 5229 sem.
2147 5172 2211 5226 de
2232 5170 2289 5227 S.
2315 5169 2517 5237 Lauta,-
2542 5171 2793 5227 Ambros.
2822 5189 2978 5227 serm.
3018 5172 3109 5263 59ἶ
3133 5173 3196 5227 de
3220 5173 3457 5228 Nazario
3478 5184 3525 5228 et
3554 5172 3773 5247 Celso).

493 5269 575 5326 Ad
603 5269 960 5325 erudiendum
986 5267 1086 5323 Dei
1138 5267 1417 5338 populum,
1448 5266 1717 5322 nullorum
1745 5275 1831 5321 est
1855 5266 2040 5321 utilior
2067 5265 2240 5321 forma
2270 5283 2430 5337 quam
2464 5278 2761 5340 martyrum
2786 5269 3089 5339 eloquentia
3116 5287 3128 5323 :
3156 5269 3328 5326 facilis
3352 5271 3421 5325 ad
3451 5270 3771 5326 exhortan-

489 5369 620 5424 dum
649 5369 721 5425 sit
740 5367 900 5433 ratio,
924 5363 1112 5421 eﬂicax
1136 5365 1202 5419 ad
1231 5364 1582 5430 suadendum,
1611 5364 1869 5420 validiora
1897 5374 2075 5420 tamen
2103 5372 2226 5420 sunt
2252 5364 2497 5435 exempla
2527 5381 2686 5435 quam
2717 5366 2879 5421 verba
2905 5380 2919 5420 :
2946 5373 3001 5421 et
3027 5364 3237 5436 plenius
3264 5373 3348 5422 est
3368 5380 3531 5437 opere
3552 5366 3777 5424 docere

490 5481 653 5536 quam
677 5479 827 5521 voce.
871 5461 1081 5518 Habent
1101 5470 1157 5518 et
1183 5459 1348 5516 robur
1372 5459 1457 5516 vel
1484 5461 1778 5515 maximum
1808 5460 1876 5515 ad
1905 5460 2171 5531 majorum
2199 5460 2357 5516 ﬁdem
2386 5462 2695 5531 pectoribus
2721 5461 2972 5531 primitus
2997 5461 3358 5531 inserendam,
3386 5462 3470 5519 vel
3494 5475 3769 5517 asseren-

488 5566 614 5621 dam
641 5564 902 5619 tenacius.
936 5561 1135 5633 Magni,
1168 5561 1341 5631 inquit
1365 5576 1590 5632 magnus
1614 5560 1953 5627 Ambrosius,
1983 5561 2205 5631 periculi
2226 5575 2315 5615 res
2337 5569 2439 5627 est,
2471 5561 2516 5616 si
2544 5568 2668 5630 post
2689 5561 3075 5631 prophetarum
3102 5556 3340 5622 oracula,
3378 5562 3500 5625 post
3526 5563 3773 5623 προειθι-

486 5662 663 5719 lorum
697 5661 1025 5730 testimonia,
1054 5668 1174 5732 post
1201 5668 1501 5731 martyrum
1529 5660 1770 5725 vulnera,
1803 5667 2040 5714 veterem
2066 5658 2225 5713 fidem
2254 5658 2406 5729 quasi
2451 5657 2716 5758 novellam
2745 5658 3370 5758 discuterepraesumas;
3392 5660 3456 5758 ‘et
3481 5657 3603 5758 post

487 5757 800 5818 manifestos
818 5758 1003 5826 duces,
1028 5759 1081 5814 in
1104 5773 1291 5815 errore
1323 5769 1643 5829 permaneas
1670 5774 1682 5811 :
1707 5764 1763 5813 et
1795 5763 1916 5827 post
1943 5754 2303 5831 morientium,
2318 5755 2566 5833 sudores,
2591 5751 2765 5831 otiosa
2785 5752 3147 5831 disputatione
3177 5749 3489 5807 contendas.
3510 5745 3772 5826 Quodsi
