4024 6362
214 439 313 495 με
1045 448 1061 456 ·
1132 417 1723 480 MARTYRULOGIUM
1762 415 1909 471 CUM
1941 409 2467 468 ADDITAMENTIS.
2712 492 2719 495 _
3354 402 3455 469 ιιι

206 557 338 611 olim
366 549 592 607 illustris
619 546 743 602 ﬁdei
770 544 971 599 athleta
999 539 1344 602 Athanasius,
1366 536 1561 606 ingens
1582 533 1684 589 sibi
1706 531 1915 585 lucrum
1949 538 2006 584 et
2035 527 2318 582 utilitatem
2347 522 2520 587 duxit,
2551 518 2693 590 quod
2715 518 2873 574 unius
2900 515 3271 572 recordaretur
3296 514 3459 568 Antov

208 650 324 715 nii;
354 662 489 717 quas
530 643 657 700 ﬁdei
685 640 946 705 ﬂammas,
981 651 1117 709 quos
1144 635 1402 690 virtutum
1450 628 1711 701 igniculos
1755 626 1807 681 in
1840 624 2116 680 hominum
2145 619 2339 721 animis
2365 615 2698 721 excitabant
2726 621 2807 721 tot
2835 620 3134 721 martyrum
3153 612 3460 719 .trabeatzn,

208 755 294 803 tot
309 708 650 816 purpuram,
678 747 760 794 tot
782 708 1009 793 russatai
1033 743 1243 798 turma),
1277 732 1376 787 sub
1402 728 1561 783 unius
1587 724 1706 780 ﬁdei
1744 721 1982 800 rutilanti
2012 717 2284 816 ﬂammula
2309 712 2621 816 militantes,
2636 717 2705 816 .et
2728 708 2956 816 diversis
2982 708 3218 816 victoria:
3242 708 3459 761 coronis

210 803 523 909 insignita?
570 803 650 891 tot
692 835 1083 897 confessorum,
1132 837 1212 884 tot
1237 827 1506 899 virginum
1550 828 1866 894 pmtextata
1914 817 2159 887 agmina,
2205 814 2257 868 in
2303 812 2543 866 diversas
2568 808 2822 863 cohortes
2858 806 3079 871 tributa,
3114 803 3460 871 diversosque

210 936 477 991 virtutum
500 930 804 1001 manipulos
831 944 953 984 cum
978 924 1338 982 exsultatione
1359 913 1838 975 circumferentia?

283 1028 416 1082 Inde
443 994 669 1090 factum,
696 1032 758 1078 ut
782 1038 905 1078 cum
928 1023 1059 1077 Acta
1087 1028 1383 1089 martyrum
1409 1022 1557 1070 tanta
1580 1028 1711 1067 cura
1736 1020 1792 1064 et
1819 1008 2095 1080 diligentia
2126 1003 2447 1076 perquisita,
2471 1016 2569 1071 per
2594 999 2835 1055 notarios
2860 1005 3060 1054 sancta:
3086 995 3342 1051 Romana:
3365 994 3467 1051 Ec-

208 1124 393 1180 clesia:
418 1123 743 1192 conscripta,
773 1128 870 1189 per
898 1116 1151 1172 diaconos
1172 1111 1406 1183 cognita,
1436 1124 1500 1163 ac
1523 1108 1737 1164 demum
1763 1120 1860 1176 per
1886 1104 2029 1174 ipsos
2053 1102 2325 1157 Romanos
2360 1097 2642 1170 pontiﬁces
2664 1096 2911 1165 probata,
2944 1101 3105 1192 atque
3129 1089 3464 1160 in‘Ecclesim

208 1217 451 1272 archivis
476 1188 845 1278 recon-dita,rin
862 1212 1181 1266 immensum
1203 1210 1582 1261 excrescerent
1597 1242 1613 1267 ,
1636 1202 1799 1257 breve
1819 1214 1886 1255 ex
1908 1198 2098 1253 iisdem
2118 1194 2553 1268 Martyrologium
2578 1191 2886 1255 conﬁceret,
2903 1204 3011 1261 quo
3035 1188 3150 1243 dies
3174 1194 3380 1241 tantum
3408 1192 3466 1239 et

212 1313 367 1369 locus
410 1310 700 1382 passionis,
727 1318 787 1362 ut
827 1307 990 1363 habet
1015 1304 1075 1361 S.
1107 1301 1419 1371 Gregorius,
1456 1305 1767 1363 notaretur;
1797 1302 1954 1365 atque
1985 1293 2056 1347 ita
2093 1291 2304 1347 facilius
2330 1305 2517 1345 eorum
2547 1285 2805 1382 memoria
2832 1280 3303 1382 sacrisjdiptychis
3328 1279 3470 1382 inse-

212 1376 461 1473 reretur,
491 1415 548 1462 et
576 1404 894 1463 eorumdem
914 1402 972 1457 in
1005 1399 1272 1456 Missariis
1301 1395 1578 1453 solemniis
1601 1389 2042 1449 commemoratio
2062 1387 2233 1442 ﬁeret.
2260 1384 2413 1453 Quod
2438 1383 2654 1454 quidem
2685 1379 3119 1452 Martyrologium
3140 1376 3465 1433 Viennensis

214 1503 658 1574 archiepiscopus
700 1500 836 1564 Ado,
861 1512 983 1552 cum
1008 1498 1275 1551 Ravenna:
1300 1493 1702 1556 ecclesiasticis,
1734 1498 1793 1545 ut
1821 1490 2006 1555 credo,
2036 1486 2265 1558 negotiis
2294 1490 2584 1554 occupatus
2611 1488 2940 1546 versaretur,
2968 1495 2995 1533 a
3026 1488 3211 1574 sancto
3236 1476 3468 1574 quodam

213 1570 474 1670 episcopo
501 1570 715 1663 nactus,
747 1595 838 1666 qui
868 1595 920 1649 id
950 1611 980 1649 a
1006 1594 1252 1648 Romano
1289 1591 1544 1663 pontiﬁce
1581 1595 1885 1659 acceperat,
1924 1601 2024 1642 suo
2050 1581 2428 1653 Martyrologio
2456 1575 2836 1670 prmﬁgendum
2864 1574 3046 1670 duxit;
3077 1571 3195 1670 ejus
3220 1570 3471 1670 yidelicet

216 1664 450 1759 memor,
479 1694 619 1763 quod
650 1692 719 1746 ab
754 1664 1066 1746 Innocentio
1110 1689 1285 1744 lolim
1336 1688 1596 1757 scriptum
1625 1700 1639 1739 :
1667 1685 1870 1754 (lnnoc.
1903 1682 1944 1747 l,
1975 1682 2125 1752 epist.
2164 1677 2256 1741 25,
2302 1677 2370 1729 ad
2425 1673 2679 1744 synodum
2705 1668 2978 1733 Chalced.,
3029 1665 3169 1738 apud
3213 1664 3469 1763 August.,

218 1788 420 1857 3pm.).
440 1760 512 1845 Ut
530 1788 655 1843 inde
683 1795 957 1842 sumerent
986 1793 1197 1840 caetera:
1222 1782 1483 1847 ecclesim,
1514 1779 1657 1835 velut
1693 1780 1757 1835 de
1784 1777 1945 1832 natali
1969 1791 2067 1832 suo
2097 1774 2241 1829 fonte
2271 1786 2423 1843 aqua:
2457 1776 2662 1824 cuncta:
2700 1765 3061 1829 irocederent,
3087 1770 3141 1817 et
3165 1776 3269 1831 per
3289 1760 3471 1815 diver-

218 1896 312 1937 sas
342 1884 505 1937 totius
534 1883 719 1937 mundi
748 1882 991 1953 regiones
1024 1881 1145 1952 puri
1169 1880 1361 1950 capitis
1390 1878 1713 1948 incorrupta:
1736 1880 2100 1931 remanerent.

289 1977 430 2031 Fero
452 1992 594 2032 nunc
620 1977 686 2031 ad
711 1948 1063 2032 San'ctitatem
1098 1948 1342 2032 Vestram
1375 1974 1538 2028 Vetus
1565 1973 1668 2027 hoc
1695 1958 2077 2030 Romanorum
2093 1967 2525 2040 Martyrologium
2544 2003 2559 2029 9
2597 1958 2739 2033 (ΙυσιῙ
2766 1954 3059 2031 δι’θὶζοτίίιε
3083 1948 3472 2055 Ροηίίίθῖξῐξξμ

216 2070 401 2126 ximus
422 2071 490 2124 ad
516 2070 796 2139 Eulogium
819 2070 1237 2125 Alexandrinum
1257 2070 1567 2142 episcopum
1588 2070 1851 2134 scribens,
1875 2082 1973 2138 per
1991 2067 2176 2121 orbem
2198 2064 2506 2117 universum
2528 2059 2825 2128 dispersum
2848 2064 2904 2110 et
2924 2052 3134 2123 optath
3148 2044 3474 2105 etcredidit.

218 2163 364 2219 Fero
391 2164 536 2234 quod
562 2163 682 2219 Ado
710 2166 868 2220 annis
896 2165 1093 2223 abhinc
1121 2164 1446 2238 octingentis
1499 2165 1637 2221 tanti
1670 2164 1822 2228 fecit,
1842 2170 1913 2217 ut
1942 2160 2248 2216 venerabile
2276 2167 2331 2213 et
2373 2156 2749 2227 perantiquum
2794 2149 3025 2214 duxerit,
3074 2146 3282 2216 sibique
3327 2143 3477 2198 velut

219 2261 395 2331 prima
445 2261 625 2330 Operis
668 2261 751 2315 sui
787 2259 1112 2315 lineamenta
1147 2261 1463 2315 adumbrata
1511 2258 1869 2329 proposuerit,
1902 2256 2044 2326 quod
2074 2255 2185 2310 suis
2219 2267 2408 2307 rursus
2437 2248 2707 2305 coloribus
2730 2247 2996 2317 pingeret,
3034 2241 3169 2297 lucis
3194 2238 3477 2310 Splendore

222 2355 541 2410 illustraret.
574 2355 716 2410 Fero
742 2352 885 2424 quod
915 2356 980 2411 ad
1028 2355 1171 2411 hunc
1196 2369 1368 2425 usque
1394 2355 1537 2409 diem
1562 2353 1754 2408 latuit:
1780 2353 1934 2423 cujus
1959 2350 2227 2406 desiderio
2254 2356 2533 2416 tantopere
2555 2343 2815 2415 ﬂagrabat.
2840 2337 3131 2396 cardinalis
3184 2334 3475 2401 Baronius,
3502 2382 3507 2385 ,

221 2460 285 2505 ut
305 2451 473 2505 animi
495 2452 575 2506 sui
615 2452 785 2508 testes
810 2451 1021 2507 tabulas
1047 2460 1263 2507 exstare
1293 2450 1477 2515 voluit,
1501 2449 1696 2520 quibus
1723 2448 1988 2505 editorcm
2023 2448 2302 2510 excitaret,
2334 2451 2389 2500 et
2414 2441 2641 2515 gratiam
2669 2446 2792 2493 ante
2818 2435 3137 2492 beneﬁcium
3163 2441 3472 2504 reponeret.

223 2543 345 2599 Hoc
367 2543 1003 2616 igitinartyrologium
1037 2544 1287 2600 ﬁdentius
1305 2545 1374 2599 ad
1405 2543 1756 2599 Sanctitatem
1788 2544 2029 2599 Vestram
2057 2541 2259 2604 defero,
2285 2547 2489 2610 quanto
2516 2536 2750 2607 plurium
2774 2533 3218 2605 gravissimorum
3238 2531 3477 2593 virorum

227 2641 527 2714 patrocinio
557 2643 871 2699 comitatum
902 2641 1069 2696 venit.

297 2761 529 2829 Ailjunxi
564 2763 731 2834 ipsius
761 2762 964 2817 Adonis
992 2754 1731 2826 Viennensis‘arcb'tepismpi
1760 2751 2218 2824 Martyrologium,
2247 2764 2312 2805 ea
2340 2748 2444 2805 ﬁde
2469 2764 2711 2821 curaque
2750 2749 3097 2812 recensitum,
3124 2751 3183 2799 ut
3209 2741 3479 2798 afﬁrmare

221 2867 334 2908 non
381 2868 572 2929 verear
594 2870 783 2925 parum
813 2853 863 2908 id
891 2869 921 2908 a
949 2854 1157 2908 calamo
1191 2859 1478 2920 menteque
1532 2847 1770 2903 auctoris
1813 2846 2023 2901 abesse.
2071 2844 2334 2899 Intererat
2379 2842 2623 2914 profecto
2665 2842 2993 2912 Reipublicae
3052 2837 3372 2929 Christianas
3411 2847 3481 2888 ne

222 2946 357 3015 quid
386 2928 565 3017 magni
596 2947 698 3001 viri
738 2947 892 3001 titulo
917 2947 1189 3018 legeretur
1220 2943 1362 3014 quod
1407 2942 1576 3011 ipsius
1604 2957 1711 2996 non
1739 2950 1904 3005 esset,
1954 2952 2023 2992 ne
2061 2934 2191 3006 quid
2237 2943 2549 3004 corruptum
2603 2934 2719 3003 ejus
2750 2934 2969 2989 nomine
3011 2928 3497 3018 circumferretur,

224 3036 406 3092 aliena
436 3046 675 3101 assutum
719 3052 916 3103 manu;
954 3017 1023 3092 ne
1049 3035 1148 3089 viri
1174 3032 1550 3090 auctoritatem
1573 3040 1756 3086 secuta
1783 3028 2094 3102 pesterilas,
2120 3026 2322 3082 erroris
2362 3025 2630 3081 funiculus
2664 3034 2933 3091 necteret;
2969 3040 3037 3079 ne
3066 3034 3278 3092 quoque
3304 3017 3481 3072 Adoni

220 3125 524 3195 quidquam
549 3124 968 3195 abjudicaretur,
996 3125 1080 3181 cui
1112 3123 1475 3180 certissimum
1521 3122 1590 3176 ab
1631 3120 1874 3176 unanimi
1900 3118 2148 3176 codicum
2195 3115 2451 3203 svragio
2498 3117 2863 3172 testimonium
2891 3124 3053 3171 esset.
3088 3112 3147 3168 ld
3184 3111 3317 3166 olim
3350 3109 3485 3203 tanti

224 3214 361 3272 fecit
390 3216 641 3289 Aloysius
684 3218 1012 3288 Lipomanus
1054 3214 1380 3271 Veronensis
1427 3215 1661 3283 primum
1689 3213 2011 3283 episcopus,
2045 3209 2169 3264 inde
2211 3201 3121 3281 Bergnniensis,.vir.grav.issimus.
3168 3212 3226 3259 et
3269 3201 3485 3262 concilii

223 3302 532 3360 Tridentiui
563 3321 686 3361 cum
712 3305 930 3378 collegis
959 3321 1181 3376 praeses,
1215 3312 1275 3358 ut
1299 3318 1434 3358 auro
1458 3311 1640 3357 contra
1672 3300 1900 3354 charum
1932 3299 2167 3354 duxerit.
3458 3306 3463 3311 ·

300 3391 431 3448 Haec
475 3394 639 3466 igitur
661 3396 842 3451 omnia
888 3396 955 3451 ad
984 3394 1284 3450 Romanam
1317 3393 1497 3449 sedem
1526 3390 1730 3454 defero,
1759 3390 2102 3445 sanctissime
2128 3389 2312 3458 Pater,
2336 3392 2403 3447 ad
2436 3391 2588 3461 cujus
2634 3390 2758 3447 olim
2794 3393 3115 3449 insessorcm
3143 3388 3484 3446 Theodorum

224 3495 426 3550 papam
457 3481 696 3538 Africani
720 3483 910 3539 Patres
938 3499 1036 3539 sua
1064 3482 1334 3547 detulere;
1365 3494 1618 3551 magnum
1652 3479 1837 3547 utique
1881 3488 1937 3532 et
1975 3479 2373 3535 indcﬁcientcm
2409 3482 2657 3538 omnibus
2700 3483 3026 3539 Christianis
3057 3482 3254 3538 fluenta
3285 3482 3484 3538 redun-

228 3573 454 3628 dantem
480 3576 620 3644 apud
662 3574 1012 3644 apostolicam
1078 3572 1261 3628 sedem
1305 3571 1604 3626 consistere
1634 3568 1860 3633 fontem,
1892 3568 2029 3622 nihil.
2054 3570 2410 3639 ambigentes.
2448 3571 2524 3626 De
2549 3588 2656 3642 quo
2689 3574 2841 3627 rivuli
2871 3574 3156 3642 prodeunt,
3204 3571 3487 3627 afﬂuenter

228 3658 542 3717 universum
594 3662 894 3734 largissime
935 3662 1221 3732 irrigantes
1269 3660 1455 3717 orbem
1502 3658 1961 3715 Christianorum.
2006 3657 2103 3713 Cui
2149 3659 2312 3713 etiam
2358 3660 2409 3714 in
2458 3662 2716 3717 honorem
2764 3662 3060 3717 beatissimi
3090 3661 3236 3716 Petri
3262 3660 3483 3716 Patrum

228 3751 451 3806 decreta
478 3753 805 3822 peculiarem
848 3753 1398 3811 omnem.decrevere
1440 3748 1836 3814 reverentiam,
1885 3750 1940 3803 in
1987 3749 2329 3819 requirendis
2379 3748 2473 3805 Dei
2514 3751 2693 3807 rebus.
2735 3751 2866 3822 Quae
2892 3753 3111 3808 omnino
3159 3762 3217 3808 et
3258 3752 3487 3810 sollicite

230 3839 452 3907 debent,
483 3843 716 3898 maxime
745 3858 872 3899 vero
899 3841 1152 3913 justeque
1193 3842 1262 3897 ab
1293 3844 1409 3913 ipso
1437 3842 1728 3911 praesulum
1779 3839 2078 3895 examinari
2114 3839 2317 3895 vertice
2357 3841 2650 3912 apostolico
2694 3860 2708 3896 :
2740 3843 2894 3915 cujus
2936 3852 3148 3899 vetusta
3178 3842 3486 3900 sollicitudo

223 3940 323 3989 est
350 3941 458 3986 tam
485 3933 623 3988 mala
650 3934 928 4000 damnare,
957 3949 1118 4004 quam
1144 3934 1373 4004 probare
1403 3930 1697 3987 laudanda.
2650 3960 2653 3963 λ
2830 3960 2833 3961 ν

314 4022 505 4092 Accipe
535 4023 714 4093 igitur,
745 4021 1097 4079 Sanctissime
1135 4023 1317 4090 Pater,
1369 4022 1469 4078 has
1514 4022 1717 4093 primas
1761 4028 2070 4077 sanctorum
2099 4020 2402 4091 primitias;
2433 4029 2488 4077 et
2530 4030 2591 4077 nt
2630 4023 2760 4079 olim
2800 4023 2953 4079 Pauli
2982 4023 3000 4079 Ι
3028 4014 3290 4081 beneﬁcio
3329 4041 3487 4082 sacra

225 4122 549 4171 sanctorum
579 4113 815 4185 lipsana,
848 4114 1106 4185 collapsis
1131 4122 1397 4170 vetustate
1442 4111 1791 4175 cmmeteriis,
1834 4126 1934 4181 per
1973 4104 2188 4175 titulos,
2232 4110 2537 4177 diaconias,
2565 4120 2619 4167 et
2648 4115 2971 4170 monasteria
2999 4114 3151 4172 fuere
3180 4116 3488 4181 distributa,

230 4212 302 4258 ut
346 4204 457 4259 aris
500 4205 917 4271 honorarentur,
943 4212 1267 4259 ornarentur
1297 4203 1598 4267 memoriis,
1644 4202 1718 4256 ita
1764 4199 1918 4256 Pauli
1962 4198 2005 4254 V
2050 4198 2371 4254 beneﬁcium
2415 4200 2667 4271 loquatur
2702 4203 3022 4273 posteritas,
3063 4205 3208 4262 ouod
3259 4205 3490 4263 latentes

224 4300 552 4348 sanctorum
576 4294 705 4369 vita:
725 4293 781 4350 in
807 4301 1054 4364 apertum
1079 4294 1462 4365 producantur,
1492 4299 1550 4347 et
1575 4291 1753 4347 lucem
1789 4290 2076 4359 aspiciant.
2108 4289 2185 4343 ιω
2218 4305 2427 4345 voveo:

2057 4405 2341 4463 Sanctitati
2377 4407 2573 4464 Vestra:
2607 4411 2819 4467 devotus
2853 4412 3012 4480 ﬁlius.

2422 4496 2765 4557 HERIBERTUS
2809 4502 3143 4562 Roswsvnus
3182 4505 3241 4561 S.
3285 4507 3335 4563 εἰ.

250 4654 1502 4682 W

1516 4659 3486 4695 ww

1325 4810 1758 4890 LECTORI
1837 4809 2347 4890 SALUTEM.

309 5105 481 5186 Yetus
505 5107 934 5186 hoc_Roma_num
980 5109 1415 5186 Martyrologium
1457 5114 1713 5186 expressi
1741 5128 1810 5171 ex

230 5182 430 5255 codice
460 5196 601 5255 mss.
619 5182 962 5255 Pantaleonis
989 5182 1365 5255 quaa'Colonize
1390 5201 1421 5239 e
1454 5182 1815 5240 DIBenedicti

230 5252 447 5336 [fmilia
475 5253 704 5336 celebris
728 5254 958 5336 abbatia
984 5252 1107 5336 est,
1125 5270 1283 5336 quem
1329 5255 1459 5336 mihi
1489 5255 1816 5336 perbenigne

229 5322 528 5378 Carthusia
555 5322 895 5380 Coloniensis
937 5322 1203 5380 submisit.
1239 5322 1525 5380 Prmﬁxum
1571 5325 1672 5379 hoc
1700 5322 1820 5379 erat

228 5390 868 5478 Adonis-ﬁlartyrologio,
900 5395 1154 5478 caui.Ado_‘
1187 5395 1301 5465 ipse
1327 5394 1469 5478 olim.
1489 5394 1816 5478 praedixerat,

228 5463 317 5514 uti
365 5468 593 5516 testatur
640 5463 1068 5534 ejus’praefatio.
1112 5463 1295 5519 Ex‘eo
1351 5463 1536 5520 codice
1584 5463 1815 5520 Jacobus

228 5530 563 5612 Euander,
608 5531 914 5612 carthusias
948 5533 1282 5612 qupniensis
1328 5535 1650 5612 religiosus,
1692 5544 1816 5612 ante

229 5614 413 5678 annos
480 5600 685 5678 aliquot
746 5603 947 5678 Adonis
1012 5600 1457 5678 Martyrologium
1509 5600 1812 5675 expressit,

229 5670 445 5725 omisso
489 5670 807 5747 hoc‘veteri
859 5673 1105 5747 Romano
1152 5670 1531 5746 Martyrologio
1556 5670 1594 5747 ςῘ
1622 5690 1815 5747 magno

232 5741 572 5864 :amoejus
612 5742 667 5797 in
714 5744 992 5800 doctorum
1018 5746 1255 5800 virorum
1286 5741 1480 5801 animis
1509 5746 1696 5801 relicto
1714 5741 1815 5801 de-

270 5826 287 5863 ι
449 5847 464 5864 .
1670 5826 1673 5831 ’

270 5826 464 5864 1081⁵10.
1670 5826 1673 5831 ’

1984 5111 2110 5190 Etsi
2123 5116 2258 5190 duos
2267 5116 2490 5190 codices
2517 5131 2646 5172 mss.
2670 5113 3032 5190 Martyrologii
3057 5118 3260 5175 Adonis
3286 5121 3491 5175 habue-

1915 5186 2018 5240 rim
2059 5186 2153 5260 (de
2169 5186 2365 5256 quibus
2391 5187 2685 5260 dica_m_ad
2734 5186 2908 5260 ipsum
2951 5188 3235 5260 Adonem),
3285 5191 3336 5244 in
3369 5191 3488 5245 solo

1918 5256 2094 5310 tamen
2140 5256 2242 5311 huc
2287 5256 2447 5312 tertio
2491 5256 2546 5311 S.
2582 5256 2950 5320 Pantaleonis,
2977 5269 3131 5314 vetus
3161 5256 3262 5315 hoc
3290 5259 3489 5313 Roma-

1917 5340 2045 5410 num
2070 5325 2519 5410 .Martyrolog‘ium
2557 5330 2877 5410 comparuit.
2912 5327 3292 5410 Quaresicubi
3330 5343 3492 5410 error

1918 5396 2115 5478 aliquis
2143 5396 2443 5479 irrepsenrit,
2494 5396 3257 5479 memineris_quamudiﬂlc’i_le
3284 5398 3394 5479 .sit.
3421 5412 3488 5452 ex

1920 5467 2078 5521 unius
2105 5466 2306 5522 codicis
2335 5467 2437 5522 ﬁde
2455 5509 2469 5532 ,
2499 5482 2618 5535 qua:
2643 5466 2875 5523 subinde
2900 5468 3135 5530 vacillat,
3180 5466 3490 5521 ﬁdelissime

1921 5536 2102 5590 omnia
2154 5538 2477 5607 exprimere.
2541 5537 2772 5607 Operam
2823 5546 2968 5593 certe
3023 5537 3145 5593 dedi
3205 5545 3268 5607 ut
3327 5551 3488 5606 quam

1924 5607 2156 5677 maxima
2205 5606 2309 5664 ﬁde
2356 5606 2597 5663 haberes
2627 5623 2829 5663 omnia.
2876 5607 3013 5661 Hinc
3058 5606 3315 5677 paucula,
3371 5620 3492 5677 quae

1922 5676 2262 5730 videntur'ab
2297 5678 2630 5745 exscriptore
2656 5679 2878 5739 inserta,
2910 5674 3248 5744 quod‘Adoni
3289 5674 3490 5740 desint,

1923 5745 2242 5825 q_ui.vete.ris
2277 5748 2445 5825 hujus
2490 5746 2848 5825 Martyrologii
2877 5745 3135 5825 .vestigiis
3156 5760 3383 5825 semper.
3413 5747 3494 5799 iu.-

1926 5814 2086 5878 sistit,
2121 5815 2325 5883 virgula
2352 5814 2529 5870 notavi
2554 5826 2606 5868 ct
2630 5814 2689 5868 iu
2722 5816 2963 5883 margine
2990 5817 3168 5869 montti
3215 5814 3384 5869 Adoni
3428 5829 3492 5868 ca
