4024 6362
583 392 685 447 H3

1568 379 1910 448 SCADONIS
1948 391 2370 448 ARCI‘ll'EPlSC.
2419 392 2824 450 V'IENNENSIS

3714 398 3815 452 144

575 508 778 578 deesse.
812 506 876 560 Et
923 507 1138 575 quidem
1189 508 1387 562 inserta
1414 505 1662 578 illa‘fere
1691 505 2005 578 Coloniam,
2047 505 2138 560 ubi
2167 513 2212 570 Α
2243 507 2529 578 prietatum
2559 507 2948 574 exsultatione,
2998 523 3138 562 nunc
3185 524 3250 564 ex
3300 507 3700 578 municipalium
3727 528 3816 566 so-

573 578 709 631 liber
731 577 816 632 hic
837 578 1069 646 scriptus
1093 587 1226 638 erat.
1250 587 1304 632 et
1324 577 1493 630 vicina
1513 575 1631 630 loca
1655 584 1917 646 spectant.
1940 576 2138 630 Eorum

575 647 834 701 rationem
863 647 950 700 hic
973 648 1023 700 iu
1053 648 1411 701 notationibus
1433 646 1690 700 invenies.

646 716 932 771 Enimvero
983 725 1134 770 vetus
1177 717 1276 771 hoc
1323 716 1619 784 Romanum
1661 714 2095 784 Martyrologium
2121 754 2138 778 ,

572 787 774 840 fontem
813 800 932 840 esse
973 786 1212 840 omnium
1241 785 1464 839 aliorum
1505 783 2138 854 Martyrologiorum,qui

572 855 656 909 vel
703 855 894 910 leviter
936 855 1247 923 inspexerit,
1281 869 1386 908 non
1433 852 1694 908 dubitabit
1722 852 1996 923 asserere.
2025 853 2142 907 Ado

573 935 721 980 certe
746 940 813 980 ex
845 925 943 978 hoc
972 921 1116 978 fonte
1142 939 1266 978 suas
1288 938 1456 993 aquas
1485 923 1764 977 derivavit.
1791 923 1855 976 Et
1891 931 1952 993 ut
1975 921 2140 993 fontis

573 993 714 1048 latex
745 996 813 1047 ab
835 994 1041 1062 origine
1064 1009 1158 1047 sua
1187 992 1443 1048 recedens
1475 993 1671 1062 sensim
1708 992 1960 1062 augescit,
1995 1000 2050 1046 et
2070 992 2138 1062 _in

573 1064 744 1117 rivqu
776 1060 941 1132 aquis
976 1063 1208 1132 undique
1253 1061 1643 1117 conﬂuentibus
1688 1060 1828 1132 abii;
1877 1061 2018 1132 idem
2059 1060 2139 1114 fa-

570 1142 717 1204 ctum
759 1133 884 1204 huic
930 1131 1347 1204 lilartyrologioi:
1375 1132 1517 1200 quod
1564 1147 1705 1204 nunc
1731 1131 1928 1204 a__l_3eda
1949 1172 1962 1194 ,
1985 1145 2138 1204 _nu_nc

569 1203 638 1271 ab
675 1201 937 1271 Usuardo,
972 1200 1111 1256 nunc
1142 1203 1210 1267 ab
1226 1200 1439 1261 'Adoue.
1468 1216 1610 1255 nunc
1629 1202 1697 1255 ab
1726 1200 1844 1255 aliis
1878 1200 2136 1271 paulatim

569 1270 817 1325 increvit.
861 1270 1067 1326 Licebit
1106 1287 1248 1326 nunc
1293 1271 1361 1324 ad
1405 1271 1609 1340 fontem
1652 1270 1888 1340 digitum
1927 1284 2139 1338 semper

566 1340 866 1410 intendere.
902 1341 977 1395 Eo
999 1341 1143 1395 enim
1169 1341 1274 1396 ﬁne
1301 1350 1463 1410 caput
1488 1339 1674 1407 fontis,
1702 1339 1844 1409 quod
1876 1340 2137 1395 hactenus

569 1409 790 1475 latebat,
823 1411 874 1464 in
907 1420 1150 1480 apertum
1181 1410 1428 1480 produxi.
1561 1425 1565 1429 '

762 1500 1139 1568 Tertullianus,
1167 1501 1231 1556 de
1258 1501 1462 1556 Corona
1488 1500 1688 1567 militis,
1722 1517 1836 1570 cap.
1871 1502 1961 1556 15.

562 1589 564 1592 ’
639 1591 940 1647 Coronatur
981 1602 1034 1647 et
1079 1591 1289 1662 vulgus,
1320 1607 1464 1646 nunc
1504 1606 1569 1646 ex
1611 1591 1986 1662 principalium
2017 1605 2142 1661 pro-

2265 578 2578 648 emnitatum
2609 578 2971 646 proprietate:
2996 589 3049 633 et
3071 587 3153 631 est
3170 580 3346 633 omnis
3368 579 3590 648 publicae
3616 581 3818 636 laetitia:

2246 646 2456 718 luxuria
2481 648 2766 718 captatriix.
2791 649 2894 701 Sed
2912 658 2970 718 tu
2993 648 3308 718 peregrinus
3336 646 3394 703 es
3422 650 3605 704 mundi
3635 650 3816 718 hujus,

2245 716 2379 789 civis
2407 731 2652 789 superna:
2674 716 3028 789 _llie_rusaler_n.
3055 716 3276 789 _b_lo_ster,
3304 718 3494 787 inquit,
3527 716 3819 789 municipa-

2247 794 2332 857 t_us
2369 787 2420 838 in
2448 786 2599 857 caelis
2635 784 2854 855 (Philip.
2904 785 3006 857 ιιι).
3038 785 3229 857 Habes
3273 784 3395 857 tuus
3435 803 3648 855 census,
3695 784 3818 844 tuos

2246 854 2439 920 fastos;
2473 855 2605 909 nihil
2638 856 2730 909 tibi
2759 854 2880 909 eam
2912 854 3121 926 gaudiis
3148 856 3350 910 saeculi.

2696 968 3008 1040 Cyprianus,
3045 970 3259 1040 epistola
3279 969 3348 1023 57

2315 1061 2439 1115 Dies
2474 1075 2692 1140 eorum,
2736 1061 2929 1141 quibus
2952 1060 3252 1125 excedunt,
3280 1061 3552 1142 adnotate,
3585 1069 3642 1114 ut
3668 1076 3818 1115 com-

2243 1139 2657 1201 inemorattones
2689 1145 2874 1184 eorum
2913 1139 3368 1186 interimemorias
3402 1140 3697 1201 martyrum
3723 1146 3818 1186 ce-

2242 1199 2452 1255 lebrare
2478 1201 2765 1268 possimus.

2347 1289 2688 1360 Augustinus,
2719 1289 2806 1344 lib.
2832 1306 2923 1354 xx,
2953 1299 3131 1343 contra
3157 1289 3206 1342 F
3209 1299 3440 1356 austum,
3474 1308 3591 1360 cap.
3613 1291 3677 1344 51

2319 1380 2551 1452 Populus
2571 1380 2913 1452 Christianus
2934 1381 3220 1452 memorias
3240 1391 3537 1452 martyrum
3558 1380 3816 1452 religiosa

2247 1451 2585 1506 solemnitate
2623 1451 2979 1516 concelebrat,
3009 1461 3062 1504 et
3089 1451 3157 1505 ad
3181 1451 3518 1505 excitandam
3553 1451 3814 1504 imitatio-

2248 1534 2389 1583 nem,
2420 1529 2474 1574 et
2502 1529 2562 1573 ut
2588 1520 2796 1575 meritis
2823 1535 3008 1575 eorum
3033 1520 3392 1586 consocietur,
3421 1529 3581 1589 atque
3607 1519 3814 1576 oratio-

2247 1590 2402 1645 nibus
2428 1589 2728 1658 adjuvetur.

1145 1883 1248 1945 DE
1293 1881 1455 1946 HOC
1497 1881 1790 1943 VETEBI
1833 1879 2176 1941 ROMANO
2221 1879 2862 1942 MARTYROLOGIO
2905 1881 3224 1944 ELOGIA.

2077 2051 2313 2068 ψ

567 2149 853 2220 Gregorius
885 2167 1020 2221 papa
1055 2151 1124 2204 ad
1145 2149 1467 2226 ‘Eulggiuin,
1501 2154 1794 2226 episcopum
1827 2152 2138 2207 Alexandri—
2168 2159 2212 2217 Β
2242 2151 2353 2204 Αάο
2388 2149 2687 2206 Viennensis
2709 2150 3012 2221 arcltiepisc.
3035 2151 3091 2226 in
3117 2150 3422 2221 pra'fatione
3443 2151 3810 2226 Μανίῳ-σιοειῆ

901 2237 1045 2286 num,
1077 2221 1226 2292 epist.
1253 2221 1345 2287 29,
1376 2222 1466 2277 lib.
1502 2221 1596 2290 vit,
1627 2221 1740 2279 ind.
1772 2226 1826 2278 1.

557 2359 562 2368 .
598 2381 606 2384 _
635 2309 745 2384 Nos
783 2326 918 2380 pene
957 2311 1193 2384 omnium
1240 2322 1568 2384 martyrum,
1601 2314 1867 2369 distinctis
1895 2328 1993 2382 per
2020 2313 2135 2384 dies

564 2381 805 2450 singulos
831 2382 1192 2450 passionibus,
1220 2381 1440 2436 collecta
1473 2384 1526 2437 in
1572 2400 1675 2437 una
1704 2381 2130 2439 codice’nomina

523 2463 526 2468 '
567 2451 859 2513 habemus,
885 2461 1045 2520 atque
1088 2452 1414 2520 quotidianis
1460 2453 1646 2508 diebus
1671 2454 1722 2507 in
1757 2469 1940 2508 eorum
1975 2467 2135 2507 vene-

564 2521 772 2575 ratione
810 2521 1092 2575 Missarum
1137 2521 1394 2576 solemnia
1430 2523 1638 2591 agimus
1676 2542 1687 2576 :
1718 2539 1824 2578 non
1859 2532 2035 2577 tamen
2078 2522 2132 2577 in

562 2591 749 2662 eodem
777 2591 1060 2652 volumine,
1094 2593 1212 2662 quis
1234 2592 1462 2662 qualith
1485 2594 1553 2647 sit
1581 2609 1788 2662 passus,
1821 2592 2088 2647 indicatur
2112 2608 2128 2658 ;

563 2661 677 2732 sed
715 2662 1083 2732 tantummodo
1131 2661 1279 2716 locus
1323 2671 1378 2716 et
1423 2663 1537 2717 dies
1582 2661 1848 2731 passionis
1892 2663 2129 2732 ponitur.

565 2729 808 2801 Undeﬂﬁt
862 2740 922 2784 ut
949 2731 1102 2785 multi
1125 2748 1192 2786 ex
1221 2732 1445 2786 diversis
1479 2729 1636 2786 terris
1658 2743 1819 2801 atque
1844 2729 2133 2801 provinciis

561 2815 665 2872 per
696 2800 814 2856 dies
861 2802 967 2872 (uti
995 2801 1253 2872 praedixi)
1285 2801 1522 2872 singulos
1552 2800 1946 2872 cognoscantur
1986 2818 2133 2855 mar-

563 2869 703 2990 tiyrio
732 2869 1099 2925 corobatifSc
1125 2869 1240 2925 ιιωο
1263 2869 1462 2926 habere
1502 2887 1596 2927 vos
1624 2869 1974 2927 beatissimos
2011 2887 2133 2925 cre-

563 2956 576 2990 ι
600 2955 754 2990 Imus.

560 2955 754 2993 ulmus.

560 3029 824 3085 Baronius
857 3032 909 3085 in
939 3030 1314 3101 prolegomenis
1343 3030 1413 3083 ad
1457 3029 1891 3100 Martyrologium
1934 3028 2131 3083 Roma-

1155 3118 1299 3167 num,
1342 3117 1459 3170 cap.
1499 3101 1554 3156 8.
1754 3142 1786 3177 ο

631 3191 742 3246 Hoc
754 3193 935 3264 ipsum
958 3193 1184 3262 simplex
1205 3196 1405 3264 absque
1429 3194 1532 3248 alio
1552 3192 2132 3264 additamentoRoma-

559 3277 685 3315 num
751 3262 1228 3334 Martyrologium,
1281 3262 1530 3332 idemque
1577 3263 1874 3332 perbreve,
1924 3263 1976 3315 in
2026 3277 2132 3334 quo

558 3339 772 3405 tantum
798 3333 1013 3405 nomina
1054 3333 1386 3405 martyrum,
1429 3334 1596 3405 locus,
1621 3349 1684 3388 ac
1721 3333 1836 3405 dies
1865 3333 2130 3405 passionis

555 3402 714 3522 Reisiti
761 3403 1120 3467 haberentur,
1165 3400 1248 3458 est
1297 3403 1425 3458 illud
1473 3404 1644 3460 ipsum
1691 3400 2130 3470 cujus'memiuit

638 3487 690 3522 ο.
1375 3495 1378 3498 ~
1458 3504 1460 3506 τ

557 3475 690 3525 Ado.
1375 3495 1378 3498 ~
1458 3504 1460 3506 τ

2307 2310 2440 2382 iluic
2459 2311 2628 2382 operi,
2651 2311 2841 2382 utdies
2860 2319 3156 2382 martyrum
3181 2313 3459 2368 verissime
3485 2322 3810 2369 notarentur

2232 2381 2323 2450 qui
2355 2380 2562 2452 confusi
2594 2382 2646 2434 in
2675 2381 2927 2435 Kalendis
2959 2380 3340 2452 satisinveniri
3375 2383 3570 2448 solent,
3599 2383 3810 2452 adjuvit

2233 2450 2634 2523 venerabileet
2676 2453 3050 2520 perantiquum
3095 2450 3527 2523 Martyrologium
3569 2453 3638 2506 ab
3669 2450 3809 2507 urbe

2234 2519 2404 2593 l_{oma
2431 2521 2728 2593 Aquileiam
2761 2519 2970 2575 cuidam
3000 2531 3184 2593 saneto
3213 2519 3462 2593 episcopo
3487 2537 3516 2574 a
3551 2523 3809 2592 pontiﬁce

2235 2589 2811 2661 Romano'idirectum,
2857 2599 2914 2645 et
2957 2592 3084 2661 mihi
3105 2589 3460 2660 .postmodum
3501 2589 3808 2661 a'quodam

2234 2659 2481 2732 religioso
2507 2659 2674 2714 fratre
2714 2661 2914 2732 aliquot
2941 2659 3138 2714 diebus
3155 2662 3489 2732 praestitum;
3533 2659 3676 2730 quod
3705 2677 3809 2732 ego

2232 2731 2484 2800 diligente
2505 2745 2632 2784 cura
2657 2731 3056 2800 transcriptum,
3081 2732 3286 2798 positus
3307 2735 3444 2800 apud
3467 2730 3804 2796 Ravennam,

2234 2799 2285 2852 in
2313 2799 2488 2868 capite
2512 2800 2670 2868 hujus
2703 2801 2880 2870 operis
2907 2801 3207 2869 ponendum
3237 2799 3438 2868 putavi.

2727 2891 2990 2945 Baronius
3017 2891 3104 2944 ubi
3135 2907 3312 2960 supra.

2301 2979 2470 3053 Porro
2494 2981 2548 3035 in
2575 2981 2824 3053 omnibus
2847 2996 2963 3053 quae
2983 2981 3209 3053 viderim
3240 2981 3634 3053 Martyrologiis
3659 2983 3811 3038 Ado-

2231 3050 2316 3104 nis
2356 3051 2630 3120 impressis
2650 3091 2665 3114 ,
2697 3051 2822 3105 illud
2855 3051 3027 3120 ipsum
3065 3051 3235 3105 Roma
3266 3050 3554 3120 acceptum
3585 3053 3807 3107 deside-

2233 3129 2404 3174 ratur.
2463 3121 2740 3192 Egregiam
2785 3130 2967 3183 certe,
3018 3136 3083 3175 ac
3129 3121 3257 3192 viris
3309 3123 3534 3176 eruditis
3569 3122 3806 3192 dignam

2230 3199 2576 3259 optatamquc
2607 3190 2858 3245 navasset
2882 3205 3102 3260 operam
3135 3190 3436 3256 Mosauder,
3465 3193 3510 3246 si
3535 3190 3806 3258 ejusmodi

2233 3260 2441 3313 illustre
2476 3261 2757 3315 vetustatis
2788 3268 3214 3323 monumentum,
3239 3262 3381 3329 quod
3408 3262 3460 3316 in
3482 3276 3578 3314 suo
3609 3276 3807 3315 manu-

2231 3329 2646 3397 scriptoAdone
2678 3330 2863 3383 haberi
2911 3337 3155 3392 teStatur,
3191 3345 3293 3383 una
3339 3347 3457 3384 cum
3510 3331 3626 3399 ipso
3661 3329 3806 3384 Mar-

2231 3400 2497 3470 tyrologio
2523 3399 2721 3454 Adonis
2744 3438 2756 3462 ,
2790 3399 2931 3466 quod
2984 3407 3103 3468 post
3126 3399 3360 3470 “Surium
3384 3401 3472 3470 ad
3507 3401 3802 3470 septimum

2155 3507 2199 3568 Ο
2233 3468 2434 3522 tomum
2464 3469 2700 3523 Vitarum
2728 3477 3034 3524 sanctorum
3070 3468 3284 3537 adjecit,
3309 3468 3583 3525 edidisset;

1851 3629 3792 3655 *Μ

1103 3795 1464 3950 VETUS
1569 3795 2131 3949 ΒθΜΑΝΠΜ
2241 3789 3254 3950 ΜΑΒΤῩΒθΙιθϐΙΠΜ.

1427 4170 1593 4233 ADO
1635 4171 2064 4234 PECCATOR
2107 4173 2470 4235 LECTORI
2503 4171 2915 4236 SALUTEM.

1809 4075 2190 4090 ﬁ

622 4341 699 4396 Ne
743 4348 899 4412 putes
929 4355 1013 4395 me
1039 4341 1092 4395 in
1129 4342 1231 4397 hoc
1270 4357 1431 4414 opere
1463 4344 1516 4399 in
1559 4357 1788 4397 vacuum
1831 4340 2121 4405 laborasse,

547 4440 602 4486 et
647 4445 760 4484 rem
799 4443 906 4484 non
942 4431 1306 4485 necessariam
1335 4439 1644 4488 exsecutum
1674 4430 1859 4494 fuisse,
1889 4431 2124 4486 breviter

550 4523 644 4578 tibi
672 4537 888 4577 causam
918 4520 1044 4576 facti
1074 4523 1328 4592 aperiam.
1359 4523 1598 4578 Primum
1626 4521 1722 4576 fuit
1750 4522 2030 4592 imperium
2059 4537 2124 4576 ac

542 4614 716 4683 jussio
741 4622 1052 4669 sanctorum
1097 4614 1357 4678 virorum,
1387 4622 1445 4668 ut
1469 4613 1846 4684 supplerentur
1868 4614 2003 4679 dies,
2026 4612 2120 4682 qui

549 4706 752 4773 absque
778 4703 1088 4757 nominibus
1125 4711 1424 4772 martyrum
1456 4704 1508 4757 in
1538 4703 1917 4774 Martyrologio
1955 4701 2121 4772 (quod

2302 4341 2438 4396 lluic
2458 4340 2627 4410 operi,
2658 4348 2718 4394 ut
2747 4339 2863 4395 dies
2889 4347 3184 4408 martyrum
3219 4336 3498 4393 verissime
3537 4344 3802 4395 notaren-

2226 4439 2334 4495 tur,
2363 4432 2453 4500 qui
2499 4430 2706 4485 confusi
2757 4429 2809 4484 in
2857 4428 3108 4483 Kalendis
3151 4427 3280 4482 satis
3324 4427 3553 4482 inveniri
3598 4427 3801 4492 solent,

2226 4522 2429 4592 adjuvit
2459 4521 2766 4577 venerabile
2789 4530 2842 4576 ct
2867 4521 3241 4590 perantiquum
3271 4518 3707 4590 Martyrologium
3731 4519 3802 4573 ab

2227 4612 2359 4666 urbe
2397 4610 2568 4666 Roma
2617 4610 2916 4678 Aquileiam
2967 4609 3182 4663 cuidam
3232 4618 3417 4662 sancto
3460 4609 3720 4677 episcopo
3771 4623 3804 4662 a

2222 4703 2474 4773 pontiﬁce
2503 4702 2744 4756 Romano
2771 4701 3056 4765 directum,
3099 4709 3153 4755 et
3200 4700 3330 4753 mihi
3375 4699 3717 4769 postmodum
3768 4714 3800 4752 a

546 4793 872 4850 venerabilis
914 4791 1056 4848 Flori
1102 4793 1283 4847 studio
1315 4794 1367 4847 in
1398 4793 1584 4849 labore
1625 4793 1823 4848 domini
1850 4792 2004 4848 Beda:
2032 4808 2123 4848 ae-
2147 4789 2200 4846 D
2226 4794 2456 4864 quodam
2487 4792 2737 4861 religioso
2784 4788 2951 4843 fratre
2994 4789 3197 4858 aliquot
3236 4789 3426 4843 diebus
3471 4789 3798 4858 praestitum.

547 4881 812 4953 creverat)
845 4890 1052 4936 tantum
1086 4883 1253 4935 notati
1283 4892 1454 4938 erant.
1491 4883 1691 4937 Deinde
1713 4881 1921 4937 collecti
1955 4883 2122 4938 unde-

547 4988 757 5042 cunque
787 4973 1094 5043 passionqu
1118 4973 1331 5028 codices
1359 4974 1596 5028 animum
1629 4973 1683 5026 in
1712 4981 1917 5027 tantum
1945 4971 2118 5025 susci-

549 5073 820 5131 taverunt,
836 5075 893 5120 ut
915 5081 1020 5121 non
1039 5065 1210 5121 solum
1233 5066 1534 5135 przeteritas
1546 5065 1755 5121 dierum
1776 5064 2116 5127 festivitates,

547 5173 736 5213 verum
765 5167 820 5214 et
840 5158 1092 5222 aliorum,
1120 5158 1212 5228 qui
1243 5173 1340 5228 per
1372 5165 1542 5211 totum
1572 5171 1771 5210 annum
1798 5154 1867 5209 ibi
1894 5155 2117 5208 notatim

547 5249 704 5319 positi
743 5233 915 5315 erant,
949 5248 1108 5304 latius
1149 5256 1205 5303 et
1242 5247 1402 5318 paulo
1447 5247 1685 5316 apertius
1731 5246 2114 5310 describerem,

548 5340 934 5395 inﬁrmioribus
977 5339 1264 5404 fratribus,
1295 5347 1352 5392 et
1379 5338 1558 5391 minus
1597 5336 1773 5405 legere
1815 5334 2117 5391 valentibus

547 5432 809 5496 serviens,
841 5430 907 5485 ad
936 5429 1147 5484 laudem
1169 5427 1552 5497 omnipotentis
1584 5426 1708 5491 Dei;
1740 5433 1799 5480 ut
1825 5426 1878 5480 in
1910 5415 2114 5480 inemo;

548 5523 643 5576 riis
689 5532 985 5593 martyrum
1029 5521 1289 5575 haberent
1330 5517 1764 5586 compendiosam
1809 5516 2113 5582 lectionem,

547 5625 708 5685 atque
733 5616 784 5670 in
813 5627 978 5686 parvo
1008 5611 1270 5675 codicillo,
1301 5609 1443 5681 quod
1475 5609 1640 5665 multo
1671 5609 1854 5666 labore
1887 5607 1976 5664 alii
2021 5622 2116 5679 per

542 5707 724 5778 plures
746 5706 960 5760 codices
988 5704 1298 5774 exquirunt.

2225 4884 2375 4950 Quod
2405 4897 2503 4954 ego
2531 4881 2768 4951 diligenti
2798 4895 2926 4934 cura
2965 4881 3346 4948 transcriptum
3365 4920 3378 4942 ,
3411 4879 3616 4949 positus
3653 4881 3800 4948 apud

2224 4973 2555 5037 Ravennam,
2582 4971 2633 5024 in
2665 4970 2840 5031 capite
2866 4969 3024 5039 hujus
3042 4969 3218 5038 operis
3244 4967 3548 5038 ponendum
3586 4969 3798 5038 putavi.

2292 5064 2576 5118 Passiones
2595 5071 2771 5116 autem
2794 5068 3102 5116 sanctorum
3127 5059 3284 5130 paulo
3304 5060 3533 5129 longius,
3561 5059 3801 5115 maxime

2222 5157 2367 5212 circa
2401 5155 2582 5218 finem,
2611 5151 2987 5223 Martyrologio
3010 5151 3138 5206 huic
3161 5151 3394 5205 insertas
3421 5164 3527 5203 non
3557 5149 3801 5215 mireris,

2224 5263 2344 5302 cum
2395 5246 2486 5300 tibi
2529 5245 2671 5299 ratio
2710 5243 2958 5313 superius
3005 5240 3247 5305 reddita,
3295 5254 3419 5294 cum
3455 5238 3652 5293 factum
3699 5240 3800 5303 sit,

2222 5338 2512 5396 suffecerit.
2561 5336 2667 5392 Ora
2717 5344 2920 5390 tantum
2956 5331 3384 5407 (impensissime
3424 5330 3685 5398 obsecro)
3741 5339 3803 5383 ut

2222 5428 2429 5484 meritis
2459 5427 2670 5482 illorum
2713 5425 3006 5489 consocier,
3039 5438 3266 5493 quorum
3324 5423 3654 5492 triumphos,
3689 5421 3801 5474 etsi

2223 5523 2400 5578 minus
2445 5537 2606 5591 quam
2649 5518 2841 5582 debui,
2876 5517 3124 5574 excolere
3169 5516 3370 5586 optavi.
3421 5513 3696 5570 Salutatus
3741 5513 3796 5565 in

2221 5615 2439 5670 Christo
2463 5611 2600 5667 vale.
