4024 6362
557 322 658 378 N7
1540 326 1598 380 S.
1635 324 1883 381 ADO'NIS
1919 323 2344 379 ARCHIEPISC.
2389 325 2797 383 VIENNENSIS
3696 316 3796 382 με

558 438 649 494 10.
690 453 750 495 ιιι
1007 441 1052 497 Κ
1372 458 1421 494 ιν
1455 441 1533 494 Id.
1608 440 1664 494 In
1694 439 1992 503 Thebaida,
2019 439 2193 492 sancti
2223 439 2292 493 Pa

2223 438 2372 493 Pauli
2399 440 2664 493 eremitza.

1604 534 1673 588 Et
1701 534 1754 588 in
1784 532 1985 605 Cypro,
2011 531 2293 587 Nicanoris
2321 538 2386 588 de
2409 542 2616 604 septem
2636 535 2971 592 diaconibus.

555 624 644 680 ll.
680 638 737 681 tv
975 625 1062 679 FL
1352 641 1411 679 ιιι
1448 623 1524 679 1d.
1598 622 1959 686 Alexandriae,
1991 622 2359 679 confessorum
2388 623 2558 688 Petri,
2595 624 2801 692 Severi,
2831 626 3003 683 Lucii.

1604 712 1661 769 lu
1695 711 1898 779 Africa,
1930 712 2097 767 Salvii
2130 714 2407 784 martyris.

556 805 643 861 l2.
686 821 718 859 ν
986 805 1036 860 M
1375 820 1413 861 ιι
1451 803 1527 860 ιιι.
1601 797 1897 859 Antiochia:
1930 803 2087 874 μαι),
2115 805 2256 874 apud
2289 850 2292 858 ι

2213 805 2256 860 ιιι
2289 805 2606 879 Achaiam],
2639 807 2820 881 Satyri
2844 809 3119 881 martyris.

1598 894 1814 949 Arcadii
1846 896 2122 967 martyris.

553 974 642 1043 i3.
684 1003 735 1041 vi
961 986 1052 1043 GN
1383 987 1525 1041 ldus.
1601 985 1784 1040 Romae
1809 986 1893 1040 via
1919 985 2213 1053 Lavicana,
2239 989 2470 1044 militum
2498 992 2854 1063 quadraginta
2884 995 2984 1051 sub
3011 994 3257 1051 Gallieno
3282 994 3630 1067 imperatore.

1610 1075 1863 1137 Pictavis,
1892 1076 2299 1132 sancti'llilarii.

551 1171 637 1225 14.
680 1189 751 1228 vn
991 1170 1041 1228 0
1120 1187 1215 1229 ιιι
1249 1172 1369 1227 Kal.
1399 1169 1532 1226 Feb.
1605 1168 1775 1236 Nolae,
1801 1167 2000 1224 Felicis
2023 1169 2350 1242 presbyteri,
2383 1170 2437 1225 in
2463 1168 2646 1228 Pincis
2676 1173 2894 1244 sepulti.

549 1262 638 1318 15.
676 1279 691 1316 ι
954 1262 1044 1318 ΗΡ
1246 1279 1377 1318 χγιιι
1414 1262 1533 1318 Kal.
1606 1260 1824 1317 Abacuc
1848 1269 1901 1316 et
1926 1260 2161 1315 Michaece
2188 1261 2596 1331 prophetarum.
2660 1244 2675 1253 “

1606 1352 1675 1408 Et
1709 1349 1926 1406 Macarii
1955 1348 2185 1415 abbatis,
2220 1348 2441 1404 Antonii
2472 1350 2742 1422 discipuli.

550 1445 637 1499 l6.
679 1462 718 1501 ιι
985 1445 1033 1512 ρ
1257 1462 1365 1500 xvn
1405 1443 1524 1499 Kal.
1600 1442 1667 1499 Et
1694 1442 1885 1499 lsidori

547 1535 635 1590 17.
679 1550 739 1589 ιιι
971 1534 1039 1595 ιιι
1279 1552 1368 1589 xv:
1406 1534 1525 1593 Kal.
1600 1532 1806 1599 Romae,
1845 1533 1933 1588 via
1961 1532 2167 1588 Salaria
2191 1533 2244 1589 in
2275 1532 2591 1588 coemeterio
2620 1532 2912 1600 Priscillae,
2946 1537 3115 1592 sancti
3149 1535 3385 1593 Marcelli
3413 1550 3589 1607 papas.

790 1689 803 1698 ,
1653 1624 1761 1697 pud
1792 1623 2140 1688 Thebaidem,
2176 1622 2394 1679 Antonii
2426 1622 2699 1678 monachi.

549 1716 636 1771 t8.
679 1732 730 1771 iV
772 1716 777 1723 “
982 1715 1021 1771 S
1303 1732 1371 1771 xv
1408 1714 1525 1771 Kal.
1600 1714 1872 1771 Cathedra
1899 1715 2070 1769 sancti
2099 1713 2263 1780 Petri,
2293 1730 2397 1784 qua
2426 1714 2663 1785 primum
2700 1714 2886 1772 Romae
2914 1716 3076 1772 sedit.

1602 1805 1668 1861 Et
1700 1804 1758 1861 S.
1785 1805 1985 1861 Priscae
2015 1806 2294 1878 martyris.

547 1900 633 1958 19.
671 1913 703 1953 v
951 1897 1043 1953 ΚΤ
1278 1912 1370 1953 nv
1406 1892 1525 1955 Kal.
1597 1896 1656 1952 In
1682 1895 1939 1968 Smyrna,
1966 1895 2137 1951 sancti
2168 1895 2482 1951 Germanic:
2514 1896 2777 1967 martyris
2799 1897 2867 1952 ad
2894 1897 3101 1953 bestias
3128 1897 3393 1953 damnati.

1605 1987 1672 2041 Et
1725 1987 1949 2058 Spoleti,
2000 1985 2175 2042 sancti
2220 1986 2470 2042 Pontiani
2506 1988 2764 2059 martyris
2798 1989 3008 2045 decimo
3052 2004 3196 2045 nono
3225 1989 3343 2044 Kal.
3385 1989 3552 2060 passi,
3594 1990 3814 2046 decimo

1676 2079 1866 2149 quinto
1896 2078 2113 2150 sepulti,
2142 2076 2350 2134 decimo
2377 2086 2534 2133 sexto
2560 2078 2615 2134 in
2644 2079 2890 2149 sepulcro
2919 2081 3136 2148 mutati,
3159 2081 3373 2153 quando
3398 2079 3666 2138 celebrior
3689 2082 3815 2137 dies

1677 2170 1793 2240 ejus
1818 2172 2014 2241 agitur.

546 2266 641 2323 20.
681 2281 739 2322 v1-
990 2261 1037 2320 ν
1271 2279 1372 2319 xm
1409 2262 1529 2319 Kal.
1605 2263 1813 2329 Rome,
1842 2242 2068 2319 Fabiani
2096 2278 2248 2333 papa.
2278 2271 2333 2318 et
2361 2265 2636 2335 martyris.

1607 2352 1674 2408 Et
1706 2352 1878 2417 Marii,
1919 2352 2160 2420 Marthaa,
2195 2352 2451 2420 Audifax,
2480 2354 2718 2411 Ahacuc.

1400 2494 1403 2499 .
1593 2445 1661 2502 Et
1684 2444 1990 2500 Sebastiani
2016 2445 2073 2500 in
2100 2445 2345 2517 vestigiis
2371 2446 2737 2517 apostolorum
2767 2449 2959 2520 sepulti

541 2543 634 2602 21.
672 2558 748 2600 vn
951 2538 1041 2596 LA
1288 2553 1364 2592 xu
1403 2535 1519 2591 Kal.
1598 2533 1814 2589 Sancta:
1849 2534 2073 2606 Agnetis
2099 2533 2346 2603 virginis.

1598 2621 1858 2691 Athenis,
1889 2623 2064 2681 sancti
2097 2621 2274 2680 Publii
2319 2625 2557 2695 episcooi
2635 2627 2721 2682 cui
2770 2626 3041 2683 Militenus
3086 2642 3118 2681 a
3169 2625 3336 2682 Paulo
3382 2629 3664 2701 episcopus
3713 2648 3807 2688 or-

1686 2717 1924 2773 dinatus.

540 2814 631 2870 21.
675 2831 693 2870 ι
979 2811 1023 2866 Β
1313 2825 1367 2865 ιι
1403 2808 1522 2865 Kal.
1597 2807 1785 2864 Sancti
1822 2808 2054 2864 Vicentii
2081 2808 2291 2864 diaconi
2325 2816 2382 2863 et
2411 2816 2573 2863 mart.
2606 2809 2661 2863 in
2692 2808 2908 2879 Spaniis

1597 2900 1680 2955 Ad
1710 2916 1879 2970 aquas
1910 2899 2109 2955 Silvias
2135 2898 2355 2970 αῙΑάο,
2378 2899 2610 2973 Salvias]
2629 2940 2645 2965 ,
2668 2901 2841 2956 sancti
2869 2901 3146 2957 Anastasii
3172 2900 3441 2957 monachi.

541 2997 634 3055 25.
676 3011 716 3051 ιι
947 2992 1043 3048 MC
1334 3007 1368 3045 ιι
1406 2990 1521 3045 Kal.
1599 2989 1801 3053 Romae,
1832 2997 2036 3044 sancta:
2065 2988 2477 3047 Emerentianes
2508 2991 2757 3062 virginis.

1606 3079 1663 3135 ln
1694 3079 2028 3137 Mauritanea
2054 3079 2437 3150 Neocaesareaa,
2468 3082 2748 3140 Severiani
2774 3094 2829 3141 et
2856 3085 3084 3157 Aquilae.

1602 3176 1883 3249 Philippis,
1908 3175 2194 3234 Parmenae
2224 3178 2437 3236 diaconi
2462 3180 2528 3237 dc
2555 3195 2616 3236 se
2636 3188 2709 3236 ‘te

545 3279 638 3337 24.
681 3294 741 3332 ιιι
964 3276 1009 3331 D
1316 3290 1369 3329 Ix
1410 3274 1528 3330 Kal.
1604 3274 1824 3344 Ephesi,
1855 3274 2127 3330 Timothei
2157 3274 2408 3346 apostoli.

1597 3366 1913 3435 Antiochia,
1945 3366 2006 3424 Β.
2036 3368 2253 3442 Babyla:
2278 3370 2538 3441 episcopi.

543 3470 633 3526 9.3.
676 3484 727 3522 iv
929 3465 1022 3522 NE
1269 3481 1366 3521 vni
1406 3464 1522 3519 Kal.
1597 3462 1889 3520 Conversio
1918 3464 2091 3520 sancti
2120 3464 2273 3521 Pauli
2304 3466 2550 3537 apostoli.

1590 3558 1744 3628 Apud
1770 3559 2112 3626 Damascum,
2143 3558 2203 3615 S.
2230 3560 2476 3628 Ananiae,
2502 3576 2594 3633 qui
2622 3580 2797 3637 ipsum
2828 3567 3051 3620 Paulum
3086 3566 3398 3635 baptizavit.

538 3661 630 3716 9.6.
673 3677 706 3713 ν
940 3657 1002 3733 ,ιε’
1287 3673 1357 3711 vn
1398 3656 1515 3711 Kal.
1593 3654 1651 3712 S.
1682 3655 1987 3728 Polycarpi,
2016 3657 2265 3728 discipuli
2294 3657 2354 3713 S.
2384 3655 2611 3716 Joannis
2634 3662 2888 3732 apostoli,
2918 3659 3060 3734 apud
3086 3660 3374 3737 Smyrnam
3408 3665 3577 3735 passi.

1591 3753 1660 3808 Et
1686 3753 1993 3824 Theogenis
2021 3770 2145 3810 cum
2173 3754 2296 3809 aliis
2325 3756 2545 3827 triginta
2569 3754 2689 3814 sex;

537 3851 627 3905 27.
669 3867 722 3906 vr
941 3850 1030 3907 OG
1317 3865 1367 3906 vx
1406 3849 1525 3909 Kal.
1599 3850 2089 3920 Constantinopoli,
2113 3849 2336 3907 Joannis
2362 3852 2756 3929 Chrysostomi.

1598 3943 1664 3999 Et
1692 3943 1946 3998 dormitio
1976 3945 2034 3999 S.
2064 3943 2265 4001 Paula}.

573 4046 625 4098 8.
669 4058 741 4099 vn
959 4040 1000 4094 ll
1334 4058 1366 4093 v
1405 4039 1521 4095 Kal.
1600 4038 1660 4094 S.
1683 4039 1907 4109 Agnetis
1929 4041 2189 4096 secundo.

1593 4137 1650 4194 In
1681 4135 1900 4193 civitate
1923 4138 2226 4208 Apollonia,
2250 4136 2457 4204 Leucii,
2482 4138 2696 4208 Thyrsi,
2720 4146 2878 4193 mart.

536 4236 627 4289 29.
672 4250 686 4288 l
944 4233 1011 4288 Al
1319 4249 1368 4286 IV
1407 4232 1523 4287 Kal.
1600 4233 1805 4298 Romae,
1840 4232 2021 4304 Papiae
2053 4242 2111 4289 ct
2144 4231 2314 4288 Mauri
2342 4233 2574 4288 militum
2598 4231 2699 4287 sub
2728 4232 3061 4289 Diocletiano
3090 4233 3221 4303 imp.

534 4329 626 4384 50.
669 4347 704 4385 ιι
959 4330 1008 4389 Κ,
1302 4351 1363 4389 ιιι
1401 4333 1521 4389 Kal.
1595 4333 1918 4405 Antiochia},
1955 4332 2134 4404 passio
2163 4333 2336 4389 sancti
2368 4333 2661 4405 Hippolyti.

1594 4429 2000 4502 Hierosolymis,
2031 4430 2271 4485 Matthiae
2296 4429 2555 4501 episcopi,
2584 4430 2676 4499 qui
2701 4438 2928 4487 octavus
2956 4429 3058 4485 fuit
3086 4438 3207 4501 post
3235 4429 3514 4485 Jacobum.

1593 4526 1652 4580 Β.
1682 4525 1974 4581 Alexandri
2005 4526 2236 4582 Deciana
2264 4526 2638 4595 persecutione
2670 4525 2838 4596 passi.

535 4613 620 4667 51.
665 4631 723 4670 ιιι
936 4618 1020 4674 BL
1322 4638 1357 4675 ιι
1398 4620 1518 4675 Kal.
1594 4620 1953 4686 Alexandrim,
1986 4622 2159 4676 sancti
2184 4619 2403 4675 Mettani
2433 4622 2707 4693 martyris.

608 4857 633 4884 ι
659 4844 745 4918 Att
774 4863 937 4918 aquas
970 4866 1163 4904 ..ιιινιαε
1213 4861 1380 4904 sancti
1425 4851 1674 4905 Anastasi
1716 4853 1976 4905 monachi.
2006 4853 2103 4908 Ms.

533 4913 671 4968 liber
697 4913 899 4972 diserte
928 4918 1017 4973 hic
1062 4919 1223 4974 habet
1250 4918 1458 4974 Silvias.
1500 4918 1591 4974 Sic
1614 4921 1668 4974 in
1699 4920 1819 4975 Vita
1862 4920 1919 4975 S.
1965 4923 2105 4977 Gor-

533 4984 678 5062 diani
710 4985 777 5039 10
812 4986 955 5062 Maii.
994 4986 1225 5062 Uxorem
1263 4988 1375 5057 ejus
1420 4989 1685 5062 Marinum
1726 4991 1781 5044 in
1818 5008 1950 5061 pago
1972 5010 2105 5062 quo-

1592 4717 1905 4782 Trientinxe,
1934 4717 2109 4773 sancti
2138 4717 2318 4788 Vigilii
2345 4718 2582 4787 episcopi
2610 4726 2667 4774 et
2694 4716 2969 4788 martyris.

2214 4856 2720 4928 exhihentﬁalvias.
2749 4857 2855 4915 Seu
2891 4856 3080 4913 Silvia:
3110 4858 3256 4928 legas
3274 4873 3396 4913 cum
3418 4857 3517 4913 Ms.
3543 4871 3637 4911 seu
3667 4871 3796 4928 cum

2214 4928 2426 4998 vulgato
2468 4926 2702 4998 Salvias,
2730 4929 2979 4984 eumdem
3013 4926 3191 4983 tamen
3225 4927 3401 4998 locum
3440 4935 3617 4998 putem
3650 4926 3799 4998 desi-

2213 4994 2387 5064 gna'ri.
2447 4998 2580 5053 Vide
2627 4997 2917 5055 Baronium
2957 4998 3026 5054 ad
3064 4999 3206 5054 diem
3245 4997 3316 5052 23
3360 4994 3598 5052 Januarii
3648 5004 3709 5050 et
3761 4994 3798 5051 9

533 5053 679 5137 dum,
706 5071 857 5137 quem
878 5057 1052 5137 Aquas
1082 5053 1511 5137 S_i_lvias'voca.nt,
1539 5053 1851 5137 rusticorum
1871 5053 2106 5137 servituti
2210 5053 2355 5121 :l'ulii.

533 5122 729 5179 adduci
760 5122 1001 5198 pra-cepit
1025 5141 1043 5178 :
1068 5127 1158 5183 ubi
1198 5138 1375 5183 tamen
1415 5128 1651 5199 Excepta
1694 5130 1835 5199 apud
1861 5130 2102 5187 Adonem

544 5230 3766 5268 ---————-——————__4___.______—.___—_____________

572 5593 621 5651 l.
664 5607 718 5650 ιν
914 5592 1007 5649 CM

1294 5594 1409 5650 Kal.

1749 5330 2034 5391 MENSIS
2075 5330 2568 5394 FEBRUARIUS

1822 5467 2032 5510 HABET
2074 5467 2214 5510 DIES
2252 5467 2475 5512 XXVIII.

1591 5591 1908 5654 Antiochiae,
1940 5590 2129 5663 lgnatii
2161 5592 2401 5662 episcopi
2435 5599 2490 5646 et
2522 5593 2791 5664 martyris.

1588 5690 1711 5760 Smy
1723 5703 1851 5754 mw,
1881 5686 2051 5743 Pionii
2083 5689 2336 5761 martyris
2364 5698 2418 5745 et
2443 5688 2667 5745 aliorum
2696 5686 3021 5760 quindcctm.
