4024 6362
214 339 320 393 M9

218 2084 306 2150 11.
347 2098 421 2136 νει

221 2365 305 2419 15.
347 2381 382 2418 ιι

223 2551 308 2605 14.
350 2566 408 2604 ιιι

227 2738 314 2793 15.
357 2755 408 2792 Iv

224 2928 312 2984 16.
355 2943 387 2982 v

227 3119 312 3173 17.
357 3136 414 3174 vi

224 3215 314 3272 18.
356 3229 435 3271 vn

227 3503 320 3558 19.
363 3517 379 3555 ι

223 3597 325 3652 20.
359 3611 400 3652 ιι

219 3891 324 3946 21.
364 3903 423 3942 ιιι

215 4080 320 4133 28.
360 4093 415 4134 iv

213 4839 309 4897 2³5.
351 4855 429 4897 vn

211 5221 310 5276 27.
354 5235 392 5277 ιι

209 5419 307 5475 28.
355 5435 414 5476 ιιι

680 2546 721 2601 E

1148 311 1751 390 M'An'rvnowcwu
1791 336 1932 392 CUM
1973 337 2502 396 ADDITAMENTIS.
3364 341 3472 401 rso

970 460 1023 496 ιν
1059 458 1198 499 non.

962 752 1020 790 ιιι
1058 735 1195 791 Νοιι.

988 849 1027 887 ιι
1067 832 1202 888 Non.

944 1023 1129 1081 Nonae.

995 1134 1091 1173 vni
1131 1117 1206 1174 ld.

1020 1326 1094 1365 vn
1133 1309 1210 1366 ld.

1040 1517 1091 1555 v1
1130 1500 1206 1557 ld.

1056 1709 1088 1745 ν
1127 1693 1202 1748 ld.

1034 1805 1086 1842 Iv
1124 1789 1200 1844 Id.

1030 2097 1088 2134 ιιι
1129 2079 1204 2134 Id.

1052 2189 1090 2228 ιι
1129 2173 1204 2229 ld.

998 2360 1139 2415 ldus.

850 2560 936 2598 xw
973 2543 1037 2597 K.
1070 2541 1204 2596 Mar.

981 2753 1048 2791 xv
1086 2735 1207 2791 Kal.

967 2943 1056 2982 xiv
1098 2926 1214 2980 Kal.

961 3134 1060 3174 xui
1099 3117 1218 3172 Kal.

980 3230 1055 3268 xu
1095 3213 1213 3268 Kal.

1008 3515 1059 3552 xi
1098 3499 1216 3554 Kal.

1021 3612 1057 3651 ιι
1095 3596 1214 3651 Kal.

1009 3901 1062 3940 ix
1100 3886 1217 3942 Kal.

959 4091 1053 4130 vui
1093 4075 1210 4131 Kal.

977 4284 1052 4324 vu
1091 4268 1207 4324 Kal.

1003 4573 1054 4612 γι
1095 4557 1214 4613 Kal.

1029 4859 1058 4896 v
1094 4844 1212 4899 Kal.

996 5052 1047 5089 IV
1087 5036 1205 5091 Kal.

992 5245 1046 5282 ιιι
1092 5230 1210 5284 Kal.

1018 5444 1051 5480 ιι
1096 5426 1210 5480 K-al.

1274 444 1590 516 Hypapante
1624 446 1853 500 Domini.

1270 541 1554 607 Caesareae,
1579 541 1813 596 Cornelii
1839 545 2192 614 centurionis,
2221 549 2390 620 ipsius
2421 552 2570 606 urbis
2597 552 2854 623 episcopi.

1272 641 1340 700 Et
1376 639 1671 710 Aproniani
1703 643 1955 713 martyris
1984 643 2170 700 Romae

1271 737 1332 791 B.
1365 737 1600 795 Celerini
1627 740 1861 804 diaconi,
1891 749 1943 795 et
1971 742 2232 798 Ceierinae
2269 746 2402 800 aviae
2431 747 2566 816 ejus,
2597 756 2652 801 ct
2676 748 3014 815 Laurentini,
3040 757 3097 803 et
3120 748 3312 820 lgnatii

1279 834 1336 888 ln
1361 835 1578 889 civitate
1606 835 1824 907 A‘Igypti
1850 837 2093 901 Thmuis,
2119 839 2262 896 beati
2289 839 2486 897 Phileaa
2514 842 2755 914 ejusdem
2783 846 2934 902 urbis
2965 847 3226 919 episcopi,
3258 856 3314 903 et
3343 847 3467 902 Phi-

1350 929 1543 986 loromi
1573 931 1795 998 tribuni,
1821 940 1876 987 et
1905 933 2376 990 innumerabilium
2402 946 2718 1008 martyrum.

1278 1025 1337 1082 S.
1364 1025 1591 1096 Agatha:
1614 1029 1860 1099 virginis,
1888 1031 2029 1100 apud
2056 1032 2331 1088 civitatem
2360 1034 2763 1090 Catanensium.

1282 1119 1435 1270 Apud
1458 1119 1761 1177 Caesaream
1790 1123 2158 1194 Cappadocize,
2205 1127 2264 1183 S.
2295 1129 2576 1186 Dorotheae
2618 1132 2863 1203 virginis,
2891 1141 2946 1189 et
2982 1130 3265 1202 Theophili
3313 1132 3469 1186 scho-

1366 1216 1538 1270 astici.

1366 1216 1538 1272 astici.

1285 1309 1469 1367 Sancti
1517 1310 1789 1382 Moysetis,
1832 1326 1946 1381 qui,
1980 1319 2198 1381 petente
2233 1312 2442 1368 Mauvia
2486 1314 2910 1373 Sarracenorum
2943 1321 3146 1391 regina,
3189 1324 3471 1398 episcopus

1348 1406 1523 1477 gentis
1555 1406 1698 1462 illius
1723 1405 1896 1462 factus
1923 1415 2026 1462 est.
2557 1430 2560 1432 ν

1284 1501 1384 1558 SS.
1419 1502 1683 1574 Dionysii,
1708 1502 2010 1570 IEmiliani,
2035 1513 2090 1559 et
2126 1505 2448 1562 Sebastiani.

1277 1601 1636 1668 Alexandriar,
1669 1601 1728 1656 S.
1755 1601 1962 1656 Cointaa
1990 1605 2268 1674 martyris.

1279 1694 1642 1760 Alexandriae,
1669 1694 1967 1764 Apolloniae
1997 1696 2239 1768 virginis.

1278 1789 1483 1856 Romae,
1511 1791 1705 1857 Zotici,
1730 1791 1937 1856 lrenaei,
1969 1793 2256 1863 Hyacinthi
2285 1804 2340 1851 et
2363 1797 2619 1852 Amantii.

1283 1885 1351 1940 Et
1383 1885 1592 1940 Soteris
1620 1887 1865 1956 virginis.

1283 1980 1378 2036 Via
1407 1981 1694 2047 Lavicana,
1726 1982 1965 2036 militum
1993 1982 2201 2036 decem.

1281 2078 1640 2143 Alexandriae,
1674 2077 1731 2133 S.
1766 2077 2086 2148 Euphrasia:
2112 2077 2356 2148 virginis.

1282 2173 1616 2240 Barcinonm,
1644 2173 1867 2228 Eulalia:
1891 2173 2116 2245 virginis
2143 2181 2196 2228 et
2226 2172 2499 2243 martyris.

1288 2269 1647 2333 Alexandrina,
1685 2268 1895 2324 Molesti
1925 2277 1982 2324 et
2016 2269 2306 2323 Ammonii.

1285 2359 1453 2430 Agabi
1481 2360 1757 2428 prophetae
1782 2358 1839 2412 in
1872 2355 2022 2413 Novo
2048 2356 2413 2420 Testamento,
2441 2356 2581 2428 apud
2605 2355 2966 2413 Antiochiam.

1289 2453 1343 2507 ln
1372 2452 1610 2507 Militana
1638 2452 1929 2508 Armenia}.
1965 2453 2023 2508 S.
2052 2453 2332 2524 Polyeucti
2363 2461 2522 2508 mart.

1283 2541 1492 2606 Romae,
1518 2540 1787 2596 Valentini
1817 2541 2138 2612 presbyteri.

1284 2640 1352 2694 Et
1378 2640 1550 2695 sancti
1581 2638 1850 2694 Valentini
1878 2639 2300 2696 lntcramnensis
2327 2640 2584 2710 episcopi.

1292 2735 1498 2800 Romae,
1525 2735 1702 2790 sancti
1726 2734 1979 2791 Bratonis
2006 2737 2282 2806 martyris.

1289 2830 1444 2901 Apud
1472 2829 1758 2896 Sebasten,
1789 2831 1968 2902 passio
1991 2831 2055 2886 S.
2079 2831 2247 2886 Blavii
2276 2830 2396 2903 [αι.
2424 2830 2611 2903 Blasii]
2637 2832 2896 2901 episcopi.

1295 2925 1480 2981 Sancti
1506 2925 1746 2982 Onesimi
1777 2927 2022 2996 apostoli.

1292 3022 1359 3076 Et
1384 3022 1439 3076 in
1464 3021 1672 3086 Cumis,
1700 3022 1758 3078 S.
1783 3022 2012 3078 Iuliana:
2038 3025 2281 3095 virginis.

1273 3117 1348 3170 ‘ln
1378 3117 1621 3182 Perside,
1646 3118 1708 3171 B.
1739 3117 2081 3191 Polychronii
2110 3121 2277 3190 episc.
2309 3129 2366 3176 et
2391 3131 2553 3177 mart.

1293 3213 1701 3285 Hierosolymis,
1735 3213 2006 3270 Simeonis
2027 3218 2270 3287 episcopi
2300 3227 2355 3273 et
2383 3227 2542 3272 mart.

1290 3309 1359 3363 Et
1408 3310 1615 3375 Rom-.e,
1667 3319 1966 3382 martyrum
2011 3310 2257 3378 Claudii,
2305 3313 2688 3386 Praepedignaz,
2733 3313 3058 3380 Alexandri,
3107 3323 3162 3369 et
3206 3314 3398 3382 Cutiae,
3431 3326 3488 3370 ot

1359 3404 1594 3460 Maximi.

1295 3499 1500 3565 Romaa,
1530 3499 1746 3556 Gabinii
1776 3501 2079 3571 presbyteri
2105 3511 2162 3556 et
2196 3503 2473 3574 martyris.

1289 3596 1445 3667 Apud
1477 3596 1714 3667 Tyrum,
1753 3606 2053 3668 martyrum
2082 3614 2314 3668 quorum
2367 3614 2649 3653 numerum
2695 3598 2789 3653 Dei
2837 3599 3062 3654 scientia
3107 3599 3220 3654 sola
3247 3599 3486 3668 colligit,

1359 3707 1494 3764 quos
1516 3693 1770 3748 Veturius
1791 3693 2050 3762 magister
2073 3693 2299 3760 militiae,
2323 3693 2545 3762 iubente
2573 3691 2924 3758 Diocletiano,
2953 3693 3182 3749 diversis
3204 3691 3489 3748 tormentis

1361 3789 1535 3846 occidi
1545 3798 1582 3844 ι.

1291 3886 1350 3942 ln
1399 3885 1608 3954 Sicilia,
1639 3893 1942 3958 martyrum
1978 3885 2317 3956 septuaginta
2345 3899 2538 3939 novem
2587 3885 2686 3940 sub
2719 3885 3055 3944 Diocletiano
3101 3886 3334 3944 diversis
3379 3893 3487 3942 tor-

1367 3984 1564 4040 mentis
1591 3998 1894 4054 passorum.

1284 4076 1437 4147 Apud
1463 4078 1833 4142 Antiochiam,
1869 4076 2143 4132 Cath:dra
2175 4076 2354 4131 sancti
2386 4075 2554 4130 Petri.

1285 4173 1646 4240 Alexandriae,
1674 4175 1844 4230 Abilii‘
1870 4175 2128 4245 episcOpi.

1281 4270 1438 4341 Apud
1461 4270 1741 4337 Sirmium,
1773 4270 1970 4326 Sinerii
2002 4271 2161 4342 [Ado,
2193 4268 2426 4340 Syreny]
2455 4269 2727 4324 monachi.

1292 4368 1358 4421 Et
1387 4369 1743 4439 quadraginta
1774 4368 1881 4424 duo
1905 4367 2066 4441 [Ado,
2097 4367 2380 4438 sexaginta
2408 4365 2534 4436 duo]
2564 4373 2883 4436 martyrum.

1289 4462 1493 4528 Romae,
1523 4463 1805 4534 Polycarpi
1833 4465 2156 4534 presbyteri.

1291 4558 1350 4613 S.
1379 4558 1614 4613 Matthiae
1643 4559 1892 4628 apostoli.

1285 4655 1352 4709 Et
1377 4653 1623 4710 Iuventio
1649 4656 1843 4726 capitis
1873 4653 2247 4724 prmeursoris.

1285 4750 1440 4819 Apud
1464 4751 1768 4808 Cmsaream
1796 4750 2170 4819 Cappadocia,
2205 4748 2379 4819 Sergii
2412 4755 2573 4802 mart.

1288 4846 1444 4917 Apud
1474 4848 1786 4918 Egyptum,
1817 4847 2104 4914 Victorini,
2133 4847 2387 4914 Victoris,
2422 4843 2744 4914 Nioophori,
2776 4838 3082 4904 Claudiani,
3114 4837 3290 4892 Diosc.
3327 4833 3490 4888 Sera-

1367 4943 1542 5011 pionis
1564 4951 1618 4996 et
1644 4943 1841 5012 Papiae.

1282 5037 1436 5107 Apud
1467 5039 1672 5108 Pergen
1702 5039 2040 5110 Pamphiliae,
2071 5040 2214 5094 beati
2245 5037 2487 5094 Nestoris
2515 5029 2773 5106 episc0pi.

1290 5133 1648 5200 Alexandriae,
1679 5134 1972 5191 Alexandri
2001 5136 2224 5206 gloriosi
2251 5135 2398 5191 senis
2430 5134 2598 5204 episc.

1284 5231 1646 5298 Alexandriae,
1675 5231 1875 5289 Juliani
1907 5234 2188 5305 martyris,
2216 5243 2272 5290 et
2293 5232 2454 5298 Enni,
2483 5230 2575 5302 qui
2601 5236 2724 5287 am
2756 5226 2873 5297 ipso
2901 5237 3029 5280 sene
3059 5220 3113 5275 in
3145 5211 3486 5273 ωιιῑθεδίουθ

1363 5331 1690 5400 perduravit.
