4024 6362
571 299 665 356 Ml

597 1066 652 1123 2.

548 2887 636 2941 10.

549 3080 638 3134 H.

549 3459 637 3514 15.

550 3555 637 3610 il.

549 3845 634 3898 15.

551 3940 636 3991 16.

552 4131 636 4182 Π.

554 4226 576 4279 1
587 4225 639 4283 8-.

555 4417 640 4472 19.

553 4807 643 4860 21.

553 5001 644 5058 22.

556 5389 644 5447 24.

641 890 748 928 ,ιν

640 1387 652 1401 .
695 1364 746 1402 γι

680 3094 759 3132 γιι

675 3474 717 3514 ιι

686 4146 734 4182 γι

680 4240 751 4280 VII

687 5017 738 5055 ιν

685 5407 734 5444 Vl

557 5580 649 5638 8.5.
684 5593 759 5634 vu

969 4132 1013 4185 Β

967 4227 1006 4280 S

975 4706 1015 4760 ν

972 4803 1014 4857 Α

978 5101 996 5147 (

1558 299 1614 354 S.
1655 296 1906 354 ADONIS
1939 295 2365 354 ARCIIIEPISC.
2411 298 2818 353 VIENNENSIS
3717 299 3811 356 152

1847 549 2132 610 MENSiS
2171 549 2230 610 Μ
2239 547 2527 610 ARTIUS
2635 575 2638 580 ·

1677 727 1886 769 HABET
1931 729 2068 770 DIES
2113 727 2300 772 XXXI:
2347 729 2510 772 LU‘NA
2557 727 2708 772 XXX.

1240 871 1357 926 Kal.
1392 867 1552 927 Mart.
1631 871 1955 927 Sanctorum
2005 881 2303 942 martyrum
2350 873 2706 927 ducentorum
2752 870 3029 941 sexaginta
3072 870 3400 940 temporibus
3447 869 3687 938 Claudii,
3725 875 3810 944 qui

1712 967 1797 1021 via
1837 967 2046 1021 Salaria
2074 981 2295 1023 arenam
2323 966 2587 1024 fodientes
2611 967 2854 1022 damnati
2882 964 3118 1022 fuerant.

1615 1065 1828 1128 Romae,
1849 1064 2029 1121 Iovini
2058 1074 2114 1120 et
2139 1065 2354 1121 Basilei.

1629 1161 1695 1214 Et
1746 1161 2103 1231 plurimorum
2156 1172 2456 1235 martyrum
2505 1164 2608 1221 sub
2649 1163 2964 1221 Alexandro
3014 1163 3230 1234 capitali
3273 1162 3543 1218 sententia
3593 1162 3808 1218 damna-

1699 1267 1896 1312 torum.
3495 1334 3499 1337 _

1628 1351 1728 1407 SS.
1780 1351 2099 1408 Hemitherii
2157 1359 2212 1408 et
2277 1351 2590 1410 Cheledonii
2653 1352 2794 1423 apud
2862 1351 3199 1422 Calagurrim
3260 1353 3522 1424 martyrio
3590 1369 3808 1411 corona-

1699 1456 1876 1504 torum
1885 1488 1898 1502 .
2205 1513 2214 1522 ι

1616 1542 1896 1608 Caesareae,
1928 1541 2120 1597 Marini
2152 1541 2365 1607 mili-tis,
2387 1550 2444 1598 et
2470 1543 2671 1598 Asterii
2697 1542 2988 1598 senatoris.

1618 1638 1772 1695 Lucii
1802 1655 1952 1710 papae
1976 1648 2034 1695 et
2063 1640 2348 1710 martyris.

1619 1733 1685 1788 Et
1725 1742 2028 1805 martyrum
2071 1745 2468 1808 nongentarum
2511 1740 2602 1809 qni
2648 1749 2774 1795 sunt
2803 1739 2964 1795 ἰοείιί
3004 1741 3064 1794 in
3110 1742 3425 1796 cmmeterio
3472 1743 3538 1797 ad
3580 1750 3810 1799 sanctam

1697 1828 1977 1886 Ceciliam.

1313 1939 1370 1981 ιιι
1411 1923 1548 1980 Non.
1627 1925 1947 1989 Antiochiae,
1981 1924 2040 1980 S.
2071 1924 2264 1980 Phocae
2295 1927 2566 1996 martyris.

1614 2021 1682 2076 Et
1703 2022 1877 2077 sancti
1908 2021 2123 2076 Eusebii
2150 2020 2404 2086 Palatini,
2434 2030 2489 2078 et
2513 2021 2740 2078 aliorum
2766 2033 2890 2079 octo
2915 2025 3078 2096 [Ado,
3104 2039 3324 2097 novem]
3356 2036 3515 2082 mart.

1317 2137 1352 2175 ιι
1395 2120 1532 2176 Νοιι.
1608 2119 1965 2184 Nicomedia),
2010 2120 2248 2176 Victoris
2287 2130 2343 2178 et
2385 2119 2683 2189 Victorini,
2719 2123 2811 2193 qui
2863 2123 2917 2177 in
2947 2136 3166 2179 carcere
3210 2135 3429 2179 cursum
3461 2123 3587 2178 vitae
3637 2122 3812 2196 imple-

1688 2223 1902 2270 verunt.

1345 2312 1531 2367 Nonae.
1609 2311 1671 2367 In
1697 2311 2017 2367 Mauritania
2047 2312 2266 2368 civitate
2295 2311 2820 2373 Tuburbitanorum,
2852 2310 2952 2366 SS.
2989 2321 3287 2384 martyrum
3314 2312 3596 2384 Perpetua:
3633 2323 3690 2371 et
3721 2316 3809 2371 Fe-

1686 2407 1925 2462 licitatis.

1324 2519 1419 2559 vin
1459 2502 1538 2560 Id.
1611 2503 1768 2576 Apud
1795 2501 2207 2574 Carthaginem,
2233 2500 2404 2556 sancti
2437 2497 2687 2554 Pontiani
2731 2496 2968 2561 diaconi,
2995 2496 3054 2550 Β.
3082 2497 3359 2568 Cypriani,
3391 2501 3482 2571 qui
3528 2503 3808 2560 Dominum

1685 2613 1902 2670 semper
1934 2599 1989 2654 in
2019 2596 2366 2669 passionibus
2387 2595 2502 2653 suis
2527 2593 2862 2666 gloriﬁcans,
2891 2609 3149 2649 coronam
3174 2595 3298 2650 vita:
3327 2599 3656 2666 promeruit.

1604 2693 1664 2749 In
1689 2692 1931 2765 Nyssena
1960 2693 2206 2758 civitate,
2231 2692 2406 2749 sancti
2439 2691 2688 2762 Gregorii
2721 2691 2962 2760 episcopi
3010 2691 3196 2747 fratris
3225 2693 3406 2749 Basilii

1606 2788 1946 2854 Barcinonaa,
1973 2789 2197 2844 Paciani
2228 2789 2489 2860 episcopi.

1607 2884 1866 2953 Apamia,
1897 2883 2188 2938 Alexandri
2216 2894 2272 2937 et
2304 2881 2419 2938 Caii
2449 2882 2517 2937 de
2547 2883 2809 2939 Eumenia
2886 2881 2890 2884 ⁴

1612 2979 1670 3034 1η
1695 2979 1939 3045 Perside,
1965 2988 2265 3051 martyrum
2295 2994 2523 3036 numero
2549 2981 2904 3053 quadraginta
2932 2982 3181 3038 duorum.

1618 3075 1771 3146 Apud
1801 3074 2084 3132 Sebastem
2109 3077 2382 3134 Armeniae
2407 3078 2657 3145 minaris,
2680 3079 3039 3150 quadraginta
3068 3080 3319 3148 militum,
3354 3091 3596 3152 tempore
3625 3081 3807 3138 Licinii

1667 3184 1832 3240 regis.

1613 3263 1714 3321 SS.
1738 3265 2057 3335 pontiﬁcum
2081 3264 2329 3337 Gregorii
2355 3273 2410 3320 et
2438 3263 2756 3321 Innocentii.

1615 3359 1962 3427 Nicomediae,
1988 3360 2135 3416 Petri
2157 3361 2434 3432 martyris,
2460 3359 2717 3416 Dorothei
2753 3369 2808 3416 et
2834 3359 3092 3432 Gargonii
3124 3371 3421 3434 martyrum
3452 3364 3676 3420 sodalis.

1609 3457 1956 3524 Nicomediae,
1983 3457 2282 3514 Macedonii
2308 3457 2634 3528 presbyteri,
2659 3458 2900 3514 Patritiae
2929 3459 3137 3525 uxoris,
3160 3467 3217 3514 et
3243 3459 3366 3515 lilia:
3391 3459 3662 3515 Medestaz.

1614 3553 1821 3620 Romaa,
1849 3564 2150 3626 martyrum
2193 3553 2552 3624 quadraginta
2581 3561 2638 3608 et
2677 3560 2802 3609 octo
2827 3553 2922 3623 qui
2950 3553 3205 3624 baptizati
3236 3563 3365 3610 sunt
3392 3571 3422 3609 a
3454 3555 3619 3609 beato
3660 3551 3808 3607 Petro

1313 1082 1366 1120 γι
1406 1064 1541 1120 Non.

1341 1368 1370 1403 ν
1411 1351 1548 1408 Νοιι.

1317 1654 1368 1691 ιν
1406 1638 1544 1694 Non.

1344 2709 1418 2748 vu
1453 2693 1530 2748 ld.

1364 2897 1413 2936 \‘I
1454 2881 1530 2936 Μ.

1395 3091 1429 3128 v
1467 3075 1543 3131 ω.

1367 3280 1420 3319 tv
1455 3264 1534 3320 Id.

1359 3473 1418 3514 ιιι
1456 3455 1533 3513 Id.

1383 3568 1420 3610 ιι
1457 3553 1533 3609 1d.

1689 3652 1958 3723 apostolo,
2004 3666 2128 3707 eum
2169 3659 2447 3709 teneretur
2489 3652 2544 3706 in
2588 3651 2869 3717 custodia;
2912 3651 3006 3721 qui
3052 3665 3246 3708 omnes
3289 3651 3600 3707 Neroniana
3642 3646 3804 3720 gladio

1686 3749 1988 3818 consumpti
2013 3754 2161 3803 sunt.

1391 3845 1534 3900 ldus.
1611 3843 2030 3909 Thessalonicae,
2062 3843 2321 3897 Matronae
2345 3843 2558 3898 ancilla:
2584 3851 2639 3899 et
2670 3843 2947 3914 martyris.

1160 3957 1266 3994 xm
1305 3941 1369 3994 K.
1397 3941 1526 4011 Apr.
1605 3941 1809 4007 Romae,
1854 3939 2067 4010 Cyriaci
2104 3940 2382 4011 martyris,
2411 3939 2594 4012 Largi,
2622 3949 2679 3996 et
2706 3939 3014 4012 Smaragdi,
3039 3949 3096 3996 et
3125 3935 3494 3996 Crescentiani
3535 3933 3804 4004 martyris,

1685 4046 1739 4092 et
1765 4036 1993 4092 aliorum
2021 4036 2233 4106 viginti.
2563 4053 2566 4059 '

1289 4147 1374 4184 xvi
1413 4131 1531 4185 Kal.
1609 4129 1666 4186 S.
1707 4130 1919 4187 Patritii
1947 4132 2212 4202 episcopi,
2241 4131 2334 4203 qui
2364 4131 2572 4202 primus
2597 4131 2739 4201 apud
2766 4114 2960 4186 sectas
2989 4130 3324 4201 praedicavit.

1312 4241 1380 4278 xv
1416 4225 1531 4281 Kal.
1610 4225 1793 4283 Sancti
1823 4227 2116 4284 Alexandri
2142 4227 2412 4298 episcopi,
2446 4227 2539 4297 qui
2569 4241 2694 4284 eum
2724 4214 2980 4281 Narcisso
3029 4223 3534 4296 Hierosolymitanae
3563 4218 3808 4279 Ecclesia

1681 4325 2106 4397 gubernaculum
2130 4325 2386 4396 suscepit.

1286 4437 1373 4474 xiv
1414 4420 1532 4475 Kal.
1607 4421 1664 4475 In
1691 4419 2000 4476 Penarense
2027 4421 2272 4486 civitate,
2300 4420 2360 4475 Β.
2389 4419 2636 4484 Ioannis,
2664 4433 2871 4490 magna:
2900 4415 3204 4472 sanctitatis
3235 4414 3358 4467 viri.

1622 4515 1778 4587 Apud
1807 4514 2152 4582 Surrentum,
2199 4515 2414 4582 Quinti,
2449 4515 2741 4583 Quintillae,
2791 4512 3090 4582 Quartillae,
3141 4509 3345 4565 Martia:
3392 4507 3553 4580 [Ado,
3594 4503 3808 4577 Marci].

1686 4629 1814 4668 cum
1838 4614 1960 4670 aliis
1985 4623 2109 4670 octo
2142 4613 2301 4686 [Ado,
2332 4613 2568 4684 novem].

1288 4725 1382 4763 xm
1424 4708 1541 4762 Kal.
1617 4707 1895 4780 Archippi,
1923 4709 2311 4766 commilitonis
2349 4709 2501 4762 Pauli
2535 4707 2782 4778 apostoli.

1300 4823 1373 4860 xu
1415 4805 1530 4860 Kal.
1611 4806 1666 4862 In
1697 4806 1925 4862 Cassino
1955 4816 2159 4872 castro,
2190 4805 2466 4861 Benedicti
2497 4803 2726 4858 abbatis.

1615 4902 1681 4956 Et
1713 4902 2031 4973 Serapionis
2063 4903 2435 4957 anachoretzn.

1325 5018 1374 5053 xi
1420 4999 1534 5053 Kal.
1611 4997 1895 5065 Narbona,
1927 5000 2100 5054 sancti
2132 4998 2279 5053 Pauli
2307 4999 2565 5069 episcopi,
2591 4996 2840 5065 discipuli
2871 4993 3260 5064 apostolorum.

1351 5113 1382 5148 χ
1424 5095 1535 5148 Kal.
1615 5094 1672 5149 In
1701 5094 1906 5159 Africa,
1948 5104 2249 5165 martyrum
2276 5094 2591 5159 Victoriam,
2636 5090 2960 5156 Frumentii,
2989 5092 3117 5146 item
3163 5099 3217 5144 et
3243 5085 3574 5146 Frumentii,
3604 5090 3660 5136 et
3688 5081 3807 5134 duo-

1387 5195 1428 5230 ο
1463 5264 1469 5270 .
1688 5206 1804 5245 rum
1853 5205 2235 5260 germanorum
2283 5190 2566 5245 Vandalica
2603 5189 2973 5260 persecutione
3022 5186 3122 5241 sub
3161 5182 3473 5238 Hunnerico
3514 5193 3641 5247 rege
3687 5188 3804 5245 pas-

1689 5302 1891 5342 sarum.

1329 5402 1381 5439 Ix
1420 5385 1494 5440 Ka
1522 5424 1534 5438 .
1615 5384 1833 5448 Ranae,
1881 5383 2141 5450 Pigmenii
2186 5383 2484 5454 presbyteri
2527 5391 2582 5438 et
2627 5381 2908 5455 martyris,
2948 5378 3144 5453 sepulti
3193 5377 3248 5432 in
3298 5372 3621 5433 coemeterio
3670 5366 3807 5427 Pon-

1703 5477 1853 5532 tiani.

1294 5590 1386 5629 γιιι
1429 5574 1543 5628 Kal.
1621 5572 1972 5627 Annuntiatia
2009 5571 2306 5634 Dominica,
2333 5579 2387 5626 et
2415 5568 2712 5626 cruciﬁxio.

1619 5671 1820 5737 Romae,
1852 5669 2031 5743 Cyrini
2061 5667 2333 5740 martyris.
