4024 6362
240 388 335 442 161
1167 376 1764 436 MARTYROLOGIUM
1805 375 1946 433 CUM
1987 375 2513 430 ADDITAMENTIS.

3384 376 3484 430 162

1296 495 1350 548 ln
1384 492 1587 558 Sicilia,
1617 492 1862 558 Modesti,
1892 490 2026 556 Viti,
2065 499 2121 544 et
2145 490 2472 546 Crescentis:
2494 497 2792 560 martyrum

1291 684 1592 740 Antiochiae
1645 683 1822 754 Cyrici
1859 691 1912 738 et
1937 682 2138 738 Julittae
2165 682 2356 736 matris
2382 680 2519 751 ejus,
2551 688 2606 737 et
2632 681 2862 736 aliorum
2891 697 3038 737 cccc:

1295 875 1478 928 Romze
1503 875 1586 928 via
1612 873 1930 937 Ardeatina,
1960 880 2258 941 martyrum
2294 870 2460 924 Marci
2490 879 2544 924 et
2577 870 2926 926 Marcelliani.

1301 1258 1506 1322 Romae,
1533 1257 1751 1322 Novuti,
1780 1257 1966 1313 fratris
1989 1257 2272 1313 Timotbaei
2290 1255 2611 1327 presbyteri,
2635 1255 2726 1325 qui
2752 1255 2820 1311 ab
2855 1253 3112 1326 apostolis
3130 1254 3325 1310 eruditi
3347 1262 3500 1311 sunt.

1307 1732 1491 1790 Sancti
1517 1735 1739 1792 Joannis
1763 1737 2087 1810 presbyteri,
2120 1738 2207 1792 via
2235 1736 2442 1792 Salaria
2473 1746 2654 1792 vetere
2683 1736 2898 1806 sepulti.

1295 1829 1564 1887 Nativitas
1589 1833 1950 1891 Przecursoris
1977 1835 2214 1892 Domini.
3283 1873 3313 1888 ι

1290 1921 1444 1990 Apud
1477 1923 1878 1994 Pyrriberteam
1905 1967 1919 1992 ,
1965 1925 2263 1995 Sosipatris
2291 1925 2539 1996 discipuli
2573 1925 2744 1979 Pauli.

1299 2287 1452 2357 Apud
1477 2287 1770 2356 Galatiam,
1795 2292 2107 2347 Crescentis
2130 2290 2380 2360 discipuli
2407 2289 2558 2345 Pauli
2584 2290 2830 2360 apostoli.

1293 2377 1446 2446 Apud
1482 2379 1820 2434 Tiburtinem
1863 2381 2052 2448 ltaliaa,
2083 2380 2468 2452 Symphorosae
2493 2395 2616 2435 cum
2643 2395 2715 2432 vn
2743 2377 2889 2432 ﬁliis.

1289 2561 1652 2626 Alexandriae,
1672 2563 1968 2630 Plutarchi,
1990 2562 2180 2619 Sereni
2226 2561 2549 2626 Heraclidis,
2584 2559 2800 2626 Herois,
2827 2558 3196 2621 Potamiaznas,
3222 2557 3484 2614 Marcellae

231 498 326 553 15.
364 512 399 550 v
651 495 694 548 ll
949 509 1056 548 xm
1099 493 1217 548 Kal.

1298 588 1595 654 Dorostori,
1627 587 1842 658 Esychii
1872 585 2140 640 militaris.

232 684 329 742 16.
364 699 419 741 VI
675 683 693 737 l
969 701 1058 738 xvi
1097 683 1215 739 Kal.

234 782 330 836 17.
372 795 444 835 vn
653 778 700 832 K
994 797 1062 833 xv
1100 780 1218 832 Kal.
1293 780 1498 844 Romae,
1528 780 2044 850 Martyrum'ccaxn.

235 876 326 931 18.
370 890 385 927 ι
651 874 693 928 L
969 890 1062 928 xw
1099 874 1215 928 Kal.

235 970 324 1024 19.
369 986 404 1023 ιι
651 969 695 1022 Μ
962 985 1059 1023 xm
1097 968 1214 1022 Kal.
1293 968 1599 1034 Mediolani,
1628 967 1873 1023 Gervasii
1911 977 1965 1021 et
1989 966 2241 1021 Protasii.

1292 1067 1332 1135 -ιε
1371 1066 1437 1120 Et
1461 1065 1916 1121 Commemoratio
1945 1054 2163 1118 Nazarii
2193 1072 2246 1119 et
2268 1063 2407 1118 Celsi
2435 1079 2484 1118 ιι.

1297 1161 1591 1225 Ravennae,
1623 1160 1809 1216 Ursini
1836 1151 2111 1230 martyris.

231 1254 326 1308 20.
369 1271 426 1308 ιιι
651 1255 692 1308 Ν
991 1273 1064 1311 xu
1104 1257 1224 1312 Kal.

234 1350 327 1404 2|.
369 1365 421 1403 tv
649 1349 694 1405 Ο
1009 1369 1063 1406 ιι
1101 1352 1218 1407 Kal.
1297 1353 1600 1425 Syracusis,
1629 1364 1929 1424 martyrum
1952 1353 2132 1407 Ruﬁni
2164 1363 2219 1408 et
2243 1351 2468 1407 Martiae.

1293 1447 1498 1514 Romae,
1529 1449 1814 1504 Demetrias
1841 1449 2086 1520 virginis.

234 1538 326 1592 22.
369 1554 400 1591 ν
653 1539 695 1594 Ρ
1024 1559 1057 1597 x
1097 1543 1212 1598 Kal.
1289 1545 1479 1600 Albani
1519 1545 1776 1618 martyris
1805 1547 1856 1600 Β.

1305 1640 1452 1696 Nolae
1479 1641 1809 1712 Campanite,
1833 1641 2048 1697 Paulini
2078 1641 2341 1714 episcop..

235 1727 332 1780 23.
372 1743 422 1783 γι
650 1729 696 1797 Q
1019 1747 1069 1786 lx
1114 1732 1231 1787 Kal.

237 1821 333 1875 24.
377 1837 449 1878 vn
649 1822 698 1879 R
972 1843 1062 1882 rm
1102 1828 1219 1883 Kal.

233 1911 326 1965 25.
371 1930 388 1967 ι
653 1914 690 1970 S
983 1933 1057 1972 vn
1095 1918 1214 1973 Kal.

1296 2013 1660 2081 Alexandrim,
1690 2007 1953 2074 Gallicani
1985 2009 2265 2089 martyris.

1293 2104 1499 2173 Romae,
1532 2108 1712 2164 Luciaa
1746 2110 1973 2181 virginis
1999 2126 2121 2165 cum
2152 2095 2273 2165 aliis
2297 2126 2396 2166 χιι.

231 2189 322 2244 26.
367 2205 404 2244 ιι
647 2188 691 2246 Τ
1013 2207 1062 2248 v1
1099 2192 1218 2248 Kal.
1295 2195 1500 2260 Romae,
1527 2197 1752 2254 Joannis
1780 2209 1834 2255 et
1857 2201 2012 2256 Pauli
2047 2201 2126 2254 l‘ra

1919 2201 2012 2256 tuli
2047 2201 2302 2256 fratrum.

235 2285 325 2338 27.
370 2299 428 2339 ιιι
648 2280 692 2336 A
1033 2299 1066 2338 ν
1103 2283 1221 2339 Kal.

233 2465 324 2522 28.
363 2481 418 2520 iv
648 2464 688 2518 Β
867 2496 870 2498 ~
1007 2483 1059 2522 tv
1095 2467 1211 2523 Kal.
1291 2470 1494 2536 Romae,
1532 2470 1730 2527 Leonis
1759 2487 1932 2544 papa}.

1362 2657 1418 2702 et
1449 2649 1700 2702 aliorum.

239 2736 332 2791 29.
376 2753 405 2789 v
647 2737 688 2792 C
998 2755 1054 2794 ιιι
1095 2739 1216 2794 Kal.
1295 2739 1501 2806 Romaa,
1529 2739 1894 2810 apostolorum
1924 2738 2071 2793 Petri
2097 2745 2152 2792 et
2178 2736 2351 2791 Pauli.

235 2825 328 2878 50.
371 2840 419 2878 v1
643 2825 686 2878 Ι)

309 2947 338 2976 ει
379 2935 451 2989 Et
477 2939 896 2992 commemoratio
922 2937 1144 3009 Ναβατὶὶ
1165 2951 1211 2993 et
1235 2937 1392 2994 Celsi.
1422 2940 1582 2996 Deest
1606 2941 1821 3009 quidem

234 3006 434 3060 horum
463 3009 904 3062 commemoratio
934 3007 1036 3064 hoc
1063 3009 1178 3064 loco
1210 3010 1262 3064 in
1308 3009 1518 3072 Adone,
1571 3006 1680 3064 tam
1710 3009 1819 3063 vul-

230 3083 361 3146 gato
389 3090 552 3146 quam
603 3091 704 3131 ms.
737 3077 879 3132 Idem
927 3086 1104 3134 tamen
1140 3079 1209 3133 12
1259 3077 1426 3144 Junii,
1464 3095 1588 3137 cum
1619 3081 1685 3135 de
1729 3079 1817 3134 ln-

233 3145 496 3220 ventione
520 3145 713 3220 Nazari
737 3156 793 3203 et
813 3147 953 3220 Celsi
984 3149 1180 3220 agitur,
1214 3150 1398 3204 addit:
1429 3147 1819 3204 Commemora-

232 3214 309 3286 τέο
335 3215 493 3286 etiam
523 3218 705 3286 eorum
731 3217 939 3286 publica
971 3214 1258 3273 et'celebris
1305 3220 1359 3274 in
1406 3221 1492 3275 die
1516 3231 1817 3274 sanctorum

233 3281 548 3360 Gervasiiet
565 3281 796 3360 Protasii
816 3304 849 3340 ιι
868 3287 1334 3360 ﬁdelibuspopult’s
1357 3289 1737 3360 frequentatur,
1768 3297 1817 3342 et

232 3355 599 3428 venerabiliter
631 3355 917 3428 caeditur,-
964 3358 1056 3428 qui
1113 3355 1207 3412 hic'
1244 3355 1366 3428 ipse
1386 3355 1500 3414 dies
1547 3367 1650 3413 est.
1682 3358 1816 3428 Cum

233 3425 636 3497 guo__convenit
666 3425 1327 3497 Florarium‘sanctoru'm
1373 3444 1494 3490 ms.,
1555 3428 1697 3497 quod
1747 3427 1815 3482 12

231 3491 402 3555 Junii,
433 3494 486 3547 in
508 3494 596 3550 die
625 3495 946 3552 inventionis
976 3496 1076 3552 SS.
1114 3497 1310 3552 Nazari
1341 3507 1397 3552 et
1437 3491 1588 3552 Celsi'
1606 3497 1768 3551 habet
1797 3513 1812 3548 :

233 3563 391 3634 Apud
413 3565 665 3634 quosdam
699 3566 756 3619 in
795 3567 880 3620 die
909 3579 1208 3621 sanctorum
1251 3566 1485 3622 Gervasii
1509 3577 1559 3621 et
1583 3564 1818 3619 Protasit'

233 3632 618 3708 agitureorunt
639 3633 985 3708 _(Nazariiret
1013 3636 1176 3708 Celsi)
1227 3637 1412 3706 festiva
1443 3651 1818 3708 commentam-

233 3701 338 3775 tio.
361 3702 538 3775 Quare
565 3701 718 3759 vides
746 3721 854 3761 non
875 3707 992 3775 sine
1019 3701 1238 3762 ratione
1254 3713 1408 3762 vetus
1455 3707 1558 3762 hoc
1612 3705 1819 3775 marty-

233 3768 432 3851 rolium
456 3771 783 3851 Romanum,
815 3775 918 3851 hoc
941 3769 1048 3851 die,
1078 3790 1186 3845 quo
1222 3776 1289 3831 de
1321 3775 1583 3851 Gervasio
1603 3783 1659 3831 et
1681 3768 1819 3851 Pro-

235 3842 380 3894 tasio
418 3842 614 3912 agitur,
639 3844 804 3899 etiam
825 3843 1068 3913 iunxisse
1095 3842 1675 3902 commemorationem
1717 3843 1822 3900 Na-

1016 2845 1057 2883 ιι
1097 2828 1216 2883 Kal.
1292 2829 1500 2884 Natalis
1525 2829 1757 2895 Lucinae,
1789 2829 2068 2900 discipulae
2088 2828 2486 2900 Apostolorum.

1930 2955 2063 3003 zart,
2095 2947 2148 2993 et
2175 2939 2335 2993 Celsi.

2000 3010 2026 3048 δ
2064 3007 2254 3062 Albani
2319 3007 2583 3077 martyris.
2640 3005 2956 3062 Correctum
3012 3013 3128 3062 erat
3173 3005 3366 3073 Albini,
3419 3011 3500 3064 uti

1921 3078 2084 3134 etiam
2108 3079 2161 3132 in
2200 3079 2388 3132 Adone
2421 3075 2522 3132 est.
2553 3075 2703 3144 Quod
2743 3078 2944 3132 factum
2973 3085 3104 3146 puto
3131 3077 3183 3130 in
3233 3079 3500 3144 posterio-

1920 3149 2070 3203 ribus
2099 3147 2755 3218 exemplaribusiscriptis
2784 3155 2922 3218 post
2966 3145 3164 3218 annum
3203 3145 3326 3218 Q9].
3360 3147 3502 3218 Nam

1921 3234 2042 3274 cum
2069 3232 2135 3274 eo
2155 3216 2299 3273 anno
2329 3217 2675 3286 Theophania
2711 3216 2940 3286 Othonis
2965 3217 3007 3272 ll
3029 3233 3184 3281 uxor,
3216 3216 3273 3271 S.
3309 3217 3503 3272 Albani

1918 3304 2116 3358 corpus
2146 3287 2316 3342 Roma
2342 3285 2618 3358 Coloniam
2649 3285 3002 3358 transferens,
3027 3296 3339 3358 sanctorum
3363 3286 3502 3344 Ger-

1921 3356 2052 3414 vasii
2077 3367 2130 3412 et
2168 3357 2625 3426 Protasiitemplo
2652 3358 2798 3419 huic,
2831 3356 2959 3412 olim
2993 3357 3076 3412 six
3105 3365 3319 3420 vocato,
3361 3372 3505 3412 nunc

1889 3427 1983 3482 'S.
2033 3427 2350 3484 Pantaleoni
2398 3421 2555 3482 sacro
2593 3428 2869 3492 donasset,
2913 3428 3136 3482 veniens
3188 3441 3254 3480 ex
3307 3427 3505 3482 itinere

1925 3496 2274 3567 Moguntiam,
2303 3498 2355 3551 in
2392 3496 2760 3567 diﬂ‘erentiam'
2789 3497 3212 3567 Moguntinensis
3239 3495 3501 3558 Albaniae,

1924 3567 1991 3650 de
2005 3565 2237 3650 sensilio
2267 3568 2384 3636 ejus
2403 3565 2795 3650 iocinepiscopi,
2819 3565 3258 3650 huncAl‘binum,
3285 3567 3376 3650 qui
3401 3567 3501 3650 sub

1925 3634 2262 3690 Dio‘cletiano
2289 3634 2430 3690 anno
2473 3634 2598 3698 286,
2630 3650 2813 3690 mense
2842 3634 2986 3690 Junii
3030 3635 3123 3698 22,
3167 3648 3360 3702 passus
3397 3645 3502 3699 est,

1923 3705 2158 3760 vocavit.
2211 3705 2287 3758 Ita
2335 3704 2614 3758 Erhardus
2659 3704 2931 3759 Winheim
2986 3706 3040 3759 in
3101 3703 3355 3758 Sacrario
3405 3719 3506 3758 suo

1924 3774 2231 3845 Agrippina:
2258 3790 2381 3845 pag.
2404 3775 2527 3828 141.
2559 3773 3021 3845 γεώδεσι-πίνω
3051 3785 3294 3829 nostrum
3319 3786 3498 3826 rerum

1927 3843 2384 3915 thuittiacarum
2416 3845 2452 3898 l.
2487 3860 2544 3909 ιι,
2579 3859 2628 3898 c.
2655 3843 2744 3898 28.

237 4019 3466 4050 Μ*
3469 4009 3474 4012 Ι

1549 4113 1836 4224 ΜΕΝΞΙΒ
1876 4161 2142 4224 JULIUS

1321 4345 1530 4389 ΗΔΒΕΤ
1572 4347 1712 4392 DIES
1757 4346 1934 4404 XXXI,
1980 4346 2146 4389 LUNA
2190 4346 2342 4390 XXX.

992 4591 1044 4632 γι
1083 4576 1225 4632 Non.
1301 4577 1359 4633 In
1387 4579 1704 4634 coemeterio
1725 4579 1966 4644 Damasi,
1984 4578 2232 4635 Processi
2255 4585 2310 4632 et
2336 4561 2668 4642 Martiniani,
2698 4574 2767 4630 ab
2788 4573 3048 4645 apostolis
3069 4574 3231 4632 Petro
3261 4584 3316 4632 et
3342 4577 3508 4636 Paulo

3399 4699 3416 4730 l

1305 4759 1372 4814 Et
1404 4759 1567 4814 trium
1597 4761 1850 4827 militum,
1874 4762 1964 4832 qui
1996 4775 2118 4816 cum
2146 4758 2314 4814 Paulo
2341 4757 2585 4829 apostolo
2611 4772 2755 4828 passu
2786 4763 2930 4812 sunt.

1300 4851 1366 4906 Et
1398 4861 1699 4923 martyrum
1724 4853 2014 4916 Aristonis,
2042 4852 2440 4917 Crescentiani,
2468 4850 2811 4922 Eutychiani,
2840 4847 3067 4914 Urbani,
3101 4857 3156 4904 et
3184 4847 3436 4905 aliorum.

1296 5487 1453 5557 Apud
1481 5485 1763 5554 Sirmium,
1787 5485 2109 5550 Innocentii,
2141 5483 2406 5550 Sabbatii,
2442 5496 2564 5539 cum
2599 5480 2719 5536 aliis
2749 5496 2877 5535 xu.

276 4482 330 4538 1.
372 4497 443 4538 vn
651 4483 691 4537 E
911 4484 1030 4540 Kal.
1067 4484 1216 4542 Julii.
1293 4487 1351 4542 ln
1379 4486 1718 4554 montejior,
1749 4489 1954 4556 Aaron,
1985 4487 2284 4544 sacerdotis
2306 4487 2467 4556 prim.
2517 4502 2552 4540 n
2598 4499 2718 4557 ege.

271 4574 392 4630 2.1
650 4575 690 4629 F

1375 4667 1791 4738 baptizatorum.

267 4940 310 4999 ὃ
370 4955 413 4998 ιι
655 4941 702 4999 G
1018 4958 1049 4996 v
1088 4941 1226 4997 Non.
1305 4943 1617 4998 Translatio
1644 4943 1865 4999 Thomas
1890 4943 2126 5014 apostoli

1924 4943 2140 5014 postoli.

1305 5032 1460 5102 Apud
1483 5031 2031 5104 ConstantinOpolim,
2066 5032 2296 5105 Eulogii.

1301 5121 1595 5186 Laodicire,
1624 5122 1862 5178 Anatolii
1888 5125 2146 5196 episcopi.

565 5261 580 5272 κ
731 5257 733 5260 ι
1299 5213 1366 5267 Ει
1386 5213 1636 5284 Gregorii
1667 5215 1943 5284 martyris.

266 5303 330 5361 4.
373 5319 432 5360 ιιι
649 5305 693 5359 ii
991 5321 1044 5360 tv
1083 5305 1223 5361 Non.
1300 5305 1455 5360 Osca:
1481 5313 1535 5358 et
1564 5303 1767 5375 Aggaei.

1298 5393 1682 5451 Jocundiniani
1710 5396 1986 5467 martyris.

267 5574 329 5632 5.
369 5590 426 5632 tv
657 5578 676 5630 1
988 5593 1048 5633 ιιι
1086 5577 1223 5633 Non.
1300 5577 1358 5632 In
1390 5576 1573 5649 Syria,
1603 5578 1777 5634 sancti
1809 5576 2028 5632 Domitii
2058 5575 2332 5645 martyris.

1302 5673 1506 5739 Romae,
1535 5673 1723 5729 Natale
1748 5673 1893 5738 Zoae,
1923 5672 2114 5727 uxoris
2138 5669 2452 5726 Nicostrati.

265 5763 333 5820 ϐ.
372 5780 406 5818 v
660 5766 702 5820 K
951 5847 954 5849 Δ
1007 5783 1042 5821 ιι
1082 5765 1218 5822 Νοη.
1258 5838 1263 5843 ε
1299 5766 1453 5822 Isaiae
1479 5774 1534 5820 et
1563 5764 1680 5822 Joel
1710 5764 2119 5837 prophetarum.
