4024 6362
204 387 318 442 165
1164 377 1766 438 MARTYROLOGIUM
1805 375 1948 432 CUM
1987 376 2515 432 ADDITAMENTIS.
3362 376 3460 435 I66

200 497 299 552 29.
342 513 416 553 vn
621 496 667 549 N
985 507 1037 546 ιν
1075 491 1192 548 Kal.
1269 491 1474 557 Romae,
1503 477 1700 545 Felicis
1728 503 1879 558 papae
1902 496 1956 542 et
1977 488 2236 558 martyris
2257 489 2354 543 sub
2377 488 2714 544 Constantio.

1273 585 1338 638 Et
1366 583 1649 653 Simplicii,
1679 582 1926 636 Faustini
1955 589 2010 635 et
2034 581 2317 636 Beatricis.

203 682 304 735 50.
343 696 364 736 ι
633 677 678 737 Ο
974 694 1033 732 ιιι
1074 677 1192 732 Kal.
1269 677 1476 741 Romae,
1505 676 1692 728 Abdon
1721 683 1776 728 et
1806 672 2023 729 Sennis.

1274 767 1530 821 Tuburbo
1552 765 1918 830 Lucernariae,
1947 764 2214 832 Maximaz,
2247 764 2528 820 Donatillze
2553 773 2608 818 et
2638 765 2897 820 Secundae
2924 765 3210 837 virginum.

198 864 298 918 51.
337 879 378 918 ιι
631 859 673 915 P
995 875 1032 915 ιι
1069 859 1191 914 Kal.
1266 858 1547 923 Caesareae,
1577 857 1731 911 Fabii
1760 859 2034 928 martyris.

203 1028 387 1089 tymm
439 1014 735 1089 distinguit.
785 1012 1102 1089 Agobardus
1149 1025 1362 1089 quoque
1417 1008 1788 1089 Lugdunensis
1889 1008 2252 1089 taleomonem
2283 1007 2491 1089 Yigiliis
2614 1010 2824 1089 Apulia.
2870 1009 3159 1064 Pantaleon
3197 1018 3376 1089 autem
3412 1020 3468 1068 et

199 1079 760 1157 e'piscopnscar'mine
793 1079 859 1137 de
905 1083 1096 1157 harum
1133 1079 1490 1157 reliquiarum
1527 1081 1778 1157 adventu,
1889 1079 2266 1157 Pantaleenion
2292 1081 2429 1157 idem
2450 1079 2767 1157 quibusdam
2796 1095 2987 1157 nomen
3019 1098 3032 1132 :
3064 1083 3298 1157 natmqni
3324 1081 3466 1157 _Pan-

199 1148 552 1211 Fantaleonis
575 1168 770 1209 nomen
812 1151 1082 1222 exprimit.
1133 1148 1528 1222 PlureSoigitur
1567 1149 1783 1222 [uerunt
1890 1149 2064 1222 taleon
2113 1148 2269 1222 Rom.
2318 1149 2588 1222 Martyrol.
2642 1150 3019 1222 Pantaleenron
3065 1151 3116 1203 in
3153 1149 3465 1222 Menolngio

201 1227 586 1302 Eantaleones.
614 1223 772 1278 Certe
811 1218 1184 1302 idMagyrol.
1235 1218 1523 1302 ῇοιιιζιῒῖ.
1569 1218 1684 1302 .Ιιι[ἱ
1729 1226 1785 1273 et
1888 1220 2121 1302 dicitur:
2156 1220 2245 1300 ubi
2274 1229 2330 1274 et
2349 1218 2486 1302 alius
2508 1220 2800 1274 Pantaleon
2831 1221 2892 1273 l7
2929 1220 3260 1290 Septembris
3285 1218 3466 1275 socius

203 1296 683 1351 Pantaleomonem
710 1293 976 1347 medicum
1005 1288 1326 1346 Nicomedia:
1349 1291 1533 1353 habes,
1565 1297 1618 1344 et
1644 1288 1786 1344 Pan-
1887 1289 2232 1359 Charalampi
2254 1291 2530 1360 martyris.

1479 1557 1764 1619 MENSIS
1806 1558 1961 1620 AUG
1973 1556 2212 1618 USTUS

1305 1736 1515 1779 ΗΔΒΕΤ
1556 1736 1696 1778 DIES
1738 1735 1924 1789 XXXI,
1973 1738 2138 1780 LL'NA
2183 1736 2357 1779 XXIX.

245 1885 302 1941 1.
358 1896 417 1935 ιιι
639 1875 684 1942 Q
896 1877 1015 1934 Kal.
1056 1877 1196 1951 Aug.
1272 1878 1478 1943 Romae,
1502 1878 1570 1932 ad
1599 1877 1657 1933 S.
1688 1877 1909 1933 Petrum
1937 1879 2004 1932 ad
2035 1876 2281 1933 Vincula.

1275 1969 1593 2034 Antiochiae,
1628 1967 1728 2023 SS.
1763 1969 2218 2024 Machabteorum.

1275 2061 1678 2131 Philadelphia),
1714 2073 2015 2134 martyrum
2042 2062 2248 2132 Cyrilli,
2275 2061 2502 2132 Aquilm,
2533 2061 2680 2118 Petri
2719 2070 2778 2117 et
2807 2063 3030 2118 aliorum

1272 2152 1554 2218 Vercellis,
1586 2152 1802 2209 Eusebii
1831 2154 2088 2223 episcopi.
2582 2149 2584 2151 ’

245 2250 303 2304 2.
342 2264 396 2305 tv
630 2247 679 2305 Β
963 2261 1016 2302 tv
1056 2244 1192 2300 Non.
1272 2244 1476 2307 Romae,
1512 2243 1770 2313 Stephani
1802 2259 1951 2314 papa:
1980 2251 2035 2298 et
2063 2245 2337 2315 martyris.

1268 2334 1326 2388 ln
1352 2333 1625 2404 Bithynia,
1657 2333 1949 2389 Theodota:
1977 2350 2100 2389 cum
2132 2334 2304 2388 tribus
2334 2333 2478 2390 ﬁliis.

246 2437 304 2488 5.
340 2450 372 2491 v
634 2433 672 2488 S
958 2445 1016 2484 ιιι
1058 2427 1194 2482 Non.
1273 2425 1684 2496 Hierosolymis,
1713 2425 1953 2481 lnventio
1982 2426 2223 2496 corporis
2276 2427 2418 2482 beati
2471 2425 2754 2498 Stephani,
2798 2424 3141 2490 Gamalielis,
3174 2423 3470 2488 Nicodemi,

1342 2518 1440 2571 Abi

1342 2518 1554 2573 Abibon

1267 2608 1756 2679 Constantinopoli,
1793 2605 2048 2662 llermelli
2087 2602 2362 2672 martyris.

248 2710 310 2766 4.
350 2726 400 2764 vl
635 2708 677 2761 T
985 2719 1023 2758 ιι
1062 2702 1201 2758 Νοιι.
1277 2699 1580 2756 Aristarchi
1612 2697 1837 2768 discipul

985 2719 1023 2758 ιι
1062 2702 1201 2758 Νοιι.
1277 2699 1580 2756 Aristarchi
1612 2697 1859 2768 discipuli
1892 2694 2277 2767 apostolorum.

1269 2791 1326 2845 ιιι
1355 2797 1543 2861 crypta
1569 2786 1854 2854 Arenaria,
1882 2785 2167 2841 Tertullini
2198 2784 2451 2856 martyris
2480 2783 2684 2840 Romaz.

239 2893 298 2944 5.
335 2906 414 2944 vn
636 2885 676 2941 V
1006 2883 1190 2939 Nonae.
1269 2883 1326 2938 ln
1356 2883 1576 2938 civitate
1602 2881 1841 2952 Augusta
1871 2879 1923 2934 in
1951 2877 2186 2942 Rbmtia,
2218 2884 2418 2932 sancta:
2446 2873 2591 2930 Afrae
2621 2877 2894 2947 martyris.

245 2982 301 3035 6.
345 2998 360 3035 ι
633 2977 679 3032 Α
981 2989 1075 3030 Vill
1113 2973 1187 3028 Id.
1268 2973 1453 3028 Romae
1482 2971 1570 3026 via
1596 2970 1791 3040 Appia,
1820 2968 1959 3024 Xisti
1983 2981 2134 3037 papae
2155 2976 2212 3024 et
2237 2965 2491 3036 martyris

1271 3063 1593 3119 Felicissimi
1620 3067 1676 3118 et
1709 3061 1924 3133 Agapiti
1952 3061 2302 3116 diaconorum
2333 3058 2387 3111 in
2417 3057 2730 3113 cmmeterio
2760 3057 3070 3113 Przetextati

246 3163 302 3214 7.
343 3175 381 3215 ιι
569 3172 572 3174 ⁷
638 3157 678 3210 Β
1006 3169 1080 3208 vn
1116 3153 1190 3207 ld.
1267 3153 1424 3222 Apud
1457 3151 1727 3218 Aretium,
1757 3150 1951 3205 Donati
1989 3148 2225 3220 episcOpi
2248 3155 2303 3202 et
2326 3147 2602 3216 martyris.

1271 3245 1475 3307 Romae,
1506 3242 1676 3307 Petri,
1703 3240 1955 3306 Julianaa,
1989 3257 2109 3296 cum
2139 3240 2261 3294 aliis
2289 3255 2445 3294 xvm.

1273 3335 1576 3398 Mediolani,
1611 3331 1796 3387 Fausti
1826 3334 2104 3404 martyris.
3296 3400 3302 3405 θ

246 3462 299 3485 υ.
339 3448 398 3487 ιιι
636 3466 656 3487 κ
1026 3444 1078 3482 vt
1118 3445 1193 3483 .n.
1270 3426 1457 3481 Romae
1482 3425 1570 3480 via
1599 3419 1854 3487 Ostiensi,
1885 3423 2099 3496 Cyriaci
2133 3424 2390 3479 martyris
2410 3441 2532 3479 cum
2553 3425 2672 3482 aliis
2700 3442 2790 3481 xu
2812 3427 3028 3497 quando
3050 3441 3145 3482 VIII
3166 3427 3250 3484 die
3273 3429 3476 3486 mensis

1335 3513 1564 3585 Augusti
1587 3514 1849 3569 reconditi
1874 3524 2018 3568 sunt.
2081 3587 2088 3590 β
3059 3511 3080 3538 ⁹

255 3615 306 3670 9.
355 3632 402 3668 iv
643 3612 687 3667 D
1065 3627 1094 3663 v
1131 3611 1209 3664 ld.
1287 3608 1494 3673 Romae,
1532 3605 1764 3662 Romani
1793 3604 1997 3660 militis.

1269 3697 1467 3769 Vigilia
1493 3695 1668 3752 sancti
1704 3693 2028 3752 Laurentii-

214 3799 306 3854 10.
348 3814 378 3850 v
636 3796 679 3851 Ε
1033 3811 1084 3850 ιν
1121 3794 1198 3851 ld.
1275 3792 1482 3858 Romae,
1505 3789 1784 3846 Laurentii
1807 3789 2158 3846 archidiaeon
2211 3805 2488 3863 martyris.

1277 3887 1346 3941 Et
1370 3885 1599 3941 militum
1620 3900 1776 3940 CLXV.

213 3984 302 4037 11.
343 3998 395 4036 v1
635 3982 672 4035 F
1025 3995 1084 4034 ιιι
1118 3977 1194 4034 ld.
1271 3977 1458 4032 Romae
1487 3977 1631 4032 inter
1655 3977 1790 4032 duas
1821 3975 2021 4042 lauros,
2056 3977 2285 4033 Tiburtii
2312 3977 2568 4032 martyris

1276 4068 1345 4123 Et
1376 4067 1638 4124 Susanna:
1661 4067 1888 4138 virginis
1917 4067 2175 4138 martyris

211 4162 301 4216 12.
344 4177 416 4216 vn
630 4162 672 4217 Ο
1042 4175 1079 4213 ιι
1116 4158 1193 4214 ld.
1269 4156 1511 4221 Catame,
1537 4156 1696 4226 Eupli
1721 4157 1931 4211 diaconi
1962 4165 2016 4210 et
2043 4157 2320 4227 martyris.

1277 4248 1334 4303 ln
1370 4246 1549 4318 Syria,
1581 4245 1805 4301 Macarii
1841 4255 1896 4301 et
1921 4245 2141 4301 Juliani.

211 4348 302 4402 15.
341 4363 357 4400 ι
642 4344 683 4398 ll
1052 4341 1195 4397 ldus.
1271 4339 1478 4405 Romae,
1499 4337 1774 4408 Hippolyti
1799 4338 2060 4409 martyris
2083 4352 2204 4392 cum
2219 4335 2422 4392 familia
2438 4351 2556 4404 sua,
2573 4344 2629 4392 et
2652 4335 2710 4392 S.
2733 4335 3067 4403 Concordiae,
3092 4337 3316 4394 nutricis
3335 4338 3455 4408 ejus
3481 4408 3496 4420 ο

1271 4429 1325 4483 lu
1359 4427 1477 4483 foro
1503 4427 1684 4498 Sylla},
1713 4426 1979 4481 Cassiani.

209 4530 303 4584 H.
343 4545 380 4584 ιι
641 4527 662 4581 ι
807 4541 895 4579 xxx
934 4523 998 4579 Κ.
1037 4522 1190 4594 Sept.
1267 4521 1473 4584 Romae,
1502 4517 1721 4573 Eusebii
1750 4519 2052 4589 presbyteri
2083 4528 2135 4573 ct
2160 4518 2505 4576 confessoris.
2543 4520 2641 4575 sub
2667 4518 2980 4576 Constantio
3002 4519 3234 4588 Ariano,
3280 4521 3474 4592 sepulti

1369 4630 1400 4667 n
1429 4611 1749 4667 coemeterio
1776 4611 2006 4667 Callisti.

209 4713 304 4769 15.
343 4729 400 4770 ιιι
625 4712 667 4767 Κ
907 4726 1039 4766 xvm
1080 4708 1196 4763 Kal.
1275 4706 1492 4761 Sancta
1523 4701 1716 4759 illum:
1746 4704 1798 4758 dt

625 4712 667 4767 K
907 4726 1039 4766 xvm
1080 4708 1196 4763 Kal.
1275 4706 1492 4761 Sancta
1523 4701 1716 4759 illum:
1746 4704 2021 4758 dormitio.

1277 4799 1462 4855 Sancti
1501 4797 1758 4854 Tharsilii
1787 4798 2018 4870 acolythi
2049 4811 2099 4854 et
2133 4810 2406 4871 martyris.

210 4901 301 4956 16.
344 4917 397 4954 iv
631 4900 670 4954 L
937 4912 1044 4950 xm
1081 4894 1198 4949 Kal.
1275 4893 1332 4947 ln
1357 4891 1521 4947 Nicea
1543 4891 1808 4962 Bithynia:
1831 4931 1845 4957 ,
1879 4889 2079 4946 Ursatii
2108 4891 2436 4947 confessoris
2469 4891 2568 4948 sub
2596 4889 2823 4946 Licinio.

1277 4986 1486 5050 Romae,
1520 4984 1760 5048 Serenae,
1781 4985 1968 5038 uxoris
1989 4983 2307 5038 Diocletiani
2335 4984 2582 5054 Augusti.

211 5085 304 5140 17.
346 5101 378 5139 v
628 5084 676 5139 Μ
952 5097 1040 5135 xvi
1081 5078 1199 5136 Kal.
1275 5080 1332 5135 ln
1358 5077 1563 5143 Africa,
1589 5088 1888 5149 martyrum
1914 5077 2150 5131 Liberati
2176 5076 2421 5142 Abbatis,
2438 5075 2700 5133 Bonifacii
2717 5075 3142 5143 diaconi,Servii
3165 5083 3219 5132 et
3243 5071 3474 5135 Rustici,

1345 5181 1399 5228 et
1428 5173 1654 5239 aliorum
1687 5173 1787 5227 sub
1812 5172 2128 5228 Wandalica
2163 5175 2562 5243 persecutione.

1277 5269 1556 5332 Caesareae,
1597 5265 1902 5321 Mammetis
1933 5269 2206 5339 martyris.
2381 5258 2383 5261 ’

212 5363 308 5419 18.
348 5379 400 5417 vt
639 5365 680 5420 N
976 5379 1045 5418 xv
1083 5362 1204 5417 Kal.
1278 5361 1335 5415 ln
1366 5359 1696 5415 Praenestina
1725 5359 1966 5425 civitate,
1998 5363 2208 5432 Agapiti
2243 5365 2518 5434 martyris.

1281 5451 1486 5515 Romae,
1515 5449 1737 5505 Joannis
1761 5458 1816 5503 et
1842 5449 2017 5520 Crispi
2042 5453 2500 5522 presbyterorum.

211 5544 306 5600 l9.
346 5561 421 5603 vn
635 5548 680 5602 0
951 5560 1040 5600 xw
1075 5543 1194 5598 Kal.
1271 5541 1456 5597 Sancti
1486 5541 1660 5611 Magni
1689 5556 1782 5595 seu
1805 5540 2034 5598 Andrea:
2058 5548 2331 5617 martyris,
2362 5563 2486 5602 cum
2514 5546 2679 5603 sociis
2706 5546 2914 5602 duobus
2943 5543 3179 5601 millibus
3208 5548 3412 5595 nxcvu.

1275 5632 1481 5696 Romae,
1504 5629 1628 5685 Julii
1658 5631 1925 5685 senatoris
1951 5642 2008 5688 et
2037 5638 2305 5707 martyris.

206 5727 288 5784 ΞΟ
347 5744 364 5783 ι
635 5727 675 5781 P
946 5745 1041 5782 xm
1078 5727 1196 5781 Kal.
1274 5724 1856 5794 Samuelisprophette.
