4024 6362
155 444 263 498 ιω

154 556 246 608 ﬁt.
291 571 304 606 ι

156 743 250 797 ll.
292 759 330 797 ιι

165 1027 258 1083 l3.
296 1046 348 1082 Iv

166 1129 258 1184 ﬂ.
296 1143 325 1180 v

171 1599 261 1656 15.
301 1614 357 1653 vt

171 1695 261 1749 16.
304 1709 378 1747 vlt

174 1886 262 1939 t7.
304 1900 319 1940 ι

177 2171 263 2226 18.
306 2184 342 2222 ιι

176 2360 263 2418 19.
307 2374 366 2412 ιιι

173 2549 267 2602 20.
305 2565 356 2602 Iv

174 2644 271 2697 2|.
314 2659 342 2694 v

176 2739 270 2792 22.
314 2756 364 2794 vt

175 2835 270 2890 23.
309 2851 381 2888 vn

176 3021 271 3076 24.
315 3037 331 3074 ι

177 3117 268 3171 25.
311 3133 348 3171 ιι

173 3211 268 3266 26.
307 3228 365 3264 ιιι

174 3403 361 3456 27.1v

176 3499 270 3554 28.
308 3515 342 3551 v

175 3591 273 3644 29.
314 3607 367 3646 vt

173 3880 266 3934 50.
306 3898 382 3936 vn

167 4689 205 4741 9.

164 4976 201 5028 5

247 5429 279 5458 ο
320 5415 532 5468 Athenis
560 5413 794 5483 Dionysii
816 5413 1163 5483 Areopagitaf,
1186 5411 1280 5483 sub
1304 5409 1542 5483 Adriano
1577 5411 1748 5465 diuer-

167 5487 247 5541 sis
292 5484 559 5538 tormentis
601 5480 764 5553 passi,
804 5492 909 5538 etc.
954 5480 1072 5536 Mox
1099 5481 1158 5553 79‘
1181 5480 1427 5553 Ogobris
1459 5497 1475 5553 :7
1508 5480 1749 5553 Parisiis,

612 553 656 604 li

621 740 660 794 ὃ

614 835 659 890 Τ

617 1027 658 1081 ν

1135 433 1731 490 ιιΑιιΤῑιιοιοϐιυιι
1771 432 1914 488 CUM
1949 429 2477 488 ADDITAMENTIS.
2769 473 2772 477 ν
3309 426 3411 487 ΠΟ

989 563 1040 601 tv
1078 547 1154 602 Id.

981 752 1040 791 ιιι
1079 735 1154 790 Id.

1002 847 1042 886 ιι
1075 832 1153 886 ld.

1013 1024 1156 1079 ldus.

1228 547 1286 600 ln
1319 546 1520 612 Africa,
1552 547 1924 615 episcoporum
1947 545 2280 611 Nemesiani,
2307 545 2525 610 Felicis,
2557 551 2612 598 et
2641 541 2868 597 aliorum
2891 555 2988 594 vn.

1219 643 1372 712 Apud
1393 642 1816 707 Chalcedonam,
1851 640 2134 696 Sosthenis
2155 651 2210 696 et
2230 640 2482 696 Victoris.

1230 736 1434 800 Horme,
1459 735 1746 806 Hyacinthi
1780 744 1836 790 et
1860 736 2008 790 Proti
2034 737 2428 791 eunuchorum.

1231 831 1403 886 Ticini
1429 872 1447 898 ,
1479 831 1810 886 confessoris
1832 831 1955 902 Syri
1981 871 1996 899 ,
2019 842 2080 888 et
2102 832 2313 888 Eventii
2337 873 2352 898 ,
2376 829 2758 900 discipulorum
2781 825 3122 896 Hermagorae
3148 864 3162 892 ,
3184 823 3406 896 Aquiie-

1299 928 1465 982 iensis
1495 928 1654 997 primi
1681 929 1942 998 episcopi.

1232 1023 1289 1078 In
1316 1023 1660 1088 Alexandria,
1685 1024 1916 1095 Philippi
1941 1025 2183 1095 episcopi
2209 1033 2262 1080 et
2291 1023 2566 1094 martyris,
2594 1021 2685 1090 qui
2712 1019 2947 1089 primum
2972 1016 3260 1087 przel'ectus
3281 1018 3405 1073 fuit.

613 1124 652 1179 Α
693 1137 825 1178 xvm
859 1120 924 1176 K.
960 1119 1151 1176 Octob.
1228 1120 1434 1185 Itomaz,
1465 1119 1703 1176 Cornelii
1730 1121 1970 1190 episcopi
2001 1131 2056 1176 et
2088 1121 2364 1191 martyris.

894 1613 1002 1652 xvn
1039 1596 1155 1651 Kal.

916 1708 1003 1747 χιιι
1041 1691 1160 1745 Kal.
1237 1691 1596 1758 Chalcedone,
1636 1695 1943 1764 Euphemiaa
1974 1697 2216 1767 virginis.

933 1899 1000 1951 xv
1039 1882 1159 1938 Kal.

934 2563 1009 2601 xu
1045 2547 1162 2602 Kal.
1184 2591 1186 2594 μ

954 2660 1009 2698 xl
1051 2643 1166 2698 Kal.

973 2757 1003 2794 ιι
1045 2741 1162 2795 Kal.

963 2851 1014 2889 ιι
1053 2835 1172 2889 Kal.

961 3228 1013 3264 vi
1051 3211 1164 3266 Kal.

980 3419 1012 3456 v
1049 3402 1164 3459 Kal.

959 3514 1011 3553 tv
1049 3499 1166 3552 Kal.

961 3608 1022 3646 ιιι
1054 3591 1175 3664 Kal,

972 3899 1007 3936 ιι
1047 3882 1163 3936 Kal.

814 4494 931 4548 Kal.
973 4493 1166 4549 Octob.

933 4698 984 4736 vl
1025 4681 1160 4737 Non.

955 4985 987 5021 ν
1023 4967 1162 5023 Non.

1233 1214 1557 1285 Carthagine
1574 1257 1588 1280 ,
1625 1215 1880 1287 Cypriani
1906 1217 2146 1286 episcopi
2172 1229 2227 1271 et
2255 1215 2532 1287 martyris.

1233 1309 1505 1363 Exaltatio
1525 1319 1726 1365 sancta:
1751 1310 1974 1376 Crucis,
2001 1313 2070 1366 ab
2094 1311 2340 1366 Heraclio
2361 1310 2685 1380 imperatore
2712 1323 2743 1360 a
2775 1306 2952 1361 Persis
2980 1305 3403 1378 Hierosolymam

1293 1413 1601 1474 reportatae,
1631 1407 1850 1476 quando
1877 1416 1934 1461 et
1961 1407 2147 1462 Roma:
2178 1407 2378 1476 lignum
2407 1405 2744 1461 salutiferum
2769 1402 2959 1458 Crucis
2987 1417 3017 1456 a
3053 1400 3244 1472 Sergio
3267 1417 3402 1472 papa

1296 1500 1575 1556 inventura
1603 1503 1670 1557 ab
1695 1505 1843 1558 omni
1874 1505 2070 1574 pepulo
2099 1513 2407 1560 veneratur.

1232 1595 1438 1661 Romae,
1467 1597 1775 1655 Nicomedis
1805 1601 2081 1670 martyris.

1229 1788 1434 1854 Romae,
1463 1788 1642 1844 Luciaa
1667 1800 1724 1846 et
1750 1792 2084 1847 Germiniani
2116 1800 2434 1863 martyrum.

1237 1884 1444 1950 Romze,
1475 1882 1674 1940 Justini
1705 1888 2030 1960 presbyteri,
2063 1889 2129 1944 ad
2171 1903 2330 1958 quem
2352 1889 2410 1943 Β.
2445 1889 2765 1944 Laurentius
2787 1888 2841 1943 in
2864 1888 2984 1941 vico
3006 1885 3225 1940 Patricii
3248 1895 3406 1940 nocte

1235 1979 1399 2032 venit.
3117 1969 3128 1974 -

1225 2072 1359 2127 Item
1390 2071 1630 2128 Narcissi
1659 2079 1713 2126 et
1743 2070 2131 2124 Crescentiani.

924 2181 1012 2221 xrv
1050 2165 1166 2247 Kal.
1243 2165 1497 2221 Methodii
1522 2207 1536 2230 ,
1566 2164 1774 2235 Olympi
1803 2164 1983 2234 Lyciae
2004 2203 2018 2226 ,
2056 2173 2111 2218 et
2138 2173 2324 2234 postea
2359 2164 2488 2237 Tyri
2513 2167 2753 2237 episcopi
2782 2207 2796 2231 ,
2819 2167 2910 2236 qui
2937 2169 3038 2223 sub
3082 2168 3396 2225 Diocletiant

1305 2262 1565 2333 martyrio
1595 2261 1886 2316 coronatus
1907 2269 2010 2316 est.

910 2373 1008 2412 xui
1050 2357 1167 2412 Kal.
1246 2356 1486 2428 Neapoli,
1513 2357 1778 2422 Januarii,
1808 2355 1972 2422 Socii,
1999 2357 2168 2422 Festi,
2203 2360 2486 2426 Desiderii,
2519 2361 2752 2427 Proculi,
2786 2363 3118 2435 Eutychetis,
3149 2363 3324 2419 Acuti.

1234 2452 1302 2506 Et
1329 2451 1494 2515 Pelei,
1521 2460 1577 2505 et
1600 2451 1725 2506 Nili.

1241 2549 1296 2602 ln
1327 2547 1546 2618 Cyzico,
1577 2548 1788 2603 Faustae
1809 2549 2056 2620 virginis,
2078 2560 2134 2606 et
2157 2550 2398 2607 Evilasii.

1245 2643 1485 2698 Matthazi
1517 2644 1766 2713 apostoli.

1240 2740 1473 2796 Mauritii
1493 2757 1616 2796 cum
1638 2741 1820 2804 sociis,
1843 2743 1936 2811 qui
1960 2742 2175 2798 Thebaei
2217 2743 2382 2800 fuisse
2411 2745 2738 2813 referuntur,
2782 2749 2881 2804 sub
2902 2750 3227 2803 Maximiano
3245 2750 3414 2820 passi.

1250 2835 1599 2895 Mesenathte.
1631 2835 1777 2890 Sosii
1803 2836 2039 2903 diaconi,
2063 2854 2328 2894 annorum
2357 2857 2463 2894 xxx
2497 2825 2769 2912 martyris.

1234 2931 1300 2985 Et
1328 2930 1538 2985 Thecla:
1560 2930 1809 3001 virginis,
1841 2931 2101 2987 Seleuciae
2124 2934 2476 3002 quiescentis.

919 3040 1015 3079 vin
1052 3024 1168 3078 Kal.
1245 3024 1539 3094 Conceptio
1563 3022 1792 3080 Joannis
1820 3025 2092 3095 Baptistae.

941 3134 1012 3171 vn
1052 3117 1171 3172 Kal.

1247 3118 1530 3188 Cleophze,
1564 3118 1650 3173 cui
1681 3119 1939 3176 Dominus
1965 3131 2089 3191 post
2119 3127 2565 3196 resurrectionem
2600 3128 2652 3182 in
2680 3128 2766 3182 via
2794 3130 3062 3199 apparuit.

1243 3213 1459 3279 Romae,
1486 3212 1744 3284 Cypriani
1767 3215 2006 3286 episcopi
2049 3217 2349 3275 Antiochia:
2374 3223 2542 3291 passi,
2573 3231 2627 3290 et
2650 3239 2772 3277 cum
2803 3233 3044 3298 martyre
3071 3223 3282 3280 Iustina
3313 3221 3422 3277 Ro-

1311 3324 1457 3364 mam
1479 3309 1752 3365 translati.

1241 3403 1299 3457 lu
1324 3403 1510 3473 IEgma
1538 3403 1776 3467 civitate,
1810 3401 2018 3457 Cosmze
2043 3410 2099 3455 et
2123 3400 2387 3467 Damiani,
2421 3401 2686 3468 Anthimi,
2717 3402 2927 3468 Leontii
2954 3414 3010 3460 et
3039 3406 3311 3478 Euprepii.

1241 3498 1504 3554 Cordubae
1529 3498 1736 3563 Fausti,
1760 3497 2004 3552 Januarii
2031 3506 2087 3550 et
2115 3495 2377 3556 Martialis
2405 3509 2725 3570 martyrum.

1249 3592 1305 3646 In
1333 3601 1515 3647 monte
1546 3591 1794 3662 Cargano
1816 3591 2144 3646 venerabilis
2168 3592 2428 3646 memoria
2458 3593 2763 3662 archangeli
2790 3594 3084 3652 Michaelis.

1239 3691 1307 3746 Et
1331 3689 1548 3757 Romae,
1589 3690 1857 3745 dedicatio
1885 3687 2135 3744 ecclesia:
2164 3687 2406 3757 ejusdem
2432 3686 2740 3756 archangeli
2763 3727 2778 3752 ,
2807 3703 2839 3741 a
2879 3688 2940 3742 Β.
2978 3691 3251 3747 Bonifacio
3279 3707 3418 3763 papa

1301 3795 1630 3842 constructae
1659 3787 1713 3840 in
1735 3785 1924 3853 Circo,
1951 3785 2042 3855 qui
2071 3784 2220 3839 locus
2242 3782 2558 3838 Internubes
2588 3782 2802 3838 dicitur.

1242 3881 1540 3948 Bethleem,
1571 3881 1883 3954 Hieronymi
1911 3879 2236 3951 presbyteri.

1449 4169 1735 4232 MENSIS
1778 4168 2148 4230 OCTOBER

1323 4353 1532 4395 BABET
1574 4351 1714 4394 DIES
1759 4350 1937 4407 XXXI,
1981 4345 2148 4392 ιυΝΑ
2183 4347 2333 4392 XXX.

1240 4493 1426 4548 Tomis
1453 4493 1693 4558 civitate,
1717 4491 1909 4556 Prisci,
1939 4490 2237 4546 Crescentii
2261 4497 2316 4546 et
2336 4489 2570 4559 Evagrii.

1237 4587 1303 4640 Et
1329 4587 1514 4642 Remis
1537 4587 1776 4652 civitate,
1809 4586 1984 4640 sancti
2016 4584 2246 4654 Remigii
2271 4583 2532 4654 episcopi.

1237 4679 1584 4746 Nicomediae,
1617 4681 1876 4736 Eleuterii
1903 4680 2161 4749 martyris
2190 4679 2292 4734 sub
2325 4677 2680 4742 Diocletiano,
2707 4685 2763 4732 et
2790 4678 3259 4734 innumerabilium
3287 4679 3424 4736 alio-

1308 4793 1457 4842 rum,
1488 4793 1625 4846 quos
1655 4777 1827 4830 iratus
1853 4774 2218 4829 Diocletianus
2247 4789 2346 4844 pro
2377 4773 2598 4828 incenso
2622 4772 2855 4843 palatio,
2885 4774 3114 4831 diversis
3143 4777 3426 4832 tormentis

1299 4873 1424 4928 odio
1451 4872 1743 4928 Christiani
1772 4869 2006 4926 nominis
2032 4869 2251 4924 occidit.

1235 4967 1483 5031 Athenis,
1510 4965 1749 5035 Dionysii
1771 4964 2112 5034 Areopagitae
2133 4974 2180 5029 ε,
2212 4964 2312 5018 sub
2333 4962 2574 5019 Adriano
2600 4963 2830 5019 diversis
2861 4967 3146 5024 tormentis
3168 4969 3340 5040 passi,
3364 4981 3426 5024 ut

1306 5062 1573 5117 Aristides
1599 5061 1752 5116 testis
1781 5068 1864 5115 est
1887 5060 1942 5114 in
1973 5074 2156 5130 opere,
2188 5060 2332 5129 quod
2359 5061 2424 5116 de
2448 5060 2754 5115 Christiana
2783 5059 3041 5131 religione
3074 5067 3378 5135 composuit
3412 5085 3424 5118 :

1309 5161 1411 5214 hoc
1438 5175 1573 5230 opus
1602 5159 1743 5230 apud
1785 5158 2145 5214 Athenienses
2184 5159 2326 5214 inter
2363 5158 2708 5227 antiquorum
2751 5157 3044 5215 memorias
3066 5158 3427 5215 clarissimum
3462 5208 3468 5214 .

1305 5261 1533 5310 tenetur.

1860 5413 2095 5482 suspicio
2123 5425 2243 5468 esse
2266 5415 2372 5468 nan
2401 5411 2573 5481 possit
2598 5408 2738 5482 apud
2768 5410 2871 5482 hos
2894 5408 3108 5482 aliquid
3137 5415 3256 5482 post
3283 5405 3434 5460 addi-

1863 5476 1995 5553 tum,
2023 5500 2142 5536 cum
2176 5484 2301 5552 ipsi,
2323 5476 2464 5553 quod
2491 5482 2544 5553 in
2563 5476 2867 5553 rve'terihoc
2893 5476 3150 5553 Romano
3176 5476 3436 5553 Martyro.

166 5553 422 5624 Dionysii
449 5546 676 5624 episcopi
701 5546 817 5606 cum
839 5553 991 5624 sociis
1024 5552 1132 5606 suis
1149 5569 1196 5624 _a
1224 5549 1548 5624 Fescennina
1575 5550 1751 5624 gladio
1861 5552 2000 5624 logie
2026 5546 2365 5624 invenerunt,
2393 5567 2473 5624 ex‘
2504 5551 2608 5606 tide
2660 5551 2924 5624 dederint.
2955 5547 3296 5624 _A_ccuratam
3317 5546 3432 5624 hu-

167 5624 550 5679 animadversi.

633 5623 748 5677 ides
791 5623 1107 5676 auctoritate
1148 5619 1307 5690 hujus
1365 5619 1752 5690 Martyrologii,

1854 5614 2008 5691 jusce
2037 5623 2113 5676 rei
2143 5614 2574 5692 disquisitionem
2603 5620 2762 5676 audio
2791 5619 2843 5674 in
2868 5618 2966 5672 viri
3005 5617 3148 5672 docti
3185 5614 3435 5670 manibus

168 5697 316 5774 duos
338 5693 590 5774 distingui
607 5692 893 5774 Dionysius
921 5692 1083 5774 ἀίει-ει
1112 5689 1755 5774 loco:Nee_alitervetusti
1858 5689 2013 5758 esse;
2047 5707 2212 5747 auare
2234 5689 2575 5763 supersedeo.

166 5758 565 5834 Martyrologii,
607 5758 772 5825 Beda,
820 5761 1112 5822 Usuardus,
1168 5761 1300 5824 Atlo,
1344 5758 1625 5814 Notkerns.
1691 5759 1756 5812 Ut

541 5859 812 5918 Pn'nOL.
858 5855 1145 5916 CXXIII.
