4024 6362
575 406 664 460 I7I

571 519 620 572 ι.
663 536 714 574 ιν

571 806 625 860 5.

663 820 696 859 ν

573 999 626 1052 G.
672 1013 720 1050 γι

573 1095 624 1146 'l.
668 1110 741 1146 γιι

577 1958 662 2010 l0.
707 1971 765 2011 ιιι

583 2149 669 2201 ll.
714 2163 765 2200 tv

585 2243 673 2300 I2.
713 2259 739 2294 γ

580 2527 670 2581 I5.
708 2543 757 2579 γι

580 2718 688 2772 Η..
712 2736 784 2773 vti

583 2908 669 2960 16.
714 2923 752 2960 ιι

588 3098 676 3150 I7.
717 3114 776 3151 ιιι

590 3288 676 3342 18.
719 3303 769 3340 ιγ

590 3559 678 3616 l9.
725 3579 750 3612 γ

585 3837 676 3890 80.
717 3851 771 3889 vr

587 3926 676 3979 il.
720 3941 791 3980 γιι

593 4295 684 4348 9.5.
729 4310 764 4348 ιι

599 4473 691 4530 Ἡ.
731 4491 788 4528 ιιι

594 4657 686 4712 25.
729 4673 781 4710 ιγ

598 4837 761 4891 26.γ

599 4931 690 4986 27.
732 4947 784 4984 γι

601 5021 693 5079 28.
731 5036 806 5076 vn

674 5303 700 5331 ι
733 5289 790 5345 In
821 5304 919 5344 ms.
950 5289 1038 5344 hic
1060 5295 1218 5342 erant
1243 5287 1416 5343 sancti
1447 5299 1562 5353 seq.
1590 5284 1718 5346 diei,
1751 5292 1804 5338 et
1825 5284 1889 5337 21
1931 5285 2018 5339 die
2043 5284 2176 5340 Mar-

602 5375 698 5415 cus
717 5368 773 5415 et
799 5359 1034 5424 Salome,
1060 5367 1116 5413 et
1138 5357 1210 5411 22
1246 5357 1491 5411 vacabat.
1529 5354 1635 5408 Sed
1660 5355 1778 5409 Ado
1811 5363 1867 5408 et
1894 5370 2081 5411 omnes
2119 5365 2178 5410 ut

1026 995 1068 1048 C

1023 1091 1065 1143 ιι

1056 4834 1097 4889 C

1059 4929 1101 4982 ι)

1081 5019 1098 5032 π

1057 5019 1098 5072 Ισ.

604 5430 692 5500 hic
729 5429 1071 5500 impressum.

676 5499 704 5540 δ
747 5493 1014 5553 υὲάίεηιὲο
1047 5497 1103 5552 S.
1139 5494 1496 5550 Pantaleonis.
1533 5494 1646 5550 Iloc
1677 5494 1915 5548 additum
1951 5503 2070 5549 erat
2111 5493 2179 5549 ad

605 5569 898 5640 marginem
918 5577 1036 5640 post
1063 5576 1276 5640 sanctos
1297 5580 1362 5620 eo
1385 5565 1469 5640 die
1497 5564 1718 5640 positos.
1747 5564 1925 5640 Quare
1956 5581 2059 5619 non
2080 5581 2178 5619 ex-

607 5635 773 5716 pressi
806 5639 860 5716 in
891 5635 1307 5716 téx_tu.ﬁCertum
1347 5635 1622 5716 enitituhoc
1667 5636 1959 5716 ascriptum
1975 5644 2174 5716 postea

607 5704 634 5760 Ξι
673 5709 917 5779 religioso
969 5709 1027 5779 S.
1061 5705 1422 5779 Pantaleonis,
1485 5704 1848 5779 Martyrologii
1901 5706 2057 5779 hujus
2083 5721 2176 5760 ex-

1563 402 1620 455 S.
1660 397 1910 453 ΑΙ)οΝΙὸ
1939 395 2361 450 ARCIIIEPISC.
2410 392 2810 450 VIENNENSIS
2857 415 2874 422 -
3720 387 3817 441 I72

1329 531 1381 567 ιγ
1425 512 1558 566 Non.
1636 511 1790 582 Apud
1818 510 2140 566 Corinthum
2171 508 2346 578 Crispi
2380 517 2434 562 et
2461 506 2599 562 Caii.

1629 607 1782 678 Apud
1810 605 2100 676 zEgyptum
2121 643 2135 668 ,
2163 603 2328 659 Marci
2358 613 2412 656 et
2437 602 2685 656 Martiani
2718 599 2971 666 fratrum,
2997 614 3231 668 cumque
3254 599 3333 653 eis
3365 599 3662 652 innumerae
3687 598 3819 651 mul-

1729 701 1968 757 itudinis.

1317 817 1377 854 ut
1418 799 1556 855 Non.
1635 797 1931 863 Eumeniaa,
1965 797 2176 852 Thrase

2122 809 2220 852 sea:
2245 795 2505 865 episcopi,
2538 793 2680 864 apud
2710 792 3002 864 Smyrnam
3030 790 3297 856 coronati,
3326 789 3419 859 qui
3451 804 3592 844 unus
3620 786 3721 842 luit
3753 802 3819 842 ex

1709 895 1966 964 antiquis.

1349 1012 1388 1052 ιι
1423 993 1564 1050 Non.
1639 991 1861 1063 Sagaris
1891 991 2128 1062 episcopi
2161 988 2527 1054 Laodicensis,
2559 988 2626 1043 de
2655 985 2898 1056 antiquis
2917 983 3070 1039 Pauli
3100 981 3327 1052 apostoli
3358 979 3659 1049 discipulis.

1374 1090 1559 1145 Nonae.
1637 1089 1846 1152 Romae,
1876 1087 2040 1142 Marci
2072 1101 2238 1156 papre.

1637 1184 1704 1238 Et
1722 1181 1896 1248 Iuliae,
1925 1182 2122 1253 Sergii,
2155 1191 2207 1236 et
2236 1180 2454 1236 Bacchi.

1633 1277 1901 1343 Marcelli,
1928 1286 1983 1332 et
2009 1277 2220 1348 Apuleii
2239 1316 2255 1342 ,
2287 1276 2379 1346 qui
2409 1275 2585 1345 primo
2613 1273 2957 1330 adhaeserunt
2986 1269 3191 1325 Simoni
3236 1267 3414 1338 Mago,
3448 1263 3642 1320 deinde
3687 1278 3820 1333 apo-

1705 1375 1843 1430 stolo
1869 1375 2029 1429 Petro
2056 1393 2069 1428 :
2105 1369 2521 1429 sub'Aureliano
2549 1371 2823 1427 consulari
2853 1370 2988 1433 viro,
3023 1367 3283 1438 martyrio
3309 1365 3569 1420 coronati.

1349 1487 1440 1526 γιιι
1478 1472 1554 1527 Id.
1630 1471 1889 1536 Gortinze,
1921 1471 2151 1541 Philippi
2177 1469 2439 1540 episcopi.
3011 1462 3022 1473 ’

1631 1567 2053 1632 Thessalonicae,
2085 1565 2342 1621 Demetrii
2370 1563 2647 1634 martyris.

1368 1679 1441 1717 γιι
1481 1663 1558 1718 Id.
1635 1663 1865 1717 Abrahae
1895 1662 2237 1732 patriarchae.

1633 1757 1875 1822 Parisiis,
1904 1757 2143 1828 Dionysii
2172 1755 2408 1824 episcopi
2443 1768 2564 1808 cum
2598 1752 2759 1807 sociis
2795 1751 2907 1806 suis
2945 1764 2974 1803 a
3004 1747 3340 1804 Fescennino
3370 1745 3544 1816 gladio
3580 1742 3823 1798 animad-

1708 1855 1871 1909 versi.

1399 1968 1448 2005 γι
1486 1950 1561 2004 Id.
1640 1951 1776 2006 Loth
1804 1950 2094 2020 prophete.

1640 2047 1696 2102 In
1723 2049 1903 2109 Creta,
1935 2047 2113 2117 Pyniti
2139 2047 2279 2099 inter
2309 2045 2591 2112 episcopos
2636 2041 2982 2096 nobilissimi.

1429 2161 1459 2201 γ
1495 2144 1571 2198 Id.
1643 2145 1798 2214 Apud
1824 2144 2114 2207 Tharsum,
2146 2149 2442 2211 martyrum
2469 2138 2725 2204 Tharaci,
2758 2137 2942 2202 Probi,
2971 2143 3027 2191 et
3047 2132 3362 2189 Andronici.

1401 2254 1452 2293 ιν
1491 2239 1563 2292 Id.
1643 2238 1932 2300 Ravennae,
1963 2237 2211 2292 lledistii.
2260 2233 2276 2247 '
3177 2218 3182 2222 ’

1634 2332 1791 2403 Apud
1819 2331 2054 2386 Africam
2079 2371 2094 2394 ,
2141 2341 2453 2386 sanctorum
2498 2326 2870 2384 conlessorum
2899 2333 3129 2396 quatuor
3175 2322 3401 2377 millium
3439 2336 3601 2376 acccc
3640 2335 3830 2381 um,

1706 2427 1805 2482 sub
1835 2427 2208 2497 persecutione
2239 2424 2558 2479 Wandalica
2589 2437 2896 2492 passorum.

1391 2538 1449 2576 ιιι
1491 2523 1566 2576 Id.
1645 2520 1872 2585 Troade,
1904 2520 2102 2590 Carpi,
2133 2519 2360 2589 apostoli
2392 2519 2545 2573 Pauli
2575 2517 2845 2588 discipuli.

1640 2619 1960 2682 Antiochiae,
1992 2617 2274 2686 Theophili
2305 2616 2564 2688 episcopi,
2594 2616 2686 2684 qui
2713 2623 2904 2670 sextus
2931 2614 2998 2669 ab
3029 2611 3285 2684 apostolis
3311 2610 3432 2666 fuit.

1418 2733 1456 2771 ιι
1492 2716 1564 2771 Id.
1641 2715 1826 2770 Romae
1854 2715 2059 2771 Callisti
2091 2729 2242 2784 papa:
2265 2724 2320 2768 ct
2349 2713 2626 2786 martyris,
2660 2721 2716 2768 et
2744 2713 2950 2767 Privati
2983 2711 3192 2766 militis.

1428 2812 1566 2864 ltltts.

1183 2921 1287 2957 xvtl
1331 2905 1393 2958 K.
1435 2904 1572 2960 Non.

1339 3115 1424 3154 XVI
1461 3100 1578 3153 Kal.

1650 2903 1973 2962 Sanctorum
2000 2915 2301 2976 martyrum
2320 2905 2571 2960 Martiani
2589 2915 2644 2960 et
2667 2899 2962 2975 Satyriani,
2984 2917 3108 2958 cum
3129 2901 3334 2956 duobus
3369 2897 3626 2951 fratribus
3644 2911 3836 2949 comm

1724 3010 1779 3055 et
1806 3002 2033 3055 aliorum
2060 3015 2254 3065 cccxx,
2283 3002 2486 3070 pariter
2509 3007 2888 3055 coronatorum
2921 2995 3233 3051 Wandalica
3257 2992 3646 3064 persecutione.

1657 3099 1879 3154 Martha:
1909 3099 2114 3153 sororis
2141 3098 2354 3152 Lazari.

1647 3195 1708 3249 Et
1741 3195 2055 3260 Aristionis,
2084 3194 2176 3263 qui
2205 3192 2306 3247 fuit
2333 3209 2474 3248 unus
2502 3192 2568 3247 de
2598 3191 2739 3247 LXX
2772 3189 2972 3245 Christi
2999 3187 3294 3259 discipulis.

1349 3307 1414 3343 ιγ
1455 3290 1570 3342 Kal.
1648 3289 1805 3344 Luca:
1829 3289 2202 3360 evangelista.

1646 3382 1710 3436 Et
1741 3380 2109 3450 Asclepiadis,
2142 3379 2464 3435 A-ntiocheni
2491 3379 2752 3449 episcopi.

1646 3471 1853 3536 Romae,
1881 3469 2212 3540 Triphonize,
2247 3471 2436 3526 uxoris
2466 3471 2740 3540 quendam
2767 3468 2919 3524 Decii
2941 3467 3191 3524 Caesaris.

1331 3581 1416 3618 xw
1454 3563 1570 3616 Kal.
1647 3562 1971 3625 Antiochiae,
2003 3560 2275 3628 Beronici,
2307 3561 2538 3631 Pelagia:
2567 3569 2620 3616 et
2651 3561 2882 3614 aliorum
2914 3574 3062 3614 χιιι.

1652 3653 1716 3708 Et
1747 3653 2043 3718 Ptolomaai,
2075 3654 2167 3723 qui
2198 3669 2228 3708 a
2258 3653 2496 3723 quodam
2525 3650 2844 3705 centurione
2872 3649 3090 3704 Urbicio
3111 3645 3285 3702 Iudici
3319 3645 3567 3709 traditur,
3601 3653 3656 3696 et
3685 3643 3840 3696 Lucii

1720 3758 1784 3797 ac
1813 3743 1981 3798 Tertii
2017 3743 2178 3799 simul
2209 3742 2622 3808 deeollatorum,
2649 3741 2741 3810 qui
2768 3739 3107 3795 Alexandria
3137 3736 3329 3809 sepulti
3357 3745 3500 3792 sunt.

1323 3850 1415 3888 xm
1457 3834 1572 3888 Kal.
1652 3845 1678 3873 ι
2302 3848 2304 3850 ⁷

1347 3941 1419 3978 xu
1458 3925 1574 3978 Kal.
1652 3923 2001 3990 Nicomediae,
2033 3925 2202 3990 Dasii,
2234 3925 2429 3989 Zotici,
2461 3924 2598 3990 Caii,
2631 3940 2755 3978 cum
2787 3940 2862 3978 xu
2891 3924 3171 3979 militibus.

1649 4016 1713 4070 Et
1744 4017 1916 4070 sancti
1948 4015 2246 4070 Hilarionis
2275 4015 2548 4070 monachi.

1383 4128 1435 4165 γι
1476 4111 1592 4166 Kal.
1669 4111 2078 4183 Hierosolymis,
2106 4111 2293 4174 Marci,
2332 4112 2425 4181 qui
2456 4111 2663 4180 primus
2691 4128 2757 4166 ex
2787 4112 3035 4182 gentibus
3061 4111 3346 4181 episcopus
3370 4109 3442 4163 ibi
3469 4107 3646 4162 factus
3671 4118 3785 4161 est.

1661 4201 1725 4255 Et
1749 4200 2000 4266 Salomaa,
2031 4216 2150 4270 quae
2177 4201 2230 4254 in
2258 4200 2552 4270 Evangelia
2581 4201 2796 4272 legitur.

1401 4309 1428 4345 κ
1474 4293 1547 4344 Ka
1577 4333 1588 4345 .
1669 4292 1991 4358 An'tiochim,
2021 4292 2348 4347 Theodoreti
2376 4294 2703 4364 presbyteri.

1663 4383 1718 4438 In
1744 4383 2037 4453 Ilispaniis,
2067 4383 2330 4437 Servandi
2360 4395 2413 4438 et
2436 4384 2715 4438 Germani.

1381 4491 1434 4528 ix
1471 4473 1589 4527 Kal.
1669 4473 1950 4537 Venusiae,
1980 4472 2173 4528 Felicis
2201 4474 2444 4544 episcopi
2474 4475 2841 4531 Tubzocensis
2862 4517 2878 4541 ,
2902 4484 2958 4529 et
2992 4476 3252 4532 Audactis
3282 4483 3338 4532 et
3361 4474 3603 4529 Januarii
3631 4474 3860 4543 presby-

1725 4572 1984 4629 terorum,
2012 4573 2069 4617 et
2102 4563 2486 4620 Fortunaciani
2517 4574 2572 4621 et
2597 4565 2824 4636 Septimi
2847 4568 3106 4623 lectorum
3138 4569 3186 4620 ι).

1333 4669 1428 4707 γιιι
1468 4653 1585 4708 Kal.
1663 4653 1849 4709 Romae
1870 4653 1956 4708 via
2003 4652 2234 4720 Salaria,
2268 4671 2394 4712 nrt
2441 4657 2699 4724 militutu,
2729 4659 2821 4728 qui
2850 4650 3107 4729 baptizati
3135 4675 3166 4714 a
3197 4659 3451 4731 Dionysio
3476 4674 3610 4729 papa
3633 4660 3862 4729 iubente

1713 4744 1951 4820 .Claudio
1972 4744 2222 4800 decollati
2247 4756 2394 4800 sunt.

1359 4851 1431 4889 γιι
1472 4834 1589 4888 Kal.
1665 4834 1723 4892 In
1752 4833 1957 4899 Africa,
1991 4835 2275 4906 Rogatiani
2304 4837 2628 4906 presbyteri,
2655 4845 2706 4891 et
2733 4836 3054 4892 Felicissimi
3078 4839 3351 4909 martyris.

1385 4945 1435 4982 γι
1477 4928 1593 4982 Kal.
1671 4928 1836 4983 Abela
1863 4929 2105 4994 civitate,
2139 4929 2432 4993 Vincentii,
2463 4928 2680 4984 Sabinae
2706 4939 2762 4984 et
2783 4929 3084 4986 Cbristetes
3113 4939 3430 5000 martyrum.

1401 5034 1434 5071 γ
1471 5017 1590 5072 Kal.
1669 5017 1907 5073 Simonis
1931 5026 1984 5072 et
2011 5017 2225 5072 Thadaei
2256 5017 2646 5087 apostolorum.

1661 5111 1865 5178 Ronan,
1892 5111 2128 5182 Cyrillaz,
2157 5110 2279 5165 lilia:
2310 5111 2456 5166 Decii
2483 5111 2733 5166 Caesaris.

2283 5303 2387 5356 que
2431 5295 2649 5358 exstare
2675 5287 2860 5358 vol-uit.
2894 5287 3025 5341 Nam
3056 5299 3111 5343 et
3151 5289 3323 5344 Adoni
3367 5289 3537 5353 deest,
3573 5289 3669 5358 qui
3724 5291 3866 5344 antio

2280 5361 2440 5426 quior
2465 5367 2548 5412 est
2579 5357 2665 5411 illa
2703 5357 3060 5424 dedicatione,
3094 5376 3214 5414 cum
3248 5359 3334 5414 ille
3357 5359 3503 5414 circa
3531 5357 3736 5414 annum
3765 5361 3869 5414 Du-

2282 5429 2415 5484 mini
2445 5428 2547 5484 779
2571 5428 2795 5500 Aviserit,
2826 5437 2877 5480 et
2900 5427 3211 5500 Romanum
3240 5427 3682 5500 Martyrologium
3710 5443 3868 5484 acce-

2282 5501 2440 5569 perit,
2473 5498 2700 5569 ecclesia
2725 5499 2946 5569 veros.
2975 5498 3316 5569 Pantaleonis
3367 5498 3601 5568 primum
3642 5498 3869 5553 fundata

2281 5567 2348 5624 sit
2380 5585 2520 5624 anno
2561 5567 2762 5623 Christi
2807 5567 2910 5622 954
2941 5585 2970 5622 a
2996 5568 3264 5635 Brunone,
3310 5567 3617 5625 coloniensi
3656 5569 3870 5624 archie-

2282 5641 2518 5710 piscopo,
2547 5639 2623 5693 uti
2643 5639 2804 5710 habet
2826 5637 3137 5710 Sacrarium
3153 5639 3460 5710 Agrippina:
3482 5656 3510 5692 a
3535 5638 3595 5692 ιε’.
3625 5639 3874 5695 Erhardo

2286 5709 2558 5765 Winhcim
2589 5709 2751 5774 edito,
2783 5723 2904 5778 pag.
2939 5709 3058 5762 Ill.

608 5775 892 5848 scriptore,
921 5778 1013 5851 qui
1051 5775 1444 5834 solemnitatem
1475 5791 1582 5828 suae
1625 5775 1866 5831 ecclesia:
1918 5776 2001 5830 hic
2040 5792 2177 5842 quo-
