4024 6362
1931 296 2122 307 -σ--σ-σισοσ
2141 298 2170 305 .-.
2191 297 2238 304 --.
2251 299 2261 305 .
2311 298 2316 301 -

3681 389 3780 444 176

1587 486 1924 542 Alexandria:
1951 527 1967 554 ,
2016 488 2258 560 Dionysii
2297 490 2569 561 episcopi,
2619 492 2676 573 ει)
2719 491 2902 550 multis
2941 507 3084 565 saape
3132 494 3556 557 confessionibus
3599 501 3778 571 clari,

1589 969 1658 1023 Et
1687 968 1875 1024 Fausti
1903 969 2138 1035 diaconi,
2159 978 2215 1025 et
2243 971 2463 1026 Eusebii
2483 972 2702 1043 collegae
2730 970 2866 1041 ejus,
2902 983 3203 1047 martyrum
3233 975 3573 1032 visitatorurr‘

1585 1261 1707 1314 Ruﬁ
1725 1302 1740 1326 ,
1762 1277 1925 1332 quem
1952 1262 2240 1332 Apostolus
2271 1264 2341 1317 ad
2367 1262 2640 1318 Romanos
2669 1264 2914 1319 scribens
2937 1265 3157 1320 salutat.

1589 1737 1774 1820 Sancti
1799 1739 1945 1794 Petri
1970 1740 2259 1795 Alexandri
2280 1738 2516 1812 episcopi
2546 1757 2668 1796 cum
2691 1741 2814 1798 aliis
2849 1722 3033 1798 neua

1595 1931 1662 1985 Et
1688 1931 1749 1985 Β.
1778 1931 2071 1987 Alexandri
2127 1934 2363 2005 episcopi
2399 1943 2455 1988 et
2481 1934 2759 2005 martyris,
2785 1933 2928 2004 passi
2958 1951 3012 1988 ιιι
3040 1933 3158 1989 Kal.
3191 1934 3411 1991 Octobr.
3441 1951 3472 1990 a
3497 1951 3633 2008 papa
3677 1935 3782 2024 Da-

1666 2042 1816 2082 maso
1843 2045 1897 2082 vi
1924 2027 2024 2082 Kal
2055 2030 2303 2085 Decemb.
2335 2031 2602 2096 translati,
2626 2034 2839 2102 quando
2870 2031 3220 2089 festivitatem
3240 2033 3290 2086 ei
3319 2032 3537 2087 dicavit.

1590 2314 1660 2368 Et
1680 2315 1852 2369 sancti
1880 2315 2002 2368 Ruﬁ
2033 2318 2285 2388 martyris
2309 2333 2431 2373 cum
2455 2319 2601 2372 omni
2627 2319 2787 2373 domo
2808 2333 2906 2375 sua
2939 2333 3037 2389 per
3056 2319 3466 2392 Chrysogonum
3497 2319 3712 2391 lucrati.

1597 2409 1655 2464 ln
1687 2409 1895 2475 Africa,
1925 2411 2136 2480 Papinii
2163 2422 2218 2468 et
2245 2412 2511 2468 Mansueti
2538 2413 2938 2483 episcoporum.
3590 2403 3592 2405 ’

536 383 638 439 I78
1513 381 1570 434 S.
1607 376 1858 434 ADONIS
1893 376 2318 435 ARCHIEPISC.
2359 377 2763 438 VIENNENSIS

1660 587 1932 642 Valeriani
1961 596 2017 642 et
2037 587 2268 643 Gallieni
2301 590 2654 660 temporibus.

535 685 620 740 l8.
660 699 735 738 vn
950 683 989 736 Ρ
1266 701 1352 739 xiv
1391 683 1509 738 Kal.
1582 685 1906 746 Antiochize.
1932 683 2160 738 Romani
2194 685 2446 739 monachi
2478 694 2533 740 et
2562 687 2838 755 martyris.

669 821 671 824 .
1587 779 1654 833 Et
1683 779 1855 833 sancti
1881 779 2101 849 Esycllii
2133 778 2364 833 Palatini
2391 788 2444 833 et
2473 782 2752 851 martyris.

534 871 620 928 19.
664 888 682 926 ι
957 871 1002 927 G
1251 887 1349 927 xm
1389 872 1507 926 Kal.
1585 872 1791 936 Romae,
1823 872 2038 927 Maximi
2067 875 2366 944 presbyteri
2395 884 2451 930 et
2479 877 2753 947 martyris.

532 1061 620 1116 20.
662 1078 698 1115 ιι
950 1060 995 1114 ll
1274 1080 1349 1120 xu
1389 1065 1508 1119 Kal.
1585 1066 1790 1131 Romaa,
1823 1064 2073 1122 Pontiani
2100 1081 2252 1136 papae
2288 1076 2345 1122 et
2371 1069 2646 1138 martyris.

1591 1161 1871 1228 Messanae,
1900 1162 2110 1232 Ampeli
2133 1173 2188 1217 et
2210 1162 2350 1218 Caii.

531 1259 620 1312 2i.
661 1275 717 1313 ιιι
974 1258 995 1312 1
1295 1274 1350 1314 ιιι
1390 1259 1507 1314 Kal.

531 1353 623 1410 22.
660 1371 713 1410 Iv
952 1354 996 1408 K
1317 1372 1360 1429 ιι.
1389 1357 1510 1410 Kal.
1587 1357 1792 1422 Romae,
1813 1357 2046 1412 Caecilia:
2071 1358 2296 1429 virginis
2321 1367 2375 1412 et
2397 1358 2672 1429 martyris.

533 1449 623 1502 25.
663 1466 695 1502 v
955 1448 996 1502 L
1307 1425 1364 1504 ui
1393 1449 1508 1505 Kal.
1587 1450 1767 1506 Sancti
1806 1450 2108 1508 Clementis
2132 1425 2395 1523 episcopi.

1594 1547 1660 1601 Et
1684 1546 2002 1610 Felicitatis,
2029 1549 2218 1603 matris
2241 1565 2315 1602 vn
2348 1549 2610 1603 ﬁliorum.

534 1642 625 1696 24.
668 1657 719 1694 v1
944 1640 996 1696 M
1265 1657 1359 1696 vni
1397 1643 1514 1699 Kal.
1591 1643 1798 1710 Roma),
1821 1643 2156 1714 Chrysogoni
2187 1645 2459 1715 martyris,
2491 1653 2546 1698 et
2573 1643 2728 1698 Zoili.

535 1736 626 1790 25.
666 1751 740 1790 vn
952 1736 993 1790 N
1280 1753 1354 1794 vn
1394 1732 1512 1792 Kal.

537 1830 625 1884 26.
673 1847 687 1883 ι
958 1830 1004 1886 Ο
1304 1849 1356 1889 v1
1397 1833 1515 1888 Kal.
1593 1834 1779 1890 Roma:
1805 1836 1925 1890 Lini
1955 1851 2127 1906 papzc.

538 2121 628 2175 27.
670 2136 707 2173 ιι
965 2121 1004 2174 Ρ
1329 2139 1361 2175 v
1398 2121 1516 2176 Kal.
1591 2123 1867 2189 Bononize,
1895 2126 2086 2181 Vitalis
2112 2136 2166 2181 et
2194 2127 2458 2197 Agricolae
2479 2138 2799 2200 martyrum.

539 2217 631 2272 28.
669 2234 726 2272 ιιι
958 2216 1006 2282 Q
1303 2232 1356 2272 tv
1394 2217 1514 2272 Kal.
1590 2217 1870 2275 Sosthenis
1889 2220 2135 2290 discipuli
2157 2223 2545 2291 apostolorum.

541 2507 629 2564 29.
672 2523 724 2561 tv
962 2506 1006 2559 Β
1302 2518 1361 2556 ιιι
1403 2501 1518 2555 Kal.

546 2603 636 2658 30.
676 2618 707 2652 v
966 2599 1006 2655 S
1323 2613 1360 2650 ιι
1399 2596 1515 2650 Kal.
1588 2595 1818 2652 Andreae
1845 2597 2094 2668 apostoli.

540 2727 711 2797 major
730 2727 942 2797 domus,
972 2726 1022 2797 in
1056 2725 1259 2797 honore
1285 2723 1454 2778 sancti
1483 2723 1627 2778 Petri
1656 2738 1719 2779 ac
1748 2724 1920 2778 sancti
1961 2723 2114 2779 Pauli

540 2796 634 2854 vel
664 2797 836 2852 sancti
868 2796 1104 2860 Martini,
1156 2810 1249 2848 seu
1275 2803 1592 2848 ceterorum
1626 2804 1933 2850 sanctorum
1964 2833 1978 2858 ,
2017 2809 2116 2850 suo

543 2883 706 2939 opere
730 2867 780 2939 in
810 2876 960 2939 vasta
1005 2865 1172 2939 eremi
1200 2865 1568 2939 Ardannensis
1617 2863 1749 2917 silva
1791 2865 2111 2939 construxit,

541 2931 992 3008 quemadmodum
1018 2950 1117 2989 nos
1138 2935 1253 2986 loca
1281 2933 1392 3008 ipsa
1415 2931 1610 3008 adips_a
1640 2932 1962 2986 monasteria
1991 2934 2116 2986 acdi-

543 3001 752 3060 ticanda
783 3020 878 3074 pro
894 3015 1076 3058 nostra
1098 3001 1456 3073 praeceptione
1477 3016 1542 3054 ex
1558 3001 1756 3055 foreste
1774 3009 1953 3054 nostra
1982 3016 2115 3056 con-

542 3075 826 3138 cessimus,
867 3093 886 3124 ›
923 3083 1028 3128 etc.

613 3144 805 3199 Nescio
831 3159 899 3195 an
925 3142 992 3196 de
1035 3143 1138 3196 hac
1166 3141 1336 3210 prima
1369 3139 1678 3194 monasterii
1713 3139 1999 3210 templique
2021 3140 2114 3194 de-

543 3215 813 3269 dicatione
846 3209 1220 3282 intelligendus
1267 3210 1672 3282 sit_l9cus.hic
1727 3209 2112 3282 Martyrologii.

543 3283 652 3338 Nec
681 3283 823 3336 enim
856 3278 1063 3335 certum
1115 3281 1255 3333 diem
1288 3279 1371 3333 vel
1400 3279 1711 3347 Sigebertus
1738 3278 1823 3331 vel
1849 3278 2115 3349 Notgerus

543 3353 813 3422 exprimit.
832 3352 1009 3416 Quare
1023 3350 1243 3422 certius,
1267 3349 1332 3422 ad
1356 3349 1643 3422 secundam
1661 3348 2117 3422 monasteriitem-

542 3417 722 3493 pliqne
755 3419 1254 3493 Malitittndarielisis
1276 3418 1661 3493 dediCationem
1687 3419 1954 3493 respicere
1975 3417 2113 3470 Mar-

545 3487 884 3560 tyrologium.
919 3490 994 3544 lta
1012 3490 1167 3560 enim
1204 3488 1364 3560 Gesta
1398 3503 1527 3541 mss.
1564 3490 1816 3560 abbatum
1837 3487 2109 3560 _Malnmn-

579 3557 867 3614 ariensittln
889 3577 903 3615 :
939 3578 957 3610 ι
996 3559 1227 3626 Quintus
1248 3558 1488 3611 decimus
1504 3557 1669 3611 abbas
1689 3557 1945 3626 Ahsalon,
1969 3571 2110 3609 anno

541 3631 663 3686 80!.
699 3630 796 3684 Hic
817 3644 959 3685 anno
998 3625 1122 3694 817,
1151 3627 1443 3683 indictione
1472 3643 1528 3691 χ,
1558 3627 1803 3682 renovari
1833 3625 1962 3680 fecit
1988 3641 2105 3678 mo-

1595 2500 1798 2566 Romaz,
1833 2502 2109 2558 Saturnini
2138 2505 2418 2577 martyris,
2445 2516 2501 2561 et
2528 2505 2746 2573 Sennis,
2782 2517 2838 2561 et
2861 2506 3085 2563 Sisinnii
3107 2509 3474 2564 diaconorum.

2218 2729 2512 2806 nasterium
2561 2725 3062 2806 Malmnndariense,
3097 2734 3335 2806 tempore
3361 2724 3617 2806 Ludovici
3644 2725 3788 2806 regis

2215 2797 2464 2864 piissimi,
2497 2795 2648 2866 cujus
2675 2796 2943 2866 adjutorio
2970 2805 3025 2850 et
3069 2793 3283 2864 sumptu
3325 2793 3784 2866 renovatumiuit.

2216 2863 2368 2930 Quod
2410 2882 2480 2920 xv
2527 2863 2792 2920 Kalendas
2846 2865 3154 2920 Decembris
3192 2863 3476 2919 dedicatur
3501 2867 3569 2917 ab
3604 2863 3788 2917 Willi-

2216 2934 2390 2998 berto,
2445 2936 2846 3003 archiepiscopo
2874 2934 3198 2990 Coloniensi.
3229 2935 3259 2985 ι
3302 2934 3452 3001 Quod
3498 2932 3787 3003 Gestorum

2218 3004 2474 3058 indicium
2497 3003 2565 3058 R.
2610 3002 2670 3058 P.
2703 3002 2915 3074 Egidio
2940 3004 3226 3070 Bouchier,
3255 3015 3475 3058 strenuo
3495 3002 3789 3058 chronolo-

2217 3075 2317 3143 gize
2357 3075 2676 3144 indagatori,
2708 3075 2894 3128 debeo.

2291 3143 2366 3196 De
2407 3142 2658 3213 nominis,
2689 3153 2870 3213 etymo
2914 3142 3229 3212 Harigerus,
3285 3143 3453 3197 abbas
3480 3143 3786 3213 Lobiensis,

2223 3227 2340 3281 cap.
2399 3213 2466 3266 55
2518 3215 2583 3266 de
2633 3211 2810 3267 Gcstis
2837 3211 3090 3268 Leodien.
3123 3215 3313 3282 episc.,
3368 3214 3456 3266 ubi
3500 3214 3567 3266 de
3593 3211 3651 3266 S.
3680 3211 3790 3265 Re-

2225 3283 2430 3336 maclo:
2465 3303 2482 3332 ι
2519 3282 2585 3335 Ει
2613 3284 2736 3351 quia
2769 3285 3017 3337 eumdem
3072 3284 3244 3337 locum
3276 3298 3306 3334 a
3345 3283 3793 3352 superstitionum

2221 3352 2532 3422 einundavit
2576 3352 2888 3422 pollutione,
2941 3353 3404 3416 Malmundarium,
3436 3352 3590 3422 quasi
3620 3367 3651 3404 a
3677 3367 3792 3405 ma-

2220 3420 2272 3474 lo
2314 3420 2650 3484 mandatum,
2681 3422 2878 3489 placuit
2904 3423 3163 3476 vocitare.
3199 3441 3217 3472 ι
3267 3423 3343 3474 lla
3386 3420 3636 3476 videlicet
3663 3429 3793 3474 tunc

2218 3489 2419 3558 placuit
2461 3507 2528 3546 ex
2577 3491 2900 3562 syllabarum
2924 3492 3153 3561 aucupio
3179 3500 3396 3562 elymon
3424 3507 3639 3561 quoque
3664 3505 3793 3560 cap-

2220 3569 2354 3614 tare.
2451 3600 2453 3602 -

565 3785 3786 3821 ww

1780 3913 2064 3974 MENSIS
2116 3912 2383 3973 DECEM
2395 3913 2546 3972 BER

1664 4093 1872 4134 HABET
1906 4092 2046 4134 DIES
2082 4092 2279 4147 XXXI;
2303 4091 2492 4147 LUNA,
2523 4091 2712 4133 XXIX.

1226 4236 1344 4292 Kal.
1387 4235 1514 4291 Dec.
1589 4233 1793 4297 Romae,
1826 4231 2115 4302 Chrysanti
2146 4239 2200 4285 et
2223 4231 2400 4285 Darius
2423 4239 2745 4301 martyrum,
2771 4237 2826 4285 et
2854 4229 3068 4286 Diodori
3095 4239 3150 4286 et
3175 4229 3484 4297 Mariniani,
3511 4244 3636 4286 cum
3667 4231 3789 4288 inﬁ-

1592 4618 1796 4682 Romae,
1828 4615 2034 4671 Claudii
2065 4614 2286 4676 tribuni,
2319 4622 2372 4666 et
2427 4612 2644 4666 llilariae
2672 4614 2856 4666 uxoris
2906 4611 3044 4680 ejus,
3100 4620 3156 4666 et
3194 4611 3408 4668 Jasonis
3453 4623 3507 4667 et
3555 4613 3734 4670 Mauri
3764 4657 3777 4678 ,

1593 4804 2154 4875 Romre,Simphronii
2199 4813 2254 4858 et
2277 4801 2532 4873 Olympii,
2556 4799 2872 4870 Exsuperia:
2889 4809 2946 4854 et
2967 4800 3224 4856 'l‘lieodoli
3267 4801 3355 4857 die
3398 4817 3471 4856 vn
3515 4802 3786 4858 Kalenda-

1674 4921 1794 4961 rum
1852 4902 2079 4972 Augusti
2130 4915 2440 4971 passorum;
2494 4913 2525 4952 a
2576 4898 2735 4953 beato
2787 4897 2958 4967 Xysto
3000 4898 3087 4952 via
3146 4896 3334 4953 Latina
3377 4916 3416 4954 ιι
3473 4899 3654 4958 Nonas
3687 4901 3788 4957 De-

1672 4998 1906 5054 cembris
1934 4995 2340 5065 translatorum,
2377 4992 2594 5063 quando
2618 5007 2805 5048 eorum
2826 4991 2993 5048 festus
3012 4993 3129 5048 dies
3158 4993 3422 5050 celebrior
3447 4996 3647 5065 agitur.

1597 5385 1652 5439 in
1679 5383 1886 5445 Africa,
1916 5380 2204 5452 Dionysiae,
2230 5380 2449 5444 Dativae,
2475 5373 2712 5440 Leontis,
2738 5385 2793 5432 et
2821 5377 3068 5432 Emiliani
3091 5375 3308 5441 medici,
3329 5383 3385 5429 et
3411 5372 3657 5429 aliorum.

1593 5477 1952 5541 Alexandriae,
1981 5475 2281 5546 Agathonis
2307 5461 2562 5544 martyris
2598 5481 2655 5528 et
2677 5473 2862 5527 militis
2885 5472 2984 5526 sub
3014 5473 3195 5528 Decio.

1595 5578 1801 5641 Romae,
1832 5573 2150 5645 Eutychiani
2173 5583 2325 5643 papa
2346 5579 2402 5624 et
2432 5569 2712 5638 martyris,
2737 5568 2831 5636 qui
2859 5583 3068 5622 cccxm
3095 5576 3361 5637 martyres
3381 5581 3478 5622 sua
3502 5579 3662 5620 manu
3701 5575 3784 5617 se-

583 4251 631 4304 t.
672 4261 724 4300 vi
957 4241 997 4294 Τ

1668 4332 1780 4386 nita
1803 4329 2140 4384 multitudine
2164 4338 2483 4399 martyrum.

579 4441 632 4497 2.
671 4453 744 4494 ut
961 4437 998 4490 V
1285 4447 1339 4488 tv
1375 4430 1510 4487 Non.
1559 4428 1787 4496 ,Romaz,
1815 4425 2053 4480 Vivianae
2077 4423 2198 4496 [al.,
2221 4421 2480 4495 Bibianw]
2497 4423 2770 4494 martyris.

1596 4524 1778 4580 Fausti
1804 4522 2058 4592 martyris
2081 4529 2136 4575 et
2159 4518 2398 4575 Dafrosaa
2421 4519 2564 4573 ﬁliae.

573 4632 628 4686 δ.
671 4645 690 4686 ι
958 4627 1004 4679 A
1277 4639 1337 4682 ιιι
1376 4621 1513 4678 Non.

1676 4726 1780 4765 Lxx
1815 4709 2041 4764 militum
2065 4708 2164 4762 sub
2187 4707 2530 4761 Numeriano.

576 4823 632 4880 Α.
674 4838 714 4882 ιι
963 4819 1003 4875 Β
1303 4829 1341 4873 ιι
1381 4810 1517 4866 Non.

573 5113 629 5169 5.
668 5127 729 5168 ιιι
964 5108 1010 5162 .C
1337 5097 1518 5154 Nonae.
1595 5093 1854 5164 Crispina:
1883 5093 2163 5162 martyris.

1599 5191 1666 5247 Et
1693 5189 1944 5245 Dalmatii
1968 5187 2242 5258 martyris.

574 5301 627 5355 ϐ.
668 5315 720 5355 Iv
958 5297 1003 5353 D
1299 5307 1394 5349 vni
1439 5289 1516 5344 ιιι.
1592 5285 1798 5340 Nicolai
1821 5283 2056 5353 episcopi
2088 5283 2358 5352 Myrorum
2400 5282 2594 5352 Lyciae.

575 5494 630 5547 7.
667 5507 700 5547 ν
962 5487 1006 5542 Ε
1327 5499 1398 5539 vn
1438 5483 1518 5537 ιιι.

580 5590 636 5652 8.
686 5567 774 5650 vt.
961 5580 1039 5653 l"_
1325 5595 1401 5653 ⁸γι
1441 5581 1517 5635 ld.

1681 5671 1876 5745 pelivit.

1613 5769 1967 5838 Alexandriae,
1997 5765 2215 5824 Macarii
2241 5763 2516 5834 martyris,
2543 5775 2743 5831 genere
2765 5759 2971 5828 Lybici.
