  <div class='ocr_page' id='page_1' title='image "/cluster/home/n/w/nwhite01/storage/ocr_20150623/123/hvd.32044011218062/095.png"; bbox 0 0 4024 6362; ppageno 0'>
   <div class='ocr_carea' id='block_1_1' title="bbox 571 318 674 379">
    <p class='ocr_par' dir='ltr' id='par_1_1' title="bbox 571 318 674 379">
     <span class='ocr_line' id='line_1_1' title="bbox 571 318 674 379; baseline 0.019 -5"><span class='ocrx_word' id='word_1_1' title='bbox 571 318 674 379; x_wconf 73' lang='lat' dir='ltr'><strong>H9</strong></span> 
     </span>
    </p>
   </div>
   <div class='ocr_carea' id='block_1_2' title="bbox 1468 272 3814 372">
    <p class='ocr_par' dir='ltr' id='par_1_2' title="bbox 1468 272 3814 372">
     <span class='ocr_line' id='line_1_2' title="bbox 1468 272 3814 372; baseline 0 -2"><span class='ocrx_word' id='word_1_2' title='bbox 1468 272 1478 279; x_wconf 60' lang='grc'><strong>’</strong></span> <span class='ocrx_word' id='word_1_3' title='bbox 1561 316 1618 372; x_wconf 91' lang='lat' dir='ltr'><strong>s.</strong></span> <span class='ocrx_word' id='word_1_4' title='bbox 1659 313 1910 372; x_wconf 81' lang='lat' dir='ltr'><strong>ADONIS</strong></span> <span class='ocrx_word' id='word_1_5' title='bbox 1948 312 2379 369; x_wconf 82' lang='lat' dir='ltr'><strong>ARCHIEPISC.</strong></span> <span class='ocrx_word' id='word_1_6' title='bbox 2418 312 2824 370; x_wconf 79' lang='lat' dir='ltr'><strong>VIENNENSIS</strong></span> <span class='ocrx_word' id='word_1_7' title='bbox 3722 315 3814 371; x_wconf 68' lang='lat' dir='ltr'><strong>rso</strong></span> 
     </span>
    </p>
   </div>
   <div class='ocr_carea' id='block_1_3' title="bbox 583 455 3260 484">
    <p class='ocr_par' dir='ltr' id='par_1_3' title="bbox 583 455 3260 484">
     <span class='ocr_line' id='line_1_3' title="bbox 583 455 3260 484; baseline -0.003 -1"><span class='ocrx_word' id='word_1_8' title='bbox 583 455 3260 484; x_wconf 49' lang='lat' dir='ltr'><strong>Mm</strong></span> 
     </span>
    </p>
   </div>
   <div class='ocr_carea' id='block_1_4' title="bbox 963 581 3404 659">
    <p class='ocr_par' dir='ltr' id='par_1_4' title="bbox 963 581 3404 659">
     <span class='ocr_line' id='line_1_4' title="bbox 963 581 3404 659; baseline 0.001 -11"><span class='ocrx_word' id='word_1_9' title='bbox 963 584 1127 659; x_wconf 86' lang='lat' dir='ltr'><strong>QUO</strong></span> <span class='ocrx_word' id='word_1_10' title='bbox 1169 584 1486 645; x_wconf 76' lang='lat' dir='ltr'><strong>GENERE</strong></span> <span class='ocrx_word' id='word_1_11' title='bbox 1525 581 1828 644; x_wconf 83' lang='lat' dir='ltr'><strong>CULTUS</strong></span> <span class='ocrx_word' id='word_1_12' title='bbox 1869 581 2153 642; x_wconf 81' lang='lat' dir='ltr'><strong>SANCTI</strong></span> <span class='ocrx_word' id='word_1_13' title='bbox 2198 582 2633 644; x_wconf 81' lang='lat' dir='ltr'><strong>MARTYRES</strong></span> <span class='ocrx_word' id='word_1_14' title='bbox 2676 584 3135 647; x_wconf 80' lang='lat' dir='ltr'><strong>VENERANDI</strong></span> <span class='ocrx_word' id='word_1_15' title='bbox 3179 584 3404 651; x_wconf 85' lang='lat' dir='ltr'><strong>SUNT.</strong></span> 
     </span>
    </p>
   </div>
   <div class='ocr_carea' id='block_1_5' title="bbox 1005 712 3375 831">
    <p class='ocr_par' dir='ltr' id='par_1_5' title="bbox 1005 712 3375 831">
     <span class='ocr_line' id='line_1_5' title="bbox 1005 712 3375 831; baseline 0 -22"><span class='ocrx_word' id='word_1_16' title='bbox 1005 750 1110 815; x_wconf 79' lang='lat' dir='ltr'><strong>Ea:</strong></span> <span class='ocrx_word' id='word_1_17' title='bbox 1145 712 1349 810; x_wconf 32' lang='lat' dir='ltr'><strong>Lib&#39;ris</strong></span> <span class='ocrx_word' id='word_1_18' title='bbox 1386 747 1460 808; x_wconf 85' lang='grc' dir='ltr'><strong>Β.</strong></span> <span class='ocrx_word' id='word_1_19' title='bbox 1494 746 1838 825; x_wconf 77' lang='lat' dir='ltr'><strong>Augustini</strong></span> <span class='ocrx_word' id='word_1_20' title='bbox 1871 746 2151 826; x_wconf 77' lang='lat' dir='ltr'><strong>episcopi</strong></span> <span class='ocrx_word' id='word_1_21' title='bbox 2185 745 2320 826; x_wconf 86' lang='lat' dir='ltr'><strong>(lib.</strong></span> <span class='ocrx_word' id='word_1_22' title='bbox 2353 765 2436 811; x_wconf 76' lang='lat' dir='ltr'><strong>xx</strong></span> <span class='ocrx_word' id='word_1_23' title='bbox 2467 756 2689 810; x_wconf 80' lang='lat' dir='ltr'><strong>contra</strong></span> <span class='ocrx_word' id='word_1_24' title='bbox 2714 747 2771 808; x_wconf 85' lang='lat' dir='ltr'><em>F</em></span> <span class='ocrx_word' id='word_1_25' title='bbox 2772 755 3041 812; x_wconf 77' lang='lat' dir='ltr'><strong>austum.</strong></span> <span class='ocrx_word' id='word_1_26' title='bbox 3073 768 3209 831; x_wconf 86' lang='lat' dir='ltr'><strong>cap.</strong></span> <span class='ocrx_word' id='word_1_27' title='bbox 3246 753 3375 819; x_wconf 74' lang='lat' dir='ltr'><strong>2t,i</strong></span> 
     </span>
    </p>
   </div>
   <div class='ocr_carea' id='block_1_6' title="bbox 637 998 3816 1078">
    <p class='ocr_par' dir='ltr' id='par_1_6' title="bbox 637 998 3816 1078">
     <span class='ocr_line' id='line_1_6' title="bbox 637 998 3816 1078; baseline 0.003 -20"><span class='ocrx_word' id='word_1_28' title='bbox 637 1002 871 1076; x_wconf 78' lang='lat' dir='ltr'><strong>Pupulus</strong></span> <span class='ocrx_word' id='word_1_29' title='bbox 922 1001 1264 1057; x_wconf 88' lang='lat' dir='ltr'><strong>Christianus</strong></span> <span class='ocrx_word' id='word_1_30' title='bbox 1321 1001 1610 1056; x_wconf 82' lang='lat' dir='ltr'><strong>memorias</strong></span> <span class='ocrx_word' id='word_1_31' title='bbox 1666 1009 1966 1072; x_wconf 78' lang='lat' dir='ltr'><strong>martyrum</strong></span> <span class='ocrx_word' id='word_1_32' title='bbox 2015 998 2134 1052; x_wconf 84' lang='lat' dir='ltr'><strong>reli-</strong></span> <span class='ocrx_word' id='word_1_33' title='bbox 2168 999 2217 1061; x_wconf 79' lang='grc' dir='ltr'><strong>Α</strong></span> <span class='ocrx_word' id='word_1_34' title='bbox 2243 1008 2298 1057; x_wconf 84' lang='lat' dir='ltr'><strong>et</strong></span> <span class='ocrx_word' id='word_1_35' title='bbox 2324 1014 2475 1058; x_wconf 84' lang='lat' dir='ltr'><strong>sacra</strong></span> <span class='ocrx_word' id='word_1_36' title='bbox 2501 1001 2800 1071; x_wconf 76' lang='lat' dir='ltr'><strong>gentilium.</strong></span> <span class='ocrx_word' id='word_1_37' title='bbox 2828 1004 3065 1073; x_wconf 83' lang='lat' dir='ltr'><strong>Quorum</strong></span> <span class='ocrx_word' id='word_1_38' title='bbox 3094 1003 3388 1060; x_wconf 76' lang='lat' dir='ltr'><strong>similitudo</strong></span> <span class='ocrx_word' id='word_1_39' title='bbox 3417 1006 3816 1078; x_wconf 72' lang='lat' dir='ltr'><strong>in‘quibusdam</strong></span> 
     </span>
    </p>
   </div>
   <div class='ocr_carea' id='block_1_7' title="bbox 568 1091 2142 1164">
    <p class='ocr_par' dir='ltr' id='par_1_7' title="bbox 568 1091 2142 1164">
     <span class='ocr_line' id='line_1_7' title="bbox 568 1091 2142 1164; baseline -0.003 -12"><span class='ocrx_word' id='word_1_40' title='bbox 568 1097 716 1164; x_wconf 61' lang='lat' dir='ltr'><strong>giosa</strong></span> <span class='ocrx_word' id='word_1_41' title='bbox 743 1093 1080 1148; x_wconf 88' lang='lat' dir='ltr'><strong>solemnitate</strong></span> <span class='ocrx_word' id='word_1_42' title='bbox 1104 1092 1469 1158; x_wconf 79' lang='lat' dir='ltr'><strong>concelebrat,</strong></span> <span class='ocrx_word' id='word_1_43' title='bbox 1492 1100 1549 1146; x_wconf 88' lang='lat' dir='ltr'><strong>et</strong></span> <span class='ocrx_word' id='word_1_44' title='bbox 1572 1091 1638 1146; x_wconf 89' lang='lat' dir='ltr'><strong>ad</strong></span> <span class='ocrx_word' id='word_1_45' title='bbox 1660 1093 1998 1147; x_wconf 77' lang='lat' dir='ltr'><strong>excitandam</strong></span> <span class='ocrx_word' id='word_1_46' title='bbox 2021 1093 2142 1147; x_wconf 89' lang='lat' dir='ltr'><strong>imi-</strong></span> 
     </span>
    </p>
   </div>
   <div class='ocr_carea' id='block_1_8' title="bbox 569 1183 2142 1254">
    <p class='ocr_par' dir='ltr' id='par_1_8' title="bbox 569 1183 2142 1254">
     <span class='ocr_line' id='line_1_8' title="bbox 569 1183 2142 1254; baseline -0.004 -10"><span class='ocrx_word' id='word_1_47' title='bbox 569 1188 847 1249; x_wconf 81' lang='lat' dir='ltr'><strong>tationem,</strong></span> <span class='ocrx_word' id='word_1_48' title='bbox 871 1192 1002 1239; x_wconf 89' lang='lat' dir='ltr'><strong>etut</strong></span> <span class='ocrx_word' id='word_1_49' title='bbox 1023 1184 1229 1238; x_wconf 90' lang='lat' dir='ltr'><strong>meritis</strong></span> <span class='ocrx_word' id='word_1_50' title='bbox 1248 1198 1433 1239; x_wconf 92' lang='lat' dir='ltr'><strong>eorum</strong></span> <span class='ocrx_word' id='word_1_51' title='bbox 1458 1183 1817 1249; x_wconf 88' lang='lat' dir='ltr'><strong>consocietur,</strong></span> <span class='ocrx_word' id='word_1_52' title='bbox 1839 1192 2002 1254; x_wconf 86' lang='lat' dir='ltr'><strong>atque</strong></span> <span class='ocrx_word' id='word_1_53' title='bbox 2022 1198 2142 1238; x_wconf 86' lang='lat' dir='ltr'><strong>ora-</strong></span> 
     </span>
    </p>
   </div>
   <div class='ocr_carea' id='block_1_9' title="bbox 564 1262 2139 1344">
    <p class='ocr_par' dir='ltr' id='par_1_9' title="bbox 564 1262 2139 1344">
     <span class='ocr_line' id='line_1_9' title="bbox 564 1262 2139 1344; baseline -0.003 -12"><span class='ocrx_word' id='word_1_54' title='bbox 564 1276 800 1333; x_wconf 83' lang='lat' dir='ltr'><strong>tionibus</strong></span> <span class='ocrx_word' id='word_1_55' title='bbox 823 1262 1105 1342; x_wconf 72' lang='lat' dir='ltr'><strong>asijnvetur</strong></span> <span class='ocrx_word' id='word_1_56' title='bbox 1135 1291 1148 1327; x_wconf 91' lang='lat'><strong>:</strong></span> <span class='ocrx_word' id='word_1_57' title='bbox 1191 1274 1263 1328; x_wconf 87' lang='lat' dir='ltr'><strong>ita</strong></span> <span class='ocrx_word' id='word_1_58' title='bbox 1317 1282 1520 1337; x_wconf 85' lang='lat' dir='ltr'><strong>tamen,</strong></span> <span class='ocrx_word' id='word_1_59' title='bbox 1550 1281 1611 1327; x_wconf 90' lang='lat' dir='ltr'><strong>ut</strong></span> <span class='ocrx_word' id='word_1_60' title='bbox 1642 1272 1773 1328; x_wconf 85' lang='lat' dir='ltr'><strong>nulli</strong></span> <span class='ocrx_word' id='word_1_61' title='bbox 1818 1280 2139 1344; x_wconf 87' lang='lat' dir='ltr'><strong>martyrum,</strong></span> 
     </span>
    </p>
   </div>
   <div class='ocr_carea' id='block_1_10' title="bbox 564 1360 2141 1434">
    <p class='ocr_par' dir='ltr' id='par_1_10' title="bbox 564 1360 2141 1434">
     <span class='ocr_line' id='line_1_10' title="bbox 564 1360 2141 1434; baseline -0.005 -13"><span class='ocrx_word' id='word_1_62' title='bbox 564 1367 656 1421; x_wconf 83' lang='lat' dir='ltr'><strong>sed</strong></span> <span class='ocrx_word' id='word_1_63' title='bbox 687 1364 785 1434; x_wconf 89' lang='lat' dir='ltr'><strong>ipsi</strong></span> <span class='ocrx_word' id='word_1_64' title='bbox 815 1364 924 1418; x_wconf 90' lang='lat' dir='ltr'><strong>Dco</strong></span> <span class='ocrx_word' id='word_1_65' title='bbox 952 1371 1271 1432; x_wconf 88' lang='lat' dir='ltr'><strong>martyrum,</strong></span> <span class='ocrx_word' id='word_1_66' title='bbox 1294 1361 1540 1431; x_wconf 81' lang='lat' dir='ltr'><strong>quamvis</strong></span> <span class='ocrx_word' id='word_1_67' title='bbox 1565 1360 1617 1414; x_wconf 92' lang='lat' dir='ltr'><strong>in</strong></span> <span class='ocrx_word' id='word_1_68' title='bbox 1644 1360 2141 1430; x_wconf 79' lang='lat' dir='ltr'><strong>memoriis‘marty-</strong></span> 
     </span>
    </p>
   </div>
   <div class='ocr_carea' id='block_1_11' title="bbox 563 1450 2138 1519">
    <p class='ocr_par' dir='ltr' id='par_1_11' title="bbox 563 1450 2138 1519">
     <span class='ocr_line' id='line_1_11' title="bbox 563 1450 2138 1519; baseline -0.004 -8"><span class='ocrx_word' id='word_1_69' title='bbox 563 1472 683 1511; x_wconf 90' lang='lat' dir='ltr'><strong>rum</strong></span> <span class='ocrx_word' id='word_1_70' title='bbox 723 1454 1117 1510; x_wconf 86' lang='lat' dir='ltr'><strong>constituamus</strong></span> <span class='ocrx_word' id='word_1_71' title='bbox 1145 1452 1357 1506; x_wconf 89' lang='lat' dir='ltr'><strong>altaria.</strong></span> <span class='ocrx_word' id='word_1_72' title='bbox 1385 1451 1517 1519; x_wconf 82' lang='lat' dir='ltr'><strong>Quis</strong></span> <span class='ocrx_word' id='word_1_73' title='bbox 1550 1450 1695 1505; x_wconf 87' lang='lat' dir='ltr'><strong>enim</strong></span> <span class='ocrx_word' id='word_1_74' title='bbox 1743 1450 2044 1505; x_wconf 88' lang='lat' dir='ltr'><strong>antistitum</strong></span> <span class='ocrx_word' id='word_1_75' title='bbox 2084 1450 2138 1504; x_wconf 91' lang='lat' dir='ltr'><strong>iu</strong></span> 
     </span>
    </p>
   </div>
   <div class='ocr_carea' id='block_1_12' title="bbox 562 1539 2139 1613">
    <p class='ocr_par' dir='ltr' id='par_1_12' title="bbox 562 1539 2139 1613">
     <span class='ocr_line' id='line_1_12' title="bbox 562 1539 2139 1613; baseline -0.004 -11"><span class='ocrx_word' id='word_1_76' title='bbox 562 1547 696 1602; x_wconf 81' lang='lat' dir='ltr'><strong>locis</strong></span> <span class='ocrx_word' id='word_1_77' title='bbox 722 1552 1029 1600; x_wconf 87' lang='lat' dir='ltr'><strong>sanctorum</strong></span> <span class='ocrx_word' id='word_1_78' title='bbox 1055 1558 1339 1613; x_wconf 85' lang='lat' dir='ltr'><strong>corporum</strong></span> <span class='ocrx_word' id='word_1_79' title='bbox 1370 1542 1650 1606; x_wconf 88' lang='lat' dir='ltr'><strong>assistens,</strong></span> <span class='ocrx_word' id='word_1_80' title='bbox 1674 1540 1828 1594; x_wconf 85' lang='lat' dir='ltr'><strong>altari</strong></span> <span class='ocrx_word' id='word_1_81' title='bbox 1850 1539 2139 1610; x_wconf 84' lang='lat' dir='ltr'><strong>aliquando</strong></span> 
     </span>
    </p>
   </div>
   <div class='ocr_carea' id='block_1_13' title="bbox 562 1629 2139 1701">
    <p class='ocr_par' dir='ltr' id='par_1_13' title="bbox 562 1629 2139 1701">
     <span class='ocr_line' id='line_1_13' title="bbox 562 1629 2139 1701; baseline -0.005 -10"><span class='ocrx_word' id='word_1_82' title='bbox 562 1637 698 1691; x_wconf 87' lang='lat' dir='ltr'><strong>dixit</strong></span> <span class='ocrx_word' id='word_1_83' title='bbox 728 1633 1049 1692; x_wconf 79' lang='lat' dir='ltr'><strong>:Oﬂ‘erimus</strong></span> <span class='ocrx_word' id='word_1_84' title='bbox 1072 1634 1165 1687; x_wconf 92' lang='lat' dir='ltr'><strong>tibi</strong></span> <span class='ocrx_word' id='word_1_85' title='bbox 1190 1632 1367 1696; x_wconf 89' lang='lat' dir='ltr'><strong>Petre,</strong></span> <span class='ocrx_word' id='word_1_86' title='bbox 1395 1641 1485 1686; x_wconf 88' lang='lat' dir='ltr'><strong>aut</strong></span> <span class='ocrx_word' id='word_1_87' title='bbox 1512 1631 1693 1694; x_wconf 87' lang='lat' dir='ltr'><strong>Paule,</strong></span> <span class='ocrx_word' id='word_1_88' title='bbox 1723 1640 1815 1684; x_wconf 89' lang='lat' dir='ltr'><strong>aut</strong></span> <span class='ocrx_word' id='word_1_89' title='bbox 1838 1629 2139 1701; x_wconf 81' lang='lat' dir='ltr'><strong>Cypriane?</strong></span> 
     </span>
    </p>
   </div>
   <div class='ocr_carea' id='block_1_14' title="bbox 563 1722 2137 1797">
    <p class='ocr_par' dir='ltr' id='par_1_14' title="bbox 563 1722 2137 1797">
     <span class='ocr_line' id='line_1_14' title="bbox 563 1722 2137 1797; baseline -0.003 -15"><span class='ocrx_word' id='word_1_90' title='bbox 563 1727 669 1783; x_wconf 86' lang='lat' dir='ltr'><strong>Sed</strong></span> <span class='ocrx_word' id='word_1_91' title='bbox 704 1727 846 1797; x_wconf 91' lang='lat' dir='ltr'><strong>quod</strong></span> <span class='ocrx_word' id='word_1_92' title='bbox 873 1725 1121 1791; x_wconf 78' lang='lat' dir='ltr'><strong>oll‘ertur,</strong></span> <span class='ocrx_word' id='word_1_93' title='bbox 1155 1722 1377 1781; x_wconf 65' lang='lat' dir='ltr'><strong>offertur</strong></span> <span class='ocrx_word' id='word_1_94' title='bbox 1405 1723 1535 1786; x_wconf 83' lang='lat' dir='ltr'><strong>Deo,</strong></span> <span class='ocrx_word' id='word_1_95' title='bbox 1567 1723 1657 1792; x_wconf 90' lang='lat' dir='ltr'><strong>qui</strong></span> <span class='ocrx_word' id='word_1_96' title='bbox 1690 1732 1955 1793; x_wconf 81' lang='lat' dir='ltr'><strong>martyres</strong></span> <span class='ocrx_word' id='word_1_97' title='bbox 1983 1736 2137 1777; x_wconf 90' lang='lat' dir='ltr'><strong>coro-</strong></span> 
     </span>
    </p>
   </div>
   <div class='ocr_carea' id='block_1_15' title="bbox 561 1811 2135 1885">
    <p class='ocr_par' dir='ltr' id='par_1_15' title="bbox 561 1811 2135 1885">
     <span class='ocr_line' id='line_1_15' title="bbox 561 1811 2135 1885; baseline -0.004 -13"><span class='ocrx_word' id='word_1_98' title='bbox 561 1817 732 1882; x_wconf 88' lang='lat' dir='ltr'><strong>navit,</strong></span> <span class='ocrx_word' id='word_1_99' title='bbox 764 1816 902 1885; x_wconf 88' lang='lat' dir='ltr'><strong>apud</strong></span> <span class='ocrx_word' id='word_1_100' title='bbox 931 1815 1218 1869; x_wconf 83' lang='lat' dir='ltr'><strong>memorias</strong></span> <span class='ocrx_word' id='word_1_101' title='bbox 1254 1828 1441 1867; x_wconf 90' lang='lat' dir='ltr'><strong>eorum</strong></span> <span class='ocrx_word' id='word_1_102' title='bbox 1465 1827 1598 1882; x_wconf 88' lang='lat' dir='ltr'><strong>quos</strong></span> <span class='ocrx_word' id='word_1_103' title='bbox 1628 1811 1937 1875; x_wconf 77' lang='lat' dir='ltr'><strong>coronavit;</strong></span> <span class='ocrx_word' id='word_1_104' title='bbox 1982 1818 2041 1864; x_wconf 92' lang='lat' dir='ltr'><strong>ut</strong></span> <span class='ocrx_word' id='word_1_105' title='bbox 2068 1824 2135 1871; x_wconf 75' lang='lat' dir='ltr'><strong>ex</strong></span> 
     </span>
    </p>
   </div>
   <div class='ocr_carea' id='block_1_16' title="bbox 561 1900 2137 1976">
    <p class='ocr_par' dir='ltr' id='par_1_16' title="bbox 561 1900 2137 1976">
     <span class='ocr_line' id='line_1_16' title="bbox 561 1900 2137 1976; baseline -0.004 -16"><span class='ocrx_word' id='word_1_106' title='bbox 561 1907 797 1976; x_wconf 89' lang='lat' dir='ltr'><strong>ipsorum</strong></span> <span class='ocrx_word' id='word_1_107' title='bbox 827 1905 1062 1960; x_wconf 90' lang='lat' dir='ltr'><strong>locorum</strong></span> <span class='ocrx_word' id='word_1_108' title='bbox 1095 1904 1458 1958; x_wconf 83' lang='lat' dir='ltr'><strong>admonitione</strong></span> <span class='ocrx_word' id='word_1_109' title='bbox 1491 1902 1664 1972; x_wconf 83' lang='lat' dir='ltr'><strong>major</strong></span> <span class='ocrx_word' id='word_1_110' title='bbox 1697 1900 1918 1956; x_wconf 75' lang='lat' dir='ltr'><strong>affectus</strong></span> <span class='ocrx_word' id='word_1_111' title='bbox 1948 1916 2137 1956; x_wconf 83' lang='lat' dir='ltr'><strong>exsur-</strong></span> 
     </span>
    </p>
   </div>
   <div class='ocr_carea' id='block_1_17' title="bbox 558 1989 2135 2069">
    <p class='ocr_par' dir='ltr' id='par_1_17' title="bbox 558 1989 2135 2069">
     <span class='ocr_line' id='line_1_17' title="bbox 558 1989 2135 2069; baseline -0.006 -17"><span class='ocrx_word' id='word_1_112' title='bbox 558 2005 675 2069; x_wconf 80' lang='lat' dir='ltr'><strong>gat,</strong></span> <span class='ocrx_word' id='word_1_113' title='bbox 701 1996 769 2051; x_wconf 89' lang='lat' dir='ltr'><strong>ad</strong></span> <span class='ocrx_word' id='word_1_114' title='bbox 790 1995 1087 2066; x_wconf 80' lang='lat' dir='ltr'><strong>augendam</strong></span> <span class='ocrx_word' id='word_1_115' title='bbox 1115 1994 1457 2057; x_wconf 78' lang='lat' dir='ltr'><strong>charitatem,</strong></span> <span class='ocrx_word' id='word_1_116' title='bbox 1480 2002 1534 2046; x_wconf 85' lang='lat' dir='ltr'><strong>et</strong></span> <span class='ocrx_word' id='word_1_117' title='bbox 1558 1994 1610 2047; x_wconf 88' lang='lat' dir='ltr'><strong>in</strong></span> <span class='ocrx_word' id='word_1_118' title='bbox 1634 1992 1752 2047; x_wconf 86' lang='lat' dir='ltr'><strong>illos</strong></span> <span class='ocrx_word' id='word_1_119' title='bbox 1778 2005 1913 2061; x_wconf 89' lang='lat' dir='ltr'><strong>quos</strong></span> <span class='ocrx_word' id='word_1_120' title='bbox 1935 1989 2135 2045; x_wconf 89' lang='lat' dir='ltr'><strong>imitari</strong></span> 
     </span>
    </p>
   </div>
   <div class='ocr_carea' id='block_1_18' title="bbox 556 2079 2136 2157">
    <p class='ocr_par' dir='ltr' id='par_1_18' title="bbox 556 2079 2136 2157">
     <span class='ocr_line' id='line_1_18' title="bbox 556 2079 2136 2157; baseline -0.004 -16"><span class='ocrx_word' id='word_1_121' title='bbox 556 2101 864 2157; x_wconf 84' lang='lat' dir='ltr'><strong>possumus.</strong></span> <span class='ocrx_word' id='word_1_122' title='bbox 892 2094 945 2144; x_wconf 87' lang='lat' dir='ltr'><strong>et</strong></span> <span class='ocrx_word' id='word_1_123' title='bbox 974 2085 1025 2139; x_wconf 91' lang='lat' dir='ltr'><strong>in</strong></span> <span class='ocrx_word' id='word_1_124' title='bbox 1065 2084 1210 2144; x_wconf 85' lang='lat' dir='ltr'><strong>illum</strong></span> <span class='ocrx_word' id='word_1_125' title='bbox 1238 2099 1343 2153; x_wconf 92' lang='lat' dir='ltr'><strong>quo</strong></span> <span class='ocrx_word' id='word_1_126' title='bbox 1374 2080 1659 2151; x_wconf 87' lang='lat' dir='ltr'><strong>adjuvante</strong></span> <span class='ocrx_word' id='word_1_127' title='bbox 1681 2082 1967 2151; x_wconf 85' lang='lat' dir='ltr'><strong>possimus:</strong></span> <span class='ocrx_word' id='word_1_128' title='bbox 1995 2079 2136 2137; x_wconf 86' lang='lat' dir='ltr'><strong>Coli-</strong></span> 
     </span>
    </p>
   </div>
   <div class='ocr_carea' id='block_1_19' title="bbox 559 2170 2134 2247">
    <p class='ocr_par' dir='ltr' id='par_1_19' title="bbox 559 2170 2134 2247">
     <span class='ocr_line' id='line_1_19' title="bbox 559 2170 2134 2247; baseline -0.005 -16"><span class='ocrx_word' id='word_1_129' title='bbox 559 2192 678 2231; x_wconf 90' lang='lat' dir='ltr'><strong>mus</strong></span> <span class='ocrx_word' id='word_1_130' title='bbox 706 2191 836 2247; x_wconf 79' lang='lat' dir='ltr'><strong>ergo</strong></span> <span class='ocrx_word' id='word_1_131' title='bbox 862 2184 1129 2244; x_wconf 83' lang='lat' dir='ltr'><strong>martyres</strong></span> <span class='ocrx_word' id='word_1_132' title='bbox 1156 2188 1220 2229; x_wconf 88' lang='lat' dir='ltr'><strong>eo</strong></span> <span class='ocrx_word' id='word_1_133' title='bbox 1241 2172 1388 2228; x_wconf 89' lang='lat' dir='ltr'><strong>cultu</strong></span> <span class='ocrx_word' id='word_1_134' title='bbox 1430 2171 1734 2230; x_wconf 86' lang='lat' dir='ltr'><strong>dilectionis</strong></span> <span class='ocrx_word' id='word_1_135' title='bbox 1757 2180 1812 2227; x_wconf 89' lang='lat' dir='ltr'><strong>et</strong></span> <span class='ocrx_word' id='word_1_136' title='bbox 1836 2170 2134 2233; x_wconf 80' lang='lat' dir='ltr'><strong>societatis,</strong></span> 
     </span>
    </p>
   </div>
   <div class='ocr_carea' id='block_1_20' title="bbox 558 2259 2133 2336">
    <p class='ocr_par' dir='ltr' id='par_1_20' title="bbox 558 2259 2133 2336">
     <span class='ocr_line' id='line_1_20' title="bbox 558 2259 2133 2336; baseline -0.004 -18"><span class='ocrx_word' id='word_1_137' title='bbox 558 2281 666 2336; x_wconf 88' lang='lat' dir='ltr'><strong>quo</strong></span> <span class='ocrx_word' id='word_1_138' title='bbox 689 2275 745 2320; x_wconf 91' lang='lat' dir='ltr'><strong>et</strong></span> <span class='ocrx_word' id='word_1_139' title='bbox 769 2264 819 2318; x_wconf 90' lang='lat' dir='ltr'><strong>in</strong></span> <span class='ocrx_word' id='word_1_140' title='bbox 846 2264 947 2317; x_wconf 83' lang='lat' dir='ltr'><strong>hac.</strong></span> <span class='ocrx_word' id='word_1_141' title='bbox 972 2263 1078 2317; x_wconf 85' lang='lat' dir='ltr'><strong>vita</strong></span> <span class='ocrx_word' id='word_1_142' title='bbox 1106 2262 1356 2317; x_wconf 85' lang='lat' dir='ltr'><strong>coluntur</strong></span> <span class='ocrx_word' id='word_1_143' title='bbox 1388 2260 1562 2315; x_wconf 88' lang='lat' dir='ltr'><strong>sancti</strong></span> <span class='ocrx_word' id='word_1_144' title='bbox 1582 2259 1830 2314; x_wconf 86' lang='lat' dir='ltr'><strong>homines</strong></span> <span class='ocrx_word' id='word_1_145' title='bbox 1859 2259 1975 2321; x_wconf 85' lang='lat' dir='ltr'><strong>Dei,</strong></span> <span class='ocrx_word' id='word_1_146' title='bbox 1997 2273 2133 2328; x_wconf 91' lang='lat' dir='ltr'><strong>quo-</strong></span> 
     </span>
    </p>
   </div>
   <div class='ocr_carea' id='block_1_21' title="bbox 556 2347 2207 2423">
    <p class='ocr_par' dir='ltr' id='par_1_21' title="bbox 556 2347 2207 2423">
     <span class='ocr_line' id='line_1_21' title="bbox 556 2347 2207 2423; baseline -0.002 -14"><span class='ocrx_word' id='word_1_147' title='bbox 556 2370 675 2409; x_wconf 91' lang='lat' dir='ltr'><strong>rum</strong></span> <span class='ocrx_word' id='word_1_148' title='bbox 705 2369 799 2408; x_wconf 90' lang='lat' dir='ltr'><strong>cor</strong></span> <span class='ocrx_word' id='word_1_149' title='bbox 828 2354 893 2407; x_wconf 91' lang='lat' dir='ltr'><strong>ad</strong></span> <span class='ocrx_word' id='word_1_150' title='bbox 921 2353 1079 2408; x_wconf 88' lang='lat' dir='ltr'><strong>talem</strong></span> <span class='ocrx_word' id='word_1_151' title='bbox 1111 2367 1208 2422; x_wconf 89' lang='lat' dir='ltr'><strong>pro</strong></span> <span class='ocrx_word' id='word_1_152' title='bbox 1236 2351 1545 2423; x_wconf 79' lang='lat' dir='ltr'><strong>evangelica</strong></span> <span class='ocrx_word' id='word_1_153' title='bbox 1574 2351 1800 2405; x_wconf 87' lang='lat' dir='ltr'><strong>veritate</strong></span> <span class='ocrx_word' id='word_1_154' title='bbox 1827 2350 2131 2421; x_wconf 88' lang='lat' dir='ltr'><strong>passionem</strong></span> <span class='ocrx_word' id='word_1_155' title='bbox 2165 2347 2207 2406; x_wconf 86' lang='grc' dir='ltr'>Β</span> 
     </span>
    </p>
   </div>
   <div class='ocr_carea' id='block_1_22' title="bbox 555 2445 2134 2519">
    <p class='ocr_par' dir='ltr' id='par_1_22' title="bbox 555 2445 2134 2519">
     <span class='ocr_line' id='line_1_22' title="bbox 555 2445 2134 2519; baseline -0.001 -17"><span class='ocrx_word' id='word_1_156' title='bbox 555 2458 800 2519; x_wconf 86' lang='lat' dir='ltr'><strong>paratum</strong></span> <span class='ocrx_word' id='word_1_157' title='bbox 853 2462 971 2502; x_wconf 82' lang='lat' dir='ltr'><strong>esse</strong></span> <span class='ocrx_word' id='word_1_158' title='bbox 1025 2448 1317 2511; x_wconf 84' lang='lat' dir='ltr'><strong>sentimus;</strong></span> <span class='ocrx_word' id='word_1_159' title='bbox 1361 2446 1455 2500; x_wconf 88' lang='lat' dir='ltr'><strong>sed</strong></span> <span class='ocrx_word' id='word_1_160' title='bbox 1502 2446 1622 2501; x_wconf 89' lang='lat' dir='ltr'><strong>illos</strong></span> <span class='ocrx_word' id='word_1_161' title='bbox 1672 2454 1820 2501; x_wconf 89' lang='lat' dir='ltr'><strong>tanto</strong></span> <span class='ocrx_word' id='word_1_162' title='bbox 1867 2445 2134 2511; x_wconf 76' lang='lat' dir='ltr'><strong>devotius,</strong></span> 
     </span>
    </p>
   </div>
   <div class='ocr_carea' id='block_1_23' title="bbox 556 2539 2134 2612">
    <p class='ocr_par' dir='ltr' id='par_1_23' title="bbox 556 2539 2134 2612">
     <span class='ocr_line' id='line_1_23' title="bbox 556 2539 2134 2612; baseline -0.003 -18"><span class='ocrx_word' id='word_1_163' title='bbox 556 2550 758 2612; x_wconf 86' lang='lat' dir='ltr'><strong>quanto</strong></span> <span class='ocrx_word' id='word_1_164' title='bbox 780 2540 1022 2596; x_wconf 86' lang='lat' dir='ltr'><strong>securius</strong></span> <span class='ocrx_word' id='word_1_165' title='bbox 1040 2547 1161 2608; x_wconf 90' lang='lat' dir='ltr'><strong>post</strong></span> <span class='ocrx_word' id='word_1_166' title='bbox 1188 2539 1389 2593; x_wconf 85' lang='lat' dir='ltr'><strong>incerta</strong></span> <span class='ocrx_word' id='word_1_167' title='bbox 1417 2539 1594 2593; x_wconf 88' lang='lat' dir='ltr'><strong>omnia</strong></span> <span class='ocrx_word' id='word_1_168' title='bbox 1620 2547 1870 2608; x_wconf 86' lang='lat' dir='ltr'><strong>superata</strong></span> <span class='ocrx_word' id='word_1_169' title='bbox 1892 2554 1906 2601; x_wconf 88' lang='lat'><strong>;</strong></span> <span class='ocrx_word' id='word_1_170' title='bbox 1931 2543 2134 2608; x_wconf 87' lang='lat' dir='ltr'><strong>quanto</strong></span> 
     </span>
    </p>
   </div>
   <div class='ocr_carea' id='block_1_24' title="bbox 555 2627 2134 2700">
    <p class='ocr_par' dir='ltr' id='par_1_24' title="bbox 555 2627 2134 2700">
     <span class='ocr_line' id='line_1_24' title="bbox 555 2627 2134 2700; baseline -0.002 -15"><span class='ocrx_word' id='word_1_171' title='bbox 555 2631 1013 2687; x_wconf 77' lang='lat' dir='ltr'><strong>ctiamtidentiori</strong></span> <span class='ocrx_word' id='word_1_172' title='bbox 1058 2630 1215 2685; x_wconf 83' lang='lat' dir='ltr'><strong>laude</strong></span> <span class='ocrx_word' id='word_1_173' title='bbox 1260 2629 1616 2700; x_wconf 55' lang='lat' dir='ltr'><strong>praedicamus</strong></span> <span class='ocrx_word' id='word_1_174' title='bbox 1633 2627 1744 2695; x_wconf 86' lang='lat' dir='ltr'><strong>jam</strong></span> <span class='ocrx_word' id='word_1_175' title='bbox 1797 2629 1849 2683; x_wconf 91' lang='lat' dir='ltr'><strong>in</strong></span> <span class='ocrx_word' id='word_1_176' title='bbox 1878 2629 1986 2683; x_wconf 87' lang='lat' dir='ltr'><strong>vita</strong></span> <span class='ocrx_word' id='word_1_177' title='bbox 2019 2628 2134 2682; x_wconf 78' lang='lat' dir='ltr'><strong>feli—</strong></span> 
     </span>
    </p>
   </div>
   <div class='ocr_carea' id='block_1_25' title="bbox 554 2722 2129 2792">
    <p class='ocr_par' dir='ltr' id='par_1_25' title="bbox 554 2722 2129 2792">
     <span class='ocr_line' id='line_1_25' title="bbox 554 2722 2129 2792; baseline -0.002 -17"><span class='ocrx_word' id='word_1_178' title='bbox 554 2722 687 2785; x_wconf 74' lang='lat' dir='ltr'><strong>ciori</strong></span> <span class='ocrx_word' id='word_1_179' title='bbox 720 2723 974 2787; x_wconf 82' lang='lat' dir='ltr'><strong>victores,</strong></span> <span class='ocrx_word' id='word_1_180' title='bbox 1001 2738 1163 2792; x_wconf 88' lang='lat' dir='ltr'><strong>quam</strong></span> <span class='ocrx_word' id='word_1_181' title='bbox 1190 2722 1241 2775; x_wconf 88' lang='lat' dir='ltr'><strong>in</strong></span> <span class='ocrx_word' id='word_1_182' title='bbox 1274 2723 1374 2776; x_wconf 89' lang='lat' dir='ltr'><strong>ista</strong></span> <span class='ocrx_word' id='word_1_183' title='bbox 1406 2722 1582 2775; x_wconf 87' lang='lat' dir='ltr'><strong>adhuc</strong></span> <span class='ocrx_word' id='word_1_184' title='bbox 1611 2736 1783 2790; x_wconf 91' lang='lat' dir='ltr'><strong>usque</strong></span> <span class='ocrx_word' id='word_1_185' title='bbox 1810 2727 2129 2790; x_wconf 83' lang='lat' dir='ltr'><strong>pugnantes.</strong></span> 
     </span>
    </p>
   </div>
   <div class='ocr_carea' id='block_1_26' title="bbox 554 2812 2134 2889">
    <p class='ocr_par' dir='ltr' id='par_1_26' title="bbox 554 2812 2134 2889">
     <span class='ocr_line' id='line_1_26' title="bbox 554 2812 2134 2889; baseline -0.003 -18"><span class='ocrx_word' id='word_1_186' title='bbox 554 2819 621 2871; x_wconf 86' lang='lat' dir='ltr'><strong>At</strong></span> <span class='ocrx_word' id='word_1_187' title='bbox 643 2815 732 2871; x_wconf 90' lang='lat' dir='ltr'><strong>illo</strong></span> <span class='ocrx_word' id='word_1_188' title='bbox 764 2815 908 2870; x_wconf 88' lang='lat' dir='ltr'><strong>cultu</strong></span> <span class='ocrx_word' id='word_1_189' title='bbox 928 2855 943 2879; x_wconf 96' lang='lat'><strong>,</strong></span> <span class='ocrx_word' id='word_1_190' title='bbox 966 2815 1057 2885; x_wconf 90' lang='lat' dir='ltr'><strong>qui</strong></span> <span class='ocrx_word' id='word_1_191' title='bbox 1088 2814 1274 2871; x_wconf 76' lang='lat' dir='ltr'><strong>Gmece</strong></span> <span class='ocrx_word' id='word_1_192' title='bbox 1298 2816 1507 2889; x_wconf 74' lang='grc' dir='ltr'><strong>λατρεία</strong></span> <span class='ocrx_word' id='word_1_193' title='bbox 1533 2814 1749 2879; x_wconf 87' lang='lat' dir='ltr'><strong>dicitur,</strong></span> <span class='ocrx_word' id='word_1_194' title='bbox 1790 2812 1982 2867; x_wconf 84' lang='lat' dir='ltr'><strong>Latine</strong></span> <span class='ocrx_word' id='word_1_195' title='bbox 2025 2826 2134 2867; x_wconf 90' lang='lat' dir='ltr'><strong>uno</strong></span> 
     </span>
    </p>
   </div>
   <div class='ocr_carea' id='block_1_27' title="bbox 555 2904 2131 2974">
    <p class='ocr_par' dir='ltr' id='par_1_27' title="bbox 555 2904 2131 2974">
     <span class='ocr_line' id='line_1_27' title="bbox 555 2904 2131 2974; baseline -0.001 -16"><span class='ocrx_word' id='word_1_196' title='bbox 555 2904 718 2964; x_wconf 79' lang='lat' dir='ltr'><strong>verbo</strong></span> <span class='ocrx_word' id='word_1_197' title='bbox 745 2904 846 2959; x_wconf 91' lang='lat' dir='ltr'><strong>dici</strong></span> <span class='ocrx_word' id='word_1_198' title='bbox 880 2919 984 2959; x_wconf 89' lang='lat' dir='ltr'><strong>non</strong></span> <span class='ocrx_word' id='word_1_199' title='bbox 1014 2912 1213 2974; x_wconf 86' lang='lat' dir='ltr'><strong>potest,</strong></span> <span class='ocrx_word' id='word_1_200' title='bbox 1241 2920 1362 2959; x_wconf 90' lang='lat' dir='ltr'><strong>cum</strong></span> <span class='ocrx_word' id='word_1_201' title='bbox 1404 2905 1476 2958; x_wconf 91' lang='lat' dir='ltr'><strong>sit</strong></span> <span class='ocrx_word' id='word_1_202' title='bbox 1524 2905 1767 2974; x_wconf 76' lang='lat' dir='ltr'><strong>quaedam</strong></span> <span class='ocrx_word' id='word_1_203' title='bbox 1803 2904 2017 2973; x_wconf 86' lang='lat' dir='ltr'><strong>proprie</strong></span> <span class='ocrx_word' id='word_1_204' title='bbox 2053 2904 2131 2957; x_wconf 85' lang='lat' dir='ltr'><strong>di-</strong></span> 
     </span>
    </p>
   </div>
   <div class='ocr_carea' id='block_1_28' title="bbox 557 2994 2127 3059">
    <p class='ocr_par' dir='ltr' id='par_1_28' title="bbox 557 2994 2127 3059">
     <span class='ocr_line' id='line_1_28' title="bbox 557 2994 2127 3059; baseline 0 -11"><span class='ocrx_word' id='word_1_205' title='bbox 557 2994 761 3049; x_wconf 73' lang='lat' dir='ltr'><strong>vinitati</strong></span> <span class='ocrx_word' id='word_1_206' title='bbox 792 2994 972 3050; x_wconf 85' lang='lat' dir='ltr'><strong>debita</strong></span> <span class='ocrx_word' id='word_1_207' title='bbox 1006 2995 1256 3059; x_wconf 81' lang='lat' dir='ltr'><strong>servitus,</strong></span> <span class='ocrx_word' id='word_1_208' title='bbox 1284 3010 1382 3049; x_wconf 83' lang='lat' dir='ltr'><strong>nec</strong></span> <span class='ocrx_word' id='word_1_209' title='bbox 1429 2994 1675 3057; x_wconf 90' lang='lat' dir='ltr'><strong>colimus,</strong></span> <span class='ocrx_word' id='word_1_210' title='bbox 1704 3010 1804 3049; x_wconf 86' lang='lat' dir='ltr'><strong>nec</strong></span> <span class='ocrx_word' id='word_1_211' title='bbox 1848 2994 2127 3051; x_wconf 81' lang='lat' dir='ltr'><strong>colendum</strong></span> 
     </span>
    </p>
   </div>
   <div class='ocr_carea' id='block_1_29' title="bbox 552 3085 2130 3152">
    <p class='ocr_par' dir='ltr' id='par_1_29' title="bbox 552 3085 2130 3152">
     <span class='ocr_line' id='line_1_29' title="bbox 552 3085 2130 3152; baseline -0.002 -8"><span class='ocrx_word' id='word_1_212' title='bbox 552 3086 832 3152; x_wconf 79' lang='lat' dir='ltr'><strong>docemus,</strong></span> <span class='ocrx_word' id='word_1_213' title='bbox 883 3085 984 3140; x_wconf 91' lang='lat' dir='ltr'><strong>nisi</strong></span> <span class='ocrx_word' id='word_1_214' title='bbox 1031 3102 1196 3140; x_wconf 90' lang='lat' dir='ltr'><strong>unum</strong></span> <span class='ocrx_word' id='word_1_215' title='bbox 1241 3086 1432 3141; x_wconf 90' lang='lat' dir='ltr'><strong>Deum.</strong></span> <span class='ocrx_word' id='word_1_216' title='bbox 1482 3085 1614 3139; x_wconf 87' lang='lat' dir='ltr'><strong>Cum</strong></span> <span class='ocrx_word' id='word_1_217' title='bbox 1648 3094 1826 3141; x_wconf 89' lang='lat' dir='ltr'><strong>autem</strong></span> <span class='ocrx_word' id='word_1_218' title='bbox 1874 3086 1941 3140; x_wconf 92' lang='lat' dir='ltr'><strong>ad</strong></span> <span class='ocrx_word' id='word_1_219' title='bbox 1988 3087 2130 3142; x_wconf 90' lang='lat' dir='ltr'><strong>hunc</strong></span> 
     </span>
    </p>
   </div>
   <div class='ocr_carea' id='block_1_30' title="bbox 554 3175 2131 3247">
    <p class='ocr_par' dir='ltr' id='par_1_30' title="bbox 554 3175 2131 3247">
     <span class='ocr_line' id='line_1_30' title="bbox 554 3175 2131 3247; baseline -0.003 -13"><span class='ocrx_word' id='word_1_220' title='bbox 554 3175 755 3234; x_wconf 81' lang='lat' dir='ltr'><strong>cultum</strong></span> <span class='ocrx_word' id='word_1_221' title='bbox 808 3175 1074 3246; x_wconf 83' lang='lat' dir='ltr'><strong>pertineat</strong></span> <span class='ocrx_word' id='word_1_222' title='bbox 1101 3175 1301 3230; x_wconf 90' lang='lat' dir='ltr'><strong>oblatio</strong></span> <span class='ocrx_word' id='word_1_223' title='bbox 1349 3176 1596 3231; x_wconf 81' lang='lat' dir='ltr'><strong>sacriﬁcii</strong></span> <span class='ocrx_word' id='word_1_224' title='bbox 1643 3175 1805 3247; x_wconf 86' lang='lat' dir='ltr'><strong>(unde</strong></span> <span class='ocrx_word' id='word_1_225' title='bbox 1837 3175 2131 3230; x_wconf 60' lang='lat' dir='ltr'><strong>idololatria</strong></span> 
     </span>
    </p>
   </div>
   <div class='ocr_carea' id='block_1_31' title="bbox 554 3264 2128 3337">
    <p class='ocr_par' dir='ltr' id='par_1_31' title="bbox 554 3264 2128 3337">
     <span class='ocr_line' id='line_1_31' title="bbox 554 3264 2128 3337; baseline 0 -17"><span class='ocrx_word' id='word_1_226' title='bbox 554 3264 823 3330; x_wconf 86' lang='lat' dir='ltr'><strong>dicuntur,</strong></span> <span class='ocrx_word' id='word_1_227' title='bbox 857 3264 947 3336; x_wconf 92' lang='lat' dir='ltr'><strong>qui</strong></span> <span class='ocrx_word' id='word_1_228' title='bbox 974 3266 1076 3321; x_wconf 87' lang='lat' dir='ltr'><strong>hoc</strong></span> <span class='ocrx_word' id='word_1_229' title='bbox 1115 3267 1276 3321; x_wconf 88' lang='lat' dir='ltr'><strong>etiam</strong></span> <span class='ocrx_word' id='word_1_230' title='bbox 1306 3264 1460 3323; x_wconf 88' lang='lat' dir='ltr'><strong>idolis</strong></span> <span class='ocrx_word' id='word_1_231' title='bbox 1491 3266 1766 3337; x_wconf 78' lang='lat' dir='ltr'><strong>exhibent)</strong></span> <span class='ocrx_word' id='word_1_232' title='bbox 1797 3265 1942 3321; x_wconf 92' lang='lat' dir='ltr'><strong>nullo</strong></span> <span class='ocrx_word' id='word_1_233' title='bbox 1970 3265 2128 3320; x_wconf 88' lang='lat' dir='ltr'><strong>modo</strong></span> 
     </span>
    </p>
   </div>
   <div class='ocr_carea' id='block_1_32' title="bbox 554 3356 2125 3428">
    <p class='ocr_par' dir='ltr' id='par_1_32' title="bbox 554 3356 2125 3428">
     <span class='ocr_line' id='line_1_32' title="bbox 554 3356 2125 3428; baseline -0.003 -15"><span class='ocrx_word' id='word_1_234' title='bbox 554 3356 662 3413; x_wconf 87' lang='lat' dir='ltr'><strong>tale</strong></span> <span class='ocrx_word' id='word_1_235' title='bbox 685 3356 885 3426; x_wconf 88' lang='lat' dir='ltr'><strong>aliquid</strong></span> <span class='ocrx_word' id='word_1_236' title='bbox 904 3356 1183 3412; x_wconf 71' lang='lat' dir='ltr'><strong>oderimus</strong></span> <span class='ocrx_word' id='word_1_237' title='bbox 1204 3365 1295 3412; x_wconf 89' lang='lat' dir='ltr'><strong>aut</strong></span> <span class='ocrx_word' id='word_1_238' title='bbox 1316 3357 1647 3412; x_wconf 71' lang='lat' dir='ltr'><strong>offerendum</strong></span> <span class='ocrx_word' id='word_1_239' title='bbox 1666 3356 2125 3428; x_wconf 70' lang='lat' dir='ltr'><strong>prmcipimus,vel</strong></span> 
     </span>
    </p>
   </div>
   <div class='ocr_carea' id='block_1_33' title="bbox 553 3446 2121 3519">
    <p class='ocr_par' dir='ltr' id='par_1_33' title="bbox 553 3446 2121 3519">
     <span class='ocr_line' id='line_1_33' title="bbox 553 3446 2121 3519; baseline -0.001 -16"><span class='ocrx_word' id='word_1_240' title='bbox 553 3447 805 3517; x_wconf 82' lang='lat' dir='ltr'><strong>cuiquam</strong></span> <span class='ocrx_word' id='word_1_241' title='bbox 827 3448 1071 3519; x_wconf 90' lang='lat' dir='ltr'><strong>martyri,</strong></span> <span class='ocrx_word' id='word_1_242' title='bbox 1088 3446 1169 3502; x_wconf 89' lang='lat' dir='ltr'><strong>vel</strong></span> <span class='ocrx_word' id='word_1_243' title='bbox 1188 3448 1436 3517; x_wconf 85' lang='lat' dir='ltr'><strong>cuiquam</strong></span> <span class='ocrx_word' id='word_1_244' title='bbox 1452 3455 1652 3502; x_wconf 72' lang='lat' dir='ltr'><strong>sanctze</strong></span> <span class='ocrx_word' id='word_1_245' title='bbox 1672 3446 1887 3511; x_wconf 69' lang='lat' dir='ltr'><strong>animm,</strong></span> <span class='ocrx_word' id='word_1_246' title='bbox 1903 3447 1988 3501; x_wconf 90' lang='lat' dir='ltr'><strong>vel</strong></span> <span class='ocrx_word' id='word_1_247' title='bbox 2005 3447 2121 3502; x_wconf 90' lang='lat' dir='ltr'><strong>cui-</strong></span> 
     </span>
    </p>
   </div>
   <div class='ocr_carea' id='block_1_34' title="bbox 553 3539 2118 3613">
    <p class='ocr_par' dir='ltr' id='par_1_34' title="bbox 553 3539 2118 3613">
     <span class='ocr_line' id='line_1_34' title="bbox 553 3539 2118 3613; baseline -0.003 -17"><span class='ocrx_word' id='word_1_248' title='bbox 553 3556 715 3610; x_wconf 85' lang='lat' dir='ltr'><strong>quam</strong></span> <span class='ocrx_word' id='word_1_249' title='bbox 744 3541 1021 3613; x_wconf 84' lang='lat' dir='ltr'><strong>angelo,et</strong></span> <span class='ocrx_word' id='word_1_250' title='bbox 1036 3542 1281 3611; x_wconf 86' lang='lat' dir='ltr'><strong>quisquis</strong></span> <span class='ocrx_word' id='word_1_251' title='bbox 1312 3541 1365 3595; x_wconf 91' lang='lat' dir='ltr'><strong>in</strong></span> <span class='ocrx_word' id='word_1_252' title='bbox 1394 3541 1537 3594; x_wconf 90' lang='lat' dir='ltr'><strong>hunc</strong></span> <span class='ocrx_word' id='word_1_253' title='bbox 1562 3554 1801 3594; x_wconf 67' lang='lat' dir='ltr'><strong>erronem</strong></span> <span class='ocrx_word' id='word_1_254' title='bbox 1833 3539 2118 3605; x_wconf 82' lang='lat' dir='ltr'><strong>delabitur,</strong></span> 
     </span>
    </p>
   </div>
   <div class='ocr_carea' id='block_1_35' title="bbox 552 3630 2118 3711">
    <p class='ocr_par' dir='ltr' id='par_1_35' title="bbox 552 3630 2118 3711">
     <span class='ocr_line' id='line_1_35' title="bbox 552 3630 2118 3711; baseline -0.001 -25"><span class='ocrx_word' id='word_1_255' title='bbox 552 3630 842 3711; x_wconf 80' lang='lat' dir='ltr'><strong>corripitur</strong></span> <span class='ocrx_word' id='word_1_256' title='bbox 872 3646 970 3703; x_wconf 85' lang='lat' dir='ltr'><strong>per</strong></span> <span class='ocrx_word' id='word_1_257' title='bbox 1006 3648 1195 3690; x_wconf 89' lang='lat' dir='ltr'><strong>sanam</strong></span> <span class='ocrx_word' id='word_1_258' title='bbox 1223 3632 1540 3697; x_wconf 89' lang='lat' dir='ltr'><strong>doctrinam,</strong></span> <span class='ocrx_word' id='word_1_259' title='bbox 1568 3631 1682 3686; x_wconf 88' lang='lat' dir='ltr'><strong>sive</strong></span> <span class='ocrx_word' id='word_1_260' title='bbox 1710 3640 1768 3684; x_wconf 91' lang='lat' dir='ltr'><strong>ut</strong></span> <span class='ocrx_word' id='word_1_261' title='bbox 1797 3631 2118 3701; x_wconf 74' lang='lat' dir='ltr'><strong>corrigatur,</strong></span> 
     </span>
    </p>
   </div>
   <div class='ocr_carea' id='block_1_36' title="bbox 2242 1090 3818 1166">
    <p class='ocr_par' dir='ltr' id='par_1_36' title="bbox 2242 1090 3818 1166">
     <span class='ocr_line' id='line_1_36' title="bbox 2242 1090 3818 1166; baseline 0.008 -20"><span class='ocrx_word' id='word_1_262' title='bbox 2242 1090 2405 1146; x_wconf 90' lang='lat' dir='ltr'><strong>etiam</strong></span> <span class='ocrx_word' id='word_1_263' title='bbox 2460 1092 2708 1162; x_wconf 87' lang='lat' dir='ltr'><strong>superbis</strong></span> <span class='ocrx_word' id='word_1_264' title='bbox 2758 1093 3068 1157; x_wconf 84' lang='lat' dir='ltr'><strong>hominibus</strong></span> <span class='ocrx_word' id='word_1_265' title='bbox 3111 1110 3363 1166; x_wconf 80' lang='lat' dir='ltr'><strong>expressa</strong></span> <span class='ocrx_word' id='word_1_266' title='bbox 3394 1106 3521 1152; x_wconf 90' lang='lat' dir='ltr'><strong>est:</strong></span> <span class='ocrx_word' id='word_1_267' title='bbox 3561 1101 3703 1155; x_wconf 84' lang='lat' dir='ltr'><strong>sicut</strong></span> <span class='ocrx_word' id='word_1_268' title='bbox 3751 1102 3818 1158; x_wconf 89' lang='lat' dir='ltr'><strong>de</strong></span> 
     </span>
    </p>
   </div>
   <div class='ocr_carea' id='block_1_37' title="bbox 2239 1178 3818 1254">
    <p class='ocr_par' dir='ltr' id='par_1_37' title="bbox 2239 1178 3818 1254">
     <span class='ocr_line' id='line_1_37' title="bbox 2239 1178 3818 1254; baseline 0.008 -21"><span class='ocrx_word' id='word_1_269' title='bbox 2239 1178 2545 1249; x_wconf 57' lang='lat' dir='ltr'><strong>Babylonia;</strong></span> <span class='ocrx_word' id='word_1_270' title='bbox 2564 1181 2885 1250; x_wconf 87' lang='lat' dir='ltr'><strong>quibusdam</strong></span> <span class='ocrx_word' id='word_1_271' title='bbox 2914 1184 3131 1254; x_wconf 67' lang='lat' dir='ltr'><strong>regibus</strong></span> <span class='ocrx_word' id='word_1_272' title='bbox 3172 1185 3444 1240; x_wconf 64' lang='lat' dir='ltr'><strong>memoriae</strong></span> <span class='ocrx_word' id='word_1_273' title='bbox 3473 1189 3818 1244; x_wconf 57' lang='lat' dir='ltr'><strong>commenda.</strong></span> 
     </span>
    </p>
   </div>
   <div class='ocr_carea' id='block_1_38' title="bbox 2244 1269 3814 1348">
    <p class='ocr_par' dir='ltr' id='par_1_38' title="bbox 2244 1269 3814 1348">
     <span class='ocr_line' id='line_1_38' title="bbox 2244 1269 3814 1348; baseline 0.008 -27"><span class='ocrx_word' id='word_1_274' title='bbox 2244 1277 2355 1322; x_wconf 89' lang='lat' dir='ltr'><strong>tum</strong></span> <span class='ocrx_word' id='word_1_275' title='bbox 2381 1277 2640 1325; x_wconf 88' lang='lat' dir='ltr'><strong>tenemus.</strong></span> <span class='ocrx_word' id='word_1_276' title='bbox 2662 1269 2809 1327; x_wconf 87' lang='lat' dir='ltr'><strong>Unde</strong></span> <span class='ocrx_word' id='word_1_277' title='bbox 2822 1281 3039 1328; x_wconf 88' lang='lat' dir='ltr'><strong>sanctus</strong></span> <span class='ocrx_word' id='word_1_278' title='bbox 3056 1272 3241 1329; x_wconf 90' lang='lat' dir='ltr'><strong>Daniel</strong></span> <span class='ocrx_word' id='word_1_279' title='bbox 3254 1283 3600 1332; x_wconf 87' lang='lat' dir='ltr'><strong>accusatores</strong></span> <span class='ocrx_word' id='word_1_280' title='bbox 3613 1292 3678 1332; x_wconf 88' lang='lat' dir='ltr'><strong>ac</strong></span> <span class='ocrx_word' id='word_1_281' title='bbox 3695 1293 3814 1348; x_wconf 90' lang='lat' dir='ltr'><strong>per-</strong></span> 
     </span>
    </p>
   </div>
   <div class='ocr_carea' id='block_1_39' title="bbox 2240 1361 3815 1436">
    <p class='ocr_par' dir='ltr' id='par_1_39' title="bbox 2240 1361 3815 1436">
     <span class='ocr_line' id='line_1_39' title="bbox 2240 1361 3815 1436; baseline 0.005 -22"><span class='ocrx_word' id='word_1_282' title='bbox 2240 1368 2515 1415; x_wconf 89' lang='lat' dir='ltr'><strong>secutores</strong></span> <span class='ocrx_word' id='word_1_283' title='bbox 2531 1361 2772 1429; x_wconf 87' lang='lat' dir='ltr'><strong>pertulit,</strong></span> <span class='ocrx_word' id='word_1_284' title='bbox 2796 1363 2937 1433; x_wconf 83' lang='lat' dir='ltr'><strong>quod</strong></span> <span class='ocrx_word' id='word_1_285' title='bbox 2962 1363 3105 1434; x_wconf 81' lang='lat' dir='ltr'><strong>regis</strong></span> <span class='ocrx_word' id='word_1_286' title='bbox 3126 1364 3303 1420; x_wconf 89' lang='lat' dir='ltr'><strong>edicto</strong></span> <span class='ocrx_word' id='word_1_287' title='bbox 3330 1368 3626 1436; x_wconf 88' lang='lat' dir='ltr'><strong>proposito,</strong></span> <span class='ocrx_word' id='word_1_288' title='bbox 3652 1377 3715 1422; x_wconf 92' lang='lat' dir='ltr'><strong>ut</strong></span> <span class='ocrx_word' id='word_1_289' title='bbox 3735 1369 3815 1422; x_wconf 89' lang='lat' dir='ltr'><strong>ui-</strong></span> 
     </span>
    </p>
   </div>
   <div class='ocr_carea' id='block_1_40' title="bbox 2240 1449 3816 1527">
    <p class='ocr_par' dir='ltr' id='par_1_40' title="bbox 2240 1449 3816 1527">
     <span class='ocr_line' id='line_1_40' title="bbox 2240 1449 3816 1527; baseline 0.008 -23"><span class='ocrx_word' id='word_1_290' title='bbox 2240 1449 2314 1504; x_wconf 89' lang='lat' dir='ltr'><strong>bil</strong></span> <span class='ocrx_word' id='word_1_291' title='bbox 2337 1466 2369 1505; x_wconf 91' lang='lat' dir='ltr'><strong>a</strong></span> <span class='ocrx_word' id='word_1_292' title='bbox 2399 1467 2669 1522; x_wconf 88' lang='lat' dir='ltr'><strong>quoquam</strong></span> <span class='ocrx_word' id='word_1_293' title='bbox 2698 1454 2809 1508; x_wconf 86' lang='lat' dir='ltr'><strong>Deo</strong></span> <span class='ocrx_word' id='word_1_294' title='bbox 2832 1462 3104 1524; x_wconf 87' lang='lat' dir='ltr'><strong>peteretur</strong></span> <span class='ocrx_word' id='word_1_295' title='bbox 3134 1455 3238 1510; x_wconf 88' lang='lat' dir='ltr'><strong>nisi</strong></span> <span class='ocrx_word' id='word_1_296' title='bbox 3266 1470 3297 1509; x_wconf 92' lang='lat' dir='ltr'><strong>a</strong></span> <span class='ocrx_word' id='word_1_297' title='bbox 3324 1471 3449 1527; x_wconf 73' lang='lat' dir='ltr'><strong>rege</strong></span> <span class='ocrx_word' id='word_1_298' title='bbox 3476 1457 3611 1523; x_wconf 89' lang='lat' dir='ltr'><strong>solo,</strong></span> <span class='ocrx_word' id='word_1_299' title='bbox 3644 1459 3816 1516; x_wconf 78' lang='lat' dir='ltr'><strong>Deum</strong></span> 
     </span>
    </p>
   </div>
   <div class='ocr_carea' id='block_1_41' title="bbox 2238 1541 3817 1607">
    <p class='ocr_par' dir='ltr' id='par_1_41' title="bbox 2238 1541 3817 1607">
     <span class='ocr_line' id='line_1_41' title="bbox 2238 1541 3817 1607; baseline 0.006 -14"><span class='ocrx_word' id='word_1_300' title='bbox 2238 1555 2415 1607; x_wconf 89' lang='lat' dir='ltr'><strong>suum,</strong></span> <span class='ocrx_word' id='word_1_301' title='bbox 2446 1541 2550 1596; x_wconf 89' lang='lat' dir='ltr'><strong>boc</strong></span> <span class='ocrx_word' id='word_1_302' title='bbox 2574 1549 2658 1597; x_wconf 91' lang='lat' dir='ltr'><strong>est</strong></span> <span class='ocrx_word' id='word_1_303' title='bbox 2688 1558 2853 1597; x_wconf 92' lang='lat' dir='ltr'><strong>unum</strong></span> <span class='ocrx_word' id='word_1_304' title='bbox 2907 1552 2963 1599; x_wconf 88' lang='lat' dir='ltr'><strong>et</strong></span> <span class='ocrx_word' id='word_1_305' title='bbox 2991 1558 3179 1600; x_wconf 89' lang='lat' dir='ltr'><strong>verum</strong></span> <span class='ocrx_word' id='word_1_306' title='bbox 3227 1544 3394 1601; x_wconf 87' lang='lat' dir='ltr'><strong>Deum</strong></span> <span class='ocrx_word' id='word_1_307' title='bbox 3444 1547 3675 1602; x_wconf 88' lang='lat' dir='ltr'><strong>adorare</strong></span> <span class='ocrx_word' id='word_1_308' title='bbox 3718 1548 3817 1604; x_wconf 61' lang='lat' dir='ltr'><strong>des</strong></span> 
     </span>
    </p>
   </div>
   <div class='ocr_carea' id='block_1_42' title="bbox 2238 1631 3816 1703">
    <p class='ocr_par' dir='ltr' id='par_1_42' title="bbox 2238 1631 3816 1703">
     <span class='ocr_line' id='line_1_42' title="bbox 2238 1631 3816 1703; baseline 0.006 -19"><span class='ocrx_word' id='word_1_309' title='bbox 2238 1631 2553 1702; x_wconf 86' lang='lat' dir='ltr'><strong>precarique</strong></span> <span class='ocrx_word' id='word_1_310' title='bbox 2581 1632 2944 1703; x_wconf 89' lang='lat' dir='ltr'><strong>deprehensus</strong></span> <span class='ocrx_word' id='word_1_311' title='bbox 2963 1642 3081 1689; x_wconf 88' lang='lat' dir='ltr'><strong>est:</strong></span> <span class='ocrx_word' id='word_1_312' title='bbox 3106 1635 3196 1703; x_wconf 92' lang='lat' dir='ltr'><strong>qui</strong></span> <span class='ocrx_word' id='word_1_313' title='bbox 3225 1642 3404 1690; x_wconf 93' lang='lat' dir='ltr'><strong>autem</strong></span> <span class='ocrx_word' id='word_1_314' title='bbox 3437 1651 3496 1691; x_wconf 90' lang='lat' dir='ltr'><strong>se</strong></span> <span class='ocrx_word' id='word_1_315' title='bbox 3521 1637 3574 1689; x_wconf 91' lang='lat' dir='ltr'><strong>in</strong></span> <span class='ocrx_word' id='word_1_316' title='bbox 3605 1653 3816 1699; x_wconf 82' lang='lat' dir='ltr'><strong>memo-</strong></span> 
     </span>
    </p>
   </div>
   <div class='ocr_carea' id='block_1_43' title="bbox 2240 1720 3813 1796">
    <p class='ocr_par' dir='ltr' id='par_1_43' title="bbox 2240 1720 3813 1796">
     <span class='ocr_line' id='line_1_43' title="bbox 2240 1720 3813 1796; baseline 0.006 -24"><span class='ocrx_word' id='word_1_317' title='bbox 2240 1720 2335 1776; x_wconf 91' lang='lat' dir='ltr'><strong>riis</strong></span> <span class='ocrx_word' id='word_1_318' title='bbox 2380 1729 2674 1793; x_wconf 85' lang='lat' dir='ltr'><strong>martyrum</strong></span> <span class='ocrx_word' id='word_1_319' title='bbox 2714 1722 3006 1787; x_wconf 91' lang='lat' dir='ltr'><strong>inebriant,</strong></span> <span class='ocrx_word' id='word_1_320' title='bbox 3061 1724 3331 1793; x_wconf 91' lang='lat' dir='ltr'><strong>quomodo</strong></span> <span class='ocrx_word' id='word_1_321' title='bbox 3359 1740 3388 1779; x_wconf 89' lang='lat' dir='ltr'><strong>a</strong></span> <span class='ocrx_word' id='word_1_322' title='bbox 3427 1724 3586 1781; x_wconf 88' lang='lat' dir='ltr'><strong>nobis</strong></span> <span class='ocrx_word' id='word_1_323' title='bbox 3612 1741 3813 1796; x_wconf 83' lang='lat' dir='ltr'><strong>appro-</strong></span> 
     </span>
    </p>
   </div>
   <div class='ocr_carea' id='block_1_44' title="bbox 2237 1812 3814 1885">
    <p class='ocr_par' dir='ltr' id='par_1_44' title="bbox 2237 1812 3814 1885">
     <span class='ocr_line' id='line_1_44' title="bbox 2237 1812 3814 1885; baseline 0.003 -18"><span class='ocrx_word' id='word_1_324' title='bbox 2237 1812 2352 1867; x_wconf 86' lang='lat' dir='ltr'><strong>bari</strong></span> <span class='ocrx_word' id='word_1_325' title='bbox 2382 1822 2636 1885; x_wconf 86' lang='lat' dir='ltr'><strong>possunt,</strong></span> <span class='ocrx_word' id='word_1_326' title='bbox 2681 1830 2801 1870; x_wconf 89' lang='lat' dir='ltr'><strong>cum</strong></span> <span class='ocrx_word' id='word_1_327' title='bbox 2828 1830 2952 1881; x_wconf 91' lang='lat' dir='ltr'><strong>eos,</strong></span> <span class='ocrx_word' id='word_1_328' title='bbox 2988 1816 3196 1871; x_wconf 90' lang='lat' dir='ltr'><strong>etiamsi</strong></span> <span class='ocrx_word' id='word_1_329' title='bbox 3228 1815 3281 1869; x_wconf 91' lang='lat' dir='ltr'><strong>in</strong></span> <span class='ocrx_word' id='word_1_330' title='bbox 3318 1817 3570 1872; x_wconf 88' lang='lat' dir='ltr'><strong>domibus</strong></span> <span class='ocrx_word' id='word_1_331' title='bbox 3610 1818 3726 1872; x_wconf 91' lang='lat' dir='ltr'><strong>suis</strong></span> <span class='ocrx_word' id='word_1_332' title='bbox 3761 1818 3814 1872; x_wconf 89' lang='lat' dir='ltr'><strong>id</strong></span> 
     </span>
    </p>
   </div>
   <div class='ocr_carea' id='block_1_45' title="bbox 2238 1904 3818 1977">
    <p class='ocr_par' dir='ltr' id='par_1_45' title="bbox 2238 1904 3818 1977">
     <span class='ocr_line' id='line_1_45' title="bbox 2238 1904 3818 1977; baseline 0.002 -20"><span class='ocrx_word' id='word_1_333' title='bbox 2238 1904 2457 1971; x_wconf 77' lang='lat' dir='ltr'><strong>faciant,</strong></span> <span class='ocrx_word' id='word_1_334' title='bbox 2482 1921 2612 1961; x_wconf 88' lang='lat' dir='ltr'><strong>sana</strong></span> <span class='ocrx_word' id='word_1_335' title='bbox 2632 1905 2875 1962; x_wconf 88' lang='lat' dir='ltr'><strong>doctrina</strong></span> <span class='ocrx_word' id='word_1_336' title='bbox 2900 1905 3256 1961; x_wconf 87' lang='lat' dir='ltr'><strong>condemnet?</strong></span> <span class='ocrx_word' id='word_1_337' title='bbox 3275 1904 3379 1963; x_wconf 83' lang='lat' dir='ltr'><strong>Sed</strong></span> <span class='ocrx_word' id='word_1_338' title='bbox 3398 1907 3542 1965; x_wconf 80' lang='lat' dir='ltr'><strong>aliud</strong></span> <span class='ocrx_word' id='word_1_339' title='bbox 3564 1915 3653 1977; x_wconf 85' lang='lat' dir='ltr'><strong>est</strong></span> <span class='ocrx_word' id='word_1_340' title='bbox 3672 1908 3818 1977; x_wconf 79' lang='lat' dir='ltr'><strong>quod</strong></span> 
     </span>
    </p>
   </div>
   <div class='ocr_carea' id='block_1_46' title="bbox 2236 1996 3812 2068">
    <p class='ocr_par' dir='ltr' id='par_1_46' title="bbox 2236 1996 3812 2068">
     <span class='ocr_line' id='line_1_46' title="bbox 2236 1996 3812 2068; baseline 0.003 -19"><span class='ocrx_word' id='word_1_341' title='bbox 2236 1996 2490 2052; x_wconf 88' lang='lat' dir='ltr'><strong>docemus</strong></span> <span class='ocrx_word' id='word_1_342' title='bbox 2509 2039 2524 2063; x_wconf 96' lang='lat'><strong>,</strong></span> <span class='ocrx_word' id='word_1_343' title='bbox 2561 1997 2702 2052; x_wconf 89' lang='lat' dir='ltr'><strong>aliud</strong></span> <span class='ocrx_word' id='word_1_344' title='bbox 2731 1997 2872 2068; x_wconf 88' lang='lat' dir='ltr'><strong>quod</strong></span> <span class='ocrx_word' id='word_1_345' title='bbox 2899 1997 3254 2063; x_wconf 83' lang='lat' dir='ltr'><strong>sustinemus,</strong></span> <span class='ocrx_word' id='word_1_346' title='bbox 3281 1996 3425 2053; x_wconf 75' lang='lat' dir='ltr'><strong>aliud</strong></span> <span class='ocrx_word' id='word_1_347' title='bbox 3450 1998 3593 2066; x_wconf 89' lang='lat' dir='ltr'><strong>quod</strong></span> <span class='ocrx_word' id='word_1_348' title='bbox 3618 1998 3812 2068; x_wconf 66' lang='lat' dir='ltr'><strong>princi-</strong></span> 
     </span>
    </p>
   </div>
   <div class='ocr_carea' id='block_1_47' title="bbox 2235 2087 3817 2159">
    <p class='ocr_par' dir='ltr' id='par_1_47' title="bbox 2235 2087 3817 2159">
     <span class='ocr_line' id='line_1_47' title="bbox 2235 2087 3817 2159; baseline 0.002 -17"><span class='ocrx_word' id='word_1_349' title='bbox 2235 2104 2363 2157; x_wconf 86' lang='lat' dir='ltr'><strong>pere</strong></span> <span class='ocrx_word' id='word_1_350' title='bbox 2380 2089 2655 2158; x_wconf 85' lang='lat' dir='ltr'><strong>jubemur,</strong></span> <span class='ocrx_word' id='word_1_351' title='bbox 2690 2088 2831 2142; x_wconf 82' lang='lat' dir='ltr'><strong>aliud</strong></span> <span class='ocrx_word' id='word_1_352' title='bbox 2866 2087 3008 2159; x_wconf 89' lang='lat' dir='ltr'><strong>quod</strong></span> <span class='ocrx_word' id='word_1_353' title='bbox 3038 2087 3325 2143; x_wconf 90' lang='lat' dir='ltr'><strong>emendare</strong></span> <span class='ocrx_word' id='word_1_354' title='bbox 3349 2088 3696 2158; x_wconf 60' lang='lat' dir='ltr'><strong>praecipimur</strong></span> <span class='ocrx_word' id='word_1_355' title='bbox 3718 2128 3733 2153; x_wconf 79' lang='lat'><strong>,</strong></span> <span class='ocrx_word' id='word_1_356' title='bbox 3763 2097 3817 2145; x_wconf 87' lang='lat' dir='ltr'><strong>et</strong></span> 
     </span>
    </p>
   </div>
   <div class='ocr_carea' id='block_1_48' title="bbox 2236 2179 3815 2250">
    <p class='ocr_par' dir='ltr' id='par_1_48' title="bbox 2236 2179 3815 2250">
     <span class='ocr_line' id='line_1_48' title="bbox 2236 2179 3815 2250; baseline 0.001 -15"><span class='ocrx_word' id='word_1_357' title='bbox 2236 2179 2405 2235; x_wconf 88' lang='lat' dir='ltr'><strong>donec</strong></span> <span class='ocrx_word' id='word_1_358' title='bbox 2448 2181 2816 2244; x_wconf 88' lang='lat' dir='ltr'><strong>emcndemus,</strong></span> <span class='ocrx_word' id='word_1_359' title='bbox 2870 2180 3099 2240; x_wconf 85' lang='lat' dir='ltr'><strong>tolerare</strong></span> <span class='ocrx_word' id='word_1_360' title='bbox 3141 2180 3547 2250; x_wconf 83' lang='lat' dir='ltr'><strong>compellimur;</strong></span> <span class='ocrx_word' id='word_1_361' title='bbox 3592 2179 3698 2234; x_wconf 85' lang='lat' dir='ltr'><strong>alia</strong></span> <span class='ocrx_word' id='word_1_362' title='bbox 3732 2187 3815 2237; x_wconf 88' lang='lat' dir='ltr'><strong>est</strong></span> 
     </span>
    </p>
   </div>
   <div class='ocr_carea' id='block_1_49' title="bbox 2236 2269 3812 2340">
    <p class='ocr_par' dir='ltr' id='par_1_49' title="bbox 2236 2269 3812 2340">
     <span class='ocr_line' id='line_1_49' title="bbox 2236 2269 3812 2340; baseline -0.001 -15"><span class='ocrx_word' id='word_1_363' title='bbox 2236 2270 2512 2340; x_wconf 87' lang='lat' dir='ltr'><strong>disciplina</strong></span> <span class='ocrx_word' id='word_1_364' title='bbox 2536 2270 2992 2335; x_wconf 89' lang='lat' dir='ltr'><strong>Christianorum,</strong></span> <span class='ocrx_word' id='word_1_365' title='bbox 3025 2270 3130 2326; x_wconf 86' lang='lat' dir='ltr'><strong>alia</strong></span> <span class='ocrx_word' id='word_1_366' title='bbox 3154 2270 3365 2325; x_wconf 87' lang='lat' dir='ltr'><strong>luxuria</strong></span> <span class='ocrx_word' id='word_1_367' title='bbox 3394 2269 3812 2333; x_wconf 88' lang='lat' dir='ltr'><strong>vinolentorum,</strong></span> 
     </span>
    </p>
   </div>
   <div class='ocr_carea' id='block_1_50' title="bbox 2234 2359 3814 2429">
    <p class='ocr_par' dir='ltr' id='par_1_50' title="bbox 2234 2359 3814 2429">
     <span class='ocr_line' id='line_1_50' title="bbox 2234 2359 3814 2429; baseline -0.001 -15"><span class='ocrx_word' id='word_1_368' title='bbox 2234 2362 2496 2424; x_wconf 84' lang='lat' dir='ltr'><strong>velcrror</strong></span> <span class='ocrx_word' id='word_1_369' title='bbox 2520 2361 2880 2427; x_wconf 73' lang='lat' dir='ltr'><strong>infirmorum,</strong></span> <span class='ocrx_word' id='word_1_370' title='bbox 2903 2367 3273 2415; x_wconf 88' lang='lat' dir='ltr'><strong>verumtamen</strong></span> <span class='ocrx_word' id='word_1_371' title='bbox 3302 2368 3358 2415; x_wconf 90' lang='lat' dir='ltr'><strong>et</strong></span> <span class='ocrx_word' id='word_1_372' title='bbox 3382 2360 3435 2414; x_wconf 91' lang='lat' dir='ltr'><strong>in</strong></span> <span class='ocrx_word' id='word_1_373' title='bbox 3459 2360 3562 2415; x_wconf 89' lang='lat' dir='ltr'><strong>hoc</strong></span> <span class='ocrx_word' id='word_1_374' title='bbox 3587 2359 3707 2429; x_wconf 85' lang='lat' dir='ltr'><strong>ipso</strong></span> <span class='ocrx_word' id='word_1_375' title='bbox 3736 2360 3814 2413; x_wconf 91' lang='lat' dir='ltr'><strong>di-</strong></span> 
     </span>
    </p>
   </div>
   <div class='ocr_carea' id='block_1_51' title="bbox 2235 2450 3813 2523">
    <p class='ocr_par' dir='ltr' id='par_1_51' title="bbox 2235 2450 3813 2523">
     <span class='ocr_line' id='line_1_51' title="bbox 2235 2450 3813 2523; baseline -0.004 -14"><span class='ocrx_word' id='word_1_376' title='bbox 2235 2461 2377 2509; x_wconf 88' lang='lat' dir='ltr'><strong>stant</strong></span> <span class='ocrx_word' id='word_1_377' title='bbox 2399 2452 2685 2523; x_wconf 87' lang='lat' dir='ltr'><strong>plurimum</strong></span> <span class='ocrx_word' id='word_1_378' title='bbox 2711 2451 2883 2521; x_wconf 76' lang='lat' dir='ltr'><strong>culpa:</strong></span> <span class='ocrx_word' id='word_1_379' title='bbox 2903 2450 3292 2505; x_wconf 75' lang='lat' dir='ltr'><strong>vinolentorum</strong></span> <span class='ocrx_word' id='word_1_380' title='bbox 3323 2458 3377 2505; x_wconf 90' lang='lat' dir='ltr'><strong>et</strong></span> <span class='ocrx_word' id='word_1_381' title='bbox 3403 2450 3813 2520; x_wconf 77' lang='lat' dir='ltr'><strong>sacrilegorum,</strong></span> 
     </span>
    </p>
   </div>
   <div class='ocr_carea' id='block_1_52' title="bbox 2233 2538 3812 2613">
    <p class='ocr_par' dir='ltr' id='par_1_52' title="bbox 2233 2538 3812 2613">
     <span class='ocr_line' id='line_1_52' title="bbox 2233 2538 3812 2613; baseline -0.003 -13"><span class='ocrx_word' id='word_1_382' title='bbox 2233 2542 2414 2613; x_wconf 79' lang='lat' dir='ltr'><strong>Longe</strong></span> <span class='ocrx_word' id='word_1_383' title='bbox 2447 2543 2643 2612; x_wconf 88' lang='lat' dir='ltr'><strong>quippe</strong></span> <span class='ocrx_word' id='word_1_384' title='bbox 2683 2540 2908 2596; x_wconf 81' lang='lat' dir='ltr'><strong>minoris</strong></span> <span class='ocrx_word' id='word_1_385' title='bbox 2932 2541 3140 2610; x_wconf 89' lang='lat' dir='ltr'><strong>peccati</strong></span> <span class='ocrx_word' id='word_1_386' title='bbox 3167 2548 3249 2596; x_wconf 88' lang='lat' dir='ltr'><strong>est</strong></span> <span class='ocrx_word' id='word_1_387' title='bbox 3271 2580 3286 2605; x_wconf 91' lang='lat'><strong>,</strong></span> <span class='ocrx_word' id='word_1_388' title='bbox 3315 2540 3523 2595; x_wconf 90' lang='lat' dir='ltr'><strong>ebrium</strong></span> <span class='ocrx_word' id='word_1_389' title='bbox 3564 2538 3750 2594; x_wconf 88' lang='lat' dir='ltr'><strong>redire</strong></span> <span class='ocrx_word' id='word_1_390' title='bbox 3782 2555 3812 2595; x_wconf 89' lang='lat' dir='ltr'><strong>a</strong></span> 
     </span>
    </p>
   </div>
   <div class='ocr_carea' id='block_1_53' title="bbox 2233 2629 3816 2706">
    <p class='ocr_par' dir='ltr' id='par_1_53' title="bbox 2233 2629 3816 2706">
     <span class='ocr_line' id='line_1_53' title="bbox 2233 2629 3816 2706; baseline -0.003 -17"><span class='ocrx_word' id='word_1_391' title='bbox 2233 2634 2560 2706; x_wconf 86' lang='lat' dir='ltr'><strong>martyribus</strong></span> <span class='ocrx_word' id='word_1_392' title='bbox 2580 2674 2594 2697; x_wconf 94' lang='lat'><strong>,</strong></span> <span class='ocrx_word' id='word_1_393' title='bbox 2622 2647 2784 2702; x_wconf 89' lang='lat' dir='ltr'><strong>quam</strong></span> <span class='ocrx_word' id='word_1_394' title='bbox 2816 2631 2901 2686; x_wconf 86' lang='lat' dir='ltr'><strong>vel</strong></span> <span class='ocrx_word' id='word_1_395' title='bbox 2940 2629 3186 2701; x_wconf 84' lang='lat' dir='ltr'><strong>jejunum</strong></span> <span class='ocrx_word' id='word_1_396' title='bbox 3217 2630 3525 2686; x_wconf 82' lang='lat' dir='ltr'><strong>sacriﬁcare</strong></span> <span class='ocrx_word' id='word_1_397' title='bbox 3560 2631 3816 2701; x_wconf 55' lang='lat' dir='ltr'><strong>martyris</strong></span> 
     </span>
    </p>
   </div>
   <div class='ocr_carea' id='block_1_54' title="bbox 2232 2722 3814 2794">
    <p class='ocr_par' dir='ltr' id='par_1_54' title="bbox 2232 2722 3814 2794">
     <span class='ocr_line' id='line_1_54' title="bbox 2232 2722 3814 2794; baseline -0.003 -13"><span class='ocrx_word' id='word_1_398' title='bbox 2232 2726 2351 2781; x_wconf 90' lang='lat' dir='ltr'><strong>bus.</strong></span> <span class='ocrx_word' id='word_1_399' title='bbox 2385 2724 2704 2781; x_wconf 80' lang='lat' dir='ltr'><strong>Sacriﬁcare</strong></span> <span class='ocrx_word' id='word_1_400' title='bbox 2729 2724 3056 2794; x_wconf 86' lang='lat' dir='ltr'><strong>martyribus</strong></span> <span class='ocrx_word' id='word_1_401' title='bbox 3082 2722 3216 2788; x_wconf 83' lang='lat' dir='ltr'><strong>dixi,</strong></span> <span class='ocrx_word' id='word_1_402' title='bbox 3245 2738 3349 2777; x_wconf 91' lang='lat' dir='ltr'><strong>non</strong></span> <span class='ocrx_word' id='word_1_403' title='bbox 3371 2723 3479 2778; x_wconf 83' lang='lat' dir='ltr'><strong>dixi</strong></span> <span class='ocrx_word' id='word_1_404' title='bbox 3501 2722 3814 2778; x_wconf 81' lang='lat' dir='ltr'><strong>sacriﬁcare</strong></span> 
     </span>
    </p>
   </div>
   <div class='ocr_carea' id='block_1_55' title="bbox 2232 2813 3815 2893">
    <p class='ocr_par' dir='ltr' id='par_1_55' title="bbox 2232 2813 3815 2893">
     <span class='ocr_line' id='line_1_55' title="bbox 2232 2813 3815 2893; baseline -0.001 -22"><span class='ocrx_word' id='word_1_405' title='bbox 2232 2816 2343 2871; x_wconf 82' lang='lat' dir='ltr'><strong>Deo</strong></span> <span class='ocrx_word' id='word_1_406' title='bbox 2388 2817 2441 2870; x_wconf 90' lang='lat' dir='ltr'><strong>in</strong></span> <span class='ocrx_word' id='word_1_407' title='bbox 2483 2816 2762 2877; x_wconf 84' lang='lat' dir='ltr'><strong>memoriis</strong></span> <span class='ocrx_word' id='word_1_408' title='bbox 2809 2823 3153 2893; x_wconf 85' lang='lat' dir='ltr'><strong>martyrum:</strong></span> <span class='ocrx_word' id='word_1_409' title='bbox 3186 2814 3328 2884; x_wconf 90' lang='lat' dir='ltr'><strong>quod</strong></span> <span class='ocrx_word' id='word_1_410' title='bbox 3377 2813 3815 2884; x_wconf 79' lang='lat' dir='ltr'><strong>frequentissime</strong></span> 
     </span>
    </p>
   </div>
   <div class='ocr_carea' id='block_1_56' title="bbox 2231 2905 3814 2975">
    <p class='ocr_par' dir='ltr' id='par_1_56' title="bbox 2231 2905 3814 2975">
     <span class='ocr_line' id='line_1_56' title="bbox 2231 2905 3814 2975; baseline 0.002 -13"><span class='ocrx_word' id='word_1_411' title='bbox 2231 2908 2457 2963; x_wconf 81' lang='lat' dir='ltr'><strong>facimus</strong></span> <span class='ocrx_word' id='word_1_412' title='bbox 2478 2947 2493 2973; x_wconf 93' lang='lat'><strong>,</strong></span> <span class='ocrx_word' id='word_1_413' title='bbox 2517 2908 2611 2962; x_wconf 91' lang='lat' dir='ltr'><strong>illo</strong></span> <span class='ocrx_word' id='word_1_414' title='bbox 2630 2907 2896 2962; x_wconf 85' lang='lat' dir='ltr'><strong>duntaxat</strong></span> <span class='ocrx_word' id='word_1_415' title='bbox 2921 2907 3025 2967; x_wconf 87' lang='lat' dir='ltr'><strong>ritu</strong></span> <span class='ocrx_word' id='word_1_416' title='bbox 3046 2946 3063 2972; x_wconf 91' lang='lat'><strong>,</strong></span> <span class='ocrx_word' id='word_1_417' title='bbox 3093 2921 3199 2975; x_wconf 89' lang='lat' dir='ltr'><strong>quo</strong></span> <span class='ocrx_word' id='word_1_418' title='bbox 3226 2906 3330 2961; x_wconf 84' lang='lat' dir='ltr'><strong>sibi</strong></span> <span class='ocrx_word' id='word_1_419' title='bbox 3354 2906 3653 2960; x_wconf 72' lang='lat' dir='ltr'><strong>sacrificari</strong></span> <span class='ocrx_word' id='word_1_420' title='bbox 3679 2905 3814 2965; x_wconf 78' lang='lat' dir='ltr'><strong>Novi</strong></span> 
     </span>
    </p>
   </div>
   <div class='ocr_carea' id='block_1_57' title="bbox 2232 2998 3815 3069">
    <p class='ocr_par' dir='ltr' id='par_1_57' title="bbox 2232 2998 3815 3069">
     <span class='ocr_line' id='line_1_57' title="bbox 2232 2998 3815 3069; baseline -0.002 -14"><span class='ocrx_word' id='word_1_421' title='bbox 2232 3000 2562 3055; x_wconf 87' lang='lat' dir='ltr'><strong>Testamenti</strong></span> <span class='ocrx_word' id='word_1_422' title='bbox 2600 2999 3030 3054; x_wconf 83' lang='lat' dir='ltr'><strong>manifestatione</strong></span> <span class='ocrx_word' id='word_1_423' title='bbox 3069 2998 3324 3069; x_wconf 72' lang='lat' dir='ltr'><strong>prmcepit</strong></span> <span class='ocrx_word' id='word_1_424' title='bbox 3354 3015 3367 3051; x_wconf 88' lang='lat'><strong>:</strong></span> <span class='ocrx_word' id='word_1_425' title='bbox 3403 2998 3544 3067; x_wconf 85' lang='lat' dir='ltr'><strong>quod</strong></span> <span class='ocrx_word' id='word_1_426' title='bbox 3576 3000 3815 3067; x_wconf 86' lang='lat' dir='ltr'><strong>pertinet</strong></span> 
     </span>
    </p>
   </div>
   <div class='ocr_carea' id='block_1_58' title="bbox 2230 3090 3814 3166">
    <p class='ocr_par' dir='ltr' id='par_1_58' title="bbox 2230 3090 3814 3166">
     <span class='ocr_line' id='line_1_58' title="bbox 2230 3090 3814 3166; baseline -0.004 -18"><span class='ocrx_word' id='word_1_427' title='bbox 2230 3093 2297 3148; x_wconf 90' lang='lat' dir='ltr'><strong>ad</strong></span> <span class='ocrx_word' id='word_1_428' title='bbox 2317 3092 2465 3148; x_wconf 89' lang='lat' dir='ltr'><strong>illum</strong></span> <span class='ocrx_word' id='word_1_429' title='bbox 2494 3092 2694 3147; x_wconf 89' lang='lat' dir='ltr'><strong>cultum</strong></span> <span class='ocrx_word' id='word_1_430' title='bbox 2719 3093 2809 3161; x_wconf 91' lang='lat' dir='ltr'><strong>qui</strong></span> <span class='ocrx_word' id='word_1_431' title='bbox 2834 3093 3039 3166; x_wconf 77' lang='grc' dir='ltr'><strong>λατρεία</strong></span> <span class='ocrx_word' id='word_1_432' title='bbox 3065 3090 3279 3156; x_wconf 84' lang='lat' dir='ltr'><strong>dicitur,</strong></span> <span class='ocrx_word' id='word_1_433' title='bbox 3313 3099 3367 3144; x_wconf 89' lang='lat' dir='ltr'><strong>et</strong></span> <span class='ocrx_word' id='word_1_434' title='bbox 3392 3090 3481 3143; x_wconf 91' lang='lat' dir='ltr'><strong>uni</strong></span> <span class='ocrx_word' id='word_1_435' title='bbox 3512 3090 3625 3144; x_wconf 89' lang='lat' dir='ltr'><strong>Deo</strong></span> <span class='ocrx_word' id='word_1_436' title='bbox 3653 3090 3814 3144; x_wconf 60' lang='lat' dir='ltr'><strong>debeo</strong></span> 
     </span>
    </p>
   </div>
   <div class='ocr_carea' id='block_1_59' title="bbox 2233 3179 3813 3254">
    <p class='ocr_par' dir='ltr' id='par_1_59' title="bbox 2233 3179 3813 3254">
     <span class='ocr_line' id='line_1_59' title="bbox 2233 3179 3813 3254; baseline 0.001 -20"><span class='ocrx_word' id='word_1_437' title='bbox 2233 3189 2337 3235; x_wconf 91' lang='lat' dir='ltr'><strong>tur.</strong></span> <span class='ocrx_word' id='word_1_438' title='bbox 2372 3179 2628 3254; x_wconf 88' lang='lat' dir='ltr'><strong>[Proinde</strong></span> <span class='ocrx_word' id='word_1_439' title='bbox 2658 3196 2845 3236; x_wconf 89' lang='lat' dir='ltr'><strong>verum</strong></span> <span class='ocrx_word' id='word_1_440' title='bbox 2878 3180 3225 3246; x_wconf 86' lang='lat' dir='ltr'><strong>sacriﬁcium,</strong></span> <span class='ocrx_word' id='word_1_441' title='bbox 3255 3181 3398 3251; x_wconf 85' lang='lat' dir='ltr'><strong>quod</strong></span> <span class='ocrx_word' id='word_1_442' title='bbox 3442 3181 3535 3236; x_wconf 91' lang='lat' dir='ltr'><strong>uni</strong></span> <span class='ocrx_word' id='word_1_443' title='bbox 3564 3195 3695 3240; x_wconf 86' lang='lat' dir='ltr'><strong>vero</strong></span> <span class='ocrx_word' id='word_1_444' title='bbox 3723 3181 3813 3236; x_wconf 90' lang='lat' dir='ltr'><strong>de-</strong></span> 
     </span>
    </p>
   </div>
   <div class='ocr_carea' id='block_1_60' title="bbox 2231 3271 3810 3343">
    <p class='ocr_par' dir='ltr' id='par_1_60' title="bbox 2231 3271 3810 3343">
     <span class='ocr_line' id='line_1_60' title="bbox 2231 3271 3810 3343; baseline -0.001 -17"><span class='ocrx_word' id='word_1_445' title='bbox 2231 3273 2384 3327; x_wconf 87' lang='lat' dir='ltr'><strong>betur</strong></span> <span class='ocrx_word' id='word_1_446' title='bbox 2418 3273 2557 3338; x_wconf 89' lang='lat' dir='ltr'><strong>Deo,</strong></span> <span class='ocrx_word' id='word_1_447' title='bbox 2589 3286 2695 3342; x_wconf 88' lang='lat' dir='ltr'><strong>quo</strong></span> <span class='ocrx_word' id='word_1_448' title='bbox 2730 3272 2846 3343; x_wconf 89' lang='lat' dir='ltr'><strong>ejus</strong></span> <span class='ocrx_word' id='word_1_449' title='bbox 2875 3271 3043 3327; x_wconf 91' lang='lat' dir='ltr'><strong>altare</strong></span> <span class='ocrx_word' id='word_1_450' title='bbox 3076 3272 3224 3326; x_wconf 89' lang='lat' dir='ltr'><strong>solus</strong></span> <span class='ocrx_word' id='word_1_451' title='bbox 3256 3272 3503 3327; x_wconf 81' lang='lat' dir='ltr'><strong>Christus</strong></span> <span class='ocrx_word' id='word_1_452' title='bbox 3549 3271 3810 3341; x_wconf 83' lang='lat' dir='ltr'><strong>implevit,</strong></span> 
     </span>
    </p>
   </div>
   <div class='ocr_carea' id='block_1_61' title="bbox 2228 3363 3810 3436">
    <p class='ocr_par' dir='ltr' id='par_1_61' title="bbox 2228 3363 3810 3436">
     <span class='ocr_line' id='line_1_61' title="bbox 2228 3363 3810 3436; baseline -0.001 -17"><span class='ocrx_word' id='word_1_453' title='bbox 2228 3365 2282 3419; x_wconf 91' lang='lat' dir='ltr'><strong>in</strong></span> <span class='ocrx_word' id='word_1_454' title='bbox 2314 3363 2548 3421; x_wconf 89' lang='lat' dir='ltr'><strong>victimis</strong></span> <span class='ocrx_word' id='word_1_455' title='bbox 2585 3380 2841 3435; x_wconf 86' lang='lat' dir='ltr'><strong>pecorum</strong></span> <span class='ocrx_word' id='word_1_456' title='bbox 2870 3366 3073 3420; x_wconf 86' lang='lat' dir='ltr'><strong>imitata</strong></span> <span class='ocrx_word' id='word_1_457' title='bbox 3110 3366 3381 3421; x_wconf 87' lang='lat' dir='ltr'><strong>daemonia</strong></span> <span class='ocrx_word' id='word_1_458' title='bbox 3411 3365 3511 3420; x_wconf 90' lang='lat' dir='ltr'><strong>sibi</strong></span> <span class='ocrx_word' id='word_1_459' title='bbox 3544 3380 3810 3436; x_wconf 49' lang='lat' dir='ltr'><strong>arrogans</strong></span> 
     </span>
    </p>
   </div>
   <div class='ocr_carea' id='block_1_62' title="bbox 2228 3452 3813 3526">
    <p class='ocr_par' dir='ltr' id='par_1_62' title="bbox 2228 3452 3813 3526">
     <span class='ocr_line' id='line_1_62' title="bbox 2228 3452 3813 3526; baseline 0.001 -17"><span class='ocrx_word' id='word_1_460' title='bbox 2228 3452 2309 3509; x_wconf 88' lang='lat' dir='ltr'><strong>ter</strong></span> <span class='ocrx_word' id='word_1_461' title='bbox 2335 3465 2651 3525; x_wconf 83' lang='lat' dir='ltr'><strong>exposcunt,</strong></span> <span class='ocrx_word' id='word_1_462' title='bbox 2683 3456 2822 3511; x_wconf 91' lang='lat' dir='ltr'><strong>unde</strong></span> <span class='ocrx_word' id='word_1_463' title='bbox 2843 3456 3129 3526; x_wconf 87' lang='lat' dir='ltr'><strong>Apostolus</strong></span> <span class='ocrx_word' id='word_1_464' title='bbox 3156 3456 3285 3512; x_wconf 88' lang='lat' dir='ltr'><strong>dicit</strong></span> <span class='ocrx_word' id='word_1_465' title='bbox 3318 3474 3331 3511; x_wconf 89' lang='lat'><strong>:</strong></span> <span class='ocrx_word' id='word_1_466' title='bbox 3376 3456 3507 3525; x_wconf 66' lang='lat' dir='ltr'><strong>Quir</strong></span> <span class='ocrx_word' id='word_1_467' title='bbox 3534 3457 3813 3512; x_wconf 77' lang='lat' dir='ltr'><strong>immolant</strong></span> 
     </span>
    </p>
   </div>
   <div class='ocr_carea' id='block_1_63' title="bbox 2224 3547 3812 3620">
    <p class='ocr_par' dir='ltr' id='par_1_63' title="bbox 2224 3547 3812 3620">
     <span class='ocr_line' id='line_1_63' title="bbox 2224 3547 3812 3620; baseline 0.001 -19"><span class='ocrx_word' id='word_1_468' title='bbox 2224 3558 2396 3618; x_wconf 78' lang='lat' dir='ltr'><strong>gentes</strong></span> <span class='ocrx_word' id='word_1_469' title='bbox 2415 3548 2687 3610; x_wconf 62' lang='lat' dir='ltr'><strong>daemoniis</strong></span> <span class='ocrx_word' id='word_1_470' title='bbox 2709 3547 2997 3610; x_wconf 86' lang='lat' dir='ltr'><strong>immolant,</strong></span> <span class='ocrx_word' id='word_1_471' title='bbox 3022 3558 3071 3603; x_wconf 83' lang='lat' dir='ltr'><strong>et</strong></span> <span class='ocrx_word' id='word_1_472' title='bbox 3102 3565 3204 3603; x_wconf 84' lang='lat' dir='ltr'><strong>non</strong></span> <span class='ocrx_word' id='word_1_473' title='bbox 3225 3547 3337 3603; x_wconf 89' lang='lat' dir='ltr'><strong>Deo</strong></span> <span class='ocrx_word' id='word_1_474' title='bbox 3364 3548 3415 3620; x_wconf 87' lang='grc'><strong>(1</strong></span> <span class='ocrx_word' id='word_1_475' title='bbox 3439 3548 3563 3602; x_wconf 89' lang='lat' dir='ltr'><strong>Cor.</strong></span> <span class='ocrx_word' id='word_1_476' title='bbox 3598 3548 3677 3619; x_wconf 74' lang='grc' dir='ltr'><strong>ι),</strong></span> <span class='ocrx_word' id='word_1_477' title='bbox 3703 3565 3812 3612; x_wconf 82' lang='lat' dir='ltr'><strong>non</strong></span> 
     </span>
    </p>
   </div>
   <div class='ocr_carea' id='block_1_64' title="bbox 2229 3628 3806 3709">
    <p class='ocr_par' dir='ltr' id='par_1_64' title="bbox 2229 3628 3806 3709">
     <span class='ocr_line' id='line_1_64' title="bbox 2229 3628 3806 3709; baseline 0 -18"><span class='ocrx_word' id='word_1_478' title='bbox 2229 3639 2372 3709; x_wconf 91' lang='lat' dir='ltr'><strong>quod</strong></span> <span class='ocrx_word' id='word_1_479' title='bbox 2398 3638 2721 3694; x_wconf 82' lang='lat' dir='ltr'><strong>otl&#39;erebatur</strong></span> <span class='ocrx_word' id='word_1_480' title='bbox 2748 3628 2970 3708; x_wconf 85' lang='lat' dir='ltr'><strong>culpans</strong></span> <span class='ocrx_word' id='word_1_481' title='bbox 2989 3680 3002 3703; x_wconf 91' lang='lat'><strong>,</strong></span> <span class='ocrx_word' id='word_1_482' title='bbox 3034 3638 3126 3694; x_wconf 89' lang='lat' dir='ltr'><strong>sed</strong></span> <span class='ocrx_word' id='word_1_483' title='bbox 3158 3639 3284 3708; x_wconf 91' lang='lat' dir='ltr'><strong>quia</strong></span> <span class='ocrx_word' id='word_1_484' title='bbox 3313 3638 3419 3693; x_wconf 91' lang='lat' dir='ltr'><strong>illis</strong></span> <span class='ocrx_word' id='word_1_485' title='bbox 3452 3637 3806 3693; x_wconf 68' lang='lat' dir='ltr'><strong>offerebatur.</strong></span> 
     </span>
    </p>
   </div>
   <div class='ocr_carea' id='block_1_65' title="bbox 550 3700 3807 3801">
    <p class='ocr_par' dir='ltr' id='par_1_65' title="bbox 550 3700 3807 3801">
     <span class='ocr_line' id='line_1_65' title="bbox 550 3700 3807 3801; baseline -0.001 -25"><span class='ocrx_word' id='word_1_486' title='bbox 550 3705 663 3779; x_wconf 36' lang='lat' dir='ltr'><strong>sive</strong></span> <span class='ocrx_word' id='word_1_487' title='bbox 693 3700 751 3778; x_wconf 73' lang='lat' dir='ltr'><strong>ill</strong></span> <span class='ocrx_word' id='word_1_488' title='bbox 776 3700 1048 3779; x_wconf 73' lang='lat' dir='ltr'><strong>caveatur.</strong></span> <span class='ocrx_word' id='word_1_489' title='bbox 1074 3722 1249 3779; x_wconf 86' lang='lat' dir='ltr'><strong>Etiam</strong></span> <span class='ocrx_word' id='word_1_490' title='bbox 1280 3723 1379 3796; x_wconf 86' lang='lat' dir='ltr'><strong>ipsi</strong></span> <span class='ocrx_word' id='word_1_491' title='bbox 1404 3722 1600 3787; x_wconf 91' lang='lat' dir='ltr'><strong>sancti,</strong></span> <span class='ocrx_word' id='word_1_492' title='bbox 1632 3722 1716 3777; x_wconf 88' lang='lat' dir='ltr'><strong>vel</strong></span> <span class='ocrx_word' id='word_1_493' title='bbox 1753 3700 2019 3784; x_wconf 85' lang='lat' dir='ltr'><strong>homines,</strong></span> <span class='ocrx_word' id='word_1_494' title='bbox 2043 3720 2126 3778; x_wconf 62' lang='grc' dir='ltr'><strong>νει</strong></span> <span class='ocrx_word' id='word_1_495' title='bbox 2155 3700 2197 3760; x_wconf 78' lang='lat' dir='ltr'><strong>C</strong></span> <span class='ocrx_word' id='word_1_496' title='bbox 2236 3700 2441 3786; x_wconf 52' lang='lat' dir='ltr'><strong>ﬁebrwi</strong></span> <span class='ocrx_word' id='word_1_497' title='bbox 2475 3739 2655 3787; x_wconf 73' lang='lat' dir='ltr'><strong>autem</strong></span> <span class='ocrx_word' id='word_1_498' title='bbox 2698 3732 2752 3786; x_wconf 81' lang='lat' dir='ltr'><strong>in</strong></span> <span class='ocrx_word' id='word_1_499' title='bbox 2793 3700 3025 3787; x_wconf 60' lang='lat' dir='ltr'><strong>victimis</strong></span> <span class='ocrx_word' id='word_1_500' title='bbox 3055 3700 3310 3800; x_wconf 52' lang='lat' dir='ltr'><strong>pecu-rum</strong></span> <span class='ocrx_word' id='word_1_501' title='bbox 3341 3746 3474 3801; x_wconf 80' lang='lat' dir='ltr'><strong>quas</strong></span> <span class='ocrx_word' id='word_1_502' title='bbox 3508 3729 3807 3785; x_wconf 68' lang='lat' dir='ltr'><strong>oﬁ‘erebant</strong></span> 
     </span>
    </p>
   </div>
   <div class='ocr_carea' id='block_1_66' title="bbox 550 3812 2125 3885">
    <p class='ocr_par' dir='ltr' id='par_1_66' title="bbox 550 3812 2125 3885">
     <span class='ocr_line' id='line_1_66' title="bbox 550 3812 2125 3885; baseline 0 -19"><span class='ocrx_word' id='word_1_503' title='bbox 550 3812 746 3884; x_wconf 80' lang='lat' dir='ltr'><strong>angeli,</strong></span> <span class='ocrx_word' id='word_1_504' title='bbox 770 3813 1010 3869; x_wconf 84' lang='lat' dir='ltr'><strong>exhiberi</strong></span> <span class='ocrx_word' id='word_1_505' title='bbox 1041 3814 1139 3869; x_wconf 77' lang='lat' dir='ltr'><strong>sibi</strong></span> <span class='ocrx_word' id='word_1_506' title='bbox 1172 3814 1378 3877; x_wconf 90' lang='lat' dir='ltr'><strong>nolunt,</strong></span> <span class='ocrx_word' id='word_1_507' title='bbox 1408 3814 1548 3885; x_wconf 90' lang='lat' dir='ltr'><strong>quod</strong></span> <span class='ocrx_word' id='word_1_508' title='bbox 1574 3814 1665 3868; x_wconf 90' lang='lat' dir='ltr'><strong>uni</strong></span> <span class='ocrx_word' id='word_1_509' title='bbox 1689 3812 1916 3868; x_wconf 88' lang='lat' dir='ltr'><strong>Domino</strong></span> <span class='ocrx_word' id='word_1_510' title='bbox 1944 3812 2125 3866; x_wconf 85' lang='lat' dir='ltr'><strong>deberi</strong></span> 
     </span>
    </p>
   </div>
   <div class='ocr_carea' id='block_1_67' title="bbox 552 3900 2125 3972">
    <p class='ocr_par' dir='ltr' id='par_1_67' title="bbox 552 3900 2125 3972">
     <span class='ocr_line' id='line_1_67' title="bbox 552 3900 2125 3972; baseline -0.001 -15"><span class='ocrx_word' id='word_1_511' title='bbox 552 3911 769 3957; x_wconf 90' lang='lat' dir='ltr'><strong>norunt.</strong></span> <span class='ocrx_word' id='word_1_512' title='bbox 799 3902 1064 3972; x_wconf 83' lang='lat' dir='ltr'><strong>Apparuit</strong></span> <span class='ocrx_word' id='word_1_513' title='bbox 1090 3904 1192 3958; x_wconf 65' lang='lat' dir='ltr'><strong>hoc</strong></span> <span class='ocrx_word' id='word_1_514' title='bbox 1221 3904 1274 3957; x_wconf 90' lang='lat' dir='ltr'><strong>in</strong></span> <span class='ocrx_word' id='word_1_515' title='bbox 1301 3901 1468 3962; x_wconf 88' lang='lat' dir='ltr'><strong>Paulo</strong></span> <span class='ocrx_word' id='word_1_516' title='bbox 1488 3912 1541 3955; x_wconf 88' lang='lat' dir='ltr'><strong>et</strong></span> <span class='ocrx_word' id='word_1_517' title='bbox 1563 3900 1802 3956; x_wconf 88' lang='lat' dir='ltr'><strong>Barnaba</strong></span> <span class='ocrx_word' id='word_1_518' title='bbox 1832 3902 1967 3971; x_wconf 78' lang='lat' dir='ltr'><strong>(Act.</strong></span> <span class='ocrx_word' id='word_1_519' title='bbox 1994 3902 2125 3972; x_wconf 70' lang='lat' dir='ltr'><strong>xxv),</strong></span> 
     </span>
    </p>
   </div>
   <div class='ocr_carea' id='block_1_68' title="bbox 550 3989 2125 4064">
    <p class='ocr_par' dir='ltr' id='par_1_68' title="bbox 550 3989 2125 4064">
     <span class='ocr_line' id='line_1_68' title="bbox 550 3989 2125 4064; baseline -0.001 -17"><span class='ocrx_word' id='word_1_520' title='bbox 550 4009 670 4048; x_wconf 87' lang='lat' dir='ltr'><strong>cum</strong></span> <span class='ocrx_word' id='word_1_521' title='bbox 685 3994 937 4047; x_wconf 88' lang='lat' dir='ltr'><strong>commoti</strong></span> <span class='ocrx_word' id='word_1_522' title='bbox 954 3992 1248 4059; x_wconf 88' lang='lat' dir='ltr'><strong>miraculis,</strong></span> <span class='ocrx_word' id='word_1_523' title='bbox 1264 4008 1382 4063; x_wconf 72' lang='lat' dir='ltr'><strong>quae</strong></span> <span class='ocrx_word' id='word_1_524' title='bbox 1393 4008 1489 4063; x_wconf 88' lang='lat' dir='ltr'><strong>per</strong></span> <span class='ocrx_word' id='word_1_525' title='bbox 1500 4007 1593 4048; x_wconf 91' lang='lat' dir='ltr'><strong>eos</strong></span> <span class='ocrx_word' id='word_1_526' title='bbox 1608 3989 1747 4047; x_wconf 77' lang='lat' dir='ltr'><strong>facta</strong></span> <span class='ocrx_word' id='word_1_527' title='bbox 1762 4001 1904 4056; x_wconf 88' lang='lat' dir='ltr'><strong>sunt,</strong></span> <span class='ocrx_word' id='word_1_528' title='bbox 1920 3992 2125 4064; x_wconf 85' lang='lat' dir='ltr'><strong>Lycao-</strong></span> 
     </span>
    </p>
   </div>
   <div class='ocr_carea' id='block_1_69' title="bbox 552 4084 2125 4153">
    <p class='ocr_par' dir='ltr' id='par_1_69' title="bbox 552 4084 2125 4153">
     <span class='ocr_line' id='line_1_69' title="bbox 552 4084 2125 4153; baseline -0.001 -16"><span class='ocrx_word' id='word_1_529' title='bbox 552 4085 626 4143; x_wconf 85' lang='lat' dir='ltr'><strong>nii</strong></span> <span class='ocrx_word' id='word_1_530' title='bbox 646 4094 898 4153; x_wconf 88' lang='lat' dir='ltr'><strong>tanquam</strong></span> <span class='ocrx_word' id='word_1_531' title='bbox 916 4084 1021 4137; x_wconf 89' lang='lat' dir='ltr'><strong>diis</strong></span> <span class='ocrx_word' id='word_1_532' title='bbox 1035 4084 1313 4143; x_wconf 85' lang='lat' dir='ltr'><strong>immolare</strong></span> <span class='ocrx_word' id='word_1_533' title='bbox 1339 4084 1649 4138; x_wconf 88' lang='lat' dir='ltr'><strong>voluerunt:</strong></span> <span class='ocrx_word' id='word_1_534' title='bbox 1675 4084 1961 4139; x_wconf 84' lang='lat' dir='ltr'><strong>conscissis</strong></span> <span class='ocrx_word' id='word_1_535' title='bbox 1983 4084 2125 4137; x_wconf 90' lang='lat' dir='ltr'><strong>enim</strong></span> 
     </span>
    </p>
   </div>
   <div class='ocr_carea' id='block_1_70' title="bbox 551 4173 2128 4243">
    <p class='ocr_par' dir='ltr' id='par_1_70' title="bbox 551 4173 2128 4243">
     <span class='ocr_line' id='line_1_70' title="bbox 551 4173 2128 4243; baseline 0.001 -17"><span class='ocrx_word' id='word_1_536' title='bbox 551 4174 889 4229; x_wconf 85' lang='lat' dir='ltr'><strong>vestimentis</strong></span> <span class='ocrx_word' id='word_1_537' title='bbox 917 4175 1049 4240; x_wconf 90' lang='lat' dir='ltr'><strong>suis,</strong></span> <span class='ocrx_word' id='word_1_538' title='bbox 1077 4173 1397 4230; x_wconf 82' lang='lat' dir='ltr'><strong>conﬁtentes</strong></span> <span class='ocrx_word' id='word_1_539' title='bbox 1418 4182 1473 4227; x_wconf 92' lang='lat' dir='ltr'><strong>et</strong></span> <span class='ocrx_word' id='word_1_540' title='bbox 1501 4173 1885 4243; x_wconf 84' lang='lat' dir='ltr'><strong>persuadentes</strong></span> <span class='ocrx_word' id='word_1_541' title='bbox 1914 4189 1972 4229; x_wconf 87' lang='lat' dir='ltr'><strong>se</strong></span> <span class='ocrx_word' id='word_1_542' title='bbox 2000 4173 2128 4228; x_wconf 82' lang='lat' dir='ltr'><strong>deos</strong></span> 
     </span>
    </p>
   </div>
   <div class='ocr_carea' id='block_1_71' title="bbox 550 4262 2129 4333">
    <p class='ocr_par' dir='ltr' id='par_1_71' title="bbox 550 4262 2129 4333">
     <span class='ocr_line' id='line_1_71' title="bbox 550 4262 2129 4333; baseline -0.003 -13"><span class='ocrx_word' id='word_1_543' title='bbox 550 4279 657 4320; x_wconf 91' lang='lat' dir='ltr'><strong>non</strong></span> <span class='ocrx_word' id='word_1_544' title='bbox 690 4279 834 4329; x_wconf 90' lang='lat' dir='ltr'><strong>esse,</strong></span> <span class='ocrx_word' id='word_1_545' title='bbox 858 4265 958 4318; x_wconf 85' lang='lat' dir='ltr'><strong>ista</strong></span> <span class='ocrx_word' id='word_1_546' title='bbox 990 4264 1092 4319; x_wconf 89' lang='lat' dir='ltr'><strong>sibi</strong></span> <span class='ocrx_word' id='word_1_547' title='bbox 1118 4263 1233 4318; x_wconf 81' lang='lat' dir='ltr'><strong>ﬁeri</strong></span> <span class='ocrx_word' id='word_1_548' title='bbox 1256 4273 1563 4319; x_wconf 90' lang='lat' dir='ltr'><strong>vetuerunt.</strong></span> <span class='ocrx_word' id='word_1_549' title='bbox 1590 4262 1848 4333; x_wconf 75' lang='lat' dir='ltr'><strong>Apparuit</strong></span> <span class='ocrx_word' id='word_1_550' title='bbox 1873 4271 1928 4318; x_wconf 91' lang='lat' dir='ltr'><strong>et</strong></span> <span class='ocrx_word' id='word_1_551' title='bbox 1955 4263 2008 4318; x_wconf 92' lang='lat' dir='ltr'><strong>in</strong></span> <span class='ocrx_word' id='word_1_552' title='bbox 2036 4279 2129 4317; x_wconf 87' lang='lat' dir='ltr'><strong>an-</strong></span> 
     </span>
    </p>
   </div>
   <div class='ocr_carea' id='block_1_72' title="bbox 551 4351 2124 4432">
    <p class='ocr_par' dir='ltr' id='par_1_72' title="bbox 551 4351 2124 4432">
     <span class='ocr_line' id='line_1_72' title="bbox 551 4351 2124 4432; baseline -0.002 -24"><span class='ocrx_word' id='word_1_553' title='bbox 551 4354 708 4432; x_wconf 69' lang='lat' dir='ltr'><strong>gelis,</strong></span> <span class='ocrx_word' id='word_1_554' title='bbox 730 4353 864 4409; x_wconf 88' lang='lat' dir='ltr'><strong>sicut</strong></span> <span class='ocrx_word' id='word_1_555' title='bbox 893 4354 945 4407; x_wconf 92' lang='lat' dir='ltr'><strong>in</strong></span> <span class='ocrx_word' id='word_1_556' title='bbox 973 4352 1289 4423; x_wconf 84' lang='lat' dir='ltr'><strong>Apocalypsi</strong></span> <span class='ocrx_word' id='word_1_557' title='bbox 1315 4352 1540 4423; x_wconf 74' lang='lat' dir='ltr'><strong>legimus</strong></span> <span class='ocrx_word' id='word_1_558' title='bbox 1564 4351 1749 4424; x_wconf 82' lang='lat' dir='ltr'><strong>(Capp.</strong></span> <span class='ocrx_word' id='word_1_559' title='bbox 1775 4367 1862 4415; x_wconf 69' lang='lat' dir='ltr'><strong>xix</strong></span> <span class='ocrx_word' id='word_1_560' title='bbox 1886 4360 1941 4406; x_wconf 88' lang='lat' dir='ltr'><strong>et</strong></span> <span class='ocrx_word' id='word_1_561' title='bbox 1965 4351 2124 4423; x_wconf 73' lang='lat' dir='ltr'><strong>xm),</strong></span> 
     </span>
    </p>
   </div>
   <div class='ocr_carea' id='block_1_73' title="bbox 552 4442 2127 4518">
    <p class='ocr_par' dir='ltr' id='par_1_73' title="bbox 552 4442 2127 4518">
     <span class='ocr_line' id='line_1_73' title="bbox 552 4442 2127 4518; baseline -0.001 -18"><span class='ocrx_word' id='word_1_562' title='bbox 552 4444 797 4518; x_wconf 77' lang='lat' dir='ltr'><strong>angelum</strong></span> <span class='ocrx_word' id='word_1_563' title='bbox 826 4461 883 4500; x_wconf 91' lang='lat' dir='ltr'><strong>se</strong></span> <span class='ocrx_word' id='word_1_564' title='bbox 916 4446 1130 4500; x_wconf 85' lang='lat' dir='ltr'><strong>adorari</strong></span> <span class='ocrx_word' id='word_1_565' title='bbox 1161 4444 1538 4515; x_wconf 77' lang='lat' dir='ltr'><strong>prohibentem</strong></span> <span class='ocrx_word' id='word_1_566' title='bbox 1563 4459 1628 4499; x_wconf 86' lang='lat' dir='ltr'><strong>ac</strong></span> <span class='ocrx_word' id='word_1_567' title='bbox 1655 4443 1918 4504; x_wconf 82' lang='lat' dir='ltr'><strong>dicentem</strong></span> <span class='ocrx_word' id='word_1_568' title='bbox 1941 4442 2127 4499; x_wconf 83' lang='lat' dir='ltr'><strong>adora-</strong></span> 
     </span>
    </p>
   </div>
   <div class='ocr_carea' id='block_1_74' title="bbox 553 4534 2123 4601">
    <p class='ocr_par' dir='ltr' id='par_1_74' title="bbox 553 4534 2123 4601">
     <span class='ocr_line' id='line_1_74' title="bbox 553 4534 2123 4601; baseline -0.001 -11"><span class='ocrx_word' id='word_1_569' title='bbox 553 4538 655 4591; x_wconf 88' lang='lat' dir='ltr'><strong>tori</strong></span> <span class='ocrx_word' id='word_1_570' title='bbox 685 4552 783 4593; x_wconf 93' lang='lat' dir='ltr'><strong>suo</strong></span> <span class='ocrx_word' id='word_1_571' title='bbox 816 4555 828 4590; x_wconf 90' lang='lat'><strong>:</strong></span> <span class='ocrx_word' id='word_1_572' title='bbox 871 4538 1176 4592; x_wconf 88' lang='lat' dir='ltr'><strong>Conservus</strong></span> <span class='ocrx_word' id='word_1_573' title='bbox 1205 4545 1327 4591; x_wconf 91' lang='lat' dir='ltr'><strong>tuus</strong></span> <span class='ocrx_word' id='word_1_574' title='bbox 1375 4553 1495 4591; x_wconf 84' lang='lat' dir='ltr'><strong>sum</strong></span> <span class='ocrx_word' id='word_1_575' title='bbox 1537 4544 1593 4590; x_wconf 90' lang='lat' dir='ltr'><strong>et</strong></span> <span class='ocrx_word' id='word_1_576' title='bbox 1628 4534 1856 4593; x_wconf 81' lang='lat' dir='ltr'><strong>fratrum</strong></span> <span class='ocrx_word' id='word_1_577' title='bbox 1889 4542 2123 4601; x_wconf 88' lang='lat' dir='ltr'><strong>tuorum,</strong></span> 
     </span>
    </p>
   </div>
   <div class='ocr_carea' id='block_1_75' title="bbox 552 4624 2125 4695">
    <p class='ocr_par' dir='ltr' id='par_1_75' title="bbox 552 4624 2125 4695">
     <span class='ocr_line' id='line_1_75' title="bbox 552 4624 2125 4695; baseline -0.005 -12"><span class='ocrx_word' id='word_1_578' title='bbox 552 4629 836 4692; x_wconf 83' lang='lat' dir='ltr'><strong>Dominum</strong></span> <span class='ocrx_word' id='word_1_579' title='bbox 857 4626 1044 4682; x_wconf 88' lang='lat' dir='ltr'><strong>adora.</strong></span> <span class='ocrx_word' id='word_1_580' title='bbox 1073 4626 1178 4681; x_wconf 86' lang='lat' dir='ltr'><strong>Ista</strong></span> <span class='ocrx_word' id='word_1_581' title='bbox 1199 4626 1297 4680; x_wconf 88' lang='lat' dir='ltr'><strong>sibi</strong></span> <span class='ocrx_word' id='word_1_582' title='bbox 1321 4626 1478 4694; x_wconf 90' lang='lat' dir='ltr'><strong>plane</strong></span> <span class='ocrx_word' id='word_1_583' title='bbox 1518 4626 1731 4695; x_wconf 86' lang='lat' dir='ltr'><strong>superbi</strong></span> <span class='ocrx_word' id='word_1_584' title='bbox 1763 4624 1984 4694; x_wconf 86' lang='lat' dir='ltr'><strong>spiritus</strong></span> <span class='ocrx_word' id='word_1_585' title='bbox 2006 4624 2125 4689; x_wconf 50' lang='lat' dir='ltr'><strong>exi—</strong></span> 
     </span>
    </p>
   </div>
   <div class='ocr_carea' id='block_1_76' title="bbox 552 4715 2123 4799">
    <p class='ocr_par' dir='ltr' id='par_1_76' title="bbox 552 4715 2123 4799">
     <span class='ocr_line' id='line_1_76' title="bbox 552 4715 2123 4799; baseline -0.002 -26"><span class='ocrx_word' id='word_1_586' title='bbox 552 4730 701 4799; x_wconf 69' lang='lat' dir='ltr'><strong>gum,</strong></span> <span class='ocrx_word' id='word_1_587' title='bbox 727 4717 971 4774; x_wconf 89' lang='lat' dir='ltr'><strong>diabolus</strong></span> <span class='ocrx_word' id='word_1_588' title='bbox 998 4727 1050 4772; x_wconf 89' lang='lat' dir='ltr'><strong>et</strong></span> <span class='ocrx_word' id='word_1_589' title='bbox 1081 4717 1255 4788; x_wconf 80' lang='lat' dir='ltr'><strong>angeli</strong></span> <span class='ocrx_word' id='word_1_590' title='bbox 1282 4716 1414 4787; x_wconf 89' lang='lat' dir='ltr'><strong>ejus,</strong></span> <span class='ocrx_word' id='word_1_591' title='bbox 1444 4718 1582 4774; x_wconf 87' lang='lat' dir='ltr'><strong>sicut</strong></span> <span class='ocrx_word' id='word_1_592' title='bbox 1608 4731 1706 4787; x_wconf 88' lang='lat' dir='ltr'><strong>per</strong></span> <span class='ocrx_word' id='word_1_593' title='bbox 1725 4716 1907 4773; x_wconf 89' lang='lat' dir='ltr'><strong>omnia</strong></span> <span class='ocrx_word' id='word_1_594' title='bbox 1926 4715 2123 4786; x_wconf 85' lang='lat' dir='ltr'><strong>templa</strong></span> 
     </span>
    </p>
   </div>
   <div class='ocr_carea' id='block_1_77' title="bbox 2234 3822 3810 3893">
    <p class='ocr_par' dir='ltr' id='par_1_77' title="bbox 2234 3822 3810 3893">
     <span class='ocr_line' id='line_1_77' title="bbox 2234 3822 3810 3893; baseline 0.001 -17"><span class='ocrx_word' id='word_1_595' title='bbox 2234 3822 2343 3877; x_wconf 89' lang='lat' dir='ltr'><strong>Deo</strong></span> <span class='ocrx_word' id='word_1_596' title='bbox 2376 3823 2559 3878; x_wconf 87' lang='lat' dir='ltr'><strong>multis</strong></span> <span class='ocrx_word' id='word_1_597' title='bbox 2599 3832 2654 3878; x_wconf 89' lang='lat' dir='ltr'><strong>et</strong></span> <span class='ocrx_word' id='word_1_598' title='bbox 2678 3823 2844 3879; x_wconf 87' lang='lat' dir='ltr'><strong>variis</strong></span> <span class='ocrx_word' id='word_1_599' title='bbox 2872 3824 3076 3889; x_wconf 50' lang='lat' dir='ltr'><strong>modia,</strong></span> <span class='ocrx_word' id='word_1_600' title='bbox 3111 3823 3251 3879; x_wconf 90' lang='lat' dir='ltr'><strong>sicut</strong></span> <span class='ocrx_word' id='word_1_601' title='bbox 3294 3838 3352 3878; x_wconf 89' lang='lat' dir='ltr'><strong>re</strong></span> <span class='ocrx_word' id='word_1_602' title='bbox 3392 3831 3540 3878; x_wconf 89' lang='lat' dir='ltr'><strong>tanta</strong></span> <span class='ocrx_word' id='word_1_603' title='bbox 3586 3822 3810 3893; x_wconf 77' lang='lat' dir='ltr'><strong>dignum</strong></span> 
     </span>
    </p>
   </div>
   <div class='ocr_carea' id='block_1_78' title="bbox 2232 3913 3809 3983">
    <p class='ocr_par' dir='ltr' id='par_1_78' title="bbox 2232 3913 3809 3983">
     <span class='ocr_line' id='line_1_78' title="bbox 2232 3913 3809 3983; baseline 0 -17"><span class='ocrx_word' id='word_1_604' title='bbox 2232 3921 2382 3978; x_wconf 88' lang='lat' dir='ltr'><strong>erat,</strong></span> <span class='ocrx_word' id='word_1_605' title='bbox 2410 3914 2747 3983; x_wconf 88' lang='lat' dir='ltr'><strong>pr0phetiam</strong></span> <span class='ocrx_word' id='word_1_606' title='bbox 2772 3913 3117 3969; x_wconf 87' lang='lat' dir='ltr'><strong>celebrabant</strong></span> <span class='ocrx_word' id='word_1_607' title='bbox 3144 3913 3337 3969; x_wconf 77' lang='lat' dir='ltr'><strong>futura:</strong></span> <span class='ocrx_word' id='word_1_608' title='bbox 3361 3913 3611 3977; x_wconf 60' lang='lat' dir='ltr'><strong>victimae,</strong></span> <span class='ocrx_word' id='word_1_609' title='bbox 3643 3928 3809 3981; x_wconf 89' lang='lat' dir='ltr'><strong>quam</strong></span> 
     </span>
    </p>
   </div>
   <div class='ocr_carea' id='block_1_79' title="bbox 2231 4001 3810 4074">
    <p class='ocr_par' dir='ltr' id='par_1_79' title="bbox 2231 4001 3810 4074">
     <span class='ocr_line' id='line_1_79' title="bbox 2231 4001 3810 4074; baseline 0.001 -18"><span class='ocrx_word' id='word_1_610' title='bbox 2231 4001 2480 4058; x_wconf 88' lang='lat' dir='ltr'><strong>Christus</strong></span> <span class='ocrx_word' id='word_1_611' title='bbox 2499 4003 2709 4058; x_wconf 90' lang='lat' dir='ltr'><strong>obtulit.</strong></span> <span class='ocrx_word' id='word_1_612' title='bbox 2733 4002 3006 4071; x_wconf 87' lang='lat' dir='ltr'><strong>Undejam</strong></span> <span class='ocrx_word' id='word_1_613' title='bbox 3029 4003 3319 4059; x_wconf 87' lang='lat' dir='ltr'><strong>Christiani</strong></span> <span class='ocrx_word' id='word_1_614' title='bbox 3341 4003 3542 4074; x_wconf 90' lang='lat' dir='ltr'><strong>peracti</strong></span> <span class='ocrx_word' id='word_1_615' title='bbox 3564 4001 3810 4070; x_wconf 87' lang='lat' dir='ltr'><strong>ejusdem</strong></span> 
     </span>
    </p>
   </div>
   <div class='ocr_carea' id='block_1_80' title="bbox 2231 4088 3812 4149">
    <p class='ocr_par' dir='ltr' id='par_1_80' title="bbox 2231 4088 3812 4149">
     <span class='ocr_line' id='line_1_80' title="bbox 2231 4088 3812 4149; baseline 0 -4"><span class='ocrx_word' id='word_1_616' title='bbox 2231 4091 2482 4147; x_wconf 78' lang='lat' dir='ltr'><strong>sacriﬁcii</strong></span> <span class='ocrx_word' id='word_1_617' title='bbox 2512 4094 2826 4149; x_wconf 85' lang='lat' dir='ltr'><strong>memoriam</strong></span> <span class='ocrx_word' id='word_1_618' title='bbox 2856 4093 3130 4147; x_wconf 87' lang='lat' dir='ltr'><strong>celebrant</strong></span> <span class='ocrx_word' id='word_1_619' title='bbox 3160 4101 3505 4147; x_wconf 89' lang='lat' dir='ltr'><strong>sacrosancta</strong></span> <span class='ocrx_word' id='word_1_620' title='bbox 3533 4088 3812 4146; x_wconf 88' lang='lat' dir='ltr'><strong>oblatione</strong></span> 
     </span>
    </p>
   </div>
   <div class='ocr_carea' id='block_1_81' title="bbox 2231 4181 3811 4254">
    <p class='ocr_par' dir='ltr' id='par_1_81' title="bbox 2231 4181 3811 4254">
     <span class='ocr_line' id='line_1_81' title="bbox 2231 4181 3811 4254; baseline -0.003 -17"><span class='ocrx_word' id='word_1_621' title='bbox 2231 4194 2285 4238; x_wconf 86' lang='lat' dir='ltr'><strong>et</strong></span> <span class='ocrx_word' id='word_1_622' title='bbox 2306 4184 2717 4253; x_wconf 82' lang='lat' dir='ltr'><strong>participatione</strong></span> <span class='ocrx_word' id='word_1_623' title='bbox 2757 4184 2999 4254; x_wconf 86' lang='lat' dir='ltr'><strong>corporis</strong></span> <span class='ocrx_word' id='word_1_624' title='bbox 3027 4189 3082 4237; x_wconf 88' lang='lat' dir='ltr'><strong>et</strong></span> <span class='ocrx_word' id='word_1_625' title='bbox 3106 4182 3380 4252; x_wconf 80' lang='lat' dir='ltr'><strong>sanguinis</strong></span> <span class='ocrx_word' id='word_1_626' title='bbox 3413 4181 3660 4253; x_wconf 87' lang='lat' dir='ltr'><strong>Christi.]</strong></span> <span class='ocrx_word' id='word_1_627' title='bbox 3696 4181 3811 4234; x_wconf 63' lang='grc' dir='ltr'><strong>11ης</strong></span> 
     </span>
    </p>
   </div>
   <div class='ocr_carea' id='block_1_82' title="bbox 2225 4270 3809 4344">
    <p class='ocr_par' dir='ltr' id='par_1_82' title="bbox 2225 4270 3809 4344">
     <span class='ocr_line' id='line_1_82' title="bbox 2225 4270 3809 4344; baseline -0.002 -17"><span class='ocrx_word' id='word_1_628' title='bbox 2225 4274 2313 4343; x_wconf 90' lang='lat' dir='ltr'><strong>jus</strong></span> <span class='ocrx_word' id='word_1_629' title='bbox 2348 4274 2596 4331; x_wconf 75' lang='lat' dir='ltr'><strong>sacriﬁcii</strong></span> <span class='ocrx_word' id='word_1_630' title='bbox 2622 4290 2751 4329; x_wconf 92' lang='lat' dir='ltr'><strong>caro</strong></span> <span class='ocrx_word' id='word_1_631' title='bbox 2780 4284 2837 4329; x_wconf 91' lang='lat' dir='ltr'><strong>et</strong></span> <span class='ocrx_word' id='word_1_632' title='bbox 2864 4274 3082 4344; x_wconf 76' lang='lat' dir='ltr'><strong>sanguis</strong></span> <span class='ocrx_word' id='word_1_633' title='bbox 3111 4281 3236 4329; x_wconf 87' lang='lat' dir='ltr'><strong>ante</strong></span> <span class='ocrx_word' id='word_1_634' title='bbox 3268 4273 3557 4328; x_wconf 90' lang='lat' dir='ltr'><strong>adventum</strong></span> <span class='ocrx_word' id='word_1_635' title='bbox 3599 4270 3809 4327; x_wconf 87' lang='lat' dir='ltr'><strong>Christi</strong></span> 
     </span>
    </p>
   </div>
   <div class='ocr_carea' id='block_1_83' title="bbox 2229 4364 3805 4438">
    <p class='ocr_par' dir='ltr' id='par_1_83' title="bbox 2229 4364 3805 4438">
     <span class='ocr_line' id='line_1_83' title="bbox 2229 4364 3805 4438; baseline -0.004 -16"><span class='ocrx_word' id='word_1_636' title='bbox 2229 4382 2326 4438; x_wconf 87' lang='lat' dir='ltr'><strong>per</strong></span> <span class='ocrx_word' id='word_1_637' title='bbox 2349 4368 2595 4426; x_wconf 89' lang='lat' dir='ltr'><strong>victimas</strong></span> <span class='ocrx_word' id='word_1_638' title='bbox 2634 4365 3040 4421; x_wconf 89' lang='lat' dir='ltr'><strong>similitudinem</strong></span> <span class='ocrx_word' id='word_1_639' title='bbox 3079 4364 3532 4434; x_wconf 82' lang='lat' dir='ltr'><strong>promittebatur;</strong></span> <span class='ocrx_word' id='word_1_640' title='bbox 3584 4364 3638 4416; x_wconf 93' lang='lat' dir='ltr'><strong>in</strong></span> <span class='ocrx_word' id='word_1_641' title='bbox 3677 4377 3805 4431; x_wconf 84' lang='lat' dir='ltr'><strong>pas-</strong></span> 
     </span>
    </p>
   </div>
   <div class='ocr_carea' id='block_1_84' title="bbox 2231 4452 3811 4525">
    <p class='ocr_par' dir='ltr' id='par_1_84' title="bbox 2231 4452 3811 4525">
     <span class='ocr_line' id='line_1_84' title="bbox 2231 4452 3811 4525; baseline -0.005 -14"><span class='ocrx_word' id='word_1_642' title='bbox 2231 4458 2383 4512; x_wconf 90' lang='lat' dir='ltr'><strong>sione</strong></span> <span class='ocrx_word' id='word_1_643' title='bbox 2413 4456 2614 4512; x_wconf 87' lang='lat' dir='ltr'><strong>Christi</strong></span> <span class='ocrx_word' id='word_1_644' title='bbox 2652 4470 2748 4525; x_wconf 89' lang='lat' dir='ltr'><strong>per</strong></span> <span class='ocrx_word' id='word_1_645' title='bbox 2783 4455 2955 4525; x_wconf 91' lang='lat' dir='ltr'><strong>ipsam</strong></span> <span class='ocrx_word' id='word_1_646' title='bbox 2987 4454 3269 4509; x_wconf 88' lang='lat' dir='ltr'><strong>veritatem</strong></span> <span class='ocrx_word' id='word_1_647' title='bbox 3297 4452 3654 4515; x_wconf 86' lang='lat' dir='ltr'><strong>reddebatur;</strong></span> <span class='ocrx_word' id='word_1_648' title='bbox 3688 4458 3811 4519; x_wconf 86' lang='lat' dir='ltr'><strong>post</strong></span> 
     </span>
    </p>
   </div>
   <div class='ocr_carea' id='block_1_85' title="bbox 2233 4539 3807 4623">
    <p class='ocr_par' dir='ltr' id='par_1_85' title="bbox 2233 4539 3807 4623">
     <span class='ocr_line' id='line_1_85' title="bbox 2233 4539 3807 4623; baseline -0.004 -25"><span class='ocrx_word' id='word_1_649' title='bbox 2233 4561 2513 4602; x_wconf 84' lang='lat' dir='ltr'><strong>ascensum</strong></span> <span class='ocrx_word' id='word_1_650' title='bbox 2562 4544 2763 4609; x_wconf 85' lang='lat' dir='ltr'><strong>Christi</strong></span> <span class='ocrx_word' id='word_1_651' title='bbox 2822 4559 2920 4623; x_wconf 86' lang='lat' dir='ltr'><strong>per</strong></span> <span class='ocrx_word' id='word_1_652' title='bbox 2970 4552 3368 4605; x_wconf 87' lang='lat' dir='ltr'><strong>sacramentum</strong></span> <span class='ocrx_word' id='word_1_653' title='bbox 3420 4539 3683 4597; x_wconf 89' lang='lat' dir='ltr'><strong>memoria</strong></span> <span class='ocrx_word' id='word_1_654' title='bbox 3714 4553 3807 4593; x_wconf 84' lang='lat' dir='ltr'><strong>ce-</strong></span> 
     </span>
    </p>
   </div>
   <div class='ocr_carea' id='block_1_86' title="bbox 2233 4635 2489 4690">
    <p class='ocr_par' dir='ltr' id='par_1_86' title="bbox 2233 4635 2489 4690">
     <span class='ocr_line' id='line_1_86' title="bbox 2233 4635 2489 4690; baseline 0 -2"><span class='ocrx_word' id='word_1_655' title='bbox 2233 4635 2489 4690; x_wconf 87' lang='lat' dir='ltr'><strong>lebratur.</strong></span> 
     </span>
    </p>
   </div>
   <div class='ocr_carea' id='block_1_87' title="bbox 882 4972 3050 5115">
    <p class='ocr_par' dir='ltr' id='par_1_87' title="bbox 882 4972 3050 5115">
     <span class='ocr_line' id='line_1_87' title="bbox 882 4972 3050 5115; baseline -0.008 -10"><span class='ocrx_word' id='word_1_656' title='bbox 882 4972 889 4980; x_wconf 53' lang='grc'><em>’</em></span> <span class='ocrx_word' id='word_1_657' title='bbox 1289 5017 1895 5115; x_wconf 75' lang='lat' dir='ltr'><strong>noswmnus</strong></span> <span class='ocrx_word' id='word_1_658' title='bbox 1972 5009 2506 5091; x_wconf 83' lang='lat' dir='ltr'><strong>BENEVOLO</strong></span> <span class='ocrx_word' id='word_1_659' title='bbox 2583 5005 3050 5087; x_wconf 71' lang='lat' dir='ltr'><strong>LECTORI.</strong></span> 
     </span>
    </p>
   </div>
   <div class='ocr_carea' id='block_1_88' title="bbox 624 5275 3806 5384">
    <p class='ocr_par' dir='ltr' id='par_1_88' title="bbox 624 5275 3806 5384">
     <span class='ocr_line' id='line_1_88' title="bbox 624 5275 3806 5384; baseline -0.012 -17"><span class='ocrx_word' id='word_1_660' title='bbox 624 5313 870 5384; x_wconf 77' lang='lat' dir='ltr'><strong>Aloysius</strong></span> <span class='ocrx_word' id='word_1_661' title='bbox 898 5308 1223 5376; x_wconf 81' lang='lat' dir='ltr'><strong>Lipomanus</strong></span> <span class='ocrx_word' id='word_1_662' title='bbox 1243 5296 1893 5384; x_wconf 50' lang='lat' dir='ltr'><strong>epiwopusxfsrongnsis,</strong></span> <span class='ocrx_word' id='word_1_663' title='bbox 1920 5294 2126 5384; x_wconf 60' lang='lat' dir='ltr'><strong>illustre</strong></span> <span class='ocrx_word' id='word_1_664' title='bbox 2152 5297 2205 5355; x_wconf 83' lang='grc' dir='ltr'><strong>Ι)</strong></span> <span class='ocrx_word' id='word_1_665' title='bbox 2231 5281 2997 5384; x_wconf 41' lang='grc' dir='ltr'><strong>ξυλιη,,διξεςειξῗειὲυιέξκξξιξία</strong></span> <span class='ocrx_word' id='word_1_666' title='bbox 3017 5280 3194 5345; x_wconf 80' lang='lat' dir='ltr'><strong>dedit,</strong></span> <span class='ocrx_word' id='word_1_667' title='bbox 3230 5280 3332 5335; x_wconf 90' lang='lat' dir='ltr'><strong>hoc</strong></span> <span class='ocrx_word' id='word_1_668' title='bbox 3364 5275 3806 5347; x_wconf 73' lang='lat' dir='ltr'><strong>Martyrologium</strong></span> 
     </span>
    </p>
   </div>
   <div class='ocr_carea' id='block_1_89' title="bbox 550 5362 2124 5501">
    <p class='ocr_par' dir='ltr' id='par_1_89' title="bbox 550 5362 2124 5501">
     <span class='ocr_line' id='line_1_89' title="bbox 577 5362 2124 5447; baseline -0.016 -8"><span class='ocrx_word' id='word_1_669' title='bbox 577 5362 923 5442; x_wconf 41' lang='lat' dir='ltr'><strong>:a&#39;liaiddecus,</strong></span> <span class='ocrx_word' id='word_1_670' title='bbox 943 5362 1087 5432; x_wconf 73' lang='lat' dir='ltr'><strong>tomo</strong></span> <span class='ocrx_word' id='word_1_671' title='bbox 1113 5391 1211 5432; x_wconf 89' lang='lat' dir='ltr'><strong>suo</strong></span> <span class='ocrx_word' id='word_1_672' title='bbox 1236 5362 1515 5445; x_wconf 65' lang='lat' dir='ltr'><strong>qinirto&#39;de</strong></span> <span class='ocrx_word' id='word_1_673' title='bbox 1535 5370 1672 5425; x_wconf 84' lang='lat' dir='ltr'><strong>Vitis</strong></span> <span class='ocrx_word' id='word_1_674' title='bbox 1689 5368 1815 5435; x_wconf 65' lang='lat'><strong>85.,</strong></span> <span class='ocrx_word' id='word_1_675' title='bbox 1833 5382 1959 5421; x_wconf 89' lang='lat' dir='ltr'><strong>ann.</strong></span> <span class='ocrx_word' id='word_1_676' title='bbox 1985 5362 2124 5447; x_wconf 45' lang='lat'><strong>155.4</strong></span> 
     </span>
     <span class='ocr_line' id='line_1_90' title="bbox 550 5384 2124 5501; baseline -0.01 1"><span class='ocrx_word' id='word_1_677' title='bbox 550 5384 793 5501; x_wconf 56' lang='lat' dir='ltr'><strong>&quot;alienis</strong></span> <span class='ocrx_word' id='word_1_678' title='bbox 821 5451 987 5501; x_wconf 84' lang='lat' dir='ltr'><strong>edito.</strong></span> <span class='ocrx_word' id='word_1_679' title='bbox 1036 5462 1140 5501; x_wconf 87' lang='lat' dir='ltr'><strong>non</strong></span> <span class='ocrx_word' id='word_1_680' title='bbox 1178 5459 1347 5501; x_wconf 80' lang='lat' dir='ltr'><strong>pauca</strong></span> <span class='ocrx_word' id='word_1_681' title='bbox 1392 5457 1459 5497; x_wconf 80' lang='lat' dir='ltr'><strong>ex</strong></span> <span class='ocrx_word' id='word_1_682' title='bbox 1497 5440 1701 5501; x_wconf 78' lang='lat' dir='ltr'><strong>Adonis</strong></span> <span class='ocrx_word' id='word_1_683' title='bbox 1745 5434 2124 5501; x_wconf 78' lang='lat' dir='ltr'><strong>Martyrologio</strong></span> 
     </span>
    </p>
   </div>
   <div class='ocr_carea' id='block_1_90' title="bbox 580 5434 2125 5520">
    <p class='ocr_par' dir='ltr' id='par_1_90' title="bbox 580 5434 2125 5520">
     <span class='ocr_line' id='line_1_91' title="bbox 580 5434 2125 5520; baseline -0.013 -14"><span class='ocrx_word' id='word_1_684' title='bbox 580 5434 801 5508; x_wconf 57' lang='lat' dir='ltr'><strong>iéiiaiis&#39;</strong></span> <span class='ocrx_word' id='word_1_685' title='bbox 816 5434 987 5515; x_wconf 82' lang='lat' dir='ltr'><strong>ediio,</strong></span> <span class='ocrx_word' id='word_1_686' title='bbox 1036 5434 1347 5520; x_wconf 77' lang='lat' dir='ltr'><strong>nou__paiica</strong></span> <span class='ocrx_word' id='word_1_687' title='bbox 1387 5457 1459 5520; x_wconf 61' lang='lat' dir='ltr'><strong>ex</strong></span> <span class='ocrx_word' id='word_1_688' title='bbox 1497 5440 1701 5520; x_wconf 63' lang='lat' dir='ltr'><strong>Adonis</strong></span> <span class='ocrx_word' id='word_1_689' title='bbox 1728 5434 2125 5520; x_wconf 45' lang='lat' dir='ltr'><strong>.Martyrologio</strong></span> 
     </span>
    </p>
   </div>
   <div class='ocr_carea' id='block_1_91' title="bbox 554 5506 2121 5588">
    <p class='ocr_par' dir='ltr' id='par_1_91' title="bbox 554 5506 2121 5588">
     <span class='ocr_line' id='line_1_92' title="bbox 554 5506 2121 5588; baseline -0.011 -14"><span class='ocrx_word' id='word_1_690' title='bbox 554 5506 952 5581; x_wconf 32' lang='lat' dir='ltr'><strong>iusindelibavit</strong></span> <span class='ocrx_word' id='word_1_691' title='bbox 971 5506 1129 5588; x_wconf 73' lang='lat' dir='ltr'><strong>quod</strong></span> <span class='ocrx_word' id='word_1_692' title='bbox 1150 5506 1401 5588; x_wconf 70' lang='lat' dir='ltr'><strong>il&#39;letanti</strong></span> <span class='ocrx_word' id='word_1_693' title='bbox 1431 5511 1687 5588; x_wconf 83' lang='lat' dir='ltr'><strong>fecit,_ut</strong></span> <span class='ocrx_word' id='word_1_694' title='bbox 1728 5509 1843 5588; x_wconf 64' lang='lat' dir='ltr'><strong>ipse</strong></span> <span class='ocrx_word' id='word_1_695' title='bbox 1870 5506 2121 5588; x_wconf 45' lang='lat' dir='ltr'><strong>scribat;</strong></span> 
     </span>
    </p>
   </div>
   <div class='ocr_carea' id='block_1_92' title="bbox 553 5574 2128 5656">
    <p class='ocr_par' dir='ltr' id='par_1_92' title="bbox 553 5574 2128 5656">
     <span class='ocr_line' id='line_1_93' title="bbox 553 5574 2128 5656; baseline -0.013 -10"><span class='ocrx_word' id='word_1_696' title='bbox 553 5574 927 5651; x_wconf 56' lang='lat' dir='ltr'><strong>Etiam</strong></span> <span class='ocrx_word' id='word_1_697' title='bbox 952 5574 1082 5642; x_wconf 75' lang='lat' dir='ltr'><strong>nihil</strong></span> <span class='ocrx_word' id='word_1_698' title='bbox 1097 5587 1229 5640; x_wconf 73' lang='lat' dir='ltr'><strong>duxi</strong></span> <span class='ocrx_word' id='word_1_699' title='bbox 1248 5579 1711 5656; x_wconf 64' lang='lat' dir='ltr'><strong>incompargtione</strong></span> <span class='ocrx_word' id='word_1_700' title='bbox 1734 5574 2128 5656; x_wconf 42' lang='lat' dir='ltr'><strong>ﬁlium-Dcinde</strong></span> 
     </span>
    </p>
   </div>
   <div class='ocr_carea' id='block_1_93' title="bbox 549 5646 2129 5719">
    <p class='ocr_par' dir='ltr' id='par_1_93' title="bbox 549 5646 2129 5719">
     <span class='ocr_line' id='line_1_94' title="bbox 549 5646 2129 5719; baseline -0.013 -1"><span class='ocrx_word' id='word_1_701' title='bbox 549 5646 1128 5719; x_wconf 15' lang='lat' dir='ltr'><strong>JacobusiiMoSauder,</strong></span> <span class='ocrx_word' id='word_1_702' title='bbox 1172 5646 1474 5709; x_wconf 59' lang='lat' dir='ltr'><strong>Carthusiie</strong></span> <span class='ocrx_word' id='word_1_703' title='bbox 1521 5647 1856 5719; x_wconf 77' lang='lat' dir='ltr'><strong>Coloniensis</strong></span> <span class='ocrx_word' id='word_1_704' title='bbox 1905 5646 2129 5714; x_wconf 75' lang='lat' dir='ltr'><strong>insignis</strong></span> 
     </span>
    </p>
   </div>
   <div class='ocr_carea' id='block_1_94' title="bbox 557 5717 2129 5797">
    <p class='ocr_par' dir='ltr' id='par_1_94' title="bbox 557 5717 2129 5797">
     <span class='ocr_line' id='line_1_95' title="bbox 557 5717 2129 5797; baseline -0.012 -11"><span class='ocrx_word' id='word_1_705' title='bbox 557 5717 836 5797; x_wconf 68' lang='lat' dir='ltr'><strong>aluumus,</strong></span> <span class='ocrx_word' id='word_1_706' title='bbox 864 5744 1004 5796; x_wconf 74' lang='lat' dir='ltr'><strong>auum</strong></span> <span class='ocrx_word' id='word_1_707' title='bbox 1043 5717 1165 5793; x_wconf 31' lang='lat'><strong>158‘!</strong></span> <span class='ocrx_word' id='word_1_708' title='bbox 1195 5767 1207 5795; x_wconf 86' lang='lat'><strong>,</strong></span> <span class='ocrx_word' id='word_1_709' title='bbox 1239 5734 1382 5789; x_wconf 79' lang='lat' dir='ltr'><strong>tumo</strong></span> <span class='ocrx_word' id='word_1_710' title='bbox 1410 5720 1636 5791; x_wconf 84' lang='lat' dir='ltr'><strong>septimo</strong></span> <span class='ocrx_word' id='word_1_711' title='bbox 1662 5717 1726 5772; x_wconf 81' lang='lat' dir='ltr'><strong>d-</strong></span> <span class='ocrx_word' id='word_1_712' title='bbox 1753 5717 1888 5781; x_wconf 70' lang='lat' dir='ltr'><strong>Vitis</strong></span> <span class='ocrx_word' id='word_1_713' title='bbox 1915 5723 2129 5782; x_wconf 51' lang='lat' dir='ltr'><strong>sanctos</strong></span> 
     </span>
    </p>
   </div>
   <div class='ocr_carea' id='block_1_95' title="bbox 2229 5352 2936 5415">
    <p class='ocr_par' dir='ltr' id='par_1_95' title="bbox 2229 5352 2936 5415">
     <span class='ocr_line' id='line_1_96' title="bbox 2229 5352 2936 5415; baseline -0.017 0"><span class='ocrx_word' id='word_1_714' title='bbox 2229 5352 2432 5415; x_wconf 84' lang='lat' dir='ltr'><strong>Adonis</strong></span> <span class='ocrx_word' id='word_1_715' title='bbox 2460 5356 2724 5415; x_wconf 66' lang='lat' dir='ltr'><strong>integrius</strong></span> <span class='ocrx_word' id='word_1_716' title='bbox 2751 5352 2936 5410; x_wconf 85' lang='lat' dir='ltr'><strong>edidit.</strong></span> 
     </span>
    </p>
   </div>
   <div class='ocr_carea' id='block_1_96' title="bbox 2301 5414 3808 5485">
    <p class='ocr_par' dir='ltr' id='par_1_96' title="bbox 2301 5414 3808 5485">
     <span class='ocr_line' id='line_1_97' title="bbox 2301 5414 3808 5485; baseline -0.011 -2"><span class='ocrx_word' id='word_1_717' title='bbox 2301 5429 2406 5483; x_wconf 87' lang='lat' dir='ltr'><strong>Sed</strong></span> <span class='ocrx_word' id='word_1_718' title='bbox 2435 5441 2556 5481; x_wconf 92' lang='lat' dir='ltr'><strong>cum</strong></span> <span class='ocrx_word' id='word_1_719' title='bbox 2574 5414 2674 5479; x_wconf 67' lang='lat' dir='ltr'><strong>ilic</strong></span> <span class='ocrx_word' id='word_1_720' title='bbox 2701 5432 2756 5477; x_wconf 91' lang='lat' dir='ltr'><strong>et</strong></span> <span class='ocrx_word' id='word_1_721' title='bbox 2787 5422 3030 5477; x_wconf 90' lang='lat' dir='ltr'><strong>ordinem</strong></span> <span class='ocrx_word' id='word_1_722' title='bbox 3057 5417 3365 5480; x_wconf 87' lang='lat' dir='ltr'><strong>mutaverit,</strong></span> <span class='ocrx_word' id='word_1_723' title='bbox 3388 5426 3442 5469; x_wconf 86' lang='lat' dir='ltr'><strong>et</strong></span> <span class='ocrx_word' id='word_1_724' title='bbox 3464 5416 3712 5485; x_wconf 70' lang='lat' dir='ltr'><strong>quaedam</strong></span> <span class='ocrx_word' id='word_1_725' title='bbox 3737 5414 3808 5485; x_wconf 75' lang='lat' dir='ltr'><strong>ab</strong></span> 
     </span>
    </p>
   </div>
   <div class='ocr_carea' id='block_1_97' title="bbox 2230 5482 3807 5559">
    <p class='ocr_par' dir='ltr' id='par_1_97' title="bbox 2230 5482 3807 5559">
     <span class='ocr_line' id='line_1_98' title="bbox 2230 5482 3807 5559; baseline -0.013 -5"><span class='ocrx_word' id='word_1_726' title='bbox 2230 5482 2403 5555; x_wconf 82' lang='lat' dir='ltr'><strong>aliena</strong></span> <span class='ocrx_word' id='word_1_727' title='bbox 2431 5510 2592 5551; x_wconf 88' lang='lat' dir='ltr'><strong>manu</strong></span> <span class='ocrx_word' id='word_1_728' title='bbox 2620 5492 2928 5555; x_wconf 88' lang='lat' dir='ltr'><strong>inseruerit,</strong></span> <span class='ocrx_word' id='word_1_729' title='bbox 2952 5487 3177 5559; x_wconf 82' lang='lat' dir='ltr'><strong>paucula</strong></span> <span class='ocrx_word' id='word_1_730' title='bbox 3207 5482 3517 5559; x_wconf 75' lang='lat' dir='ltr'><strong>dempserii,</strong></span> <span class='ocrx_word' id='word_1_731' title='bbox 3548 5482 3807 5559; x_wconf 80' lang='lat' dir='ltr'><strong>nonnulla</strong></span> 
     </span>
    </p>
   </div>
   <div class='ocr_carea' id='block_1_98' title="bbox 2231 5554 3807 5639">
    <p class='ocr_par' dir='ltr' id='par_1_98' title="bbox 2231 5554 3807 5639">
     <span class='ocr_line' id='line_1_99' title="bbox 2231 5554 3807 5639; baseline -0.013 -15"><span class='ocrx_word' id='word_1_732' title='bbox 2231 5582 2446 5639; x_wconf 85' lang='lat' dir='ltr'><strong>quoque</strong></span> <span class='ocrx_word' id='word_1_733' title='bbox 2474 5571 2753 5619; x_wconf 88' lang='lat' dir='ltr'><strong>assecutus</strong></span> <span class='ocrx_word' id='word_1_734' title='bbox 2782 5554 3073 5639; x_wconf 47' lang='lat' dir='ltr'><strong>nuntii-erit</strong></span> <span class='ocrx_word' id='word_1_735' title='bbox 3089 5574 3104 5624; x_wconf 90' lang='lat'><strong>;</strong></span> <span class='ocrx_word' id='word_1_736' title='bbox 3123 5554 3339 5639; x_wconf 71' lang='lat' dir='ltr'><strong>placuit</strong></span> <span class='ocrx_word' id='word_1_737' title='bbox 3357 5554 3807 5639; x_wconf 43' lang='lat' dir='ltr'><strong>rursusAdo‘uem</strong></span> 
     </span>
    </p>
   </div>
   <div class='ocr_carea' id='block_1_99' title="bbox 2234 5625 3807 5704">
    <p class='ocr_par' dir='ltr' id='par_1_99' title="bbox 2234 5625 3807 5704">
     <span class='ocr_line' id='line_1_100' title="bbox 2234 5625 3807 5704; baseline -0.013 -11"><span class='ocrx_word' id='word_1_738' title='bbox 2234 5625 2538 5699; x_wconf 64' lang='lat' dir='ltr'><strong>recensere,</strong></span> <span class='ocrx_word' id='word_1_739' title='bbox 2570 5646 2802 5704; x_wconf 81' lang='lat' dir='ltr'><strong>eumque</strong></span> <span class='ocrx_word' id='word_1_740' title='bbox 2827 5628 3054 5700; x_wconf 90' lang='lat' dir='ltr'><strong>pristino</strong></span> <span class='ocrx_word' id='word_1_741' title='bbox 3075 5625 3247 5704; x_wconf 76' lang='lat' dir='ltr'><strong>nitori</strong></span> <span class='ocrx_word' id='word_1_742' title='bbox 3280 5625 3617 5704; x_wconf 54' lang='lat' dir='ltr'><strong>restituere,</strong></span> <span class='ocrx_word' id='word_1_743' title='bbox 3636 5630 3691 5676; x_wconf 91' lang='lat' dir='ltr'><strong>et</strong></span> <span class='ocrx_word' id='word_1_744' title='bbox 3712 5637 3807 5704; x_wconf 71' lang='lat' dir='ltr'><strong>ve-</strong></span> 
     </span>
    </p>
   </div>
   <div class='ocr_carea' id='block_1_100' title="bbox 2234 5691 3799 5776">
    <p class='ocr_par' dir='ltr' id='par_1_100' title="bbox 2234 5691 3799 5776">
     <span class='ocr_line' id='line_1_101' title="bbox 2234 5691 3799 5776; baseline -0.012 -15"><span class='ocrx_word' id='word_1_745' title='bbox 2234 5691 2343 5763; x_wconf 73' lang='lat' dir='ltr'><strong>ieri</strong></span> <span class='ocrx_word' id='word_1_746' title='bbox 2364 5691 2737 5775; x_wconf 43' lang='lat' dir='ltr'><strong>Marty&#39;rologio</strong></span> <span class='ocrx_word' id='word_1_747' title='bbox 2758 5691 3021 5766; x_wconf 72' lang='lat' dir='ltr'><strong>Romano,</strong></span> <span class='ocrx_word' id='word_1_748' title='bbox 3045 5698 3183 5755; x_wconf 88' lang='lat' dir='ltr'><strong>sicut</strong></span> <span class='ocrx_word' id='word_1_749' title='bbox 3204 5696 3317 5776; x_wconf 81' lang='lat' dir='ltr'><strong>ipse</strong></span> <span class='ocrx_word' id='word_1_750' title='bbox 3342 5694 3469 5749; x_wconf 85' lang='lat' dir='ltr'><strong>olim</strong></span> <span class='ocrx_word' id='word_1_751' title='bbox 3499 5693 3654 5758; x_wconf 80' lang='lat' dir='ltr'><strong>fecit,</strong></span> <span class='ocrx_word' id='word_1_752' title='bbox 3681 5691 3799 5752; x_wconf 74' lang='lat' dir='ltr'><strong>sub-</strong></span> 
     </span>
    </p>
   </div>
  </div>
