4024 6362
559 271 663 326 £85.

1550 267 1608 322 S.
1649 264 1899 323 ADONIS
1937 263 2365 320 ARCHIEPISC.
2411 263 2821 320 VIENNENSIS
3719 271 3804 324 188

559 389 741 458 itaque
763 399 905 447 esse,
947 397 1052 438 non
1097 382 1339 447 alterius,
1374 389 1480 436 tota
1517 381 1756 436 Ecclesia
1799 379 1913 448 jam
1943 381 2138 434 lirmis-
2165 383 2212 439 Α
2244 377 2378 431 ticos
2432 377 2566 432 vidit
2621 376 2874 432 Ecclesia:
2933 375 3132 442 ﬁdem,
3189 378 3476 435 confestim
3537 381 3673 438 hanc
3726 388 3809 442 de.

558 481 696 532 sime
724 485 886 531 tenet.
919 474 1127 545 Legum
1152 475 1368 542 quidam
1409 481 1463 526 et
1502 471 1569 525 ad
1617 470 1993 533 Leodicenses,
2044 469 2138 524 sed

558 571 627 625 ab
655 571 906 626 omnibus
934 567 1256 638 exploditur.
1305 564 1404 619 Hic
1452 564 1518 618 de
1548 563 1689 617 tribu
1737 561 2040 631 Benjamin,
2085 569 2141 616 et

558 663 755 734 oppido
784 661 1004 725 Judaete,
1033 659 1328 729 Gigascalis
1357 656 1478 728 [al.,
1529 655 1815 727 Cis'chalis]
1848 657 1947 709 fuit
1977 671 1990 708 :
2031 669 2139 724 quo

561 771 592 810 a
631 753 892 810 Romanis
919 762 1098 822 capto,
1127 765 1252 805 cum
1272 749 1582 820 parentibus
1609 749 1722 802 suis
1746 747 2011 802 Tharsum
2044 745 2137 799 Ci-

561 847 698 902 liciae
726 843 1126 914 commigravit;
1160 858 1187 893 a
1218 841 1409 908 quibus
1433 840 1500 892 ob
1522 839 1758 893 studium
1784 838 1916 908 legis
1944 839 2139 891 missus

558 935 948 1004 Jerosolymam
967 973 981 996 ,
1011 947 1041 985 τ.
1067 931 1356 985 Gamaliele
1401 930 1714 984 doctissimo
1757 929 1873 983 viro
1895 929 2138 982 eruditus

560 1039 645 1085 est
671 1029 806 1098 (Act.
836 1041 906 1078 vn
932 1034 980 1077 et
1008 1025 1105 1093 ιχ).
1138 1022 1270 1077 Cum
1296 1033 1470 1076 autem
1505 1019 1836 1074 interfuisset
1861 1019 1976 1072 neci
2001 1032 2140 1071 mar-

563 1124 693 1195 tyris
715 1119 993 1189 Stephani,
1026 1127 1082 1172 et
1108 1117 1344 1186 acceptis
1373 1114 1615 1184 epistolis
1658 1128 1687 1166 a
1728 1111 1982 1181 pontifice
2004 1121 2139 1164 tent-

559 1214 654 1284 pli,
685 1212 750 1266 ad
779 1207 1180 1280 prosequendos
1227 1222 1320 1262 eos
1371 1204 1462 1275 qui
1503 1203 1718 1258 Christo
1774 1201 2135 1263 crediderant,

559 1303 878 1357 Damascum
903 1305 1172 1367 pergeret,
1199 1294 1525 1349 revelatione
1549 1289 1858 1360 compulsus
1880 1289 1944 1342 ad
1979 1289 2136 1343 lidctn

557 1408 654 1446 vas
676 1388 954 1446 electionis
981 1389 1047 1441 de
1072 1393 1418 1458 persecutore
1445 1383 1737 1436 translatus
1761 1390 1864 1436 est.
1897 1380 2137 1449 Cumque

558 1484 790 1554 primum
818 1483 883 1534 ad
909 1479 1346 1549 przcdicationem
1375 1475 1492 1546 ejus
1518 1473 1738 1544 Sergius
1781 1472 1980 1526 Paulus
2007 1486 2135 1540 pro-

559 1573 748 1630 consul
791 1573 950 1644 Cypri
978 1570 1313 1632 credidisset,
1343 1568 1410 1622 ab
1458 1581 1544 1631 eo,
1581 1566 1723 1634 quod
1768 1579 1891 1619 eum
1933 1562 2133 1618 Christi

563 1667 666 1722 lide
687 1666 994 1735 subegerat,
1041 1661 1263 1716 sortitus
1292 1669 1376 1714 est
1404 1674 1620 1713 nomen.

854 1795 914 1848 ι’.
951 1795 993 1848 ll
1033 1793 1164 1848 ΚΑΙ..
1199 1793 1498 1847 Dscsunats
1525 1789 1615 1861 (50
1646 1787 1829 1860 Non).

628 1910 686 1964 In
716 1909 932 1963 civitate
951 1907 1142 1961 Patras
1165 1903 1455 1974 provincia:
1479 1901 1715 1962 Achaiae.
1758 1900 1952 1955 natalis
1988 1901 2132 1955 beati

559 2003 787 2057 Andreze
815 1999 1060 2070 apostoli,
1091 1998 1182 2067 qui
1208 1997 1369 2050 etiam
1397 1995 1536 2065 apud
1563 1993 1840 2062 Scythiam
1871 1994 2133 2063 praedica-

561 2094 656 2147 vit.
688 2091 785 2145 Hic
814 2089 1155 2144 beatissimus
1173 2085 1444 2155 apostolus
1485 2085 1552 2138 ab
1591 2083 1775 2154 Aigaea
1817 2083 2134 2152 proconsule

559 2182 776 2237 Achaiae
817 2179 1264 2250 comprehensus,
1313 2192 1434 2230 cum
1480 2184 1891 2245 perseveranter
1939 2175 1992 2227 in
2032 2173 2134 2226 fide

559 2273 757 2329 Christi
793 2280 848 2326 et
877 2270 1150 2340 Evangelii
1180 2267 1478 2322 ministerio
1513 2267 1754 2329 duraret,
1797 2264 2135 2334 insuperabi-

559 2364 730 2432 lisque
776 2371 1038 2425 maneret,
1067 2374 1287 2414 carcere
1317 2358 1545 2427 primum
1599 2356 1835 2419 clausus,
1883 2355 2007 2408 inde
2051 2369 2136 2408 co-

561 2468 672 2506 ram
700 2449 1019 2522 proconsule
1046 2447 1360 2519 gravissime
1392 2461 1584 2507 emsus,
1612 2445 1677 2497 ad
1703 2444 1946 2497 ultimum
1973 2456 2134 2498 cruce

558 2544 737 2614 ligatis
760 2542 1006 2596 manibus
1029 2549 1082 2594 et
1109 2540 1361 2610 pedibus,
1399 2535 1722 2605 limibusque
1769 2545 1880 2590 toto
1911 2548 2134 2604 corpore

557 2645 778 2696 tensus,
825 2640 885 2686 ut
931 2620 1143 2702 longius
1180 2631 1539 2692 cruciaretur,
1587 2627 1748 2682 biduo
1783 2626 1914 2682 inibi
1949 2641 2134 2694 super-

557 2725 713 2789 vixit,
762 2738 870 2778 non
899 2737 1118 2777 cessans
1161 2734 1226 2774 ca
1273 2735 1394 2790 qua:
1444 2717 1644 2773 Christi
1707 2724 1832 2772 sunt
1880 2715 2130 2785 populum

561 2815 775 2870 docere.
821 2812 1061 2882 Cumque
1084 2812 1162 2872 hi.
1211 2811 1301 2882 qui
1331 2824 1434 2879 per
1477 2825 1599 2864 eutn
1644 2807 1860 2863 Christo
1905 2807 2133 2862 Domino

558 2905 922 2967 crediderant,
961 2902 1092 2956 satis
1130 2909 1352 2969 agerent
1377 2907 1435 2954 ut
1463 2899 1842 2969 deponeretur,
1873 2897 2132 2965 [Egaeam-

561 3000 768 3067 que,lut
803 2993 902 3046 hoc
951 2990 1254 3062 perliceret,
1299 2988 1566 3044 nolentem
1594 2987 1950 3057 impellerent,
1999 2999 2132 3055 apo-

558 3083 730 3140 stolus
774 3082 980 3138 Domini
1010 3082 1391 3136 circumstante
1434 3079 1648 3149 populo,
1680 3085 1734 3132 et
1775 3075 1956 3147 [ﬁgam
2008 3091 2130 3146 pro-
2158 3077 2202 3137 C

560 3173 799 3238 consule,
831 3182 890 3225 ut
925 3171 1241 3233 solveretur,
1285 3179 1495 3241 agente,
1536 3177 1657 3239 post
1683 3169 1846 3223 verba
1871 3166 2131 3222 orationis

561 3266 767 3334 fulgore
788 3264 994 3318 caelesti
1029 3262 1140 3318 fere
1162 3279 1266 3316 una
1311 3262 1541 3330 desuper
1577 3259 1949 3316 eireumlulsus
1977 3261 2128 3324 hora,

561 3373 683 3411 cum
722 3356 840 3426 ipso
868 3337 1064 3408 lumine
1086 3354 1408 3421 abscedente
1433 3354 1687 3408 etnittens
1719 3352 1986 3424 spiritum,
2017 3368 2132 3423 per-

561 3446 699 3500 texit
742 3444 848 3501 line
896 3446 1052 3499 beato
1077 3445 1144 3499 ad
1199 3445 1507 3499 Dominum.
1553 3445 1766 3514 (Euseb.
1817 3446 1869 3498 in
1909 3442 2130 3516 Chron.)

560 3534 722 3603 Cujus
757 3534 1154 3588 sanctissimum
1201 3549 1395 3602 corpus
1424 3533 1714 3588 Maximilla
1755 3534 2128 3603 potentissima

562 3634 926 3680 matronarum
983 3633 1291 3680 reverenter
1345 3625 1646 3694 depositum
1704 3624 1975 3694 sepelivit;
2033 3625 2127 3680 sed

557 3717 953 3788 etnergentibns
972 3718 1150 3781 annis,
1198 3717 1556 3772 sacratissima
1580 3715 1693 3783 ejus
1709 3732 1851 3780 ossa,
1878 3717 2128 3772 vicesimo

557 3807 853 3862 Constantii
885 3808 1226 3877 imperatoris
1264 3821 1439 3871 anno,
1482 3806 1549 3860 ab
1579 3805 1778 3860 Achaia
1817 3805 2124 3860 Constanti-

555 3899 786 3970 nopolim
831 3900 1085 3954 translata
1125 3907 1270 3954 sunt.

870 4024 929 4078 C.
958 4023 1065 4076 Vill
1093 4022 1225 4076 ΚΑΙ..
1254 4021 1489 4078 AUGUSTI
1515 4021 1604 4091 (25
1631 4021 1806 4092 Julii).

627 4133 832 4188 Natalis
855 4134 994 4188 beati
1021 4132 1204 4188 Jacobi
1237 4133 1482 4202 apostoli,
1511 4133 1693 4188 fratris
1716 4131 1935 4187 Joannis
1961 4149 2123 4186 evan—

555 4225 777 4299 gelista},
808 4224 897 4294 qui
923 4223 1218 4279 decollatus
1249 4232 1328 4278 est
1357 4223 1424 4276 ab
1459 4222 1670 4278 Herode
1693 4237 1815 4292 rege
1853 4221 2122 4292 Jorosoly-

560 4318 677 4379 mis,
709 4325 768 4370 ut
791 4315 930 4371 liber
952 4316 1182 4370 Actuum
1231 4314 1592 4384 apostolorum
1640 4317 1794 4369 docet
1844 4314 2124 4384 (cap.12).

553 4404 721 4474 llnjus
762 4404 1055 4460 heatissimi
1088 4395 1666 4474 apostoli'sacra‘ossa
1721 4403 1791 4457 ad
1844 4404 2129 4472 Hispanias
2154 4422 2202 4481 ο

551 4495 810 4551 translata
833 4503 886 4550 et
909 4496 960 4548 in
990 4494 1190 4549 ultimis
1215 4509 1398 4547 carum
1426 4493 1645 4556 ﬁnibus,
1665 4493 1911 4548 videlicet
1935 4501 2119 4548 contra

551 4602 700 4642 mare
753 4585 1121 4639 Britannicutn
1182 4584 1435 4645 condita,
1500 4583 1854 4639 celeberrima
1909 4583 2124 4638 illarum

549 4677 786 4750 gentium
815 4674 1159 4730 veneratione
1185 4673 1518 4728 excoluntur.

883 4811 946 4864 D.
994 4810 1054 4866 Vl
1098 4809 1230 4865 ΚΑι..
1259 4808 1502 4864 ΙΑΝυΑιιιι
1525 4807 1612 4879 (27
1643 4808 1840 4877 Dec.)._

621 4923 880 4990 (Hieron.
936 4923 1001 4976 de
1048 4921 1193 4976 Eccl.
1252 4922 1444 4992 Scrip.,
1499 4937 1550 4976 c.
1594 4920 1671 4991 9).
1723 4919 1925 4976 Natalis
1976 4924 2116 4976 beati

547 5014 771 5070 Joannis
820 5013 1043 5084 apostoli
1084 5013 1464 5082 evangelistte,
1508 5027 1665 5081 quem
1715 5011 1870 5067 Jesns
1923 5016 2121 5067 amavit

547 5103 866 5174 plurimum,
911 5103 998 5172 qui
1029 5104 1314 5158 secundam
1345 5109 1465 5171 post
1494 5100 1754 5156 Neronem
1791 5105 2118 5172 persecutio-

549 5209 670 5248 nem
717 5202 964 5248 movente
990 5193 1309 5251 Domitiano.
1343 5202 1690 5261 posteaquam
1725 5193 1776 5246 in
1808 5193 1926 5247 oleo
1953 5195 2118 5262 ignito

548 5285 820 5340 demersus
873 5283 1003 5336 nihil
1051 5297 1238 5352 passus
1291 5291 1404 5345 est,
1451 5283 1503 5336 in
1541 5282 1822 5337 Pathmum
1891 5284 2114 5337 insulam

546 5374 814 5446 relegatus
854 5375 986 5429 vidit
1014 5374 1409 5444 Apocalypsitn.
1457 5373 1746 5429 Interfecto
1790 5384 1966 5427 autem
2015 5375 2117 5428 Do-

545 5467 790 5530 mitiano,
844 5474 894 5519 cl
937 5467 1071 5519 actis
1110 5465 1225 5534 ejus
1277 5466 1346 5519 ob
1403 5465 1622 5518 nimiam
1685 5465 2056 5520 crudelitatem
2086 5482 2114 5518 a

548 5567 733 5610 senatu
809 5556 1092 5617 rescissis,
1172 5555 1271 5608 sub
1345 5555 1624 5608 Pertinace
1700 5555 1858 5608 rediit
1937 5555 2084 5624 Ephe

547 5649 666 5702 sim.
731 5648 792 5700 Et
847 5649 967 5704 «nua
1029 5661 1340 5701 concttssmn
1409 5663 1466 5699 se
1531 5647 1750 5702 ahsente
1815 5661 1910 5716 per
1953 5648 2118 5702 lucre-

2165 1724 2212 1783 Β

2240 469 2499 537 scriptam
2544 469 2598 521 in
2646 469 2938 539 Evangelio
2990 484 3126 536 suo,
3186 471 3337 526 verbi
3393 471 3615 527 Domini
3666 486 3808 532 teter-

2240 561 2412 613 nitate
2470 560 2747 615 stabilivit.
2802 561 3044 632 Rogatus
3083 562 3348 631 siquidem
3409 566 3483 619 ab
3538 567 3676 621 Asia:
3713 572 3809 638 epi-

2238 650 2416 719 scopis
2458 650 2717 705 adversus
2760 649 3074 706 Cerinthum
3119 652 3359 722 aliosque
3408 655 3725 724 haereticos,
3760 670 3808 716 et

2241 743 2476 798 maxime
2520 753 2713 799 contra
2757 745 3164 800 Ebiomatarum
3208 747 3400 818 dogma
3438 759 3570 805 tune
3608 767 3807 808 consur-

2239 850 2387 903 gens,
2415 835 2505 905 qui
2531 847 2781 891 asserunt
2804 837 3078 892 Christum
3107 848 3234 893 ante
3263 838 3498 894 Mariam
3517 858 3620 896 non
3641 843 3804 911 fuisse,

2235 928 2549 1006 compulsus
2572 938 2654 983 est
2683 930 2950 984 scribendi
2989 931 3258 999 Evangelii
3291 942 3545 986 sanetum
3580 949 3706 1003 opus
3734 952 3806 990 su-

2239 1017 2463 1084 scipere.
2512 1017 2718 1072 Ferunt
2745 1026 2801 1072 et
2840 1019 3001 1072 aliam
3045 1035 3263 1074 causam
3300 1023 3464 1091 hujus
3506 1023 3801 1093 scriptum;

2237 1108 2378 1177 quod
2401 1123 2521 1163 cum
2550 1109 2768 1180 legisset
2788 1111 3042 1175 Malthmi,
3070 1111 3253 1176 Marci,
3275 1122 3330 1166 et
3351 1113 3517 1168 Lucae
3533 1115 3802 1184 volumina,

2237 1200 2546 1268 probaverit
2573 1203 2787 1270 quidem
2819 1211 3023 1256 textum
3065 1203 3305 1258 historiae
3327 1244 3340 1270 ,
3371 1214 3430 1259 et
3459 1220 3590 1260 vera
3619 1221 3706 1260 eos
3736 1206 3800 1261 di-

2238 1291 2383 1346 xisse
2414 1292 2738 1359 lirmaverit,
2779 1295 2873 1349 sed
2914 1296 3072 1349 unius
3099 1303 3306 1350 tantum
3353 1298 3522 1362 anni,
3547 1299 3600 1351 in
3638 1315 3734 1367 quo
3756 1309 3803 1352 et

2239 1397 2429 1453 passus
2449 1392 2534 1438 est
2558 1383 2828 1451 Christus,
2853 1393 2910 1440 et
2931 1394 3052 1456 post
3073 1402 3348 1442 carcerem
3375 1387 3624 1450 Joannis,
3650 1391 3796 1446 histo-

2238 1473 2374 1527 riam
2417 1475 2671 1528 tenuisse.
2710 1475 3084 1530 Praetermisso
3118 1477 3302 1546 itaque
3334 1492 3506 1541 anno,
3530 1477 3678 1546 cujus
3699 1490 3801 1533 acta

2237 1577 2268 1616 a
2302 1563 2472 1616 tribus
2498 1564 2738 1632 exposita
2777 1564 3012 1630 fuerant,
3039 1566 3334 1635 superioris
3363 1567 3647 1635 temporis,
3671 1576 3797 1622 ante-

2237 1669 2399 1723 quam
2429 1652 2664 1709 Joannes
2686 1655 3100 1710 clauderetur‘in
3131 1672 3430 1723 carcerem,
3456 1666 3607 1727 gesta
3638 1674 3797 1712 narra-

2237 1746 2334 1800 vit.
2373 1746 2524 1802 Sicut
2556 1748 2899 1803 manifestum
2922 1751 3264 1818 esseopoterit
3285 1750 3388 1815 his,
3413 1751 3507 1820 qui
3539 1750 3798 1820 diligenter

2235 1845 2465 1906 quatuor
2507 1837 2918 1909 Evangeliorum
2960 1840 3230 1894 volumina
3274 1840 3544 1913 legerint;
3577 1858 3691 1912 qum
3724 1859 3794 1898 res

2235 1936 2292 1982 et
2355 1928 2657 2002 διαφωνίαν,
2703 1930 2757 1985 id
2797 1939 2879 1985 est
2923 1931 3309 1986 dissonantiam
3350 1949 3501 2003 .qute
3544 1934 3794 1988 videbatur

2235 2015 2457 2071 Joannis
2477 2033 2595 2073 esse
2616 2035 2737 2074 cum
2768 2021 2978 2075 exteris
3029 2022 3184 2076 tollit.
3212 2021 3337 2092 Ipse
3350 2032 3534 2078 autem
3559 2040 3717 2093 usque
3737 2025 3794 2078 ad

2238 2108 2454 2178 Trajani
2487 2111 2743 2181 principis
2773 2119 3010 2180 tempora
3055 2115 3412 2181 perseverans
3432 2154 3449 2180 ,
3501 2123 3640 2169 totas
3673 2115 3792 2168 Asia:

2235 2198 2481 2253 fundavit
2518 2200 2768 2270 rexitque
2796 2201 3097 2267 Ecelesias;
3137 2211 3190 2256 et
3217 2203 3498 2260 conlectus
3521 2205 3694 2270 senio,
3721 2220 3788 2259 se-

2237 2290 2512 2358 xagesimo
2549 2300 2742 2346 octavo
2783 2301 2904 2361 post
2943 2294 3246 2362 passionem
3268 2294 3484 2350 Domini
3511 2311 3646 2350 anno
3665 2311 3788 2350 mor-

2239 2387 2379 2440 tuus.
2423 2378 2573 2447 juxta
2632 2383 2876 2436 eamdem
2935 2383 3122 2437 urbem
3159 2384 3404 2453 sepultus
3449 2395 3551 2440 est.
3592 2385 3786 2456 Scripsit

2235 2478 2411 2524 autem
2437 2481 2492 2524 et
2517 2487 2674 2524 unam
2700 2472 3004 2542 epistolam,
3030 2473 3183 2543 cujus
3200 2475 3483 2528 exordium
3506 2484 3588 2530 est
3611 2491 3624 2528 :
3654 2475 3785 2540 Quod

2236 2560 2335 2629 fuit
2365 2560 2429 2613 ab
2468 2561 2637 2624 initio,
2665 2577 2784 2630 qua:
2810 2563 2878 2616 ab
2908 2563 3177 2618 universis
3203 2564 3590 2620 eceleSiasticis
3611 2574 3661 2620 et
3683 2579 3786 2618 eru-

2234 2653 2364 2706 ditis
2397 2652 2530 2707 viris
2575 2654 2852 2722 probatur.
2897 2653 3138 2723 Reliqnze
3185 2664 3362 2710 autem
3396 2656 3536 2721 duae,
3583 2671 3782 2726 quarum

2233 2745 2557 2815 principium
2585 2755 2665 2799 est
2696 2764 2707 2798 :
2749 2745 2938 2800 Senior
2959 2747 3130 2800 electa:
3163 2748 3391 2801 domina:
3421 2758 3470 2801 et
3502 2748 3631 2802 natis
3658 2747 3781 2816 ejus;

2233 2845 2289 2890 et
2331 2837 2608 2906 sequentis
2635 2856 2647 2890 :
2683 2835 2873 2892 Seuior
2903 2836 3044 2909 Gaio
3073 2839 3381 2894 charissima
3403 2881 3419 2904 ,
3451 2839 3664 2894 Joannis
3684 2853 3781 2909 pre-

2234 2926 2434 2998 sbyteri
2480 2942 2600 2981 esse
2641 2927 2708 2980 ab
2759 2928 3028 2996 aliquibus
3057 2937 3342 2998 putantur;
3390 2929 3482 2984 sed
3517 2944 3652 2984 nunc
3685 2926 3778 2997 jam

2233 3017 2499 3088 generalis
2533 3017 2784 3072 Ecclesiae
2809 3033 3105 3074 consensus
3141 3019 3335 3084 habet,
3383 3021 3526 3091 quod
3555 3023 3646 3076 has
3665 3033 3777 3089 quo-

2234 3123 2337 3178 que
2361 3107 2614 3178 epistolas
2641 3107 2874 3164 Joannes
2903 3109 3176 3180 apostolus
3212 3112 3514 3182 scripserit.

2678 3262 2738 3316 Β.
2779 3262 2914 3317 ΚΜ..
2958 3263 3081 3319 Man
3114 3265 3159 3336 (l
3205 3265 3380 3335 Maii).

2303 3375 2509 3430 Natalis
2532 3376 2812 3430 beatorum
2850 3376 3208 3446 apostolorum
3236 3377 3468 3449 Philippi
3499 3387 3552 3434 et
3575 3377 3767 3436 Jacobi;

2231 3485 2296 3523 ex
2325 3469 2520 3538 quibus
2556 3467 2834 3538 Philippus
2868 3484 2990 3522 cum
3035 3483 3172 3538 pene
3219 3468 3501 3540 Scythiam
3550 3471 3612 3524 ad
3646 3469 3777 3521 ﬁdem

2231 3559 2429 3614 Christi
2459 3559 2841 3622 convertisset,
2869 3558 3181 3613 diaconibus
3199 3599 3213 3622 ,
3245 3560 3584 3631 presbyteris
3609 3565 3658 3612 et
3688 3555 3778 3624 epi«

2231 3653 2406 3723 scopis
2455 3652 2524 3706 ibi
2587 3651 2912 3716 constitutis,
2963 3665 3210 3706 reversus
3253 3659 3338 3707 est
3375 3653 3447 3706 ad
3479 3651 3674 3706 Asiam.
3706 3636 3774 3699 ubi

2229 3745 2479 3800 continua
2527 3743 2908 3813 praedicatione
2949 3757 3047 3812 per
3086 3743 3290 3812 aliquot
3330 3758 3505 3799 annos
3539 3741 3776 3797 insistens.

2229 3835 2624 3889 multitudinem
2648 3833 2962 3903 populorum
2986 3833 3202 3888 Christo
3234 3833 3511 3890 laboribus
3537 3832 3632 3904 piis
3657 3843 3772 3884 sem-

2230 3943 2325 3996 per
2360 3926 2657 3980 inscrvicns
2679 3926 2916 3979 lucratus
2939 3933 3041 3980 est.
3076 3924 3286 3994 Quique
3314 3927 3458 3996 apud
3485 3919 3774 3989 Hierapolim

2229 4019 2367 4073 Asia:
2393 4018 2662 4073 civitatem
2687 4018 2962 4081 dormivit,
2985 4034 3103 4072 cum
3127 4019 3370 4088 patribus
3389 4019 3506 4073 suis
3523 4017 3666 4071 beato
3691 4012 3776 4064 line

2230 4109 2488 4178 sepultus.

2299 4199 2540 4268 (Hieron.
2563 4201 2626 4254 de
2655 4199 2798 4253 Eccl.
2822 4198 3012 4268 Scn‘pt.
3035 4213 3084 4252 ε.
3107 4197 3186 4267 2.)
3209 4197 3447 4253 Jacobus
3470 4212 3614 4256 vero,
3635 4192 3711 4263 qui
3731 4197 3773 4242 οι

2231 4285 2396 4341 frater
2427 4288 2636 4342 Domini
2675 4288 2867 4358 legitur
2888 4327 2904 4350 ,
2937 4296 3294 4354 cognomento
3318 4285 3507 4341 Justus
3539 4292 3652 4354 post
3675 4294 3774 4350 pas-

2229 4381 2434 4433 sionem
2469 4381 2677 4434 Domini
2708 4380 2888 4434 statim
2915 4380 2981 4432 ab
3017 4379 3272 4449 apostolis
3307 4378 3769 4448 Hierosolymorum

2227 4470 2508 4538 episcopus
2536 4470 2815 4525 ordinatus
2839 4479 2939 4523 est.
2972 4469 3069 4523 llic
3088 4470 3153 4523 de
3175 4480 3329 4524 utero
3359 4471 3547 4525 matris
3580 4473 3770 4523 sanctus

2229 4556 2348 4620 fuit,
2385 4559 2566 4610 vinum
2613 4566 2667 4612 et
2712 4559 2937 4613 siceram
2986 4574 3092 4612 non
3137 4558 3290 4623 bibit,
3327 4576 3546 4616 carnem
3595 4556 3765 4612 nullam

2227 4649 2490 4712 comedit;
2519 4665 2788 4719 nunquam
2803 4659 3047 4705 attonsus
3067 4660 3168 4720 est,
3184 4667 3282 4706 nec
3297 4663 3491 4709 unctus
3507 4655 3766 4722 unguento.

2229 4755 2328 4793 nec
2362 4755 2489 4793 usus
2517 4741 2726 4795 balneo.
2759 4742 2893 4796 lluie
2918 4742 3017 4796 soli
3047 4743 3251 4798 licitum
3283 4754 3399 4799 erat
3428 4745 3624 4815 ingredi
3653 4742 3767 4796 San-

2228 4841 2314 4884 eta
2343 4839 2648 4885 sanctorum
2675 4850 2687 4885 :
2719 4833 2979 4902 siquidem
3007 4836 3244 4891 vestibus
3269 4837 3439 4892 laneis
3473 4853 3573 4894 non
3601 4833 3764 4890 uteba-

2224 4929 2333 4984 tur,
2361 4922 2451 4975 sed
2480 4921 2664 4988 lineis;
2699 4922 2948 4992 solusque
2982 4924 3386 4995 ingrediebatur
3418 4925 3692 4995 templum.
3719 4926 3760 4970 el

2225 5011 2344 5065 lixis
2371 5011 2592 5078 genibus
2629 5027 2726 5082 pro
2753 5013 2948 5082 populo
2977 5013 3386 5082 deprecabatur,
3419 5017 3470 5070 in
3501 5023 3688 5070 tantum
3715 5016 3762 5059 ut

2222 5101 2546 5154 camelorum
2571 5101 2820 5156 duritiem
2851 5105 3077 5159 traxisse
3097 5103 3210 5172 ejus
3231 5122 3399 5176 genua
3424 5105 3755 5162 crederentur.

2223 5191 2320 5246 llic
2363 5193 2542 5261 itaque
2573 5211 2694 5248 eum
2730 5197 2940 5264 publice
2977 5197 3028 5248 in
3065 5197 3295 5250 concilio
3328 5197 3757 5270 compelleretura

2219 5280 2438 5347 Judzeis,
2467 5293 2524 5337 ut
2556 5285 2829 5339 Christum
2858 5285 2948 5340 Dei
2968 5286 3157 5341 Filium
3173 5285 3757 5357 denegaret,etillevoce

2222 5374 2451 5427 maxima
2488 5383 2876 5443 protestaretur
2904 5378 2968 5430 ad
2996 5379 3268 5447 populum,
3297 5381 3478 5436 dicens
3503 5395 3516 5432 :
3542 5373 3664 5444 Quid
3687 5380 3756 5423 me

2219 5464 2559 5534 interrogatis
2613 5466 2680 5520 de
2731 5466 2864 5522 Filio
2912 5470 3178 5524 hominis?
3227 5473 3364 5528 ls‘cee
3405 5474 3514 5544 ipse
3559 5466 3692 5522 sedet
3729 5473 3752 5509 τι

2218 5553 2422 5608 dextris
2460 5556 2672 5610 virtutis
2711 5557 2821 5620 Dei,
2873 5568 2929 5612 et
2976 5569 3232 5614 venturus
3277 5571 3358 5616 est
3402 5578 3518 5617 cum
3556 5551 3754 5613 nubibus

2221 5647 2370 5712 ewli;
2404 5648 2767 5719 prtecipitatus
2793 5651 2856 5702 de
2880 5650 3036 5719 pinna
3071 5652 3270 5723 templi,
3296 5650 3576 5707 confractis
3611 5637 3752 5698 cruri—
