4024 6362
209 321 320 376 185

1183 313 1778 372 MARTYROLOGIUM
1815 315 1960 371 CUM
1997 313 2528 371 ADDITAMENTIS.

3360 314 3466 368 £80

203 438 334 500 bus,
366 433 543 488 adhuc
568 429 902 487 semiaminis
944 427 1136 484 tollens
1173 430 1239 483 ad
1265 429 1459 484 coelum
1501 445 1693 484 manus
1715 429 1794 483 di-
1822 437 1870 493 Α
1899 436 2439 494 consummaverunt;
2465 411 2760 483 honoriﬁce
2787 427 2978 497 sepulti
3016 443 3046 482 a
3076 427 3284 498 populis
3305 429 3460 484 Chri-

205 536 365 582 ceret
397 543 411 579 :
445 524 688 586 Domine,
723 523 938 592 ignosce
965 520 1064 584 eis,
1091 521 1233 590 quod
1261 520 1404 574 enim
1435 520 1659 586 faciunt,
1692 535 1790 575 ne-

205 618 431 681 sciunt;
465 606 678 668 fullonis
707 611 847 666 fuste
877 611 929 664 in
955 611 1177 665 cerebro
1205 624 1491 679 percussus
1517 610 1790 664 occubuit.

207 705 314 760 Hic
346 713 433 760 est
457 705 523 758 de
552 718 658 771 quo
685 700 959 770 apostolus
979 700 1177 755 Paulus
1211 701 1398 754 scribit
1430 700 1497 754 ad
1526 698 1743 754 Galatas
1776 717 1789 753 :

206 793 396 848 Alium
419 803 588 846 autem
617 791 971 859 apostolorum
995 790 1097 843 vidi
1111 791 1386 853 neminem,
1413 791 1511 843 nisi
1538 790 1795 844 Iacobum

210 883 437 950 fratrem
475 881 686 935 Domini
726 879 869 949 (Gal.
901 879 961 948 ι).
997 879 1078 932 Et‘
1105 878 1468 948 apostolorum
1509 895 1668 948 super
1693 880 1794 934 hoc

207 973 468 1029 crebrius
509 982 628 1027 acta
665 980 952 1026 testantur.
995 971 1340 1040 Evangelium
1377 987 1621 1040 quoque,
1651 974 1793 1041 quod

212 1061 519 1131 appellatur
554 1059 846 1113 secundum
878 1057 1151 1120 llebrecos,
1181 1067 1234 1112 ct
1271 1058 1427 1112 beato
1469 1059 1794 1128 Hieronymo

214 1151 271 1204 in
303 1150 552 1206 Graecum
591 1164 892 1204 sermonem
931 1147 1290 1218 Latinumque
1331 1148 1644 1203 translatum
1687 1157 1792 1214 est,

214 1251 345 1308 post
387 1239 836 1295 resurrectionem
875 1238 1170 1294 Salvatoris
1205 1239 1269 1293 de
1290 1253 1354 1294 eo
1378 1237 1542 1293 refert
1567 1252 1582 1292 :
1610 1238 1792 1292 Domi-

216 1348 320 1385 nus
350 1341 523 1384 autem
541 1348 659 1384 cum
679 1330 899 1384 dedisset
923 1330 1190 1383 sindouem
1221 1345 1365 1384 servo
1387 1330 1692 1394 sacerdotis,
1715 1346 1798 1383 ve-

216 1425 294 1476 nit
326 1422 395 1474 ad
417 1420 674 1474 Iacobum
701 1419 912 1473 Iustum
941 1429 988 1474 et
1018 1421 1258 1490 apparuit
1285 1421 1354 1473 ei.
1384 1418 1664 1473 Iuraverat
1693 1437 1792 1473 au-

215 1518 323 1564 tem
346 1509 578 1564 Iacobus
603 1527 656 1563 se
683 1526 788 1563 non
815 1519 1160 1563 comesturum
1196 1527 1381 1580 panem
1417 1509 1482 1563 ab
1514 1509 1605 1562 illa
1641 1509 1791 1574 hora,

215 1615 322 1670 qua
351 1599 546 1653 biberat
573 1601 794 1652 calicem
820 1599 1049 1663 Domini,
1082 1599 1244 1653 donec
1267 1600 1454 1654 videret
1485 1616 1600 1653 eum
1624 1617 1796 1653 resur-

216 1703 420 1763 gentem
445 1711 477 1746 a
501 1693 894 1748 dormientibus.
927 1693 1239 1763 Rursusque
1270 1701 1389 1764 post
1411 1693 1624 1764 paulum
1653 1710 1666 1746 :
1700 1693 1794 1762 Af-

1897 525 2075 588 tianis,
2114 538 2248 593 quos
2297 523 2520 577 Domino
2569 521 2666 589 ipsi
2708 529 3021 592 genuerant.
3061 520 3211 588 Quod
3240 523 3458 591 quidam

1893 624 2086 686 putant
2110 614 2382 669 Simonem
2415 611 2714 683 apostolum
2740 627 2904 665 unum
2934 612 3000 666 de
3043 611 3323 666 duodecim
3375 613 3456 681 ip-

1895 721 2013 761 sum
2045 721 2165 760 esse
2211 705 2301 774 qui
2339 704 2437 758 sub
2483 703 2720 772 Trajano
2757 717 2972 756 crucem
2998 717 3191 771 passus
3221 702 3322 767 sit,
3351 718 3465 756 om-

1895 799 2021 852 nino
2043 796 2234 849 l'alsum
2261 802 2361 848 est.
2398 793 2532 847 Nam
2559 801 2614 846 et
2633 791 2772 846 Beda
2801 800 3018 846 sanctus
3046 791 3345 860 presbyter,
3369 791 3457 860 qui

1894 889 1996 943 hoc
2011 902 2170 955 super
2183 886 2313 938 Acta
2337 883 2701 953 apostolorum
2727 882 2913 945 sentit,
2943 880 3204 934 Isidorum
3242 887 3460 933 secutus

1895 980 1947 1034 in
1980 978 2116 1032 libro
2148 975 2608 1030 Retractationum
2650 990 2708 1029 se
2757 975 2858 1028 hoc
2908 988 3010 1026 non
3047 974 3183 1026 bene
3227 973 3462 1026 sensisse

1896 1065 2258 1136 reprehendit.
2308 1064 2413 1117 Sed
2459 1071 2512 1116 et
2542 1061 2779 1116 Historia
2824 1059 3218 1120 Ecelesiastica,
3257 1075 3361 1114 non
3396 1062 3463 1114 de

1897 1153 2167 1223 apostolo,
2203 1154 2296 1207 sed
2323 1153 2387 1206 de
2412 1151 2518 1204 alio
2544 1149 2762 1204 Simone
2785 1158 2931 1218 gesta
2970 1158 3178 1203 narrat.
3215 1148 3460 1219 (Euseb.,

1896 1243 1989 1296 lib.
2013 1258 2088 1304 Ill,
2136 1257 2256 1312 cap.
2297 1241 2406 1311 16).

2250 1353 2316 1409 Κ.
2355 1352 2422 1408 Vl
2453 1352 2630 1408 Nonas
2664 1352 2788 1407 ΜΑιι
2826 1353 2882 1423 (2
2917 1347 3092 1422 Maii).

1967 1446 2173 1500 Natalis
2194 1446 2338 1502 beati
2367 1443 2636 1499 Simeonis
2659 1442 2892 1512 episcopi
2919 1450 2974 1496 et
3009 1441 3263 1511 martyris
3289 1453 3338 1500 ι,
3371 1439 3467 1510 qni

1896 1538 2227 1608 propinquus
2263 1535 2563 1590 Salvatoris
2592 1534 2885 1589 secundum
2913 1548 3129 1588 carnem
3149 1575 3163 1598 ,
3195 1531 3462 1602 Ierosoly-

1897 1641 2106 1680 morum
2130 1625 2414 1695 episcopus
2443 1632 2566 1692 post
2594 1622 2850 1678 Iacobum
2883 1621 3106 1676 fratrem
3137 1621 3350 1676 Domini
3377 1630 3463 1676 est

1895 1718 2208 1782 ordinatus;
2241 1725 2295 1770 et
2333 1714 2715 1785 persecutione
2756 1712 2974 1782 Trajani
3014 1710 3181 1765 multo
3222 1719 3462 1780 tempore

111 1821 122 1830 .
219 1783 372 1851 ferte,
415 1785 484 1837 ait
527 1783 815 1850 Dominus,
855 1800 1086 1838 mensam
1139 1794 1187 1839 et
1227 1801 1432 1855 panem.
1489 1785 1792 1854 Statimque

1893 1805 2174 1876 suppliciis
2208 1783 2460 1866 allec—tus,
2495 1801 2753 1872 martyrio
2793 1809 3198 1856 consummatus
3217 1807 3323 1864 est,
3353 1813 3468 1852 om-

220 1873 438 1927 additur
470 1892 483 1926 :
524 1873 664 1928 Tulit
679 1892 888 1945 panem,
918 1888 964 1930 et
996 1877 1276 1943 benedixit,
1312 1889 1359 1932 et
1382 1878 1553 1948 fregit,
1578 1889 1624 1932 et
1653 1879 1795 1933 dedit

213 1962 418 2018 Iacobo
452 1964 630 2031 Iusto,
671 1967 904 2038 dixitque
925 1970 972 2022 ei
998 1986 1016 2022 :
1045 1967 1236 2023 Frater
1260 1972 1353 2036 mi,
1379 1971 1586 2024 comede
1611 1988 1796 2039 panem

217 2064 387 2119 tuum,
449 2057 574 2126 quia
599 2057 744 2134 [ilius
782 2059 1008 2112 hominis
1050 2060 1276 2114 surrexit
1326 2077 1357 2112 a
1399 2059 1791 2115 dormientibus.

215 2147 460 2216 Triginta
501 2157 664 2218 atque
694 2150 848 2205 annis
879 2149 1260 2221 Hierosolymae
1298 2152 1438 2206 rexit
1476 2150 1794 2215 Ecclesium,

217 2239 275 2293 id
312 2248 397 2294 est
431 2255 600 2309 usque
627 2239 696 2294 ad
724 2241 1010 2311 septinmm
1043 2240 1270 2296 Neronis
1305 2257 1535 2306 annum;
1567 2251 1622 2297 et
1639 2241 1794 2308 juxta

217 2332 479 2400 templum
505 2332 595 2386 ubi
636 2334 999 2402 praecipitatus
1025 2333 1201 2388 fuerat
1245 2335 1483 2404 sepultus
1511 2343 1612 2388 est.
1662 2334 1792 2401 Qni—

219 2423 342 2476 dam
365 2423 418 2476 in
441 2433 620 2479 monte
646 2423 836 2480 Oliveti
860 2439 981 2478 eum
1010 2428 1284 2481 conditum
1308 2435 1518 2496 putant,
1540 2427 1634 2480 sed
1660 2426 1793 2481 falsa

219 2528 409 2568 eorum
437 2515 616 2584 Opinio
644 2525 744 2571 est.
774 2516 1000 2586 Scripsit
1029 2526 1206 2572 autem
1236 2534 1395 2572 unam
1429 2526 1634 2572 tantam
1663 2517 1790 2588 Epi-

223 2604 440 2669 stolam,
472 2620 587 2674 qum
621 2606 688 2660 de
715 2615 921 2677 septem
953 2608 1221 2663 canocicis
1256 2619 1358 2664 est.

513 2719 573 2774 E.
621 2720 692 2774 IX
719 2721 853 2777 ΚΑι..
897 2721 1166 2778 Sensus.
1205 2723 1295 2792 (24
1321 2725 1503 2795 Aug.).

290 2806 499 2862 Natalis
518 2809 658 2863 beati
680 2808 1056 2865 Bartholomazi
1083 2812 1347 2882 apostoli;
1391 2813 1482 2883 qui
1521 2814 1662 2883 apud
1701 2811 1793 2868 ln-

216 2897 366 2951 diam
407 2897 606 2952 Christi
647 2899 990 2970 Evangelium
1039 2902 1370 2970 praedicans,
1437 2903 1792 2960 decollatione

218 2991 538 3060 martyrium
564 2992 872 3062 complevit.
903 2991 1073 3062 l-lnjns
1106 2995 1333 3065 apostoli
1367 2997 1790 3052 sacratissimum

214 3096 415 3148 corpus
434 3082 666 3150 primum
699 3083 764 3136 ad
794 3083 1020 3138 insulam
1062 3085 1300 3155 Liparis,
1339 3101 1457 3156 quae
1482 3086 1679 3142 Sicilia:
1707 3088 1787 3141 vi—

213 3173 337 3225 cina
364 3149 465 3237 est,
491 3174 686 3229 deinde
703 3173 1069 3230 Beneventum
1088 3149 1428 3242 translatum,
1453 3177 1540 3247 pia
1557 3177 1790 3234 ﬁdelium
1818 3149 1863 3211 ϐ

215 3266 570 3320 veneratione
594 3267 923 3324 celebratur.

496 3381 558 3434 E.
602 3381 693 3434 XII
733 3381 864 3436 KH...
915 3381 1164 3439 JANUARII
1208 3384 1291 3456 (2!
1333 3384 1507 3455 Dea).

287 3466 496 3524 Natalis
522 3471 664 3525 beati
690 3472 908 3527 'l‘bomte
929 3475 1173 3543 apostoli;
1201 3476 1290 3545 qui
1313 3475 1528 3530 Parthis
1549 3484 1602 3530 et
1624 3475 1791 3530 Medis

123 3591 133 3597 -
214 3561 566 3633 Evangelium
588 3567 916 3635 praedicans,
946 3583 1136 3636 passus
1174 3577 1256 3622 est
1298 3569 1350 3622 in
1383 3567 1549 3622 India.
1583 3567 1791 3637 Corpus

213 3653 336 3722 ejus
362 3655 412 3708 in
429 3657 724 3722 civitatem,
751 3673 910 3727 quam
935 3658 1056 3730 Syri
1081 3661 1338 3714 Edessam
1364 3669 1580 3726 vocant,
1608 3668 1788 3714 trans-

215 3743 410 3811 latum,
437 3747 615 3817 ibique
630 3749 788 3818 digno
810 3750 1012 3804 honore
1035 3752 1308 3805 conditum
1331 3763 1432 3806 est.

511 3859 571 3912 F.
612 3859 650 3912 ll
700 3860 831 3914 ΚΑι.
885 3861 1153 3917 Ocrounis
1191 3862 1272 3932 (2|
1308 3862 1495 3934 Sept.).

287 3947 458 4018 (llier.
490 3949 554 4002 de
584 3949 776 4018 Script.
805 3950 978 4004 Eccle.
1007 3951 1109 4016 in.)
1155 3951 1358 4006 Natalis
1380 3952 1523 4006 beati
1555 3951 1787 4005 Malthmi

213 4039 442 4109 apostoli
471 4050 527 4094 et
553 4041 891 4110 evangelista:
911 4081 924 4107 ,
965 4042 1054 4110 qui
1081 4043 1288 4111 primus
1315 4043 1367 4096 in
1395 4040 1575 4096 Iudaea
1606 4042 1786 4094 Evan-

211 4131 415 4201 gelium
447 4129 646 4184 Christi
679 4130 902 4185 Hebraeo
929 4147 1175 4186 sermone
1209 4132 1530 4200 conscripsit
1557 4130 1784 4201 (Matth.

211 4239 288 4287 ll;
326 4222 454 4275 Luc.
484 4225 569 4288 v);
599 4233 718 4292 post
745 4240 872 4278 vero
902 4225 1040 4294 apud
1083 4223 1412 4294 Aitliiopiam
1450 4225 1749 4294 prmdicans
1770 4264 1784 4289 ,

211 4314 535 4383 martyrium
570 4330 757 4384 passus
785 4324 888 4368 est.
921 4315 1292 4383 Evangelium,
1325 4315 1439 4383 ejus
1480 4315 1620 4385 stylo
1646 4315 1784 4368 scri-

210 4412 387 4472 ptum,
429 4404 544 4473 ipso
575 4405 866 4470 revelante,
896 4414 1136 4474 tempore
1174 4405 1406 4462 Zenonis
1443 4407 1786 4476 imperatoris

1896 1895 2054 1950 nibus
2095 1895 2186 1965 qui
2232 1894 2518 1960 adherant,
2565 1901 2619 1947 et
2650 1893 2765 1962 ipso
2801 1891 2981 1961 judice
3012 1889 3354 1953 mirantibus,
3405 1895 3465 1940 ut

1893 1995 2110 2042 centum
2160 1986 2357 2056 vigenti
2403 1999 2668 2038 annorum
2710 1999 2875 2038 senex
2924 1983 3103 2038 crucis
3144 1981 3463 2052 supplicium

1894 2077 2223 2147 pertulisset.
2249 2076 2492 2144 (Euseb,
2523 2076 2617 2128 lib.
2651 2090 2713 2140 it,
2736 2091 2854 2145 cap.
2881 2070 2996 2144 26.)

2213 2185 2272 2238 F.
2318 2185 2382 2240 Vl
2409 2185 2541 2238 KAL.
2578 2183 2780 2238 MART"
2818 2184 2907 2254 (25
2940 2182 3146 2254 Febr.).

1963 2274 2168 2329 Natalis
2195 2275 2366 2329 sancti
2407 2274 2643 2328 Matthia:
2687 2273 2953 2344 apostoli,
2983 2273 3073 2342 qui
3115 2279 3236 2341 post
3276 2285 3465 2326 ascen-

1894 2365 2100 2420 sionem
2127 2365 2340 2419 Domini
2367 2380 2396 2417 a
2429 2364 2603 2418 beatis
2630 2363 2888 2432 apostolis
2916 2371 3063 2417 sorte
3084 2362 3286 2416 electus
3309 2360 3462 2431 (Act.

1895 2455 1970 2524 ιο),
1999 2465 2160 2524 atque
2187 2456 2238 2509 in
2267 2455 2440 2510 locum
2466 2453 2616 2508 Iudae
2641 2454 2930 2523 proditoris
2959 2453 3166 2507 Domini
3196 2451 3459 2520 subroga-

1895 2551 2001 2610 tus,
2032 2545 2172 2613 apud
2192 2542 2432 2598 Judazam
2457 2543 2656 2598 Christi
2685 2542 3030 2612 Evangelium
3063 2541 3391 2610 praedicavit.

2239 2653 2305 2707 A.
2347 2651 2412 2705 ΙΙΙ
2451 2651 2571 2706 lous
2607 2649 2747 2705 IUNII
2791 2651 2872 2720 (Η
2916 2649 3112 2718 Iunii).

1963 2743 2130 2816 (Hier.
2159 2744 2223 2798 de
2253 2743 2449 2812 Script.
2476 2741 2620 2796 Eccl.
2650 2758 2699 2795 c.
2734 2740 2814 2811 6.)
2841 2739 3046 2794 Natalis
3069 2739 3236 2794 sancti
3261 2739 3466 2792 Barna-

1893 2839 1975 2894 bae
2005 2836 2256 2908 apostoli,
2289 2836 2380 2906 qui
2413 2850 2536 2890 cum
2559 2842 2700 2888 esset
2724 2832 2976 2904 Cyprius,
3009 2847 3128 2886 cum
3156 2829 3323 2884 Paulo
3345 2844 3468 2900 gen-

1894 2930 2026 2984 tium
2065 2927 2338 2998 apostolus
2386 2925 2666 2980 ordinatus
2696 2932 2778 2977 est
2817 2922 2956 2994 (Act.
2996 2921 3093 2991 xi).
3143 2921 3239 2975 Hic
3280 2926 3464 2988 postea

1893 3029 2112 3091 propter
2139 3017 2399 3074 Joannem
2429 3015 2770 3086 discipulum,
2796 3015 2888 3085 qui
2915 3022 2970 3068 et
2998 3013 3208 3067 Marcus
3239 3012 3468 3066 vocaba-

1898 3120 2003 3175 tur,
2033 3118 2312 3179 separatus
2339 3123 2370 3162 a
2393 3106 2578 3171 Paulo,
2599 3106 2948 3160 nihilominus
2965 3102 3298 3172 Evangelicm
3325 3117 3467 3172 pra:-

1895 3201 2186 3258 dicationis
2219 3201 2516 3270 injunctum
2543 3199 2644 3254 sibi
2687 3213 2822 3268 Opus
2861 3196 3134 3252 exercuit.
3163 3193 3326 3263 Cujus
3351 3207 3471 3248 cor-

1891 3307 1994 3363 pus
2020 3302 2262 3362 tempore
2294 3291 2526 3346 Zenonis
2590 3289 2954 3360 imperatoris,
3005 3287 3122 3359 ipso
3168 3285 3464 3349 revelante,

1893 3396 2161 3456 repertum
2189 3395 2290 3440 est.
2321 3384 2422 3439 Hic
2461 3399 2623 3439 unam
2655 3385 2721 3437 ad
2757 3381 3166 3438 aedificationem
3214 3377 3469 3434 Ecclesia:

1891 3479 2251 3548 pertinentem
2281 3475 2574 3547 Epistulam
2599 3474 2922 3545 composuit,
2955 3489 3076 3543 quae
3108 3480 3290 3527 tamen
3325 3470 3467 3524 inter

1890 3571 2229 3640 apocryphas
2255 3568 2471 3636 legitur.

2197 3679 2264 3733 D.
2298 3677 2390 3732 XV
2417 3678 2548 3732 ΚΑῑ..
2582 3677 2821 3730 Νονι-ῖιίιι.
2857 3675 2946 3745 (l8
2985 3674 3150 3745 σοι).

1961 3775 2154 3846 (llier.,
2184 3775 2250 3830 de
2285 3773 2480 3844 Script.
2523 3772 2670 3826 Eccl.
2702 3789 2750 3828 c.
2803 3773 2869 3836 7;
2906 3772 3100 3825 Euseb.
3151 3770 3204 3824 in
3245 3767 3465 3837 Chron.)

1889 3867 2095 3922 Natalis
2133 3867 2303 3922 sancti
2330 3865 2487 3920 Luca:
2539 3864 2904 3934 evangelista,
2954 3877 3072 3932 qua:
3118 3860 3217 3915 fuit
3252 3860 3467 3914 natione

1890 3958 2060 4030 Syrus
2107 3958 2507 4022 Antiochensis,
2540 3964 2655 4010 arte
2697 3956 2972 4020 medicus,
3001 3953 3293 4024 discipulus
3341 3967 3468 4022 apo-

1890 4050 2145 4105 stolorum
2177 4067 2191 4116 ;
2244 4048 2468 4103 Paulum
2517 4056 2734 4103 secutus
2763 4063 2932 4117 usque
2976 4047 3040 4101 ad
3073 4043 3465 4101 confessionem

1887 4125 2004 4211 ejus
2029 4142 2274 4196 serviens
2302 4142 2529 4196 Domino
2575 4140 2692 4194 sine
2735 4140 2990 4204 crimine;
3027 4153 3199 4208 neque
3243 4151 3464 4191 uxorem

1888 4249 2122 4304 unquam
2170 4234 2375 4288 habens
2405 4246 2578 4299 neque
2607 4230 2765 4285 lilios.
2821 4230 3170 4300 Septuaginta
3200 4237 3255 4282 et
3301 4227 3464 4280 trium

1887 4341 2150 4381 annorum
2196 4323 2330 4378 obiit
2375 4323 2426 4376 in
2479 4321 2969 4391 Bithynia,plenus
3005 4318 3208 4388 Spiritu
3254 4325 3464 4372 sancto.

1890 4415 2142 4487 Sepultus
2168 4422 2344 4467 autem
2378 4427 2518 4465 nunc
2543 4389 3011 4479 Constantinopoli
3038 4426 3052 4471 ;
3090 4409 3154 4463 ad
3190 4423 3349 4477 quam
3377 4422 3466 4460 ur-

215 4497 492 4550 inventum
519 4507 619 4552 est.
660 4499 800 4552 ldem
846 4508 1024 4553 autem
1069 4499 1351 4554 Mattlueus
1393 4499 1445 4553 in
1492 4499 1783 4570 Evangelia
1813 4500 1860 4559 D
1885 4508 2007 4562 hem
2048 4505 2306 4561 vicesimo
2331 4501 2629 4557 Constantii
2662 4515 2826 4564 anno,
2856 4515 2977 4553 ossa
3007 4497 3145 4568 ejus,
3173 4513 3296 4552 eum
3337 4496 3464 4551 reli-

215 4587 342 4642 Levi
375 4587 692 4656 appellatur.

537 4705 600 4758 G.
645 4704 688 4757 V
736 4705 868 4760 ΚΑι..
911 4706 1148 4761 Novus.
1181 4708 1272 4775 (9.8
1303 4705 1467 4776 0a.).

287 4796 434 4865 (Isid.
477 4795 540 4850 de
575 4796 680 4850 Vit.
705 4807 752 4850 et
785 4798 866 4850 ob.
908 4797 1010 4852 SS.
1051 4815 1098 4852 c.
1125 4799 1238 4869 8|.)
1284 4797 1485 4852 Natalis
1509 4799 1785 4852 beatorum

213 4888 578 4957 apostolorum
602 4889 838 4942 Simonis
867 4888 1179 4953 Chananzei,
1213 4891 1302 4958 qui
1328 4898 1378 4942 et
1414 4889 1626 4942 Zelotes
1655 4888 1790 4940 seri-

212 4979 381 5042 hitur,
413 4987 468 5032 et
516 4976 752 5042 Thatlaei,
781 4978 870 5048 qui
903 4979 1064 5032 etiam
1095 4977 1261 5033 Iudas
1300 4977 1484 5032 Jacobi
1513 4977 1704 5040 legitur
1732 4987 1788 5030 ct

212 5069 340 5124 alibi
369 5071 665 5140 appellatur
687 5071 926 5135 Lebzeus,
951 5073 1090 5140 quod
1110 5071 1493 5139 interpretatur
1522 5068 1782 5137 eoi-culus.

215 5163 260 5217 Ε
305 5164 498 5232 quibus
548 5163 814 5218 Thadteus
860 5165 1001 5234 apud
1045 5163 1526 5233 Me50p0tamiam,
1598 5162 1784 5216 Simon

212 5271 346 5309 vero
373 5256 512 5327 apud
559 5255 850 5327 Egyptum
883 5257 1114 5310 traditur
1154 5255 1506 5325 praedicasse:
1551 5253 1675 5307 inde
1717 5253 1786 5307 si-

1891 4598 2034 4668 quiis
2058 4597 2283 4651 Andrea:
2308 4592 2555 4664 apostoli,
2581 4590 2837 4645 translata
2865 4601 3008 4644 sunt.
3041 4588 3268 4658 Scripsit
3293 4589 3468 4642 Evan-

1890 4688 2104 4759 gelium,
2141 4687 2282 4756 quod
2327 4701 2431 4740 non
2463 4682 2634 4738 solum
2663 4682 2731 4737 ab
2779 4681 3020 4750 apostolo
3063 4679 3227 4733 Paulo
3257 4679 3462 4743 didicit,

1890 4781 1980 4850 qui
2011 4795 2133 4834 cum
2176 4777 2401 4832 Domino
2435 4776 2487 4830 in
2514 4788 2677 4830 carne
2722 4787 2826 4827 non
2869 4771 3065 4836 fuerat,
3089 4768 3180 4825 sed
3209 4778 3264 4824 et
3306 4786 3334 4823 a
3364 4786 3466 4823 ca:-

1894 4872 2024 4926 tcris
2067 4869 2342 4939 apostolis.
2390 4865 2542 4934 Quod
2586 4873 2641 4918 et
2690 4863 2804 4934 ipse
2843 4878 3056 4932 quoque
3107 4862 3159 4915 in
3203 4861 3466 4931 principio

1889 4963 2175 5018 voluminis
2203 4962 2283 5017 sui
2311 4960 2567 5022 declarat,
2595 4958 2781 5013 dicens
2807 4975 2819 5010 :
2841 4954 2984 5010 Sicut
3016 4955 3342 5009 tradiderunt
3373 4971 3464 5008 no-

1888 5055 1964 5109 bis
1991 5056 2080 5126 qui
2114 5073 2144 5107 a
2179 5054 2433 5123 principio
2463 5052 2563 5122 ipsi
2600 5051 2859 5112 viderunt,
2889 5034 2936 5101 et
2980 5046 3205 5100 ministri
3251 5046 3460 5114 fuerunt

1887 5147 2139 5201 sermonis
2175 5144 2324 5215 (Luc.
2372 5144 2432 5213 I).
2486 5142 2642 5196 Aliud
2684 5139 2930 5196 volumen
2973 5138 3139 5192 edidit
3167 5136 3479 5207 egregium,~

1887 5239 2029 5308 quod
2060 5238 2214 5292 titulo
2241 5235 2670 5306 Apostolicarum
2697 5235 2925 5309 ηραξέων
2951 5240 3300 5301 ρτωηοιειιιτ.
3347 5227 3457 5282 Cu-

212 5347 325 5401 mul
347 5345 620 5400 Persidem
649 5346 898 5417 ingrcssi,
927 5361 1047 5400 cum
1073 5346 1194 5400 ﬁdei
1219 5344 1414 5399 Christi
1446 5345 1782 5398 innumeram

1892 5327 1974 5396 ius
2009 5327 2237 5382 historia
2269 5341 2438 5395 usque
2465 5324 2531 5379 ad
2563 5323 2834 5378 biennium
2867 5323 3050 5377 Romae
3078 5317 3462 5376 commorantis

211 5439 389 5509 gentis
434 5439 603 5509 ipsius
632 5438 1029 5493 multitudinem
1075 5437 1464 5501 subdidissent,
1505 5443 1560 5490 et
1601 5433 1787 5488 Eccle-

210 5531 352 5585 siam
386 5530 592 5584 Domini
621 5529 726 5584 late
739 5529 850 5600 jam
877 5528 1154 5582 fundatam
1178 5527 1443 5592 viderent,
1472 5526 1786 5596 martyrium

213 5625 322 5688 ibi,
381 5639 596 5677 cursum
643 5623 901 5692 temporis
945 5621 1259 5691 explentes,
1301 5621 1456 5674 beato
1497 5619 1790 5674 certamine

289 5756 314 5784 ι
355 5742 410 5794 lu
437 5737 707 5806 ilarlyrol.
744 5736 966 5800 Adonis,
993 5745 1072 5791 est
1112 5735 1172 5788 l8
1199 5733 1356 5789 Febr.

1891 5419 2041 5474 Pauli
2079 5417 2342 5488 pervenit,
2375 5417 2426 5471 id
2469 5424 2574 5479 est,
2617 5429 2786 5484 usque
2833 5414 2899 5469 ad
2945 5420 3193 5483 quartum
3237 5408 3464 5464 Nemnis

1895 5527 2113 5567 annum.
2147 5511 2223 5565 Ex
2269 5526 2375 5580 quo
2408 5507 2754 5576 intelligimus
2790 5505 2842 5560 in
2873 5505 3112 5559 eamdem
3158 5500 3343 5555 urbem
3395 5499 3458 5552 li-

1894 5603 2047 5659 brum
2074 5619 2192 5658 esse
2219 5601 2592 5670 compositum.
