4024 6362
560 255 664 312 187

925 374 985 430 C.
1022 375 1108 430 \‘ll
1134 377 1262 433 CAL.
1304 378 1427 435 Mm
1455 382 1565 451 (‘25.
1595 384 1765 455 Αρν.).

632 485 802 557 (Hier.
830 487 894 541 de
918 486 1112 558 Script.
1165 489 1311 556 Eccl,
1343 508 1391 547 c.
1424 493 1501 553 8.)
1533 493 1736 552 Natalis
1762 500 1943 555 sancti
1970 502 2132 559 Marci

552 575 918 646 evangelistac.
951 577 1052 633 llic
1070 580 1357 650 discipulus
1393 594 1447 637 et
1485 584 1751 657 interpres
1785 592 2008 660 apostoli
2034 593 2135 650 Pe-

557 663 648 728 tri,
675 673 895 735 rogatus
938 665 1118 723 Roma:
1144 685 1173 722 a
1213 670 1486 737 fratribus,
1526 676 1741 747 scripsit
1764 679 2129 753 Evangelium,

553 756 698 824 quod
742 766 943 826 quanto
993 761 1197 816 tardius
1227 764 1442 818 cmteris
1493 767 1789 835 inchoavit,
1819 779 2026 829 tantum
2074 775 2129 831 in

554 845 795 919 longiora
825 851 1107 906 scribendo
1132 861 1372 924 tempora
1399 860 1663 925 porrexit.
1690 860 1773 917 Ab
1798 863 1952 921 initio
1978 882 2130 922 nam-

555 951 661 1006 que
712 941 1033 1010 evangelica:
1074 944 1488 1013 praedicationis,
1518 952 1659 1019 quod
1718 968 1815 1025 per
1866 951 2126 1027 Joannem

552 1027 751 1085 factum
796 1034 979 1102 erepit,
1003 1035 1068 1088 ad
1096 1035 1222 1092 illud
1258 1052 1428 1110 usque
1458 1050 1668 1112 tempus
1709 1049 1977 1104 narrando
2004 1065 2121 1119 per-

550 1120 717 1184 venit,
755 1136 862 1191 quo
897 1125 1125 1193 apostoli
1174 1127 1317 1183 idem
1361 1130 1633 1203 Evangelii
1663 1122 1897 1192 ‘vcrbum
1954 1146 2122 1196 totum

546 1212 890 1279 praedicando
939 1216 1361 1276 disseminavere
1403 1238 1501 1291 per
1546 1225 1754 1280 orbein.
1797 1227 1949 1294 Quod
2000 1246 2121 1286 cum

546 1298 740 1355 Petrus
775 1302 1016 1360 audisset
1042 1308 1311 1377 probavit,
1341 1321 1397 1365 et
1425 1312 1681 1371 Ecclesiis
1717 1317 1996 1388 legendum
2023 1336 2120 1377 sua

548 1395 870 1452 auctoritate
915 1400 1084 1456 edidit
1132 1420 1147 1456 :
1192 1419 1299 1473 quo
1347 1417 1657 1476 assumpto,
1709 1410 1850 1466 idem
1908 1412 2122 1471 Marcus

546 1485 787 1549 perrexit
812 1485 1123 1558 .lEgyptum,
1156 1500 1211 1547 et
1244 1494 1450 1562 primus
1477 1497 1819 1555 Alexandriae
1842 1500 2117 1558 Christum

546 1573 893 1641 annuntians,
923 1580 1200 1635 constituit
1244 1583 1546 1650 ecclesiam,
1581 1594 1729 1642 tanta
1773 1589 2017 1646 doctrina
2063 1602 2113 1647 et

546 1663 671 1714 vitae
714 1667 1076 1735 continentia,
1114 1680 1172 1725 ut
1218 1689 1405 1729 omnes
1453 1686 1747 1734 sectatores
1803 1682 1999 1738 Christi
2048 1685 2115 1739 ad

547 1754 851 1821 exemplum
884 1759 963 1811 sui
1010 1773 1243 1831 cogeret.
1275 1764 1517 1821 Meminit
1563 1770 1720 1839 hujus
1748 1771 1914 1829 Marci
1940 1784 1994 1829 et
2028 1775 2130 1831 Pe-

543 1846 659 1894 trus
686 1840 739 1895 in
783 1845 953 1911 prima
989 1847 1243 1918 Epistula,
1276 1856 1377 1910 sub
1405 1857 1620 1913 nomine
1662 1859 1951 1932 Babylonis
1981 1865 2113 1936 ﬁgu-

559 1930 745 1986 raliter
772 1933 996 1991 Romam
1028 1941 1339 2011 signiﬁcans
1371 1965 1383 2000 :
1419 1946 1627 2002 Salutat
1662 1968 1746 2005 ros
1767 1930 1885 2020 qua:
1912 1963 1989 2007 est
2019 1930 2126 2009 Ba-

545 2019 731 2086 bylone
774 2026 1089 2091 coelecta,et
1132 2031 1346 2088 Murcus
1395 2036 1541 2104 ﬁlius
1583 2056 1728 2094 meus
1767 2019 1821 2111 (I
1857 2041 1996 2097 Petr.
2043 2045 2119 2116 ν).

537 2116 748 2186 Quique
790 2122 1098 2178 constitutis
1146 2134 1201 2179 ct
1229 2127 1562 2185 conﬁrmatis
1607 2133 1863 2190 Ecclesiis
1891 2152 1989 2206 per
2032 2138 2123 2192 Li-

537 2204 710 2271 biam,
765 2207 1180 2279 Marmaricam,
1231 2217 1711 2289 Hammoniaeam,
1762 2224 2116 2296 Pentapolim,

537 2297 943 2368 Alexandriam,
976 2314 1141 2376 atque
1178 2307 1473 2382 Egyptum
1515 2314 1859 2383 universam;
1900 2321 1966 2374 ad
1996 2321 2121 2377 ulti-

539 2405 685 2444 mum
720 2401 898 2449 tentus
924 2406 1008 2451 est
1034 2414 1064 2451 a
1090 2402 1315 2471 paganis
1343 2406 1432 2472 qui
1481 2420 1856 2465 remanserunt
1879 2412 2115 2468 Alexan-

533 2481 681 2534 drire.
715 2482 816 2550 Qui
853 2487 1095 2544 videntes
1122 2505 1243 2545 eum
1294 2493 1380 2547 die
1427 2506 1614 2551 sancto
1660 2497 1881 2555 Pascha:
1922 2503 2115 2559 missas

462 2640 473 2647 ι
534 2569 843 2637 facientem,
865 2577 1125 2632 miserunt
1150 2579 1328 2636 funem
1353 2584 1405 2637 in
1429 2585 1567 2641 collo
1588 2585 1727 2657 ejus,
1750 2596 1802 2642 et
1829 2591 2115 2647 trahebant

530 2673 653 2713 eum
685 2662 751 2715 ad
781 2662 896 2718 loca
929 2664 1175 2734 Bucolizc,
1207 2686 1325 2736 qum
1349 2684 1505 2729 erant
1528 2673 1682 2743 juxta
1708 2695 1856 2735 mare
1884 2682 1984 2736 sub
2021 2698 2112 2736 ru-

531 2749 709 2818 pibus,
738 2753 825 2807 ubi
877 2764 995 2810 erat
1035 2761 1262 2815 ecclesia
1308 2775 1617 2821 constructa
1645 2807 1660 2834 ,
1705 2780 1761 2824 et
1807 2769 2111 2828 deﬂuebant

531 2854 724 2896 carnes
771 2842 886 2909 ejus
941 2847 992 2900 in
1028 2856 1245 2911 terram,
1272 2869 1337 2905 ac
1377 2871 1506 2909 saxa
1559 2858 1939 2917 inliciebantur
1985 2879 2109 2917 san-

534 3036 733 3085 rerem,
770 3025 857 3079 ubi
912 3027 1054 3083 circa
1107 3033 1334 3088 mediam
1387 3048 1595 3095 noctem
1638 3044 1812 3111 primo
1862 3048 2100 3118 angelica

531 3113 837 3172 visitatione
882 3120 1218 3180 confortatus
1246 3136 1361 3193 est;
1409 3131 1603 3188 deinde
1634 3135 1749 3205 ipso
1798 3139 2024 3196 Domino
2052 3143 2100 3197 ei

528 3215 839 3273 apparente,
872 3210 939 3264 ad
969 3213 1210 3270 coelestia
1254 3234 1413 3288 regna
1449 3234 1673 3281 vocatus
1710 3238 1813 3282 est.
1853 3230 1921 3285 At
1947 3248 2103 3289 mane

528 3297 657 3350 dum
688 3301 995 3358 traheretur
1037 3308 1102 3361 ad
1150 3309 1268 3366 loca
1297 3310 1547 3382 Bucolize,
1578 3321 1779 3389 gratias
1823 3339 2008 3391 agens,
2049 3337 2103 3383 et

527 3387 715 3445 dicens
753 3410 765 3444 :
795 3391 1038 3461 Domine,
1066 3398 1117 3453 in
1145 3416 1337 3458 manus
1364 3411 1483 3462 tuas
1506 3413 1824 3468 commendo
1854 3417 2099 3486 spiritum

528 3489 729 3544 meum,
758 3482 1042 3543 defunctus
1070 3501 1177 3555 est,
1208 3500 1261 3546 et
1306 3509 1337 3547 a
1366 3496 1498 3551 viris
1550 3500 1815 3571 religiosis
1857 3482 2100 3576 sepultus

512 3568 579 3631 fin
610 3569 729 3625 loco
753 3571 944 3641 lapidis
972 3579 1139 3634 excisi
1172 3595 1292 3636 cum
1322 3584 1510 3654 gloria.
1541 3568 1894 3649 Ordinaverat
1919 3568 2099 3652 autem

522 3672 621 3725 pro
644 3674 702 3714 se
730 3660 1067 3722 Alexandria:
1093 3670 1400 3742 episcopum
1426 3676 1715 3735 Anianum.
1745 3682 1989 3742 Mortuus
2015 3696 2100 3742 est

521 3758 698 3804 autem
734 3760 926 3808 octavo
956 3755 1182 3814 Neronis
1210 3778 1370 3818 anno.

816 3884 876 3938 C.
923 3884 1014 3941 νη
1049 3888 1183 3944 ΚΑι..
1209 3889 1455 3949 unum"
1486 3897 1596 3967 (26.
1625 3899 1793 3973 Dea).

584 3990 789 4048 Natalis
813 3994 1107 4052 beatissimi
1126 3999 1381 4070 Stephani
1408 4012 1814 4080 protomartyris
1844 4032 1855 4067 :
1886 4017 2097 4084 quinon

522 4081 693 4135 multo
736 4093 856 4151 post
897 4090 1264 4145 ascensionem
1310 4093 1510 4150 Christi
1558 4097 1626 4152 ab
1671 4081 1946 4171 apostolis,
1975 4124 2094 4163 cum

522 4182 666 4227 esset
694 4175 884 4244 plenus
929 4178 1033 4235 ﬁde
1059 4190 1113 4235 et
1161 4183 1363 4253 Spiritu
1408 4198 1620 4255 sancto,
1652 4193 1908 4251 diaconus
1948 4201 2097 4255 ordi-

526 4271 707 4317 natur.
736 4264 831 4319 llic
852 4264 1057 4325 faciens
1080 4272 1229 4342 signa
1254 4282 1307 4328 et
1326 4278 1564 4365 prodigia
1590 4296 1780 4352 magna
1802 4285 1853 4338 in
1878 4288 2093 4356 populo,

517 4352 705 4421 plenus
733 4357 902 4425 gratia
949 4369 1003 4414 et
1052 4363 1269 4429 virtute,
1307 4366 1357 4419 in
1395 4352 1613 4426 nomine
1651 4373 1864 4430 Domini
1918 4381 2085 4435 nostri

1551 262 1607 319 S.
1651 265 1899 321 ADONIS
1936 266 2365 324 ARCHIEI’ISC.
2412 271 2815 332 VlENNENSlS

3719 294 3813 352 £88

2166 388 2207 447 Α
2241 386 2376 455 (Act.
2410 404 2459 451 v,
2496 404 2569 450 vt,
2606 390 2724 459 vn).
2756 392 2921 462 Cujus
2959 395 3330 453 beatissimum
3371 415 3568 472 corpus
3613 408 3718 463 viri
3746 412 3813 466 ti-

2238 479 2429 533 morali
2464 492 2937 550 comportaverant
2978 494 3032 539 et
3083 484 3326 544 fecerunt
3371 492 3647 562 planctum
3697 516 3811 555 ma-

2235 582 2396 635 gnum
2456 584 2620 640 super
2679 588 2825 627 eum.
2880 573 3083 631 Scribit
3124 578 3318 636 beatus
3361 574 3537 640 Lucas
3584 602 3815 661 evange-

2232 656 2354 712 lista
2405 659 2773 718 beatissimam
2805 662 2921 733 ejus
2964 668 3268 736 passionem
3320 671 3377 726 in
3413 673 3641 731 Actibus
3687 656 3791 748 apo

2230 752 2510 811 stolorum.

2581 847 2642 904 C.
2679 849 2791 905 Vlll
2828 850 2953 907 lous
2998 850 3137 908 .luxn
3183 853 3237 923 (6
3282 855 3455 929 lum).

2298 937 2541 1008 (Euseb.,
2572 940 2664 997 lib.
2695 957 2756 1006 ιι,
2780 958 2828 996 c.
2862 943 2915 1008 1,
2943 952 2997 998 et
3018 943 3109 997 lib.
3135 960 3218 1011 ιιι,
3244 946 3425 1019 ε.25.)
3452 947 3661 1004 Natalis
3685 950 3814 1023 Phi—

2228 1026 2377 1098 lippi,
2403 1030 2493 1099 qui
2526 1030 2627 1085 fuit
2673 1049 2815 1087 unus
2844 1034 2908 1089 de
2935 1044 3140 1104 septem
3190 1039 3506 1096 diaconibus
3550 1044 3644 1112 qui
3689 1060 3811 1099 cum

2227 1119 2384 1174 beato
2414 1119 2688 1192 Stephano
2717 1126 2898 1179 statim
2940 1134 3061 1195 post
3088 1129 3465 1185 ascensionem
3507 1130 3715 1188 Christi
3744 1136 3811 1191 ab

2225 1212 2482 1279 apostolis
2525 1223 2651 1268 sunt
2696 1216 2967 1282 ordinati;
3018 1218 3085 1272 de
3131 1232 3243 1288 quo
3281 1220 3473 1276 beatus
3518 1221 3702 1279 Lucas
3755 1225 3809 1280 in

2222 1298 2453 1356 Actibus
2482 1303 2850 1372 apostolorum
2880 1305 2951 1377 (c.
2979 1322 3098 1374 vttt,
3124 1308 3240 1381 xm)
3272 1308 3461 1376 refert,
3489 1314 3633 1383 quod
3657 1315 3808 1385 signa

2221 1397 2277 1443 et
2306 1391 2547 1462 prodigia
2574 1393 2841 1462 faciendo,
2870 1397 3257 1467 praedicatione
3286 1416 3380 1455 sua
3406 1401 3713 1461 Samaritas
3738 1407 3807 1461 ad

2223 1474 2383 1532 ﬁdem
2425 1478 2625 1536 Christi
2646 1484 2939 1549 convertit,
2968 1495 3023 1540 et
3064 1484 3329 1544 Candacis
3358 1490 3557 1560 regina:
3593 1492 3805 1549 Ethio-

2220 1584 2347 1638 pum
2385 1572 2684 1628 studiosum
2730 1575 2783 1629 in
2835 1574 3130 1647 Scripturis
3160 1582 3491 1650 eunuchum,
3522 1585 3578 1639 in
3635 1586 3807 1653 fonte,

2220 1660 2417 1730 quiest
2443 1662 2497 1717 in
2529 1665 2648 1721 vico
2676 1665 2959 1731 Bethsoro,
2995 1669 3048 1723 in
3078 1670 3219 1725 tribu
3251 1669 3409 1739 Juda,
3448 1675 3711 1731 euntibus
3738 1681 3807 1733 ab

2158 1738 2206 1800 Β
2232 1752 2373 1807 Ᾰζιίίι
2401 1755 2467 1809 ad
2492 1754 2728 1823 Hebron,
2761 1759 2813 1812 in
2850 1760 3104 1816 vicesimo
3147 1760 3322 1831 lapide
3347 1764 3685 1835 baptizavit;
3715 1767 3806 1838 qui
3884 1792 3893 1801 -

2230 1856 2413 1916 postea
2446 1848 2586 1917 apud
2635 1848 2937 1904 Caesaream
2970 1852 3255 1922 requievit.
3292 1851 3450 1908 Juxta
3481 1870 3645 1925 quem
3696 1865 3807 1912 tres

2229 1937 2465 2007 virgines
2504 1939 2623 1993 filiae
2663 1940 2830 2010 ipsius
2876 1944 3225 2014 prophctfssre
3261 1945 3534 2002 tumulata:
3575 1946 3802 2017 iacent:

2229 2042 2351 2081 nam
2377 2040 2565 2097 quarta
2593 2029 2701 2084 ﬁlia
2720 2032 2861 2087 illius
2887 2034 3043 2104 plena
3067 2035 3269 2105 Spiritu
3297 2048 3487 2096 sancto
3508 2041 3565 2095 in
3588 2042 3806 2111 Epheso

2226 2117 2496 2171 occubuit.
2541 2119 2769 2185 Quidam
2821 2131 3001 2178 tamen
3051 2133 3265 2195 putant,
3292 2130 3432 2198 apud
3475 2128 3804 2203 Hierapolim

2225 2222 2318 2264 eas
2342 2210 2649 2278 tumnlatas,
2680 2213 2769 2268 ubi
2801 2216 3076 2284 apostolus
3105 2216 3382 2289 Philippus
3409 2237 3551 2278 unus
3572 2223 3641 2279 de
3664 2224 3802 2279 duo-

2224 2304 2396 2358 decim
2423 2306 2672 2374 quiescit.
2698 2306 2866 2376 Cujus
2909 2307 3076 2366 fuisse
3106 2312 3229 2367 ﬁlice
3255 2314 3323 2369 ab
3353 2315 3623 2385 aliquibus
3670 2320 3804 2373 seri.

2222 2393 2468 2463 ptoribus
2497 2404 2699 2464 putatae
2733 2405 2879 2452 sunt.

2538 2507 2603 2561 A.
2656 2507 2701 2563 ν
2740 2507 2862 2564 Inus
2900 2510 3120 2566 Aratus
3161 2512 3236 2583 (9.
3274 2513 3448 2583 Apr.).

2285 2594 2435 2650 Beati
2472 2595 2732 2652 Prochori
2791 2598 3027 2665 diaconi,
3055 2602 3453 2670 praeclarissimi
3481 2605 3587 2659 ﬁde
3614 2614 3673 2661 et
3702 2609 3801 2664 mi-

2216 2685 2412 2739 raculis
2439 2686 2559 2752 viri,
2588 2689 2728 2758 apud
2753 2688 3095 2746 Antiochiam
3121 2696 3380 2765 martyrio
3399 2700 3792 2765 consummati,

2214 2777 2395 2847 ibique
2425 2776 2774 2847 quiescentis.

2528 2887 2589 2942 C.
2620 2889 2685 2943 IV
2734 2881 2867 2946 Inus
2903 2890 3150 2948 human
3180 2894 3271 2967 (lt)
3293 2894 3468 2969 1am).

2285 2976 2434 3032 Beati
2464 2977 2746 3035 Nicanoris
2767 2982 2999 3048 diaconi,
3030 2987 3203 3055 gratia
3234 2987 3356 3042 ﬁdei
3382 2999 3439 3042 et
3466 2989 3673 3047 virtute
3700 2993 3795 3048 ad-

2132 3088 2176 3150 ρ
2214 3067 2465 3131 mirandi,
2496 3071 2637 3139 apud
2657 3070 2892 3142 Cyprum
2916 3074 3303 3144 gloriosissime
3324 3081 3588 3148 coronati,
3611 3082 3795 3154 ibique

2207 3160 2591 3216 venerabiliter
2614 3164 2828 3232 sepulti.

2596 3301 2657 3354 υ.
2689 3301 2801 3357 xui
2830 3303 2963 3359 Im.
2999 3304 3122 3360 MA“
3154 3307 3242 3377 (19
3258 3308 3430 3380 Apta).

2275 3386 2458 3444 Sancti
2508 3390 2751 3449 Timonis
2786 3395 2993 3450 diaconi
3023 3399 3160 3468 apud
3191 3399 3459 3467 Beroeam,
3489 3402 3583 3472 qui
3614 3405 3789 3473 primo

2202 3478 2392 3536 doctor
2416 3484 2635 3549 resedit,
2667 3483 2861 3541 deinde
2907 3487 3129 3544 verbum
3157 3489 3369 3546 Domini
3415 3494 3787 3551 disseminans

2202 3570 2349 3624 venit
2376 3570 2717 3641 Corinthum,
2743 3576 2922 3644 ibique
2951 3594 2980 3631 a
3012 3580 3313 3636 zelantibus
3362 3580 3564 3640 Iudaeis
3594 3594 3654 3642 et
3691 3603 3786 3643 no-

2201 3678 2324 3718 men
2362 3664 2559 3721 Christi
2606 3670 3053 3739 persequentibus
3095 3671 3297 3728 Grzecis
3330 3677 3581 3742 traditus,
3611 3687 3673 3732 ut
3702 3677 3785 3733 fe~

2201 3761 2345 3819 runt,
2366 3756 2538 3823 primo
2568 3756 2797 3813 ﬂammis
2824 3759 3072 3829 injectus,
3091 3762 3183 3817 sed
3207 3763 3340 3817 nihil
3364 3764 3559 3833 laesus;
3588 3766 3786 3823 deinde

2201 3844 2351 3898 cruci
2400 3844 2590 3902 aﬁixus
2638 3852 2954 3922 martyrium
3000 3866 3154 3908 suum
3204 3855 3466 3926 implevit.
3522 3856 3783 3930 Sepultus

2200 3940 2340 4009 apud
2367 3939 2683 3998 Corinthum
2710 3944 2961 4015 gloriose.

2521 4067 2581 4123 Β.
2614 4069 2664 4123 Χ
2683 4070 2815 4126 ΚΜ..
2844 4072 3135 4128 Fennuuut
3159 4075 3253 4146 (25
3275 4075 3451 4149 lam).

2259 4156 2445 4215 Sancti
2472 4159 2752 4217 Parmenaz
2774 4164 3006 4229 diaconi,
3029 4166 3121 4237 qui
3144 4169 3375 4226 traditus
3404 4170 3594 4240 gratiae
3614 4171 3713 4228 Dei
3744 4166 3799 4228 ι’

2198 4246 2453 4305 fratribus
2479 4249 2775 4319 iniunctum
2797 4253 3032 4310 oﬁicium
3057 4259 3456 4327 praedicationis
3480 4259 3640 4329 plena
3665 4261 3777 4319 ﬁde

2196 4341 2593 4396 consummavit
2629 4367 2650 4408 δ
2678 4345 2926 4415 martyrii
2957 4346 3181 4415 gloriam
3230 4349 3487 4421 adeptus,
3511 4349 3779 4423 Philippis

511 4441 639 4495 Jesu
683 4444 903 4512 Christi,
934 4465 964 4503 a
992 4426 1330 4521 quibusdam,
1362 4459 1452 4527 qui
1485 4471 1639 4516 erant
2116 4426 2164 4484 Ι)
2188 4430 2415 4498 quievu‘

509 4546 634 4600 qua:
679 4533 876 4591 dicitur
922 4538 1317 4599 Libertinorum
1343 4556 1399 4601 et
1427 4533 1918 4621 Cyrenensiumaet
1953 4533 2084 4616 In;-

513 4625 921 4696 xandrinorum,
953 4639 1007 4686 et
1033 4634 1122 4702 qui
1147 4649 1176 4687 a
1206 4635 1393 4694 Cilicia
1428 4652 1482 4696 et
1506 4642 1632 4699 Asia
1656 4660 1776 4703 cum
1807 4664 1873 4706 eo
1901 4653 2085 4725 dispu-

511 4714 774 4781 tantibus,
798 4727 853 4772 et
877 4723 1316 4791 conquirentibus
1350 4736 1511 4799 atque
1553 4733 1958 4809 altercantibus,
1984 4714 2085 4801 nec

514 4804 769 4863 resistere
812 4809 1130 4878 valentibus,
1178 4818 1455 4887 sapientia:
1504 4832 1557 4878 et
1601 4825 1822 4897 Spiritui
1872 4804 2079 4902 sancto,

508 4909 620 4964 quo
672 4895 1024 4969 loquebatur;
1079 4909 1347 4966 concitato
1394 4914 1590 4984 popqu
1637 4895 1702 4973 ac
1752 4895 2074 4990 senioribus,

508 4985 812 5055 scribisque
852 4991 1113 5051 adversus
1141 5011 1263 5053 eum
1312 5004 1597 5060 commotis
1627 5022 1639 5058 :
1671 5018 1855 5078 raptus
1882 5020 1938 5067 et
1978 5015 2075 5069 ad-

504 5074 703 5132 ductus
734 5077 786 5132 in
817 5082 1101 5139 concilium
1146 5098 1247 5142 est.
1280 5089 1520 5163 Cumque
1552 5074 1956 5157 insimularetur
1985 5105 2078 5159 ad-

510 5182 699 5226 versus
743 5171 918 5230 locum
969 5189 1213 5263 sanetum
1260 5192 1315 5238 et
1361 5185 1531 5258 legem
1577 5190 1857 5259 docuisse,
1889 5196 2078 5266 plenus

506 5255 711 5331 Spiritu
738 5277 946 5335 sancto,
971 5256 1207 5329 ostendit
1248 5255 1517 5345 quomodo
1540 5280 1696 5338 Jesns
1722 5255 1970 5344 Christus
2010 5305 2077 5346 ex

504 5347 623 5421 lege
672 5368 1070 5417 monstraretur
1113 5374 1170 5419 et
1214 5368 1510 5437 prophetis.
1565 5372 1635 5426 At
1675 5375 1747 5430 illi
1784 5379 2077 5438 stridentes

504 5439 757 5502 dentibus
781 5448 832 5503 in
860 5467 1006 5517 cum,
1033 5463 1088 5509 et
1132 5455 1424 5516 frementes
1472 5463 1523 5516 in
1553 5466 1804 5522 cordibus
1832 5470 1961 5535 suis,
1991 5480 2076 5526 at-

504 5544 608 5607 quc
634 5550 791 5594 aures
805 5556 929 5597 suas
949 5547 1386 5616 comprimentes.
1409 5551 1607 5621 impetu
1628 5553 1784 5622 facto,
1800 5558 2075 5628 cjeccrunt

499 5633 623 5675 cum
648 5634 797 5685 extra
827 5632 1120 5701 civitatem,
1155 5647 1203 5693 ct
1229 5637 1495 5708 lapidatus
1524 5654 1727 5703 martvr
1749 5647 2073 5710 obdormivit

2471 4540 2533 4598 C.
2563 4544 2636 4598 lx
2678 4545 2811 4600 ΚΑι.
2846 4546 3132 4604 Faunum"
3170 4551 3262 4622 (24
3307 4551 3483 4623 1am).

2262 4629 2464 4688 Natalis
2491 4637 2662 4690 sancti
2695 4634 2962 4693 Timothei
2995 4640 3238 4710 discipuli
3272 4642 3414 4698 beati
3455 4641 3608 4698 Pauli
3638 4659 3771 4715 apo-

2188 4722 2331 4785 stoli,
2357 4724 2448 4794 qui
2478 4726 2617 4794 apud
2660 4727 2927 4796 Ephesum
2968 4744 2997 4783 a
3024 4731 3182 4786 beato
3209 4732 3452 4802 apostolo
3479 4735 3770 4807 episcopus

2191 4814 2492 4880 ordinatus,
2527 4828 2649 4887 post
2671 4817 2871 4875 multos
2891 4835 2991 4890 pro
3014 4821 3230 4879 Christo
3254 4839 3455 4895 agones
3485 4827 3764 4883 dormivit.

2181 4908 2346 4979 Cujus
2393 4924 2588 4980 corpus
2634 4927 2756 4967 cum
2798 4913 3041 4983 reliquiis
3072 4914 3212 4970 beati
3252 4917 3484 4975 Andreae
3513 4928 3570 4974 et
3599 4918 3767 4976 Luca:

2182 4999 2438 5056 vicesimo
2485 5001 2785 5057 Constantii
2827 5018 2970 5059 anno
3021 5003 3542 5079 Constantinopolim
3576 5017 3789 5088 transi

2184 5090 2351 5144 latum
2375 5097 2475 5146 est.

2534 5206 2596 5260 D.
2638 5206 2682 5261 ll
2708 5205 2844 5262 Non.
2869 5205 3117 5266 laneum
3146 5209 3201 5282 (ι
3223 5210 3399 5283 lam).

2253 5293 2457 5349 Natalis
2477 5295 2617 5352 beati
2647 5297 2751 5352 Titi
2782 5299 3144 5369 apostolorum
3175 5302 3454 5372 discipuli;
3485 5304 3578 5374 qui
3608 5305 3767 5361 ordia

2186 5395 2341 5442 natus
2381 5387 2452 5441 ab
2478 5388 2717 5456 apostolo
2744 5388 2911 5445 Paulo
2948 5389 3284 5449 Cretensium
3326 5394 3635 5466 episcopus,
3666 5396 3763 5453 cui

2184 5477 2345 5532 etiam
2394 5476 2685 5548 Epistolam
2718 5482 2863 5537 omni
2904 5482 3159 5539 Ecclesia:
3204 5485 3298 5540 Dei
3342 5487 3757 5547 celeberrimam

2184 5565 2322 5621 idem
2379 5568 2654 5637 apostolus
2707 5572 2892 5637 misit,
2924 5585 3046 5641 post
3086 5575 3482 5644 prwdicationis
3520 5577 3753 5634 oﬁicium

2185 5653 2490 5712 ﬁdelissime
2542 5671 2997 5730 consummatum,
3044 5664 3256 5723 beatum
3300 5666 3460 5723 ﬁnem
3506 5670 3749 5745 adeptus.
