4024 6362
190 318 321 377 189
1185 301 1789 365 MARTYBOLOGIUM

1929 300 1973 355 Μ
2006 296 2542 357 ADDITAMENTIS.
3382 284 3499 349 190‘

191 434 467 505 sepultus
491 437 574 487 est
598 429 653 484 in
676 426 905 484 ecclesia
949 425 1041 480 ubi
1072 438 1100 478 a
1129 424 1287 479 beato
1335 420 1592 493 Apostolo
1622 419 1797 474 fuerat
1826 420 1875 479 Α
1900 432 2050 486 quem
2080 416 2253 470 remisi
2290 429 2308 467 :
2333 424 2392 468 tu
2425 421 2598 467 autem
2618 409 2791 505 illum,
2821 394 3202 505 id‘est‘viscera
3229 424 3344 505 mea
3365 426 3486 464 sus-

195 497 422 594 di—gnus
446 516 1067 576 minister-constitutus.
1909 506 2019 575 cipe
2047 502 2297 575 (Philem.
2331 503 2368 575 ι)
2396 520 2411 569 ;
2456 517 2615 573 quem
2647 500 2840 554 beatus
2880 499 3020 553 idem
3061 497 3348 569 Apostolus
3373 501 3489 570 epi-

575 628 641 685 C.
691 625 782 682 V'll
829 626 951 681 lous
978 622 1105 678 Mm
1156 624 1209 695 (9
1252 621 1429 693 Maii).

283 741 506 798 Natalis
533 737 708 795 sancti
751 734 985 800 Hermae,
1018 733 1172 804 cujus
1199 729 1478 801 apostolus
1518 729 1714 783 Paulus
1742 726 1813 782 ad

200 836 506 890 Romanos
531 828 778 886 scribens
810 823 1059 880 meminit
1091 837 1106 877 :
1136 820 1382 878 Salutate
1406 818 1807 890 Phlegontham,

205 922 483 986 Heruteu,
510 916 819 978 Patrobam,
843 912 893 966 Η
897 928 1099 976 erman,
1121 919 1169 964 et
1196 910 1284 982 qui
1309 917 1431 964 sunt
1458 923 1576 963 cum
1604 906 1678 960 eis
1703 904 1815 975 [ra-

204 1024 326 1067 tres
354 1009 529 1081 (Rom.
562 1005 699 1077 xvr).
748 1002 902 1059 Hunc
935 1008 1188 1056 asserunt
1231 1007 1510 1053 auctorem
1535 1009 1657 1052 esse
1690 994 1813 1049 libri

207 1102 316 1170 qui
376 1097 680 1169 appellatur
712 1093 907 1149 Pastor
951 1108 965 1146 :
1010 1099 1068 1145 et
1104 1090 1247 1161 apud
1291 1086 1551 1158 quasdam
1594 1084 1816 1141 Graecia:

211 1191 494 1247 ecclesias
532 1188 700 1243 etiam
731 1184 945 1255 publice
975 1182 1191 1254 legitur.
1236 1181 1441 1235 Revera
1479 1178 1626 1233 utilis
1656 1177 1812 1243 liber,

215 1279 495 1348 multique
545 1277 612 1330 de
670 1289 735 1330 eo
790 1272 1119 1341 scriptorum
1171 1278 1416 1349 veterum
1490 1279 1817 1336 usurpavere

217 1367 582 1430 testimonia;
634 1362 730 1418 sed
785 1360 925 1432 apud
980 1358 1205 1416 Latinos
1253 1371 1389 1429 pene
1448 1356 1663 1429 ignotus
1713 1364 1814 1410 est.

219 1459 336 1527 Qui
389 1457 550 1528 digne
601 1454 711 1508 Deo
742 1451 1097 1522 semetipsum
1150 1449 1465 1503 sacrilicans
1515 1447 1818 1518 acceptabi-

220 1551 409 1620 lisque
432 1548 544 1603 Deo
566 1546 740 1601 hostia
764 1545 960 1609 factus,
982 1543 1272 1599 virtutibus
1299 1542 1599 1597 clarissime
1626 1540 1818 1596 funda-

226 1650 342 1706 tus,
366 1638 485 1695 coeli
512 1653 673 1708 regna
696 1635 907 1707 petivit.
925 1633 1177 1705 Sepultus
1199 1634 1338 1703 apud
1361 1633 1547 1688 urbem
1570 1632 1815 1687 Romam.

228 1732 451 1793 Titulus
483 1732 702 1786 nomine
743 1729 912 1799 ipsius
937 1769 952 1794 ,
991 1725 1146 1797 juxta
1173 1728 1315 1798 quod
1342 1708 1715 1797 baptisterium
1745 1737 1812 1777 ex

228 1822 579 1886 facultatibus
624 1830 825 1877 sant-tm
881 1817 1142 1873 Praxedis
1207 1826 1290 1874 cst
1340 1825 1709 1879 exstructum,
1759 1824 1815 1870 et

226 1913 396 1970 beato
445 1910 541 1968 Pio
598 1907 860 1978 discipulo
917 1906 1281 1977 apostolorum
1331 1912 1589 1975 operante
1637 1902 1814 1959 studio

230 2014 636 2068 consecratum,
675 1999 1061 2055 venerabiliter
1084 1999 1132 2054 ei
1165 2006 1402 2053 statutus
1422 2004 1526 2053 est.

520 2137 578 2197 E.
618 2136 736 2195 XIV
768 2135 901 2193 KAL.
943 2133 1143 2195 MART"
1185 2133 1277 2204 (16
1325 2131 1530 2203 Febr.).

304 2249 514 2304 Natalis
538 2248 710 2304 sancti
733 2246 972 2302 Onesimi
994 2284 1010 2310 ,
1054 2244 1122 2300 de
1147 2260 1255 2315 quo
1299 2245 1491 2300 beatus
1529 2242 1816 2313 Apostolus

233 2340 536 2402 Philemoni
552 2339 845 2394 familiares
859 2336 1067 2392 litteras
1088 2336 1274 2391 mittit.
1302 2334 1527 2391 Obsecro
1547 2344 1599 2388 te
1618 2334 1683 2388 de
1702 2349 1815 2388 meo

234 2432 346 2507 ﬁlio
386 2449 538 2504 quem
580 2432 732 2501 genui
767 2431 824 2484 in
860 2427 1082 2484 uinculis
1123 2427 1406 2493 Onesimo,
1459 2427 1548 2498 qui
1580 2426 1673 2481 tibi
1710 2427 1813 2481 ali-

235 2524 449 2593 quando
482 2522 680 2577 inutilis
708 2521 808 2590 fuit
824 2558 842 2591 ,
867 2535 1003 2573 nunc
1025 2529 1200 2573 autem
1222 2528 1271 2573 et
1295 2519 1422 2572 mihi
1443 2527 1492 2573 et
1518 2518 1609 2573 tibi
1632 2516 1775 2572 utilis
1799 2557 1815 2585 ,

317 2669 345 2696 ι
386 2653 550 2708 Trans
585 2652 807 2707 Pontum
836 2668 980 2706 mare
1021 2653 1074 2705 in
1099 2667 1269 2721 eremo
1299 2651 1437 2721 quod
1456 2649 1816 2721 adjacet'civi-

240 2726 342 2781 tati
367 2723 658 2780 Chersome.
680 2724 763 2777 Ad
786 2723 1004 2781 verbum
1031 2738 1096 2776 ex
1120 2720 1269 2777 Actis
1291 2720 1431 2790 apud
1453 2720 1815 2790 Mpmbritium

240 2807 379 2851 tom.
413 2795 451 2855 l,
481 2794 676 2863 quibus
702 2791 1049 2863 consentiunt
1076 2805 1207 2863 mea
1235 2789 1471 2863 mss._|ta
1496 2789 1641 2863 Beda
1677 2805 1817 2861 quo-

236 2882 348 2936 que
372 2874 428 2919 et
448 2860 724 2936 Rahanus.
755 2862 974 2925 Menaza,
1006 2860 1519 2936 xxtv_Novembris;
1546 2860 1627 2936 ξεν
1647 2860 1819 2934 ὶρήμω

236 2930 386 3008 trahit
415 2935 756 3008 παρᾳιιειμίνη
866 2940 1103 3008 Χερςῶνι,
1133 2931 1187 2984 in
1211 2930 1414 3008 deserta
1458 2930 1682 3008 civitate
1703 2930 1819 3008 qua:

237 3001 774 3075 adjacet__'_Chersoni.
808 3001 1198 3075 Metapbrastes
1224 3001 1411 3075 eadem
1444 3001 1535 3075 _die
1564 3001 1820 3075 cumMe—

237 3070 409 3130 nmis:
444 3072 593 3126 Ultra
619 3083 667 3126 et
692 3070 1028 3134 Pontum,'in
1055 3072 1312 3125 desertam
1359 3071 1636 3137 civitatem,
1663 3072 1818 3125 sitam

1909 611 2129 666 scopum
2159 596 2416 650 ordinans
2434 634 2448 659 ,
2485 590 2989 663 praedicationisque
3017 589 3240 644 verbum
3268 590 3316 645 ei
3338 605 3486 645 com—

1909 689 2148 752 mittens,
2197 686 2338 757 apud
2389 684 2745 756 Ephesiorum
2774 681 3048 736 civitatem
3097 678 3348 749 reliquit;
3399 681 3483 735 cui

1910 779 2191 850 episcopus
2218 784 2340 847 post
2372 776 2589 830 beatum
2630 771 2971 828 Timotheum
3015 777 3072 826 et
3116 770 3232 842 ipse
3266 772 3484 826 resedit.

1913 868 1988 923 De
2003 882 2111 939 quo
2132 876 2185 922 et
2205 864 2642 936 beatuslgnatius
2662 861 2911 932 Ephesiis
2931 861 3150 916 mittens
3171 859 3489 932 Epistolam,

1922 955 1995 1011 ita
2021 955 2153 1011 dicit
2174 954 2372 1025 (Ignat.
2404 968 2491 1025 ep.
2521 951 2586 1007 14
2609 951 2675 1006 ad
2703 949 2865 1021 Eph.)
2897 967 2910 1004 :
2938 949 3201 1015 Quoniam
3232 966 3354 1020 ergo
3375 967 3494 1005 sus-

1917 1047 2032 1117 cepi
2057 1028 2444 1101 multitudinem
2484 1051 2705 1097 vestram
2726 1042 2781 1095 in
2804 1041 3012 1095 nomine
3032 1039 3248 1095 Domini
3276 1041 3329 1095 in
3355 1039 3495 1117 One—

1915 1138 2070 1202 simo,
2101 1135 2292 1190 dilecto
2320 1142 2635 1204 pra'ceptore
2663 1141 2839 1186 nostra
2859 1170 2873 1196 ,
2906 1138 3072 1186 vestro
3100 1139 3273 1184 autem
3303 1131 3497 1201 episco-

1915 1244 1980 1297 po
2000 1244 2019 1293 ,'
2042 1226 2250 1281 obsecro
2280 1241 2398 1280 eum
2429 1223 2713 1279 secundum
2743 1221 2925 1277 Iesum
2965 1219 3229 1275 Christum
3276 1221 3493 1293 diligere

1916 1335 2023 1382 ros,
2047 1328 2093 1372 et
2123 1334 2209 1371 vos
2231 1333 2407 1371 omnes
2430 1317 2484 1370 in
2498 1313 2778 1369 concordia
2807 1313 2921 1381 ejus
2947 1313 3002 1367 in
3032 1312 3143 1379 ipso
3172 1313 3483 1379 esse;bene-

1918 1409 2090 1462 dictus
2114 1408 2250 1462 enim
2275 1407 2552 1471 Dominus,
2581 1407 2671 1476 qui
2708 1404 2848 1459 vobis
2888 1404 3079 1458 talibus
3108 1411 3269 1459 talem
3298 1405 3497 1475 episco-

1919 1514 2040 1568 pum
2060 1498 2271 1552 donavit
2293 1497 2482 1550 habere
2501 1496 2556 1550 in
2569 1494 2797 1549 Christo.
2821 1492 2916 1549 llic
2936 1493 3163 1548 Romam
3177 1493 3490 1564 perductus,

1922 1594 2083 1658 atque
2128 1588 2199 1643 ibi
2246 1602 2347 1658 pro
2398 1585 2502 1640 ﬁde
2549 1584 2750 1640 Christi
2800 1584 3092 1655 lapidatus,
3134 1584 3374 1655 sepultus
3412 1595 3497 1640 est

1921 1677 2122 1735 Christi
2153 1686 2360 1748 martyr
2383 1677 2616 1747 primum
2640 1673 2712 1730 ibi
2738 1691 2752 1740 ;
2784 1674 2910 1729 inde
2949 1675 3015 1728 ad
3044 1674 3162 1730 loca
3188 1676 3293 1729 ubi
3322 1674 3498 1730 fuerat

1842 1777 1890 1838 Β
1919 1768 2198 1826 ordinatus
2221 1769 2525 1841 episcopus,
2552 1782 2748 1838 corpus
2770 1766 2885 1838 ejus
2907 1775 2988 1823 est
3014 1765 3269 1822 delatum.

2196 1883 2269 1953 Ε.
2311 1880 2385 1937 1X
2418 1880 2551 1935 Κιι..
2592 1880 2866 1935 Decesse.
2902 1879 2994 1950 (25
3025 1878 3209 1950 Natu).

1988 1976 2260 2049 (Hierom,
2286 1974 2350 2028 de
2369 1971 2517 2027 Eccl.
2543 1969 2765 2041 Script.,
2789 1985 2839 2025 c.
2864 1970 2961 2035 15;
2994 1967 3320 2038 Pontificum,
3345 1985 3393 2023 (τ.
3417 1969 3494 2040 4).

1916 2070 2123 2126 Natalis
2140 2068 2318 2125 sancti
2348 2065 2676 2130 Clementis,
2722 2065 2788 2121 de
2836 2079 2944 2135 quo
2983 2064 3257 2135 apostolus
3300 2064 3500 2121 Paulus

1915 2166 2032 2219 ait:
2070 2162 2200 2217 Cum
2232 2159 2497 2215 Clemente
2536 2167 2585 2212 et
2629 2158 2831 2213 ctrteris
2877 2156 3296 2228 cooperator-ibus
3337 2156 3497 2220 meis,

1915 2272 2138 2327 quorum
2168 2253 2380 2308 nomina
2402 2250 2592 2304 suntin
2611 2248 2744 2327 libro
2769 2249 2887 2302 uiue
2909 2246 3075 2318 (Phil.
3093 2245 3190 2317 tv).
3220 2245 3321 2302 llic
3342 2262 3499 2317 quar-

1918 2325 2004 2399 tus
2031 2354 2153 2415 post
2194 2340 2414 2396 Petrum
2459 2336 2645 2394 Romae
2674 2325 2961 2407 cpiscopus
2990 2336 3276 2408 (siquidem
3304 2336 3503 2392 secuti;

1915 2436 2017 2492 dus
2043 2435 2212 2491 Linus
2242 2432 2363 2499 fuit,
2404 2431 2594 2486 tertius
2640 2429 2970 2499 Anacletus)
3003 2428 3102 2483 sub
3126 2430 3498 2500 persecutione

1918 2524 2136 2596 Trajani
2167 2536 2216 2591 ι,
2250 2531 2401 2577 trans
2428 2520 2660 2575 Pontum
2684 2533 2833 2574 mare
2862 2535 2917 2573 ιιι
2947 2533 3152 2585 eremo,
3183 2518 3323 2589 quod
3351 2518 3497 2587 adja-

1919 2656 2019 2712 SS.
2049 2655 2143 2709 lib.
2174 2673 2205 2710 x
2231 2695 2247 2719 ,
2276 2669 2394 2724 cap.
2420 2653 2488 2709 98
2508 2692 2523 2718 ,
2569 2667 2689 2720 quae
2720 2659 2794 2724 et,
2821 2650 3246 2724 ipseparonius
3301 2651 3498 2724 recitat

1919 2736 2051 2782 tom.
2093 2725 2141 2780 Χ
2168 2720 2459 2779 Annalium
2496 2737 2637 2777 anno
2671 2722 2871 2777 Christi
2899 2720 3002 2775 867
3029 2739 3042 2773 :
3065 2740 3083 2772 ι
3112 2721 3251 2782 Leo,
3300 2720 3494 2789 inquit,

1918 2798 2205 2866 episcopus
2233 2794 2519 2866 Ostiensrs,
2538 2791 2728 2866 _tradit
2750 2791 2893 2866 quod
2940 2799 3178 2866 tempope
3202 2789 3496 2866 Michaelis

1921 2859 2258 2937 imperatoris
2271 2861 2872 2937 Constantinopolitani,
2886 2859 3103 2937 quidam
3120 2859 3395 2930 Philippus
3409 2876 3493 2937 sa-

1919 2930 2111 2991 cerdos
2141 2935 2428 2990 Chersonae
2463 2930 2717 2995 veniens,
2755 2932 2821 2985 de
2847 2932 2931 2985 his
2964 2946 3083 2999 quae
3118 2941 3409 2984 narrantur
3439 2930 3492 2984 in

1919 3007 2155 3062 Historia
2177 3004 2346 3060 sancti
2368 3003 2683 3066 Clementis,
2706 3003 2770 3056 de
2793 3002 2957 3056 maris
2971 3001 3271 3069 aperitione
3288 3000 3499 3054 habita-

1924 3086 2069 3133 tores
2090 3075 2460 3142 intcrrogavit.
2480 3073 2580 3140 Qui
2598 3072 2728 3127 nihil
2753 3073 2818 3126 de
2842 3073 2943 3126 hoc
2964 3072 3104 3126 scire
3124 3070 3350 3142 professi
3368 3078 3501 3142 sunt

237 3162 400 3228 prope
448 3143 780 3196 Chersonem.
806 3142 882 3195 Ita
910 3142 1059 3196 vides
1106 3141 1249 3222 πόλιν
1284 3154 1314 3193 a
1335 3136 1653 3221 quibusdam
1683 3158 1811 3196 con-
1847 3136 1891 3197 C
1924 3164 1990 3203 eo
2028 3147 2168 3217 quod
2200 3136 2417 3199 advena:
2444 3136 2614 3213 magis
2644 3157 2805 3212 quam
2835 3142 3095 3265 indigena:
3117 3136 3291 3195 erant.
3322 3139 3502 3211 Siqui-

240 3224 482 3265 mnctam
512 3228 633 3265 cum
680 3214 867 3265 ἕοηιιω.
897 3222 956 3264 ιιι
982 3226 1134 3265 uuas:
1157 3210 1461 3265 innuimus-
1489 3226 1580 3265 seu
1615 3212 1821 3265 deserta
1927 3218 2047 3265 dom
2076 3215 2394 3265 miraculum
2422 3214 2550 3265 illud
2579 3213 2886 3265 iamdudum
2913 3228 2981 3265 ο)
3011 3211 3366 3265 habitantium
3394 3209 3501 3265 cul-

2966 3231 2981 3265 )

234 3210 482 3288 junctam
512 3228 633 3288 cum
680 3214 867 3288 ἔρημῳ,
897 3222 960 3288 ut
982 3212 1134 3280 quasi
1157 3210 1461 3285 ipnpéno‘nc
1489 3226 1580 3266 seu
1615 3212 1821 3288 deserta

240 3281 430 3339 civitas
462 3281 727 3355 indicetur
745 3281 853 3355 ;ab
873 3281 992 3355 aliis
1012 3297 1141 3355 vero
1161 3281 1282 3335 cum
1305 3290 1551 3355 xquévt,
1578 3291 1637 3335 ut
1662 3283 1825 3351 quasi

240 3368 461 3410 eremus
510 3350 763 3421 adjacens
793 3352 993 3405 civitati
1021 3350 1310 3407 Chersonae
1340 3350 1663 3421 insinuetur.

318 3424 425 3477 Sed
446 3422 564 3492 quis
580 3420 738 3476 locus
759 3422 932 3475 exsilii
958 3422 1127 3492 sancti
1148 3420 1442 3492 Clementis
1470 3436 1621 3490 papae
1630 3420 1824 3492 fuerit,

248 3488 488 3547 nondum
515 3492 670 3546 video
701 3491 844 3545 clare
887 3491 1230 3562 explicatum.
1272 3488 1601 3562 Breviai-uin,
1629 3488 1828 3562 Roma-

247 3578 382 3632 num
423 3570 547 3616 ante
586 3570 914 3632 postremam
944 3560 1350 3632 correctionem
1378 3560 1683 3632 exhibebat
1725 3574 1739 3613 :
1783 3561 1822 3612 Α

249 3630 485 3701 Trojano
527 3629 839 3701 imperatore
877 3630 1134 3701 relegatus
1173 3639 1245 3701 est
1285 3632 1338 3683 in
1368 3630 1592 3684 insulam
1618 3629 1827 3699 Lyciw;

248 3700 398 3758 nunc
425 3717 521 3771 pro
540 3703 594 3771 in
625 3700 851 3754 insulam
887 3700 1093 3771 Lyciis,
1134 3700 1483 3771 substitutum
1504 3710 1655 3771 trans
1685 3716 1829 3754 mare

252 3768 504 3828 Pontum.
539 3770 841 3839 Utrumque
889 3768 947 3824 in
987 3769 1137 3825 Actis
1165 3768 1457 3825 Clementis
1500 3769 1666 3824 babes
1689 3773 1828 3838 apud

250 3842 642 3896 Mombritium.
679 3840 830 3907 Quod
858 3848 1038 3894 autem
1082 3840 1347 3895 Batonius
1393 3840 1459 3894 ad
1504 3839 1646 3894 diem
1691 3856 1827 3895 χχιιι

248 3911 572 3966 Novembris
598 3911 675 3965 ait
708 3910 857 3965 Actis
884 3909 1179 3966 Clementis
1204 3910 1406 3965 nullam
1447 3911 1512 3965 de
1549 3909 1710 3980 Lycia
1735 3911 1831 3965 ba-

247 3982 370 4037 beri
397 3983 743 4039 mentionem.
777 3991 923 4050 recte
949 3980 1165 4050 quidem
1206 3982 1272 4036 de
1291 3982 1443 4036 Actis
1485 3980 1625 4049 apud
1667 3980 1831 4036 Meta-

248 4053 533 4121 phrastem
559 4051 838 4120 intelligat.
872 4049 1005 4104 Nam
1036 4051 1175 4120 apud
1204 4050 1587 4121 Mombritium,
1618 4058 1750 4106 tom.
1785 4051 1824 4115 Ι,

248 4120 324 4175 sa
344 4121 548 4175 calcem
576 4121 830 4175 Actorum
874 4121 947 4174 ita
978 4122 1205 4175 habetur
1231 4138 1243 4174 :
1277 4140 1296 4172 ι
1324 4120 1520 4176 Passus
1546 4129 1628 4175 est
1650 4132 1828 4175 autem

248 4190 579 4245 venerabilis
628 4191 739 4260 Dei
771 4200 1009 4254 sanctus,
1063 4191 1311 4246 Clemens
1357 4191 1639 4260 episcopus
1680 4191 1831 4246 urbis

252 4260 467 4325 Bomm,
501 4261 600 4315 sub
620 4259 854 4327 Trojano
880 4262 1201 4330 imperatore
1227 4268 1281 4317 et
1300 4259 1587 4317 Aulidiano
1621 4260 1755 4316 duce
1775 4262 1830 4316 in

251 4330 533 4385 Chersona
562 4330 778 4401 civitate
808 4330 1005 4401 Lyciae,
1031 4331 1133 4386 sub
1173 4332 1259 4386 die
1307 4347 1383 4401 ιιι
1414 4330 1681 4401 Kalendas
1730 4331 1832 4388 De—

251 4401 510 4459 cembris.
542 4421 561 4452 s
599 4400 914 4470 Quanquam
944 4401 1062 4455 haec
1102 4402 1156 4456 in
1199 4417 1329 4456 mss.
1361 4400 1514 4455 Actis
1561 4400 1738 4455 desint
1776 4402 1828 4456 ia

252 4470 389 4541 line.
409 4470 676 4541 Quidquid
701 4471 791 4537 sit,
823 4471 1083 4525 creditum
1106 4470 1235 4541 olim
1258 4472 1588 4541 Clementem
1611 4485 1829 4541 passum

251 4540 325 4611 in,
348 4538 613 4611 Chersonn
642 4539 816 4610 Lycia:
838 4541 922 4594 vel
963 4540 1137 4595 insula
1170 4540 1367 4611 Lyciae,
1394 4549 1455 4596 ut
1495 4538 1830 4596 Breviarium

253 4609 386 4671 olim
415 4609 722 4671 exitibclzat.

330 4679 436 4752 sed
466 4694 584 4750 qua:
610 4680 723 4752 lucc
738 4678 1002 4752 Chersona
1032 4681 1117 4736 vel
1143 4681 1315 4735 insula
1337 4679 1550 4752 Lyciw?
1570 4682 1836 4736 Baronius

256 4749 328 4822 ad
373 4748 807 4822 Martyrolog'mn
852 4751 1155 4822 Romanum
1193 4767 1327 4822 xxm
1365 4748 1624 4807 liovetnb.
1664 4753 1833 4822 respi-

254 4820 430 4883 ciens,
444 4820 634 4890 opinor
658 4821 724 4875 ad
745 4822 909 4875 verba
924 4820 1183 4875 Breviarii
1201 4821 1567 4876 Romaniantc
1589 4820 1831 4876 ultimam

254 4891 672 4963 correctionem,
709 4891 783 4963 ait
813 4906 827 4944 :
861 4910 878 4941 ι
914 4892 1064 4958 Quod
1087 4900 1290 4963 .autcm
1334 4892 1497 4963 Lycia
1531 4891 1834 4946 Chersone-

256 4960 519 5031 susdicta
549 4960 881 5031 reperiatur,
923 4976 1026 5015 non
1054 4961 1238 5030 utique
1262 4977 1326 5015 ex
1368 4960 1430 5016 ea
1471 4977 1659 5028 causa,
1687 4965 1829 5030 quod

255 5031 330 5083 sit
356 5030 408 5082 in
430 5030 909 5101 provin’ciaLycite
939 5032 991 5085 in
1025 5030 1153 5086 Asia
1174 5070 1189 5096 ,
1231 5032 1284 5086 in
1311 5047 1416 5101 qua
1448 5032 1595 5087 nulla
1631 5033 1833 5101 reperi-

255 5106 349 5157 tur
392 5101 664 5155 nominata
700 5100 1101 5172 Chersonesus,
1146 5102 1240 5155 sed
1279 5100 1561 5172 irrepsisse
1594 5100 1722 5171 puto
1748 5118 1834 5172 er-

256 5184 461 5243 rorem,
491 5180 546 5243 ut
568 5186 666 5239 pro
697 5169 881 5243 Bycia,
913 5171 1069 5243 Lycia
1092 5172 1350 5243 scriptum
1382 5169 1472 5228 sit.
1495 5169 1661 5227 Alluit
1689 5171 1833 5227 enim

258 5239 424 5311 Bycia
462 5242 636 5313 palus;
669 5239 755 5296 sic
776 5241 919 5295 dicta
950 5239 981 5297 it
1011 5242 1154 5313 Byco
1192 5239 1352 5313 iluvio
1372 5283 1387 5310 ,
1439 5243 1832 5298 Chersonesum

255 5325 293 5381 ai
337 5311 600 5381 superiori
647 5321 833 5381 parte,
885 5320 942 5365 ut
986 5311 1144 5366 docet
1196 5312 1521 5368 Ptolomaaus
1575 5313 1684 5368 tab.
1739 5328 1834 5369 vm

257 5379 507 5452 Europa.
537 5400 555 5432 ι
577 5379 759 5452 _Atque
789 5382 1049 5452 hactenus
1072 5381 1357 5438 Barunius.

328 5449 639 5507 Plausibilis
667 5449 799 5507 sane
824 5451 1134 5521 conjectura
1154 5491 1169 5518 ,
1192 5453 1236 5508 si
1270 5453 1572 5509 litterarum
1603 5452 1835 5508 allinita-

256 5528 367 5581 tem
394 5531 624 5643 spectes.
654 5523 760 5577 Sed
789 5538 891 5577 non
927 5532 1011 5579 est
1039 5538 1231 5593 passus
1250 5522 1499 5580 Clemens
1529 5525 1581 5579 in
1605 5524 1837 5580 Cherso-

259 5606 392 5643 neso
463 5591 594 5643 vein!
622 5592 798 5643 paludi
830 5594 1096 5643 proxima.
1120 5594 1212 5643 sed
1239 5594 1291 5643 in
1320 5594 1422 5643 alia
1450 5594 1642 5643 insula.
1668 5593 1835 5643 Cher-

259 5606 392 5646 neso
418 5592 798 5664 Bycitepaludi
828 5592 1096 5663 proxima,
1120 5594 1291 5664 sediin
1320 5594 1422 5648 alia
1450 5594 1643 5659 insula,
1668 5593 1835 5649 Cher-

258 5677 456 5715 soneso
481 5662 562 5716 vel
590 5662 880 5718 Cbersonte
910 5665 1173 5732 proxima.
1200 5663 1354 5717 Clare
1403 5664 1535 5718 Acta
1576 5665 1813 5720 inventio

262 5733 348 5796 uis
367 5733 608 5806 corporis
620 5732 738 5802 ejus
759 5734 898 5809 apud
920 5733 1135 5798 Petrum
1162 5753 1188 5787 a
1210 5732 1483 5794 Natalihus
1516 5734 1829 5807 iuCalalogo

1927 3209 2394 3273 dem'mlraculum
2422 3209 2886 3280 illudjatndudum
2913 3209 2981 3266 ob
3011 3211 3366 3266 habitantium
3394 3209 3501 3280 cul-

1926 3303 2050 3358 pani
2079 3294 2393 3341 cessaverat
2413 3302 2427 3351 ;
2450 3293 2506 3339 et
2532 3279 2598 3338 ab
2626 3284 2843 3337 incursu
2870 3282 3217 3337 barbarorum
3246 3279 3500 3358 templum

1928 3351 2060 3412 illud
2090 3358 2424 3411 destructum
2455 3364 2593 3419 erat,
2621 3361 2678 3409 et
2710 3368 2837 3408 arca
2863 3368 2983 3406 cum
3017 3367 3242 3421 corpore
3274 3351 3503 3421 marinis

1929 3427 2176 3481 ﬂuctibus
2222 3425 2433 3480 obruta.
2461 3424 2609 3480 Tunc
2650 3433 2924 3493 assumpto
2969 3420 3220 3492 episcopo
3258 3420 3503 3493 Georgia)

1928 3496 2163 3551 civitatis
2187 3510 2308 3549 cum
2329 3495 2473 3549 clero
2496 3502 2550 3547 et
2575 3493 2787 3563 populo,
2820 3491 3165 3547 accesserunt
3189 3493 3253 3563 ad
3271 3491 3501 3563 insulam

1930 3568 1982 3620 in
2012 3581 2116 3635 qua
2154 3566 2416 3635 putabant
2459 3560 2589 3617 esse
2630 3560 2884 3635 martyris
2926 3578 3141 3632 corpus.
3192 3560 3290 3616 Ubi
3320 3562 3503 3635 divina

1929 3631 2258 3691 revelatione
2280 3634 2545 3688 fodientes
2573 3631 2785 3702 corpus
2815 3631 3152 3702 invenerunt,
3196 3640 3251 3686 et
3299 3631 3503 3702 ειῃοιιος

1929 3721 2043 3761 ram
2074 3720 2196 3761 cum
2241 3718 2346 3774 qua
2391 3702 2569 3757 fuerat
2611 3700 2685 3774 in:
2710 3718 2859 3774 mare
2905 3701 3221 3774 projectum.
3254 3721 3273 3752 ι
3326 3700 3504 3766 Quare

1930 3775 2034 3829 alia
2069 3774 2241 3829 insula
2262 3771 2557 3827 'Chersome
2584 3772 2759 3826 vicina
2796 3771 3163 3841 investiganda
3194 3778 3296 3841 est.

2002 3840 2780 3907 Vcnia,spero,mihidabitur,
2812 3843 2854 3897 si
2879 3839 3084 3895 certum
3107 3840 3282 3894 exsilii
3305 3839 3500 3902 locum,
3532 3851 3536 3856 ‘

1908 3906 1983 3971 'in
1998 3930 2161 3986 quem
2188 3906 2438 3969 Clemens
2454 3927 2592 3983 papa
2621 3912 2892 3986 relegatus
2911 3910 3041 3973 luit,
3056 3926 3220 3966 coner
3242 3910 3507 3986 produce»

1930 4002 1992 4056 re
2009 3978 2034 4051 ς’
2058 3986 2216 4056 idque
2254 3999 2360 4056 non
2406 3978 3090 4056 tain‘conje'c‘turisquam
3120 3978 3504 4056 certoindicio.

1929 4048 2195 4111 Existimo
2226 4054 2388 4124 igitur
2416 4069 2541 4124 eum
2559 4053 2609 4124 in
2644 4048 2869 4107 Leucam
2902 4048 3153 4115 insulam,
3182 4067 3301 4124 quae
3329 4048 3509 4104 Achil-

1930 4125 2012 4203 lea
2043 4125 2216 4203 insula
2251 4122 2474 4203 dici-tur,
2517 4123 2807 4178 Cbersonae
2852 4122 3502 4203 proximam-relegatum.

1932 4197 2086 4263 Quod
2117 4196 2160 4250 si
2185 4195 2305 4264 quis
2346 4191 2526 4247 Leucae
2558 4208 2753 4264 nomen
2795 4191 2919 4264 post
2959 4196 3009 4247 in
3048 4193 3219 4262 Lycia:
3251 4191 3511 4261 migrasse

1933 4266 2085 4328 velit,
2116 4263 2221 4319 non
2250 4278 2575 4333 magnopere
2615 4263 2944 4332 refragabor.
2979 4265 3033 4318 In
3065 4264 3296 4318 Leucam
3325 4268 3506 4315 autem

1934 4336 2161 4391 insulam
2185 4332 2488 4403 ablegatum
2518 4332 2848 4388 Clementem
2888 4349 3079 4403 papam
3106 4342 3291 4403 astruo
3318 4346 3330 4384 :

2004 4406 2187 4461 Primo
2228 4399 2353 4474 quia
2401 4403 2719 4474 Anastasius
2765 4399 3228 4474 Bibliothecarius,
3259 4402 3313 4456 in
3373 4399 3514 4474 Vitis

1865 4497 1913 4557 ι)
1937 4469 2284 4557 pontiﬁcum;
2298 4489 2416 4555 cap.
2439 4472 2586 4557 inde
2609 4473 2884 4557 Cie-mente
2896 4475 2972 4557 ait
2997 4492 3009 4527 :
3041 4473 3145 4555 Qui
3164 4469 3543 4557 etiamsepulo-

1937 4541 2020 4602 ius
2054 4556 2128 4601 est
2158 4546 2213 4599 in
2242 4541 2468 4600 Cra-cia.
2498 4543 2667 4610 Quem
2699 4544 2872 4597 locum
2909 4544 3200 4607 Baronius,
3236 4541 3513 4597 Notation.
3540 4590 3543 4597 .

1938 4618 2004 4671 ad
2034 4614 2391 4685 Martyrolog.)
2413 4609 2738 4677 Romanum,
2770 4629 2904 4668 χχιιι
2935 4609 3518 4685 Novembris,_mendo-

1937 4702 2054 4742 sum
2090 4682 2439 4740 existimavit.
2473 4689 2545 4737 At
2582 4698 2706 4738 vero
2736 4698 2924 4737 sanum
2952 4700 3071 4740 esse
3097 4682 3179 4737 vel
3206 4682 3327 4736 inde
3369 4688 3517 4750 patet

1936 4754 2313 4827 quodiMarius
2336 4752 2518 4827 Niger,
2550 4753 2710 4827 homo
2745 4754 3084 4827 geographia:
3128 4751 3514 4827 peritissimus,

1937 4820 2129 4882 asserit
2152 4826 2314 4880 etiam
2355 4820 2613 4878 hodierno
2633 4823 2720 4878 die
2750 4820 2990 4879 'Leticam
3029 4820 3256 4879 insulam
3284 4820 3469 4876 vocari
3497 4861 3512 4883 ,

1935 4896 2095 4967 vulgo
2116 4894 2460 4967 Crtrciariam
2477 4910 2496 4959 ;
2523 4894 2676 4967 _quod
2724 4909 2885 4967 quam
2915 4910 3105 4967 parum
3134 4894 3247 4967 abit
3274 4892 3343 4967 ab
3366 4892 3513 4967 Ana»

1939 4959 2090 5045 stasii
2120 4964 2325 5045 Crwcia
2349 4959 3098 5045 {apud'quemj‘ortektiam
3125 4962 3413 5045 Crwlgiaria
3440 4959 3515 5040 le-

1938 5037 2166 5108 gendum
2188 5036 2311 5108 quis
2338 5030 2697 5108 divinave'rit;
2711 5034 2874 5108 Forte
2899 5032 3102 5108 Crwcia
3123 5033 3206 5089 vel
3229 5030 3517 5108 Crajciaria

1939 5102 2081 5161 dicta
2125 5102 2430 5169 eainsula,
2482 5106 2626 5175 quod
2657 5105 2887 5161 Taurica
2916 5102 3382 5175 Chersonesus,in
3410 5115 3516 5169 qua

1940 5177 2056 5234 haec
2105 5176 2301 5241 insula,
2347 5173 2817 5231 teste—Ammiano
2862 5174 3189 5237 Marcellino,
3235 5173 3327 5226 lib.
3377 5183 3514 5233 χιιι,

1942 5248 2099 5318 plena
2135 5247 2207 5302 sit
2231 5246 2566 5318 coloniarum
2596 5245 3017 5318 Graecarum,iut
3051 5245 3248 5318 ibidem
3275 5241 3456 5296 habet.

2015 5316 2283 5382 Secundo,
2306 5317 2429 5385 quia
2466 5316 2583 5370 haec
2614 5317 2786 5372 insula
2817 5309 3022 5372 exsiliis
3050 5313 3363 5386 aptissima,
3388 5309 3516 5380 quia

1943 5388 2159 5443 deserta
2181 5381 2444 5441 Arrianus
2471 5387 2521 5441 in
2544 5386 2757 5455 Periplo
2778 5387 2928 5442 Ponti
2957 5381 3149 5441 Euxini
3177 5402 3190 5438 :
3218 5383 3271 5438 Ἠ
3294 5381 3346 5438 δε
3374 5390 3516 5455 vitri;

1942 5461 2216 5534 ᾀνθρῴπςῳν
2246 5461 2337 5534 μέγ
2365 5460 2522 5534 ἐρήμη
2560 5452 2716 5534 ἔστιξε.
2751 5456 2937 5534 Insula
2991 5456 3325 5534 [necasset-ta
3352 5464 3426 5506 est
3450 5452 3515 5534 (_ib

1942 5522 2260 5583 hominibus;
2297 5522 2613 5582 Animianus
2651 5526 3022 5590 Marcellinus,
3069 5525 3161 5578 lib.
3207 5538 3317 5579 xm
3349 5544 3361 5575 :
3408 5543 3426 5576 ‹
3458 5522 3515 5577 lu

1944 5599 2047 5653 hac
2078 5597 2308 5654 Taurica
2341 5597 2727 5666 (Chersoneso)
2761 5597 2934 5651 insula
2959 5595 3136 5651 Leuce
3162 5594 3279 5666 sine
3300 5594 3510 5666 habita-

1945 5668 2180 5724 tionibus
2206 5664 2531 5722 ullisAchilli
2557 5677 2638 5721 est
2677 5664 2944 5721 dedicata.
2976 5665 3030 5719 lu
3058 5680 3219 5736 quam
3241 5665 3285 5721 si
3314 5664 3513 5719 fuerint

1944 5738 2078 5794 forte
2115 5738 2330 5811 quidam
2362 5738 2545 5811 delati,
2580 5738 2707 5799 visis
2730 5735 3355 5816 antiquitazisvestigiis,
3382 5746 3511 5791 lem-
