4024 6362
567 278 664 337 191

1561 294 1618 350 S.
1658 292 1909 353 ADONIS
1945 300 2373 363 ARCHIEPISC.
2420 308 2827 373 VlENNENSIS

3728 340 3824 400 l9!

557 404 644 453 cet
678 398 880 453 civitati
926 398 1236 466 Cbcrsmne,
1272 404 1542 479 relegatur
1588 409 1819 480 exsilio;
1879 415 1969 471 ubi
2005 434 2130 473 cum
2160 422 2207 482 Α
2236 421 2521 497 episc0pus
2568 429 2850 490 ordinatus
2889 444 2995 506 est,
3022 439 3086 496 de
3132 458 3239 513 quo
3268 445 3459 505 beatus
3487 450 3731 522 Ignatius
3755 462 3821 516 ad

557 503 652 522 ιηωσ
680 489 981 522 Ann-"Lm...
1012 496 1123 522 ...τμη
1159 497 1335 522 ..1....η
1371 511 1675 522 --μηημμ
1726 514 1738 522 .
1893 509 1907 522 .
1944 508 1982 522 κ
2085 511 2098 522 .
2251 513 2264 522 .
2350 516 2360 522 .
2431 517 2445 522 -

554 503 652 558 per
680 489 982 548 doctrinam
1010 496 1126 565 ejus
1158 497 1337 567 plures
1366 511 1812 562 converterentur
1840 509 1907 563 ad
1944 508 2130 567 Domi-

550 596 705 645 num,
732 585 957 655 paganis
981 585 1376 656 insistentibus,
1424 590 1688 650 invidiosa
1718 598 1910 655 relatio
1935 618 2132 659 cucur-

550 671 624 725 rit
666 671 732 726 ad
777 674 1157 744 imperatorem
1192 676 1503 746 Trajannm,
1536 699 1655 752 qua:
1687 687 1891 744 diceret

548 765 880 822 Clementem
909 768 1338 826 Christianorum
1377 775 1629 844 populum
1669 782 1987 839 accrevisse.
2025 785 2125 852 Qui

548 855 694 937 misit
729 856 917 913 ducem
958 857 1301 913 Aulidianum
1346 862 1437 931 qui
1484 880 1606 919 cum
1646 867 1849 925 videret
1888 871 2125 942 (multos

544 943 883 1001 Christianos
908 946 1183 1018 occidens)
1220 947 1383 1004 fixum
1413 951 1465 1006 in
1490 956 1741 1012 omnibus
1765 959 1983 1017 beatum
2006 963 2124 1019 Cle-

542 1044 799 1101 mentem,
831 1047 884 1090 et
910 1038 1122 1107 penitus
1156 1043 1350 1096 mutari
1378 1059 1483 1097 non
1514 1062 1701 1115 posse,
1726 1048 1888 1116 jussit
1931 1056 2121 1124 pneci-

538 1125 697 1194 pitari
728 1142 850 1180 eum
879 1127 933 1181 in
959 1129 1093 1183 mari
1141 1131 1339 1187 medio.
1392 1132 1556 1204 ligata
1589 1138 1636 1191 ei
1680 1141 1747 1192 ad
1776 1142 1972 1195 collum
2017 1161 2115 1200 an-

536 1215 736 1281 ebora;
785 1217 987 1287 talique
1014 1222 1276 1292 martyrio
1307 1223 1600 1294 discipulus
1624 1228 1769 1284 Petri
1803 1246 2117 1303 coronatur,

532 1313 588 1361 et
615 1306 846 1363 nominis
888 1307 1007 1378 ejus
1039 1312 1354 1367 memoriam
1383 1330 1552 1386 usque
1595 1317 1756 1375 hodie
1799 1320 1982 1381 Romae
2014 1342 2114 1382 ex-

530 1404 735 1452 structa
763 1398 992 1455 ecclesia
1021 1402 1275 1459 custodit.

898 1489 961 1543 D.
992 1490 1128 1546 ΚΜ..
1154 1493 1448 1551 FEBRUAIUI
1482 1496 1528 1567 (Ι
1563 1496 1767 1571 Febr.).

599 1573 866 1646 (Hierom,
900 1583 963 1633 de
993 1579 1139 1636 Eccl.
1175 1583 1369 1654 Script.
1392 1625 1408 1651 ,
1435 1601 1484 1640 c.
1527 1585 1638 1658 16).
1685 1587 1890 1648 Natalis
1932 1597 2105 1653 Sancti

526 1666 717 1738 lgnatii
747 1670 1005 1740 episcopii
1057 1680 1114 1727 et
1154 1675 1428 1745 martyris,
1479 1677 1569 1746 qui
1620 1680 1813 1736 tertius
1842 1692 1961 1752 post
2004 1684 2103 1741 Pe-

1936 692 2005 747 il)i
2032 709 2131 762 per
2232 701 2372 756 vobis
2416 708 2924 768 commendaverat.

2235 513 2625 606 Antiochenam
2661 522 2970 595 .Ecclesiam
3020 531 3190 604 (epist.
3236 536 3323 606 12)
3357 556 3371 591 :
3411 513 3572 597 Potiti
3594 554 3644 598 et
3673 513 3820 603 Petri

2234 603 2510 672 facti'estis
2554 611 2800 684 discipuli
2843 631 2862 669 :
2904 619 3060 675 nolite
3085 603 3314 693 perderet
3340 629 3652 700 depositum,
3678 639 3819 706 quod

2972 714 3287 775 Mementote
3326 724 3481 794 digne
3529 727 3817 785 beatissimi

2228 791 2439 860 Evodii,
2466 800 2694 865 pastoris
2723 804 2904 869 vestri,
2928 808 3019 877 qui
3041 811 3273 877 primus,
3301 791 3444 871 vobis
3473 820 3538 873 ab
3561 823 3815 892 apostolis

2225 884 2442 939 antistes
2488 886 2763 946 ordinatus
2813 904 2907 948 est.
2973 897 3096 953 Non
3144 904 3529 973 confundamus
3573 884 3811 980 patrem,

2223 971 2314 1023 sed
2339 974 2623 1042 e/ﬁciamur
2662 982 2789 1034 certi
2814 982 2916 1050 filii
2954 995 3003 1038 ct
3028 1004 3133 1041 non
3179 971 3485 1050 adulterini.
3539 971 3639 1053 liic
3671 971 3811 1055 mar;

2551 1275 2613 1330 A.
2647 1275 2696 1332 Χ
2718 1278 2851 1335 Κλι..
2894 1280 3131 1341 Aucusrt
3163 1287 3254 1360 (25
3279 1288 3458 1364 Julii).

2284 1378 2489 1440 Natalis
2527 1387 2701 1442 sancti
2752 1388 3080 1459 Apollinaris
3129 1397 3367 1470 episcopi
3395 1412 3457 1466 ι,
3490 1402 3580 1471 qui
3611 1403 3799 1462 Romae

2209 1472 2491 1531 ordinatus
2529 1478 2598 1532 ab
2638 1481 2885 1550 apostolo
2911 1482 3087 1542 Petro
3118 1486 3433 1559 Ravennam
3461 1494 3660 1551 missus
3688 1506 3794 1564 est,

2207 1561 2303 1631 qui
2331 1564 2495 1619 etiam
2525 1566 2579 1621 in
2603 1567 2827 1627 Emilia
2862 1575 3177 1642 pmdimvit
3197 1619 3212 1642 ,
3239 1587 3294 1633 et
3319 1580 3371 1635 in
3400 1584 3647 1650 partibus
3684 1561 3793 1642 Co;

2207 1650 2556 1722 rintbiorum,
2578 1665 2634 1712 et
2667 1659 2723 1713 in
2748 1658 2956 1727 Mmsia,
2988 1672 3044 1719 et
3087 1665 3141 1719 in
3185 1666 3321 1738 Ripa
3352 1668 3608 1739 Canubii,
3635 1683 3693 1729 et
3736 1675 3799 1730 in

522 1766 665 1810 trum
693 1758 989 1826 apostolum
1018 1743 1408 1818 Antiochenam
1451 1743 1590 1820 rexit
1637 1743 1932 1825 Ecclesiam
1960 1791 1974 1825 :
2008 1775 2101 1843 qui
2132 1768 2177 1828 B
2204 1743 2453 1843 νδηίδυῗ
2478 1746 2761 1843 ,Τὴτθθίδθν
2793 1751 2845 1806 in
2875 1753 3070 1822 quibus
3107 1755 3240 1813 ¹⁰θί⁸
3284 1759 3474 1816 εκείῧο
3514 1764 3793 1835 relegatus

519 1850 894 1918 persecutione
939 1846 1156 1921 Trajani
1202 1852 1486 1911 damnatus
1527 1858 1595 1912 ad
1639 1859 1838 1916 bestias
1871 1863 2097 1920 Romam

516 1941 729 1996 vinctus
751 1941 1015 2010 mittitur;
1051 1944 1140 2000 ubi
1164 1957 1429 2016 praesente
1473 1949 1708 2021 Trajano
1737 1955 2100 2014 cicumseden-

517 2040 568 2085 te
605 2040 815 2096 senatu,
847 2033 968 2102 pilis
1003 2035 1264 2104 plombeis
1288 2039 1521 2108 scapulas
1540 2040 1656 2109 ejus
1695 2045 1931 2113 primum
1969 2064 2097 2103 con—

516 2129 677 2187 tus.'e,
709 2122 901 2177 deinde
929 2124 1141 2194 ungulis
1167 2124 1334 2181 latera
1364 2128 1479 2197 ejus
1504 2130 1787 2196 dilaniata,
1817 2143 1873 2189 et
1899 2135 2114 2205 lapidi--

511 2214 612 2268 bus
633 2215 840 2285 asperis
867 2215 1189 2271 confricata.
1217 2217 1363 2279 Post,
1383 2235 1633 2291 expansa:
1667 2240 1861 2282 manus
1898 2228 2012 2297 ejus
2037 2239 2091 2285 et

510 2304 617 2375 igni
654 2307 871 2376 repleta:
934 2324 1139 2380 papyro
1186 2311 1304 2366 oleo
1345 2310 1522 2368 infuso
1558 2324 1614 2370 et
1649 2316 1869 2374 insenso
1914 2320 2085 2377 latera

507 2396 625 2467 ejus
654 2400 860 2455 adusta.
891 2401 1020 2457 Post
1065 2418 1227 2473 super
1266 2405 1531 2462 carbones
1554 2409 1865 2478 pavimento
1894 2418 2107 2483 asper-'

506 2502 615 2552 sos,
647 2489 734 2544 ubi
760 2500 959 2547 sancta:
989 2491 1185 2561 plantze
1211 2494 1355 2551 illius
1394 2505 1681 2555 steterunt.
1726 2501 1855 2557 Post
1886 2503 2080 2561 lectum

503 2576 863 2637 ﬂammantem
886 2623 900 2648 ,
936 2592 1057 2653 post
1096 2585 1314 2642 dorsum
1362 2588 1480 2658 ejus
1523 2592 1740 2662 ungulis
1775 2593 2080 2652 discussum

500 2678 557 2723 et
585 2669 956 2739 dilaceratum,
987 2684 1109 2742 post
1137 2684 1293 2732 aceto
1318 2686 1371 2732 et
1400 2679 1513 2736 sale
1542 2681 1728 2753 plagas
1748 2683 1866 2753 ejus
1892 2686 2078 2756 perfuo

504 2774 614 2823 sas,
643 2771 764 2831 post
789 2763 1016 2819 vinculis
1046 2764 1237 2823 ferreis
1271 2769 1425 2824 beata
1460 2774 1700 2829 membra
1732 2775 1873 2832 illius
1916 2780 2077 2834 astri-

2202 1844 2306 1900 est,
2330 1844 2384 1890 et
2402 1835 2706 1910 ubicunque
2730 1844 3000 1913 pervenit,
3027 1846 3343 1906 innumeras
3369 1852 3601 1910 virtutes
3630 1854 3786 1923 fecit,

2199 1932 2255 1978 et
2278 1925 2557 1993 passiones
2600 1931 2888 2000 sustinuit;
2922 1950 3050 1991 nam
3078 1938 3244 1993 nimia
3291 1941 3436 1995 caede
3481 1958 3620 2012 pene
3674 1961 3787 2000 ma-

2194 2023 2393 2082 ctatus,
2419 2026 2475 2070 et
2525 2021 2725 2077 diutius
2773 2023 3004 2083 fustibus
3032 2044 3223 2096 caesus,
3251 2047 3317 2087 ac
3346 2016 3519 2090 Knudis
3554 2037 3783 2105 pedibus

2194 2118 2358 2173 super
2385 2122 2590 2177 prunas
2634 2110 2938 2182 impositus,
2966 2133 3179 2174 rursum
3231 2137 3403 2178 caesus
3448 2135 3502 2180 et
3545 2126 3781 2195 equuleo

2192 2210 2481 2266 appensus,
2513 2207 2688 2257 tortus
2715 2213 2820 2270 est,
2855 2214 2910 2262 et
2930 2221 3064 2264 saxo
3087 2224 3150 2266 os
3172 2211 3289 2281 ejus
3336 2223 3624 2271 contusum
3667 2228 3774 2281 est,

2189 2296 2246 2343 et
2272 2302 2397 2344 cum
2422 2292 2742 2361 gravissimo
2763 2294 2895 2350 ferri
2926 2299 3162 2367 pondere
3192 2301 3433 2360 inclusus
3458 2306 3510 2359 in
3552 2321 3779 2362 carcere

2187 2375 2506 2446 honoriﬁco,
2538 2391 2701 2453 atque
2735 2385 2789 2440 in
2840 2385 2985 2457 ligno
3008 2397 3267 2448 extensus
3291 2402 3376 2449 est
3397 2435 3412 2456 ,
3442 2396 3530 2451 ubi
3567 2396 3637 2451 ab
3674 2398 3775 2452 ho-

2186 2470 2424 2527 minibus
2463 2473 2680 2543 quidem
2718 2477 3017 2547 neglectus,
3050 2483 3145 2537 sed
3194 2483 3262 2539 ab
3315 2484 3505 2556 angelo
3557 2485 3777 2555 publice

2183 2569 2369 2630 pastus
2387 2571 2501 2630 est;
2528 2564 2720 2622 deinde
2749 2577 3055 2637 catenatus,
3084 2580 3139 2626 et
3164 2572 3219 2627 in
3249 2574 3499 2630 exsilium
3527 2576 3772 2633 directus

2181 2654 2354 2719 cst,in
2385 2671 2492 2726 quo
2516 2674 2732 2714 rursum
2762 2661 2964 2717 diutius
2987 2661 3221 2720 fustibus
3247 2680 3438 2733 cassus,
3465 2676 3520 2722 et
3548 2685 3767 2725 rursum

2179 2743 2232 2798 in
2257 2743 2510 2803 Ravenna
2532 2748 2759 2820 ligatus,
2787 2767 2818 2806 a
2860 2754 3083 2823 paganis
3128 2770 3299 2812 caesus
3338 2764 3391 2812 et
3419 2756 3765 2826 vulneratus,

500 2853 858 2921 cta,etpedes
870 2854 986 2924 ejus
1006 2856 1060 2910 in
1090 2858 1194 2912 ima
1213 2862 1450 2916 carceris
1482 2862 1624 2931 ligno
1650 2865 1958 2933 conclusos,
1982 2870 2070 2925 ubi

497 2943 668 2998 tribus
718 2944 905 2999 diebus
950 2962 1015 3001 ac
1058 2949 1306 3004 noctibus
1339 2966 1529 3019 panem
1560 2969 1665 3009 non
1701 2957 1992 3013 comedens
2017 2967 2073 3014 et

493 3022 687 3103 aquam
718 3051 821 3091 non
854 3037 1043 3095 bibens
1074 3042 1292 3109 mansit,
1328 3044 1547 3100 sedente
1581 3046 1818 3119 Trajano
1844 3065 1944 3120 pro
1969 3052 2068 3106 tri-
2170 3022 2465 3120 “ient:

492 3127 673 3183 bunali
722 3129 775 3184 in
820 3131 1219 3202 amphitheatro
1246 3176 1261 3199 ,
1281 3106 1287 3109 ’
1311 3106 1860 3196 concurrente'omni
1909 3145 2066 3200 turba
2094 3120 2140 3182 ί)
2170 3113 2381 3174 “gmll’
2414 3106 2529 3161 mes
2552 3116 2805 3177 quatuor’
2838 3124 3078 3166 mensem
3114 3128 3302 3168 unum'

489 3218 878 3285 Romanorum,
904 3222 1100 3292 ligatus
1120 3225 1328 3281 duobus
1347 3228 1601 3297 objicitur
1618 3229 1881 3289 leonibus.
1910 3234 2067 3289 Cum-

2468 3220 2531 3276 E.
2570 3220 2660 3277 Vll
2684 3221 2822 3280 KAL.
2855 3224 3153 3283 Faenum“
3177 3226 3267 3299 (26
3295 3229 3469 3301 lam).

487 3326 593 3380 que
608 3309 723 3380 jam
748 3311 1019 3382 projectus
1045 3316 1249 3371 bestias
1278 3318 1552 3389 rugientes
1583 3322 1796 3380 audiret
1825 3365 1841 3389 ,
1869 3326 2062 3383 ardore
2235 3325 2439 3384 Natalis
2466 3331 2637 3386 sancti
2660 3331 2942 3405 Polycarpi
2968 3335 3021 3401 ιι,
3045 3337 3134 3406 qui
3171 3337 3313 3392 beati
3334 3335 3558 3393 Joannis
3586 3338 3760 3395 disci-

485 3404 721 3474 patiendi
746 3406 822 3459 ait
849 3426 862 3460 :
897 3404 1007 3461 Viri
1030 3407 1282 3473 Romani,
1309 3411 1398 3480 qui
1422 3411 1525 3467 hoc
1550 3421 1823 3471 certamen
1851 3427 2061 3487 specta-
2161 3415 2340 3486 pulus,
2367 3426 2422 3474 et
2450 3419 2517 3473 ab
2544 3435 2608 3475 eo
2639 3420 2883 3494 Smyrnze
2924 3404 3204 3494 cpiscopus
3246 3427 3550 3492 ordinatus,
3582 3427 3758 3482 totius

484 3496 573 3559 tis,
604 3511 710 3551 non
740 3497 856 3551 sine
884 3512 1043 3552 causa
1070 3498 1328 3566 laboravi,
1360 3517 1465 3556 non
1492 3514 1711 3575 propter
1734 3508 2052 3576 pravitatem
2157 3504 2299 3560 Asia:
2353 3506 2605 3578 princeps
2650 3508 2770 3566 fuit.
2823 3511 3017 3567 Postea
3048 3527 3201 3581 vero,
3248 3523 3509 3586 regnante
3563 3514 3755 3572 Marco

480 3587 597 3643 btec
661 3588 868 3658 patior,
926 3591 1019 3644 sed
1083 3600 1302 3662 propter
1360 3594 1660 3665 pietatem;
1727 3597 2054 3656 frumentum

2192 3596 2410 3660 .utonio,
2461 3605 2517 3652 et
2542 3598 2711 3655 Lucio
2760 3602 2982 3658 Aurelio
3025 3602 3343 3671 Commodo,
3372 3613 3569 3676 quarta
3618 3615 3752 3676 post

477 3675 678 3732 Christi
727 3693 878 3743 sum,
930 3679 1179 3735 dentibus
1226 3683 1520 3739 bestiarum
1573 3686 1763 3750 molar,
1814 3695 1873 3742 ut
1901 3691 2055 3760 panis
2154 3682 2422 3740 Neronem
2476 3691 2894 3758 persecutione.
2946 3690 3194 3765 Smyrnae
3235 3697 3458 3751 sedente
3511 3710 3752 3771 procon-

477 3769 708 3824 mumlus
747 3769 1010 3824 inveniar.
1057 3771 1296 3827 llazcillo
1339 3774 1555 3830 dicente
1598 3786 1952 3833 accurrerunt
1982 3779 2055 3835 ad
2153 3775 2286 3841 sule,
2321 3786 2376 3833 et
2410 3781 2662 3837 universo
2686 3783 2882 3855 populo
2921 3784 2976 3840 in
3013 3786 3408 3858 amphitheatro
3451 3787 3743 3842 adversum

472 3874 596 3914 eum
630 3858 829 3921 leones,
859 3867 918 3913 et
938 3874 1004 3913 ex
1036 3867 1263 3930 utraque
1292 3871 1444 3931 parte
1473 3879 1635 3934 super
1656 3881 1780 3920 eum
1816 3867 2048 3923 inciden-
2150 3882 2273 3922 eum
2305 3882 2653 3940 personante,
2684 3875 2791 3945 igni
2830 3877 3063 3934 traditus
3108 3887 3211 3934 est.
3256 3878 3389 3933 Cum
3433 3894 3540 3948 quo
3565 3879 3744 3935 etiam

473 3956 555 4004 tes
581 3947 1159 4017 praifocaverunteum
1195 3953 1604 4017 tantummodo,
1634 3962 1814 4009 etnon
1849 3956 2041 4028 tetige-
2147 3955 2238 4011 alii
2299 3959 2613 4031 duodecim,
2665 3979 2732 4020 ex
2783 3964 3154 4040 Philadelphia
3196 3947 3475 4026 venientes
3525 3988 3539 4024 :
3591 3972 3743 4041 apud

470 4047 599 4092 runt
648 4052 840 4092 carnes
896 4036 1012 4106 ejus
1040 4077 1055 4101 ,
1102 4049 1163 4092 ut
1216 4038 1456 4109 reliquiae
1502 4039 1617 4110 ejus
1665 4043 1822 4099 tuitio
1861 4055 2045 4102 essent
2146 4047 2422 4118 praefatam
2444 4054 2631 4111 urbem
2655 4059 2914 4129 martyrio
2937 4036 3458 4117 oorisummatisunt.

468 4125 834 4180 Romanorum
879 4134 933 4182 et
979 4141 1184 4198 magna:
1232 4127 1392 4184 Urbis
1413 4169 1430 4194 ,
1475 4129 1528 4183 in
1554 4147 1657 4199 qua
1695 4131 1887 4189 Petrus
1915 4150 2042 4191 cru-
2216 4140 2365 4199 Tunc
2396 4146 2559 4201 etiam
2581 4125 2956 4217 Germanicus,
2989 4153 3192 4208 athleta
3218 4152 3422 4209 Christi
3471 4154 3735 4225 insignis,

468 4215 665 4272 cilixus
711 4223 835 4281 est,
886 4216 1087 4272 Paulus
1131 4218 1466 4285 decollatus,
1514 4219 1799 4310 Onesimus
1844 4222 2042 4293 lapida-
2142 4230 2376 4302 glorioso
2410 4239 2656 4310 martyrii
2685 4254 2860 4310 agone
2888 4215 3180 4299 translatus
3222 4253 3324 4300 est.
3372 4242 3507 4298 Nam
3531 4260 3657 4299 cum
3697 4261 3736 4301 a

466 4315 575 4364 tus.
621 4307 817 4363 Passus
863 4317 942 4364 est
971 4309 1254 4366 undecimo
1279 4309 1491 4379 Trajani
1540 4327 1713 4377 anno,
1751 4301 2035 4372 consulatu
2134 4301 2318 4392 judice
2345 4301 2631 4385 damnaius
2659 4301 2851 4387 fuisset
2872 4333 2938 4389 ad
2961 4333 3183 4399 bestias,
3217 4335 3359 4389 ultro
3387 4335 3489 4390 sibi
3517 4349 3735 4405 praepa-

464 4398 626 4454 Attici
662 4407 717 4453 et
745 4399 976 4455 Marcelli
1007 4399 1234 4456 Kalend.
1286 4401 1444 4457 Febr.
1490 4403 1750 4473 Reliquiae
1788 4408 2033 4477 corporis
2062 4461 2116 4521 Β
2142 4419 2315 4469 ratam
2340 4416 2566 4473 bestiam
2593 4423 2926 4490 provocavit,
2964 4423 3269 4495 despiciens
3293 4425 3548 4481 videlicet
3578 4436 3728 4521 temf

466 4490 578 4521 ΑΞ...
609 4508 635 4521 ει
664 4492 916 4521 ΐ-..ιηζῑιηη
965 4494 1066 4521 κηζ-
1089 4510 1206 4521 ..η-...ι
1236 4510 1406 4521 ...υ-...Α
1434 4496 1499 4521 ...Ι
1530 4496 1843 4521 ...ι-ί....ε--...
1876 4499 2007 4521 ΔΑΔ--
2139 4517 2257 4521 ____
2276 4504 2313 4521 s,
2552 4518 2561 4521 Α
2750 4520 2753 4521 ,
3147 4514 3160 4521 -

464 4490 581 4561 ejus
609 4508 639 4546 a
662 4492 942 4558 fratribus,
964 4494 1066 4563 qui
1087 4510 1206 4549 eum
1236 4510 1406 4564 usque
1433 4496 1500 4550 ad
1530 4496 1847 4569 martyrium
1870 4499 2038 4555 dedu-
2062 4490 2116 4521 ν
2138 4504 2377 4573 poralem
2426 4518 2676 4577 mortem,
2708 4520 2763 4567 et
2804 4528 3060 4569 coronam
3111 4514 3235 4569 vita:
3277 4524 3497 4571 :eternte
3544 4515 3729 4573 veloci

461 4592 674 4648 xerant,
701 4584 1042 4640 Antiochiam
1067 4585 1275 4650 relatae,
1296 4586 1478 4656 jaccnt
1513 4599 1664 4645 extra
1693 4602 1902 4661 portam
1926 4594 2034 4649 Da-
2136 4589 2242 4645 line
2274 4594 2495 4665 adipisci
2526 4599 2852 4657 desiderans.
2887 4602 3116 4675 Scripsit
3152 4606 3292 4660 idem
3327 4606 3515 4662 beatus
3552 4605 3725 4679 Poly-

460 4674 755 4743 plmiticam
782 4675 837 4729 in
864 4676 1175 4731 cmmeterio
1192 4677 1467 4744 Ecclesiae,
1512 4695 1600 4735 xv:
1643 4681 1914 4740 Kalendas
1943 4682 2035 4740 Ja-
2133 4698 2328 4755 carpus
2351 4689 2420 4743 ad
2444 4689 2815 4763 Philippenses
2848 4674 3217 4752 valdeiutilem
3247 4698 3526 4768 epistolam
3549 4739 3565 4766 ,
3593 4674 3725 4769 qua:

461 4762 637 4817 nuarii
669 4762 881 4819 delatae.
2133 4789 2306 4845 usque
2333 4778 2493 4835 hodie
2518 4781 2569 4835 in
2591 4783 2733 4839 Asia:
2752 4794 3017 4841 conventu
3038 4787 3251 4859 legitur.

757 4853 823 4911 G.
854 4856 1040 4911 PRIDIF.
1086 4857 1262 4913 Nurus
1296 4859 1422 4915 Man
1457 4859 1511 4933 (6
1542 4861 1715 4932 Maii).
1809 4945 1814 4950 .

2531 4893 2592 4948 Ε.
2620 4895 2681 4950 Ill
2711 4896 2832 4951 lous
2860 4898 3003 4955 JULII
3025 4853 3313 4972 (l5'Julii).

527 4944 736 5001 Natalis
776 4948 947 5003 sancti
985 4948 1196 5016 Evodii,
1225 4952 1315 5021 qui
1344 4952 1413 5007 ab
1443 4954 1699 5023 apostolis
1727 4945 2027 5017 Antiocbite
2204 4978 2409 5038 Natalis
2432 4944 3115 5062 sana;
3134 4944 3410 5064 ',;{;{oli,
3460 4993 3552 5062 qui
3585 5007 3717 5049 cum

2232 5092 2299 5146 ad
2333 5093 2566 5172 secanda
2598 5111 2727 5152 saxa
2766 5099 2995 5172 amplius
3034 5115 3197 5172 quam
3224 5101 3330 5157 duo
3358 5100 3523 5155 millia
3549 5100 3713 5157 Chri-

2133 5160 2451 5240 stianorum,
2477 5165 2728 5240 diuturna
2752 5160 3079 5240 relegatione
3105 5171 3407 5226 damnatos.
3439 5190 3458 5223 ι

2201 5229 2378 5324 .A‘QPE
2425 5233 2543 5324 bss—1
2584 5235 2651 5324 ἐς
2684 5229 2953 5324 insula?"
2980 5255 3139 5324 σιειεηι
3179 5256 3240 5324 se.
3279 5240 3527 5324 ριεωθηε
3563 5257 3705 5324 rae“

2131 5299 2416 5375 [elegante
2465 5303 2734 5375 disputata
2779 5318 2969 5373 sunto;
2998 5299 3133 5364 'tum
3172 5310 3240 5365 ad
3279 5311 3452 5365 lucem
3498 5299 3705 5366 veieiis

2126 5367 2407 5438 Breviarii,
2456 5367 2567 5428 tum
2604 5375 2672 5431 ad
2713 5367 2967 5433 Anastasi
3006 5380 3292 5435 lectionem
3321 5379 3706 5435 stabiliendam

2125 5447 2179 5493 et
2215 5441 2610 5510 explicandam.
2636 5461 2757 5569 quae
2785 5448 2963 5503 omnia
2993 5450 3297 5505 doctiorum
3334 5448 3537 5519 judicio
3572 5449 3704 5503 sub-

2125 5508 2279 5565 mitto
2308 5551 2322 5569 .
2364 5527 2468 5566 non
2498 5521 2607 5568 tam
2671 5531 2827 5569 ocerc
2854 5533 3015 5569 uuam
3045 5519 3256 5569 discere
3279 5528 3519 5569 paratus.

2125 5508 2345 5590 mitti)",
2364 5527 2468 5590 non
2489 5521 2607 5590 tam
2636 5508 2827 5590 docere
2854 5533 3015 5590 quam
3045 5519 3256 5590 discere
3279 5508 3519 5590 paratus.

2192 5593 2216 5619 α
2248 5580 2381 5636 Vide
2411 5582 2462 5636 in
2489 5583 2707 5656 Martyr.
2740 5580 2938 5644 Adonis
2958 5589 3023 5644 de
3052 5589 3154 5645 hoc
3182 5580 3375 5647 fusius.

2192 5652 2219 5691 ι’
2249 5650 2378 5706 Vide
2403 5651 2529 5708 ibid.

2192 5652 2219 5691 ι’
2249 5651 2378 5706 Vide
2403 5651 2529 5707 ibid.

2177 2924 2373 2992 tyrium
2422 2929 2818 2983 consummavit
2856 2930 2956 2985 sub
3007 2931 3336 3001 Vespasiano
3383 2935 3614 3001 Cmsare,
3660 2936 3768 2991 De-

2173 3013 2455 3070 mosthene
2483 3018 2729 3087 patricio.
2786 3019 2946 3075 Rexit
2975 3021 3271 3079 Ecclesiam
3312 3040 3484 3080 annos
3528 3036 3657 3081 octo
3703 3037 3768 3081 et

452 5057 651 5128 pioque
684 5065 739 5113 et
770 5057 1008 5141 donariis
1033 5061 1208 5141 eidem
1251 5064 1400 5118 beroi
1434 5069 2023 5141 consecratis,\'esperi

452 5134 905 5198 repetuntnaves.
931 5128 1098 5186 Aiunt
1123 5133 1267 5187 enim
1290 5148 1395 5188 non
1420 5135 1536 5189 sine
1571 5128 1881 5194 discrimine
1901 5128 2024 5196 vita:

451 5199 562 5274 illic
584 5213 903 5274 quemquam
929 5212 1266 5274 pernoctare.
1298 5222 1318 5256 ι
1346 5204 1504 5274 Atqui
1529 5205 1581 5260 in
1610 5205 1764 5262 Actis
1781 5208 2025 5265 Clemen-
2104 5224 2107 5231 '

453 5268 699 5346 tis_locus
725 5268 905 5346 exsilii
922 5268 1039 5346 ejus
1059 5269 1245 5346 ἕρημος
1270 5287 1364 5328 seu
1392 5268 1643 5346 desertus
1665 5278 1879 5334 dicitur.

516 5338 721 5409 Tertio,
745 5342 868 5409 quia
892 5338 1063 5395 insula
1083 5338 1180 5396 "illa
1227 5351 1335 5397 tota
1380 5359 1594 5399 saxosa.
1634 5345 1786 5402 Unde
1828 5349 2020 5406 Festus

446 5406 682 5465 Avienus
708 5406 939 5465 iu’orbis
967 5420 1126 5466 terra:
1160 5412 1518 5482 descriptione
1542 5433 1555 5468 :

627 5538 642 5551 .
707 5535 724 5548 .
790 5536 805 5550 .
869 5537 882 5550 .
953 5536 968 5552 .
1036 5503 1126 5554 Ubi
1149 5515 1356 5553 concava
1381 5515 1516 5555 vasto

623 5561 765 5627 Cedit
787 5564 834 5612 in
854 5570 989 5615 antra
1006 5566 1114 5615 sinu
1139 5578 1315 5627 rupes;
1339 5567 1421 5614 ubi
1445 5579 1560 5615 saxa
1583 5568 1853 5619 dehiscunt.

624 5621 832 5673 Ictibus
852 5630 1035 5687 exesis,
1059 5633 1111 5677 et
1131 5621 1280 5676 curm
1302 5621 1486 5678 l'ornice
1512 5630 1743 5692 pendent.

439 5703 556 5758 Jatu
591 5718 716 5759 vero
769 5705 820 5760 in
866 5709 1013 5765 Actis
1048 5711 1335 5767 Clementis
1379 5712 1543 5768 babes
1586 5729 1598 5767 :
1647 5730 1666 5766 ‹
1694 5713 2015 5771 Invenerunt

2176 2842 2229 2887 et
2257 2849 2472 2890 rursum
2522 2837 2575 2891 in
2615 2854 2890 2895 carcerem
2945 2842 3147 2898 missus
3170 2853 3228 2899 et
3257 2859 3447 2913 caesus,
3488 2847 3569 2901 sic
3619 2863 3770 2901 mar-
3872 2858 3873 2861 ‘
