4024 6362
184 393 300 449 193
1158 374 1757 432 MARTYROLOGIUM
1799 372 1943 429 CUM
1981 368 2518 426 ADDITAMENTIS.
3353 361 3456 414 IN

186 515 340 566 esset
367 517 508 557 unus
550 500 616 555 de
655 496 845 570 primis
893 494 1172 560 fratribus,
1205 502 1258 548 et
1290 493 1356 547 ab
1399 490 1656 562 apostolis
1706 489 1773 544 ad
1803 492 1846 552 Α
1877 487 2106 541 rinthios
2135 485 2323 540 beatus
2354 481 2642 553 Apostolus
2672 493 2730 534 se
2757 477 2886 534 dicit
2915 475 3220 570 baptizasse
3249 475 3298 546 (1
3331 473 3453 529 Cor.

185 593 468 653 Ecclesi-as
507 565 748 661 gentium
792 587 1111 650 destinatus,
1140 599 1264 638 cum
1289 581 1536 637 Barnaba
1560 589 1614 636 et
1644 579 1780 634 Juda
1884 577 1942 647 ι).
1972 576 2136 646 Cujus
2163 574 2273 630 Caii
2299 573 2544 628 meminit
2564 573 2702 626 idem
2729 567 3018 639 Apostolus
3040 566 3108 621 ad
3147 565 3417 622 Romanos
3441 585 3456 623 :

184 696 387 761 postea
415 686 484 740 ab
512 657 763 754 apostolo
808 680 975 734 Paulo
1004 688 1314 747 assumptus
1365 676 1502 746 (Act.
1555 692 1644 739 xv,
1669 689 1780 738 xvi,
1883 665 2090 721 Salutat
2129 681 2215 718 vos
2257 663 2418 717 Caius
2446 665 2629 733 hospes
2657 678 2824 725 meus,
2855 670 2900 713 et
2927 658 3180 713 universa:
3207 657 3458 713 Ecclesia:

190 748 334 845 itm,
367 748 575 846 xvur):
612 771 1011 844 praedicationis
1056 769 1324 832 oﬂicium,
1351 768 1523 836 gratia
1570 764 1784 821 Domini
1887 756 2064 827 (Rom.
2116 755 2250 825 xw).
2295 753 2456 822 Cujus
2483 761 2538 808 et
2571 754 2763 807 beatus
2805 749 3074 813 JoanncS,
3122 748 3366 802 scribens
3412 749 3464 802 ei

191 842 409 939 plenius,
439 842 704 920 instanter
724 859 1142 922 consummavit,
1170 865 1331 926 atque
1357 855 1513 926 apud
1542 853 1787 908 Macedo—
1886 848 2192 919 epistolam,
2228 847 2508 901 meminit:
2541 844 2730 900 Seuior
2758 842 2886 896 Caio
2919 842 3261 908 charissima,
3311 856 3465 910 quem

195 931 346 1013 niam
380 958 434 1011 in
456 954 797 1026 passionibus
825 951 940 1007 suis
960 949 1238 1005 Christum
1263 945 1602 1011 clariﬁcans,
1640 953 1788 1015 post-
1887 956 1979 1010 ego
2005 937 2165 1008 diligo
2192 938 2246 990 in
2277 938 2488 990 veritate
2510 935 2718 1000 lJoan.,
2737 931 2838 1003 Ep.
2863 933 2964 1002 ut).

197 1050 427 1107 modum
449 1046 737 1118 requievit.

2197 1046 2258 1100 F.
2299 1045 2364 1100 IV
2404 1044 2536 1100 KAL.
2576 1044 2822 1099 JANUARII
2863 1042 2953 1112 (29
2982 1041 3158 1110 Dec.).

521 1157 584 1211 D.
619 1156 738 1210 XIV
761 1153 896 1209 KAL.
925 1153 1167 1208 Aucusrt
1199 1151 1289 1222 (l9
1309 1150 1486 1219 Julii).
1963 1139 2166 1194 Natalis
2197 1138 2365 1193 sancti
2394 1137 2670 1206 Tropbimi
2691 1174 2708 1201 ,
2739 1136 2806 1190 de
2830 1149 2938 1203 quo
2957 1135 3147 1189 scribit
3178 1132 3468 1202 Apostolus

276 1249 485 1305 Natalis
508 1247 651 1301 beati
685 1245 948 1314 Epaphras
967 1284 982 1309 ,
1007 1243 1096 1312 qui
1122 1257 1153 1296 a
1183 1241 1340 1296 beato
1367 1241 1532 1295 Paulo
1558 1240 1794 1295 Colossis
1893 1233 1960 1287 ad
1988 1232 2327 1286 Timotheum
2361 1245 2377 1282 :
2412 1228 2746 1298 Trophimum
2775 1240 2950 1279 autem
2985 1225 3170 1296 reliqui
3204 1225 3473 1292 inﬁrmum

203 1338 491 1398 ordinatus
542 1335 824 1403 episcopus
878 1330 1102 1403 (Coloss.
1131 1345 1150 1384 ι
1190 1337 1246 1384 et
1291 1344 1374 1395 tv;
1423 1326 1652 1398 Philipp.
1709 1329 1791 1396 ιι),
1897 1322 2064 1377 Mileti
2088 1319 2175 1389 (II
2201 1319 2335 1374 Tim.
2361 1320 2457 1390 1v).
2491 1319 2588 1372 llic
2617 1318 2686 1372 ab
2713 1316 2969 1386 apostolis
2989 1316 3171 1369 Romae
3199 1314 3477 1368 ordinatus

205 1429 387 1484 clarus
405 1423 733 1487 virtutibus,
765 1421 1007 1492 martyrii
1050 1419 1284 1489 palmam
1327 1433 1426 1488 pro
1461 1419 1652 1473 ovibus
1693 1415 1795 1472 sibi
1895 1415 2211 1484 episc0pus,
2251 1413 2459 1482 primus
2508 1411 2577 1465 ad
2619 1409 2893 1465 Arelatem
2942 1408 3130 1463 urbem
3178 1406 3364 1462 Callia:
3409 1406 3479 1459 ob

206 1515 603 1575 commendatis
641 1512 780 1566 virili
825 1526 994 1581 agone
1041 1511 1300 1580 percepit.
1358 1507 1616 1581 Sepultus
1657 1508 1798 1579 apud
1897 1506 2099 1562 Christi
2139 1503 2487 1573 Evangelium
2533 1501 2934 1571 praedicandum
2977 1500 3215 1553 directus
3252 1505 3355 1552 est.
3400 1496 3480 1549 Ex

209 1609 459 1666 eamdem
487 1607 702 1661 urbem.

524 1718 586 1772 ι).
616 1715 706 1771 Vll
734 1715 868 1770 KAL.
897 1714 1132 1771 Aucusrt
1160 1712 1251 1784 (26
1281 1713 1458 1781 Julii).

288 1807 496 1863 Natalis
527 1806 722 1870 Erasti,
751 1805 842 1873 qui
864 1803 1127 1896 Philippis
1151 1819 1180 1857 a
1208 1804 1367 1896 beato
1387 1801 1551 1857 Paulo
1587 1802 1797 1896 episco-
1828 1837 1875 1896 Β

214 1915 319 1971 pus
360 1897 579 1954 relictus
617 1895 754 1966 (Act.
786 1910 910 1960 xu;
944 1893 1097 1947 Rom.
1128 1892 1264 1964 xvr),
1298 1893 1372 1948 ibi
1401 1894 1664 1964 martyrio
1708 1909 1798 1947 co-

215 1999 443 2047 ronatus
473 1987 699 2058 quievit.

500 2101 561 2154 Β.
606 2099 698 2154 XV
733 2099 867 2154 KAL.
907 2099 1157 2153 JANUARH
1209 2097 1298 2170 (I8
1325 2095 1519 2168 Sept.).

286 2191 494 2245 Natalis
514 2190 791 2244 beatorum
812 2187 933 2241 Rufi
959 2196 1014 2242 et
1041 2186 1276 2251 Zosimi,
1300 2187 1364 2240 de
1386 2201 1613 2256 quorum
1631 2201 1801 2254 agone

215 2283 358 2337 felici
389 2289 608 2336 sanctus
634 2279 962 2350 Polycarpus
992 2280 1044 2333 in
1080 2278 1305 2348 epistola
1335 2279 1401 2332 ad
1434 2277 1803 2348 Philippenses

216 2372 429 2436 scribit,
455 2371 640 2426 dicens
674 2388 688 2423 :
725 2369 986 2438 Deprecor
1013 2379 1186 2422 autem
1225 2385 1309 2423 vos
1351 2385 1525 2422 omnes
1563 2369 1804 2424 obedien-

218 2465 308 2516 tiw
337 2478 547 2532 operam
570 2462 719 2526 dare,
742 2477 804 2514 ac
826 2460 1070 2513 meditari
1093 2461 1400 2528 patientiam
1426 2477 1583 2530 quam
1605 2460 1802 2514 vidistis

219 2554 280 2605 in
309 2551 518 2622 lgnatio
540 2564 586 2605 et
612 2551 750 2620 Rufo
779 2561 827 2604 et
851 2550 1060 2604 Zosimo
1091 2551 1399 2606 beatissimis
1415 2552 1559 2616 viris,
1589 2553 1804 2606 scientes

225 2645 366 2712 quod
393 2645 446 2697 hi
475 2661 574 2698 non
598 2646 650 2698 in
680 2661 924 2708 vacuum,
948 2644 1038 2697 sed
1063 2661 1156 2714 per
1177 2645 1335 2712 [idem
1364 2654 1411 2696 et
1426 2644 1688 2712 justitiam
1715 2661 1807 2697 cu-

225 2745 534 2796 currerunt,
561 2736 720 2788 donec
764 2747 995 2790 venirent
1040 2737 1108 2789 ad
1147 2736 1316 2789 locum
1361 2737 1460 2789 sibi
1505 2754 1535 2790 a
1583 2737 1807 2792 Domino

225 2834 581 2894 praeparatum
608 2842 626 2890 ;
681 2825 926 2895 quoniam
949 2825 1156 2895 quidem
1180 2826 1482 2896 passionum
1505 2826 1618 2895 ejus
1639 2829 1809 2894 partio

223 2917 362 2985 cipes
406 2916 744 2982 exstiterunt,
790 2933 880 2970 nec
929 2917 1222 2972 dilexerunt
1263 2936 1493 2989 prtesens
1533 2922 1803 2986 swculum,

223 3006 316 3058 sed
341 3022 458 3058 eum
485 3007 575 3076 qui
614 3023 708 3076 pro
737 3008 862 3077 ipsis
899 3017 947 3062 et
975 3025 1070 3078 pro
1099 3009 1336 3064 omnibus
1370 3019 1607 3065 mortuus
1645 3021 1719 3065 est
1759 3023 1807 3064 et

227 3097 532 3150 resurrexit.

537 3209 599 3263 F.
635 3209 680 3264 ll
720 3210 898 3266 NONAS
934 3211 1174 3268 AUGUSTI
1229 3212 1284 3284 (4
1309 3213 1489 3284 Aug.).

303 3319 511 3376 Natalis
534 3321 677 3376 beati
705 3323 1041 3391 Aristarchi,
1078 3326 1142 3380 de
1177 3341 1283 3394 quo
1313 3327 1585 3395 apostolus
1613 3326 1810 3383 Paulus

231 3410 642 3466 Colossensibus
679 3413 867 3467 scribit
899 3431 910 3465 :
939 3412 1149 3468 Salutat
1190 3431 1276 3466 vos
1305 3415 1642 3470 Aristarchus
1683 3433 1811 3470 con-

232 3501 465 3570 captivus
492 3518 635 3555 meus
669 3500 803 3569 (Col.
837 3502 946 3572 tv);
977 3504 1068 3573 qui
1098 3519 1278 3559 comes
1325 3503 1629 3560 individuus
1659 3506 1808 3576 Apo-

231 3590 375 3645 stolo
416 3592 714 3660 permansit
760 3609 930 3662 usque
978 3594 1044 3648 ad
1091 3594 1208 3661 ejus
1249 3593 1676 3661 confessionem;
1719 3595 1810 3664 qui

232 3680 558 3735 constitutus
598 3681 1160 3738 Thessalonicensium
1194 3685 1479 3755 episcopus
1511 3685 1649 3756 (Act.
1692 3702 1808 3753 χιχ,

234 3784 330 3834 xx,
365 3771 552 3842 xxvii),
579 3780 700 3840 post
728 3771 913 3841 longos
933 3781 989 3828 et
1019 3773 1361 3831 beatissimos
1384 3791 1582 3847 agones
1608 3791 1639 3831 a
1659 3775 1814 3832 Chri-

231 3868 320 3913 sto
350 3869 638 3915 coronatus
665 3861 889 3929 quievit.
968 3880 972 3885 ·

488 3971 552 4026 D.
594 3974 704 4028 VIII
737 3973 858 4030 Inus
895 3975 1231 4033 SEPTEMBRIS
1267 3978 1323 4050 (6
1361 3978 1550 4050 Sept.).

300 4062 512 4119 Natalis
538 4067 708 4120 sancti
736 4066 1089 4138 Onesiphori,
1123 4071 1190 4124 de
1228 4086 1334 4140 quo
1376 4072 1443 4127 ad
1470 4072 1813 4128 Timotheum

228 4152 425 4206 scribit
451 4152 736 4222 Apostolus
765 4173 778 4209 :
810 4156 908 4210 Det
937 4160 1354 4214 misericordiam
1392 4161 1646 4216 Dominus
1676 4162 1814 4217 One-

227 4243 432 4313 siphori
454 4243 671 4311 domini,
701 4248 824 4316 quia
850 4265 986 4318 swpe
1011 4265 1092 4302 me
1118 4249 1476 4322 refrigeravit,
1499 4263 1545 4305 et
1574 4263 1812 4307 catenam

227 4351 401 4389 meam
430 4353 534 4390 non
557 4339 758 4394 erubuit
790 4355 807 4392 :
829 4341 919 4394 sed
939 4359 1057 4395 cum
1083 4341 1303 4396 Romam
1331 4345 1569 4410 uenisset,
1592 4345 1813 4400 sollicite

229 4443 314 4480 me
343 4430 600 4498 quiesivit,
623 4442 670 4484 et
700 4432 910 4486 invenit.
939 4433 1035 4488 Det
1068 4434 1146 4487 illi
1173 4435 1429 4489 Dominus
1461 4438 1690 4490 invenire
1712 4440 1810 4490 mi-

229 4520 571 4574 sericordiam
602 4539 633 4575 a
673 4523 896 4577 Domino
938 4525 990 4577 in
1013 4524 1106 4578 illa
1137 4527 1240 4578 die.
1277 4525 1344 4578 Et
1381 4539 1574 4597 quanta
1617 4525 1809 4598 Ephesi
1837 4533 1886 4592 D

230 4611 566 4679 ministravit,
592 4614 776 4669 melius
799 4626 853 4668 tu
884 4616 1020 4669 nosti
1049 4615 1167 4686 (III
1199 4615 1333 4670 Tim.
1376 4620 1437 4687 ι).

511 4724 572 4778 Β.
613 4725 699 4780 VII
736 4725 868 4780 ΚΑι.
911 4725 1184 4781 Οατοωιιε
1214 4725 1306 4797 (25
1336 4724 1527 4798 Sept.).

300 4813 509 4868 Natalis
546 4815 830 4885 CleOphaz,
887 4817 977 4886 qui
1026 4833 1165 4870 unus
1215 4815 1315 4870 fuit
1357 4818 1422 4872 de
1475 4819 1813 4888 septuaginta

227 4901 434 4957 Christi
471 4903 744 4972 discipulis
778 4903 927 4975 (Luc.
957 4908 1051 4975 tv).
1087 4905 1184 4959 Cui
1212 4915 1333 4974 post
1358 4905 1813 4960 resurrectionem

227 4993 380 5048 eunti
424 5008 546 5047 cum
594 4994 698 5048 alio
749 4994 1119 5064 condiscipulo
1161 4996 1215 5049 in
1264 4995 1541 5050 castellum
1595 4994 1812 5048 nomine

227 5083 525 5148 Emmaus,
577 5085 720 5154 quod
772 5083 1044 5153 Nicopolis
1088 5101 1232 5140 nunc
1289 5086 1504 5151 dicitur,
1555 5084 1811 5138 Dominus

229 5173 496 5240 apparuit.
526 5172 695 5239 Quem
737 5174 958 5228 tradunt
996 5175 1049 5228 in
1079 5174 1267 5230 eadem
1307 5176 1467 5237 urbe,
1516 5174 1810 5240 eademque

227 5263 392 5317 domo
418 5263 472 5317 in
493 5278 597 5332 qua
625 5280 868 5320 mensam
898 5267 1053 5336 quasi
1076 5267 1358 5336 peregrino
1391 5265 1617 5319 Domino
1647 5279 1807 5332 para—

227 5360 401 5413 verat,
427 5368 525 5421 pro
553 5354 893 5410 confessione
918 5356 1080 5421 illius,
1113 5372 1271 5426 quem
1305 5357 1374 5410 ibi
1405 5356 1518 5425 ipse
1543 5370 1807 5425 recogno-

226 5453 408 5508 verat,
431 5461 461 5500 a
483 5445 682 5503 Judacis
712 5449 952 5504 occisum
971 5490 985 5516 ,
1013 5459 1066 5505 et
1094 5449 1326 5520 gloriosa
1351 5448 1609 5504 memoria
1647 5449 1811 5504 etiam

224 5537 522 5606 sepultum.

549 5649 611 5704 D.
654 5650 722 5705 IV
759 5653 894 5708 Nox.
934 5651 1204 5708 OCTOBBIS
1236 5653 1288 5724 (4
1321 5652 1488 5724 0ct.).

300 5735 506 5796 Natalis
533 5757 842 5800 sanctorum
873 5745 1046 5815 Crispi
1091 5756 1144 5800 et
1192 5747 1326 5810 Caii,
1371 5763 1506 5814 quos
1541 5747 1680 5816 apud
1706 5747 1810 5802 Co-

1899 1585 2251 1666 cujus'fonte,
2283 1603 2342 1647 ut
2388 1594 2576 1648 beatus
2618 1607 2753 1660 papa
2796 1589 3047 1644 Zozimus
3091 1587 3300 1651 scribit,
3349 1595 3477 1641 tota:

1899 1685 2083 1741 Gallia:
2131 1684 2251 1738 ﬁdei
2299 1683 2442 1736 rivos
2490 1687 2842 1750 acceperunt;
2901 1679 2993 1748 qui
3047 1678 3188 1747 apud
3233 1675 3478 1732 eamdem

1902 1779 2093 1834 urbem
2121 1778 2176 1832 in
2203 1790 2336 1847 pace
2366 1771 2585 1844 quievit.

2193 1890 2289 1943 .D.
2331 1887 2398 1942 XI
2433 1889 2569 1942 KAL.
2608 1887 2828 1941 Apulus
2853 1886 2946 1955 (22
2973 1885 3162 1955 Man).

1973 1981 2181 2036 Natalis
2208 1980 2380 2034 sancti
2407 1979 2582 2044 Pauli,
2610 1994 2769 2047 quem
2809 1977 2953 2031 beati
2998 1975 3228 2046 apostoli
3267 1975 3488 2030 ordina-

1901 2083 2016 2134 tum
2048 2073 2167 2126 urbi
2199 2071 2463 2126 Narbonte
2495 2071 2804 2140 episcopum
2842 2069 3125 2123 miserunt.
3158 2067 3326 2134 Quem
3378 2075 3488 2120 tra-

1901 2164 2036 2218 dunt
2062 2163 2308 2216 eumdem
2333 2161 2508 2230 ipsutn
2541 2158 2706 2213 fuisse
2739 2155 2986 2226 Sergium
3011 2153 3236 2210 Paulum
3260 2170 3487 2226 procon-

1903 2253 2096 2318 sulem,
2122 2253 2294 2307 virum
2321 2251 2660 2322 prudentem,
2690 2265 2720 2302 a
2751 2263 2857 2319 quo
2887 2249 3002 2318 ipse
3029 2246 3227 2302 Paulus
3260 2249 3486 2308 sortitus

1903 2353 1986 2398 est
2016 2359 2232 2406 nomen,
2260 2343 2386 2410 quia
2408 2356 2529 2396 eum
2555 2339 2674 2393 ﬁdei
2705 2337 2904 2394 Christi
2933 2339 3248 2409 subegerat;
3283 2337 3484 2408 quique

1904 2435 1972 2488 ab
2007 2435 2194 2488 eodem
2230 2443 2417 2486 sancto
2440 2431 2702 2500 apostolo,
2736 2446 2858 2485 cum
2888 2430 2954 2484 ad
2978 2429 3268 2498 Hispanias
3299 2429 3489 2500 praedi-

1905 2527 2063 2581 cendi
2106 2525 2278 2594 gratia
2310 2533 2592 2596 pergeret,
2630 2523 2769 2593 apud
2807 2521 3087 2592 praefatam
3117 2522 3306 2578 urbem
3349 2519 3492 2576 Nar-

1907 2616 2101 2671 bonam
2147 2614 2396 2678 relictus,
2444 2613 2847 2684 praedicationis
2889 2610 3063 2666 olIlcio
3109 2628 3214 2666 non
3258 2611 3493 2683 segniter

1908 2709 2160 2778 impleto,
2191 2708 2372 2762 clarus
2403 2705 2679 2761 miraculis
2711 2715 3002 2760 coronatus
3030 2704 3308 2773 sepelitur.

2172 2821 2233 2874 D.
2275 2819 2369 2874 XII
2410 2819 2543 2873 ΚΑι.
2583 2819 2876 2872 ῐῖεβιιυλιιιι
2917 2817 3000 2887 (21
3031 2815 3207 2887 Jan.).

1982 2909 2184 2965 Natalis
2227 2910 2401 2964 sancti
2452 2909 2626 2964 Publii
2670 2909 3007 2963 Athenarum
3065 2908 3343 2977 episcopi,
3397 2907 3491 2975 qui

1908 3002 2159 3073 princeps
2187 2999 2375 3056 insula:
2399 2999 2576 3055 Melite
2606 3000 2688 3054 vel
2709 2999 2968 3063 Militene,
2995 3013 3117 3052 cum
3150 2998 3494 3068 navigantem

1910 3095 2128 3149 beatum
2173 3090 2474 3162 apostolum
2527 3089 2752 3144 Paulum
2801 3089 3062 3151 Romam,
3110 3089 3210 3144 sub
3251 3088 3494 3142 custodia

1833 3191 1880 3254 ο
1911 3184 2185 3240 detentum
2223 3183 2362 3252 (Act.
2401 3181 2491 3251 28)
2519 3196 2612 3251 per
2650 3180 2885 3234 triduum
2916 3178 3149 3250 hospitio
3192 3187 3492 3248 receptum,

1914 3277 2151 3330 humane
2181 3283 2506 3338 tractasset,
2543 3282 2603 3328 ut
2644 3273 2833 3327 beatus
2861 3272 3036 3326 Lucas
3069 3270 3253 3336 refert,
3286 3279 3497 3340 patrem

1912 3366 2082 3436 ipsius
2109 3365 2283 3421 Publii
2315 3365 2540 3434 contigit
2567 3363 2804 3419 febribus
2837 3374 2890 3418 et
2940 3362 3250 3434 dysenteria
3289 3361 3495 3431 jacere.

1911 3458 1993 3511 Ad
2022 3473 2182 3526 quem
2211 3473 2333 3512 cum
2366 3457 2621 3510 intrasset
2649 3456 2838 3510 beatus
2873 3451 3281 3522 Apostolus,'et
3321 3451 3498 3521 impo-

1912 3547 2109 3601 suisset
2134 3545 2209 3600 illi
2253 3560 2444 3599 manus
2471 3553 2526 3598 et
2571 3551 2802 3608 orasset,
2848 3542 3059 3596 sanavit
3095 3556 3218 3596 eum
3251 3539 3496 3611 (Euseb.,

1913 3635 2004 3690 lib.
2031 3652 2106 3700 tv,
2122 3652 2168 3688 ε.
2193 3633 2306 3704 22).
2333 3633 2504 3700 Quem
2527 3631 2773 3686 Publium
2797 3631 3164 3684 adhaarentem
3182 3628 3284 3684 sibi
3306 3630 3497 3684 beatus

1911 3725 2201 3795 Apostolus
2227 3732 2412 3795 postea
2457 3722 2763 3777 ordinatum
2793 3720 3104 3790 episcopum
3131 3759 3146 3782 ,
3193 3719 3261 3772 ad
3304 3719 3499 3788 praedi-

1914 3820 2148 3875 candum
2179 3818 2412 3882 direxit;
2455 3815 2546 3886 qui
2599 3813 2939 3884 postmodum
2969 3811 3378 3866 Atheniensium
3405 3825 3499 3866 ec-

1913 3910 2132 3966 clesiam
2167 3909 2417 3964 nobiliter
2459 3906 2620 3970 rexit,
2666 3914 2721 3961 et
2762 3904 3056 3974 praeclarus
3101 3904 3391 3959 virtutibus
3440 3911 3496 3959 et

1913 4002 2156 4058 doctrina
2191 4000 2512 4072 praefulgens
2538 4039 2553 4064 ,
2581 3999 2650 4053 ob
2678 3996 2879 4052 Christi
2915 3996 3235 4066 martyrium
3263 3994 3498 4065 gloriose

1913 4098 2230 4154 coronatur;
2257 4105 2378 4142 nam
2412 4089 2617 4159 primus
2642 4085 2948 4157 Dionysius,
2979 4085 3102 4140 inde
3126 4083 3366 4150 Publius,
3397 4084 3501 4140 istc

1913 4181 2142 4236 Athenis
2167 4179 2404 4250 prmfuit.

2264 4290 2326 4344 F.
2369 4289 2459 4344 VII
2495 4289 2630 4343 KAL.
2672 4287 2816 4343 .IUNII
2849 4288 2939 4358 (26
2968 4287 3141 4357 Maii).

1983 4384 2156 4456 (Hier.
2190 4382 2253 4437 de
2286 4382 2484 4452 Script.
2517 4382 2688 4446 Eccl.,
2726 4399 2774 4435 c.
2805 4380 3139 4446 l9.)Natalis
3169 4379 3340 4435 sancti
3363 4377 3501 4446 Qua-

1912 4477 2052 4532 drati
2114 4474 2482 4545 apostolorum
2533 4473 2769 4542 episcopi
2823 4471 3104 4540 discipuli,
3163 4471 3254 4541 qui
3309 4471 3365 4525 in
3423 4469 3502 4524 lo-

1913 4583 2037 4622 cum
2079 4567 2222 4621 beati
2261 4565 2433 4620 Publii
2463 4565 2798 4619 Athenarum
2841 4563 3186 4617 substituitur
3216 4573 3271 4617 et
3317 4561 3503 4616 Eccle-

1908 4657 2048 4711 siam
2110 4655 2298 4725 grandi
2352 4663 2559 4709 terrore
2612 4653 2911 4722 dispersam
2970 4650 3073 4706 fide
3125 4658 3181 4704 et
3233 4651 3499 4705 industria

1913 4762 2011 4801 sua
2061 4752 2373 4815 congregat.
2419 4743 2661 4811 Cumque
2710 4741 2980 4796 Adrianus
3027 4739 3253 4795 Athenis
3299 4740 3502 4795 exisset

1915 4840 2092 4894 hieme
2117 4839 2356 4892 invisens
2385 4837 2715 4900 Eleusinam,
2747 4844 2804 4889 et
2833 4835 3084 4889 omnibus
3115 4849 3252 4904 pene
3277 4832 3500 4888 Graecia:

1916 4930 2086 4986 sacris
2115 4929 2380 4993 initiatus,
2429 4927 2666 4982 dedisset
2707 4925 3044 4981 occasionem
3094 4925 3180 4978 his
3208 4925 3298 4994 qui
3335 4923 3497 4979 Chri-

1914 5020 2121 5074 stianos
2151 5019 2376 5074 oderant
2402 5019 2606 5087 absque
2636 5025 2902 5087 praecepto
2931 5016 3274 5084 imperatoris
3302 5030 3501 5088 vexare

1913 5109 2215 5173 credentes,
2254 5109 2496 5178 porrexit
2539 5107 2588 5163 ei
2637 5108 2832 5162 librum
2882 5122 2980 5176 pro
3023 5116 3205 5161 nostra
3241 5105 3498 5175 religione

1912 5201 2270 5271 compositum
2305 5200 2460 5254 valde
2496 5197 2681 5253 utilem
2726 5197 3056 5268 plenumque
3099 5180 3323 5250 rationis
3347 5204 3402 5248 et
3439 5193 3499 5246 li-

1914 5293 2019 5359 dei,
2053 5292 2346 5363 apostolica
2378 5290 2626 5345 doctrina
2660 5289 2878 5355 dignum
2901 5329 2914 5352 ,
2947 5288 2999 5341 in
3031 5299 3138 5355 quo
3179 5291 3233 5339 et
3263 5283 3500 5351 antiqui-

1925 5392 2088 5438 tatem
2116 5398 2225 5436 su:e
2247 5379 2422 5435 aetatis
2447 5378 2769 5443 ostendens,
2798 5379 2873 5431 ait
2899 5376 3161 5445 plurimos
3187 5390 3215 5426 a
3244 5387 3302 5427 se
3330 5372 3496 5436 visos,

1922 5473 2012 5543 qui
2047 5472 2214 5526 variis
2244 5473 2296 5524 in
2328 5469 2510 5524 Judaia
2557 5467 2801 5538 oppressi
2845 5465 3241 5522 calamitatibus
3267 5505 3281 5526 ,
3315 5477 3345 5514 a
3393 5462 3502 5516 Do-

1923 5563 2069 5618 mino
2107 5561 2279 5617 sanati
2321 5560 2573 5622 fuerant,
2605 5567 2659 5612 et
2701 5557 2793 5627 qui
2835 5571 2866 5610 a
2912 5553 3144 5610 mortuis
3191 5565 3502 5606 resurrexe-

1922 5664 2074 5720 rant;
2107 5653 2231 5722 quia
2264 5667 2367 5706 una
2399 5667 2520 5705 cum
2553 5649 2763 5704 filiabus
2789 5645 3017 5715 Philippi
3045 5643 3181 5716 (Act.
3215 5641 3329 5712 XXI)
3364 5651 3420 5695 et
3445 5639 3500 5695 in

1921 5744 2230 5816 prophetica
2259 5743 2428 5812 gratia
2453 5741 2839 5796 celeberrimus
2859 5738 2958 5794 fuit
2977 5735 3150 5804 (Deest
3173 5734 3268 5788 hoc
3301 5732 3496 5801 Hier.).
