4024 6362
178 394 290 450 197

1158 376 1767 436 MARTYROLOGlUSl
1814 373 1964 429 CUM
1993 371 2525 429 ADDITAMENTIS.

3364 377 3468 433 198

178 503 404 561 meritis
453 509 509 556 et
555 501 670 570 ipsa
724 497 971 560 sociata,
1033 493 1479 564 pretiosissimam
1543 498 1781 546 mortem
1813 502 1858 560 Α
1886 494 2032 552 sunt,
2061 492 2117 540 et
2153 486 2370 556 penitus
2413 497 2515 541 nec
2564 482 2665 541 sibi
2710 493 2935 556 possunt
2974 486 3173 555 aliquid
3210 501 3311 543 nec
3349 487 3472 544 aliis

180 593 538 650 confessione
562 589 765 646 Christi
793 587 986 657 adepta
1004 626 1020 651 ,
1048 584 1186 639 atria
1222 581 1523 639 Jerusalem
1553 582 1784 644 intrato,

179 691 316 737 vota
347 695 445 736 sua
468 677 697 734 Domino
723 673 1100 746 persolvendo,
1127 671 1325 727 meruit
1350 689 1362 724 :
1397 685 1462 725 ac
1487 669 1674 725 Romae
1726 670 1786 726 in

180 780 383 845 crypta
425 768 715 834 laudabili,
747 781 911 837 quam
945 766 1061 836 ipsa
1091 766 1161 819 ad
1189 762 1531 820 condendum
1575 768 1787 833 martys-

182 880 313 922 rum
342 876 570 934 corpora
596 865 1000 923 construxerat,
1032 854 1424 913 honorabiliter
1443 851 1674 926 sepulta.

477 972 543 1029 C.
576 970 671 1027 XII
699 970 834 1025 KAL.
862 968 1160 1025 Faenum“
1189 967 1275 1040 (21
1315 966 1492 1038 lam).

261 1063 473 1120 Natalis
522 1061 852 1118 beatissima:
894 1059 1117 1131 Agnetis
1142 1058 1368 1130 virginis
1403 1067 1466 1114 ‘et
1508 1059 1786 1131 martyris,

189 1168 318 1226 quae
343 1151 724 1209 tertiodecimo
770 1149 948 1205 atatis
986 1164 1098 1205 suae
1141 1164 1284 1206 anno
1326 1148 1381 1203 in
1430 1148 1567 1205 urbe
1614 1148 1790 1205 Roma

191 1260 355 1317 passa
376 1253 478 1300 est.
511 1243 636 1299 Haec
664 1242 791 1298 dum
822 1243 891 1299 ab
915 1241 1117 1298 scholis
1147 1241 1439 1297 revertitur
1457 1285 1471 1308 ,
1496 1257 1525 1296 a
1552 1241 1790 1314 praefecti

192 1336 311 1391 ﬁlio
329 1335 652 1389 adamatur:
685 1333 840 1404 cujus
862 1341 1114 1404 parentes
1149 1333 1274 1388 dum
1312 1333 1659 1403 requisisset,
1688 1349 1794 1390 cce-

193 1429 279 1501 pit
320 1426 516 1483 offerre
542 1425 801 1497 plurima,
847 1433 902 1480 et
947 1424 1102 1495 plura
1150 1423 1500 1493 promittere;
1556 1424 1792 1495 denique

198 1519 467 1576 detulerat
524 1531 708 1574 secum
770 1515 1161 1587 pretiosissima
1214 1522 1533 1570 ornamenta
1588 1528 1708 1585 qua:
1762 1529 1794 1568 a

197 1610 358 1664 beata
381 1607 591 1677 Agncte
615 1605 784 1661 veluti
814 1604 1059 1675 qumdam
1100 1612 1338 1660 stercora
1369 1611 1494 1660 sunt
1520 1611 1791 1659 recusata.

202 1699 359 1755 Unde
380 1697 582 1752 factum
606 1703 777 1751 estut
795 1693 1012 1764 juvenis
1050 1693 1650 1765 majori'perurgeretur
1693 1694 1790 1748 sti-

206 1789 379 1853 mulo,
400 1795 455 1842 et
493 1795 692 1856 putans
722 1800 842 1840 eam
893 1784 1117 1841 meliora
1156 1782 1292 1838 velle
1337 1783 1583 1853 accipere
1628 1797 1794 1837 orna—

1889 582 2170 644 praestare.
2217 571 2512 629 Praefectus
2541 581 2721 629 autem
2762 573 2951 629 videns
2990 582 3139 629 tanta
3181 576 3471 641 mirabilia,

1889 665 2197 736 obstupuit;
2250 666 2347 721 sed
2398 666 2605 722 veritus
2656 665 3139 736 proscriptionem,
3187 667 3233 721 si
3286 677 3473 722 contra

1891 758 2179 828 pontifices
2221 758 2544 828 templorum
2590 767 2793 829 ageret,
2834 757 2925 828 qui
2961 757 3280 813 seditionem
3308 773 3478 829 popu-

1892 848 2067 906 lorum
2104 848 2529 911 concitaverant,
2562 856 2617 902 et
2656 850 2916 917 Agnetem
2949 858 3138 903 contra
3181 849 3477 904 sententias

1893 954 2021 995 suas
2055 938 2364 995 defensaret
2383 939 2646 995 vicarium
2681 940 2746 994 ad
2785 939 3101 995 seditionem
3131 939 3311 1009 populi
3336 939 3479 1010 judi-

1891 1045 2012 1086 cem
2043 1029 2389 1099 derelinquit.
2418 1029 2537 1100 lpse
2578 1036 2756 1084 autem
2802 1029 2974 1084 tristis
3020 1029 3303 1095 abscessit,
3335 1030 3479 1099 quod

1892 1137 2012 1178 eam
2056 1137 2163 1177 non
2202 1123 2377 1193 potuit
2412 1130 2536 1192 post
2576 1120 3031 1177 resurrectionem
3072 1120 3166 1175 filii
3215 1122 3297 1176 sui
3347 1121 3480 1177 libe-

1893 1227 2037 1268 rare.
2067 1212 2315 1268 Vicarius
2357 1227 2490 1267 vero
2530 1212 2787 1281 Aspasius
2816 1212 3033 1266 nomine
3060 1210 3223 1279 jussit
3256 1211 3312 1266 in
3350 1226 3480 1267 con-

1895 1312 2081 1375 spectu
2122 1304 2362 1359 omnium
2394 1304 2572 1376 ignem
2605 1303 2884 1375 copiosum
2933 1302 3165 1367 incendi,
3193 1311 3247 1356 et
3277 1302 3330 1356 in
3368 1316 3482 1357 me-

1894 1395 1984 1451 dio
2030 1411 2151 1451 eam
2200 1395 2458 1467 pmcepit
2508 1393 2846 1450 ﬂammarum
2886 1393 3102 1463 jactari.
3150 1393 3301 1460 Quod
3352 1395 3479 1449 dum

1894 1487 2089 1544 fuisset
2141 1487 2452 1558 impletum,
2505 1486 2686 1541 statim
2738 1486 2792 1540 in
2852 1486 2987 1541 duas
3037 1494 3219 1555 partes
3275 1484 3482 1540 dimissa

1893 1576 2124 1633 flammae
2159 1578 2285 1632 hinc
2336 1586 2500 1648 atque
2544 1576 2691 1631 illinc
2732 1575 3045 1630 seditiosum
3095 1574 3349 1646 populum
3387 1589 3481 1629 ex-

1896 1671 2149 1725 urebant.
2174 1669 2338 1724 Beata
2368 1679 2549 1724 autem
2571 1668 2752 1738 Agnes
2778 1667 3091 1737 expandens
3113 1681 3305 1721 manus
3333 1681 3479 1730 suas,

1896 1762 1950 1817 in
1977 1761 2153 1817 medio
2191 1760 2331 1832 ignis
2360 1760 2663 1815 orationem
2695 1758 2831 1813 fudit
2877 1758 2942 1812 ad
2972 1756 3279 1812 Domintrm.
3317 1755 3482 1811 Com-

206 1850 387 1932 manu,
405 1916 421 1941 ,
449 1850 664 1931 0,},an
694 1874 926 1945 lapidem
970 1875 1270 1944 pretiosum
1308 1850 1492 1929 seculi,
1522 1872 1695 1929 ἀείεη
1737 1881 1793 1928 ει
1822 1858 1866 1917 Β
1893 1854 2037 1925 pleta
2070 1852 2318 1909 oratione
2347 1853 2421 1907 ita
2448 1853 2627 1908 omnis
2656 1852 2797 1923 ignis
2829 1850 3128 1906 exstinctus
3155 1857 3259 1914 est,
3287 1856 3345 1902 ut
3381 1860 3484 1902 nec

204 1965 450 2037 gloriam,
483 1974 538 2020 et
561 1978 659 2035 per
681 1979 741 2020 se.
765 1965 965 2035 ipsum,
1000 1972 1055 2021 et
1072 1980 1171 2035 per
1204 1974 1361 2020 notos
1393 1972 1448 2019 et
1468 1961 1653 2020 afﬁnes
1682 1978 1792 2019 eoe-

206 2060 284 2128 pit
310 2072 472 2112 aures
492 2055 763 2128 appellare
787 2055 1037 2127 virginis,
1069 2055 1320 2121 divitias,
1346 2054 1554 2121 domos,
1580 2069 1793 2129 posses-

207 2150 408 2215 siones,
439 2148 703 2214 familias,
733 2155 896 2217 atque
924 2160 1112 2202 omnes
1140 2145 1326 2202 mundi
1345 2142 1568 2201 'divitias
1600 2136 1790 2216 repro-

210 2239 377 2302 misit,
434 2238 481 2292 si
537 2251 862 2293 consensum
907 2250 1063 2290 suum
1095 2234 1211 2304 ejus
1261 2232 1627 2303 conjunctieni
1684 2250 1793 2290 non

209 2336 450 2400 negaret.
505 2327 613 2383 Sed
645 2342 769 2382 cum
800 2326 1169 2383 beatissimam
1220 2326 1481 2398 virginem
1534 2324 1796 2380 inclinare

212 2419 376 2475 nullis
398 2419 556 2474 donis
574 2428 668 2473 aut
695 2416 1143 2488 promissionibus
1166 2425 1371 2487 posset,
1401 2416 1626 2471 insanus
1647 2414 1796 2485 juve-

210 2513 294 2567 nis
316 2527 499 2567 amore
519 2511 884 2581 corrumpitur
900 2524 1063 2576 casco,
1092 2518 1146 2564 et
1168 2509 1309 2564 inter
1332 2510 1609 2579 angustias
1629 2507 1795 2562 animi

213 2611 271 2656 et
317 2602 559 2672 corporis
604 2600 799 2656 anhelo
847 2600 1192 2656 cruciabatur
1246 2599 1455 2668 spiritu.
1495 2599 1642 2653 luter
1684 2599 1800 2653 haec

220 2693 362 2748 lecto
382 2692 754 2762 prosternitur,
784 2700 841 2747 et
873 2707 970 2761 per
997 2691 1105 2745 alta
1130 2690 1360 2761 suspiria
1386 2705 1539 2744 amor
1565 2704 1594 2742 a
1628 2688 1801 2742 medi-

215 2786 298 2841 cis
329 2785 582 2856 aperitur.
609 2783 771 2838 Fiunt
797 2792 920 2837 nota
947 2783 1109 2852 patri,
1131 2797 1250 2852 qua:
1280 2781 1494 2835 fuerant
1529 2780 1744 2834 inventa
1770 2793 1799 2831 a

215 2875 464 2940 medicis,
488 2882 542 2930 et
569 2874 757 2929 eadem
810 2882 1035 2943 paterna
1073 2886 1225 2936 voce,
1274 2886 1393 2940 qum
1450 2869 1664 2924 fuerant
1686 2866 1803 2936 jam

216 2968 360 3023 dicta
390 2981 419 3021 a
447 2964 577 3030 ﬁlio,
608 2965 675 3019 ad
701 2965 1012 3035 petitionem
1040 2963 1263 3035 virginis
1299 2962 1667 3018 revolvuntur.
1695 2962 1804 3015 Ah-

215 3068 383 3129 negat
411 3057 592 3128 Agnes
624 3056 957 3121 beatissima,
996 3064 1051 3110 et
1101 3071 1160 3109 se
1211 3053 1358 3109 nullo
1406 3062 1566 3122 parto
1614 3053 1806 3108 asserit

1895 1956 2049 2017 tepor
2084 1946 2304 2016 quidem
2349 1945 2585 2001 incendii
2635 1944 3006 2000 remansisset.
3044 1941 3195 1996 Tunc
3222 1939 3483 2010 Aspasius

1896 2039 2218 2096 seditionem
2261 2039 2476 2109 populi,
2517 2038 2608 2107 qui
2648 2038 2753 2092 hoc
2805 2040 2918 2091 non'
2951 2034 3246 2089 virtutibus
3286 2031 3485 2086 divinis

1896 2128 1993 2184 sed
2020 2127 2301 2184 maleficiis
2332 2127 2676 2198 reputabant,
2707 2125 2930 2181 minime
2952 2123 3155 2189 ferens,
3184 2123 3237 2177 in
3266 2131 3486 2193 gutture

1896 2217 2012 2289 eju's
2038 2219 2275 2290 gladium
2305 2219 2474 2290 mergi
2503 2218 2796 2289 praecepit:
2824 2225 2986 2286 atque
3020 2216 3126 2270 hoc
3163 2215 3314 2270 exitu
3358 2229 3486 2268 san-

1897 2310 2076 2380 guinis
2107 2309 2197 2364 sui
2246 2309 2444 2364 rubore
2488 2308 2787 2379 perfusam,
2815 2307 3067 2362 Christus
3096 2306 3199 2362 sibi
3235 2319 3489 2375 sponsam

1898 2410 1954 2456 et
1984 2411 2277 2472 martyrem
2325 2400 2696 2464 consecravit;
2746 2406 2996 2468 parentes
3039 2413 3173 2465 vero
3199 2396 3314 2466 ejus
3357 2411 3483 2452 cum

1899 2493 2097 2565 gaudio
2130 2492 2476 2548 abstulerunt
2507 2507 2701 2563 corpus
2724 2491 2861 2559 ejus,
2883 2500 2935 2545 et
2956 2498 3245 2565 posuerunt
3278 2487 3406 2544 illud
3436 2488 3490 2543 in

1900 2585 2102 2654 praedio
2128 2598 2246 2649 suo,
2273 2600 2381 2639 non
2428 2584 2585 2655 longe
2628 2585 2695 2639 ab
2731 2581 2907 2647 Urbe,
2948 2583 3035 2637 via
3062 2582 3399 2636 Numentana
3434 2597 3492 2637 χι

1903 2674 2020 2727 Kal.
2055 2673 2214 2728 Febr.
2244 2672 2336 2727 ubi
2367 2673 2642 2726 basilicam
2672 2681 2795 2742 post
2826 2671 3029 2740 aliquot
3058 2686 3250 2736 annos,
3276 2678 3494 2739 petente

1902 2765 2219 2822 Constantia
2247 2756 2377 2828 lilia,
2412 2763 2801 2819 Constantinus
2845 2763 3121 2833 Augustus
3167 2761 3490 2816 construxit.

1906 2855 2108 2910 Fuerat
2154 2854 2299 2909 enim
2345 2854 2413 2908 ab
2451 2854 2690 2908 obsessis
2733 2852 3045 2908 vulneribus
3082 2851 3271 2907 eadem
3306 2851 3494 2922 regina

1905 2957 1959 3002 et
1989 2946 2160 3017 virgo,
2195 2947 2262 3001 ad
2294 2945 2603 3015 sepulcrum
2632 2944 2857 3015 Agnetis
2888 2952 3100 3010 sanata,
3136 2944 3318 3013 ibique
3344 2940 3495 2995 Mau-

1907 3037 2119 3093 soleum
2152 3036 2256 3092 sibi
2295 3036 2411 3107 ipsa
2445 3035 2744 3090 constituit.
2789 3034 2954 3089 Passa
2992 3040 3077 3088 est
3114 3041 3296 3087 autem
3336 3032 3496 3086 beata

217 3119 418 3220 prioris
444 3119 626 3219 sponsi
658 3147 862 3204 foedera
886 3119 1106 3203 violare.
1136 3146 1287 3203 Tunc
1326 3119 1616 3217 praefectus
1644 3146 1809 3216 coepit

1913 3126 2088 3198 Agnes
2154 3126 2254 3181 sub
2321 3122 2577 3195 praefecto
2637 3124 2787 3179 urbis
2840 3120 3238 3195 Symphrouio,
3291 3119 3497 3175 vicario

168 3282 171 3283 ν
218 3240 571 3294 vehementer
598 3240 870 3309 inquirere
901 3239 1021 3310 quis
1049 3246 1194 3294 esset
1234 3239 1301 3294 de
1343 3238 1498 3309 cujus
1528 3253 1586 3294 se
1629 3241 1810 3308 Agnes

1913 3218 2152 3289 ejusdem
2183 3214 2334 3272 urbis
2363 3214 2611 3284 Aspasio.

218 3337 490 3399 potestate
513 3328 766 3398 jactaret.
801 3327 1023 3384 Exstitit
1071 3328 1289 3400 quidam
1320 3329 1412 3398 qui
1440 3329 1646 3384 diceret
1675 3330 1814 3384 hanc

221 3420 591 3477 Christianam
618 3436 738 3477 esse
767 3420 836 3475 ab
867 3420 1123 3487 infantia,
1151 3431 1207 3476 et
1235 3421 1462 3493 magicis
1489 3421 1699 3477 artibus
1740 3423 1814 3476 ita

223 3519 625 3581 occupatam,ut
641 3511 788 3567 dicat
804 3510 1079 3567 Christum
1108 3526 1363 3582 sponsum
1387 3512 1818 3569 suum.Audiens

224 3601 342 3657 haec
365 3602 663 3672 praefectus
682 3601 1100 3674 Symphronius,
1126 3603 1281 3659 laetus
1307 3603 1560 3671 ollieitur,
1576 3614 1626 3660 et
1651 3606 1818 3661 missa

227 3690 565 3760 apparitione
584 3707 707 3746 cum
734 3692 937 3761 ingenti
952 3693 1180 3762 strepitu
1201 3694 1314 3748 suis
1327 3709 1446 3749 eam
1460 3694 1819 3752 tribunalibus

227 3782 485 3853 pmcepit
502 3783 703 3839 assisti.
731 3784 903 3851 Quam
919 3800 1041 3840 cum
1065 3800 1166 3841 nec
1182 3785 1563 3842 blandimentis
1585 3802 1685 3843 nec
1714 3795 1822 3843 ter-

228 3873 446 3928 roribus
463 3883 645 3943 posset
662 3875 730 3931 ab
744 3883 883 3930 statu
901 3876 984 3930 sui
1004 3876 1263 3946 propositi
1278 3891 1515 3945 movere,
1526 3873 1688 3946 jussit
1700 3893 1820 3934 eam

224 3961 597 4032 exspoliari,et
624 3965 825 4019 nudam
847 3967 915 4020 ad
941 3965 1170 4035 lupanar
1187 3967 1309 4022 duci
1331 3969 1433 4023 sub
1454 3983 1583 4025 voce
1610 3985 1821 4040 przeco-

226 4053 319 4108 nia
337 4052 571 4107 dicentis
590 4072 601 4107 :
616 4052 823 4125 Agnem
837 4055 1156 4126 sacrilegam
1170 4056 1560 4127 virginem,diis
1575 4059 1823 4130 blasphe-

226 4144 398 4199 miam
419 4142 1003 4210 inferentem,scortum
1021 4147 1270 4201 traditam
1291 4147 1658 4218 lupanaribus.
1702 4149 1824 4204 Sta-

228 4236 329 4290 tim
350 4245 531 4291 autem
555 4245 612 4291 ut
633 4236 863 4306 spoliata
877 4245 979 4303 est,
994 4238 1143 4293 crine
1172 4238 1409 4294 resoluto
1426 4248 1630 4295 lautam
1645 4241 1825 4296 densi-

227 4335 403 4381 tatem
432 4326 641 4397 capillis
665 4326 782 4395 ejus
809 4328 983 4400 gratia
1009 4328 1186 4383 divina
1218 4330 1510 4396 concessit,
1543 4340 1602 4385 ut
1631 4331 1824 4388 melius

225 4431 423 4471 eorum
462 4415 690 4472 fimbriis
744 4418 1016 4473 videretur
1055 4434 1217 4488 quam
1245 4420 1486 4475 vestibus
1535 4429 1697 4477 tecta.
1743 4423 1826 4477 ln-

226 4523 423 4580 gressa
461 4517 641 4564 autem
678 4510 1024 4580 turpitudinis
1068 4510 1276 4577 locum,
1309 4513 1556 4582 angelum
1588 4512 1697 4569 illic
1726 4514 1827 4569 Do-

226 4600 369 4655 mini
408 4610 768 4670 prteparatum
798 4601 887 4655 'ita
927 4601 1161 4668 invenit,
1207 4609 1267 4656 ut
1304 4602 1668 4658 circumdaret
1704 4620 1823 4659 eam

229 4694 506 4749 immenso
533 4692 752 4747 lumine.
805 4692 1051 4763 Cumque
1079 4708 1137 4748 se
1182 4694 1236 4748 in
1285 4695 1534 4749 oratione
1598 4694 1825 4751 Domino

230 4783 642 4849 substravisset,
671 4785 921 4854 appiruit
950 4794 1077 4839 ante
1101 4783 1286 4839 oculos
1326 4783 1443 4853 ejus
1471 4785 1609 4839 stola
1642 4784 1826 4840 candi-

230 4873 482 4937 dissima,
515 4882 571 4928 et
599 4872 1010 4943 apprehendens
1038 4889 1157 4929 eam
1194 4874 1369 4929 induit
1389 4890 1477 4940 se;
1503 4882 1622 4929 erat
1644 4861 1845 4929 autem'

234 4963 308 5017 ad
356 4977 665 5018 mensuram
710 4963 1015 5035 corpusculi
1066 4964 1184 5035 ejus
1234 4965 1608 5020 indumentum
1657 4964 1845 5020 nimio’

234 5050 479 5106 candore
515 5051 884 5122 conspicuum.
908 5052 1117 5107 Interea
1150 5052 1390 5122 praefecti
1416 5053 1556 5108 ﬁlius
1584 5053 1735 5108 venit
1761 5053 1830 5110 ad

235 5141 446 5207 locum,
488 5141 716 5197 credens
746 5156 805 5197 se
829 5142 1118 5197 ludibrium
1159 5158 1416 5199 exercere
1446 5162 1458 5197 :
1492 5152 1549 5199 et
1576 5142 1833 5200 audacter

241 5236 545 5305 ingressus,
583 5234 718 5290 vidit
746 5242 953 5290 tantum
991 5235 1171 5290 lumen
1216 5238 1361 5292 circa
1384 5252 1537 5303 eam;
1567 5237 1660 5291 sed
1704 5236 1829 5305 quia

240 5344 357 5385 non
390 5328 535 5383 dedit
563 5327 826 5383 honorem
853 5328 1104 5394 Domino,
1137 5330 1336 5385 cecidit
1363 5329 1417 5383 in
1437 5327 1630 5385 faciem
1651 5342 1829 5395 suam,

242 5432 303 5476 et
324 5420 649 5491 praefocatus
675 5434 706 5475 a
730 5420 942 5477 diabolo
963 5421 1274 5491 exspiravit.
1302 5419 1456 5476 ilunc
1481 5428 1658 5475 tamen
1683 5419 1832 5491 virgo

245 5516 377 5582 post
402 5511 678 5582 paululum
705 5512 913 5568 orando
948 5511 1324 5578 resuscitavit,
1357 5511 1450 5582 qui
1476 5526 1728 5581 egressus
1754 5509 1833 5565 fo-

246 5616 365 5667 ras,
393 5595 559 5672 coepit
593 5601 833 5658 clamare
859 5616 873 5656 :
905 5601 1059 5658 Unus
1102 5601 1246 5658 Deus
1275 5603 1329 5658 in
1355 5601 1527 5669 cmlo,
1558 5610 1612 5657 et
1646 5602 1700 5657 in
1731 5609 1836 5658 ter-

252 5708 344 5759 ra,
366 5702 422 5749 et
455 5693 511 5749 in
556 5694 735 5761 mari,
771 5694 866 5766 qui
909 5702 995 5751 est
1023 5693 1164 5751 Deus
1206 5694 1679 5750 Christianorum:
1710 5710 1835 5750 nam

252 5785 440 5841 omnia
492 5786 690 5855 templa
748 5800 886 5841 vana
945 5793 1098 5853 sunt;
1141 5786 1215 5841 dii
1270 5786 1360 5857 qui
1418 5785 1668 5841 coluntur
1716 5786 1836 5841 vani

2232 3393 2296 3445 A.
2340 3390 2504 3446 Nurus
2538 3388 2834 3444 FEBBUABII
2879 3390 2935 3460 (‘5
2964 3388 3168 3458 Febr.).

1988 3511 2200 3567 Sanetre
2228 3510 2451 3580 Agathae
2485 3509 2708 3579 virginis
2732 3518 2787 3564 et
2819 3512 3096 3581 martyris,
3127 3511 3181 3565 in
3214 3510 3398 3566 Sicilia
3428 3513 3504 3567 ci-

1917 3603 2082 3659 vitate
2102 3601 2317 3658 Catanze
2339 3601 2439 3656 sub
2458 3601 2787 3668 Quinctiano
2811 3602 3149 3681 proconsule,
3175 3603 3506 3673 imperatore

1918 3695 2081 3752 Decio
2109 3714 2120 3749 :
2154 3694 2244 3765 qui
2277 3695 2579 3750 consularis
2608 3694 2692 3747 vir
2726 3693 3083 3762 Quinctianus
3109 3693 3330 3762 cupiens
3361 3692 3503 3747 mul—

1922 3785 2099 3841 tifaria
2130 3786 2426 3840 intentione
2455 3785 2522 3840 ad
2551 3799 2669 3840 eam
2711 3784 3037 3855 perfmgere,
3066 3784 3211 3852 quod
3240 3793 3385 3838 esset
3416 3797 3506 3839 no-

1919 3877 2199 3933 bilissimis
2226 3885 2344 3931 orta
2388 3874 2677 3941 natalibus,
2718 3874 2846 3930 fecit
2879 3888 3000 3928 eam
3041 3873 3262 3937 arctari,
3293 3881 3348 3928 et
3393 3873 3507 3927 cui-

1922 3970 2048 4025 dam
2086 3977 2345 4023 matronae
2375 3968 2513 4023 tradi
2545 3968 2762 4023 nomine
2788 3965 3157 4036 Aphrodosiaa,
3194 3980 3313 4035 quae
3342 3964 3508 4021 habe-

1922 4061 2016 4115 bat
2056 4073 2249 4113 novem
2292 4057 2431 4114 filias
2477 4057 2836 4128 turpissimas,
2872 4066 2933 4111 ut
2982 4065 3219 4111 mutaret
3268 4056 3509 4128 animum

1923 4149 2059 4220 ejus.
2089 4149 2219 4216 Quae
2244 4148 2431 4205 videns
2461 4157 2695 4205 mentem
2732 4148 2848 4219 ejus
2884 4147 3236 4213 immobilem,
3264 4155 3388 4218 post
3413 4147 3510 4202 tri-

1925 4242 2072 4312 ginta
2115 4240 2229 4296 dies
2274 4241 2411 4296 abiit
2446 4242 2513 4295 ad
2544 4239 2952 4306 Quinctianum,
2980 4246 3034 4294 et
3069 4240 3204 4295 dixit
3232 4239 3322 4295 ei:
3358 4238 3512 4293 Faci-

1928 4332 2030 4386 lius
2053 4338 2282 4402 possunt
2324 4345 2455 4385 saxa
2479 4329 2674 4387 molliri
2696 4336 2751 4383 et
2774 4328 2976 4383 ferrum
3013 4328 3067 4382 in
3097 4328 3299 4397 plumbi
3333 4327 3511 4383 molli-

1930 4423 2057 4477 tiem
2113 4420 2273 4485 verti,
2320 4434 2481 4490 quam
2534 4420 2602 4475 ab
2655 4418 2953 4474 intentione
2994 4416 3305 4473 Christiana
3358 4432 3517 4472 mens

1930 4512 2084 4567 istius
2109 4510 2301 4580 puellm
2342 4519 2646 4564 revocetur.
2675 4507 2844 4562 Jussit
2880 4506 3042 4577 igitur
3076 4521 3198 4560 eam
3237 4506 3514 4574 Quinctia-

1931 4616 2031 4656 nus
2058 4601 2125 4656 ad
2155 4599 2506 4656 secretariqu
2542 4614 2699 4653 suum
2726 4598 2938 4664 adduci,
2963 4605 3019 4652 et
3047 4598 3239 4653 sedens
3280 4614 3377 4669 pro
3416 4599 3514 4654 tri-

1930 4692 2134 4757 bunali,
2160 4690 2528 4747 beatissimam
2563 4688 2810 4760 Agathen
2839 4688 3138 4758 interrogat
3163 4706 3176 4743 :
3201 4687 3369 4759 Cujus
3391 4704 3517 4745 cou-

1928 4784 2148 4840 ditionis
2185 4783 2279 4839 es?
2311 4779 2519 4854 Agatha
2550 4780 2826 4850 respondit
2852 4795 2865 4832 :
2895 4778 3010 4833 Non
3042 4778 3216 4834 solum
3260 4779 3515 4850 ingenua,

1930 4877 2023 4932 sed
2064 4884 2119 4932 et
2163 4872 2475 4947 spectabilis
2500 4888 2716 4944 genere,
2750 4881 2807 4926 ut
2853 4870 3031 4927 omnis
3077 4871 3353 4942 parentela
3394 4887 3516 4927 mea

1932 4976 2179 5023 testatur.
2208 4966 2305 5022 Cui
2349 4965 2486 5019 dixit
2524 4963 2880 5032 Quinctianus
2912 4979 2925 5015 :
2958 4961 3026 5015 Et
3052 4960 3098 5017 si
3134 4961 3363 5033 ingenua
3392 4976 3519 5031 pro‘

1936 5059 2084 5115 baris
2107 5067 2162 5115 et
2187 5057 2403 5122 nobilis,
2440 5072 2539 5111 cur
2582 5054 2825 5110 moribus
2863 5052 3111 5120 servilem
3149 5066 3435 5123 personam
3467 5060 3523 5105 te

1937 5151 2135 5205 habere
2176 5147 2451 5204 ostendis?
2481 5147 2575 5201 Cui
2616 5142 2779 5201 beata
2808 5140 3017 5216 Agatha
3064 5142 3239 5214 inquit
3267 5160 3280 5197 :
3308 5140 3520 5197 Ancilla

1934 5243 2138 5299 Christi
2171 5257 2312 5307 sum,
2341 5239 2461 5295 ideo
2501 5253 2584 5293 me
2622 5236 2874 5293 servilem
2915 5236 3115 5290 habere
3148 5233 3376 5289 ostendo
3404 5246 3521 5300 pera

1898 5329 1911 5336 ’
1937 5349 2146 5391 sonam.
2186 5331 2426 5401 Cumque
2469 5330 2521 5385 in
2574 5327 2915 5383 confessione
2960 5324 3162 5382 Christi
3204 5321 3520 5385 fortissime,

1937 5441 2058 5498 qua:
2099 5424 2222 5480 fidei
2251 5430 2393 5487 sunt,
2421 5427 2863 5492 prosequeretur,
2893 5417 3057 5487 jussit
3088 5429 3205 5469 eam
3246 5410 3530 5489 Quinctiac’

1939 5532 2041 5573 nus
2076 5515 2245 5587 alapis
2284 5513 2448 5581 caedi;
2481 5510 2673 5568 deinde
2698 5508 3046 5566 Constantius
3082 5504 3358 5561 Christum
3386 5517 3523 5573 prae-

1942 5608 2213 5664 dicantem
2255 5604 2419 5676 jussit
2442 5604 2509 5659 ad
2559 5615 2832 5658 carcerem
2880 5597 3040 5653 trahi.
3084 5592 3293 5664 Agatba
3338 5600 3524 5676 autem

1945 5696 2219 5752 laetissima
2258 5674 2316 5749 et
2359 5692 2657 5763 glorianter
2682 5703 2956 5746 carcerem
2986 5682 3246 5749 introivit,
3277 5689 3331 5737 et
3366 5674 3526 5752 quasi

1948 5787 2013 5842 ad
2035 5785 2220 5856 epulas
2245 5783 2490 5849 invitata,
2515 5782 2586 5835 ita
2614 5777 2850 5851 gaudens
2877 5791 3098 5847 agonem
3120 5789 3272 5829 suum
3298 5771 3530 5827 Domino
