3962 6366
491 333 593 386 199

1476 326 1534 380 S.
1569 321 1816 378 ADOMS
1853 321 2283 380 ARCIIIEPISC.
2324 322 2733 380 VIENNENSIS

3629 329 3734 384 200

482 440 736 510 precibus
757 435 1185 492 commendabat.
1215 435 1475 504 Sequenti
1498 435 1583 488 die
1610 434 1806 488 iterum
1831 435 2056 503 aspecti-
2082 440 2130 498 Α
2156 440 2386 506 Agatnaa
2408 436 2762 506 investigaret
2787 444 2842 491 et
2872 445 2930 491 ut
2955 446 3159 492 teneret
3205 455 3389 494 onmes
3438 443 3505 495 de
3541 457 3732 511 paren-

487 533 589 586 hus
623 528 821 597 judicis
855 535 1228 596 praesentatur,
1263 540 1421 594 quam
1444 523 1608 591 jussit
1636 525 1688 578 in
1719 524 1951 592 equulco
1979 524 2056 577 in.

485 620 634 689 genti
667 619 922 688 suspendi
968 626 1022 672 et
1070 619 1322 685 torqueri.
1363 617 1513 669 Tunc
1553 625 1673 684 post
1710 616 1811 669 alia
1850 617 2056 685 Agatha

479 709 648 778 judici
679 707 951 777 respondit
979 721 994 759 :
1027 707 1176 760 Sicut
1205 705 1292 776 qui
1323 705 1488 770 videt,
1522 721 1681 775 quem
1720 705 1808 760 diu
1844 705 2055 760 deside-

486 799 672 864 rabat;
701 806 795 852 aut
832 799 971 851 sicut
1006 797 1096 864 qui
1126 796 1331 849 invenit
1360 797 1639 850 thesauros
1665 796 1880 859 multos,
1911 797 1982 850 ita
2005 804 2060 850 et

486 903 586 957 ego
611 889 848 942 delector
878 888 928 939 in
975 886 1059 939 his
1096 886 1269 953 ptenis
1297 885 1669 954 corporalibus
1706 885 1899 954 posita.
1943 884 2058 938 Non

489 980 633 1034 enim
679 985 856 1046 potest
900 975 1133 1028 triticum
1179 975 1232 1028 in
1278 975 1472 1029 horreo
1513 975 1718 1044 reponi,
1749 973 1852 1028 nisi
1905 975 2056 1028 theca

491 1071 608 1139 ejus
639 1069 846 1123 fortiter
884 1065 1045 1119 fuerit
1087 1065 1420 1130 conculcata,
1450 1076 1506 1120 et
1536 1066 1750 1120 redacta
1777 1065 1831 1118 iu
1857 1065 2057 1134 paleas.

486 1163 562 1216 lta
590 1169 643 1215 et
667 1159 844 1213 anima
887 1173 1007 1212 mea
1040 1173 1143 1211 non
1176 1166 1352 1228 potest
1389 1158 1442 1211 in
1469 1158 1778 1228 paradisum
1811 1157 1904 1212 Dei
1935 1173 2058 1212 cum

483 1254 660 1321 palma
712 1253 913 1305 intrare
950 1251 1219 1320 martyrii,
1250 1249 1354 1304 nisi
1389 1250 1672 1320 diligenter
1706 1249 1902 1304 feceris
1932 1265 2057 1304 cor-

485 1360 584 1413 pus
610 1358 786 1397 meum
815 1358 844 1396 a
880 1341 1225 1396 carniﬁcibus
1255 1343 1558 1396 attrectari.
1583 1341 1738 1396 Jussa
1761 1351 1846 1396 est
1869 1343 2062 1398 deinde

486 1438 541 1490 in
570 1436 802 1490 mamilla
835 1435 1094 1504 torqueri,
1127 1449 1285 1502 quam
1328 1435 1416 1488 diu
1459 1442 1654 1489 tortam
1703 1435 1828 1488 fecit
1868 1435 2061 1504 impius
2101 1464 2112 1473 τ

477 1526 646 1595 judex
674 1526 934 1581 abscindi.
962 1525 1242 1594 Recipitur
1268 1525 1424 1578 beata
1457 1526 1609 1594 virgo
1643 1525 1836 1580 iterum
1868 1525 1920 1579 in
1948 1541 2063 1580 car-

487 1632 697 1680 cerem,
739 1617 828 1669 ubi
881 1629 1054 1684 neque
1104 1629 1243 1683 aqua
1292 1614 1691 1668 ministraretur
1724 1614 1774 1680 ei
1804 1631 1817 1666 :
1848 1622 1903 1667 et
1934 1629 2062 1668 ecce

485 1709 630 1763 circa
678 1715 889 1760 noctem
939 1705 1170 1759 mediam
1205 1705 1350 1758 venit
1389 1705 1605 1774 quidam
1651 1718 1837 1769 senex,
1868 1703 1959 1772 qui
2004 1718 2062 1758 se

2164 527 2264 582 tela
2288 526 2424 595 ejus,
2456 528 2548 596 qui
2579 527 2671 581 Dei
2695 529 2896 598 judicio
2915 531 2969 584 in
2995 531 3172 584 medio
3198 530 3417 587 flumine
3435 535 3659 588 interiit.

2496 619 2561 672 G.
2597 619 2703 672 Vlll
2744 619 2875 673 ΚΑιη
2920 619 3058 676 Juut
3091 621 3183 692 (24
3213 623 3407 696 Junii).

2231 707 2494 763 Nativitas
2519 709 2662 763 beati
2683 708 2905 765 Joannis
2948 711 3202 780 Baptista!
3247 716 3597 783 praecursoris
3629 716 3732 770 Do-

2161 797 2312 863 mini,
2340 798 2612 852 Zachariae
2645 806 2701 852 et
2725 798 2998 855 Elizabeth
3021 801 3135 865 filii,
3169 803 3260 872 qui
3302 803 3506 873 Spiritu
3545 816 3736 860 saneto

2159 889 2395 958 repletus
2423 889 2600 943 adhuc
2647 889 2704 943 in
2744 898 2900 945 utero
2943 893 3136 947 matris
3185 909 3318 958 sum,
3347 903 3400 947 et
3441 903 3731 965 antequam

2159 981 2333 1035 exiret
2360 979 2504 1046 inde,
2534 982 2923 1047 sanctificatus,
2951 999 3124 1054 usque
3145 985 3212 1038 ad
3240 985 3379 1039 diem
3408 986 3734 1040 ostensionis

2160 1087 2271 1126 suae
2296 1071 2358 1125 ad
2377 1071 2560 1136 Israel,
2585 1072 2922 1128 confortatus
2944 1074 3148 1144 Spiritu
3173 1077 3365 1144 agebat
3394 1075 3449 1128 iu
3477 1076 3730 1138 desertis.

2159 1160 2385 1215 vestitus
2413 1160 2537 1229 pilis
2571 1161 2930 1227 camelorum,
2986 1163 3190 1216 habens
3217 1178 3406 1217 zonam
3451 1163 3732 1231 pelliceam

2161 1251 2304 1304 circa
2333 1250 2542 1304 lumbos
2573 1265 2720 1316 suos,
2765 1267 2888 1306 esca
2918 1262 3096 1306 autem
3126 1252 3244 1320 ejus
3273 1263 3391 1306 erat
3429 1253 3636 1307 locusta
3678 1263 3734 1308 et

2162 1344 2265 1396 mel
2285 1345 2532 1398 silvestre
2564 1343 2756 1412 (Marc.
2785 1344 2844 1415 ι).
2876 1343 3172 1399 Tricesimo
3203 1346 3376 1400 :ntatis
3399 1362 3539 1400 anno
3564 1347 3728 1416 impe-

2161 1433 2224 1486 rii
2249 1432 2450 1488 Tiberii
2482 1433 2727 1495 Caesaris,
2761 1448 2884 1488 cum
2925 1444 3244 1504 procurator
3285 1447 3430 1491 esset
3471 1437 3523 1490 in
3546 1436 3732 1492 Judaea

2160 1522 2386 1588 Pilatus,
2412 1522 2632 1593 jamque
2653 1540 2874 1594 regnum
2899 1524 3203 1580 Iudaeorum
3246 1527 3300 1580 in
3326 1535 3556 1594 quatuor
3591 1528 3734 1597 prin-

2162 1613 2368 1682 cipatus
2399 1623 2542 1667 esset
2589 1613 2851 1679 divisum,
2900 1616 3048 1668 venit
3096 1616 3148 1669 in
3195 1631 3407 1669 onmem
3459 1617 3731 1685 regionem

2163 1701 2413 1758 Jordanis
2459 1703 2756 1772 pnedicans
2800 1703 3124 1772 baptismum
3151 1706 3504 1774 paenitentiae,
3548 1706 3604 1758 in
3649 1720 3734 1760 re-

490 1798 756 1852 medieum
787 1811 910 1851 esse
943 1795 1420 1859 commemorabat,
1454 1794 1634 1849 ferens
1659 1794 1868 1849 diversa
1895 1794 2060 1848 medi-
2089 1797 2134 1856 B
2163 1793 2476 1848 missionem
2500 1802 2839 1862 peccatorum
2875 1793 3024 1864 (Luc.
3055 1810 3071 1847 ι
3097 1805 3144 1847 et
3177 1799 3282 1864 ιιι).

483 1895 752 1951 camenta,
796 1901 956 1956 quem
996 1885 1351 1940 antecedebat
1387 1899 1521 1954 puer
1547 1884 1768 1939 lumitzis
1810 1884 2056 1955 portitor,

484 1979 577 2048 qui
616 1979 757 2032 inter
798 1977 901 2032 alia
939 1977 1136 2047 virgini
1165 1976 1344 2030 dixit:
1374 1975 1742 2041 Consideravi,
1784 1975 1974 2045 inquit,
2005 1983 2061 2029 et

484 2068 615 2130 vidi,
633 2068 756 2135 quia
775 2074 949 2136 potest
971 2064 1198 2118 salutem
1223 2073 1311 2118 tua
1339 2064 1576 2118 mamilla
1599 2065 1888 2134 suscipere.
1906 2063 2062 2117 Cum-

486 2171 590 2225 que
614 2154 702 2210 illa
739 2155 916 2210 verbis
939 2156 1085 2208 senis
1111 2169 1218 2207 non
1245 2155 1520 2222 praeberet.
1537 2167 1834 2214 assensum,
1866 2159 2060 2220 putans

484 2247 626 2315 quod
649 2244 807 2299 vellet
832 2243 1103 2300 carnalem
1124 2244 1380 2298 adhibere
1403 2243 1502 2311 sibi
1531 2243 1885 2306 medicinam,
1904 2241 2064 2298 dixis-

484 2347 674 2405 setque
699 2336 810 2390 seni
835 2335 976 2389 inter
996 2334 1131 2388 alias
1159 2351 1173 2386 :
1201 2331 1386 2387 Habeo
1410 2331 2058 2399 SalvatoremLDominum

409 2441 424 2452 ·’
488 2427 761 2482 Christum
811 2425 1029 2490 Jesum,
1065 2425 1158 2494 qui
1207 2424 1371 2478 verbo
1420 2433 1574 2477 curat
1617 2423 1815 2487 omnia,
1852 2431 1906 2476 et
1949 2437 2061 2477 ser-

402 2538 403 2541 η
488 2533 575 2571 mo
595 2517 709 2585 ejus
739 2516 883 2570 solus
918 2523 1184 2569 restaurat
1208 2514 1457 2568 universa
1481 2529 1497 2579 ;
1523 2513 1806 2568 subridens
1841 2513 2056 2568 senior:

486 2607 552 2660 Et
585 2620 691 2670 me,
717 2605 911 2674 inquit,
943 2605 1056 2674 ipse
1082 2603 1230 2657 misit
1257 2603 1326 2657 ad
1356 2612 1406 2656 te
1439 2619 1454 2668 ;
1487 2619 1610 2656 nam
1639 2612 1693 2656 et
1714 2617 1813 2672 ego
1847 2611 2061 2672 aposto-

485 2695 568 2750 lus
594 2696 709 2764 ejus
739 2711 878 2758 sum,
913 2694 1040 2748 etin
1070 2693 1282 2748 nomine
1320 2691 1436 2761 ejus
1458 2693 1599 2746 scias
1633 2700 1685 2746 te
1726 2708 1844 2747 esse
1883 2693 2062 2747 salva-

488 2797 629 2853 tam;
668 2796 722 2841 et
741 2788 818 2842 sic
849 2788 917 2840 ab
937 2787 1112 2841 oculis
1143 2785 1260 2854 ejus
1287 2786 1530 2842 sublatus
1555 2799 1654 2841 est.
1678 2785 1808 2841 Post
1833 2795 2063 2856 quatuor

485 2879 600 2933 dies
627 2879 848 2931 reducta
889 2877 1083 2930 iterum
1116 2877 1182 2930 ad
1215 2876 1594 2942 Quinctianum
1624 2886 1726 2939 est,
1756 2877 1846 2944 qui
1898 2886 2064 2931 testas

485 2977 673 3024 acutas
706 2976 761 3022 et
805 2968 1068 3022 carbones
1103 2967 1265 3036 jussit
1312 2966 1510 3036 spargi,
1542 2974 1596 3020 et
1643 2967 1787 3020 nudo
1838 2981 2062 3035 corpore

485 3075 603 3114 eam
635 3075 794 3127 supra
826 3057 1053 3112 volutari
1085 3073 1096 3110 :
1132 3067 1184 3111 et
1213 3071 1340 3111 ecce
1364 3057 1540 3111 subito
1573 3065 1717 3111 totus
1764 3055 1850 3109 ille
1913 3055 2062 3110 locus

2417 1879 2478 1936 C.
2506 1881 2570 1936 IV
2605 1880 2735 1934 ΚΑΙ..
2767 1880 3100 1936 δερτειιθιιιε
3121 1882 3210 1953 (29
3249 1883 3429 1952 Aug.).

2231 1971 2417 2028 Passio
2455 1981 2509 2026 et
2540 1972 2822 2027 decollatio
2867 1973 2952 2026 vel
2996 1974 3176 2042 potius
3234 1974 3472 2029 inventio
3538 1977 3734 2045 capitis

2160 2065 2400 2135 ejusdem
2424 2064 2722 2119 beatissimi
2753 2063 2975 2118 Joannis
3001 2063 3276 2134 Baptistaz,
3308 2079 3466 2134 quem
3497 2065 3734 2120 lle-ades

2163 2157 2453 2221 tetrarcha,
2486 2165 2544 2209 ut
2574 2156 2918 2225 evangelista:
2943 2155 3203 2217 referunt,
3231 2167 3417 2210 tenens
3448 2157 3637 2226 ligavit
3680 2158 3734 2210 in

2160 2264 2398 2314 carcere,
2423 2255 2640 2318 propter
2665 2245 3013 2301 Herodiadem
3041 2261 3258 2302 uxorem
3296 2246 3476 2300 fratris
3505 2247 3586 2300 sui
3611 2246 3736 2300 Phi-

2161 2337 2309 2406 lippi,
2338 2337 2462 2405 quia
2496 2337 2726 2390 duxerat
2747 2351 2867 2389 eam
2898 2353 2910 2388 :
2941 2335 3150 2390 dicebat
3177 2335 3319 2389 enim
3351 2335 3424 2388 illi
3463 2334 3731 2390 Joannes:

2162 2427 2284 2482 Non
2313 2428 2427 2481 licet
2457 2429 2549 2481 tibi
2579 2427 2766 2480 habere
2813 2443 3028 2481 uxorem
3075 2427 3254 2496 fratris
3300 2427 3375 2478 tui
3421 2426 3616 2495 (Marc.
3656 2444 3729 2492 vt;

2162 2517 2290 2572 Luc.
2318 2534 2377 2572 ιιι
2405 2534 2418 2583 ;
2447 2517 2638 2571 Matth.
2683 2516 2813 2587 xiv).
2849 2516 2961 2571 Hac
2984 2518 3049 2572 de
3083 2532 3244 2573 causa
3275 2517 3632 2572 insidiabatur
3662 2518 3733 2571 illi

2162 2607 2442 2672 Herodias,
2475 2616 2530 2661 et
2555 2607 2829 2677 quaerebat
2849 2607 3094 2663 occidere
3115 2623 3261 2672 eum,
3291 2617 3345 2663 et
3372 2623 3476 2662 non
3501 2616 3733 2676 poterat.

2161 2695 2400 2750 Herodes
2425 2705 2604 2750 autem
2632 2694 3196 2761 metuebatJoannem,
3215 2695 3392 2750 sciens
3407 2710 3528 2748 eum
3555 2695 3733 2747 virum

2155 2789 2358 2858 justum
2390 2797 2445 2843 et
2471 2797 2714 2843 sanctum
2739 2803 2878 2842 esse.
2908 2788 3013 2842 Sed
3041 2803 3162 2842 cum
3191 2785 3427 2840 Herodes
3450 2786 3564 2854 ipse
3594 2783 3736 2838 diem

2163 2881 2356 2936 natalis
2376 2881 2456 2934 sui
2486 2888 2688 2950 ageret,
2719 2881 2826 2933 lilia
2859 2875 3175 2934 Herodiadis
3195 2879 3424 2932 saltante
3452 2877 3506 2930 in
3533 2877 3734 2939 medio,

2163 2975 2416 3027 smviente
2446 2981 2640 3037 matre,
2672 2972 2816 3026 inter
2846 2971 3064 3026 delicias
3098 2979 3152 3025 et
3174 2970 3423 3024 lascivias
3449 2967 3738 3023 convivan-

2165 3067 2317 3130 tium,
2348 3073 2548 3119 temere
2570 3065 2636 3118 ab
2674 3064 2886 3118 Herode
2927 3062 3162 3131 juratur,
3193 3070 3247 3115 et
3275 3060 3436 3130 impie
3480 3059 3624 3128 quod
3647 3056 3736 3124 ju-

486 3160 786 3207 commoms
806 3159 904 3210 εει,
946 3158 1002 3204 et
1035 3166 1160 3220 pars
1213 3150 1431 3220 parietis
1473 3149 1666 3203 cecidit
1692 3157 1747 3204 et
1792 3149 2060 3217 oppressit
2086 3155 2130 3216 C
2165 3167 2335 3220 ratur,
2367 3157 2420 3209 in
2451 3171 2581 3210 nece
2603 3156 2879 3224 prophetae
2908 3154 3178 3224 impletur.
3210 3151 3326 3206 Non
3355 3151 3498 3205 enim
3521 3160 3738 3219 poterat

488 3241 644 3306 duos,
673 3241 1018 3295 consiliarum
1049 3241 1280 3310 judicis,
1327 3249 1383 3295 et
1429 3240 1661 3295 amicum
1711 3238 1846 3308 ejus.
1898 3239 2063 3305 Quiu-

489 3332 699 3387 ctianus
749 3333 912 3404 igitur
979 3333 1212 3406 fugiens,
1245 3337 1369 3404 quia
1423 3351 1490 3390 ex
1528 3353 1634 3392 uno
1677 3336 1848 3391 latere
1905 3344 2062 3389 terra:

489 3432 714 3488 motum,
743 3440 807 3479 ex
842 3425 946 3480 alio
983 3426 1152 3481 latere
1173 3428 1491 3481 seditionem
1513 3428 1693 3498 populi
1715 3428 2059 3495 formidabat,

486 3515 683 3568 iterum
705 3514 870 3584 jussit
898 3532 1018 3571 eam
1042 3518 1096 3571 in
1125 3533 1396 3573 carcerem
1432 3519 1630 3589 recipi;
1659 3535 1778 3589 qua!
1819 3520 2060 3590 ingressa

488 3606 745 3675 expandit
769 3622 960 3662 manus
986 3624 1112 3663 suas
1135 3611 1202 3664 ad
1227 3609 1514 3664 Dominum
1533 3619 1588 3665 et
1607 3610 1742 3666 dixit
1770 3629 1783 3664 :
1818 3595 2060 3677 Domine,

485 3697 578 3766 qui
604 3712 688 3751 me
709 3699 924 3764 creasti,
947 3707 1000 3752 et
1023 3700 1302 3754 custodisti
1319 3701 1386 3754 ab
1403 3700 1626 3755 infantia
1644 3716 1786 3766 mea,
1801 3710 1857 3755 et
1885 3700 2061 3756 fecisti

487 3805 574 3844 me
603 3789 883 3858 juventute
908 3790 1136 3844 viriliter
1160 3807 1338 3860 agere,
1359 3791 1447 3859 qui
1473 3791 1638 3844 tulisti
1662 3807 1691 3844 a
1715 3807 1798 3845 me
1823 3807 2061 3846 amorem

487 3883 691 3946 saeculi,
712 3883 1017 3952 quicorpus
1032 3898 1206 3936 meum
1231 3899 1258 3935 a
1281 3881 1570 3952 pollutione
1585 3883 1845 3951 separasti
1858 3924 1872 3947 ,
1889 3884 1976 3952 qui
1993 3883 2066 3937 fe-

486 3973 607 4026 cisti
633 3988 718 4026 me
750 3973 965 4026 vincere
998 3981 1263 4026 tormenta
1295 3973 1588 4036 carnilicis,
1615 3971 1836 4037 ferrum,
1863 3972 2060 4042 ignem,

489 4070 546 4116 et
593 4060 834 4125 vincula;
861 4061 951 4130 qui
981 4061 1110 4114 mihi
1141 4062 1281 4116 inter
1304 4071 1568 4116 tormenta
1585 4063 1834 4116 virtutem
1859 4064 2065 4134 patien-

492 4153 578 4206 tite
613 4151 885 4205 contulisti
916 4168 928 4204 :
962 4152 1222 4221 deprecor
1253 4161 1308 4205 ut
1341 4153 1574 4222 accipias
1601 4153 1845 4222 spiritum
1883 4170 2061 4208 meum

493 4244 650 4298 modo
678 4244 801 4314 quia
829 4251 1038 4314 tempus
1059 4254 1162 4309 est,
1194 4252 1252 4298 ut
1279 4259 1364 4298 me
1403 4245 1594 4314 jubeas
1645 4245 1786 4300 istud
1812 4245 2063 4300 saeculum

491 4334 884 4404 derelinquere,
916 4345 970 4390 et
1008 4335 1076 4388 ad
1117 4345 1262 4389 tuam
1303 4335 1728 4404 misericordiam
1763 4338 2061 4406 pervenire.

492 4425 617 4480 Ηωο
662 4425 845 4482 dicens
902 4428 1118 4481 beatum
1178 4426 1316 4481 coelo
1367 4427 1514 4481 misit
1574 4427 1859 4496 spiritum:
1915 4430 2066 4498 cujus

2163 3247 2424 3301 severitas
2451 3261 2605 3314 aequo
2639 3245 2822 3298 animo
2849 3243 3097 3309 tolerare,
3129 3242 3271 3312 quod
3300 3243 3460 3296 homo
3510 3240 3608 3295 Dei
3632 3255 3738 3294 mo-

2163 3340 2344 3404 nebat,
2374 3337 2499 3407 quia
2525 3335 2726 3390 vicerat
2755 3351 2933 3405 regem
2963 3335 3144 3388 libido.
3175 3335 3395 3389 Vinctus
3422 3341 3603 3386 autem
3624 3341 3739 3385 erat

2162 3436 2380 3482 sanctus
2427 3425 2669 3495 Baptista
2728 3425 2780 3478 in
2833 3424 3050 3489 Arabia,
3097 3423 3319 3478 castello
3370 3422 3736 3477 Macherouta.

2161 3515 2324 3574 Misso
2352 3516 2534 3585 itaque
2556 3515 2911 3585 speculatore,
2939 3513 3233 3568 decollatus
3277 3520 3362 3567 est
3414 3511 3468 3566 in
3495 3525 3739 3574 carcere,

2162 3619 2216 3665 et
2242 3609 2462 3663 allatum
2491 3615 2576 3662 est
2606 3613 2768 3676 caput
2789 3602 2904 3672 ejus
2935 3603 2987 3657 in
3016 3604 3184 3668 disco,
3213 3600 3506 3671 puellaeque
3527 3600 3735 3653 datum.

2162 3701 2315 3768 Quod
2339 3701 2620 3755 audientes
2649 3695 2892 3767 discipuli
2927 3694 3064 3762 ejus,
3109 3700 3372 3749 venerunt
3409 3700 3466 3745 et
3502 3689 3744 3744 tulerunt

2162 3808 2360 3862 corpus
2395 3791 2534 3861 ejus,
2557 3797 2921 3860 etposuerunt
2955 3784 3087 3842 illud
3126 3785 3178 3838 in
3217 3790 3567 3838 monumento
3599 3779 3741 3850 apud

2165 3880 2449 3945 Sebasten,
2477 3880 2663 3933 urbem
2705 3877 3007 3942 Palestina,
3031 3890 3149 3944 quae
3176 3870 3449 3944 quondam
3489 3867 3738 3922 Samaria

2163 3970 2308 4024 dicta
2336 3979 2460 4025 est:
2491 3969 2582 4024 ubi
2621 3983 2718 4039 per
2762 3967 2964 4036 aliquot
3010 3981 3180 4019 annos
3223 3961 3398 4031 jacuit
3448 3974 3619 4030 usque
3673 3960 3740 4010 ad

2165 4067 2407 4129 tempora
2431 4056 2626 4112 Juliani
2660 4055 2962 4126 impiissimi
3003 4053 3254 4109 CtBSﬂl‘iS.
3287 4052 3386 4118 Qui
3415 4066 3538 4106 cum
3579 4048 3740 4103 Chri-

2165 4153 2356 4207 stianis
2404 4160 2546 4205 esset
2590 4149 2990 4211 infestissimus,
3037 4146 3232 4216 pagani
3278 4143 3418 4212 apud
3479 4141 3740 4196 Sebasten

2166 4245 2471 4314 sepulcrum
2497 4240 2736 4310 ejusdem
2763 4237 2985 4293 Joannis
3019 4237 3273 4306 Baptistre
3308 4234 3588 4296 invadunt,
3617 4245 3742 4286 ossa

2168 4335 2509 4403 dispergunt;
2544 4331 2731 4384 eadem
2763 4343 2975 4382 rursum
3003 4327 3228 4380 collecta
3267 4336 3320 4378 et
3347 4332 3611 4385 cremata,
3663 4323 3740 4374 la-

2170 4427 2274 4478 tius
2303 4425 2618 4492 dispergunt
2645 4439 2658 4476 :
2691 4420 2782 4475 sed
2809 4419 2898 4474 Dei
2929 4417 3265 4489 providentia
3287 4415 3506 4468 adfuere
3521 4413 3743 4483 quidam

491 4533 704 4572 sacrum
733 4533 928 4588 corpus
953 4519 1256 4582 auferentes
1285 4518 1578 4573 Christiani
1628 4519 1830 4589 populi,
1872 4535 2064 4588 posuc-
2091 4509 2142 4567 D
2166 4531 2233 4570 ex
2280 4510 2665 4580 Hierosolymis
2708 4509 2978 4573 monachi,
3026 4508 3117 4576 qui
3169 4505 3314 4560 misti
3345 4503 3740 4574 colligentibus,

494 4618 618 4662 runt
649 4608 925 4663 conditum
953 4611 1284 4664 aromatibus
1324 4610 1377 4664 in
1427 4609 1674 4680 sepulcro
1727 4626 1883 4664 novo.
1931 4610 2064 4666 Cum

492 4709 674 4754 autem
726 4700 1102 4765 collocaretur,
1157 4703 1306 4757 venit
1345 4703 1561 4772 quidam
1611 4703 1826 4772 juvenis
1877 4703 2066 4757 sericis

492 4795 734 4850 vestibus
763 4795 998 4861 indutus,
1026 4811 1185 4865 quem
1237 4797 1602 4868 sequebantur
1637 4796 1865 4864 amplius
1903 4812 2064 4866 quam

494 4894 713 4942 centum
755 4885 903 4955 pueri
927 4885 1091 4940 albati
1115 4895 1168 4940 et
1191 4887 1422 4956 pulchri,
1447 4895 1502 4941 et
1529 4887 1774 4941 introivit
1794 4887 1861 4940 ad
1889 4886 2064 4942 locum

494 4980 587 5034 ubi
639 4979 968 5032 condebatur
1015 4994 1208 5048 corpus
1255 4987 1457 5033 sancta:
1503 4979 1748 5048 virginis,
1791 4987 1845 5033 et
1885 4979 2066 5048 posuit

495 5072 734 5128 tabulam
791 5073 1008 5127 brevem
1055 5086 1412 5125 marmoream
1479 5071 1570 5126 ubi
1616 5073 1874 5140 scriptum
1929 5079 2064 5125 est:

499 5163 724 5218 Mentem
761 5173 997 5216 sanctam
1040 5171 1086 5217 et
1127 5173 1481 5231 spontaneum,
1531 5163 1780 5216 honorem
1830 5161 1948 5227 Dei,
2021 5172 2067 5215 et

497 5255 683 5323 patria:
724 5254 1080 5307 liberationem
1104 5267 1122 5304 :
1151 5261 1207 5306 et
1233 5253 1411 5306 tandiu
1446 5252 1516 5306 ibi
1559 5253 1711 5306 stetit
1748 5251 1888 5305 idem
1915 5252 2071 5321 juve-

499 5345 606 5409 nis,
636 5344 809 5399 donec
837 5343 1141 5413 sepulcrum
1167 5360 1289 5398 cum
1311 5343 1591 5413 diligentia
1627 5342 1988 5406 clauderetur,
2014 5352 2069 5394 et

500 5435 795 5491 abscedens
829 5451 936 5489 non
964 5442 1050 5490 est
1077 5434 1302 5490 ulterius
1345 5437 1492 5489 visus
1541 5436 1593 5490 in
1640 5444 1750 5489 tota
1794 5433 2069 5504 provincia

501 5524 824 5580 Siculorum.
856 5525 1008 5581 Unde
1033 5541 1138 5580 non
1169 5526 1519 5580 dubitandum
1543 5529 1685 5596 quod
1714 5525 1933 5595 angelus
1956 5524 2070 5579 fue-

500 5618 590 5670 rit.
618 5615 783 5670 Passa
814 5627 896 5673 est
919 5625 1098 5672 autem
1125 5617 1282 5671 beata
1304 5618 1510 5686 Agatha
1536 5616 1674 5672 Non.
1706 5616 1864 5671 Febr.
1906 5616 2069 5683 Quin-

501 5706 711 5761 ctianus
754 5718 872 5776 post
915 5711 1026 5764 haec
1068 5709 1171 5763 iter
1219 5710 1443 5778 arripuit
1493 5718 1548 5763 ut
1592 5709 1872 5762 familtates
1904 5706 2072 5761 beata:

2168 4622 2393 4676 quicque
2421 4605 2520 4674 ipsi
2544 4611 2811 4673 poterant,
2849 4602 3026 4656 ablata
3067 4598 3136 4654 ad
3185 4607 3393 4667 patrem
3423 4611 3579 4650 suum
3610 4594 3742 4648 Phi-

2166 4701 2367 4770 lippum
2392 4697 2680 4767 pertulere.
2713 4695 2806 4749 llle
2826 4693 3110 4750 confestim
3139 4693 3253 4745 haec
3283 4690 3469 4761 (supra
3514 4703 3574 4743 se
3612 4703 3738 4741 cum

2167 4791 2397 4845 ducebat
2443 4797 2649 4842 tantum
2681 4787 2991 4839 thesaurum
3019 4780 3250 4850 propriis
3277 4793 3494 4832 servare
3527 4775 3742 4846 vigiliis)

2167 4880 2235 4935 ad
2265 4877 2573 4949 pontificem
2600 4874 2891 4929 maximum
2919 4882 3045 4925 tunc
3065 4868 3420 4923 Athanasiqu
3459 4881 3556 4936 per
3576 4864 3742 4918 Julia.

2168 4985 2297 5024 num
2351 4967 2636 5021 diaconum
2685 4977 2842 5018 suum
2889 4961 3104 5014 mittit:
3151 4973 3271 5026 qua:
3321 4957 3410 5010 ille
3459 4966 3741 5024 suscepta,

2169 5062 2354 5133 paucis
2383 5058 2601 5112 arbitris
2630 5057 2729 5111 sub
2777 5061 2966 5109 cavato
3009 5049 3235 5105 sacrarii
3284 5049 3488 5117 pariete
3517 5047 3740 5110 inclusa,

2170 5151 2484 5224 prophetico
2539 5148 2730 5218 spiritu
2785 5143 3063 5215 profutura
3118 5138 3450 5211 generationi
3515 5146 3743 5206 postera:

2171 5241 2529 5299 conservavit.
2558 5238 2721 5307 Cujus
2743 5235 3062 5305 praesagium
3087 5233 3187 5287 sub
3219 5230 3523 5284 Theodosio
3545 5227 3738 5296 princi-

2173 5350 2261 5405 pe,
2291 5346 2388 5401 per
2411 5330 2764 5398 Theophilum
2790 5326 3031 5394 ejusdem
3060 5323 3208 5377 urbis
3244 5322 3557 5390 episc0pum
3596 5333 3740 5371 com-

2171 5423 2366 5491 pletur.
2403 5420 2505 5487 Qui
2527 5420 2800 5473 destructo
2830 5414 3047 5485 Serapis
3078 5410 3343 5481 sepulcro,
3374 5409 3547 5463 sancti
3574 5406 3739 5461 Joan-

2173 5515 2258 5568 nis
2284 5512 2482 5566 ibidem
2524 5506 2862 5563 consecravit
2879 5502 3186 5560 ecclesiam.
3211 5499 3380 5553 Porro
3407 5507 3566 5565 caput
3586 5509 3736 5550 suum

2174 5606 2382 5662 duobus
2407 5602 2687 5658 monachis
2729 5597 3111 5660 Orientalibus,
3143 5595 3233 5664 qui
3287 5607 3446 5647 causa
3485 5588 3740 5643 orationis

2175 5711 2432 5758 venerant
2457 5699 2901 5769 Hierosolymam,
2925 5697 3065 5751 idem
3101 5693 3286 5747 beatus
3313 5688 3549 5742 Joannes
3590 5682 3737 5752 juxta
