3962 6366
159 389 264 445 201

854 378 1455 438 MARTYROLOGIUM
1495 377 1636 434 CUM
1676 371 2206 430 ADDITAMEN'I‘IS.
2251 403 2319 414 —
2361 371 2564 430 MENS.
2609 371 2762 427 DEC.

3338 367 3444 423 9.02

160 507 405 564 Herodis
452 501 725 575 quondam
801 501 942 572 regis
992 497 1357 555 habitaculum
1421 493 1682 552 revelavit
1740 511 1753 546 ε
1789 499 1835 556 Α
1864 507 1952 548 mo
1976 491 2120 548 Deus
2138 492 2454 550 altissimus.
2481 491 2565 547 Ad
2610 505 2773 564 quam
2827 489 3023 544 missus
3078 497 3161 543 est
3222 489 3446 557 angelus

160 615 190 643 ι
217 599 366 672 quod
388 598 643 665 deinceps
667 594 918 650 Emesam
941 591 1228 648 Phaaniciae
1249 589 1436 645 urbem
1477 585 1763 658 perlatum,

159 704 228 752 et
245 695 410 766 digno
436 693 641 748 honore
673 688 878 745 cultum
900 695 1003 743 est.

491 830 556 886 Α.
590 825 700 882 Vlll
724 825 848 879 Inus
875 821 1144 879 OCTOBBIS
1170 817 1226 889 (8
1249 814 1479 884 0ctob.).

243 947 458 1004 Natalis
481 941 780 1001 beatissimi
814 938 959 996 senis
989 935 1279 997 Simeonis,
1319 931 1388 987 de
1425 943 1534 1000 quo
1574 928 1768 982 beatus

164 1039 352 1096 Lucas
386 1035 716 1106 evangelista
743 1030 909 1087 refert
937 1046 953 1082 :
995 1025 1064 1081 Et
1099 1041 1214 1080 ecce
1243 1025 1397 1076 homo
1443 1029 1555 1075 erat
1600 1019 1657 1071 in
1681 1016 1771 1072 Je.

167 1129 426 1195 rusolem,
472 1126 556 1181 cui
587 1139 774 1180 nomen
821 1119 1053 1180 Simeon,
1091 1125 1140 1171 et
1180 1116 1334 1169 homo
1382 1112 1476 1166 iste
1498 1110 1677 1181 justus
1717 1119 1766 1162 et

166 1222 475 1285 timoratus,
503 1225 805 1286 exspectans
835 1209 1240 1266 consolationem
1274 1203 1467 1269 Israel,
1497 1211 1547 1257 et
1592 1200 1765 1271 Spiri-

169 1322 259 1367 tus
282 1320 498 1367 sanctus
522 1317 634 1362 erat
675 1307 730 1361 in
766 1321 849 1359 eo.
897 1301 1220 1371 Responsum
1250 1305 1425 1349 autem
1471 1293 1667 1362 accepit
1698 1290 1764 1344 ab

172 1401 382 1474 Spiritu
439 1408 620 1455 sancto
670 1412 773 1451 non
827 1394 1061 1449 visurum
1105 1406 1160 1444 se
1212 1397 1454 1450 mortem,
1495 1384 1596 1439 nisi
1618 1384 1764 1454 prius

169 1493 366 1546 videret
395 1489 660 1546 Christum
682 1485 917 1540 Domini.
955 1481 1023 1536 Et
1060 1481 1194 1536 venit
1221 1482 1277 1533 in
1315 1477 1515 1548 Spiritu
1553 1477 1609 1529 in
1635 1486 1765 1528 tem-

167 1582 337 1653 plum.
363 1580 431 1635 Et
460 1596 578 1635 cum
601 1577 906 1633 inducerent
928 1588 1150 1645 puerum
1175 1570 1356 1625 Jesum
1382 1576 1622 1638 parentes
1645 1565 1761 1636 ejus

167 1678 231 1724 ut
258 1670 487 1740 facerent
536 1666 823 1722 secundum
862 1661 1294 1718 consuetudinem
1321 1657 1447 1728 legis
1478 1672 1573 1726 pro
1602 1671 1686 1719 eo,
1711 1661 1758 1707 et

173 1762 288 1832 ipse
324 1759 514 1830 accepit
560 1775 674 1814 eum
718 1757 772 1810 in
809 1754 1072 1817 manibus,
1101 1760 1146 1805 et
1175 1747 1432 1804 benedixit
1474 1745 1665 1809 Deum,
1708 1751 1758 1798 et

1869 581 2087 637 Gabriel
2117 597 2148 636 a
2177 581 2408 638 Domino
2429 582 2482 637 in
2513 581 2788 636 civitatem
2810 579 3064 645 Calilane,
3109 581 3195 636 cui
3243 597 3438 636 nomen

1869 671 2158 737 Nazareth,
2189 687 2311 727 cum
2340 681 2486 728 esset
2514 673 2835 742 desponsata
2865 672 2982 726 viro
3010 672 3208 744 Ioseph
3251 675 3320 731 de
3352 676 3446 730 do-

1869 776 1958 817 mo
1980 763 2169 818 David.
2195 763 2261 818 Et
2291 764 2568 834 ingressus
2595 763 2818 836 angelus
2867 765 3259 837 evangelizavit
3299 783 3443 834 eam,

1867 862 1922 908 et
1943 853 2080 908 dixit
2113 871 2125 906 :
2156 853 2280 918 Ave,
2313 854 2485 923 gratia
2513 853 2692 924 plena,
2722 853 2974 910 Dominus
3004 867 3196 925 tecum,
3239 859 3443 914 benedi-

1868 955 1951 1000 cta
1981 956 2036 1000 tu
2065 947 2202 1000 inter
2234 945 2477 1001 mulieres
2506 945 2658 1016 (Luc.
2711 949 2770 1018 I).
2804 949 2920 1018 Ipsa
2977 959 3156 1006 autem
3205 960 3268 1008 ut
3314 952 3449 1010 vidit

1867 1052 2012 1101 eum,
2042 1047 2188 1094 mota
2217 1047 2300 1094 est
2326 1039 2546 1094 introitu
2589 1039 2724 1109 ejus,
2758 1048 2812 1096 ct
2847 1049 2967 1096 erat
3019 1044 3266 1114 cogitans
3301 1046 3446 1116 quod

1867 1129 1947 1185 sic
1967 1129 2333 1184 benedixisset
2363 1145 2504 1185 eam.
2539 1130 2606 1184 Et
2633 1129 2711 1184 ait
2734 1131 2781 1185 ei
2831 1131 3055 1202 angelus
3082 1149 3094 1185 :
3127 1133 3210 1188 Ne
3235 1135 3445 1200 timeas.

1868 1220 2066 1284 Maria,
2119 1219 2362 1274 invenisti
2405 1220 2544 1282 enim
2576 1221 2801 1291 gratiam
2832 1221 2973 1292 apud
3014 1222 3182 1277 Deum
3208 1240 3226 1278 :
3254 1235 3301 1279 et
3330 1242 3447 1282 ecce

1866 1312 2124 1382 concipies
2151 1313 2207 1366 in
2233 1322 2404 1378 utero,
2430 1322 2479 1367 et
2511 1313 2684 1382 paries
2706 1313 2900 1382 lilium,
2943 1326 2993 1370 et
3023 1319 3226 1373 vocabis
3259 1336 3445 1376 nomen

1865 1405 1979 1474 ejus
2003 1405 2186 1459 Iesum
2209 1403 2416 1476 (Ibid.).
2449 1404 2579 1472 Quae
2603 1414 2750 1461 tanto
2780 1408 2968 1462 nuntio
2992 1408 3448 1484 clarilicata,Spi-

1867 1496 1972 1551 ritu
2005 1504 2192 1552 sancto
2223 1495 2530 1561 fecundam,
2577 1498 2646 1550 ab
2698 1497 2808 1562 illo,
2845 1499 2936 1568 qui
2974 1500 3038 1554 de
3089 1500 3176 1554 illa
3229 1517 3446 1558 sumere

1864 1601 2081 1642 carnem
2121 1587 2374 1658 dignatus
2400 1595 2502 1651 est,
2537 1603 2647 1658 prae
2668 1587 2979 1645 hominibus
2998 1591 3288 1648 sublimata
3325 1608 3444 1648 ma-

1863 1684 1956 1730 net
1985 1676 2038 1730 iu
2063 1685 2346 1743 aeternum,
2377 1679 2767 1733 venerabiliter
2781 1679 3087 1738 benedicta.
3116 1683 3281 1755 Cujus
3318 1686 3444 1742 dor~

1863 1766 2144 1822 mitionem
2206 1782 2340 1822 xvnt
2397 1766 2622 1822 Kalend.
2656 1767 2961 1839 Septembr.
2997 1772 3172 1828 omnis
3204 1773 3447 1830 celebrat

171 1851 312 1906 dixit
334 1865 355 1902 :
382 1849 537 1905 Nunc
572 1848 794 1904 dimittis
831 1859 1035 1900 servum
1073 1851 1243 1904 tuum,
1298 1837 1538 1902 Domine,
1575 1851 1760 1890 secun-

1864 1856 2102 1913 Ecclesia
2130 1875 2144 1912 :
2173 1856 2326 1926 cuius
2353 1866 2409 1913 et
2434 1873 2646 1914 sacrum
2671 1875 2872 1932 corpus
2910 1877 3016 1917 non
3058 1863 3334 1920 invenitur
3355 1881 3446 1922 su-

169 1943 298 1996 dum
323 1941 532 1998 verbum
559 1949 704 1994 tuum
731 1938 786 1991 in
811 1951 938 2007 pace
964 1931 1116 2005 (Luc.
1147 1930 1228 2003 ιι).

484 2072 547 2127 F.
590 2067 725 2126 KAL.
781 2062 1122 2124 Ssrrsnnnls
1153 2065 1198 2137 (l
1247 2058 1440 2135 Sept.).

240 2156 452 2220 Natalis
499 2155 826 2218 beatissima:
866 2159 1036 2213 Annae
1063 2157 1438 2228 prophetissm,
1467 2151 1589 2208 lilia:
1613 2149 1757 2207 Pha-

173 2260 319 2325 nuel,
349 2251 416 2312 de
445 2251 586 2311 tribu
616 2252 773 2319 Aser,
811 2251 967 2321 cujus
1005 2249 1353 2306 sanctitatem
1401 2243 1758 2316 Evangelicus

169 2367 353 2408 sermo
378 2348 561 2420 prodit
591 2364 606 2404 :
637 2344 766 2401 Ha'c
806 2352 1126 2416 processerat
1154 2337 1208 2396 in
1251 2339 1433 2395 diebus
1476 2335 1676 2402 multis,
1708 2344 1757 2389 et

170 2446 372 2499 vixerat
392 2458 510 2498 cum
541 2441 648 2495 viro
675 2451 772 2493 suo
801 2433 956 2492 annis
987 2445 1180 2506 septem
1211 2433 1506 2504 virginitate
1535 2447 1632 2485 sua
1656 2447 1676 2486 :
1705 2439 1756 2484 et

170 2537 285 2591 hac
325 2534 482 2590 vidua
512 2547 672 2604 usque
715 2524 784 2585 ad
838 2539 1004 2583 annos
1045 2525 1308 2598 octoginta
1346 2533 1614 2596 quatuor:
1639 2536 1758 2593 qua:

175 2641 288 2680 non
315 2623 584 2679 decedebat
612 2621 674 2676 de
701 2619 910 2690 templo,
942 2617 1168 2689 jejuniis
1198 2625 1245 2672 et
1284 2613 1608 2671 orationibus
1643 2627 1756 2667 ser-

174 2707 322 2770 viens
350 2724 497 2769 nocte
527 2729 587 2767 ac
607 2713 690 2767 die
719 2709 868 2781 (Luc.
903 2707 986 2781 ιι).

473 2846 534 2901 F.
569 2844 632 2901 Vl
661 2846 783 2900 Inus
806 2843 1148 2900 Snr'rslsnts
1172 2841 1228 2915 (8
1256 2840 1450 2913 Sept.).

241 2959 450 3016 Natalis
473 2958 804 3014 beatissima
840 2957 934 3014 Dei
960 2955 1252 3013 Genitricis
1276 2955 1456 3011 Maria:
1485 2963 1760 3027 perpetuae

170 3052 432 3123 Virginis,
460 3066 620 3122 quam
659 3049 896 3121 Spiritus
935 3056 1153 3105 sanctus
1183 3047 1502 3112 custodivit,
1554 3054 1609 3101 et
1648 3045 1760 3102 ele-

171 3153 316 3198 ctam
345 3140 734 3208 sanctiticavit,
773 3148 833 3195 ut
860 3154 927 3195 ex
969 3138 1110 3194 illius
1144 3145 1298 3194 utero
1317 3141 1633 3192 nasceretur
1659 3135 1759 3190 ho-

243 3290 268 3318 ι
312 3275 468 3344 Quod
494 3276 732 3347 deinceps
779 3275 1060 3347 Emesam,_
1094 3279 1199 3347 etc.
1223 3271 1373 3347 Loco
1393 3271 1568 3347 hujus
1613 3271 1758 3347 clau-

173 3340 756 3406 salas'vaerbodien'sis
781 3346 951 3402 codex
980 3344 1280 3408 substituit,
1312 3343 1406 3399 sed
1456 3340 1761 3397 recentiore

172 3433 337 3499 manu
364 3435 378 3469 :
415 3437 433 3468 ι
465 3416 947 3499 ριεοιιέηνρημιπῃλ
979 3415 1072 3498 sed
1104 3415 1436 3485 negligenter
1460 3421 1756 3499 servatum,

171 3488 444 3570 perditum
475 3487 595 3570 fuit.
629 3485 736 3568 Sed
769 3489 838 3570 ab
858 3486 980 3570 aliis
1007 3483 1309 3570 inventum,
1341 3484 1480 3570 apud
1512 3483 1756 3564 Edissam

172 3553 450 3640 civitatem
475 3557 772 3640 Phoenicia:
801 3556 1062 3638 delatura,
1109 3564 1165 3636 et
1217 3553 1760 3640 i‘gnobiiiter‘reposi-

174 3639 291 3682 tum
317 3628 489 3692 latuit,
512 3628 681 3683 donec
706 3625 1064 3691 Jurioramus,
1089 3625 1330 3694 ejusdem
1372 3625 1605 3678 civitatis
1647 3625 1759 3693 epi-

177 3693 692 3778 scopus_,_indit;ante
718 3691 972 3778 Marcello
991 3697 1196 3778 abbate
1214 3736 1250 3778 ,.
1278 3689 1363 3778 cui
1390 3708 1449 3778 se
1493 3702 1761 3778 caputque

177 3764 338 3848 suum
366 3768 504 3848 idem
548 3765 788 3848 {omnes
813 3766 1514 3848 ostenderat,reinVentum
1543 3764 1762 3848 honori-

176 3837 281 3893 ﬁce
308 3837 611 3903 collocavit,
632 3847 690 3892 et
713 3853 780 3893 ex
809 3852 874 3893 ea
904 3838 993 3891 die
1015 3835 1302 3892 decollatio
1332 3835 1450 3906 ejus
1484 3834 1756 3890 celebrata

176 3915 278 3963 est.
315 3927 333 3960 ι
384 3907 514 3963 Vide
539 3910 681 3963 apud
707 3907 911 3963 Adonis
937 3907 1376 3963 Martvroloaium
1407 3921 1535 3959 xxxv
1565 3903 1756 3959 Febru-

172 3915 278 3964 εει.
315 3927 333 3960 ι
384 3907 514 3963 Vide
539 3910 681 3978 apud
707 3907 911 3964 Adonis
937 3904 1376 3979 Martyrologium
1407 3921 1535 3959 xxiv
1565 3904 1763 3959 Febru-

174 3977 503 4060 ariidehac
531 3993 592 4060 re
638 3977 839 4060 fusius.
864 3977 1180 4060 Sigebertus
1220 3977 1276 4060 in
1310 3975 1589 4060 Chronico
1618 3989 1761 4030 anno

178 4047 384 4104 Christi
409 4048 506 4102 761
534 4047 688 4118 juxta
739 4045 1180 4118 Aquicinctinum
1227 4056 1284 4102 et
1306 4045 1642 4102 Ortelianum
1671 4061 1760 4101 co-

175 4117 352 4172 dicem
378 4134 393 4171 :
425 4116 593 4172 Caput
643 4117 868 4172 Joannis
898 4117 1150 4172 Baptista:
1192 4118 1247 4171 in
1278 4117 1504 4171 Eumesa
1552 4115 1760 4171 civitate

175 4117 352 4172 dicem
378 4134 393 4171 :
425 4117 593 4188 Caput
643 4117 868 4174 Joannis
898 4117 1150 4188 Baptista:
1192 4118 1247 4171 in
1278 4117 1504 4171 Eumesa
1552 4117 1762 4171 civitate

174 4187 516 4270 transfertur.
559 4187 657 4270 libi
710 4187 1074 4270 eanipsiano
1116 4188 1300 4270 codice
1335 4186 1450 4270 alia
1479 4185 1760 4270 fusior_at-

175 4255 670 4342 texiturbistoria:
701 4277 740 4342 ⁸‹
771 4255 944 4342 caput
970 4257 1192 4342 {cannis
1217 4255 1473 4342 Baptista:
1501 4257 1574 4342 ab
1598 4255 1760 4342 Alex-

173 4327 438 4411 andriain
462 4329 807 4411 Aquitaniam
827 4325 1147 4411 transfertur
1169 4329 1270 4411 hoc
1294 4325 1486 4411 modo.
1531 4325 1759 4411 Quidam

174 4397 462 4481 Eludabilis
505 4397 994 4481 vitzeuruonachus,
1044 4399 1272 4481 nomine
1312 4397 1639 4481 lit-elicimus,
1694 4406 1763 4451 ex

175 4465 766 4551 Galliarum__partibus
778 4483 908 4551 cum
926 4469 1116 4551 paucis
1140 4468 1305 4551 sociis
1333 4467 1761 4551 liierosolviuam

176 4539 352 4621 gratia
376 4539 823 4621 orationisadiit,
841 4547 896 4594 et
929 4547 1052 4621 post
1093 4539 1304 4608 expleta
1331 4540 1433 4620 pia:
1459 4539 1761 4621 devotionis

175 4607 457 4691 obsequia,
487 4609 726 4691 angelica
755 4607 1076 4691 allocutione
1104 4607 1489 4691 commonitus,
1523 4607 1758 4691 A‘lexan-

176 4676 668 4761 driam_expet'i_'vit,
702 4688 943 4761 e_t__capu_t
966 4677 1462 4761 BaptisLeioannis
1489 4693 1520 4731 ιι
1550 4677 1669 4732 loco
1698 4679 1751 4732 in

175 4761 288 4818 quo
319 4746 508 4803 olim'a
537 4746 864 4821 Theophllo;
886 4746 1128 4822 ejusdem
1151 4750 1301 4806 urbis
1346 4749 1619 4820 episcopo,
1667 4765 1754 4804 re-

195 4880 1147 4911 Ἥ

1857 1964 1954 2021 pra
1979 1957 2179 2004 terram
2210 1966 2224 2003 :
2255 1949 2335 2004 sic
2376 1963 2478 2004 nec
2530 1949 2674 2006 beati
2723 1949 2890 2022 Moysi
2920 1952 3252 2023 sepulcrum,
3282 1970 3442 2025 quem

1857 2055 2011 2095 sacra
2045 2038 2325 2110 Scriptura
2337 2039 2470 2094 dicit
2493 2054 2524 2093 a
2552 2039 2781 2096 Domino
2805 2042 3098 2111 sepultum.
3128 2043 3333 2100 Tamen
3355 2046 3442 2118 pia

1858 2138 2034 2184 mater
2066 2128 2331 2196 Ecclesia,
2361 2145 2480 2200 qua:
2505 2130 2618 2186 suis
2650 2130 3118 2189 observationibus
3159 2136 3446 2208 integerri-

1857 2235 1946 2276 ma
1965 2220 2070 2276 llde
2089 2220 2310 2276 fundata
2326 2221 2595 2284 consistit,
2610 2221 2728 2293 ejus
2747 2223 3107 2280 venerabilem
3125 2227 3442 2292 memoriam

1858 2312 1939 2368 sic
1973 2311 2222 2368 festivam
2243 2312 2372 2383 agit,
2401 2322 2459 2367 ut
2484 2327 2582 2384 pro
2607 2313 2920 2369 conditione
2964 2317 3149 2372 carnis
3191 2333 3311 2372 eam
3342 2319 3444 2373 mi-

1858 2420 2047 2475 grasse
2078 2419 2185 2460 non
2232 2406 2460 2461 dubitet.
2497 2405 2594 2462 Ubi
2644 2417 2824 2462 autem
2856 2410 3166 2466 venerabile
3209 2411 3444 2482 Spiritus

1857 2495 2031 2550 sancti
2056 2495 2314 2566 templum
2343 2495 2494 2560 illud,
2522 2497 2573 2551 id
2606 2505 2692 2552 est
2720 2513 2850 2554 caro
2900 2499 3070 2570 ipsius
3117 2503 3443 2560 beatissima!

1865 2583 2098 2658 Virginis
2129 2586 2309 2641 Maria:
2336 2587 2518 2641 divino
2570 2595 2702 2641 nutu
2748 2595 2804 2643 et
2851 2589 3080 2644 consilio
3115 2591 3440 2648 occultatum

1859 2679 1950 2744 sit,
1976 2678 2150 2750 magis
2178 2679 2343 2750 elegit
2369 2679 2638 2734 sobrietas
2667 2680 2922 2737 Ecclesiae
2968 2698 3090 2738 cum
3115 2685 3316 2754 pietate
3344 2703 3441 2742 nee

1859 2770 2024 2838 scire,
2054 2787 2216 2841 quam
2231 2771 2432 2841 aliquid
2457 2769 2709 2827 frivolum
2738 2782 2792 2828 et
2811 2775 3177 2845 apocryphum
3203 2777 3328 2833 inde
3365 2790 3444 2835 te-

1859 2865 2036 2920 nendo
2054 2865 2268 2920 docere.
2295 2863 2579 2922 Suﬂiciunt
2607 2865 2753 2922 enim
2808 2867 2859 2923 ei
2906 2868 2971 2923 ad
2999 2869 3340 2926 sanctitatem
3388 2880 3444 2928 et

1858 2958 2024 3013 vitam
2063 2957 2301 3028 Virginis
2347 2966 2404 3013 et
2454 2957 2642 3014 Matris
2691 2959 2900 3016 Domini
2957 2963 3444 3019 commendandam

1860 3047 2311 3118 evangelistarum
2340 3047 2670 3117 testimonia,
2697 3065 2796 3106 nec
2826 3050 2894 3106 de
2917 3066 2980 3107 ea
3007 3067 3253 3124 quaerere
3300 3053 3442 3110 ultra

1861 3138 2228 3194 necessarium
2256 3145 2430 3209 putat.

1862 3273 2138 3346 conditum
2157 3271 2356 3346 fuerat,
2371 3273 2562 3346 eodem
2588 3273 2778 3346 angelo
2806 3275 3098 3341 revelante,
3132 3276 3369 3342 sustulit,
3392 3284 3448 3334 et

1862 3346 1930 3426 ad
1951 3344 2291 3426 Aquitaniam
2334 3344 2390 3399 in
2426 3344 3048 3426 territoriouEngolismo
3075 3347 3286 3426 detulit.
3319 3349 3446 3426 Pipg

1861 3415 2158 3490 pinusrex
2197 3424 2338 3490 tunc
2364 3415 2679 3472 morabatur
2711 3415 2909 3472 ibidem
2965 3417 3019 3472 in
3061 3417 3265 3487 palatio
3298 3415 3444 3490 qtrod

1861 3485 2207 3558 An‘giriacu‘m
2235 3485 2454 3558 dicitur,
2494 3499 2833 3558 cernensque
2857 3502 2956 3556 per
2976 3485 3098 3541 eum
3129 3485 3444 3558 quotidiana

1861 3555 2130 3629 indigenis
2149 3553 2432 3629 beneﬁcia,
2461 3554 2672 3629 sibique
2695 3553 2918 3629 crebras
2937 3573 2998 3613 ex
3025 3553 3272 3629 hostibus
3287 3560 3450 3629 Aqui.

1863 3624 2055 3680 lenit-is
2083 3625 2340 3698 victorias
2369 3624 2691 3698 provenire,
2709 3693 2722 3698 Α
2750 3626 2882 3698 regii
2907 3628 3117 3698 Aoperis
3165 3624 3445 3698 basilicam

1861 3695 2316 3775 construantnon
2369 3693 2580 3775 longeja
2625 3693 3135 3775 Vulturnilluininis
3162 3697 3360 3775 littore,
3391 3710 3449 3755 et

1862 3765 1918 3820 in
1942 3779 2005 3819 ea
2035 3764 2242 3820 ciborio
2269 3764 2814 3836 constructomirilici
2839 3766 3040 3836 operis,
3066 3776 3232 3836 caput
3251 3771 3445 3825 decen~

1864 3844 1947 3890 ter
1975 3836 2295 3890 adornatum
2326 3835 2626 3891 recondidit
2647 3835 3028 3892 Prmeanoris.
3059 3835 3446 3894 Monachorum

1861 3905 2040 3981 etiam
2056 3905 2382 3981 Acmn‘obium
2409 3905 2543 3981 _i_llic
2581 3905 2879 3981 constituit,
2933 3915 2987 3961 et
3017 3907 3237 3981 praediis
3283 3909 3449 3981 regiis

1863 3975 2148 4048 magniﬁce
2172 3975 2382 4048 ditavit.
2409 3975 2554 4048 idem
2581 3975 2832 4048 resfecit
2856 3975 3056 4031 fontem
3085 3975 3449 4044 lacunarium,

1861 4046 1930 4101 de
1961 4045 2072 4117 quo
2096 4062 2126 4101 a
2169 4046 2379 4118 duobus
2405 4045 2519 4118 fere
2561 4047 2800 4118 millibus
2827 4049 2927 4102 sub
2950 4057 3116 4113 terra,
3143 4064 3242 4118 per
3279 4050 3449 4107 tedili-

1863 4117 2345 4194 cia_c(emet_eri_a_in
2372 4117 2628 4186 palatium
2649 4117 2773 4194 ejus
2793 4117 3448 4194 aquaatluctusinlluebat,

1864 4197 1920 4258 et
1947 4188 2116 4257 ipsam
2141 4184 2386 4258 dividens
2410 4203 2628 4258 aquam,
2649 4189 2701 4242 in
2727 4184 3004 4243 basilicam
3029 4191 3202 4245 sancti
3225 4184 3450 4246 Joannis

1863 4256 2119 4328 Baptistae
2151 4269 2249 4327 per
2277 4256 2479 4311 ferrum
2509 4267 2565 4312 ct
2601 4273 2674 4312 aes
2700 4258 3019 4321 introduxit,
3053 4260 3125 4313 ita
3160 4269 3218 4314 ut
3242 4260 3343 4315 sub
3373 4261 3451 4316 ci-

1865 4329 2020 4384 borio
2049 4343 2145 4399 per
2174 4328 2868 4399 marmoreamcolumnam
2896 4330 3120 4384 interius
3149 4346 3448 4386 concavam

1865 4397 2134 4464 ebulliret,
2190 4397 2372 4467 ibique
2419 4398 2560 4468 sacri
2589 4398 2932 4468 baptismatis
2987 4400 3192 4455 ablutio
3245 4401 3298 4456 in
3354 4402 3452 4456 ho-

1869 4485 2002 4524 nore
2051 4466 2485 4524 Domini’nostri
2537 4466 2674 4523 Iesu
2713 4466 2912 4524 Christi
2967 4478 3021 4523 et
3075 4471 3248 4526 sancti
3280 4470 3446 4527 Joan-

1869 4539 1954 4594 nis
1989 4539 2244 4610 Baptistaa
2274 4537 2448 4604 fieret,
2482 4545 2654 4610 atque
2703 4538 2898 4610 iterum
2927 4540 2980 4593 in
3027 4539 3139 4610 ipsa
3173 4540 3448 4596 lacunaria

1863 4607 2148 4665 remearet.
2172 4607 2630 4680 Alloccmnobiu’m
2669 4607 2900 4680 Anglis:
2926 4607 3171 4665 vocatur.
3202 4631 3221 4664 s
3257 4611 3453 4667 Hacte-

1863 4695 1966 4736 nus
1993 4682 2134 4762 apud
2165 4678 2527 4750 Sigebertum,
2583 4693 2615 4733 a
2667 4678 2872 4746 Mira»,
2901 4681 3080 4736 amico
3123 4690 3332 4750 nostro,
3359 4696 3448 4738 re-

1865 4760 2154 4807 censitum.

1537 5009 2075 5126 INCIPIT

943 5234 2685 5411 MARTYROLOGIUM.

364 5643 410 5678 Α

527 5699 592 5755 Α.
633 5694 704 5756 IX
743 5693 1038 5756 KALEND.
1078 5702 1414 5760 JANUARII.

242 5786 441 5862 'igilia
474 5789 784 5846 Nativitatis
813 5789 1048 5846 Domini.

501 5887 770 5946 Ριτιοι.
803 5884 1089 5947 CXXIII.

1318 5499 1694 5583 MENSIS
1751 5498 2318 5581 DECEMBER.

1939 5702 2143 5758 Eodem
2163 5700 2251 5756 die
2274 5701 2414 5771 apud
2437 5700 2783 5756 Antiochiam
2811 5699 3000 5772 Syria).
3027 5701 3222 5759 natalis
3242 5713 3450 5760 sanctae

1871 5812 1992 5852 rum
2007 5795 2277 5865 virginum
2299 5795 2804 5864 quadraginta,aum
2823 5796 3197 5864 persecutione
3218 5797 3450 5853 Deciana

3056 5889 3097 5952 ’ἱ
