3962 6366
452 386 582 440 Δὶοό

1481 377 1537 431 5.
1579 373 1828 430 ADONIS
1865 369 2294 428 ARCHIEPISC.
2340 370 2752 428 VIENNENSIS

3646 375 3750 431 205

447 517 574 572 'per
622 499 834 553 diversa
869 503 1132 551 tormenta
1179 489 1494 562 martyrium
1530 495 2064 544 consummaverunt.
2094 490 2144 550 Α
2170 494 2253 541 est
2280 487 2348 542 ad
2392 485 2597 541 insulas
2625 482 2965 541 Palmarias:
2997 484 3086 540 ubi
3129 499 3226 555 per
3260 498 3477 552 manus,
3501 493 3558 541 et
3587 488 3756 557 pedes

548 587 749 645 Eodem
777 586 886 651 die,
917 585 1058 655 apud
1087 582 1364 654 Spoletum
1393 581 1670 636 civitatem
1698 579 1928 645 Tusciae,
1962 593 2062 633 na-

477 679 586 737 tale
614 677 788 735 sancti
813 674 1057 745 Gregorii
1096 672 1352 745 martyris
1380 678 1434 726 et
1461 671 1780 742 presbyteri,
1809 668 2065 740 tempori-

476 772 579 828 bus
606 768 924 825 Diocletiani
960 775 1014 821 et
1045 764 1354 819 Maximiani
1397 762 1805 833 imperatorum,
1840 761 1942 815 sub
1978 761 2065 831 ju-

481 862 602 916 dice
628 859 845 915 Flacco.
880 857 1046 924 Quem
1080 855 1147 909 ad
1186 867 1244 908 se
1284 852 1574 908 adductum
1605 850 1680 905 ita
1709 849 1936 905 Flaccus
1966 864 2063 919 ag-

479 949 760 1025 greditur:
794 947 872 1002 Tu
904 944 1118 1000 rebellis
1153 959 1212 997 es
1253 943 1490 1006 deorum,
1519 948 1572 995 et
1598 940 1902 1010 principum
1933 953 2062 993 con-

482 1039 748 1111 temptor?
771 1037 868 1094 Cui
913 1037 1102 1090 beatus
1143 1034 1440 1104 Gregorius
1487 1033 1806 1103 respondit:
1840 1030 1899 1086 Si
1939 1044 2066 1085 vere

477 1133 561 1187 vis
588 1131 750 1197 scire,
776 1128 845 1184 ab
875 1126 1102 1182 infantia
1145 1140 1264 1180 mea
1295 1139 1569 1194 nunquam
1617 1139 1646 1177 a
1690 1124 1798 1178 Deo
1834 1137 1954 1176 meo
1982 1137 2067 1176 re-

479 1220 640 1286 cessi,
673 1219 762 1289 qui
793 1219 882 1272 nie
920 1231 988 1271 ex
1015 1216 1144 1270 limo
1184 1224 1342 1270 terrae
1371 1213 1644 1268 formavit.
1675 1211 1918 1281 Cumque
1947 1225 2067 1279 per-

478 1307 950 1365 severantissimus
977 1306 1032 1360 in
1060 1305 1163 1361 fide
1187 1303 1547 1360 confessionis
1586 1311 1864 1366 maneret,
1907 1300 2065 1355 fusti-

479 1400 579 1454 bus
606 1398 824 1454 nodosis
854 1399 1075 1452 dorsum
1105 1395 1223 1465 ejus
1255 1394 1597 1449 verberatum
1641 1392 1910 1462 rumpitur
1937 1408 1949 1445 :
1988 1404 2068 1444 re-

477 1503 702 1565 gyratus
738 1498 930 1547 venter
967 1488 1084 1558 ejus
1131 1487 1444 1558 dissipatur.
1473 1485 1601 1541 Inde
1644 1485 1842 1556 ligatus
1876 1497 2069 1538 manus

479 1594 535 1639 ct
577 1585 763 1655 pedes,
794 1583 848 1637 in
895 1581 1157 1638 craticula
1186 1579 1590 1649 superponitur,
1621 1576 1779 1647 lignis
1823 1573 2068 1644 supposi-

480 1678 569 1731 tis.
602 1676 665 1730 Et
695 1675 953 1731 continuo
982 1680 1293 1727 terrarmotu
1321 1668 1515 1725 cecidit
1558 1682 1661 1722 una
1711 1666 1858 1736 regio
1891 1665 1944 1719 in
1987 1663 2067 1718 ci-

483 1767 648 1821 vitate
692 1763 1015 1835 Spoletana,
1059 1771 1114 1816 et
1161 1759 1431 1832 oppressit
1471 1758 1756 1828 plusquam
1797 1763 2068 1810 trecentos

479 1857 728 1912 homines
777 1854 935 1910 idolis
983 1853 1303 1908 servientes.
1345 1849 1475 1905 Post
1526 1847 1670 1903 ferro
1716 1847 2067 1910 constrictus,

477 1948 580 2003 sub
609 1945 852 2003 custodia
881 1944 1110 1999 militum
1158 1943 1212 1996 in
1255 1955 1474 1996 carcere
1509 1937 1824 1997 retruditur,
1852 1935 1942 1991 ubi
1973 1950 2069 1990 an-

477 2039 649 2110 gelica
671 2036 981 2092 visitatione
1006 2033 1338 2089 consolatur.
1361 2031 1599 2085 Eductus
1624 2044 1654 2084 e
1680 2041 1921 2091 carcere,
1945 2041 2066 2080 car-

480 2133 564 2186 dis
593 2129 786 2186 ferreis
816 2129 869 2183 in
900 2127 1128 2198 genibus
1165 2122 1484 2193 percutitur.
1521 2120 1628 2175 Sed
1661 2129 1716 2173 et
1754 2116 2069 2172 ardentibus

479 2222 818 2294 lampadibus
858 2220 1029 2274 latera
1073 2215 1189 2284 ejus
1220 2223 1344 2270 sunt
1385 2215 1629 2278 incensa,
1660 2212 1872 2265 dicente
1907 2209 2070 2264 beato

482 2320 725 2383 martyre
766 2309 933 2379 impio
969 2307 1136 2376 judici
1166 2325 1178 2360 :
1213 2305 1269 2359 Si
1302 2312 1471 2359 totum
1516 2317 1714 2371 corpus
1741 2314 1918 2355 meum
1950 2312 2070 2366 per-

481 2404 599 2470 das,
625 2410 826 2474 praesto
863 2410 948 2456 est
992 2398 1124 2454 mihi
1162 2397 1404 2451 medicus
1447 2394 1702 2449 Dominus
1728 2391 1885 2446 Jesus
1913 2389 2072 2444 Chri-

481 2504 618 2560 stus,
643 2494 733 2565 qui
771 2507 857 2547 me
883 2497 1040 2547 sanat
1065 2496 1122 2544 et
1149 2486 1486 2543 corroborat.
1524 2484 1675 2538 Tunc
1702 2481 1931 2536 Flaccus
1952 2479 2069 2549 jus-

482 2588 557 2646 sit
581 2588 830 2660 Tyrcano
859 2583 1094 2648 cuidam,
1120 2588 1180 2634 ut
1207 2581 1424 2635 beatum
1468 2574 1789 2646 Gregorium
1835 2579 2071 2626 tractum

482 2683 538 2739 in
575 2680 976 2752 amphitheatro
1001 2674 1312 2731 decollaret.
1345 2672 1463 2738 Quo
1490 2669 1653 2733 facto,
1677 2664 1841 2738 jussit
1868 2663 2072 2735 Tyrca-

481 2789 586 2831 nus
612 2772 757 2829 feras
786 2767 1057 2825 terribiles
1085 2763 1305 2826 dimitti,
1341 2770 1404 2816 ut
1435 2773 1632 2828 corpus
1662 2755 1836 2813 sancti
1867 2760 2074 2823 marty-

483 2865 563 2920 ris
602 2861 955 2918 absorberent
985 2874 998 2911 :
1029 2853 1125 2910 sed
1166 2851 1312 2908 nulla
1345 2864 1534 2905 earum
1581 2861 1780 2915 corpus
1825 2851 2072 2899 sanctum

483 2955 682 3026 attigit.
714 2951 970 3020 Quaedam
1009 2955 1190 3002 autem
1211 2943 1431 3007 mulier,
1457 2939 1800 2996 Abundantia
1835 2936 2072 3000 nomine,

481 3045 675 3116 petivit
703 3057 897 3113 corpus
929 3037 1185 3108 martyris
1221 3053 1233 3089 :
1263 3035 1358 3090 sed
1399 3032 1527 3102 quia
1571 3045 1677 3086 non
1720 3029 1898 3099 potuit
1933 3027 2073 3081 obti-

484 3152 617 3193 nere
662 3135 843 3200 aliter,
875 3132 1015 3187 (latis
1056 3129 1274 3199 triginta
1311 3125 1550 3197 quinque
1590 3123 1770 3178 aureis
1798 3120 2068 3190 Tyrcano,

2163 585 2406 642 extensa,
2441 586 2497 632 et
2537 577 2702 650 ligata
2751 576 2821 632 ad
2860 576 3013 646 palos
3057 575 3219 641 fixos,
3244 575 3388 632 circa
3418 577 3599 632 media
3635 579 3756 650 ejus

2165 668 2303 739 ignis
2331 683 2592 723 accensus
2625 675 2728 733 est,
2767 667 2820 720 in
2843 681 2951 736 quo
2996 666 3292 737 matyrium
3329 666 3755 721 consummavit.

2162 759 2232 814 Et
2263 774 2451 814 omnes
2485 758 2576 828 qui
2621 773 2746 813 cum
2782 757 2872 811 illa
2909 764 3193 821 venerant,
3225 754 3394 811 variis
3421 755 3759 813 interfectio-

2163 851 2324 906 nibus
2369 850 2690 921 martyrium
2737 850 3104 905 celebrarunt.
3155 847 3306 903 Inter
3355 862 3493 918 quos
3536 863 3756 913 omnes,

2165 955 2305 995 unus
2349 950 2468 996 erat
2499 940 2854 996 Eulichianus
2883 939 3125 1004 nomine,
3156 938 3621 994 innocentissimae
3661 952 3758 992 na-

2167 1040 2340 1086 tum:
2372 1032 2464 1101 qui
2513 1031 2739 1087 sublatis
2783 1030 2886 1086 sibi
2923 1029 3069 1101 (cum
3115 1029 3269 1084 dives
3302 1028 3468 1098 esset)
3499 1028 3761 1085 omnibus

2167 1122 2535 1188 facultatibus,
2557 1122 2748 1186 tacuit,
2775 1120 2906 1175 nihil
2926 1120 3193 1192 cogitans,
3217 1119 3460 1188 nihilque
3481 1129 3758 1187 metuens,

2167 1213 2271 1268 nisi
2313 1215 2436 1279 hoc,
2478 1227 2544 1268 ne
2585 1212 2870 1268 facultates
2914 1227 2979 1267 ac
3025 1212 3242 1267 divitias
3298 1211 3422 1268 fidei
3475 1214 3758 1282 perderet.

2168 1303 2607 1373 Quotiescunque
2649 1303 2880 1373 denique
2919 1302 3109 1358 fuisset
3145 1302 3384 1366 auditus,
3411 1301 3763 1371 quotiescun-

2167 1409 2273 1465 que
2299 1395 2685 1464 interrogatus,
2710 1392 2847 1447 nihil
2875 1392 3022 1447 aliud
3050 1391 3264 1447 dicebat
3287 1410 3298 1444 :
3324 1391 3602 1447 Christum
3623 1391 3761 1446 mihi

2168 1499 2278 1539 non
2309 1484 2481 1549 tollet,
2508 1484 2672 1539 etiam
2709 1482 2799 1551 qui
2842 1491 3004 1552 caput
3032 1481 3337 1537 abstulerit.
3368 1481 3518 1538 Tunc
3541 1480 3765 1551 Apollo-

2168 1575 2256 1629 nia
2283 1573 2593 1629 Christiana
2627 1581 2899 1637 matrona,
2935 1569 3130 1626 tollens
3157 1585 3354 1641 corpus
3398 1571 3572 1626 beata:
3613 1571 3765 1624 Ana—

2170 1665 2368 1729 stasirc,
2401 1664 2819 1720 exosculabatur
2840 1703 2855 1728 ,
2891 1670 2948 1717 et
2987 1663 3319 1718 aromatibus
3355 1662 3636 1725 condiens,
3679 1660 3766 1715 di-

2170 1757 2396 1826 gnisque
2445 1753 2851 1808 linteaminibus
2878 1751 3190 1817 obvolvens,
3242 1751 3384 1805 intra
3431 1750 3764 1805 viridarium

2097 1834 2144 1893 Β
2172 1849 2364 1903 domus
2404 1860 2516 1900 sua:
2549 1844 2815 1899 fabricata
2861 1841 3107 1918 basilica,
3138 1847 3198 1895 ut
3230 1840 3759 1912 duuitmartyrem.

2171 1935 2440 2007 sepelivit.

2245 2024 2365 2094 Ipso
2391 2023 2477 2076 die
2523 2021 2710 2075 Romae
2750 2020 2802 2074 in
2841 2017 3154 2074 cmmeterio
3202 2016 3519 2087 Aproniani,
3555 2015 3765 2094 passio

2171 2090 2371 2170 sancta!
2391 2111 2644 2182 Eugeniae
2671 2109 2917 2180 virginis,
2947 2125 3068 2178 qua:
3099 2116 3339 2177 tempore
3389 2090 3620 2162 Gallieni
3650 2105 3761 2157 im-

2169 2205 2454 2277 peratoris,
2503 2211 2626 2273 post
2677 2202 2846 2256 multa
2885 2203 3144 2255 virtutum
3179 2198 3435 2270 insignia,
3481 2207 3534 2252 et
3561 2213 3767 2252 sacros

2169 2297 2436 2367 virginum
2467 2296 2684 2359 choros,
2723 2309 2859 2364 quas
2904 2291 3122 2348 Christo
3149 2291 3374 2345 Domino
3418 2304 3760 2361 aggregave-

2171 2398 2276 2452 rat,
2301 2391 2400 2444 sub
2422 2388 2631 2442 Nicetio
2653 2387 2804 2441 urbis
2827 2384 3080 2456 praefecto
3103 2383 3323 2453 alligata
3350 2397 3501 2448 saxo,
3530 2391 3587 2436 et
3612 2395 3768 2450 pra:-

2171 2480 2389 2549 cipitata
2426 2479 2480 2532 in
2512 2477 2750 2532 Tiberim
2785 2476 2954 2547 mergi
2993 2490 3101 2529 non
3130 2473 3324 2544 potuit.
3371 2472 3499 2527 lnde
3523 2471 3770 2527 thermis

2139 2562 2355 2639 'ignitis
2381 2567 2606 2632 inclusa,
2656 2565 2822 2620 illaesa
2863 2571 3075 2634 reperta
3105 2569 3204 2617 est.
3238 2559 3536 2615 Novissime
3565 2559 3620 2612 in
3651 2572 3769 2612 cu-

2171 2661 2345 2716 stodia
2378 2659 2556 2730 gladio
2592 2656 2872 2728 jugulatur
2906 2673 2918 2709 :
2951 2664 3006 2710 et
3040 2653 3307 2709 sublatum
3334 2660 3419 2706 est
3451 2665 3647 2719 corpus
3686 2651 3766 2703 ab

2171 2749 2419 2805 afﬁnibus
2453 2749 2569 2818 ejus
2593 2747 2938 2811 Christianis,
2990 2753 3045 2801 et
3067 2745 3299 2815 positum
3343 2757 3450 2797 non
3501 2741 3660 2811 longe
3695 2741 3768 2795 ab

2173 2840 2337 2904 Urbe,
2368 2840 2453 2893 via
2478 2838 2693 2905 Latina,
2721 2837 2773 2891 in
2799 2836 2999 2914 prmdio
3023 2834 3140 2903 ejus
3167 2832 3384 2904 proprio
3403 2872 3418 2899 ,
3442 2831 3533 2888 ubi
3561 2831 3770 2886 multo-

2173 2948 2293 2989 rum
2324 2933 2437 3002 ipsa
2465 2930 2752 3003 sepelierat
2791 2927 3054 2983 membra.

2550 3020 2610 3076 C.
2666 3020 2753 3076 Vll
2803 3018 2964 3074 ΚΑΒ.
2993 3014 3341 3076 .JANUARII.

2817 3109 2910 3182 (26
2965 3107 3113 3178 hec.)

485 3243 684 3299 corpus
709 3179 914 3295 recepit
936 3230 1092 3289 et,ut
1113 3179 1624 3287 doecuit,1martlyrem
1651 3179 1896 3282 sepelivit
1916 3179 2069 3280 juxta
2097 3179 2141 3240 Ε
2244 3217 2270 3246 α
2299 3202 2488 3258 Natale
2517 3201 2692 3257 sancti
2725 3179 2985 3270 Stephani
3009 3196 3439 3267 protomartyris,
3469 3209 3570 3249 non
3596 3194 3776 3264 longe

483 3328 706 3393 pontem
753 3315 1052 3387 lapideum,
1095 3319 1150 3365 et
1195 3310 1370 3364 rivum
1419 3307 1510 3377 qui
1553 3302 1944 3374 Sanguinarius
1979 3315 2073 3369 ap-

485 3389 718 3481 pellatur
764 3407 833 3462 ad
887 3418 1074 3461 muros
1128 3399 1396 3465 civitatis,
1447 3410 1594 3451 nono
1642 3394 1728 3450 die
1775 3389 2068 3447 Kalendar.

485 3499 716 3556 Januar.

796 3591 857 3647 Β.
896 3589 1010 3646 VIII
1039 3581 1404 3644 KALENDAS
1438 3577 1773 3638 JANUARII.

1137 3677 1229 3749 (25
1267 3674 1421 3746 Dec.)

557 3781 715 3837 Jesus
729 3775 977 3833 Christus
990 3769 1161 3825 Filius
1175 3767 1270 3822 Dei
1287 3765 1342 3820 in
1355 3763 1632 3820 Bethleem
1646 3758 1796 3814 Judae
1808 3752 2072 3818 nascitur,

486 3888 628 3930 anno
652 3868 885 3927 Caesaris
913 3859 1137 3934 Augusti
1163 3853 1579 3928 quadragesimo
1607 3847 1868 3911 secundo,
1891 3844 2076 3915 Olym-

487 3964 662 4037 piadis
694 3956 1004 4018 centesimze
1041 3948 1410 4018 nonagesimae
1448 3944 1648 4008 tertiac,
1677 3942 1745 3996 ab
1771 3938 1917 3995 Urbe
1944 3951 2074 3992 con-

489 4029 600 4112 dita
625 4067 770 4108 anno
802 4044 1288 4120 septingentesimo
1313 4035 1762 4110 quinquagesimo
1788 4029 2030 4088 secundo
2058 4045 2071 4083 :

487 4140 818 4214 compressis
861 4144 1179 4194 cunctarum
1229 4145 1327 4201 per
1374 4127 1564 4184 orbem
1623 4134 1782 4180 terrze
1833 4121 2074 4192 gentium

490 4211 746 4296 moti—bus,
781 4237 837 4286 et
879 4225 1190 4282 ﬁrmissima
1229 4219 1623 4300 verissimaque
1667 4227 1823 4285 pace,
1857 4211 2078 4266 ordina-

490 4328 639 4383 tione
666 4324 761 4381 Dei
784 4337 814 4378 a
841 4321 1057 4377 Caesare
1080 4316 1322 4387 Augusto
1347 4309 1641 4388 composita
1669 4325 1683 4361 :
1708 4303 1924 4377 quando
1949 4301 2078 4370 Qui-

491 4420 644 4475 rinus
681 4431 749 4472 ex
790 4410 1016 4469 consilio
1061 4414 1282 4464 senatus
1329 4387 1568 4458 Judﬁiam
1615 4397 1842 4458 missus,
1881 4406 2077 4449 census

491 4509 770 4566 hominum
806 4498 1320 4576 possessionumque
1364 4489 1720 4551 describebat,
1757 4493 2076 4552 sextamque

492 4598 680 4657 mundi
731 4573 947 4653 aetatem
1003 4603 1102 4644 suo
1154 4584 1402 4658 piissimo
1451 4575 1792 4636 consecravit
1841 4573 2074 4628 adventu

493 4693 637 4750 idem
655 4685 916 4744 Dominus
943 4689 1130 4737 noster
1153 4676 1310 4732 Jesus
1337 4671 1605 4730 Christus.

562 4779 768 4835 Eodem
797 4775 906 4840 die,
947 4769 1144 4826 natalis
1182 4773 1385 4822 sancta:
1427 4759 1750 4824 Anastasiae,
1778 4770 1898 4827 qua:
1937 4763 2074 4810 tem-

493 4885 630 4945 pore
653 4863 1005 4926 Diocletiani,
1047 4860 1222 4930 primo
1275 4856 1452 4912 diram
1499 4861 1554 4908 et
1597 4849 1858 4932 immitem
1892 4853 2065 4901 custo-

495 4941 640 5018 diam
667 4974 697 5012 a
724 4956 839 5011 viro
865 4967 961 5008 suo
986 4949 1177 5004 Publio
1206 4959 1458 5017 perpessa
1492 4950 1578 4998 est
1603 4959 1616 4995 :
1644 4941 1698 4994 in
1739 4952 1846 5008 qua
1891 4945 2070 4991 tamen

497 5071 529 5109 a
562 5053 913 5122 Chrysogono
943 5039 1252 5098 confessore
1279 5033 1483 5091 Christi
1530 5031 1759 5087 multum
1800 5025 2074 5083 consolata

497 5155 552 5200 et
579 5115 881 5200 confortata
902 5144 1005 5190 est.
1021 5131 1224 5186 Deinde
1255 5144 1284 5182 a
1312 5119 1776 5198 praafectolllyrici
1802 5119 1854 5173 in
1878 5115 2080 5188 gravis-

499 5239 638 5293 sima
677 5245 829 5302 atque
871 5236 1034 5297 atque
1070 5220 1278 5276 diutina
1319 5213 1562 5273 custodia
1596 5217 1868 5267 macerata
1891 5215 1993 5264 est.
2019 5205 2077 5260 ln

499 5347 608 5403 qua
653 5297 861 5382 duobus
905 5315 1180 5373 mensibus
1224 5309 1425 5367 refecta
1458 5315 1543 5364 est
1572 5301 1881 5382 caelestibus
1916 5297 2076 5364 escis,

499 5392 599 5495 per
619 5425 864 5477 sanctam
888 5408 1224 5469 Theodoten,
1253 5417 1373 5473 quae
1400 5397 1718 5469 martyrium
1743 5392 1893 5494 prius
1920 5401 2080 5492 passa

502 5481 604 5571 est.
649 5505 852 5564 Deinde
898 5500 1021 5557 navi
1069 5494 1322 5566 imposita
1373 5504 1498 5546 cum
1547 5483 1795 5560 ducentis
1831 5481 1988 5545 viris,
2027 5487 2084 5535 et

505 5569 812 5674 quingentis
835 5591 1071 5657 feminis,
1092 5595 1151 5643 ut
1173 5586 1576 5654 demergeretur
1600 5576 1654 5632 in
1679 5588 1849 5639 mare,
1874 5569 2082 5644 perlata

580 5748 606 5776 ι
634 5703 1046 5857 γὶξειῑικιιυω
1077 5723 1144 5782 de
1172 5717 1435 5783 Festivit,
1477 5715 1698 5784 Apost.;
1739 5705 2080 5770 Pontificale,

580 5819 628 5857 D.
741 5840 757 5857 ο

505 5819 628 5877 cap.
671 5819 757 5858 η.

2174 3302 2296 3365 post
2322 3291 2698 3347 ascensionem
2721 3287 2934 3344 Domini
2957 3286 3124 3357 passi,
3151 3285 3338 3341 eodem
3372 3283 3577 3339 scilicet
3608 3298 3773 3339 anno

2171 3382 2440 3456 passionis
2465 3379 2689 3437 Christi.

2244 3472 2445 3528 Eodem
2482 3471 2571 3525 die
2616 3467 2816 3524 Zosimi
2867 3479 3039 3536 papze,
3070 3462 3163 3533 qui
3215 3462 3354 3520 sedit
3399 3462 3580 3518 Romae
3606 3478 3777 3518 anno

2173 3578 2302 3620 uno.
2333 3562 2434 3616 Hic
2457 3560 2756 3622 constituit,
2790 3565 2852 3612 ut
2894 3555 3106 3611 diaconi
3158 3554 3347 3608 larvam
3376 3561 3616 3624 tegerent
3642 3554 3776 3623 pal-

2175 3654 2305 3709 liis:
2335 3661 2390 3708 et
2424 3649 2680 3722 prmccnit
2715 3656 2775 3702 ut
2810 3645 2990 3700 nullus
3025 3644 3254 3700 clericus
3280 3641 3527 3712 poculum
3564 3641 3615 3694 in
3657 3657 3774 3712 pu-

2175 3747 2319 3801 blico
2353 3755 2688 3814 propinat-et,
2737 3737 2841 3794 nisi
2873 3745 3079 3792 tantum
3111 3735 3165 3790 in
3212 3734 3363 3792 cellis
3411 3731 3655 3790 ﬁdelium
3712 3740 3773 3790 et

2175 3835 2522 3900 clericorum,

2584 3922 2651 3979 D.
2692 3921 2762 3978 Vl
2807 3918 2965 3976 KAL.
3015 3914 3350 3974 JANUARII.

2812 4015 2903 4087 (27
2958 4011 3109 4082 Dec.)

2247 4113 2278 4156 ι»
2305 4110 2514 4174 Natalis
2536 4106 2710 4166 sancti
2757 4105 2982 4162 Joannis
3028 4099 3253 4172 apostoli
3306 4107 3363 4154 et
3388 4093 3772 4166 evangelista,

2177 4205 2359 4263 dilecti
2413 4201 2648 4266 Domini,
2692 4197 2785 4268 qui
2818 4196 2967 4258 obiit
3003 4207 3148 4248 anno
3196 4190 3264 4246 68
3309 4195 3432 4259 post
3484 4189 3774 4242 ascensio-

2177 4313 2303 4354 nem
2343 4293 2576 4360 Domini,
2603 4289 2779 4346 aetatis
2824 4296 3004 4342 autem
3033 4297 3144 4340 sua:
3194 4279 3542 4352 nonagesimo
3588 4292 3774 4344 nono,

2177 4387 2394 4460 Ephesi.
2613 4452 2619 4458 _

2250 4481 2455 4542 Romae,
2483 4473 2656 4531 sancti
2683 4468 2924 4542 Dionysii
2951 4480 3124 4539 papae,
3153 4463 3247 4535 qui
3284 4460 3426 4519 sedit
3464 4459 3522 4515 in
3548 4460 3776 4528 episco-

2181 4579 2308 4644 patu
2349 4581 2519 4623 annos
2567 4579 2682 4629 sex,
2719 4559 2959 4632 sepultus
3005 4557 3091 4610 via
3138 4551 3312 4625 Appia
3351 4551 3408 4605 in
3445 4549 3782 4605 cmmcterio

2177 4639 2395 4719 Calixti.
2423 4657 2524 4713 llic
2549 4653 2807 4712 ecclesias
2832 4645 3163 4720 presbyteris
3191 4641 3360 4710 dedit,
3385 4650 3441 4697 et
3465 4639 3776 4713 parochias

2181 4750 2432 4811 dimcesis
2457 4747 2605 4804 dedit
2625 4753 2790 4813 atque
2814 4738 3110 4796 constituit.

2603 4837 2667 4894 E.
2725 4833 2765 4890 V
2800 4831 2959 4890 ΚΑΒ.
2996 4823 3330 4886 JANUARII.

2832 4923 2924 4994 (es
2953 4918 3104 4989 Dec.)

2253 5026 2498 5101 (Euscb.,
2533 5023 2625 5077 lib.
2657 5036 2700 5086 ι,
2726 5033 2776 5074 c.
2806 5015 2884 5085 8).
2914 5011 3230 5101 Bethleem,
3242 5003 3423 5101 natale
3451 5008 3784 5101 sanctorum

2181 5091 2561 5180 lnriocentum;
2587 5123 2723 5181 quos
2751 5103 3010 5167 Herodes,
3037 5113 3162 5155 cum
3191 5094 3395 5154 Christi
3421 5091 3778 5148 nativitatem

2185 5211 2461 5282 Magorum
2521 5201 2719 5258 indicio
2785 5192 3161 5268 cognovisset,
3227 5185 3510 5257 trigesimo
3575 5181 3784 5249 quinto

2185 5273 2326 5359 anno
2369 5297 2520 5370 regni
2543 5294 2625 5350 sui
2651 5287 2884 5348 interfici
2907 5284 3072 5358 jussit
3099 5280 3318 5354 (Matth.
3363 5277 3427 5347 ll)
3458 5290 3471 5327 :
3501 5273 3591 5343 qui
3621 5285 3781 5369 anno

2183 5358 2462 5466 trigesimd
2485 5393 2641 5443 sexto
2685 5380 2873 5437 morbo
2900 5371 3185 5432 intercutis
3224 5381 3397 5441 aquas,
3434 5371 3492 5419 et
3511 5358 3780 5466 scatenti-

2183 5449 2286 5541 Ηυξ
2320 5489 2434 5538 toto
2466 5488 2695 5548 corpore
2733 5467 3029 5532 vermibus,
3071 5457 3457 5520 miserabiliter
3501 5460 3556 5509 et
3602 5449 3785 5520 digne

2185 5574 2436 5641 moritur.

2255 5711 2283 5750 ι)
2314 5707 2448 5765 Vide
2479 5704 2609 5762 ibid.
