3962 6366
219 390 335 448 205

656 491 718 546 F.
758 488 823 547 IV
856 488 1010 545 ΚΑΙ..
1047 486 1381 546 JANUARI].

883 581 976 653 (‘29
1012 580 1164 651 Dec.)

293 672 323 701 ι
359 656 531 716 David
570 653 732 726 regis.

294 753 434 808 Item
455 747 598 819 apud
617 744 913 811 Arelatem,
943 743 1139 799 natalis
1160 741 1334 799 sancti
1357 741 1657 813 Trophimi,
1683 742 1818 814 epis

217 844 345 914 copi
359 851 417 898 et
428 834 1029 906 confessoris.diseipuli
1043 834 1406 904 apostolorum
1417 833 1560 889 Petri
1577 843 1630 889 et
1640 833 1814 889 Pauli.

299 933 503 988 Eodem
529 930 637 995 die,
659 928 830 984 sancti
851 925 1184 992 Crescentis,
1211 925 1436 996 apostoli
1467 926 1619 981 Pauli
1648 927 1812 983 disci-

226 1025 365 1098 puli,
382 1021 702 1080 Viennensis
722 1019 978 1076 Ecclesire
1000 1019 1161 1090 primi
1179 1019 1421 1075 doctoris
1442 1017 1529 1091 (ll
1553 1019 1688 1074 Tim.
1717 1020 1814 1092 tv).

665 1132 731 1190 (ἓ.
763 1133 829 1189 lli
865 1133 1024 1188 ΚΑΒ.
1065 1131 1403 1189 JANUARII.

859 1212 972 1295 ’(δυ
1015 1223 1165 1295 Dec.)

302 1318 461 1389 Apud
490 1314 789 1387 Spoletum,
831 1314 1010 1386 passio
1063 1315 1122 1370 S.
1162 1313 1349 1370 Sabini
1391 1315 1650 1386 episcopi,
1684 1315 1820 1369 Exn-

226 1407 467 1480 perantii
490 1417 544 1462 et
569 1405 806 1461 Marcelli
843 1406 1225 1472 diaconorum,
1269 1413 1323 1460 et
1351 1404 1666 1460 Venustiani
1696 1420 1820 1460 cum

230 1513 406 1553 uxore
425 1506 480 1552 et
509 1495 658 1561 ﬁliis,
704 1495 806 1550 sub
832 1490 1162 1551 Ma'ximiano
1200 1495 1463 1567 Augusto.
1495 1495 1597 1563 Qui
1627 1497 1818 1552 beatus

231 1590 473 1646 Sabinus
508 1603 631 1644 cum
662 1595 808 1643 esset
828 1587 1007 1643 clarus
1029 1588 1082 1642 in
1108 1588 1361 1644 omnibus
1391 1589 1590 1644 divinis
1619 1589 1822 1644 instru-

233 1681 525 1746 ctionibus,
552 1689 608 1736 et
648 1694 902 1735 sermone
936 1679 1437 1748 eloquentissimus,
1469 1688 1653 1735 tentus
1681 1688 1764 1735 est
1789 1696 1819 1734 a

912 377 1512 436 MARTYROLOGIUM
1549 377 1694 434 CUM
1733 377 2266 436 ADDITAMENTIS.
2325 408 2378 419 --
2413 376 2617 434 MENS.
2657 377 2804 433 JAN.

3348 349 3353 355 ’
3378 378 3485 434 eos

1835 494 1881 550 Α
1911 504 2036 546 cum
2088 489 2232 556 ﬂetu,
2281 504 2524 560 uxorque
2560 493 2677 560 ejus
2716 499 2772 545 et
2807 489 2920 554 lilii,
2962 501 3184 562 agentes
3225 495 3495 561 pceniten~

1919 580 2071 646 tiam,
2095 589 2149 636 et
2177 590 2427 651 rogantes
2453 595 2511 637 se
2530 580 2814 650 baptizari.
2851 580 2968 635 Mox
2989 581 3309 650 baptizatus,
3339 593 3399 639 ut
3421 586 3488 639 de
3527 609 3530 612 θ

1917 671 2070 741 pelve
2093 672 2298 727 levatus
2329 681 2434 736 est,
2474 670 2678 726 nullum
2719 671 2960 726 dolorem
2982 670 3260 726 oculorum
3298 673 3487 729 sensit.

1918 759 2032 816 Hoc
2057 760 2359 816 nuntiatum
2402 768 2487 817 est
2538 761 2880 823 Maximiano,
2927 761 3018 831 qui
3057 762 3224 817 iratus
3253 765 3496 834 praecipit

1921 857 2181 914 Sabinum
2227 857 2492 923 damnari,
2534 864 2590 913 et
2637 857 2812 928 ipsum
2871 857 3259 912 Venustianunt
3311 861 3489 928 capite

1921 948 2186 1004 truncari.
2226 948 2462 1004 Veniens
2505 956 2685 1003 autem
2712 947 2912 1002 Lucius
2955 948 3224 1013 tribunus,
3258 948 3378 1005 sine
3404 965 3504 1006 au-

1921 1040 2124 1096 ditione
2151 1040 2369 1096 beatum
2409 1038 2797 1095 Venustianum
2823 1055 2945 1096 cum
2978 1057 3146 1097 uxore
3169 1052 3224 1096 et
3249 1042 3372 1098 ﬁliis
3403 1060 3498 1098 ne-

1918 1133 2064 1189 cavit
2095 1133 2148 1188 in
2170 1132 2390 1188 civitate
2413 1131 2749 1188 Assisinate:
2797 1142 3044 1188 sanctum
3075 1149 3204 1189 vero
3241 1133 3501 1189 sabinum

1920 1223 2143 1278 adduxit
2190 1223 2242 1278 in
2265 1223 2539 1279 civitatem
2586 1220 2880 1293 Spoletum,
2929 1231 2982 1276 et
3021 1223 3206 1278 tandiu
3249 1225 3507 1293 praecepit.

1918 1313 2071 1378 caedi,
2111 1328 2393 1384 quousque
2423 1312 2699 1369 deficeret.
2739 1312 2902 1383 Cujus
2930 1329 3126 1384 corpus
3167 1313 3382 1384 collegit
3413 1330 3501 1368 ve-

1921 1405 2179 1462 nerabilis
2224 1405 2452 1471 Serena,
2483 1421 2602 1477 qua:
2627 1407 2740 1478 jam
2771 1423 2964 1462 manus
3011 1405 3128 1475 ejus
3174 1409 3227 1462 in
3260 1407 3403 1464 dolio
3423 1409 3503 1464 vi~

1923 1505 2038 1552 treo
2078 1512 2201 1552 cum
2248 1496 2579 1553 aromatibus
2623 1498 2964 1562 condiderat,
3004 1508 3060 1552 et
3103 1498 3242 1553 infra
3281 1500 3502 1552 domum

1923 1603 2075 1644 suam
2100 1599 2374 1659 posuerat,
2410 1596 2466 1644 et
2489 1588 2736 1658 sepelivit
2764 1604 2886 1658 eum
2921 1603 2950 1642 a
2995 1589 3211 1644 civitate
3255 1588 3503 1658 Spoleta-

1922 1697 1993 1736 na
2032 1681 2288 1736 milliario
2322 1681 2442 1752 plus
2467 1682 2644 1736 minus
2666 1695 2794 1745 uno,
2837 1681 2936 1736 sub
2978 1679 3067 1736 dic
3108 1680 3338 1751 septimo
3382 1681 3506 1734 ldus

241 1773 466 1842 praeside
494 1770 704 1826 Tusciae
734 1769 1088 1836 Venustiano,
1111 1785 1236 1825 cum
1270 1771 1482 1826 duobus
1503 1771 1819 1826 diaeonibus
1925 1773 2257 1829 Decembris.
2284 1771 2573 1828 Festivitas
2609 1780 2789 1829 tamen
2827 1771 2944 1842 ejus
2969 1782 3026 1828 et
3065 1787 3227 1842 supra
3262 1773 3508 1828 nomina-

238 1863 606 1934 Exnperantio
631 1871 690 1918 et
713 1863 982 1930 Marcello,
1013 1871 1067 1917 et
1094 1864 1279 1920 multis
1306 1864 1541 1920 clericis.
1573 1864 1670 1920 Cui
1709 1864 1788 1920 Ve
1850 1842 1896 1902 Β
1925 1873 2104 1921 torum
2135 1874 2431 1936 martyrum
2460 1864 2621 1919 tertio
2651 1863 2922 1920 Kalendas
2961 1863 3204 1919 Januarii
3234 1866 3430 1936 agitur.

233 1956 521 2012 nustianus
547 1955 705 2010 deum
733 1969 889 2009 suum
911 1953 1115 2018 Jovem,
1157 1970 1318 2026 quem
1345 1955 1576 2011 habebat
1599 1957 1652 2011 in
1679 1957 1818 2013 cubi-

235 2043 383 2109 culo,
415 2059 485 2098 ex
532 2042 710 2114 lapide
759 2042 994 2098 Coralite
1036 2045 1173 2100 mire
1221 2044 1513 2100 formatum
1558 2047 1611 2101 in
1658 2048 1818 2102 vesti-

235 2135 436 2189 mentis
481 2133 684 2198 aureis,
732 2134 796 2187 ad
829 2134 1161 2189 adorandum
1205 2136 1419 2191 obtulit.
1474 2137 1647 2204 Quem
1688 2138 1821 2193 bea-

237 2235 327 2281 tus
353 2224 590 2280 Sabinus
616 2225 671 2280 in
713 2225 962 2280 manibus
987 2229 1318 2296 Taceeptum,
1364 2227 1506 2284 facta
1553 2230 1818 2295 oratione,

236 2319 496 2374 continuo
522 2318 677 2372 illisit
705 2318 760 2372 in
809 2318 1203 2386 pavimentum,
1246 2327 1300 2376 et
1326 2320 1614 2390 confregit.
1667 2321 1821 2389 Quod

239 2407 446 2464 factum
505 2409 695 2464 videns
755 2408 1152 2476 Venustianns,
1226 2426 1352 2466 cum
1428 2409 1612 2468 furore
1664 2413 1825 2484 jussit

243 2507 309 2554 ut
335 2499 764 2569 praeciderentur
815 2499 864 2554 ei
917 2515 1132 2564 manus,
1181 2507 1235 2555 et
1278 2501 1331 2554 in
1373 2511 1664 2572 conspectu
1709 2504 1823 2574 ejus

235 2591 560 2645 Marcellum
599 2599 652 2646 et
678 2590 1106 2661 Exuperantium
1156 2591 1386 2661 equuleo
1433 2594 1722 2662 suspendi,
1762 2610 1826 2650 ac

250 2681 484 2736 fustibus
535 2681 836 2748 macerari,
895 2682 1270 2752 unguibusque
1333 2683 1447 2738 radi
1503 2683 1670 2738 latera
1734 2700 1827 2740 eo-

247 2787 394 2836 rum,
443 2780 495 2826 et
560 2773 735 2842 ignem
790 2772 1037 2842 supponi.
1098 2773 1210 2827 Hoc
1277 2772 1439 2839 facto,
1508 2773 1562 2828 in
1613 2774 1826 2829 confes-

244 2864 402 2920 sione
436 2863 645 2918 Domini
670 2863 919 2933 spiritum
945 2863 1262 2919 emiserunt.
1311 2863 1552 2931 Quorum
1595 2880 1824 2935 corpora

245 2957 505 3028 praecepit
544 2956 742 3026 jactari
798 2955 852 3010 in
901 2954 1156 3020 ﬂuvium,
1210 2953 1470 3011 Sabinum
1529 2971 1659 3012 vero
1715 2958 1828 3028 epi-

241 3062 471 3118 scopum
527 3047 581 3102 in
631 3063 904 3103 carcerem
962 3047 1191 3103 retrudi.
1255 3048 1498 3104 Audiens
1548 3050 1652 3105 hoc
1709 3051 1828 3122 qui-

246 3137 374 3194 dam
400 3137 662 3207 piscator,
695 3146 750 3192 et
774 3139 1072 3211 presbyter,
1111 3139 1325 3211 collegit
1358 3155 1586 3210 corpora
1610 3151 1826 3199 sancto-

245 3243 395 3294 rum,
426 3236 482 3283 et
508 3227 752 3298 sepelivit
786 3228 937 3297 juxta
960 3231 1100 3284 viam
1139 3231 1311 3300 pridie
1354 3229 1577 3285 Kalend.
1609 3231 1833 3290 Januar.

245 3319 455 3376 Serena
499 3333 649 3386 vero,
682 3321 1140 3378 Christianissima
1183 3322 1376 3387 vidua,
1411 3338 1596 3378 curam
1632 3307 1836 3382 habens

247 3410 426 3467 sancti
449 3408 633 3466 Sabini
657 3412 1182 3483 episcopi,-adduxit
1224 3413 1290 3467 ad
1324 3428 1447 3467 eum
1477 3414 1529 3467 in
1558 3429 1836 3470 carcerem

248 3511 504 3573 nepotem
552 3519 710 3558 suum
751 3503 1112 3570 Priscianum,
1152 3504 1244 3575 qui
1287 3514 1408 3560 erat
1443 3519 1638 3560 czecus.
1685 3506 1837 3562 Tunc

247 3601 475 3650 sanctus
499 3593 733 3650 Sabinus
761 3605 980 3652 truncos
1005 3613 1132 3652 suos
1155 3613 1318 3668 super
1337 3597 1524 3653 oculos
1550 3598 1718 3668 ipsius
1742 3614 1838 3670 po-

253 3685 388 3750 suit,
417 3693 472 3741 et
506 3687 560 3742 in
593 3686 697 3744 [ide
724 3687 925 3743 Christi
955 3690 1200 3745 oratione
1221 3689 1388 3756 facta,
1420 3705 1542 3746 eum
1571 3689 1838 3745 illumina-

257 3773 359 3827 vit.
417 3773 669 3832 Videntes
723 3785 900 3832 autem
957 3778 1069 3844 illi,
1111 3779 1204 3850 qui
1248 3779 1301 3834 in
1357 3780 1600 3835 custodia
1645 3788 1835 3846 erant,

254 3860 524 3919 miserunt
551 3880 610 3920 se
637 3866 704 3920 ad
734 3867 899 3935 pedes
925 3865 1062 3937 ejus,
1096 3877 1150 3923 et
1174 3867 1430 3938 baptizati
1476 3877 1605 3925 sunt
1645 3883 1712 3925 eo
1750 3870 1837 3926 die

251 3969 483 4009 numero
515 3957 785 4012 undecim.
831 3957 986 4025 Quod
1025 3975 1148 4014 cum
1192 3961 1499 4015 nuntiatum
1544 3973 1690 4017 esset
1735 3958 1836 4017 Ve-

251 4043 509 4098 nustiano
549 4045 761 4112 praesidi
797 4045 1160 4116 (indoluerant
1187 4049 1332 4104 enim
1373 4049 1421 4103 ei
1447 4050 1613 4116 oculi,
1641 4058 1698 4106 et
1725 4066 1838 4120 prae

251 4133 444 4188 dolore
466 4149 636 4205 neque
663 4136 842 4191 cibum
879 4152 1056 4209 neque
1085 4155 1330 4195 somnum
1358 4155 1552 4211 capere
1577 4144 1834 4213 poterat),

249 4223 409 4282 misit
426 4240 647 4282 uxorem
665 4243 837 4294 suam,
858 4237 912 4285 et
939 4230 1076 4286 duos
1092 4230 1229 4288 ﬁlios
1251 4247 1397 4300 suos,
1429 4241 1487 4288 ut
1507 4233 1838 4289 adducerent

249 4314 475 4371 beatum
500 4315 758 4374 Sabinum
786 4320 854 4377 ad
879 4321 1095 4376 domum
1121 4321 1236 4392 ejus
1257 4322 1324 4378 de
1369 4305 1607 4379 carcere.
1649 4322 1834 4378 Addu-

252 4413 350 4462 cto
384 4408 588 4478 itaque,
629 4413 923 4482 prostravit
946 4429 1008 4472 se
1046 4415 1114 4470 ad
1142 4414 1306 4486 pedes
1331 4415 1448 4488 ejus
1473 4415 1836 4474 Venustianns

330 4548 360 4578 ⁸
395 4536 528 4596 Vide
554 4540 686 4598 ibid.

1859 4547 1912 4608 D

2276 1955 2342 2008 Α.
2379 1952 2605 2008 PRIDIE
2634 1953 2791 2008 ΚΑΒ.
2814 1952 3150 2010 JANUARII.

2586 2049 2668 2118 (δι
2696 2046 2847 2118 Dec.)

1993 2130 2244 2207 (Pontif.,
2269 2152 2387 2207 cap.
2419 2137 2834 2207 34.)-—Rom:e,
2859 2137 3039 2194 natale
3067 2139 3239 2194 sancti
3256 2138 3508 2195 Silvestri

1921 2227 2156 2298 episcopi
2185 2236 2241 2282 et
2267 2227 2616 2294 confessoris,
2641 2227 2729 2298 qui
2759 2237 2879 2299 post
2907 2229 3124 2284 beatum
3152 2228 3372 2284 Petrum
3405 2232 3503 2287 tri.

1923 2319 2154 2375 cesimus
2181 2327 2407 2388 quartus
2437 2319 2578 2374 sedit
2604 2335 2774 2375 annos
2795 2320 2984 2390 viginti
3011 2328 3142 2386 tres,
3173 2335 3389 2377 menses
3413 2321 3504 2377 deo

1923 2424 2062 2475 cem,
2099 2410 2215 2466 dies
2238 2411 2509 2466 undecim.
2537 2411 2702 2480 Cujus
2724 2412 2989 2467 industria
3021 2413 3258 2484 synodus
3281 2413 3508 2485 pra-cla-

1886 2503 2140 2558 ‘rissima
2168 2510 2280 2557 toto
2304 2503 2437 2558 orbe
2476 2511 2777 2568 terrarum,
2821 2512 3185 2558 trecentorum
3233 2503 3419 2559 decem
3457 2510 3515 2560 et

1923 2601 2048 2649 octo
2064 2593 2308 2657 Patrum,
2329 2593 2468 2662 apud
2495 2591 2728 2648 Nicaeam
2757 2595 2943 2648 urbem
2973 2593 3238 2664 Bithynia:
3268 2595 3511 2650 celebra—

1929 2691 2036 2748 tur,
2084 2681 2186 2736 sub
2228 2682 2511 2736 consulatu
2556 2683 2894 2738 Constantini
2928 2684 3180 2756 Augusti,
3208 2693 3264 2740 et
3293 2685 3509 2750 Licinii,

1928 2785 2023 2825 xm
2062 2770 2334 2826 Kalendas
2375 2769 2500 2825 Julii
2533 2788 2548 2837 ;
2587 2782 2823 2828 attamen
2876 2771 2998 2829 Julii
3067 2789 3218 2844 papa:
3271 2784 3514 2846 tempore

1928 2867 2356 2916 consummatur.
2391 2859 2543 2916 Fecit
2571 2869 2750 2917 autem
2779 2863 3149 2919 ordinationes
3190 2879 3287 2919 sex
3325 2879 3514 2921 mense

1929 2951 2256 3018 Decembri,
2297 2952 2645 3023 presbyteros
2670 2955 3024 3026 quadraginta
3071 2956 3228 3021 duos,
3259 2956 3517 3012 diaconos

1929 3043 2123 3115 viginti
2153 3042 2415 3114 quinque,
2444 3045 2728 3116 episcOpos
2749 3061 2846 3117 per
2875 3047 3091 3102 diversa
3120 3047 3237 3103 loca
3271 3049 3518 3119 sexagin-

1938 3145 1994 3191 ta
2023 3137 2279 3206 quinque.
2309 3135 2462 3191 Sedit
2481 3144 2660 3192 autem
2683 3151 2753 3193 ex
2777 3138 2864 3194 die
2891 3138 3258 3195 Kalendarum
3280 3140 3519 3196 Febrna~

1944 3229 2146 3283 riarum
2177 3242 2350 3298 usque
2377 3228 2432 3282 in
2455 3228 2597 3284 diem
2624 3228 2985 3286 Kalendarum
3005 3229 3405 3288 Januariarum.
3424 3231 3519 3289 Se-

1937 3317 2120 3389 pultus
2147 3325 2233 3373 est
2259 3317 2312 3372 in
2335 3319 2648 3374 cmmeterio
2673 3319 2934 3377 Priscilla:
2956 3321 3044 3376 via
3068 3321 3298 3389 Salaria,
3325 3323 3520 3379 millia—

1940 3409 2024 3464 rio
2065 3409 2225 3465 tertio
2263 3410 2332 3465 ab
2356 3409 2492 3465 urbe
2530 3409 2722 3477 Roma,
2748 3413 2922 3483 pridie
2951 3413 3222 3470 Kalendas
3242 3415 3518 3472 Januarii:

1939 3508 1994 3556 et
2020 3501 2252 3555 cessavit
2273 3500 2615 3570 episcopatus
2637 3499 2752 3570 ejus
2778 3503 2892 3558 dies
2913 3503 3240 3574 quindecim.
3266 3505 3366 3561 llic
3386 3520 3520 3562 con-

1938 3588 2114 3644 stituit
2139 3589 2376 3643 chrisma
2411 3590 2479 3643 ab
2506 3590 2761 3661 episcopo
2793 3593 3004 3659 confici,
3033 3602 3088 3648 et
3113 3595 3520 3664 utbaptizatum

1938 3679 2092 3734 liniat
2107 3677 2418 3748 presbyter:
2436 3687 2490 3734 et
2504 3687 2564 3734 ut
2579 3680 2756 3736 nullus
2778 3681 2948 3738 laicus
2961 3684 3172 3740 crimen
3190 3685 3390 3740 audeat
3410 3685 3521 3741 cle-

1939 3769 2056 3827 rico
2076 3770 2278 3828 inferre
2301 3787 2314 3824 :
2341 3780 2395 3827 et
2419 3770 2724 3830 dalmaticis
2741 3773 2793 3830 in
2819 3775 3049 3831 ecclesia
3066 3777 3166 3842 uti,
3193 3785 3250 3832 et
3278 3787 3336 3833 ut
3355 3777 3522 3849 pallio

1896 3905 1899 3908 .
1940 3860 2216 3920 linostimo
2237 3864 2364 3920 laeva
2388 3880 2574 3923 eorum
2596 3873 2885 3934 tegeretur,
2915 3865 3122 3921 scilicet
3142 3867 3514 3923 diaeonorum.

2009 3953 2162 4026 Apud
2191 3953 2456 4023 Senonas,
2488 3966 2690 4013 sancta:
2715 3955 2988 4012 Columba:
3015 3957 3261 4028 virginis,
3289 3973 3407 4029 qua:
3429 3975 3520 4014 su-

1937 4057 2127 4118 perato
2149 4049 2255 4119 igni
2281 4049 2460 4122 gladio
2483 4063 2623 4106 caesa
2649 4057 2754 4105 est.

2008 4140 2142 4196 ltem
2165 4143 2306 4212 apud
2330 4140 2593 4207 Senonas,
2622 4140 2802 4196 natale
2838 4140 3117 4199 beatorum
3155 4142 3433 4198 Sabiniani
3463 4153 3521 4201 et

1938 4234 2263 4300 Potentiani,
2299 4229 2391 4304 qui
2426 4251 2456 4289 a
2493 4235 2666 4291 beatis
2707 4235 2966 4305 apostolis
3013 4235 3081 4290 ad
3116 4235 3514 4306 praedicandum

1939 4323 2149 4389 directi,
2179 4321 2458 4393 praefatam
2486 4324 2673 4380 urbem
2700 4324 2946 4396 martyrii
2975 4324 3055 4379 sui
3087 4324 3428 4381 confessione
3452 4325 3516 4380 il-

1937 4415 2161 4470 lustrem
2190 4413 2452 4471 fecerunt.

289 4663 3490 4706 ...________________________________________________

1477 4805 1502 4834 ⁸
1542 4792 1842 4850 LITANIE
1881 4793 2294 4851 lNDlCENDE.

1387 4955 1762 5035 MENSIS
1833 4958 2400 5039 JANUABIUS

1286 5150 1495 5194 ΒΔΒΕΤ
1532 5149 1670 5196 DIES
1715 5150 1892 5209 XXXI,
1931 5154 2096 5197 LUNA
2141 5157 2306 5201 νιεηο
2345 5159 2508 5201 XXX.

743 5398 800 5456 Β.
835 5398 990 5458 KAL.
1019 5401 1355 5462 JANUARII.

337 5484 551 5542 Octava
577 5486 813 5546 Domini.

336 5627 363 5658 ι
395 5615 621 5700 Literna:
676 5621 984 5700 indigentia.
1039 5625 1159 5700 ﬂoc
1193 5626 1420 5700 singulis
1478 5628 1756 5688 mensibus
1784 5633 1836 5688 in

243 5701 397 5770 mss.
444 5688 618 5745 tribus
645 5693 1006 5770 praemittitur.
1040 5695 1194 5770 Unde
1241 5688 1468 5770 apparet
1508 5701 1636 5756 olim
1684 5703 1839 5760 initio

253 5763 528 5828 cujusque
568 5763 768 5818 mensis
814 5763 1052 5822 Litanias
1083 5763 1326 5826 indictas
1342 5768 1507 5829 fuisse
1535 5788 1547 5824 :
1580 5772 1674 5828 sed
1721 5789 1839 5844 qua!

2013 5408 2218 5478 Romae,
2270 5413 2464 5469 natalis
2489 5415 2664 5470 sancti
2691 5415 2956 5475 Almachii
2992 5423 3277 5492 martyris:
3315 5425 3408 5494 qui
3430 5425 3518 5498 ju-

1939 5503 2100 5558 bente
2121 5504 2331 5576 Alippto
2356 5504 2516 5562 brbis
2537 5507 2812 5578 praefecto,
2833 5525 2954 5568 cum
2979 5512 3202 5581 diceret,
3231 5512 3403 5574 Hodie
3422 5533 3508 5576 oc-

1942 5633 2046 5690 illa:
2068 5644 2250 5712 etquo
2275 5637 2360 5694 die
2384 5639 2689 5712 celebrata),
2713 5659 2818 5698 non
2847 5644 3018 5701 habeo
3058 5645 3342 5706 aﬂirmane.
3371 5653 3516 5712 Prae-

1945 5712 2029 5787 ter
2065 5706 2200 5762 duas
2223 5723 2336 5788 .per
2385 5706 2884 5788 totam__Ecclesiam
2918 5717 3342 5788 solemnissimas
3368 5706 3514 5781 in].

1943 5781 2374 5845 nias;majorem
2433 5781 2695 5838 videlicet.
2727 5794 2943 5840 auctore
2970 5787 3176 5860 Magno,
3213 5803 3268 5847 ut
3322 5795 3509 5862 fertur,
