3962 6366
473 350 602 404 .903

1502 347 1558 402 S.
1599 345 1849 402 ADONIS
1886 343 2313 404 ARCHIEPISC.
2360 348 2773 408 VIENNENSlS

3665 360 3768 418 ξοι

467 480 594 536 'per
642 464 853 518 diversa
889 471 1152 518 tormenta
1199 459 1514 532 martyrium
1549 469 2083 518 consummaverunt.
2113 465 2164 524 Α
2190 470 2272 517 est
2299 464 2367 518 ad
2412 463 2616 519 insulas
2645 463 2984 521 Palmarias:
3017 465 3104 521 ubi
3149 481 3246 537 per
3279 482 3496 537 manus,
3521 479 3578 526 et
3606 473 3772 542 pedes

568 553 767 609 Eodem
796 552 905 616 die,
936 553 1076 622 apud
1106 551 1383 623 Spoletum
1412 551 1689 607 civitatem
1717 552 1946 618 Tusciae,
1980 568 2081 608 na-

496 643 604 701 tale
633 643 807 700 sancti
831 641 1075 712 Gregorii
1115 642 1370 714 martyris
1398 648 1452 697 et
1479 643 1798 713 presbyteri,
1827 643 2083 714 tempori-

494 736 597 791 bus
624 734 941 790 Diocletiani
977 742 1032 788 et
1063 733 1371 787 Maximiani
1415 732 1823 804 imperatorum,
1857 735 1959 789 sub
1995 735 2083 805 ju-

499 826 619 880 dice
647 825 862 880 Flacco.
897 823 1064 891 Quem
1097 822 1165 877 ad
1203 836 1261 878 se
1301 822 1591 877 adductum
1621 822 1696 877 ita
1726 821 1954 878 Flaccus
1983 839 2080 894 ag-

495 915 776 988 greditur:
811 913 888 967 Tu
920 911 1134 967 rebellis
1169 927 1229 966 es
1269 912 1506 976 deorum,
1535 919 1588 966 et
1614 913 1917 982 principum
1947 927 2079 967 con-

497 1003 884 1076 temptor?Cui
929 1005 1118 1058 beatus
1160 1003 1456 1074 Gregorius
1502 1005 1820 1074 respondit:
1855 1003 1915 1059 Si
1955 1019 2082 1060 vere

492 1097 576 1151 vis
603 1096 765 1162 scire,
791 1094 860 1150 ab
890 1093 1117 1150 infantia
1160 1109 1278 1148 mea
1310 1110 1584 1164 nunquam
1631 1110 1660 1148 a
1704 1096 1813 1150 Deo
1849 1110 1970 1149 meo
1997 1111 2082 1150 re-

493 1185 654 1251 cessi,
687 1185 776 1254 qui
809 1186 896 1238 rrie
935 1198 1003 1238 ex
1030 1183 1158 1238 limo
1199 1193 1356 1238 terra:
1385 1183 1658 1238 formavit.
1689 1183 1932 1254 Cumque
1961 1199 2081 1253 per-

491 1273 964 1329 severantissimus
991 1273 1045 1327 in
1074 1273 1177 1330 fide
1200 1272 1560 1330 confessionis
1599 1283 1878 1340 maneret,
1920 1273 2079 1329 fusti-

492 1364 592 1420 bus
619 1364 837 1420 nodosis
867 1365 1088 1418 dorsum
1119 1363 1236 1433 ejus
1267 1363 1610 1419 verberatum
1655 1365 1924 1435 rumpitur
1949 1382 1962 1418 :
2001 1378 2081 1418 re-

489 1468 714 1530 gyratus
751 1464 943 1513 venter
979 1456 1097 1526 ejus
1143 1456 1456 1527 dissipatur.
1485 1456 1612 1513 Inde
1657 1457 1854 1528 ligatus
1889 1471 2081 1513 manus

490 1559 547 1604 et
589 1551 774 1619 pedes,
806 1550 860 1604 in
906 1549 1168 1605 craticula
1198 1549 1602 1619 superponitur,
1632 1548 1791 1619 lignis
1835 1548 2080 1618 supposi-

492 1642 580 1694 tis.
613 1641 676 1695 Et
707 1641 964 1696 continuo
993 1649 1305 1695 terraamotu
1333 1639 1526 1695 cecidit
1569 1655 1672 1694 una
1721 1638 1869 1710 regio
1902 1639 1954 1693 in
1998 1638 2078 1692 ci-

493 1731 658 1785 vitate
703 1729 1026 1801 Spoletana,
1070 1739 1124 1785 et
1171 1729 1441 1800 oppressit
1481 1729 1766 1800 plusquam
1808 1737 2079 1784 trecentos

2182 561 2425 620 extensa,
2460 564 2515 610 et
2556 556 2720 628 ligata
2771 556 2840 611 ad
2879 557 3032 626 palos
3076 557 3238 625 fixos,
3262 559 3406 615 circa
3436 563 3618 617 media
3655 565 3772 635 ejus

2183 644 2321 715 ignis
2349 660 2610 701 accensus
2643 654 2747 712 est,
2786 646 2838 700 in
2862 661 2969 716 quo
3014 648 3309 719 matyrium
3347 653 3770 708 consummavit.

2180 734 2249 789 Et
2281 751 2468 792 omnes
2501 736 2594 807 qui
2639 752 2764 792 cum
2801 737 2890 791 illa
2926 746 3210 804 venerant,
3242 738 3410 795 variis
3438 740 3774 799 interfectio-

2181 827 2341 882 nibus
2387 829 2707 900 martyrium
2753 829 3121 885 celebrarunt.
3173 829 3323 886 lnter
3372 847 3510 902 quos
3553 848 3770 899 omnes,

2182 932 2322 971 unus
2365 927 2484 973 erat
2515 919 2871 974 Eutichianus
2899 921 3140 987 nomine,
3172 921 3639 978 innocentissima:
3677 939 3771 978 na-

2183 1015 2316 1062 turae
2342 1025 2356 1062 :
2387 1009 2478 1078 qui
2529 1010 2754 1065 sublatis
2799 1010 2902 1066 sibi
2939 1011 3084 1081 (cum
3130 1011 3284 1067 dives
3318 1012 3484 1083 esset)
3515 1014 3773 1071 omnibus

2181 1097 2549 1165 facultatibus,
2572 1102 2763 1167 tacuit,
2789 1101 2920 1155 nihil
2941 1102 3208 1172 cogitans,
3233 1102 3475 1172 nihilque
3495 1114 3769 1174 metuens,

2182 1189 2286 1243 nisi
2328 1191 2449 1255 hoc,
2493 1206 2558 1245 ne
2600 1191 2883 1247 facultates
2928 1208 2994 1248 ac
3039 1193 3256 1248 divitias
3312 1194 3436 1252 fidei
3489 1199 3768 1268 perderet.

2183 1279 2620 1350 Quotiescunque
2663 1283 2894 1352 denique
2933 1283 3122 1339 fuisset
3159 1285 3397 1350 auditus,
3425 1287 3773 1356 quotiescun-

2181 1384 2286 1440 que
2311 1371 2698 1442 interrogatus,
2723 1372 2860 1427 nihil
2888 1372 3034 1428 aliud
3062 1373 3311 1429 dicebat:
3337 1375 3616 1431 Christum
3637 1377 3772 1432 mihi

2180 1475 2290 1515 non
2321 1461 2493 1526 tollet,
2520 1462 2685 1517 etiam
2721 1461 2811 1530 qui
2855 1472 3016 1532 caput
3044 1464 3349 1520 abstulerit.
3380 1465 3532 1522 Tunc
3553 1466 3773 1536 Apollo-

2180 1550 2268 1604 nia
2294 1549 2605 1606 Christiana
2639 1561 2910 1616 matrona,
2945 1551 3141 1608 tollens
3169 1568 3366 1624 corpus
3411 1556 3584 1610 beatce
3626 1556 3773 1610 Ana-

2181 1642 2379 1707 stasiaa,
2411 1643 2830 1699 exosculabatur
2852 1683 2866 1709 ,
2903 1651 2960 1698 et
2998 1645 3331 1700 aromatihus
3366 1647 3648 1712 condiens,
3691 1647 3774 1702 di-

2181 1733 2407 1803 gnisque
2456 1732 2860 1789 linteaminibus
2888 1733 3200 1799 obvolvens,
3253 1735 3394 1789 intra
3441 1735 3770 1790 viridariu

489 1822 738 1877 homines
787 1820 944 1877 idolis
993 1821 1313 1876 servientes.
1355 1819 1486 1876 Post
1535 1819 1680 1875 ferro
1725 1821 2076 1886 constrictus,
2107 1810 2154 1868 Β
2182 1825 2373 1880 domus
2413 1837 2526 1878 suae
2559 1822 2824 1878 fabricata
2870 1823 3117 1889 basilica,
3148 1831 3208 1878 ut
3240 1824 3766 1897 decuitmartyrem.

487 1912 589 1967 sub
619 1911 861 1968 custodia
890 1911 1119 1966 militum
1167 1912 1220 1964 in
1263 1925 1483 1965 carcere
1518 1910 1832 1971 retruditur,
1861 1910 1952 1965 ubi
1983 1925 2078 1964 an-

486 2003 657 2074 gelica
680 2003 990 2058 visitatione
1015 2001 1346 2059 consolatur.
1369 2001 1607 2056 Eductus
1632 2016 1662 2056 e
1688 2015 1930 2065 carcere,
1953 2015 2075 2054 car-

488 2096 573 2150 dis
601 2094 795 2150 ferreis
825 2095 876 2148 in
908 2094 1135 2164 genibus
1173 2092 1492 2162 percutitur.
1529 2091 1635 2146 Sed
1669 2100 1724 2145 et
1762 2090 2077 2146 ardentibus

488 2187 826 2258 lampadibus
866 2185 1036 2241 latera
1079 2183 1197 2252 ejus
1227 2193 1352 2238 sunt
1394 2185 1637 2249 incensa,
1667 2184 1879 2238 dicente
1914 2182 2076 2238 beato

489 2285 732 2348 martyre
773 2276 940 2346 impio
975 2273 1142 2342 judici
1173 2293 1185 2328 :
1220 2274 1276 2328 Si
1309 2281 1478 2329 totum
1523 2288 1720 2342 corpus
1748 2287 1925 2328 meum
1957 2287 2076 2340 per-

487 2367 606 2433 das,
631 2376 832 2438 prtesto
869 2377 954 2422 est
999 2366 1130 2420 mihi
1168 2366 1410 2420 medicus
1453 2365 1709 2419 Dominus
1735 2363 1892 2418 .lesus
1919 2362 2078 2418 Chri-

487 2469 623 2524 stus,
649 2459 738 2530 qui
776 2473 862 2513 me
890 2465 1045 2513 sanat
1071 2464 1127 2512 et
1154 2456 1492 2511 corroborat.
1530 2455 1682 2509 Tunc
1709 2454 1936 2509 Flaccus
1957 2453 2074 2523 jus-

487 2553 562 2609 sit
586 2552 836 2624 Tyrcano
865 2550 1099 2614 cuidam,
1125 2556 1184 2603 ut
1212 2549 1429 2604 beatum
1473 2545 1794 2617 Gregorium
1840 2552 2075 2599 tractum

487 2647 542 2702 in
579 2645 980 2716 amphitheatro
1005 2642 1316 2698 decollaret.
1349 2641 1467 2708 Quo
1494 2639 1658 2704 facto,
1681 2637 1845 2709 jussit
1872 2636 2075 2708 Tyrca-

485 2753 590 2794 nus
615 2736 760 2792 feras
791 2734 1060 2790 terribiles
1089 2732 1308 2796 dimitti,
1345 2740 1407 2786 ut
1439 2744 1635 2800 corpus
1665 2729 1839 2784 sancti
1871 2735 2077 2797 marty-

486 2828 566 2883 ris
605 2825 958 2882 absorberent
989 2841 1001 2877 :
1032 2821 1127 2878 sed
1169 2820 1314 2876 nulla
1348 2835 1536 2875 earum
1583 2832 1782 2888 corpus
1827 2824 2074 2873 sanctum

486 2919 685 2990 attigit.
717 2917 973 2985 Quaedam
1011 2923 1192 2970 autem
1215 2913 1433 2978 mulier,
1459 2912 1803 2968 Abundantia
1835 2911 2074 2976 nomine,

484 3009 676 3079 petivit
704 3023 898 3078 corpus
930 3005 1186 3076 martyris
1222 3022 1235 3058 :
1265 3005 1360 3059 sed
1401 3003 1528 3072 quia
1573 3017 1678 3057 non
1721 3002 1898 3071 potuit
1935 3001 2074 3056 obti-

485 3116 618 3156 nere
663 3099 844 3165 aliter,
875 3099 1016 3153 datis
1057 3097 1275 3167 triginta
1312 3095 1552 3166 quinque
1591 3096 1770 3149 aureis
1800 3093 2069 3164 Tyrcano,
2104 3102 2162 3167 θ’

2181 1912 2449 1983 sepelivit.

2254 2001 2374 2070 Ipso
2399 1999 2486 2054 die
2531 2000 2718 2054 Romae
2759 1999 2810 2053 in
2849 1999 3163 2055 cmmeterio
3210 1999 3527 2070 Aproniani,
3579 2002 3770 2071 passio

2179 2100 2378 2145 sancta!
2400 2089 2652 2160 Eugenite
2677 2089 2924 2160 virginis,
2955 2105 3076 2159 quae
3107 2098 3347 2160 tempore
3397 2076 3630 2146 Gallieni
3658 2091 3766 2143 im-

2177 2182 2460 2252 peraloris,
2511 2190 2632 2251 post
2684 2181 2853 2235 multa
2892 2183 3151 2236 virtutum
3186 2182 3442 2253 insignia,
3489 2191 3541 2238 et
3569 2198 3770 2238 sacros

2176 2273 2442 2344 virginum
2475 2274 2690 2338 choros,
2729 2289 2866 2343 quas
2911 2273 3128 2329 Christo
3156 2275 3380 2328 Domino
3425 2289 3764 2346 aggregave-

2176 2374 2282 2429 rat,
2307 2368 2406 2420 sub
2429 2366 2637 2420 Nicetio
2659 2366 2809 2421 urbis
2832 2365 3086 2435 praefecto
3109 2365 3329 2436 alligata
3356 2381 3507 2433 saxo,
3535 2376 3594 2420 et
3619 2382 3770 2436 pra:-

2177 2456 2395 2526 cipitata
2432 2457 2485 2510 in
2517 2456 2754 2511 Tiberim
2789 2456 2960 2527 mergi
2999 2471 3106 2511 non
3136 2456 3329 2526 potuit.
3377 2456 3504 2511 lnde
3529 2457 3772 2512 thermis

2144 2538 2150 2546 ’
2176 2545 2360 2616 ignitis
2386 2544 2610 2610 inclusa,
2660 2544 2826 2599 illaesa
2867 2553 3079 2615 reperta
3109 2552 3210 2599 est.
3243 2543 3540 2599 Novissime
3571 2544 3626 2597 in
3658 2559 3770 2598 cu-

2175 2637 2348 2691 stodia
2382 2636 2560 2708 gladio
2596 2635 2876 2707 jugulatur
2909 2653 2922 2689 :
2955 2645 3010 2691 et
3043 2635 3312 2691 sublatum
3339 2645 3422 2690 est
3455 2651 3654 2704 corpus
3695 2637 3768 2689 ab

2175 2726 2422 2783 afﬁnibus
2456 2727 2572 2796 ejus
2596 2727 2941 2791 Christianis,
2993 2735 3048 2782 et
3071 2727 3303 2797 positum
3346 2741 3454 2781 non
3504 2726 3669 2796 longe
3701 2727 3768 2781 ab

2176 2817 2340 2880 Urbe,
2371 2818 2454 2870 via
2481 2816 2694 2883 Latina,
2722 2816 2774 2870 in
2801 2817 3002 2894 praedio
3025 2815 3143 2885 ejus
3169 2816 3387 2887 proprio
3405 2857 3420 2882 ,
3445 2816 3537 2873 ubi
3565 2817 3770 2872 multo-

2176 2924 2295 2964 rum
2326 2909 2439 2979 ipsa
2467 2909 2754 2981 sepelierat
2793 2908 3055 2965 membra.

2551 2998 2611 3055 C.
2666 3000 2753 3056 Vll
2804 2997 3342 3059 KAL..JANUARII.

2817 3090 2910 3162 (26
2965 3090 3114 3161 hec.)

485 3154 685 3263 corpus
709 3154 914 3261 recepit
936 3198 1093 3255 et,ut
1112 3154 1314 3253 decuit,
1329 3154 1624 3258 martyrem
1651 3154 1896 3254 sepelivit
1916 3154 2069 3254 juxta
2099 3154 2142 3215 (ἶ
2244 3192 2271 3222 ε
2299 3179 2488 3235 Natale
2517 3180 2691 3236 sancti
2723 3154 2985 3250 Stephani
3009 3154 3438 3251 protomartyris,
3468 3194 3571 3234 non
3597 3180 3774 3252 longe

483 3293 706 3356 pontem
753 3281 1051 3352 lapideum,
1094 3288 1150 3333 et
1195 3278 1370 3332 rivum
1419 3277 1510 3346 qui
1552 3275 1943 3346 Sanguinarius
1979 3289 2073 3344 ap-

484 3374 716 3444 pellatur
763 3372 832 3428 ad
887 3385 1073 3426 muros
1127 3368 1395 3434 civitatis,
1445 3380 1593 3422 nono
1641 3365 1727 3422 die
1776 3363 2067 3421 Kalendar.

483 3463 714 3520 Januar.

794 3557 855 3612 Β.
894 3555 1008 3612 VIII
1037 3551 1402 3612 KALENDAS
1436 3549 1771 3608 JANUARII.

1134 3646 1226 3717 (‘25
1265 3643 1418 3716 Dec.)

553 3745 711 3801 Jesus
724 3740 974 3798 Christus
986 3737 1157 3792 Filius
1170 3735 1267 3790 Dei
1283 3735 1338 3790 in
1353 3733 1628 3790 Bethleem
1643 3730 1792 3786 Judae
1804 3726 2068 3794 nascitur,

483 3851 623 3893 anno
648 3833 881 3891 Caesaris
908 3828 1132 3902 Augusti
1159 3823 1575 3897 quadragesimo
1603 3820 1864 3883 secundo,
1887 3818 2072 3890 Olym-

483 3929 657 4000 piadis
689 3923 1000 3982 centesima
1037 3917 1405 3987 nonagesirnte
1443 3915 1644 3979 tertiae,
1672 3915 1740 3968 ab
1765 3911 1912 3968 Urbe
1939 3925 2069 3966 con-

482 4020 594 4076 dita
619 4032 764 4073 anno
797 4012 1282 4086 septingentesimo
1307 4007 1756 4080 quinquagesimo
1782 4004 2024 4061 secundo
2052 4021 2065 4058 :

482 4106 813 4178 compressis
856 4094 1173 4160 cunctarum
1222 4115 1321 4170 per
1368 4099 1558 4154 orbem
1617 4106 1776 4152 terrae
1825 4094 2067 4165 gentium

483 4198 740 4262 motibus,
775 4203 830 4252 et
873 4192 1184 4249 firmissima
1223 4189 1616 4270 verissimaque
1660 4199 1816 4257 pace,
1850 4184 2071 4239 ordina-

483 4292 631 4347 tione
658 4289 754 4345 Dei
777 4303 808 4343 a
834 4286 1050 4344 Caesare
1072 4284 1315 4355 Augusto
1339 4281 1633 4355 composita
1662 4297 1675 4333 :
1700 4276 1916 4349 quando
1940 4275 2070 4344 Qui-

483 4295 631 4347 tione
658 4295 754 4345 Dei
777 4303 808 4343 a
834 4295 1050 4344 Caesare
1072 4295 1315 4355 Augusto
1339 4297 1459 4338 com
1557 4295 1633 4334 tta
1662 4297 1675 4333 :
1700 4295 1916 4349 quanoo
1940 4295 2068 4344 uui-

483 4384 636 4438 rinus
672 4396 741 4437 ex
783 4376 1009 4435 consilio
1054 4381 1274 4431 senatus
1320 4295 1559 4428 Judépa’:
1606 4368 1834 4431 missus,
1873 4381 2068 4422 census

483 4473 763 4528 hominum
799 4466 1310 4541 possessionumque
1355 4460 1712 4523 describebat,
1747 4465 2066 4526 sextamque

483 4562 671 4619 mundi
722 4567 938 4617 atatem
994 4570 1092 4610 suo
1145 4553 1392 4624 piissimo
1441 4547 1782 4607 consecravit
1831 4546 2064 4602 adventu

483 4656 628 4713 idem
646 4651 907 4708 Dominus
933 4655 1120 4703 noster
1142 4644 1299 4700 Iesus
1326 4641 1594 4699 Christus.

551 4743 758 4799 Eodem
787 4739 896 4805 die,
937 4736 1133 4793 natalis
1171 4742 1373 4790 sanctae
1415 4729 1738 4796 Anastasiae,
1766 4743 1886 4799 quae
1927 4737 2062 4783 tem-

483 4849 619 4907 pore
644 4829 994 4892 Diocletiani,
1035 4827 1211 4897 primo
1263 4824 1441 4880 diram
1487 4832 1542 4877 et
1585 4821 1846 4904 immitem
1880 4827 2053 4875 custo-

483 4926 628 4982 diam
655 4939 685 4976 a
713 4921 826 4976 viro
853 4933 949 4974 suo
974 4915 1164 4971 Publio
1193 4928 1445 4985 perpessa
1479 4920 1566 4968 est
1590 4930 1604 4966 :
1632 4912 1684 4965 in
1726 4925 1832 4980 qua
1879 4918 2058 4964 tamen

485 5033 516 5072 a
549 5016 900 5086 Chrysogono
930 5005 1239 5064 confessore
1267 5003 1470 5060 Christi
1517 5002 1745 5057 multum
1787 4998 2063 5056 consolata

484 5117 540 5164 et
567 5105 868 5163 confortata
889 5098 1210 5156 est.Dcindc
1242 5113 1270 5150 a
1299 5091 1762 5166 prazfectolllyrici
1788 5091 1840 5145 in
1864 5089 2067 5162 gravis-

486 5201 624 5256 sima
663 5209 815 5266 asque
856 5202 1019 5262 atque
1056 5187 1264 5243 diutina
1304 5181 1548 5241 custodia
1582 5190 1853 5239 macerata
1876 5189 1978 5237 est.
2004 5179 2062 5234 ln

485 5309 593 5366 qua
638 5289 845 5346 duobus
889 5282 1165 5338 mensibus
1209 5277 1410 5335 refecta
1443 5285 1528 5333 est
1557 5275 1866 5332 cmlestibus
1901 5271 2062 5338 escis,

484 5365 585 5458 per
604 5390 848 5440 sanctam
873 5375 1208 5436 Theodoten,
1237 5384 1358 5440 quae
1385 5368 1703 5458 martyrium
1728 5365 1877 5458 prius
1903 5376 2065 5458 passa

486 5454 588 5534 est.
633 5470 835 5528 Deinde
881 5466 1005 5522 navi
1053 5461 1307 5533 imposita
1357 5474 1482 5514 cum
1531 5454 1972 5538 ducentisyviris,
2011 5463 2068 5509 et

488 5561 795 5637 quingentis
817 5557 1054 5623 feminis,
1076 5562 1135 5609 ut
1156 5553 1560 5622 demergeretur
1583 5546 1636 5603 in
1663 5561 1832 5612 mare,
1857 5543 2066 5617 perlata

562 5711 587 5739 ι
617 5695 751 5821 V‘ige
787 5693 1029 5752 libellum
1059 5690 1126 5748 de
1155 5667 1384 5745 FeStivit
1404 5725 1418 5752 ,
1459 5685 1682 5753 Apost.;
1722 5679 2063 5745 Pontificale,

562 5782 609 5821 n.
652 5797 660 5809 -
722 5805 738 5821 .

487 5782 609 5840 cap.
652 5782 738 5822 ιη.

2173 3278 2295 3340 post
2321 3269 2696 3324 ascensionem
2720 3267 2933 3323 Domini
2957 3268 3123 3339 passi,
3150 3269 3337 3324 eodem
3371 3269 3577 3324 scilicet
3610 3284 3770 3326 anno

2171 3359 2438 3432 passionis
2464 3358 2686 3416 Christi.

2243 3449 2443 3505 Eodem
2480 3449 2569 3503 die
2614 3447 2814 3502 Zosimi
2865 3460 3037 3517 papae,
3069 3445 3161 3516 qui
3213 3445 3353 3502 sedit
3397 3446 3580 3502 Romae
3606 3464 3773 3504 anno

2171 3554 2299 3596 uno.
2332 3539 2432 3593 Hic
2455 3538 2753 3602 constituit,
2786 3546 2849 3592 ut
2892 3537 3104 3592 diaconi
3155 3537 3345 3592 laevam
3374 3547 3618 3609 tegerent
3645 3541 3771 3610 pal-

2171 3631 2302 3685 liis:
2332 3637 2387 3684 et
2420 3628 2677 3699 przecenit
2712 3636 2771 3681 ut
2805 3626 2987 3681 nullus
3021 3626 3251 3682 clericus
3277 3626 3526 3696 poculum
3561 3627 3619 3681 in
3658 3645 3769 3699 pu-

2171 3722 2315 3777 blico
2349 3734 2685 3790 propmaret,
2733 3717 2836 3774 nisi
2869 3726 3075 3772 tantum
3106 3717 3161 3772 in
3208 3717 3360 3775 cellis
3407 3716 3655 3775 fidelium
3709 3727 3769 3776 et

2171 3811 2518 3878 clericorum,

2578 3900 2646 3958 D.
2686 3900 2757 3957 Vl
2802 3899 2959 3956 ΚΑΙ..
3009 3897 3346 3955 JANUARII.

2806 3995 2897 4067 (27
2952 3993 3104 4065 Dec.)

2240 4089 2271 4131 ιι
2299 4087 2506 4151 Natalis
2529 4085 2703 4144 sancti
2750 4085 2975 4142 Joannis
3022 4083 3246 4154 apostoli
3299 4091 3358 4138 et
3383 4080 3766 4153 evangelista,

2171 4181 2352 4238 dilecti
2407 4179 2641 4244 Domini,
2685 4176 2778 4248 qui
2811 4176 2945 4232 obiit
2996 4189 3141 4230 anno
3189 4173 3258 4230 68
3302 4181 3426 4243 post
3477 4175 3768 4229 ascensio-

2170 4289 2296 4329 nem
2335 4271 2568 4338 Dominl,
2595 4269 2771 4326 aetatis
2816 4277 2996 4324 autem
3025 4280 3136 4321 suae
3187 4264 3536 4336 nonagesimo
3580 4279 3768 4332 nono,

2169 4363 2385 4436 Ephesi.
2605 4431 2610 4437 .

2241 4457 2446 4520 Romm,
2473 4453 2647 4508 sancti
2675 4449 2915 4522 Dionysii
2942 4461 3116 4520 papa,
3145 4446 3239 4518 qui
3276 4444 3418 4502 sedit
3456 4444 3513 4501 in
3539 4446 3768 4514 episco-

2171 4554 2298 4619 patu
2339 4559 2509 4600 annos
2557 4557 2672 4608 sex,
2709 4539 2949 4611 sepultus
2996 4539 3082 4592 via
3128 4535 3303 4608 Appia
3342 4535 3400 4590 in
3435 4537 3774 4591 cremeterio

2168 4637 2384 4694 Calixti.
2413 4634 2514 4691 Hic
2539 4632 2797 4690 ecclesias
2822 4627 3153 4701 presbyteris
3181 4626 3350 4694 dedit,
3375 4635 3431 4682 et
3454 4625 3767 4698 parochias

2169 4727 2422 4786 ditecesis
2445 4725 2594 4782 dedit
2613 4732 2778 4792 atque
2803 4720 3099 4777 constituit.

2591 4816 2655 4874 E.
2713 4813 2754 4871 V
2788 4812 2949 4870 ΚΑΙ..
2985 4806 3319 4868 JANUARII.

2820 4904 2912 4976 (as
2940 4900 3093 4972 Dec.)

2240 5003 2484 5076 (Euseb.,
2520 5001 2612 5055 lib.
2644 5015 2687 5065 ι,
2713 5013 2763 5054 c.
2794 4996 2872 5066 8).
2903 4994 3200 5058 Bethleem,
3229 4988 3412 5047 natale
3437 4995 3774 5045 sanctorum

2167 5094 2547 5157 lnnocentum;
2573 5103 2709 5160 quos
2737 5085 2997 5149 Herodes,
3024 5095 3148 5137 cum
3178 5079 3382 5136 Christi
3408 5077 3767 5132 nativitatem

2170 5187 2446 5258 Magorum
2507 5180 2705 5236 indicio
2772 5174 3148 5248 cognovisset,
3213 5169 3496 5241 trigesimo
3560 5168 3772 5235 quinto

2170 5293 2311 5335 anno
2354 5275 2504 5348 regni
2528 5273 2610 5330 sui
2637 5268 2870 5327 interfici
2891 5266 3058 5338 jussit
3085 5263 3303 5336 (Matth.
3348 5261 3412 5331 ιι)
3443 5275 3457 5311 :
3486 5259 3576 5328 qui
3607 5272 3770 5348 anno

2167 5345 2444 5442 trigesimo
2470 5371 2626 5421 sexto
2669 5360 2858 5416 morbo
2885 5354 3170 5414 intercutis
3209 5365 3382 5424 aquae,
3419 5355 3477 5404 et
3496 5345 3770 5442 scatenti-

2167 5436 2270 5517 bus
2303 5466 2418 5514 toto
2451 5467 2679 5526 corpore
2717 5449 3014 5514 vermibus,
3054 5441 3440 5502 miserabiliter
3485 5446 3540 5494 et
3586 5436 3772 5506 digne

2169 5550 2418 5618 moritur.

2238 5687 2266 5726 ι)
2298 5684 2430 5741 Vide
2461 5682 2590 5739 ibid.
