3962 6366
210 401 326 459 205
904 401 1085 447 MAtt’t
1110 401 1372 446 lﬂULUU

647 502 710 558 F.
749 499 814 558 iV
847 499 1002 556 KAL.
1039 497 1372 556 JANUARII.

873 593 968 664 (29
1004 591 1156 662 Dec.)

282 684 315 713 ι
351 668 521 728 David
561 664 724 738 regis.

286 765 426 820 Item
447 759 589 832 apud
608 756 904 822 Arelatem,
934 755 1130 810 natalis
1151 753 1325 810 sancti
1349 751 1649 824 Trophimi,
1675 753 1810 824 epis»

209 857 338 926 copi
352 863 408 910 et
421 845 1021 918 confessoris,discipuli
1034 845 1397 916 apostolorum
1409 844 1552 900 Petri
1569 854 1622 900 et
1633 843 1806 899 Pauli.

291 945 494 1000 Eodem
520 941 628 1006 die,
649 940 821 996 sancti
842 937 1176 1002 Crescentis,
1203 936 1428 1007 apostoli
1459 937 1612 992 Pauli
1641 937 1804 993 disci-

217 1037 357 1110 puli,
375 1034 693 1092 Viennensis
713 1031 970 1088 Ecclesiae
992 1031 1153 1102 primi
1171 1030 1413 1086 doctoris
1434 1028 1521 1102 (Il
1546 1029 1680 1084 Tim.
1709 1031 1805 1102 tv).

657 1144 723 1202 G.
754 1144 821 1200 111
857 1144 1015 1200 KAL.
1057 1143 1394 1201 JANUARII.

870 1235 963 1306 (so
1007 1234 1157 1306 Dec.)

295 1329 453 1400 Apud
482 1326 781 1398 Spoletum,
823 1325 1002 1397 passio
1055 1326 1114 1381 S.
1154 1324 1341 1382 Sabini
1384 1326 1641 1396 episcopi,
1677 1325 1812 1380 Exu-

218 1419 459 1492 perantii
483 1429 537 1474 et
561 1415 798 1472 Marcelli
835 1417 1217 1483 diaconorum,
1261 1424 1315 1471 et
1344 1415 1658 1471 Venustiani
1688 1431 1812 1470 cum

221 1524 398 1565 uxore
417 1518 473 1563 et
502 1507 650 1573 filiis,
695 1506 798 1561 sub
824 1506 1155 1562 Maximiano
1193 1505 1455 1578 Augusto.
1487 1505 1588 1573 Qui
1619 1507 1810 1562 beatus

225 1601 466 1658 Sabinus
500 1615 624 1655 cum
654 1607 800 1655 esset
820 1598 1000 1655 clarus
1022 1599 1075 1654 in
1099 1598 1354 1654 omnibus
1383 1599 1582 1654 divinis
1611 1599 1814 1654 instru-

224 1693 518 1756 ctionibus,
545 1699 601 1747 et
641 1705 894 1746 sermone
928 1689 1429 1760 eloquentissimus,
1461 1698 1644 1746 tentus
1673 1698 1755 1745 est
1781 1705 1811 1744 a

232 1783 459 1855 praeside
487 1781 696 1837 Tuscia:
727 1780 1080 1846 Venustiano,
1104 1796 1228 1836 cum
1263 1781 1474 1836 duobus
1497 1781 1811 1836 diaconibus

904 387 1504 447 MARTYROLOGIUM
1541 387 1685 444 CUM
1725 387 2257 446 ADDITAMENTIS.
2315 419 2369 430 --
2404 385 2608 444 MENS.
2648 387 2796 443 JAN.

3339 357 3345 364 ’
3369 387 3476 442 206

1827 505 1873 561 Α
1903 515 2026 556 cum
2078 499 2223 566 ﬂetu,
2273 514 2516 570 uxorque
2551 503 2668 570 ejus
2707 509 2763 554 et
2798 498 2911 564 lilii,
2953 510 3175 571 agentes
3217 503 3486 570 perniten-

1910 591 2062 656 tiam,
2086 599 2141 646 et
2168 599 2418 661 rogantes
2445 605 2502 647 se
2521 590 2806 660 baptizari.
2841 589 2960 644 Mox
2981 590 3300 668 baptizatus“,
3330 602 3391 647 ut
3413 595 3479 648 de

1908 681 2062 751 pelve
2084 681 2289 737 levatus
2320 689 2425 747 est,
2465 680 2670 736 nullum
2711 680 2952 736 dolorem
2974 679 3251 735 oculorum
3289 681 3479 737 sensit.

1910 769 2023 826 Hoc
2049 770 2350 826 nuntiatum
2393 779 2478 827 est
2530 770 2872 832 Maximiano,
2919 770 3009 840 qui
3049 771 3216 826 iratus
3244 773 3489 842 praecipit

1910 867 2172 924 Sabinum
2218 866 2484 932 damnari,
2526 874 2582 922 et
2629 866 2804 937 ipsum
2863 866 3251 921 Venustianutn
3302 870 3481 937 capite

1912 959 2178 1014 truncari.
2217 958 2454 1014 Veniens
2497 966 2676 1012 autem
2704 956 2903 1012 Lucius
2948 957 3216 1022 tribunus,
3250 957 3370 1013 sine
3395 974 3496 1014 au-

1913 1050 2116 1106 ditione
2143 1049 2360 1106 beatum
2400 1048 2789 1104 Vennstianum
2814 1065 2937 1105 cum
2970 1066 3138 1106 uxore
3161 1061 3216 1105 et
3241 1050 3364 1106 ﬁliis
3395 1067 3490 1106 ne-

1909 1144 2056 1200 cavit
2087 1142 2140 1198 in
2162 1142 2381 1197 civitate
2405 1141 2704 1197 Assisinate
2729 1160 2741 1196 :
2789 1151 3037 1196 sanctum
3067 1158 3196 1198 vero
3232 1138 3493 1198 sabinum

1912 1233 2135 1288 adduxit
2182 1233 2234 1288 in
2256 1233 2531 1288 civitatem
2578 1230 2871 1302 Spoletum,
2921 1240 2974 1286 et
3013 1233 3199 1287 tandiu
3241 1233 3499 1302 puneepit

1910 1323 2063 1387 caedi,
2103 1338 2384 1394 quousque
2415 1321 2691 1379 deficeret.
2731 1321 2895 1392 Cujus
2922 1338 3119 1392 corpus
3159 1322 3374 1394 collegit
3405 1339 3493 1377 ve-

1914 1416 2171 1472 nerabilis
2215 1415 2444 1481 Serena,
2475 1431 2595 1487 quae
2620 1417 2732 1488 jam
2763 1431 2956 1472 manus
3003 1413 3120 1485 ejus
3166 1417 3220 1471 in
3253 1415 3396 1473 dolio
3415 1418 3495 1472 vi.

1914 1515 2030 1562 treo
2070 1522 2193 1562 cum
2241 1506 2571 1563 aromatibus
2616 1507 2956 1572 condiderat,
2996 1517 3052 1562 et
3095 1507 3235 1562 infra
3273 1509 3494 1561 domum

1915 1613 2067 1654 suam
2091 1608 2367 1668 posuerat,
2402 1607 2458 1654 et
2482 1597 2729 1668 sepelivit
2756 1613 2878 1670 eum
2913 1614 2943 1652 a
2987 1598 3202 1653 civitate
3247 1597 3496 1667 Spoleta-

1914 1707 1985 1746 na
2025 1691 2280 1746 milliario
2315 1691 2434 1762 plus
2460 1692 2637 1746 minus
2659 1705 2786 1754 uno,
2829 1691 2929 1746 sub
2970 1689 3059 1746 die
3100 1689 3330 1760 septimo
3374 1689 3499 1743 ldus

1918 1783 2250 1838 Decembris.
2277 1781 2566 1838 Festivitas
2602 1790 2782 1839 tamen
2820 1781 2937 1852 ejus
2962 1791 3018 1837 et
3057 1797 3219 1851 supra
3255 1782 3500 1836 nomina~

230 1852 599 1946 Kxnperantio
625 1882 684 1930 et
705 1873 975 1940 Marcello,
1005 1882 1059 1928 et
1087 1874 1272 1930 multis
1298 1874 1534 1930 clericis.
1566 1874 1662 1930 Cui
1703 1874 1780 1930 Ve
1843 1852 1888 1911 Β
1918 1883 2098 1931 torum
2129 1883 2424 1946 martyrum
2453 1874 2613 1929 tertio
2643 1873 2914 1930 Kalendas
2953 1871 3196 1928 Januarii
3227 1875 3423 1944 agitur.

225 1968 514 2024 nustianus
540 1967 697 2021 deum
726 1979 882 2020 suum
903 1964 1108 2028 Jovem,
1149 1980 1311 2036 quem
1338 1965 1568 2021 habebat
1591 1967 1644 2020 in
1671 1967 1811 2022 cubi-

227 2056 374 2121 culo,
407 2071 478 2110 ex
524 2054 703 2125 lapide
751 2053 986 2110 Coralite
1028 2055 1166 2110 mire
1214 2055 1506 2110 formatum
1550 2056 1605 2111 in
1650 2058 1811 2112 vesti-

228 2147 428 2200 mentis
473 2145 677 2210 aureis,
724 2145 788 2198 ad
822 2145 1153 2200 adorandum
1198 2146 1412 2201 obtulit.
1467 2146 1639 2214 Quem
1681 2148 1814 2202 hea-

230 2247 319 2292 tus
345 2237 583 2292 Sabinus
609 2237 663 2291 in
706 2237 956 2292 manibus
979 2239 1310 2306 (acceptum,
1357 2237 1499 2294 facta
1546 2241 1811 2306 oratione,

229 2330 488 2386 continuo
519 2329 670 2384 illisit
698 2329 752 2384 in
801 2329 1196 2398 pavimentum,
1239 2337 1292 2386 et
1319 2330 1606 2400 confregit.
1660 2332 1815 2400 Quod

232 2419 440 2475 factum
499 2420 688 2474 videns
747 2419 1144 2486 Venustianus,
1219 2436 1344 2476 cum
1421 2419 1606 2478 furore
1657 2423 1818 2494 jussit

237 2519 302 2565 ut
328 2510 757 2580 prmciderentur
807 2511 856 2565 ei
909 2525 1125 2576 manus,
1174 2518 1228 2566 et
1271 2511 1324 2564 in
1366 2520 1657 2582 conspectu
1702 2513 1817 2583 ejus

228 2601 554 2656 'Marcellum
592 2610 646 2658 et
672 2601 1100 2673 Exuperantium
1149 2602 1378 2672 equuleo
1426 2603 1716 2672 suspendi,
1755 2619 1819 2660 ac

243 2692 478 2747 fustibus
529 2693 830 2758 macerari,
887 2693 1263 2763 unguibusque
1327 2693 1440 2748 radi
1496 2693 1664 2748 latera
1728 2710 1820 2750 eo-

241 2798 388 2848 rum,
437 2791 489 2837 et
554 2783 728 2852 ignem
783 2783 1030 2853 supponi.
1090 2783 1203 2838 lloc
1271 2783 1432 2849 facto,
1501 2784 1556 2838 in
1606 2784 1820 2839 confes-

237 2875 397 2932 sione
430 2874 640 2928 Domini
663 2874 912 2943 spiritum
939 2875 1256 2930 emiserunt.
1303 2874 1545 2942 Quorum
1589 2891 1818 2946 corpora

238 2967 500 3039 praecepit
539 2967 735 3037 jactari
791 2966 846 3021 in
895 2965 1150 3031 ﬂuvium,
1203 2965 1464 3022 Sabinum
1522 2981 1652 3023 vero
1709 2968 1822 3038 epi-

235 3073 465 3129 scopum
521 3058 575 3113 in
625 3073 897 3115 carcerem
956 3059 1184 3114 retrudi.
1249 3059 1491 3115 Audiens
1541 3061 1645 3115 hoc
1702 3062 1822 3132 qui-

241 3148 368 3206 dam
395 3148 657 3218 piscator,
690 3158 744 3204 et
768 3149 1066 3222 presbyter,
1104 3150 1319 3221 collegit
1352 3166 1580 3220 corpora
1603 3161 1820 3210 sancto-

239 3254 389 3305 rum,
421 3247 476 3294 et
503 3239 746 3310 sepelivit
781 3239 932 3308 juxta
954 3241 1094 3295 viam
1132 3241 1305 3311 pridie
1347 3240 1570 3296 Kalend.
1602 3241 1826 3301 Januar.

239 3330 449 3388 Serena
493 3345 644 3398 vero,
677 3332 1136 3388 Christianissima
1177 3333 1370 3397 vidua,
1405 3348 1589 3388 curam
1625 3317 1830 3393 habens

241 3421 421 3479 sancti
443 3420 628 3478 Sabini
652 3423 1176 3493 episcopi,-adduxit
1219 3424 1284 3477 ad
1318 3439 1441 3478 eum
1471 3425 1523 3478 in
1552 3440 1830 3481 carcerem

242 3523 498 3584 nepotem
547 3530 704 3569 suum
746 3514 1106 3580 Priscianum,
1147 3515 1238 3586 qui
1282 3524 1402 3570 erat
1437 3529 1632 3571 caecus.
1679 3516 1831 3572 Tunc

241 3613 469 3660 sanctus
493 3603 727 3661 Sabinus
756 3616 974 3662 truncos
999 3623 1126 3663 suos
1151 3623 1313 3679 super
1331 3607 1518 3663 oculos
1544 3608 1712 3678 ipsius
1736 3624 1832 3680 po-

247 3697 382 3762 suit,
411 3704 466 3752 et
501 3697 554 3753 in
588 3697 692 3754 fide
719 3697 919 3754 Christi
950 3701 1194 3755 oratione
1216 3699 1382 3765 facta,
1415 3715 1536 3755 eum
1565 3699 1832 3754 illumina-

250 3785 352 3839 vit.
411 3783 664 3842 Videntes
718 3795 895 3842 autem
950 3788 1064 3854 illi,
1106 3789 1199 3859 qui
1243 3789 1296 3844 in
1352 3789 1594 3844 custodia
1639 3797 1829 3856 erant,

247 3872 517 3931 miserunt
545 3891 605 3931 se
631 3876 699 3930 ad
728 3877 894 3945 pedes
920 3876 1058 3947 ejus,
1091 3887 1144 3932 et
1167 3877 1424 3948 baptizati
1471 3885 1599 3934 sunt
1640 3893 1706 3934 eo
1744 3879 1832 3935 die

245 3980 476 4021 numero
509 3967 780 4022 undecim.
826 3966 981 4034 Quod
1020 3985 1143 4023 cum
1187 3969 1494 4024 nuntiatum
1539 3983 1684 4026 esset
1729 3968 1831 4026 Ve-

244 4054 503 4110 nustiano
543 4056 756 4124 praesidi
792 4055 1154 4127 (indoluerant
1182 4059 1326 4114 enim
1367 4057 1417 4112 ei
1442 4059 1608 4125 oculi,
1636 4068 1692 4115 et
1720 4075 1832 4129 pra:

245 4145 438 4200 dolore
460 4161 631 4216 neque
659 4147 836 4202 cibum
874 4162 1050 4220 neque
1079 4163 1326 4204 somnum
1353 4164 1548 4220 capere
1572 4153 1829 4222 poterat),

243 4235 403 4293 misit
420 4251 642 4294 uxorem
660 4255 831 4306 suam,
853 4247 908 4296 et
934 4241 1070 4297 duos
1086 4239 1224 4297 filios
1245 4256 1392 4309 suos,
1424 4249 1482 4297 ut
1503 4242 1834 4298 adducerent

244 4326 470 4383 beatum
495 4327 753 4386 Sabinum
781 4331 848 4387 ad
873 4331 1088 4387 domum
1114 4330 1230 4401 ejus
1252 4331 1319 4387 de
1365 4313 1602 4388 carcere.
1645 4331 1830 4388 Addu-

245 4425 344 4473 cto
379 4419 583 4490 itaque,
624 4423 918 4493 prostravit
940 4439 1002 4482 se
1041 4425 1108 4480 ad
1136 4424 1301 4496 pedes
1326 4425 1444 4498 ejus
1469 4424 1831 4484 Venustianus

324 4559 355 4590 ι
389 4547 522 4607 Vide
549 4551 681 4609 ibid.

1854 4557 1907 4616 1)

2269 1965 2336 2017 Α.
2372 1961 2598 2018 PRlDlE
2627 1962 2784 2018 KAL.
2806 1961 3142 2019 JANUABII.

2579 2058 2662 2128 (δι
2689 2056 2840 2128 Dec.)

1986 2141 2238 2218 (Pontiﬁ,
2263 2162 2380 2216 cap.
2413 2147 2826 2216 34.)—Rom:e,
2851 2146 3032 2202 natale
3059 2148 3232 2202 sancti
3249 2146 3501 2205 Silvestrl

1915 2237 2150 2308 episcopi
2179 2246 2234 2292 et
2261 2236 2609 2303 confessoris,
2633 2236 2722 2307 qui
2751 2246 2871 2308 post
2900 2238 3116 2292 beatum
3146 2237 3365 2293 Petrum
3397 2241 3496 2295 tri.

1916 2329 2148 2384 cesimus
2174 2337 2400 2398 quartus
2431 2328 2570 2383 sedit
2596 2343 2767 2383 annos
2789 2328 2976 2399 viginti
3005 2337 3136 2394 tres,
3165 2344 3383 2385 menses
3406 2330 3497 2386 deo

1916 2433 2055 2484 cem,
2093 2420 2208 2475 dies
2231 2420 2502 2475 undecim.
2530 2419 2695 2488 Cujus
2716 2420 2983 2476 industria
3015 2422 3252 2492 synodus
3274 2422 3501 2493 praecla-

1879 2512 2133 2567 ‘rissima
2161 2518 2274 2566 toto
2297 2512 2430 2567 orbe
2469 2519 2770 2576 terrarum,
2815 2521 3179 2567 trecentorum
3226 2511 3414 2567 decem
3451 2517 3507 2568 et

1917 2611 2041 2658 octo
2058 2602 2300 2666 Patrum,
2322 2601 2461 2671 apud
2489 2600 2722 2656 Nicaeam
2751 2603 2937 2657 urbem
2966 2602 3231 2673 Bithynis:
3262 2603 3505 2658 celebra-

1922 2700 2030 2758 tur,
2078 2691 2179 2746 sub
2221 2690 2505 2745 consulatu
2549 2690 2888 2746 Constantini
2922 2693 3172 2764 Augusti,
3202 2702 3258 2747 et
3287 2693 3503 2757 Licinii,

1921 2795 2018 2834 rut
2056 2779 2327 2835 Kalendas
2367 2777 2494 2833 Julii
2527 2796 2542 2846 ;
2580 2790 2817 2837 attamen
2870 2779 2992 2836 Julii
3060 2797 3212 2852 papae
3265 2791 3508 2854 tempore

1921 2876 2348 2925 consummatur.
2383 2867 2537 2924 Fecit
2565 2878 2743 2926 autem
2773 2871 3143 2927 ordinationes
3184 2886 3282 2928 sex
3319 2886 3508 2928 mense

1923 2961 2249 3028 Decembri,
2289 2961 2638 3032 presbyteros
2663 2963 3018 3034 quadraginta
3065 2964 3221 3029 duos,
3253 2963 3511 3019 diaconos

1922 3053 2117 3124 viginti
2147 3052 2409 3124 quinque,
2438 3055 2722 3125 episcopos
2743 3069 2840 3125 per
2869 3055 3085 3110 diversa
3115 3055 3231 3111 loca
3265 3057 3511 3126 sexagin-

1932 3155 1987 3202 ta
2016 3147 2272 3217 quinque.
2301 3145 2455 3201 Sedit
2475 3155 2654 3201 autem
2677 3161 2746 3202 ex
2771 3147 2858 3203 die
2884 3147 3252 3203 Kalendarum
3275 3148 3513 3203 Februa-

1937 3239 2140 3294 riarum
2170 3252 2344 3308 usque
2371 3238 2426 3292 in
2448 3238 2590 3293 diem
2617 3238 2979 3294 Kalendarum
2999 3237 3398 3296 Ianuariarum.
3418 3239 3514 3297 Se-

1931 3327 2114 3399 pultus
2141 3336 2227 3382 est
2253 3328 2305 3382 in
2329 3328 2642 3383 cmmeterio
2666 3328 2928 3386 Priscillae
2950 3329 3037 3385 via
3062 3329 3292 3398 Salaria,
3319 3331 3514 3387 millia-

1934 3420 2016 3475 rio
2059 3419 2219 3474 tertio
2256 3420 2325 3474 ab
2350 3419 2485 3474 urbe
2523 3419 2716 3487 Roma,
2742 3423 2916 3491 pridie
2944 3422 3216 3479 Kalendas
3236 3423 3513 3480 Januarii:

1932 3518 1987 3566 et
2014 3509 2245 3564 cessavit
2266 3509 2608 3580 episcopatus
2630 3509 2746 3579 ejus
2771 3512 2886 3568 dies
2907 3513 3235 3582 quindecim.
3260 3513 3360 3569 llic
3380 3528 3514 3570 con-

1932 3598 2108 3654 stituit
2133 3597 2369 3652 chrisma
2405 3600 2472 3652 ab
2500 3600 2755 3670 episeopo
2787 3601 2998 3668 confici,
3027 3611 3082 3656 et
3106 3611 3166 3656 ut
3182 3603 3515 3672 baptizatum

1932 3688 2086 3744 liniat
2101 3686 2412 3758 presbyter:
2429 3696 2484 3743 et
2498 3697 2557 3743 ut
2572 3689 2750 3745 nullus
2772 3690 2942 3746 laicus
2955 3692 3165 3748 crimen
3185 3694 3384 3748 audeat
3404 3693 3516 3749 cle-

1934 3778 2049 3836 rico
2070 3779 2272 3836 inferre
2295 3797 2309 3834 :
2335 3789 2389 3836 et
2413 3780 2787 3839 dalmaticisin
2811 3783 3044 3840 ecclesia
3061 3785 3160 3850 uti,
3187 3793 3244 3840 et
3273 3795 3331 3841 ut
3349 3785 3516 3857 pallio

1891 3913 1894 3918 .
1934 3869 2210 3928 linostimo
2231 3873 2358 3930 larva
2382 3889 2568 3932 eorum
2590 3881 2879 3943 tegeretur,
2908 3874 3117 3930 scilicet
3136 3875 3510 3931 diaconorum.

2003 3963 2158 4036 Apud
2185 3963 2450 4032 Senonas,
2482 3975 2684 4022 sancta:
2709 3963 2982 4020 Columbae
3009 3965 3256 4037 virginis,
3283 3981 3401 4037 quae
3423 3982 3515 4022 su-

1933 4066 2122 4127 perato
2143 4057 2250 4128 igni
2276 4057 2454 4130 gladio
2478 4071 2617 4114 ansa
2643 4066 2747 4114 est.

2003 4149 2137 4205 ltem
2159 4151 2300 4220 apud
2325 4148 2587 4215 Senonas,
2615 4149 2796 4204 natale
2831 4149 3110 4207 beatorum
3150 4149 3428 4206 Sabiniani
3457 4161 3516 4209 et

1933 4243 2258 4309 Potentiani,
2294 4243 2385 4312 qui
2421 4259 2450 4298 a
2487 4243 2660 4300 beatis
2701 4243 2960 4313 apostolis
3008 4243 3075 4298 ad
3111 4243 3509 4315 praedicandum

1933 4331 2144 4398 directi,
2173 4330 2452 4401 praefatam
2482 4333 2667 4388 urbem
2694 4333 2940 4404 martyrii
2969 4331 3048 4388 sui
3081 4332 3423 4389 confessione
3447 4333 3510 4388 il-

1932 4424 2156 4480 lustrem
2185 4422 2447 4480 fecerunt.

282 4675 3486 4714 _._________._______________________________________

1472 4814 1498 4844 ι
1538 4801 1838 4859 ιιτΑΝιιΕ
1876 4803 2264 4860 ΙΝΒΙΟΕΝΒᾹΞ
2276 4845 2289 4858 .

1381 4964 1758 5044 MENSIS
1829 4967 2395 5048 JANUARIUS

1281 5161 1491 5204 ΗΔΒΕΤ
1528 5159 1666 5206 DIES
1711 5160 1888 5218 XXXI,
1927 5163 2092 5206 LUNA
2137 5166 2302 5210 νειιο
2342 5169 2504 5209 XXX.

739 5408 796 5466 Β.
830 5408 985 5468 ΚΑΙ».
1015 5411 1352 5472 JANUARll.

333 5496 546 5553 Octava:
572 5496 809 5556 Domini.

332 5639 359 5670 ι
390 5625 616 5710 Literna:
671 5632 981 5710 indicanda
1035 5634 1156 5710 [loc
1189 5635 1417 5710 singulis
1475 5637 1752 5698 mensibus
1780 5643 1832 5698 in

242 5711 393 5780 mss.
440 5698 612 5755 tribus
640 5704 1003 5780 praemittitur.
1037 5705 1191 5780 unde
1239 5698 1465 5780 apparet
1505 5710 1632 5766 olim
1680 5713 1835 5770 initio

251 5773 524 5839 cujusque
563 5773 764 5829 mensis
809 5773 1049 5832 Litanias
1079 5773 1324 5836 indicta's'
1339 5778 1504 5838 fuisse
1531 5797 1544 5834 :
1575 5782 1670 5838 sed
1717 5799 1835 5854 qua!

2008 5418 2214 5488 Romae,
2267 5422 2460 5478 natalis
2486 5424 2660 5480 sancti
2687 5424 2952 5483 Almachii
2988 5432 3273 5501 martyris:
3311 5433 3404 5504 qui
3426 5435 3513 5506 ju-

1935 5513 2097 5568 bente
2117 5513 2328 5586 Alippto
2353 5513 2512 5570 Drbis
2533 5515 2808 5587 praefecto,
2829 5534 2950 5577 cum
2975 5521 3198 5589 diceret,
3228 5521 3398 5583 Hodie
3418 5541 3504 5585 oc-

1938 5643 2042 5699 illa:
2064 5654 2118 5719 et
2139 5661 2247 5715 quo
2271 5646 2357 5703 die
2381 5648 2686 5717 celebrata},
2709 5668 2814 5708 non
2843 5653 3015 5710 habeo
3055 5654 3339 5714 afﬁrmare.
3367 5661 3512 5719 Prae-

1941 5722 2026 5796 ter
2062 5715 2197 5770 duas
2219 5731 2333 5796 _per
2383 5715 2880 5796 totamchdesiam
2915 5725 3338 5786 solemnissimas
3365 5715 3510 5789 Lit-aio

1939 5789 2370 5854 nias;majorem
2429 5789 2691 5846 videlicet.
2723 5802 2939 5848 auctore
2967 5796 3172 5868 Magno,
3209 5811 3264 5855 ut
3318 5803 3506 5868 fertur,
