3962 6366
543 329 646 386 207

1533 336 1591 392 S.
1627 335 1881 393 ADONIS
1916 337 2347 399 ARCIIII‘IPISC.
2399 346 2806 406 VIENNENSIS

3681 372 3772 431 208

545 451 678 498 lava:
707 442 972 499 Dominiei
998 445 1102 500 diei
1134 457 1282 512 sunt,
1334 457 1540 502 ccsSate
1586 465 1616 503 a
1648 451 2125 520 superstitionibus
2154 475 2198 526 Α
2232 460 2412 530 templi
2443 465 2670 529 exussit,
2699 476 2754 520 et
2780 468 3175 526 multitudinem
3209 475 3389 544 populi
3419 480 3626 536 occulit.
3651 483 3777 544 Tunc

540 530 803 588 idolorum
841 543 897 588 et
928 535 1212 592 sacrificiis
1240 537 1484 606 pollutis;
1527 555 1554 592 a
1595 538 1982 610 gladiatoribus
2020 545 2120 602 hac

537 621 604 678 de
621 639 785 681 causa
811 627 1024 682 occisus
1047 637 1146 684 est.

605 715 741 773 item
766 715 974 785 Romae,
1013 720 1190 774 natale
1231 720 1287 776 S.
1325 722 1566 780 Martinae
1588 724 1812 798 virginis
1839 735 1894 784 et
1919 739 2120 800 marty—

535 809 646 866 ris:
671 825 792 882 quae
815 827 938 867 cum
961 824 1104 868 esset
1141 813 1388 870 sublimis
1413 831 1630 887 genere,
1661 826 1717 873 et
1743 828 1895 888 patre
1920 836 2116 877 consu-

531 905 582 959 le
624 913 773 972 nata,
801 905 950 961 dives
982 906 1143 960 nimis
1173 921 1377 973 rerum,
1417 924 1554 979 quas
1579 910 2002 969 misericorditer
2031 913 2116 969 in-

535 997 847 1069 digentibus
871 998 1149 1068 erogabat,
1179 1007 1321 1056 tenta
1347 999 1414 1054 ab
1441 1001 1747 1058 Alexandro
1770 989 2113 1075 imperatore,

522 1089 673 1160 jussa
701 1097 784 1144 est
816 1087 1124 1144 sacriﬁcare
1159 1089 1412 1161 Apollini.
1444 1090 1550 1147 Sed
1576 1109 1699 1150 mox
1733 1104 1791 1150 ut
1813 1096 2114 1154 orationem

525 1179 665 1234 fudit
694 1179 848 1234 beata
877 1179 1044 1251 virgo,
1081 1190 1238 1236 terra:
1263 1192 1441 1238 motus
1464 1181 1641 1240 factus
1669 1193 1754 1241 est
1783 1202 2030 1258 magnus,
2057 1197 2116 1244 ut

523 1268 717 1324 civitas
741 1276 1144 1324 concuteretur.
1174 1272 1250 1326 Ac
1277 1273 1355 1328 sic
1381 1289 1506 1344 pars
1539 1276 1722 1346 templi
1756 1277 1926 1347 ipsius
1953 1279 2114 1351 Apol-

523 1360 649 1415 linis
671 1359 942 1417 destructa
966 1372 1070 1428 est,
1092 1363 1437 1420 simulacrum
1461 1369 1870 1437 comminutum,
1900 1381 1956 1426 et
1977 1373 2114 1428 mul-

522 1449 698 1504 titudo
733 1465 924 1522 magna
953 1467 1075 1506 cum
1107 1455 1479 1510 sacerdotibus
1500 1455 1611 1512 fani
1636 1472 1910 1528 oppressa.
1938 1460 2112 1518 Iratus

521 1542 676 1597 valzle
705 1543 1007 1601 Alexander
1038 1546 1355 1616 imperator,
1381 1548 1544 1618 jussit
1569 1549 1740 1622 alapis
1767 1550 1960 1608 faciem
1995 1555 2110 1624 ejus

521 1635 679 1701 medi,
703 1645 759 1690 et
783 1636 994 1691 uncinis
1029 1638 1314 1708 palpebras
1353 1637 1471 1709 ejus
1502 1641 1784 1713 disrumpi.
1816 1643 2109 1700 Carnifices

521 1735 702 1780 autem
730 1727 821 1796 qui
845 1727 911 1781 ad
943 1729 1258 1784 caedendum
1287 1747 1406 1786 eam
1434 1732 1672 1802 deputati
1703 1736 1940 1802 fuerant,
1970 1736 2105 1792 deli-

2225 551 2504 618 perculsus
2547 563 2752 610 terrore
2798 557 3110 628 imperator,
3165 563 3384 619 tradidit
3431 583 3547 622 eam
3591 573 3774 632 cuidam

2222 639 2432 698 Justino
2479 644 2754 714 pnefecto,
2807 659 2868 704 ut
2919 647 3220 722 impelleret
3259 671 3378 712 eam
3413 660 3481 714 ad
3503 666 3776 725 sacriﬁcan-

2223 732 2368 788 dum.
2399 733 2502 802 Qui
2525 752 2647 792 mox
2674 741 2891 796 extendi
2919 758 3037 797 eam
3054 744 3218 814 jussit
3241 746 3293 800 in
3315 758 3493 816 conto,
3521 762 3575 808 ct
3596 759 3774 824 spathis

2221 823 2460 879 membra
2484 823 2602 894 ejus
2640 828 2822 896 incidi,
2855 840 2910 887 et
2940 833 3083 888 circa
3107 837 3375 894 mamillae
3402 843 3610 911 ungulis
3625 823 3774 904 attre-

2220 913 2376 978 ctari,
2436 931 2604 986 usque
2640 920 2766 974 dum
2810 933 3026 980 centum
3064 935 3118 982 et
3157 931 3455 986 octodecim
3517 935 3772 996 incisiones

2219 1005 2286 1058 ab
2311 1007 2522 1062 uncinis
2550 1009 2758 1066 ﬁerent.
2794 1012 2898 1069 Sed
2925 1031 3043 1070 cum
3073 1019 3246 1076 adhuc
3277 1031 3335 1076 ut
3368 1024 3454 1078 ille
3484 1024 3772 1094 speraverat

2217 1111 2323 1150 non
2354 1100 2702 1168 exspirasset,
2737 1104 2976 1175 deposita
3006 1108 3074 1164 de
3105 1120 3266 1166 conto
3311 1116 3567 1184 recipitur
3599 1119 3646 1174 in
3673 1139 3770 1177 car-

2215 1185 2550 1253 cerem.Quae
2569 1197 2622 1243 et
2649 1191 2839 1246 iterum
2867 1194 2917 1248 in
2932 1197 3385 1265 amphitheatrum
3402 1219 3430 1257 a
3446 1203 3646 1262 Justiuo
3665 1225 3768 1278 ptas

2217 1270 2358 1328 fecto
2379 1287 2699 1344 prmsentata
2727 1280 3059 1352 imperatori,
3078 1286 3203 1344 feris
3225 1299 3309 1345 est
3329 1292 3549 1360 injecta.
3580 1270 3677 1354 Sed
3704 1301 3768 1355 leo

2215 1365 2636 1426 iuunanissimus
2665 1372 2730 1427 de
2755 1389 2919 1430 cavea
2965 1376 3196 1446 laxatus,
3244 1384 3504 1452 rugiendo
3537 1404 3690 1458 usque
3713 1393 3765 1446 ad

2212 1457 2376 1526 pedes
2403 1470 2602 1516 sanctae
2634 1466 2886 1536 martyris
2911 1471 3178 1536 pervenit,
3220 1473 3310 1527 ubi
3342 1477 3523 1529 statim
3554 1457 3766 1534 ferocita-

2214 1558 2318 1605 tem
2353 1553 2614 1623 deposuit,
2666 1572 2894 1628 eamque
2939 1562 3083 1617 nullo
3113 1573 3270 1633 pacto
3303 1567 3500 1637 attigit.
3536 1569 3633 1624 Sed
3666 1589 3764 1627 cum

2212 1644 2556 1698 reduceretur
2584 1645 2636 1700 in
2669 1662 2909 1714 caveam,
2964 1652 3282 1709 Eumenium
3329 1657 3659 1726 imperatoris
3694 1679 3765 1717 co-

2209 1744 2428 1805 gnatum
2457 1736 2740 1793 interfecit.
2774 1740 2838 1794 Et
2861 1742 3054 1797 iterum
3082 1755 3294 1815 recepta
3315 1757 3421 1813 est,
3445 1748 3655 1816 jubeute
3682 1755 3761 1807 itn-

520 1818 749 1884 cientes,
777 1820 1019 1874 clamare
1056 1834 1342 1890 coeperunt
1382 1824 1567 1880 videre
1607 1839 1666 1880 se
1707 1835 1939 1895 quatuor
1964 1827 2112 1884 viros
2139 1833 2184 1894 B
2213 1835 2481 1894 peratore,
2515 1828 2567 1880 in
2606 1845 2898 1884 carcerem.
2945 1831 3153 1889 Exinde
3196 1847 3318 1906 post
3356 1838 3494 1894 duos
3526 1841 3632 1895 dies
3665 1859 3761 1897 cum

518 1909 865 1978 splendidos,
923 1911 1014 1980 qui
1063 1926 1183 1965 eam
1229 1913 1623 1980 confortarent,
1673 1915 1882 1985 sibique
1933 1919 2111 1988 potius

515 2015 731 2070 poenam
779 2000 1064 2057 inferrent.
1112 2003 1238 2058 lude
1279 2013 1540 2060 testarum
1589 2005 1907 2079 fragmentis
1947 2025 2106 2076 caesa,

518 2109 643 2148 cum
675 2093 1027 2149 iuvictissima
1061 2095 1329 2161 durasset,
1372 2097 1468 2163 illi,
1511 2099 1707 2169 quibus
1740 2100 1842 2155 hoc
1887 2101 2106 2170 impium

521 2183 757 2242 cilicium
781 2186 1083 2257 delegatum
1106 2186 1303 2254 fuerat,
1333 2189 1548 2245 tandem
1569 2191 1770 2260 pietate
1793 2192 1972 2248 divina
2004 2195 2108 2248 cir-

519 2276 756 2332 cumdati
787 2276 987 2331 lumine
1018 2277 1196 2349 (erant
1222 2280 1364 2334 enim
1394 2281 1558 2350 octo),
1591 2281 1809 2337 crudele
1838 2282 1979 2338 illico
2009 2284 2108 2337 mi-

515 2369 797 2424 nisterium
853 2378 1226 2436 exsecrantes,
1279 2371 1646 2438 crediderunt,
1698 2389 1761 2428 ac
1817 2374 2104 2430 Dominum

514 2473 702 2514 verum
751 2457 1024 2514 Christum
1068 2458 1250 2515 Jesum
1296 2460 1532 2518 confessi
1574 2473 1719 2518 sunt.
1761 2463 1817 2518 ln
1843 2479 1979 2534 quos
2009 2481 2102 2520 ac-

512 2566 711 2608 census
761 2551 914 2606 valde
956 2553 1270 2624 imperator,
1311 2555 1588 2625 suspensis
1627 2555 1757 2612 fecit
1795 2573 1986 2613 carnes
2008 2574 2102 2613 eo-

512 2660 637 2700 rum
653 2644 860 2715 spathis
874 2644 1121 2700 lacerari.
1147 2645 1350 2701 Deinde
1375 2647 1642 2717 capitibus
1661 2648 1974 2718 amputatis,
2000 2663 2101 2704 sae-

462 2793 472 2799 ,
511 2736 619 2794 culi
655 2738 818 2808 hujus
853 2736 1018 2791 vitam
1049 2735 1262 2802 (iniere,
1292 2736 1499 2792 decimo
1525 2738 1752 2808 septimo
1781 2737 1889 2804 die,
1917 2752 2104 2794 mense

509 2827 867 2885 Novembrio:
918 2828 1108 2898 sicque
1149 2827 1328 2884 felicia
1379 2843 1541 2897 regna
1587 2840 1852 2899 martyres
1901 2827 2102 2884 Christi

509 2921 639 2976 facti
689 2921 982 2992 petierunt.
1015 2919 1214 2975 lterum
1261 2919 1403 2975 facta
1441 2920 1670 2975 Martina
1706 2921 1883 2990 pomis
1915 2921 2100 2992 pulsa-

509 3026 634 3069 tur:
664 3029 792 3069 nam
818 3011 1119 3083 exspoliata
1143 3013 1402 3078 vestibus,
1431 3012 1598 3068 incisa
1625 3023 1708 3068 est
1737 3021 1849 3070 toto
1877 3029 2103 3085 corpore

509 3117 576 3158 ac
601 3101 796 3158 deinde
819 3109 1052 3171 quatuor
1076 3099 1215 3172 palis
1235 3108 1492 3166 extensa;
1523 3115 1555 3154 a
1584 3100 1792 3157 duobus
1829 3103 2101 3158 centurio-

2213 1917 2316 1970 iret
2365 1918 2430 1971 ad
2476 1918 2890 1975 sacrificandum
2932 1923 3246 1994 imperator,
3299 1928 3535 1984 exhibita
3570 1942 3757 2003 martyr,

2209 2021 2329 2059 cum
2359 2007 2462 2061 lixa
2493 2009 2544 2062 in
2583 2008 2810 2066 Domino
2847 2024 3108 2078 maneret,
3155 2032 3418 2086 suspensa
3449 2019 3648 2083 iterum,
3677 2039 3755 2075 un-

2208 2097 2346 2166 gulis
2388 2114 2546 2153 rasa:
2597 2101 2841 2170 rasisque
2889 2104 3119 2174 capillis,
3165 2107 3217 2160 in
3267 2109 3466 2177 quibus
3511 2112 3758 2166 credebant

2207 2189 2350 2258 quod
2376 2193 2580 2259 magica
2608 2207 2698 2248 ars
2719 2195 3056 2264 consisteret,
3088 2199 3331 2256 videntes
3364 2217 3485 2257 eam
3521 2203 3756 2276 insupera-

2205 2281 2388 2348 bilcm,
2415 2283 2468 2336 in
2498 2284 2697 2355 templo
2723 2285 2907 2342 Diana:
2937 2289 3107 2346 tribus
3135 2291 3323 2348 diebus
3350 2304 3409 2348 et
3435 2295 3599 2352 tribus
3619 2299 3755 2351 nocti-

2205 2369 2304 2424 bus
2325 2386 2442 2426 eam
2476 2372 2770 2429 includunt.
2803 2375 3043 2448 Cumque
3086 2381 3337 2450 precibus
3374 2384 3489 2438 suis
3520 2385 3571 2440 in
3609 2385 3754 2456 pulrc-

2207 2475 2319 2515 rem
2355 2461 2646 2534 redegisset
2684 2465 3054 2533 simulacrum,
3081 2471 3275 2526 educta
3308 2473 3376 2528 de
3405 2473 3546 2540 fano,
3573 2475 3633 2530 ad
3656 2477 3753 2531 ulti-

2203 2566 2350 2605 mum
2379 2552 2555 2622 gladio
2578 2553 2818 2609 ferienda
2854 2555 2922 2610 ab
2966 2556 3292 2628 imperatore
3336 2561 3642 2617 destinatur.
3667 2563 3751 2618 llu-

2198 2638 2432 2709 jusmodi
2479 2641 2584 2699 ﬁne
2640 2653 2846 2715 martyr
2892 2641 3216 2706 venerabilis
3262 2650 3387 2707 εαξη
3435 2668 3643 2724 regnum
3663 2669 3750 2708 meo

2203 2735 2332 2788 ruit.

2271 2823 2472 2879 Eodem
2505 2824 2592 2880 die
2619 2827 2758 2896 apud
2787 2826 3067 2898 Spoletum
3105 2832 3384 2890 civitatem
3424 2835 3638 2900 Tusci:e,
3674 2853 3740 2890 na-

2202 2911 2324 2968 talis
2352 2915 2524 2969 sancti
2546 2914 2830 2972 Concordii
2869 2918 3122 2992 martyris
3160 2926 3494 2994 temporibus
3529 2927 3746 2982 Antonini

2201 3005 2562 3075 imperatoris.
2604 3006 2700 3065 llic
2741 3020 2893 3066 ortus
2933 3021 3016 3067 est
3051 3013 3254 3080 Romze,
3287 3017 3444 3087 cujus
3473 3027 3616 3087 pater
3641 3017 3746 3072 Gor-

2201 3095 2392 3150 dianus
2421 3097 2722 3164 dicebatur,
2767 3101 3106 3157 sauctissima
3132 3099 3541 3162 conversatione
3561 3107 3744 3178 presby-

511 3194 670 3263 nibus
698 3190 933 3248 fustibus
954 3205 1116 3248 caesa.
1148 3189 1392 3260 Cumque
1439 3190 1492 3245 iu
1532 3189 1870 3246 confessione
1914 3205 2099 3263 perse-
2124 3186 2170 3249 C
2201 3195 2301 3253 ter,
2331 3189 2395 3244 de
2432 3189 2582 3245 titulo
2613 3194 2864 3262 pastoris,
2896 3196 3176 3252 ordinatus
3213 3198 3570 3255 subdiaconus
3598 3217 3624 3253 a
3646 3215 3743 3254 sau-

508 3293 744 3352 veraret,
787 3283 982 3340 mutati
1033 3291 1160 3340 sunt
1207 3283 1300 3353 qui
1348 3299 1446 3354 per
1493 3283 1638 3339 vices
1681 3297 1798 3338 eam
1826 3285 2096 3341 caederent

507 3390 716 3454 septem
765 3380 1128 3437 centuriones.
1182 3377 1288 3435 Sed
1343 3377 1430 3433 illa
1489 3377 1590 3434 sibi
1637 3378 1895 3450 supplicia
1949 3379 2091 3435 illata

505 3473 635 3528 forti
658 3471 842 3527 animo
863 3471 1002 3526 risit.
1026 3469 1155 3526 Inde
1181 3477 1396 3539 recepta
1421 3469 1473 3523 in
1503 3483 1798 3524 carcerem.
1831 3469 1958 3525 lnde
1981 3469 2094 3524 adi-

501 3565 661 3636 pibus
692 3573 748 3620 et
775 3563 1097 3636 pinguedine
1131 3571 1478 3632 superuncta,
1519 3571 1572 3616 ct
1605 3562 1670 3616 ad
1713 3561 2092 3633 imperatorem

503 3655 700 3710 iterum
727 3655 979 3720 adducta,
1001 3661 1056 3709 et
1066 3653 1289 3722 jubente
1312 3669 1376 3708 eo
1397 3653 1450 3708 in
1479 3651 1503 3706 f
1533 3669 1659 3707 num
1684 3652 1904 3709 deorum
1932 3654 2095 3708 intro-

503 3747 689 3802 missa.
720 3745 827 3801 Sed
851 3761 972 3800 mox
1001 3744 1246 3802 oratione
1277 3743 1421 3800 facta
1455 3744 1523 3799 ab
1561 3744 1673 3810 illa,
1697 3744 1836 3815 ignis
1869 3745 1934 3801 de
1955 3746 2093 3802 coelo

503 3837 722 3904 cecidit,
776 3844 833 3894 et
881 3827 1082 3892 idolum
1126 3836 1180 3891 in
1220 3835 1457 3890 favillam
1506 3835 1739 3906 redegit;
1782 3837 2092 3893 sacerdotes

503 3992 786 4064 Gregorio,
825 4005 946 4064 quae
993 4005 1103 4044 xxv
1135 3989 1338 4060 Aprilis
1389 3989 1480 4058 qui
1532 3989 1595 4064 D.
1645 3987 1824 4045 Marco
1870 3990 2009 4064 _ftxus
2035 4000 2092 4047 et

503 4059 994 4133 permanens'dies
1039 4059 1199 4133 sacer
1241 4059 1680 4133 est,_perag‘itur;
1717 4069 1772 4114 et
1813 4061 2086 4133 minorem,

505 4129 753 4212 auctore“
773 4131 1056 4212 Mamerto,
1080 4129 1370 4212 Viennensi
1405 4129 1829 4212 archiepiscopo,
1878 4131 1962 4184 cui
1983 4132 2090 4212 .tri-

503 4205 667 4274 duum
714 4201 1100 4274 Rogationum__
1136 4209 1260 4274 ante
1293 4199 1505 4274 Domini
1546 4199 1931 4274 Ascens’ionem
1981 4201 2086 4274 im-

504 4269 1005 4344 penditurfplures
1033 4270 1152 4326 alite
1179 4270 1401 4344 l.itaui_a:
1425 4269 1474 4322 iu
1502 4285 1644 4344 anno
1671 4269 1933 4344 celebrari
1962 4271 2089 4325 soli-

503 4340 596 4409 ize,
644 4359 740 4414 pro
765 4340 1497 4422 Ecclesiarum.diversitate‘.
1529 4340 1820 4421 Gregorius
1863 4340 2088 4422 Magnus

503 4415 598 4484 lib.
631 4411 727 4478 vlt,
757 4415 914 4484 epist.
950 4413 1038 4477 76,
1069 4412 1254 4466 indict.
1289 4411 1432 4484 tt,ad
1451 4411 1778 4484 Castorium,
1810 4412 2084 4484 notarium

503 4480 813 4548 Ravennae,
869 4491 1105 4553 quatuor
1154 4490 1248 4553 aut
1306 4480 1544 4553 quinque
1595 4481 1917 4553 solemnium
1973 4495 2085 4553 _me-

2199 3290 2286 3335 cto
2312 3280 2407 3335 Pio
2455 3281 2604 3336 urbis
2644 3283 2828 3338 Bonae
2870 3287 3141 3358 episcopo.
3181 3289 3281 3356 Qui
3310 3290 3450 3346 nihil
3481 3291 3612 3346 aliud
3645 3307 3742 3345 cum

2195 3380 2348 3442 patre
2377 3387 2494 3436 suo,
2521 3373 2622 3427 nisi
2643 3373 2862 3444 jejuniis
2901 3384 2954 3431 et
3001 3379 3341 3450 orationibus
3387 3381 3475 3436 die
3513 3389 3742 3450 noctuque

2195 3462 2441 3526 vacabat,
2485 3461 2841 3535 eleemosyuis
2875 3447 3169 3536 paupertini
3214 3483 3434 3540 semper
3463 3471 3739 3526 inserviens.

2195 3551 2416 3606 Factum
2443 3563 2544 3616 est,
2575 3563 2634 3608 ut
2656 3569 2778 3608 cum
2818 3557 3046 3612 consilio
3074 3560 3245 3628 patris
3286 3561 3368 3615 sui
3407 3563 3542 3632 apud
3563 3563 3740 3616 beatum

2193 3644 2490 3714 Eutychen,
2523 3645 2611 3713 qui
2661 3654 2787 3701 tunc
2828 3648 3140 3702 morabatur
3182 3650 3233 3704 in
3262 3652 3520 3720 praediolo
3542 3668 3650 3715 suo,
3676 3650 3738 3703 via

2196 3736 2402 3792 Salaria
2424 3738 2577 3808 juxta
2612 3739 2886 3796 civitatem
2911 3742 3202 3811 habitaret,
3227 3745 3454 3802 audiens
3475 3745 3654 3802 famam
3671 3759 3741 3798 eo-

2194 3849 2311 3888 rum
2345 3834 2650 3904 Torquatus
2673 3849 2858 3890 comes
2885 3833 3112 3900 Tusciae,
3149 3837 3239 3906 qui
3277 3839 3592 3894 versabatur
3613 3839 3658 3892 in
3682 3837 3741 3889 ci-

2193 3989 2541 4064 constitutum
2569 3988 2934 4064 in~E_c_clesia,_
2975 4000 3032 4045 et
3075 3991 3313 4064 decrevit
3341 4002 3401 4047 ut
3432 4007 3737 4064 periomnent

2194 4058 2584 4131 hebdomadam
2615 4058 2856 4131 Sabbato
2885 4062 3002 4124 die.
3034 4071 3194 4116 exeat
3222 4058 3449 4117 Lilania'
3469 4080 3496 4118 a
3520 4063 3576 4116 Β.
3605 4061 3739 4131 Apol-

2191 4128 2383 4204 linare,
2409 4139 2464 4184 et
2503 4130 2570 4184 ad
2607 4129 2669 4204 _B.
2698 4129 2918 4204 Petrum
2949 4133 3248 4201 apostolum
3291 4149 3416 4188 cum
3467 4128 3663 4204 hymnis
3697 4139 3740 4204 et

2192 4201 2414 4254 canticis
2459 4201 2686 4270 populus
2730 4203 2906 4255 omnis
2955 4216 3243 4258 occurrere
3291 4201 3515 4258 debeat.
3550 4223 3567 4254 ι
3609 4202 3737 4270 Apud

2191 4272 2436 4324 eumdem
2473 4272 2524 4323 in
2557 4270 2830 4339 Stephano
2862 4271 2923 4325 Ill
2944 4309 2962 4338 ,
2987 4271 3129 4327 circa
3153 4288 3351 4326 annum
3381 4273 3578 4328 Christi
3620 4270 3735 4324 723:

2197 4339 2342 4412 illic
2365 4340 2708 4412 beatissimus
2729 4341 2812 4394 vir
2833 4357 2931 4412 pro
2953 4342 3124 4396 salute
3138 4344 3433 4412 provincia:
3453 4353 3506 4398 et
3526 4342 3735 4399 omnium

2190 4407 2657 4475 Christianorum,
2713 4407 2859 4466 omni
2909 4407 3268 4467 Sabbato'rum
3324 4413 3413 4468 die
3461 4413 3735 4469 Litaniam.

2191 4480 2338 4552 omni
2390 4481 2686 4548 postposito
2724 4481 2990 4552 neglectu,
3026 4481 3141 4537 fieri
3175 4485 3381 4542 statuit.
3418 4499 3524 4537 uno
3551 4481 3736 4552 quidem

503 4553 662 4610 minit
700 4543 1068 4617 Litauiarum,
1105 4543 1644 4623 quibus-episcopus
1689 4551 2082 4623 llavenpatium
2114 4543 2162 4602 Ι)
2191 4543 2429 4623 sabbato
2471 4543 2540 4623 ad
2576 4543 2986 4623 sanctauLDei'
3012 4553 3326 4623 genitricem
3371 4554 3441 4608 ad
3487 4543 3733 4623 Pragsepeg

504 4624 666 4703 pallio
707 4620 1187 4703 utebatur,_cujus
1234 4620 1400 4703 usum
1451 4620 1625 4675 eidem
1682 4621 1902 4703 concedi
1941 4637 2080 4703 “non

503 4691 619 4749 vult
639 4695 690 4749 in
707 4694 828 4749 aliis
846 4693 1070 4748 Litaniis
1083 4691 1479 4755 communibus,
1496 4707 1590 4745 seu
1610 4706 1714 4746 non
1732 4691 2078 4748 solemnibus.

577 4765 1044 4820 Menstruanarum
1085 4762 1291 4831 aliquot
1320 4761 1677 4822 Litaniarum,
1710 4770 1860 4816 certo
1883 4762 2082 4816 solem-

505 4835 710 4914 !ritatis
731 4835 864 4914 die_,_
895 4832 1503 4914 meminitnAnastasius
1545 4831 1982 4914 bibliotltecar‘ius
2009 4833 2080 4914 .in

502 4904 642 4959 Vitis
672 4905 1021 4984 Pontificum,
1058 4903 1110 4957 in
1155 4902 1346 4973 Sergio
1373 4901 1601 4984 l,__circa
1639 4901 2079 4984 annumADoomiui

502 4975 648 5030 687:
696 4995 712 5026 ι
758 4973 1049 5029 Constituit
1077 4971 1365 5029 autem'.ut
1403 4971 1592 5026 diebus
1641 4972 2082 5028 Annuntiationis

503 5044 740 5111 Domini,
772 5043 1079 5100 Nativitatis
1111 5052 1167 5098 et
1209 5041 1557 5096 Dormitionis
1581 5043 1900 5113 sanctaaDei
1931 5043 2082 5113 geni-

505 5115 657 5171 tricis
683 5130 1005 5185 semperque
1050 5113 1274 5185 virginis
1319 5113 1518 5185 Mariaz,
1559 5127 1626 5185 ac_
1655 5111 1729 5185 _S.
1773 5111 2078 5185 Simeonis,

501 5182 1042 5258 qttodrllypapantem
1074 5182 1247 5240 Grzeci
1281 5183 1576 5258 appellant,
1608 5182 1819 5258 Litauia
1861 5193 2019 5237 exeat
2050 5199 2081 5237 a

503 5253 564 5311 S.
581 5253 844 5320 Adriano,
857 5263 910 5311 et
931 5255 997 5310 ad
1021 5264 1264 5309 sanctam
1281 5253 1500 5307 Mariam
1527 5253 1752 5321 populus
1764 5263 2030 5307 occurrat.
2057 5272 2074 5305 ι

629 5326 665 5380 2
690 5326 970 5406 Februarii
991 5326 1147 5406 _diem
1169 5325 1338 5406 babes
1357 5321 1808 5406 proﬂypapante,
1841 5322 2086 5406 25.Mar-

503 5396 567 5475 t_ii
616 5413 728 5475 pro
763 5396 1218 5475 Annutttiatioue;
1256 5393 1573 5475 .Dotninicnau
1601 5393 1668 5475 αξξ
1715 5393 1940 5475 Augusti
1983 5409 2083 5464 pro

502 5463 838 5538 Dorinitione
891 5466 948 5538 S.
1001 5467 1097 5522 Dei
1149 5465 1457 5538 genitricis;
1505 5463 1575 5518 25
1623 5463 1935 5520 Decembris
1982 5463 2082 5535 pro

501 5536 721 5616 Domini
742 5537 1054 5616 Nativitate.
1127 5536 1184 5616 ς.
1288 5607 1301 5616 _
1468 5553 1470 5555 ’
1591 5612 1601 5616 Α
1737 5604 1750 5616 ο

573 5607 1080 5688 lipbdomadariuur
1126 5607 1510 5688 Litanlarum,
1553 5612 1606 5659 et
1654 5605 1889 5688 _quidem.
1939 5611 2083 5688 stato

502 5677 726 5756 _S_ab_bati
755 5678 878 5756 die.
917 5679 1118 5756 _mentio
1167 5679 1306 5748 apud
1323 5674 1985 5756 “eumdemnAnastasium
2027 5675 2080 5754 in

503 5744 742 5803 llonorio
779 5749 828 5814 ι,
882 5751 1025 5806 circa
1074 5744 1270 5804 auntim
1323 5746 1530 5803 Domini
1577 5744 1720 5800 6'26:
1753 5765 1770 5797 ς
1806 5744 1903 5800 llic
1955 5746 2081 5800 fecit

2187 4619 2295 4693 alio
2328 4635 2460 4693 vero
2480 4619 2558 4693 ad
2575 4621 2790 4675 beatum
2831 4618 3049 4693 Petrum
3081 4623 3406 4693 apostolum.
3451 4633 3502 4678 et
3550 4618 3735 4676 alio’ad

2187 4690 2406 4761 beatum
2433 4690 2654 4761 Paulum
2679 4691 3003 4761 apostolum.
3040 4711 3058 4742 ›

2259 4759 2524 4814 l’ridianze
2572 4759 2905 4816 Litatiiarum
2948 4763 3257 4818 indictionis
3298 4765 3555 4820 memoria
3585 4767 3736 4817 exstat

2186 4831 2326 4908 aptltl
2356 4829 2714 4908 Gregoriuml
2748 4847 2969 4908 papam,
3003 4833 3096 4908 lib_.
3128 4851 3179 4888 ιι
3215 4835 3474 4908 llcgistr"
3503 4848 3616 4902 cap.
3645 4831 3730 4908 l_l.:

2191 4899 2491 4974 (Crastina
2533 4901 2649 4974 die,
2680 4899 2854 4974 primo
2880 4902 3138 4970 diluculo,
3169 4905 3234 4957 ad
3275 4899 3633 4974 séptifortnem
3662 4899 3732 4974 Li-

2186 4971 2392 5024 taniam
2415 4971 2572 5040 juxta
2601 4971 3034 5048 distributionem
3066 4975 3290 5048 inferius
3313 4971 3635 5048 designatam
3657 4971 3731 5048 dt;-

2185 5049 2306 5095 vota
2353 5049 2534 5114 mente
2571 5041 2986 5114 cumplacrymis
3017 5046 3314 5099 veniamus.
3344 5065 3371 5096 υ»
3401 5041 3528 5112 Quae
3571 5041 3730 5114 lita_nia

2183 5110 2508 5182 procedebat
2536 5109 2814 5234 trig‘esimo
2850 5109 3078 5182 Augusti
3112 5116 3216 5169 die.
3247 5114 3323 5168 De
3349 5109 3453 5182 qua
3490 5114 3603 5192 vide
3643 5109 3728 5161 Ba-

2187 5182 2398 5234 rouium
2448 5191 2577 5234 tom.
2650 5181 2733 5234 'lZl
2773 5181 3095 5234 Annalium.
3127 5199 3268 5234 anno
3311 5184 3509 5234 Christi
3551 5180 3659 5234 590.
3687 5183 3728 5230 et

2187 5180 2398 5235 rouium
2448 5191 2577 5236 tom.
2616 5180 2733 5236 Vill
2773 5180 3096 5249 Annalium,
3127 5199 3268 5238 anno
3311 5180 3509 5239 Christi
3551 5180 3659 5242 590,
3687 5183 3730 5230 et

2186 5252 2436 5307 aureolos
2459 5251 2663 5306 Serarii
2695 5253 2865 5307 nostri
2893 5253 3100 5309 libellos
3130 5254 3516 5308 Litaneuticos.

2256 5321 2592 5394 Litaniarum
2616 5331 2924 5394 sanctorum
2949 5325 3212 5394 originem
3241 5324 3406 5380 refert
3431 5317 3728 5394 Walafrtdus

2189 5392 2387 5464 Strabo
2415 5393 2482 5447 ad
2515 5391 2974 5464 Martyrologium.
2999 5387 3076 5448 Ita
3102 5395 3246 5448 enim
3275 5395 3362 5448 ille
3383 5394 3475 5448 lib.
3505 5393 3567 5447 de
3588 5387 3726 5443 rebus

2188 5463 2394 5518 Ecclcs.
2425 5478 2543 5531 cap.
2576 5463 2646 5517 28
2672 5481 2684 5516 :
2716 5483 2732 5514 ι
2770 5463 2984 5517 Litauia
3010 5477 3188 5519 autem
3235 5475 3540 5520 sanctorum
3567 5465 3724 5531 postea

2184 5532 2424 5604 creditur
2449 5527 2504 5586 in
2528 5549 2681 5586 usum
2713 5544 3011 5602 assumpta,
3034 5551 3193 5604 quam
3224 5527 3580 5604 Hieronymus
3600 5527 3724 5582 Mar-

2187 5603 2538 5684 tyrologium,
2591 5603 3146 5684 secutus.Et_tscbium
3196 5603 3602 5664 Caesariensem,
3647 5608 3718 5664 ρει

2183 5673 2310 5728 anui
2340 5673 2596 5728 circulum
2626 5674 2968 5744 conscripsit.
3003 5697 3020 5724 ι
3879 5687 3881 5744 ε
