3962 6366
174 362 181 367 ’
224 403 338 459 209

908 395 1514 452 MARTYROLOGIUM
1551 395 1693 451 CUM
1735 393 2278 449 ADDI'I‘AMENTIS.
2324 423 2389 432 —-
2430 392 2636 446 MENS.
2675 391 2823 448 JAN.

3392 339 3500 444 aio

229 519 402 572 vitate
443 513 669 584 Spoleti,
711 513 928 566 mittens
969 511 1256 565 accersivit
1291 518 1536 564 sanctum
1593 508 1826 562 Concor-
1853 513 1901 571 Α
1930 507 2047 580 gmi,
2084 505 2343 571 Narcissi,
2395 515 2450 560 et
2500 502 2794 560 Marcellini
2823 504 2996 572 pueri,
3028 502 3119 572 qui
3145 503 3245 557 sub
3291 499 3502 556 Licinio

227 611 407 675 dium,
441 618 496 664 ct
541 607 679 662 dixit
720 606 810 660 ei:
851 604 968 672 Quo
1003 603 1221 658 nomine
1253 602 1498 658 vocaris?
1528 599 1826 670 Respondit

229 711 459 757 sanctus
501 697 872 755 Concordius:
921 693 1261 750 Christianus
1303 709 1442 749 sum.
1490 692 1632 748 Dicit
1660 691 1710 746 ei
1737 707 1826 748 co-

227 810 355 850 mes
387 812 399 847 :
431 791 508 846 De
533 791 750 847 nomine
789 788 1024 857 requiro,
1077 802 1182 842 non
1219 786 1285 840 de
1310 785 1522 840 Christo
1552 793 1660 839 tuo.
1691 782 1820 837 San-

226 897 356 943 ctus
374 885 709 942 Concordius
734 881 1008 952 respondit
1033 898 1045 934 :
1075 879 1414 940 Christianus
1433 895 1573 944 sum,
1597 889 1651 935 et
1671 879 1828 933 Chri-

229 986 380 1032 stum
395 973 922 1041 confiteor.Cumque
935 969 1297 1041 impelleretur
1309 969 1374 1023 ad
1389 967 1822 1031 sacrificandum,

229 1079 292 1124 et
304 1068 394 1124 ille
405 1069 458 1123 in
477 1068 580 1122 fide
594 1065 795 1122 Christi
813 1063 1023 1120 fortiter
1035 1063 1374 1134 perduraret,
1385 1061 1663 1131 jussusest
1674 1061 1828 1119 fusti-

229 1163 338 1216 bus
352 1158 772 1229 caedi.Sequenti
789 1165 946 1213 nocte
963 1157 1110 1212 venit
1130 1157 1197 1212 ad
1210 1171 1332 1211 eum
1355 1155 1548 1212 beatus
1558 1156 1828 1228 Eutyches

231 1265 359 1307 cum
379 1248 640 1305 Anthimo
659 1247 930 1318 episcopo,
955 1256 1010 1303 et
1038 1254 1362 1320 rogaverunt
1382 1247 1634 1303 comitem
1660 1246 1828 1302 utali-

233 1340 570 1413 quotdiebus
580 1355 703 1395 cum
713 1339 793 1395 eis
805 1339 1210 1410 permitteretur
1222 1338 1440 1393 morari.
1455 1338 1828 1408 Eratnamque

233 1430 529 1486 Anthimus
558 1430 842 1501 episcopus
864 1428 1069 1484 amicus
1108 1428 1344 1495 comitis,
1373 1428 1572 1500 quique
1609 1429 1825 1484 beatum

233 1521 411 1575 virum
433 1519 792 1576 Concordiam
814 1517 943 1574 fecit
968 1517 1072 1574 illis
1096 1517 1283 1574 diebus
1292 1518 1685 1590 presbyterum.
1704 1517 1828 1574 Per-

233 1611 375 1666 actis
422 1608 688 1679 aliquibus
739 1608 946 1672 diebus,
1001 1615 1286 1662 revocatus
1325 1616 1410 1663 est
1446 1609 1636 1664 beatus
1687 1607 1828 1664 Con-

238 1701 478 1766 cordius,
506 1710 563 1755 et
598 1699 748 1755 venit
781 1698 851 1754 ad
885 1696 1162 1754 comitem.
1199 1696 1300 1753 Cui
1335 1704 1389 1752 et
1417 1696 1556 1752 dixit
1595 1712 1778 1754 comes
1807 1714 1822 1751 :

241 1797 382 1866 Quid
406 1796 646 1852 tractasti
673 1796 818 1851 circa
849 1795 1078 1852 salutem
1122 1801 1266 1849 tuam
1285 1794 1311 1846 ?
1343 1792 1574 1849 Sanctus
1621 1793 1704 1846 vir
1735 1806 1824 1847 re-

1926 597 2070 652 inter
2105 606 2326 668 tyrones
2374 596 2818 665 comprehensus,
2870 609 2992 672 cum
3048 591 3214 647 nollet
3268 593 3501 647 militare

1925 703 2095 743 caesus
2120 688 2186 742 ad
2227 695 2454 742 mortem
2481 696 2537 741 et
2571 686 2663 740 diu
2711 685 2766 740 in
2808 698 3028 740 carcere
3073 691 3398 748 maceratus,
3448 683 3502 736 in

1926 794 2078 833 mare
2105 793 2336 843 mersus,
2367 776 2688 848 martyrium
2709 765 3123 831 donsummavit.
3156 772 3366 842 Corpus
3390 770 3506 840 eius

1925 869 1992 924 ad
2028 868 2176 923 littus
2227 868 2485 932 delatum,
2534 875 2590 921 et
2628 882 2658 920 a
2710 864 2977 936 religiosis
3017 864 3149 919 viris
3180 862 3500 926 depositum,

1927 960 2137 1032 magnis
2155 967 2405 1015 coruscat
2431 957 2740 1013 virtutibus.

2315 1074 2376 1130 C.
2418 1073 2480 1128 lll
2522 1072 2752 1129 NONAS
2789 1070 3122 1127 JANUARII.

2602 1164 2659 1235 (δ
2690 1163 2846 1234 Jan.)

1997 1255 2353 1327 (Pontiﬁcale,
2385 1269 2506 1325 cap.
2542 1254 2655 1326 20).
2691 1254 2894 1319 Romae,
2929 1253 3126 1308 natalis
3149 1252 3322 1308 sancti
3343 1251 3507 1306 Ante-

1928 1364 2018 1404 ros
2047 1363 2200 1419 papre
2254 1355 2307 1403 et
2346 1347 2620 1418 martyris,
2661 1345 2754 1415 qui
2793 1345 3082 1400 vicesimus
3126 1351 3249 1414 post
3288 1343 3505 1398 beatum

1928 1437 2147 1494 Petrum
2197 1453 2319 1494 cum
2369 1439 2654 1494 duodecim
2695 1436 2876 1502 annis,
2929 1450 3114 1491 mense
3158 1449 3284 1498 uno,
3317 1433 3509 1488 diebus

1929 1525 2210 1583 duodecim
2242 1527 2473 1583 rexisset
2493 1526 2812 1592 Ecclesiam,
2857 1539 3049 1595 passus
3091 1532 3174 1578 est
3202 1523 3302 1578 sub
3330 1521 3504 1576 Maxi-

1928 1619 2096 1686 mino,
2129 1627 2185 1674 et
2237 1619 2291 1673 in
2335 1619 2648 1674 cmmeterio
2674 1616 2870 1672 Calixti
2912 1616 3154 1686 sepultus
3180 1615 3268 1669 via
3311 1613 3507 1682 Appia.

1929 1711 2030 1766 Hic
2052 1720 2202 1781 gesta
2225 1718 2525 1783 martyrum
2555 1727 2584 1765 a
2615 1709 2839 1765 notariis
2875 1708 3167 1780 diligenter
3191 1705 3506 1776 exquisivit,

1928 1809 1984 1856 et
2005 1800 2058 1854 in
2082 1800 2311 1856 ecclesia
2335 1801 2654 1856 recondidit.

238 1863 455 1960 spondit
480 1907 493 1942 :
525 1887 684 1943 Salus
714 1901 834 1941 mea
863 1885 1112 1942 Christus
1145 1894 1250 1951 est,
1292 1884 1377 1940 cui
1397 1883 1634 1955 quotidie
1663 1883 1825 1938 sacri-

1999 1892 2153 1963 Apud
2189 1893 2447 1960 Parisios,
2489 1901 2692 1949 sancta:
2730 1893 3015 1949 Genofevaa
3053 1892 3302 1963 virginis,
3324 1905 3444 1960 qua:
3476 1905 3508 1946 ι

237 1980 344 2035 fico
371 1979 695 2036 sacrificium
727 1977 920 2033 laudis.
949 1975 1124 2032 Iratus
1148 1990 1352 2041 comes,
1378 1973 1540 2044 jussit
1560 1989 1682 2028 eum
1700 1987 1823 2029 sus-

236 2069 400 2139 pendi
449 2069 502 2122 in
548 2067 796 2138 equuleo.
833 2066 1118 2121 Cruciatus
1166 2065 1278 2130 diu,
1324 2075 1608 2121 revocatur
1650 2073 1824 2119 arcta-

234 2171 328 2216 tus
375 2159 527 2215 ferro
557 2159 615 2214 in
644 2173 921 2214 carcerem
970 2176 983 2212 :
1028 2158 1118 2213 ubi
1164 2157 1363 2212 meruit
1396 2157 1822 2214 consolationem

234 2251 560 2322 angelicam.
591 2249 722 2304 Post
747 2256 858 2304 tres
890 2256 1075 2305 noctes
1115 2248 1264 2304 missi
1294 2257 1421 2304 sunt
1445 2248 1512 2303 ad
1555 2263 1700 2316 eum,
1731 2247 1824 2319 qui

237 2356 363 2396 eum
388 2348 483 2395 aut
508 2340 908 2395 sacrificantem
939 2339 1203 2406 laxarent,
1240 2350 1333 2394 aut
1363 2339 1634 2395 nolentem
1663 2340 1824 2410 puni-

240 2440 386 2488 rent.
435 2431 731 2488 Venientes
773 2440 954 2488 autem
996 2431 1168 2498 missi,
1217 2431 1469 2487 dixerunt
1493 2431 1579 2486 ei:
1609 2431 1717 2487 Aut
1738 2447 1826 2487 sa-

240 2520 428 2576 critica
453 2520 592 2587 Jovi,
617 2530 711 2576 aut
733 2520 1018 2591 capitalem
1063 2521 1385 2577 sententiam
1433 2521 1687 2592 accipies.
1721 2521 1825 2589 Fe-

245 2612 442 2666 rebant
466 2621 642 2667 autem
664 2612 1028 2668 statunculam
1063 2611 1228 2668 lovis.
1269 2612 1466 2668 Beatus
1491 2611 1826 2668 Concordius

248 2702 388 2757 dixit
410 2717 424 2756 :
446 2701 658 2760 Gratias
686 2703 803 2769 tibi,
835 2703 1060 2759 Domine
1077 2702 1204 2759 Jesu
1238 2701 1474 2759 Christe.
1505 2702 1572 2758 Et
1608 2702 1827 2772 exspuit

245 2795 302 2849 in
330 2793 521 2849 faciem
542 2795 709 2850 lovis.
740 2795 893 2850 Tunc
922 2810 1062 2850 unus
1091 2795 1158 2849 de
1181 2793 1504 2850 satellitibus
1545 2795 1828 2865 evaginato

239 2885 423 2955 gladio
444 2887 738 2956 amputavit
761 2884 1095 2956 caputeius:
1118 2895 1282 2955 atque
1305 2885 1380 2940 ita
1409 2885 1465 2939 in
1488 2883 1830 2941 confessione

241 2974 457 3029 Domini
476 2975 657 3029 emisit
677 2975 944 3044 spiritum.
970 2973 1258 3030 Venientes
1285 2982 1465 3029 autem
1487 2973 1594 3028 duo
1619 2973 1824 3039 clerici,

238 3083 364 3122 cum
411 3067 676 3137 religiosis
715 3067 866 3133 viris,
910 3066 1148 3122 tulerunt
1191 3081 1389 3137 corpus
1425 3064 1564 3133 eius,
1593 3075 1649 3120 et
1675 3079 1829 3135 sepe—

237 3160 443 3215 lierunt
466 3177 572 3216 non
593 3160 748 3232 longe
775 3175 805 3213 a
837 3158 1076 3228 Spoleto,
1103 3158 1158 3213 in
1181 3157 1300 3214 loco
1336 3157 1428 3213 ubi
1463 3171 1617 3228 aqua:
1642 3157 1826 3212 multa:

237 3262 521 3310 emanant.

334 3357 443 3403 tem
480 3347 662 3402 Romae
699 3347 784 3401 via
817 3345 1010 3416 Appia,
1055 3358 1269 3400 coronae
1296 3343 1527 3397 militum
1578 3341 1820 3414 triginta,

240 3438 346 3493 has
375 3437 477 3492 sub
523 3437 859 3493 Diocletiano
886 3450 985 3506 pro
1011 3431 1355 3490 confessione
1381 3447 1522 3488 verae
1547 3431 1670 3486 fidei
1703 3447 1825 3502 per:

239 3529 427 3600 cipere
452 3537 785 3584 meruerunt.

313 3619 469 3691 Apud
495 3619 757 3684 Africam,
799 3617 994 3673 natalis
1034 3616 1210 3673 sancti
1247 3613 1544 3686 Fulgentii,
1571 3613 1825 3670 Ecclesiae

242 3711 539 3782 Ruspensis
570 3711 808 3781 episcopi
835 3718 889 3766 et
926 3707 1272 3772 confessoris,
1303 3705 1394 3776 qui
1422 3716 1664 3774 tempore
1687 3704 1826 3760 Van-

246 3803 432 3859 dalica
484 3801 894 3874 persecutionis,
949 3800 1036 3856 ob‘
1069 3797 1394 3855 catholicam
1425 3796 1585 3852 fidem
1627 3804 1684 3851 et
1710 3795 1826 3850 exi”-

241 3896 410 3951 miam
439 3894 764 3958 doctrinam,
791 3891 858 3946 ab
884 3891 1102 3946 Arianis
1123 3889 1290 3944 multa
1313 3901 1626 3958 perpessus,
1653 3893 1710 3941 et
1732 3885 1820 3940 diu

238 3985 383 4056 apud
409 3985 715 4041 Sardiniam
743 3983 935 4038 exsilio
976 3980 1264 4051 relegatus,
1297 3976 1520 4032 tandem
1541 3975 1618 4030 ad
1641 3974 1827 4030 Eccle-

237 4083 382 4139 siam
415 4097 567 4137 suam
615 4080 793 4136 redire
831 4077 1145 4148 permissus,
1187 4083 1242 4128 et
1291 4073 1397 4126 vita
1447 4079 1502 4125 et
1553 4069 1826 4138 triumpho

236 4172 447 4236 clarus,
484 4179 671 4226 sancto
709 4169 815 4223 fine
849 4166 1074 4238 quievit,
1119 4177 1320 4218 annum
1371 4161 1452 4216 sui
1483 4161 1826 4229 episcopatus

235 4279 415 4336 agens
444 4262 755 4334 vigesimum
789 4259 1063 4330 quintum,
1093 4254 1217 4308 vita:
1252 4258 1436 4306 autem
1478 4248 1642 4303 totius
1671 4260 1826 4301 sexa-

240 4356 510 4424 gesimum
537 4353 804 4422 quintum.

312 4445 469 4516 Apud
494 4445 899 4510 Alexandriam,
937 4448 1138 4498 sanciat
1177 4438 1543 4508 Euphrosynas
1580 4430 1822 4503 virginis,

238 4554 365 4607 qua:
389 4537 724 4592 orationibus
751 4535 921 4606 patris
949 4534 1032 4589 sui
1077 4529 1366 4601 Paphnutii
1399 4527 1466 4581 de
1503 4524 1673 4581 sterili
1711 4537 1825 4576 ma-

241 4641 328 4687 tre
369 4630 666 4700 progenita,
713 4589 773 4683 inr
794 4627 986 4702 puerili
1034 4632 1194 4679 aetate
1235 4619 1553 4681 constituta,
1591 4615 1729 4670 clam
1769 4628 1828 4668 se
1855 4589 1904 4647 Ῑ)

241 4720 459 4776 tonderi
486 4719 628 4786 fecit,
661 4727 717 4774 et
756 4716 1107 4773 monasticam
1156 4711 1322 4765 vitam
1364 4706 1619 4778 expetiit;
1669 4703 1830 4760 Sma-

241 4813 396 4885 ngdi
425 4811 529 4867 sibi
557 4825 749 4867 nomen
779 4810 1081 4879 imponens.
1111 4803 1239 4858 Post
1257 4802 1419 4856 etiam
1443 4801 1494 4854 in
1527 4797 1828 4853 reclusione

239 4883 432 4977 viginti
461 4912 516 4958 et
543 4911 666 4960 octo
701 4901 860 4956 annis
893 4899 948 4953 in
989 4895 1135 4952 omni
1178 4893 1464 4949 sanctitate
1502 4883 1823 4960 perdurans,

243 4975 385 5051 tacta
412 4994 786 5068 aegrotationis
812 4987 1176 5053 incommodo,
1223 4995 1278 5041 et
1312 4975 1542 5040 mortem
1577 4980 1680 5035 sibi
1726 4977 1825 5032 ad-

237 5102 365 5144 esse
393 5077 745 5157 cegnoscens,
786 5079 1154 5137 manifestavit
1187 5093 1247 5133 se
1281 5075 1534 5143 religioso
1559 5079 1614 5127 et
1645 5070 1820 5140 lacry-

238 5180 352 5261 mi‘s
367 5177 641 5233 multoties
665 5173 928 5248 quaerenti
955 5187 1077 5228 eam
1104 5168 1267 5240 patri.

312 5252 373 5321 in
423 5258 707 5323 territorio.
742 5260 1087 5335 Lugdunensi
1134 5255 1465 5315 monasterio
1492 5252 1821 5318 Jurensium,

237 5357 301 5414 S.
327 5356 567 5428 Eugendi
581 5355 812 5420 abbatis,
833 5353 985 5422 cujus
1005 5350 1292 5406 virtutibus
1304 5357 1360 5402 et
1379 5343 1656 5400 miraculis
1670 5341 1824 5413 plena

241 5449 479 5506 refulsit.

639 5538 700 5592 D.
735 5535 802 5591 IV
843 5532 1071 5591 NONAS
1098 5528 1433 5588 JANUARII.

926 5627 961 5679 2
1007 5625 1132 5680 Jan.

905 5627 961 5698 (2
1007 5623 1158 5693 Jan.)

317 5722 520 5776 Natalis
539 5721 680 5775 beati
710 5718 924 5788 Macarii
952 5716 1181 5772 abbatis.

314 5811 380 5872 Et
415 5816 466 5871 in
498 5814 667 5871 Ponto
700 5811 917 5867 civitate
967 5807 1170 5870 Tomis,
1225 5807 1382 5861 trium
1431 5803 1684 5869 fratrum,
1721 5799 1827 5855 Ar-

1927 1981 2086 2038 beato
2111 1980 2382 2038 Germano
2424 1981 2855 2038 Antisiodorensi
2903 1982 3159 2052 episcopo
3189 1979 3408 2036 Christo
3435 1979 3513 2035 di—

1927 2085 2070 2144 cata,
2101 2075 2432 2132 admirandis
2458 2076 2751 2132 virtutibus
2769 2085 2825 2132 et
2847 2075 3122 2131 miraculis
3146 2074 3257 2130 late
3289 2073 3509 2137 claruit,

1928 2180 1984 2227 et
2003 2185 2175 2242 usque
2211 2170 2487 2243 octoginta
2522 2184 2697 2226 annos
2741 2169 2797 2225 in
2833 2168 3038 2226 Christi
3079 2167 3340 2225 servitute
3381 2181 3512 2221 con-

1926 2261 2125 2318 senuit.

1999 2350 2198 2405 Eodem
2230 2351 2317 2406 die
2339 2350 2514 2406 sancti
2544 2349 2805 2406 Florentii
2837 2349 3158 2406 Viennensis
3185 2346 3429 2422 episcopi
3455 2356 3517 2404 et

1929 2441 2206 2513 martyris,
2244 2443 2420 2498 octavi
2448 2442 2690 2513 ejusdem
2716 2441 2887 2496 urbis.

2311 2554 2376 2608 D.
2423 2552 2468 2609 Il
2512 2552 2744 2610 NONAS
2792 2550 3129 2610 JANUARII‘.

2599 2642 2655 2714 (4
2683 2640 2839 2709 Jan.)

2000 2733 2159 2806 (Ado,
2198 2731 2416 2798 Claram,
2469 2748 2557 2787 an.
2597 2732 2722 2798 241,
2776 2746 2939 2801 supra
2985 2730 3119 2786 Vide
3160 2729 3400 2786 libellum
3449 2729 3517 2786 de

1929 2823 2226 2880 Festim'tat.
2261 2823 2454 2896 apost.)
2502 2823 2708 2880 Natalis
2757 2822 2933 2881 sancti
2989 2821 3096 2879 Titi
3146 2821 3516 2895 apostolorum

1931 2916 2202 2987 discipuli.

2001 3009 2156 3080 Apud
2205 3007 2469 3074 Africam,
2522 3007 2719 3063 natalis
2765 3013 3079 3062 sanctorum
3121 3003 3380 3073 Aquilini,
3409 3001 3516 3060 Ge-

1937 3101 2088 3167 mini,
2122 3099 2368 3172 Eugenii,
2403 3097 2677 3163 Martiani,
2707 3095 2916 3168 Quinti,
2960 3093 3244 3159 Theodoti,
3285 3093 3518 3164 Tripho«

1933 3196 2038 3260 nis,
2094 3194 2638 3265 praeclarissimorum
2694 3199 3026 3262 martyrum,
3075 3202 3306 3260 quorum
3362 3193 3517 3260 gesta

1933 3288 2223 3344 habentur.

2003 3381 2203 3436 Eodem
2231 3379 2317 3434 die
2344 3375 2485 3449 apud
2507 3376 2694 3432 urbem
2735 3374 2987 3438 Romam,
3030 3378 3339 3426 sanctorum
3367 3382 3518 3423 mar—

1934 3480 2110 3542 tyrum
2138 3467 2308 3525 Prisci
2353 3465 2687 3538 presbyteri,
2729 3471 2786 3519 et
2832 3459 3157 3517 Priscilliani
3201 3457 3519 3530 clericihat-

1935 3574 2041 3632 que
2067 3559 2386 3615 Benedicta:
2410 3554 2830 3627 religiosissimae
2863 3551 3097 3616 feminae,
3146 3550 3246 3604 sub
3274 3557 3530 3618 tempore

1930 3651 2144 3710 Iuliani,
2182 3647 2489 3719 impiissimi
2536 3643 2786 3716 Augusti,
2823 3641 2916 3712 qui
2971 3640 3148 3712 gladio
3195 3638 3513 3709 martyrium

1933 3742 2359 3813 compleverunt.

2002 3832 2134 3886 Item
2172 3829 2311 3900 apud
2348 3829 2534 3883 urbem
2563 3824 2826 3888 Romam,
2871 3821 3044 3875 beatae.
3067 3817 3330 3883 Dafrosze,
3374 3829 3512 3873 uxo-

1933 3924 2009 3979 ris
2037 3921 2262 3979 Fabiani
2307 3918 2583 3991 martyris,
2631 3929 2751 3986 quac
2784 3920 2906 3984 post
2935 3910 3336 3966 damnationem
3367 3907 3516 3963 beati

1933 4017 2035 4070 viri
2066 4015 2148 4071 sui
2173 4014 2404 4085 primum
2453 4012 2688 4082 relegata
2737 4006 2952 4072 exsilio,
3004 4003 3195 4061 deinde
3242 4000 3310 4058 ab
3340 3997 3516 4071 impio

1931 4108 2142 4164 Juliano
2173 4105 2348 4176 capite
2367 4105 2517 4175 jussa
2541 4111 2624 4157 est
2643 4098 2839 4172 puniri.

2384 4241 2442 4293 E.
2491 4235 2692 4295 NONIS
2726 4231 3062 4290 JANUARII.

2107 4372 2110 4375 .
2607 4327 2660 4392 (5
2686 4325 2840 4397 Jan.)

2005 4425 2359 4498 (Pontiﬁcale,
2411 4438 2531 4492 cap.
2563 4421 2642 4492 9.)
2677 4421 2864 4476 Romae
2891 4415 3092 4472 natalis
3136 4412 3309 4469 sancti
3364 4406 3518 4466 Tele-

1933 4520 2139 4590 sphori,
2165 4517 2256 4588 qui
2279 4516 2540 4586 septimus
2566 4521 2686 4583 post
2708 4511 2926 4566 Petrum
2949 4507 3250 4578 apostolum
3273 4501 3527 4574 pontifex

1929 4614 2232 4677 ordinatus,
2263 4609 2400 4666 sedit
2449 4620 2619 4662 annos
2666 4601 2938 4666 undecim,
2969 4612 3184 4655 menses
3228 4605 3360 4663 tres,
3399 4594 3528 4651 dies.

1930 4703 2121 4776 viginti
2152 4716 2340 4766 unum,
2370 4698 2687 4766 iilustreque
2717 4693 3037 4763 martyrium
3059 4690 3229 4745 duxit.
3261 4686 3361 4776 Hic
3383 4701 3516 4744 oon-

1929 4775 2106 4851 stituit
2151 4803 2208 4848 ut
2253 4807 2348 4847 sex
2381 4785 2808 4845 hebdomadibus
2845 4791 2970 4836 ante
3014 4780 3221 4836 Pascha
3246 4775 3515 4848 jejunium
3560 4787 3563 4790 '

1929 4884 2315 4946 celebraretur,
2354 4888 2410 4936 et
2449 4877 2626 4934 Natali
2676 4873 2886 4930 Domini
2936 4871 3060 4928 Jesu
3107 4869 3310 4926 Christi
3357 4873 3519 4924 nocte

1931 4976 2107 5032 missa:
2167 4972 2578 5029 celebrarentur
2605 5010 2634 5034 ,_
2673 4977 2729 5022 et
2792 4967 3022 5037 hymnus
3091 4961 3406 5034 angelicus,
3462 4957 3517 5013 id

1928 5075 2026 5129 est,
2054 5064 2317 5121 Gloria-in
2344 5056 2571 5117 excelsis
2595 5059 2728 5124 Deo,
2759 5059 2892 5113 hora
2923 5053 3176 5111 sacriﬁcii
3207 5051 3388 5108 missae
3427 5046 3514 5103 di.-

1929 5172 2052 5214 cere
2059 5166 2163 5212 ων.

2002 5250 2132 5307 Item
2162 5247 2302 5320 apud
2330 5246 2672 5302 Antiochiam
2718 5240 2981 5313 depositio
3026 5238 3198 5294 sancti
3245 5235 3517 5290 Simeonts

1935 5341 2182 5399 monachi
2213 5339 2541 5395 admirandae
2572 5335 2787 5390 virtutis
2813 5332 2912 5387 viri
2938 5371 2953 5397 ,
2984 5327 3312 5401 quidecimo
3357 5320 3518 5378 tertio

1935 5432 2110 5489 aetatis
2151 5444 2297 5485 anno
2341 5429 2466 5483 huic
2511 5423 2706 5481 saeculo
2753 5418 3168 5481 abrenuntians,
3200 5408 3518 5469 monasterii

1935 5525 2168 5580 claustra
2199 5521 2447 5591 expetiit,
2490 5518 2581 5573 ubi
2630 5517 2765 5570 mira
2810 5509 3134 5569 abstinentia
3169 5505 3256 5559 vix
3287 5499 3518 5573 septimo

1934 5615 2020 5670 die
2048 5614 2225 5668 cibum
2261 5610 2364 5666 sibi
2409 5607 2708 5677 indulgens,
2743 5601 3063 5658 Psalterium
3111 5597 3253 5652 inter
3286 5599 3519 5663 quatuor

1933 5717 2146 5758 menses
2181 5699 2384 5753 didicit.
2438 5695 2639 5752 Deinde
2674 5693 2836 5748 nimia
2878 5685 3129 5743 domandi
3162 5680 3404 5752 corporis
3432 5678 3518 5732 in-

1933 5794 2171 5850 tentione
2203 5832 2215 5856 ,
2276 5790 2399 5844 fune
2454 5787 2715 5857 palmicco
2749 5797 2903 5837 rencs
2953 5777 3052 5836 sibi
3101 5774 3516 5843 constringens,
