3962 6366
533 381 634 437 ΞΗ

1530 375 1592 430 S.
1627 371 1878 429 ADOXIS
1910 367 2340 426 ARCBIEPISC.
2383 369 2792 425 VIIINXESSIS

3669 381 3760 439 ω

535 491 741 548 duriter
768 488 1000 544 laniatus
1023 495 1130 544 est.
1151 485 1282 543 Inde
1313 486 1371 542 in
1397 484 1632 556 quodam
1657 492 1821 555 puteo
1852 499 1912 538 se
1938 483 2114 538 recluv
2139 487 2190 546 Α
2217 482 2444 546 tissima,
2487 482 2629 536 inter
2675 483 2840 536 verba
2885 484 3151 538 orationis
3175 485 3500 544 dulcissimis
3540 495 3755 563 suspiriis

531 584 867 646 timete:
913 579 1272 648 eofratribus
1301 577 1568 632 violenter
1608 577 1680 630 ad
1723 575 2112 631 monasterium

533 675 806 736 reductus,
834 672 974 726 clam
1027 670 1236 740 fugiens
1257 709 1275 733 ,
1305 683 1549 723 eremum
1575 668 1753 738 petiit.
1792 667 1894 722 [bi
1943 666 2115 721 multo

531 772 899 819 commoratus
929 773 1172 831 tempore
1213 760 1268 814 in
1291 749 1552 814 columna
1578 758 1795 814 editiori
1826 759 2116 812 sanctitate

535 851 756 910 fervens
785 868 844 908 se
871 852 1105 906 reclusit.
1127 851 1226 905 [bi
1251 865 1355 905 nm
1382 851 1542 906 modo
1561 849 1691 903 nulli
1708 858 1979 904 extranea
1997 866 2117 904 mu-

531 943 675 1009 lieri,
703 942 798 999 sed
828 957 927 997 nec
950 942 1179 1011 propria
1223 940 1386 993 matri
1433 955 1494 995 se
1523 941 1705 995 videre
1729 942 1999 1011 permisit.
2047 941 2116 995 Et

533 1048 706 1100 usque
750 1032 911 1085 hodie
955 1030 1232 1084 basilicam
1285 1029 1550 1084 columna
1596 1030 1742 1085 illius
1792 1030 2114 1085 feminarum

530 1126 676 1180 nulla
712 1126 1008 1196 egreditur.
1061 1126 1196 1178 Nam
1226 1126 1471 1195 quadam
1523 1125 1717 1179 mulier
1749 1132 1901 1176 veste
1929 1121 2114 1175 induta

532 1216 676 1270 virili
708 1216 915 1286 ingredi
960 1217 1151 1280 voluit,
1175 1225 1232 1270 et
1268 1231 1393 1272 mox
1417 1225 1478 1270 ut
1499 1215 1663 1269 limen
1690 1213 1892 1287 attigit,
1912 1220 2116 1268 retror-

533 1318 650 1364 mm
679 1317 890 1364 mortua
919 1307 1139 1362 cecidit.

928 1419 990 1475 Ρ.
1035 1419 1144 1475 VIII
1179 1418 1342 1475 IDUS
1375 1417 1709 1476 JAXUARII.

1193 1513 1250 1582 (6
1285 1511 1438 1583 Jan.)

601 1584 901 1654 Epiphania
933 1583 1166 1638 Domini.

599 1676 802 1730 Eodem
831 1675 920 1730 die
968 1675 1149 1744 passio
1193 1681 1398 1729 sancta
1443 1671 1639 1728 Iaera
1670 1669 1917 1741 virginis,
1944 1682 2112 1739 quam

527 1783 652 1824 eum
685 1767 1023 1822 Rictiovarus
1048 1781 1247 1836 prases
1277 1767 1517 1836 torqueri
1544 1766 1674 1820 etin
1705 1765 1883 1834 ignem
1914 1762 2110 1833 praci-

2217 574 2378 644 plana
2406 575 2638 629 reddens
2665 573 2896 628 Domino
2916 575 3190 644 spiritum,
3227 579 3534 649 angelorum
3558 598 3753 642 consor-

2217 665 2294 720 tio
2325 665 2380 718 in
2416 665 2556 718 aeto
2581 663 2877 731 cenjunxit.
2910 663 3159 721 Julianus
3206 683 3334 724 vero
3375 676 3692 740 postmodum
3730 696 3756 734 a

2215 753 2483 809 Martiano
2504 756 2733 825 praside
2755 755 3072 824 requiritur,
3091 772 3204 826 quo
3223 768 3462 830 tempore
3483 764 3648 821 rabies
3662 783 3756 824 cru.

2215 845 2457 902 delitatis
2480 848 2547 901 ad
2576 847 3011 918 persequendum
3039 860 3259 906 sanctos
3301 852 3398 907 Dei
3439 856 3539 910 sub
3578 857 3755 916 Diocle.

2218 938 2366 992 tiano
2399 948 2457 993 et
2495 937 2822 994 Iaximiano
2863 952 3164 1005 exarserat,
3207 944 3276 997 ad
3322 959 3486 1013 quem
3511 948 3759 1007 multitudo

2215 1030 2557 1084 sacerdotum
2584 1040 2643 1085 et
2670 1030 2926 1086 Ecclesia
2949 1031 3152 1087 Christi
3191 1035 3561 1094 ministrorum
3595 1043 3755 1098 confti~

2214 1129 2370 1189 gerat
2408 1129 2628 1190 propter
2653 1121 3048 1178 immanitatem
3086 1128 3498 1193 perscutiouis.
3535 1130 3756 1201 Compre-

2213 1209 2418 1264 hensos
2448 1211 2631 1280 itaque
2657 1227 2780 1266 cum
2805 1213 2910 1266 hac
2931 1212 3136 1282 ingenti
3162 1215 3503 1271 multitudine
3523 1220 3628 1288 ipse
3647 1238 3757 1292 pra.

2214 1302 2349 1356 sidis
2393 1304 2680 1358 audientia
2725 1314 3065 1371 reservatur;
3107 1308 3290 1362 cateri
3311 1311 3458 1364 servi
3490 1310 3600 1375 Dei,
3630 1313 3755 1382 jussu

2213 1393 2444 1448 crudelis
2466 1394 2666 1463 judicis
2700 1395 2903 1466 ingenti
2950 1411 3180 1452 accenso
3205 1398 3353 1467 igne,
3397 1400 3578 1470 eisque
3617 1419 3753 1473 appo~

2213 1483 2344 1548 sito,
2376 1484 2431 1538 in
2461 1499 2569 1554 quo
2596 1485 2964 1541 consistebant
3002 1486 3125 1542 loco
3167 1492 3472 1561 consumpti
3512 1503 3647 1548 sunt.
3673 1493 3756 1550 Ubi

2213 1575 2281 1628 ad
2332 1577 2811 1632 commendandam
2845 1579 3141 1648 pretiosam
3181 1592 3413 1638 mortem
3461 1595 3753 1649 sanctorum,

2217 1669 2457 1734 tertiam,
2485 1678 2717 1734 sextam,
2751 1685 2952 1725 nonam
2997 1672 3339 1742 psallentiam
3371 1676 3522 1732 chori
3547 1677 3754 1733 feruntur

2212 1759 2413 1823 audiri,
2443 1758 2539 1816 sed
2566 1768 2623 1816 et
2646 1763 3002 1831 vespertinas.
3029 1774 3084 1818 et
3107 1765 3403 1820 matutinos
3425 1767 3640 1837 hymnos
3671 1768 3760 1823 Deo

524 1859 686 1928 pitari
705 1859 988 1928 jussisset,
1018 1857 1182 1912 illasa
1226 1859 1542 1927 permansit.
1596 1857 1795 1912 Deinde
1850 1854 2107 1909 mamillis
2135 1839 2182 1900 Β
2211 1851 2483 1906 cecinere.
2511 1849 2712 1906 Beatus
2749 1867 2879 1906 vero
2899 1852 3147 1909 lulianus
3175 1856 3411 1925 primum
3447 1858 3666 1922 auditus,
3701 1859 3755 1912 ri-

525 1949 769 2009 abacisia.
812 1948 1166 2019 squaloreque
1211 1949 1447 2004 carceris
1477 1947 1701 2012 afflicta,
1729 1962 1894 2016 super
1938 1955 2106 2000 testas

525 2039 873 2096 acutissimas
918 2048 973 2093 et
1014 2054 1218 2111 prunas
1264 2038 1539 2103 volutata,
1569 2053 1731 2093 orans
1759 2036 2008 2108 migravit
2035 2035 2105 2090 ad

524 2130 835 2186 Dominum.

940 2218 1006 2273 Ε.
1046 2217 1134 2272 VII
1171 2219 1328 2274 IDL'S
1364 2218 1697 2274 JANUARII.

1187 2312 1242 2378 (7
1278 2310 1432 2379 Jun.)

595 2401 807 2457 Belatio
830 2401 983 2470 pueri
1004 2399 1129 2456 Jesu
1164 2418 1227 2457 ex
1256 2400 1511 2472 Egypto.

593 2490 726 2544 Item
764 2491 957 2546 natalis
997 2493 1171 2546 sancti
1201 2492 1423 2547 Luciani
1465 2492 1818 2547 Antiochena
1850 2492 2107 2548 Ecclesia

522 2585 822 2654 presbyteri
839 2594 894 2638 et
919 2586 1191 2654 martyris,
1216 2585 1318 2639 viri
1345 2585 1636 2640 doctissimi
1664 2593 1827 2653 atque
1848 2584 2104 2654 eloquen-

523 2674 740 2735 tissimi,
769 2674 860 2744 qui
891 2689 1082 2743 passus
1119 2684 1203 2730 est
1238 2674 1566 2730 Nicomedia
1601 2675 1672 2730 ob
1714 2675 2105 2730 confessionem

522 2765 722 2819 Christi
753 2767 1126 2834 persecutione
1150 2765 1448 2832 Maximini,
1487 2765 1836 2837 sepultusque
1874 2765 2104 2823 Heleno-

524 2854 631 2922 poli
683 2854 975 2925 Bithynia;
1029 2872 1191 2926 quam
1240 2857 1427 2912 urbem
1477 2860 1620 2928 (cum
1670 2859 1823 2927 prius
1859 2857 2106 2928 Drepana

525 2953 772 3011 vocatur)
825 2944 877 2997 in
923 2945 1186 2998 honorem
1238 2943 1478 3012 ejusdem
1535 2947 1753 3016 gloriosi
1811 2946 2105 3019 Martyris,

525 3035 911 3090 COllSlafllllllls
959 3035 1252 3104 imperator
1278 3036 1608 3099 instaurans,
1645 3054 1712 3092 ex
1740 3037 1956 3093 nomine
1986 3055 2102 3092 ma-

525 3127 624 3180 tris
652 3140 761 3180 sua
790 3123 1156 3194 Helenopolim
1188 3127 1534 3198 nuncupavit.

597 3214 730 3268 Item
778 3215 917 3284 apud
961 3188 1326 3279 A-ntiochiam,
1368 3188 1514 3269 beati
1554 3214 1693 3269 Cleri
1730 3215 1974 3279 diaconi,
2012 3216 2105 3285 qui
2132 3188 2179 3251 ε

524 3308 594 3364 ob
623 3305 1014 3362 confessionem
1050 3305 1247 3361 Christi
1278 3307 1477 3376 septies
1508 3318 1698 3371 tortus,
1724 3315 1778 3361 et
1804 3307 1858 3360 in
1888 3321 2107 3362 carcere

527 3402 617 3456 diu
670 3408 993 3463 maceratus,
1042 3399 1108 3452 ad
1157 3397 1400 3452 ultimum
1437 3397 1731 3454 decollatus
1783 3397 2106 3469 martyrium

528 3494 942 3549 consummavit.

951 3582 1013 3632 Α.
1049 3579 1110 3633 Vl
1151 3579 1307 3635 IDUS
1341 3578 1674 3636 JANUARH.

1196 3671 1252 3738 (8
1287 3669 1437 3740 Jun.)

597 3761 751 3840 Apud
802 3761 1079 3831 Neapolim
1126 3757 1435 3830 Campania
1478 3761 1651 3815 sancti
1705 3758 1948 3814 Severini
1979 3772 2107 3814 con-

526 3851 747 3908 fessoris
777 3864 802 3892 ι
835 3851 1018 3905 fratris
1048 3850 1343 3904 beatissimi
1375 3850 1638 3906 Victorini
1669 3849 1956 3904 clarissimi
2001 3848 2106 3902 viri

529 3943 822 4000 miraculis.
859 3943 958 4008 Qui
997 3950 1052 3995 et
1104 3941 1217 4010 ipse
1269 3940 1452 3994 fratris
1505 3940 1766 4004 imitator,
1818 3947 1941 4008 post
1976 3937 2109 3991 mul-

530 4046 708 4088 tarum
758 4033 1018 4085 virtutum
1067 4029 1542 4099 perpetrationem,
1587 4028 1872 4084 sanctitate
1921 4028 2111 4098 plenus

529 4125 752 4196 quievit.
780 4121 1034 4192 Sepultus
1061 4121 1114 4175 in
1151 4120 1288 4184 loco,
1321 4119 1411 4173 ubi
1443 4119 1674 4190 primum
1709 4119 2108 4174 abstinentissio

531 4233 683 4282 inus,
713 4229 874 4286 quam
907 4214 974 4269 ad
1003 4212 1371 4282 episcopatum
1401 4220 1685 4266 vocaretur
1708 4251 1721 4272 ,
1757 4218 2113 4266 conversatus

531 4310 729 4364 fuerat.

601 4398 840 4457 Belvaci.
866 4405 1175 4452 sanctorum
1204 4393 1427 4450 Luciaui
1456 4402 1512 4448 et
1539 4391 1816 4448 Messiani.

955 4488 1015 4543 Β.
1056 4487 1120 4543 γ.
1156 4486 1315 4543 IDUS
1350 4482 1685 4545 lANUABll.

1199 4579 1254 4649 (9
1289 4576 1443 4648 Jan.)

603 4673 658 4727 ln
687 4670 1003 4726 Mauritania
1027 4665 1368 4734 Caesariensi,
1393 4663 1589 4720 natalis
1609 4670 1811 4722 sancta
1833 4661 2110 4718 Martianac

529 4763 755 4834 virginis
777 4771 832 4817 et
857 4759 1132 4830 martyris.

606 4858 736 4910 Item
779 4854 866 4908 die
895 4853 1036 4924 apud
1081 4850 1443 4915 Antiochiam,
1474 4847 1654 4905 natale
1700 4846 1871 4904 sancti
1912 4843 2111 4901 Juliaui

534 4949 812 5021 martyris,
843 4955 901 5003 et
925 4945 1192 5000 Basilissa
1215 4944 1457 5018 conjugis
1498 4941 1634 5012 ejus.
1684 4941 1750 4996 lli
1779 4941 1959 5009 itaque
1988 4953 2112 4993 san-

533 5039 778 5095 ctissimo
812 5045 938 5092 voto
973 5035 1109 5092 casti
1153 5033 1428 5106 coniuges,
1471 5034 1676 5104 aliquot
1707 5045 1880 5086 annos
1911 5029 2115 5100 pariter

530 5130 813 5195 vixerunt;
843 5143 1061 5184 carnem
1091 5143 1242 5182 suam
1278 5126 1495 5182 Christo
1523 5125 1785 5196 virginem
1811 5131 2111 5188 servantes,

531 5221 856 5276 monasteria
883 5219 950 5274 de
984 5219 1146 5273 rebus
1192 5218 1326 5279 suis.
1367 5217 1491 5286 quia
1519 5225 1676 5272 erant
1706 5214 2023 5286 parentibus
2059 5221 2114 5267 et

531 5326 728 5381 genere
762 5309 1085 5374 clarissimi,
1117 5309 1486 5373 instituerunt,
1534 5315 1593 5361 ut
1629 5306 1698 5362 ad
1730 5307 1915 5360 decem
1948 5303 2113 5359 millia

532 5402 918 5456 monachorum
945 5409 1101 5470 pater
1143 5398 1330 5453 beatus
1363 5395 1608 5451 Julianus
1653 5396 1824 5452 fieret.
1855 5394 2108 5450 Basilissa

533 5505 660 5545 vero
691 5489 978 5543 multarum
1009 5496 1180 5543 mater
1208 5486 1497 5556 virginum.
1534 5485 1772 5552 Quarum
1805 5482 2103 5538 multitudi-

534 5595 656 5636 nem
685 5595 806 5633 cum
829 5578 940 5647 jam
987 5577 1266 5633 victricem
1304 5575 1653 5647 pramisisset
1697 5575 1765 5630 ad
1799 5573 2107 5637 Dominum,

536 5667 651 5732 ipsa
678 5669 1092 5723 conversalione
1125 5668 1277 5730 vita,
1306 5676 1363 5722 et
1387 5666 1644 5722 doctrinae
1693 5665 1888 5721 studiis
1916 5663 2111 5734 proba-

611 5815 639 5852 e
677 5803 808 5858 Ἥλιε
831 5805 977 5876 plura
1009 5805 1074 5859 dc
1105 5819 1166 5860 eo
1191 5802 1222 5858 5
1248 5800 1395 5874 Sept.

2207 1943 2503 2013 gidissimis
2543 1941 2779 1998 fustibus
2821 1959 2996 1999 casus
3039 1955 3146 2000 est.
3184 1945 3430 2018 Cumque
3471 1949 3748 2013 caderetur,

2205 2048 2347 2087 unus
2375 2032 2744 2088 ministrorum
2786 2034 3001 2103 prasidi
3027 2037 3374 2092 necessarius
3412 2038 3614 2092 oculum
3648 2039 3754 2092 ami'

2206 2121 2298 2177 sit.
2326 2119 2496 2188 Quem
2527 2121 2688 2176 beato
2705 2121 2920 2178 Iuliano
2944 2133 3136 2179 orante
3156 2124 3300 2180 illico
3319 2127 3542 2194 recepit,
3562 2136 3613 2180 et
3629 2126 3751 2180 Chri-

2206 2224 2292 2270 sto
2319 2214 2547 2269 credens
2572 2215 2755 2269 statim
2793 2216 2862 2270 ab
2892 2216 3086 2272 insano
3097 2216 3282 2285 judice
3318 2218 3622 2283 decollatur.
3653 2219 3753 2274 lude

2207 2308 2398 2364 beatus
2418 2305 2665 2362 Julianus
2687 2307 2884 2363 ductus
2909 2309 2978 2362 ad
3005 2308 3189 2364 fanum
3219 2310 3541 2375 damonum,
3565 2310 3751 2366 simula-

2207 2415 2302 2454 cra
2331 2399 2632 2453 crislallina
2654 2409 2711 2454 et
2731 2400 3012 2463 electrina,
3038 2409 3201 2470 atque
3221 2399 3424 2455 diversi
3447 2402 3644 2470 generis
3663 2416 3750 2456 me-

2211 2489 2337 2544 tallo
2350 2490 2637 2559 acquisita,
2667 2491 2738 2544 ita
2762 2491 3093 2544 comminuta
3122 2500 3284 2562 atque
3313 2493 3366 2547 in
3400 2492 3654 2564 pulverem
3679 2505 3748 2545 re.

2208 2580 2366 2634 dacta
2413 2588 2560 2644 sunt,
2611 2590 2671 2634 ut
2719 2580 2848 2649 quid
2895 2579 3100 2634 fuerint
3143 2583 3368 2636 omnino
3412 2598 3516 2638 non
3554 2590 3748 2653 pareret.

2209 2672 2414 2728 Deinde
2438 2682 2659 2727 sanctus
2684 2682 2893 2742 martyr
2917 2673 3145 2728 vinculis
3179 2673 3377 2730 ferreis
3411 2686 3653 2740 arctatus,
3676 2691 3751 2744 per

2208 2765 2486 2820 civitatem
2511 2765 2613 2820 sub
2642 2779 2774 2819 voce
2795 2765 3058 2833 praconis
3083 2765 3525 2822 circumducitur.
3549 2767 3751 2836 Cumque

2209 2858 2545 2928 pervenisset
2590 2858 2657 2912 ad
2686 2857 2881 2919 locum,
2909 2857 3016 2914 ,ubi
3059 2857 3202 2914 filius
3222 2860 3468 2928 prasidis
3496 2859 3548 2913 iu
3586 2856 3748 2912 scholis

2209 2951 2581 3013 erudiebatur,
2611 2965 2746 3020 puer
2770 2951 2908 3004 idem
2939 2948 3129 3006 Celsus
3155 2951 3375 3006 nomine
3400 2951 3529 3005 vidit
3552 2949 3750 3004 multitu-

2211 3040 2389 3096 dinem
2419 3041 2720 3096 albatorum
2751 3041 2897 3096 circa
2936 3049 3186 3095 sanctum
3214 3050 3528 3111 martyrem,
3556 3049 3604 3093 et
3628 3052 3749 3092 coro-

2213 3147 2337 3186 nam
2375 3133 2780 3202 pretiosissimis
2807 3131 3073 3203 lapidibus
3099 3133 3423 3188 renitentem
3451 3147 3600 3202 super
3623 3136 3749 3198 caput

2209 3222 2345 3292 ejus.
2381 3223 2512 3290 Qua
2557 3223 2668 3276 visa
2698 3239 2819 3276 cum
2852 3223 2967 3278 suis
2992 3223 3374 3292 condiscipulis
3413 3229 3656 3283 narraret,
3680 3235 3750 3273 sua

2209 3314 2324 3370 hilo
2348 3313 2608 3370 divinitus
2641 3315 2934 3382 inspiratus
2957 3315 3184 3383 projecit
3212 3313 3485 3368 volumina
3515 3311 3747 3380 magistro

2211 3420 2352 3482 rum,
2400 3414 2456 3460 et
2494 3407 2814 3460 vestimenta
2855 3405 3052 3473 quibus
3097 3413 3216 3459 erat
3253 3403 3496 3467 indutus,
3535 3411 3585 3455 et
3621 3397 3748 3454 celeri

2209 3511 2371 3552 cursu
2413 3496 2661 3565 pervenit
2697 3495 2764 3548 ad
2811 3495 2976 3564 pedes
3015 3494 3180 3548 vincti
3225 3494 3502 3564 martyris.
3531 3491 3606 3545 Ad
3637 3485 3752 3559 quod

2210 3582 2415 3638 factum
2438 3591 2662 3653 stupens
2697 3590 2808 3636 tota
2839 3597 2978 3652 pene
3025 3583 3219 3637 civitas
3258 3583 3528 3646 accurrit;
3560 3595 3666 3635 cum
3691 3591 3750 3631 re-

2211 3677 2372 3746 liquis
2391 3691 2594 3747 prases
2615 3686 2672 3730 et
2699 3683 2874 3730 mater
2892 3675 3043 3744 pueri
3064 3673 3329 3742 ejulantes
3348 3673 3647 3732 adveniunt.
3667 3667 3748 3722 Sed

2210 3783 2333 3824 cum
2362 3781 2586 3838 puerum
2609 3783 2638 3821 a
2662 3767 2921 3823 societate
2946 3768 3102 3822 beata
3132 3782 3388 3837 separare
3419 3781 3526 3820 non
3548 3771 3749 3835 possent.

2210 3873 2333 3913 cum
2365 3859 2523 3913 beato
2541 3855 2759 3913 Juliano
2785 3857 2894 3911 imo
2919 3857 3158 3912 carceris
3187 3857 3547 3925 mancipatur.
3576 3854 3664 3910 Ubi
3689 3851 3750 3906 di-.

2208 3950 2336 4004 vino
2381 3948 2582 4005 lumine
2620 3948 2908 4013 consolati,
2938 3956 2994 4002 et
3040 3947 3206 4003 odore
3253 3947 3486 4002 mirifico
3524 3954 3640 4000 sunt
3682 3956 3750 3995 re-

2209 4039 2400 4112 spersi,
2432 4040 2507 4094 ita
2545 4047 2606 4094 ut
2631 4039 2831 4094 milites
2869 4040 2961 4110 qui
2995 4054 3090 4094 eos
3124 4038 3443 4102 servabant,
3472 4037 3668 4092 circiter
3691 4030 3752 4082 vi-

2210 4129 2365 4200 ginti,
2394 4129 2675 4195 commoti,
2701 4137 2756 4184 et
2777 4138 3000 4198 stupore
3029 4128 3284 4200 perculsi,
3318 4129 3537 4183 Christo
3562 4123 3754 4180 Domino

2210 4217 2513 4274 crederent.
2569 4217 2652 4272 Ad
2693 4218 2802 4272 bos
2841 4218 3025 4288 itaque
3075 4217 3373 4272 visitandos
3424 4218 3480 4270 in
3517 4223 3751 4270 carcerem

2212 4306 2408 4363 fratres
2450 4315 2656 4378 septem
2695 4322 2802 4361 una
2831 4321 2954 4363 cum
2981 4306 3253 4362 Antonino
3277 4307 3589 4377 presbytero
3619 4312 3750 4356 vene-

2213 4407 2360 4465 runt,
2386 4397 2669 4467 ofﬁcioque
2687 4397 2859 4452 sancti
2888 4397 3147 4451 Antonini
3174 4397 3503 4467 presbyteri,
3531 4402 3630 4448 tam
3649 4401 3754 4460 puer

2133 4534 2190 4597 Β
2213 4503 2376 4558 quam
2414 4486 2609 4558 viginti
2651 4486 2854 4597 milites
2885 4487 3143 4597 bapjtizati
3180 4495 3324 4597 sntit.
3369 4486 3524 4555 Quod
3565 4480 3754 4597 audient:

2211 4596 2434 4652 prases,
2483 4587 2690 4651 septem
2723 4578 2924 4636 fratres
2968 4579 3060 4634 diu
3090 4579 3336 4636 custodia
3371 4583 3675 4638 maceratus,
3700 4568 3752 4624 ad

2209 4673 2460 4730 ultimum
2503 4669 2642 4727 tradi
2678 4670 2791 4742 igni
2835 4670 3110 4741 praecepit,
3155 4685 3318 4740 porro
3356 4669 3556 4726 milites
3607 4661 3751 4738 gladio

2214 4761 2506 4828 trucidari;
2540 4761 2731 4830 sicque
2769 4761 3091 4831 martyrium
3122 4761 3357 4818 victores
3384 4765 3753 4815 consummave-

2213 4863 2358 4910 runt.
2388 4853 2647 4909 Sanctum
2666 4867 2797 4908 vero
2817 4850 3087 4914 lulianum
3117 4859 3280 4922 atque
3300 4850 3514 4906 Celsum
3537 4856 3749 4919 puerum.

2211 4955 2565 5014 sanctumque
2591 4943 2920 5000 Antoninum
2946 4944 3318 5014 presbyterum
3353 4941 3457 4996 sibi
3495 4944 3752 5009 praesenta-

2216 5043 2318 5101 tos,
2349 5048 2558 5090 necnon
2588 5041 2645 5090 et
2670 5033 3042 5098 Anastasium,
3069 5047 3228 5101 quem
3269 5031 3462 5086 beatus
3487 5027 3706 5084 Julianus
3726 5035 3749 5071 a

2213 5133 2388 5182 morte
2417 5125 2736 5181 suscitatum
2772 5123 3091 5196 participem
3123 5123 3315 5193 gratia
3337 5119 3537 5176 Christi
3561 5116 3748 5171 fecerat.

2215 5217 2270 5272 in
2292 5231 2494 5288 cuppas
2520 5216 2640 5286 pice
2667 5225 2724 5270 et
2748 5215 2905 5284 adipe
2936 5213 3206 5268 ferventes
3236 5210 3439 5280 injecit,
3473 5208 3570 5264 sub
3589 5202 3752 5274 quibus

2214 5308 2483 5378 lignorum
2512 5316 2567 5361 et
2608 5314 3007 5362 sarmentorum
3046 5304 3260 5374 copiam
3303 5290 3747 5378 aggregarijussit

2216 5375 2322 5451 sed
2348 5395 2491 5451 beati
2518 5395 2651 5450 nihil
2676 5394 2788 5448 Iasi
2829 5395 2928 5449 sub
2964 5395 3104 5465 igne,
3139 5393 3192 5447 in
3232 5391 3567 5447 confessione
3594 5375 3748 5439 invicti

2215 5487 2529 5556 persistunt.
2555 5484 2709 5539 Ducti
2725 5498 2854 5555 ergo
2874 5483 3068 5538 iterum
3091 5491 3218 5538 sunt
3239 5482 3294 5537 in
3311 5478 3617 5536 custodiam.
3637 5468 3749 5525 Cum

2216 5594 2384 5650 puero
2406 5587 2585 5634 autem
2618 5589 2793 5634 mater
2822 5579 2991 5647 ipsius
3033 5577 3375 5641 Martionilla,
3413 5583 3471 5627 ut
3515 5584 3628 5626 eum
3655 5576 3748 5618 mu-
3865 5638 3869 5644 '

2217 5682 2333 5728 tare
2361 5680 2562 5744 posset,
2595 5671 2778 5730 volens
2805 5670 3009 5726 inclusa
3033 5677 3135 5726 est.
3168 5668 3274 5726 Sed
3299 5668 3422 5724 dum
3443 5661 3584 5737 cupit
3607 5654 3748 5711 lilium
