3962 6366
245 266 378 324 213

963 272 1564 330 MARTYROLOGIUM
1601 274 1747 331 CUM
1785 268 2318 328 ADDITAMENTIS.
2360 299 2426 309 —
2464 269 2670 326 MENS.
2707 267 2854 324 JAN.

3419 273 3526 326 214

252 401 513 470 priedam
543 394 665 452 lberi
700 391 936 458 diabolo,
987 393 1101 463 ipsa
1145 392 1382 464 praedata
1419 390 1656 456 Christo,
1707 389 1851 460 ejus-

1963 406 2132 462 saneti
2179 405 2367 461 Salvii.
2415 404 2475 460 ln
2520 405 2680 476 hujus
2725 406 2891 460 natali
2933 415 3151 463 sanctus
3197 408 3527 480 Augustinus

253 509 380 564 que
427 488 621 546 ancilla
654 484 828 541 ﬁdelis
875 482 1018 538 facta
1058 483 1310 553 baptismi
1357 484 1586 554 gratiam
1627 481 1851 552 recepit.

255 583 392 652 Quo
421 582 607 638 audito
648 577 848 648 impius
886 575 1081 648 coniux
1108 576 1252 646 piam
1285 575 1485 631 Christi
1514 574 1767 629 famulam
1801 575 1853 629 in

255 674 384 730 ima
414 671 652 728 careeris
698 676 906 724 trusam
947 666 1278 740 martyribus
1302 666 1547 721 sociavit.
1577 665 1724 732 Quos
1757 665 1855 720 ite-

258 778 396 819 rum
419 761 534 818 suis
556 757 939 829 conspectihus
965 757 1278 829 presentari
1311 756 1457 822 fecit,
1494 763 1552 812 et
1576 755 1643 810 ad
1671 755 1854 809 fanum

252 854 601 914 daemonum,
645 847 1018 904 sacerdotibus
1051 845 1162 900 fani
1208 846 1352 902 intro
1393 843 1854 917 exspectantibus,

259 954 336 1000 ut
363 941 721 1000 sacriﬁcaturi
751 941 1058 996 mittuntur.
1108 937 1214 994 Sed
1262 952 1384 993 mox
1417 937 1621 993 sanctis
1659 936 1856 992 oranti-

258 1034 380 1090 bus
411 1031 612 1102 templo
642 1029 709 1085 ad
740 1029 913 1085 solum
943 1027 1172 1097 deiecto,
1203 1027 1546 1083 sacerdotum
1579 1025 1647 1079 ad
1687 1024 1856 1090 mille,

259 1138 400 1178 cum
429 1135 761 1193 paganorum
789 1116 1151 1185 multitudine,
1165 1116 1329 1172 occisi
1359 1123 1504 1172 sunt.
1530 1114 1635 1170 Sed
1659 1115 1855 1170 iterum

265 1215 343 1270 ab
370 1215 510 1270 irato
536 1213 700 1283 impio
739 1211 970 1282 praeside
1016 1209 1191 1266 sancti
1233 1209 1605 1265 retruduntur.
1634 1207 1735 1275 Qui
1778 1207 1860 1262 di-

265 1305 400 1357 vina
432 1301 802 1357 consolatione
828 1307 989 1356 nocte
1028 1307 1155 1354 sunt
1182 1296 1504 1354 mirabiliter
1541 1295 1855 1351 confortati.

274 1391 544 1464 Sequenti
601 1407 730 1448 vero
781 1390 902 1447 luce
962 1390 1212 1462 producti
1262 1398 1389 1444 sunt
1441 1388 1508 1444 de
1557 1389 1854 1444 custodia:

272 1500 301 1526 ι
327 1487 557 1557 oleoque
599 1484 777 1540 infuso
811 1483 1032 1550 liciniis,
1062 1496 1258 1537 manus
1293 1490 1348 1536 et
1371 1481 1538 1553 pedes
1578 1495 1766 1536 eorum
1795 1479 1862 1536 li-

271 1585 490 1648 gantur,
542 1574 788 1646 ignisque
839 1573 911 1628 ita
963 1571 1304 1641 supponitur.
1353 1568 1461 1625 Sed
1509 1584 1631 1625 eum
1672 1570 1858 1625 invicti

229 1735 232 1744 Ι
274 1663 657 1734 perdurarent,
684 1661 897 1716 Juliano
936 1668 990 1715 et
1014 1659 1171 1715 Celso
1211 1669 1389 1714 cutem
1427 1659 1619 1728 capitis
1655 1657 1857 1714 auferri

270 1752 447 1824 jubet,
484 1751 759 1808 Antonino
787 1760 842 1806 et
877 1750 1164 1806 Anastasio
1193 1749 1396 1804 lumina
1421 1747 1600 1814 effodi,
1631 1747 1855 1803 Martio—
1886 1738 1932 1798 Β

273 1845 420 1901 uilla
440 1843 724 1914 equuleum
760 1841 963 1914 parari.
987 1841 1115 1897 Hzec
1138 1856 1262 1897 eum
1303 1840 1380 1895 illi
1409 1839 1706 1896 fortissime
1732 1855 1854 1910 per-

262 1935 552 2000 vicissent,
580 1934 710 1990 feris
737 1933 1064 1989 intromissis
1088 1933 1142 1988 in
1171 1933 1628 2004 amphitheatrum
1664 1932 1732 1986 ad
1763 1932 1855 1987 de-

269 2029 574 2084 vorandum
615 2042 709 2083 eos
736 2027 1071 2098 objecerunt.
1102 2023 1210 2082 Sed
1260 2024 1388 2081 ferae
1427 2025 1594 2096 pedes
1638 2033 1856 2081 sancto-

267 2135 393 2173 rum
433 2119 726 2189 lingebant.
749 2117 1014 2189 .Cumque
1038 2117 1220 2174 omnia
1264 2117 1642 2187 pervicissent,
1673 2115 1858 2170 militi-

267 2211 373 2266 bus
407 2226 501 2266 cos
540 2209 701 2265 ferire
725 2209 909 2280 jussit.
964 2210 1140 2279 Atque
1179 2207 1272 2264 tali
1301 2208 1599 2268 certamine
1619 2207 1853 2280 palmam

268 2303 475 2373 adepti,
526 2319 689 2375 regna
725 2316 980 2358 mansura
1007 2308 1381 2373 perceperunt.

692 2433 756 2489 C.
795 2432 863 2489 IV
900 2431 1059 2488 IDUS
1094 2429 1430 2488 JANUARII.

929 2524 1020 2594 (to
1047 2522 1202 2594 Jan.)

357 2635 509 2706 Apud
534 2634 878 2701 Thebaidem,
907 2633 1104 2688 natalis
1147 2631 1324 2688 sancti
1356 2629 1510 2686 Pauli
1537 2630 1697 2702 primi
1736 2645 1856 2687 ere-

277 2727 448 2792 mitaa,
478 2727 566 2796 qui
601 2742 628 2780 a
654 2735 809 2782 sexto
838 2724 1046 2782 decimo
1071 2723 1246 2779 astatis
1274 2738 1385 2780 sua:
1419 2737 1562 2778 anno
1589 2737 1758 2792 usque
1786 2722 1855 2778 ad

271 2815 630 2876 centesimum
660 2827 716 2873 et
744 2818 962 2873 tertium
987 2816 1256 2872 decimum
1278 2813 1424 2870 solus
1445 2813 1501 2868 in
1529 2827 1713 2869 eremo
1731 2829 1855 2884 per-

271 2910 494 2965 mansit.
529 2909 694 2980 Cujus
718 2911 952 2965 animam
984 2909 1126 2964 inter
1146 2905 1513 2978 apostolorum
1540 2913 1596 2961 et
1624 2908 1853 2977 prophe-

269 3008 454 3055 tarum
489 3001 683 3056 choros
732 3001 800 3057 ad
826 2999 1021 3056 etelum
1064 2998 1194 3056 ferri
1261 2998 1330 3053 ab
1376 2997 1582 3069 angelis
1626 3008 1849 3054 sanctus

269 3090 543 3146 Antonius
568 3093 722 3147 vidit.

343 3181 373 3223 δ
399 3180 456 3238 S.
487 3181 697 3254 ilyginii
724 3197 894 3254 papae,
921 3182 1013 3253 qui
1036 3182 1174 3238 sedit
1198 3182 1382 3239 Romm
1405 3197 1576 3238 annos
1596 3190 1846 3251 quatuor.

271 3275 375 3331 llic
403 3277 684 3332 constituit
725 3275 953 3340 elerum,
991 3283 1047 3330 et
1085 3276 1361 3332 distribuit
1403 3276 1622 3346 gradus.
1662 3273 1851 3345 Sepul-

271 3375 364 3422 tus
390 3367 444 3420 in
472 3366 730 3422 Vaticano
755 3381 808 3421 tv
829 3365 952 3421 Idus
982 3365 1243 3421 Januarii.

346 3458 500 3528 Apud
534 3458 794 3530 Cyprum,
825 3459 971 3514 beati
1013 3458 1321 3524 Nicanoris,
1351 3460 1441 3530 qui
1483 3476 1623 3516 unus
1661 3458 1761 3514 fuit
1787 3459 1851 3514 de

275 3561 482 3624 septem
508 3553 700 3624 primis
727 3553 1068 3634 diaeonibus3

351 3657 374 3685 ε
398 3646 463 3700 Et
488 3647 740 3701 adventio
770 3646 942 3701 sancti
976 3645 1231 3715 martyris
1256 3644 1546 3700 llcrmetis.

697 3777 758 3831 D.
802 3776 866 3831 III
905 3775 1066 3832 IDUS
1098 3775 1433 3832 JANUARII.

930 3870 1015 3940 (ll
1046 3867 1198 3939 Jan.)

347 3985 502 4055 Apud
545 3984 950 4049 Alexandriam,
995 3983 1192 4038 natalis
1236 3990 1545 4038 sanctorum
1581 3981 1854 4038 confesso-

274 4091 428 4140 rum;
451 4073 618 4138 Petri,
647 4074 858 4138 Severi,
898 4071 1072 4137 Lucii,
1106 4087 1333 4141 quorum
1371 4081 1521 4141 gesta
1561 4073 1851 4129 habentur.

348 4167 577 4238 (Possiil.
612 4167 664 4221 in
706 4165 903 4230 Indic.,
951 4181 1000 4219 c.
1031 4165 1064 4219 5
1089 4175 1143 4220 et
1189 4165 1268 4237 9.)
1307 4165 1364 4220 In
1411 4164 1612 4230 Africa,
1658 4166 1854 4221 natalis

349 4321 378 4350 ι
415 4308 512 4363 Ole
580 4325 644 4362 uc
691 4308 867 4377 infuso
923 4306 1114 4362 liciuiis
1162 4323 1348 4361 manus
1395 4317 1442 4360 et
1488 4307 1640 4375 pedes
1675 4323 1854 4361 eorum

351 4325 633 4433 anturﬂta
663 4379 870 4432 restitui
909 4394 978 4432 ex
1025 4393 1155 4432 mss.
1195 4376 1329 4431 Male
1359 4377 1515 4433 vulgo
1559 4376 1712 4433 lianis
1755 4393 1852 4433 uro

270 4380 528 4447 ligantur.
557 4376 633 4433 Ita
663 4376 870 4432 restitui
909 4394 978 4447 ex
1025 4393 1155 4432 mss.
1195 4376 1329 4431 Male
1359 4377 1515 4447 vulgo
1559 4376 1712 4446 lignis
1755 4393 1852 4447 pro

271 4436 469 4502 lii-inii:
496 4465 514 4504 :
544 4449 686 4518 quod
730 4446 1018 4516 posterius,
1060 4447 1197 4518 quia
1216 4462 1397 4501 rarum
1444 4436 1547 4508 Est,
1580 4436 1651 4518 ἐξ
1673 4436 1850 4518 minus
1881 4446 1928 4505 D

273 4515 632 4582 intellectum,
660 4515 900 4572 errorem
930 4515 1226 4587 rati,lignis
1252 4518 1597 4587 substituere.
1621 4515 1727 4572 Sed
1754 4519 1845 4586 qui

272 4587 440 4659 iignis
471 4592 634 4659 pedes
658 4598 718 4659 et
747 4586 1228 4659 manusligantur?
1253 4586 1468 4659 Liciniis
1493 4586 1654 4659 igitur
1677 4587 1844 4659 ligati,

273 4657 341 4714 id
359 4665 444 4713 est
471 4657 721 4714 funiculis
744 4658 984 4728 stuppeis
1013 4657 1331 4728 aut'xylinis
1360 4671 1391 4728 e
1431 4657 1626 4726 quibus
1651 4658 1846 4712 cande-

271 4728 461 4798 larum,
495 4727 756 4798 ellychnia
806 4727 976 4798 fiunt,
1027 4727 1250 4798 materia
1302 4727 1486 4798 utique
1533 4728 1618 4783 cui
1669 4728 1843 4798 oleum

273 4795 612 4868 infundatur,
657 4807 805 4868 apta.
847 4797 1083 4851 Isidorus
1123 4797 1268 4868 Orig.
1323 4795 1413 4851 libi
1439 4813 1531 4862 xx,
1576 4814 1695 4866 cap.
1734 4797 1842 4868 l0:

281 4885 302 4918 ι
320 4866 590 4990 tIipeerna
609 4883 640 4923 e
668 4867 849 4924 licinio
873 4867 1014 4922 dicta
1041 4874 1126 4922 est
1174 4866 1316 4923 unde
1343 4876 1400 4921 et
1421 4867 1600 4922 brevis
1620 4876 1704 4922 est
1730 4867 1842 4932 lux,

281 4953 312 4990 ιι
410 4952 625 4990 ersrus:
1333 4947 1339 4957 ‘

275 4945 342 4992 ut
367 4938 625 4992 Persius:
1333 4947 1339 4957 ‘

405 5029 659 5092 Disposita
684 5031 912 5093 pinguem
933 5029 1162 5080 nebulam
1186 5042 1413 5080 vomuere
1439 5029 1672 5079 lucernas.

277 5121 340 5177 Si
367 5121 512 5177 enim
538 5137 570 5175 a
594 5120 713 5176 luce
736 5119 1022 5183 diceretur,
1047 5135 1154 5175 non
1181 5129 1348 5175 staret
1378 5135 1584 5174 versus.
1610 5117 1848 5174 Licinius

275 5199 462 5261 autem
491 5191 643 5261 quasi
682 5189 934 5261 lucinius,
960 5198 1041 5245 est
1070 5191 1212 5261 enim
1244 5189 1514 5261 cicendela
1543 5189 1792 5242 lucernae.
1823 5208 1841 5261 ε

276 5259 418 5316 Vide
449 5259 695 5315 eumdem
727 5259 817 5315 lib.
849 5276 964 5324 XIX,
995 5275 1112 5329 cap.
1144 5259 1229 5325 19,
1271 5267 1325 5313 et
1366 5259 1458 5312 lib.
1494 5274 1630 5321 xvu,
1659 5272 1780 5329 cap.
1813 5259 1846 5313 6

275 5329 613 5386 Glossarium
656 5327 1089 5386 Camberonense
1131 5346 1230 5384 ms.
1259 5347 1271 5382 :
1307 5347 1325 5380 ε
1355 5329 1619 5383 Licinium
1651 5327 1849 5382 dicitur

278 5399 412 5455 illud
443 5402 584 5471 quod
623 5401 717 5471 de‘
735 5399 916 5471 licinio
943 5400 1178 5471 candela:
1203 5399 1441 5471 ardentis
1474 5399 1538 5471 _in
1576 5396 1722 5452 fumo
1749 5414 1846 5471 ex-

280 5466 589 5593 stingiiitur.
625 5489 645 5523 ›
684 5466 884 5527 Omitto
913 5470 1016 5526 alia
1045 5469 1407 5534 recentiorum
1440 5467 1849 5541 glossographo-

282 5555 400 5593 rum
449 5556 564 5593 rica.

282 5555 400 5594 rum
431 5555 564 5597 loca.

283 5611 740 5736 Anisﬁ’ouliﬁcale,
781 5630 830 5670 c.
866 5607 948 5671 10.
985 5611 1116 5669 Vide
1138 5612 1377 5668 libellum
1429 5609 1494 5666 de
1541 5607 1844 5667 Festivitat.

329 5692 464 5748 post.

1953 495 2180 552 verbum
2202 493 2328 552 fecit
2350 494 2418 549 ad
2445 495 2699 566 populum
2724 494 3086 566 Carthaginis.

2295 605 2359 662 E.
2397 607 2626 663 PRIDIE
2658 607 2817 664 IDUS
2855 606 3190 665 JANUARII.

2609 698 2700 769 (is
2725 699 2878 772 an.)

2023 810 2180 883 Apud
2226 811 2510 879 Achaiam,
2559 813 2759 869 natalis
2805 811 2979 868 sancti
3025 811 3204 883 Satyri
3252 813 3529 885 martyris,

1957 901 2091 957 civis
2135 901 2371 969 Arabiae,
2398 902 2488 973 qui
2533 904 2802 959 transiens
2828 913 2954 958 ante
2997 905 3264 974 quoddam
3306 905 3529 970 idolum,

1957 1009 2077 1049 cum
2115 993 2450 1051 exsulllasset
2488 995 2637 1060 illud,
2671 996 2889 1068 signans
2931 996 3032 1051 sibi
3062 996 3314 1063 frontem,
3347 1000 3528 1053 statim

1957 1088 2192 1154 corruit;
2229 1089 2297 1144 ob
2319 1104 2480 1159 quam
2507 1104 2723 1146 causam
2749 1089 3044 1146 decollatus
3071 1100 3172 1146 est.

2025 1178 2192 1250 (Zeno
2227 1179 2452 1247 Verum,
2482 1197 2707 1236 sermon.
2736 1182 2938 1252 propr.)
2977 1181 3179 1236 Eodem
3212 1182 3298 1236 die
3324 1182 3523 1238 natalis

1957 1270 2130 1325 sancti
2161 1270 2376 1326 Arcadii
2405 1271 2680 1342 martyris,
2710 1286 2908 1342 genere
2935 1280 2992 1326 et
3017 1272 3292 1328 miraculis
3318 1273 3471 1328 clari.

2390 1384 2452 1439 F.
2493 1383 2718 1441 IDIBUS
2753 1383 3086 1441 JANUABII.

2607 1475 2700 1548 (15
2725 1474 2878 1547 Jan.)

2027 1589 2233 1656 Romae,
2283 1590 2368 1644 via
2417 1589 2707 1657 Lavicana,
2763 1604 2980 1646 coronas
3018 1588 3249 1645 militum
3293 1589 3531 1661 quadra-

1957 1681 2126 1754 ginta,
2157 1680 2259 1737 sub
2287 1680 2527 1736 Gallieno
2556 1681 2898 1751 imperatore.

2030 1772 2285 1837 Pictavis,
2315 1773 2487 1828 sancti
2514 1771 2702 1826 Hilarii
2725 1770 2964 1842 episcopi
2992 1779 3048 1826 et
3065 1768 3415 1836 confessoris,
3439 1769 3532 1840 qui

1954 1866 2025 1922 ob
2051 1865 2369 1922 catholicam
2393 1864 2552 1919 fidem
2587 1863 2943 1933 quadriennio
2965 1865 3106 1934 apud
3129 1862 3414 1934 Phrygiam
3447 1877 3531 1917 re-

1954 1955 2182 2027 legatus.
2233 1954 2381 2010 lnter
2423 1953 2556 2010 alias
2595 1954 2827 2009 virtutes
2853 1952 3028 2010 fertur
3069 1952 3213 2022 quod
3258 1960 3528 2007 mortuum

1955 2043 2320 2100 suscitaverit.

2023 2127 2506 2204 Apud‘Viennam,
2535 2132 2707 2188 sancti
2753 2130 2882 2188 Veri
2907 2132 3167 2203 episcopi,
3214 2132 3306 2204 qui
3336 2146 3529 2202 praese-

1955 2224 2035 2281 dit
2061 2223 2317 2281 Ecclesia:
2338 2232 2461 2295 post
2493 2232 2739 2279 sanctum
2767 2223 3074 2278 Evantium.

2308 2339 2376 2397 G.
2427 2337 2549 2396 XIX
2587 2337 2743 2394 KAL.
2783 2337 3171 2395 FEBRUARII.

2603 2429 2693 2501 (l4
2723 2429 2876 2500 Jan.)

2024 2545 2181 2616 Apud
2212 2543 2402 2600 Nolam
2426 2542 2756 2614 Campanire,
2783 2544 2960 2599 natale
2997 2543 3143 2600 beati
3186 2542 3380 2600 Felicis
3405 2557 3528 2614 pre-

1955 2637 2179 2710 sbyteri.
2230 2635 2327 2692 Hic
2349 2652 2380 2691 a
2423 2635 2654 2690 Maximo
2699 2635 2917 2692 Nolanae
2945 2635 3094 2691 urbis
3117 2635 3370 2706 episcopo
3407 2650 3530 2705 pre-

1954 2731 2175 2803 sbyterii
2207 2730 2411 2784 honore
2441 2729 2696 2798 przedilus
2722 2735 2822 2782 est.
2849 2727 2982 2783 Cum
3013 2735 3192 2782 autem
3235 2727 3526 2796 imperato-

1956 2836 2072 2875 rum
2107 2819 2322 2874 deereta
2351 2817 2685 2873 Christianos
2704 2819 2910 2887 insequi
2934 2817 3336 2888 prmcepissent,
3361 2818 3528 2871 maxi-

1955 2926 2075 2965 mus
2095 2908 2335 2980 pontifex
2359 2909 2475 2979 jam
2501 2910 2650 2962 senio
2682 2916 3073 2978 prmgravatus,
3112 2915 3308 2977 putans
3335 2922 3393 2960 se
3422 2921 3526 2960 non

1955 3015 2113 3073 posse
2154 3000 2298 3056 ferre
2353 3000 2635 3069 supplicia,
2678 2999 2933 3054 silvarum
2975 2999 3143 3054 saltus
3191 2999 3341 3054 adiit.
3383 2999 3530 3065 Quos

1879 3091 1925 3154 C
1957 3093 2082 3147 dum
2125 3091 2370 3147 turbidus
2409 3091 2473 3145 de
2502 3091 2879 3161 persecutione
2917 3099 3273 3160 pererrasset,
3304 3088 3528 3145 affectus

1955 3185 2116 3252 fame,
2145 3184 2262 3254 gelu
2309 3184 2548 3248 attritus,
2575 3183 2688 3240 solo
2720 3182 2925 3238 corruit
2951 3183 3260 3238 semivivus.
3286 3181 3356 3236 At
3397 3183 3528 3238 bea-

1954 3286 2040 3332 tus
2054 3277 2206 3332 Felix
2228 3277 2506 3348 presbyter
2531 3285 2738 3345 captus,
2772 3284 2827 3329 et
2848 3273 3074 3330 vinculis
3097 3275 3368 3338 astrictus,
3402 3281 3530 3328 ante

1950 3370 2232 3442 prrrsidem
2263 3368 2526 3424 Draccum
2553 3369 2837 3431 adductus,
2869 3383 2988 3421 cum
3017 3367 3184 3422 multa
3214 3367 3281 3423 de
3301 3375 3524 3436 porten-

1953 3462 2022 3516 tis
2052 3462 2290 3524 dcorum,
2339 3461 2481 3530 quod
2525 3461 2657 3515 nihil
2703 3469 2904 3523 essent,
2936 3461 3249 3530 disputaret,
3295 3473 3528 3529 eumque

1951 3550 2242 3622 praefectus
2291 3550 2570 3604 immolare
2614 3549 2937 3620 impelleret,
2977 3548 3523 3618 respondit:lnimici

1948 3641 2085 3695 estis
2131 3639 2355 3694 deorum
2395 3647 2722 3694 vestrorum.
2769 3638 2848 3692 Ad
2880 3654 3212 3709 quaecunque
3253 3641 3394 3694 enim
3440 3655 3526 3695 me

1951 3731 2174 3785 deorum
2203 3738 2503 3784 vestrorum
2537 3729 2732 3800 templa
2762 3730 3042 3794 duxeritis,
3075 3730 3177 3785 hoc
3207 3731 3285 3784 eis
3312 3731 3526 3784 eveniet

1951 3824 2094 3896 quod
2119 3823 2298 3878 evenit
2324 3822 2430 3878 illis
2457 3822 2522 3877 ad
2552 3839 2671 3892 quae
2707 3837 2889 3877 meum
2917 3822 3140 3876 fratrem
3169 3821 3398 3877 Felicem
3427 3837 3524 3875 vos

1952 3916 2169 3971 duxisse
2195 3913 2463 3986 paenituit.
2497 3912 2601 3969 Sed
2633 3915 2676 3969 si
2704 3914 2866 3972 vultis
2884 3914 3113 3984 probare
3136 3914 3384 3968 virtutem
3417 3912 3520 3968 Do-

1951 4005 2085 4069 mini
2113 4005 2217 4059 mei
2246 4002 2372 4059 Iesu
2395 4003 2613 4068 Christi,
2642 4018 2725 4058 me
2759 4003 2826 4057 ad
2855 4001 3176 4073 Capitolium
3210 4003 3287 4057 ire
3309 4002 3514 4071 jubele,

1953 4105 2012 4151 ut
2041 4096 2212 4165 ipsum
2237 4092 2442 4159 Jovem,
2470 4093 2764 4164 principem
2789 4093 3170 4148 dremoniorum
3193 4102 3519 4161 vestrorum,

1954 4201 2111 4240 ruere
2141 4184 2356 4239 faciam.
2388 4183 2508 4239 Mox
2533 4183 2726 4254 impius
2749 4185 2911 4255 judex
2947 4184 3271 4254 compressis
3299 4185 3520 4242 auribus

2026 4357 2048 4385 ε
2093 4343 2159 4398 Et
2189 4343 2426 4398 adventio
2454 4344 2620 4397 sancti
2642 4343 2886 4412 martyris
2916 4342 3197 4397 Hermetis.
3230 4343 3346 4399 Non
3375 4354 3522 4400 recte

1958 4418 2008 4470 in
2041 4415 2253 4484 vulgato
2282 4414 2524 4484 inventio.
2562 4411 2993 4484 Intelligitdenim
3020 4413 3210 4484 sancti
3252 4413 3522 4471 Hermctis

1957 4481 2362 4542 translationem
2407 4483 2575 4537 Roma
2630 4481 2685 4536 in
2733 4481 2954 4539 Gallias.
3003 4481 3180 4552 Atque
3226 4484 3330 4539 huc
3377 4486 3524 4541 refer

1954 4556 2095 4628 quod
2129 4553 2388 4628 Molanus,
2416 4552 2791 4628 cautissimus
2809 4560 3132 4628 sanctorum
3162 4553 3399 4628 historia:
3438 4555 3522 4628 inf

1953 4621 2198 4697 dagator,
2223 4624 2276 4697 in
2304 4622 2572 4677 natalibus
2603 4621 2701 4697 SS.
2736 4621 2901 4697 Belgii
2933 4623 2998 4676 ad
3029 4622 3168 4697 diem
3203 4623 3273 4678 28
3295 4623 3520 4693 Augusti

1952 4691 2120 4760 notat,
2148 4709 2207 4750 se
2231 4694 2284 4748 in
2306 4701 2518 4764 vetusto
2549 4693 2778 4764 quodam
2801 4691 3179 4764 Martyrologi‘o
3203 4691 3517 4764 annotatum

1951 4768 2296 4823 observasse:
2316 4779 2368 4818 tv
2382 4763 2410 4817 Ι
2414 4764 2511 4818 dus
2531 4763 2801 4828 Januarii,
2817 4763 3234 4818 adventiosancti
3260 4763 3520 4820 Hermelis

1952 4837 2199 4916 martyris
2247 4835 2389 4916 apud
2447 4833 2658 4889 ludam.
2711 4833 3049 4916 Atque‘bafc
3092 4833 3160 4916 de
3195 4833 3516 4916 .die_prim:e

1952 4902 2338 4960 translationis.
2362 4906 2572 4958 Annum
2594 4902 2850 4974 exprimit
2869 4902 3175 4972 Sigebertus
3194 4904 3244 4974 in
3263 4902 3517 4960 Chronico

1953 4977 2049 5032 85l
2078 4995 2090 5030 :
2125 4995 2144 5026 ι
2178 4975 2437 5044 Reliquiae
2478 4973 2675 5028 sancti
2696 4973 2966 5044 Hermetis
2993 4973 3246 5043 martyris
3272 4989 3368 5043 per
3416 4973 3515 5044 L0:

1955 5046 2186 5102 tharium
2213 5043 2591 5113 imperatorem
2632 5044 2686 5098 in
2727 5043 2928 5100 Gallias
2955 5044 3260 5108 mittuntur,
3293 5054 3349 5099 et
3374 5043 3515 5113 apud

1953 5117 2135 5171 ludam
2187 5111 2569 5169 monasterium
2616 5114 2916 5169 honorifice
2951 5114 3274 5168 conduntur.
3327 5132 3343 5163 ι
3385 5111 3510 5167 Inda

1951 5187 2100 5242 locus
2147 5194 2228 5241 est
2270 5183 2424 5254 juxta
2459 5185 2878 5254 Aquisgranum.
2913 5183 3002 5238 ubi
3034 5183 3090 5238 S.
3129 5183 3509 5254 Corneliing-

1951 5252 2282 5317 nasterium,
2308 5255 2361 5309 in
2387 5252 2537 5324 quod
2569 5252 2653 5310 hui
2685 5254 2924 5376 religuiae
2953 5254 3128 5322 primo
3154 5252 3301 5308 fuere
3327 5252 3509 5306 illatae.

1951 5328 2076 5376 Inde
2106 5326 2462 5376 Rothnacum.
2493 5339 2613 5376 dum
2634 5324 2756 5376 villa
2831 5323 3086 5376 rabautite
3106 5332 3208 5376 est.
3233 5337 3375 5376 anno
3405 5321 3509 5376 860

1948 5328 2076 5382 Inde
2105 5321 2462 5389 Rothnaeum,
2493 5339 2613 5394 qua:
2634 5324 2756 5379 villa
2783 5321 3086 5394 Brabantiae
3106 5332 3375 5394 est,ganno
3405 5321 3510 5394 860

1950 5398 2188 5453 deducta:
2219 5395 2252 5450 6
2274 5395 2422 5466 ilulii,
2453 5391 2764 5466 ut'habetur
2795 5394 2850 5448 in
2882 5391 3508 5466 Martyrologiqproprias

1950 5468 2204 5521 Ecclesire
2230 5485 2242 5519 :
2265 5465 2384 5533 Ipso
2406 5467 2488 5519 die
2514 5465 2788 5518 translatio
2812 5463 3040 5533 corporis
3060 5463 3226 5533 sancti
3251 5463 3509 5515 Hermelis

1949 5538 2195 5606 martyris
2221 5531 2586 5589 in'llothnaco.
2627 5533 2760 5588 Hinc
2790 5531 2948 5606 Dani_s
2990 5531 3255 5606 Belgicam
3289 5539 3508 5606 vastam

1949 5601 2328 5662 tibus'Othone
2359 5607 2679 5674 imperatore
2700 5619 2884 5660 rursus
2913 5603 3094 5674 ludam
3130 5603 3328 5658 relataa.
3359 5601 3506 5666 Post,

1951 5675 2112 5731 rebus
2137 5676 2359 5748 pacatis,
2390 5672 2452 5730 ad
2479 5673 2880 5731 Rothnacenses
2911 5672 3134 5729 rediere.
