3962 6366
507 270 611 325 215

501 475 698 535 mentis
723 477 1019 548 applicari;
1051 479 1176 536 inde
1195 484 1402 539 carceri
1429 484 1738 553 includitur,
1767 488 1820 543 in
1840 505 1948 559 quo
1971 506 2077 546 non

501 570 868 628 mediocribus
893 572 1126 630 vinculis
1170 576 1438 640 astrictus,
1493 578 1726 639 cochleis
1765 597 1828 637 ac
1871 584 2078 641 testulis

497 661 792 732 suppositis
828 664 1158 720 extenditur.
1202 667 1266 720 Et
1294 682 1418 726 ecce
1446 678 1604 726 nocte
1635 672 1808 726 media
1855 675 2077 746 angelus

497 752 727 815 Domini,
767 753 1059 815 eonfractis
1097 759 1324 824 catenis,
1356 759 1634 832 scissaque
1663 764 1815 820 trabe
1841 781 1946 836 qua
1983 785 2076 838 pc-

497 844 595 899 des
623 843 739 914 ejus
761 845 998 907 conclusi
1027 849 1370 915 tenebantur,
1397 853 1472 906 ait
1499 853 1573 911 illi
1604 869 1619 908 :
1647 853 1818 928 Surge
1840 866 1894 912 et
1922 874 2075 930 egre-

493 935 645 1000 dere,
673 951 736 991 ac
764 939 978 1006 require
995 940 1332 1003 sacerdotem
1366 950 1533 1008 tuum,
1567 941 1951 1020 inventumque
1989 967 2072 1008 re-

493 1028 598 1083 duc
633 1029 700 1083 ad
746 1029 955 1095 urbem,
997 1039 1052 1086 et
1077 1032 1367 1098 absconde,
1402 1053 1471 1100 ne
1503 1037 1680 1096 inedia
1705 1057 1769 1098 ac
1811 1043 1954 1101 fame
1982 1046 2073 1102 de-

489 1127 696 1189 pereat,
749 1120 920 1176 donee
960 1120 1174 1179 desinat
1223 1129 1548 1196 persecutio.
1594 1130 1839 1203 Dumque
1880 1135 2072 1194 beatus

487 1204 636 1262 Felix
668 1223 918 1278 egressus
960 1216 1296 1270 sacerdotem
1345 1227 1401 1274 et
1441 1221 1752 1293 episcopum
1796 1240 1952 1281 suum
1985 1243 2069 1284 re-

484 1299 746 1368 quireret,
780 1301 985 1360 invenit
1009 1305 1157 1361 illum
1184 1308 1298 1364 solo
1319 1321 1664 1381 prostratum,
1701 1316 1900 1372 clausis
1940 1333 2070 1373 oouc

485 1391 572 1456 Iis,
600 1393 911 1465 strictisque
941 1398 1188 1456 dentibus
1214 1403 1300 1457 vix
1323 1404 1639 1474 spirantem.
1665 1408 1731 1464 Et
1761 1424 1882 1464 cum
1907 1412 2068 1467 anxie

489 1484 791 1552 requireret
809 1488 935 1556 quid
962 1489 1201 1547 alimenti
1229 1494 1437 1552 defecto
1461 1499 1574 1553 seni
1597 1501 1916 1572 porrigeret,
1937 1519 2066 1562 ecce

482 1574 661 1630 subito
697 1576 762 1632 de
805 1580 1047 1636 sentibus
1089 1599 1244 1638 uvam
1291 1588 1523 1655 pendere
1565 1592 1831 1648 miratur:
1857 1596 1924 1650 de
1961 1612 2064 1665 qua

479 1664 745 1736 aliquibus
773 1671 954 1740 grauis
984 1673 1036 1726 in
1084 1689 1147 1729 os
1173 1675 1499 1734 confessoris
1526 1679 1728 1738 Christi
1765 1664 2060 1755 expressis,

1511 279 1568 334 S.
1607 278 1858 337 ADONIS
1893 280 2321 340 ARCIIIEPISC.
2365 288 2769 348 Vll-JNNENSIS

503 384 638 448 suis,
669 383 832 453 jussit
871 400 995 440 eum
1041 388 1273 445 fustibus
1319 394 1473 456 otedi,
1502 393 1694 449 deinde
1733 397 1944 464 equuloi
1975 405 2084 452 tor-
2115 404 2160 459 Α

3667 311 3764 369 216

2258 401 2411 472 Apud
2467 403 2728 470 Viennam
2799 415 2969 466 sancti
3041 413 3204 472 Caeldi
3252 419 3490 490 episcopi
3544 423 3758 486 (Adoin

2183 488 2378 548 Chron.
2412 511 2554 552 anno
2579 495 2726 568 686.)

2522 626 2588 686 Α.
2631 627 2791 684 XVIII
2830 631 2983 689 KAL.
3023 634 3415 698 FEBRUARII.

2831 722 2920 794 (l5
2957 724 3112 796 Jan.)

2248 825 2464 885 Abacue
2491 839 2545 885 et
2573 827 2809 892 Michaete
2837 837 3244 907 prophetarum,
3273 857 3504 914 quorum
3531 860 3760 918 corpora

2178 919 2280 978 Sub
2303 920 2537 977 Arcadio
2581 923 2904 994 imperatore
2950 929 3128 985 divina
3173 933 3497 992 revelatione
3544 928 3761 1009 reperta

2175 1021 2318 1069 sunt.

2243 1103 2375 1158 Item
2405 1105 2546 1160 beati
2582 1106 2799 1163 Macarii
2841 1109 3070 1177 abbatis,
3113 1113 3358 1186 discipuli
3409 1115 3553 1173 beati
3589 1125 3758 1177 Anto-

2172 1192 2309 1260 nini,
2348 1195 2457 1250 vita
2489 1205 2544 1251 et
2567 1198 2844 1256 miraculis
2871 1202 3233 1260 celeberrimi.

2238 1285 2369 1346 Item
2409 1286 2552 1343 beati
2581 1271 2772 1347 lsidori
2809 1294 3094 1349 sanctitate
3126 1295 3272 1362 vitae,
3297 1295 3401 1354 fide
3427 1313 3490 1354 ac
3515 1302 3755 1359 miracu-

2169 1375 2236 1431 Iis
2266 1376 2532 1445 praeclari.

2237 1467 2392 1538 Apud
2427 1469 2700 1528 Bituricas
2729 1473 3024 1540 civitatem,
3051 1478 3332 1534 translatio
3376 1478 3590 1552 Sulpitii
3639 1485 3755 1554 epi-

2167 1558 2315 1626 scopi
2364 1568 2416 1614 et
2467 1561 2818 1628 confessoris,
2861 1567 2951 1636 qui
2996 1583 3026 1622 a
3070 1571 3298 1638 pueritia
3345 1573 3517 1628 sacris
3554 1573 3754 1632 litteris

2167 1648 2413 1706 eruditus
2437 1659 2494 1706 et
2535 1662 2736 1709 sanctae
2761 1660 3188 1716 conversationis
3237 1661 3357 1718 luce
3399 1665 3750 1736 conspicuus,

477 1757 754 1825 paululum
807 1762 992 1817 senior
1042 1763 1372 1822 refocillatus
1417 1771 1676 1826 surrexit.
1735 1740 1906 1840 Quem
1961 1740 2062 1831 bu:
2092 1766 2137 1826 Β
2167 1740 2531 1840 e.“°"'_""°“s
2565 1744 2854 1840 "imum
2900 1749 3114 1806 clarum
3168 1751 3298 1809 P0“
3339 1754 3500 1810 etiam
3543 1772 3748 1814 comm

477 1848 642 1904 meris
698 1851 1010 1921 impositum
1071 1855 1219 1912 Felix
1271 1859 1336 1914 ad
1391 1861 1664 1918 civitatem
1721 1865 1942 1933 detulit,
2005 1875 2062 1924 et

473 1939 574 2020 sub
627 1942 848 2012 tugurio
888 1943 1168 2013 cujusdam
1222 1948 1394 2006 vidua:
1445 1955 1909 2023 commendatum,
1961 1959 2060 2013 ali-

475 2017 671 2087 mentis
710 2033 880 2103 pavit.
930 2036 1134 2092 Deinde
1175 2047 1384 2110 captus,
1424 2042 1477 2096 in
1519 2043 1778 2099 exsilium‘
1809 2017 2058 2117 deporta-

473 2130 562 2175 tur
603 2122 796 2179 beatus
828 2133 1054 2198 martyr,
1107 2127 1160 2183 in
1207 2140 1389 2185 monte
1426 2134 1516 2202 qui
1559 2136 1792 2191 vocatur
1828 2138 2052 2206 Circeis,

470 2209 561 2265 ubi
599 2209 804 2282 lapides
859 2215 1289 2286 excidebantur,
1340 2229 1401 2276 ut
1453 2222 1566 2292 ipse
1613 2239 1736 2281 eum
1784 2227 2053 2287 damnatis

467 2307 583 2376 pari
616 2307 775 2364 modo
802 2309 1040 2381 lapidum
1069 2328 1240 2370 caesor
1270 2325 1431 2371 esset.
1464 2317 1562 2373 Ubi
1582 2318 1742 2376 Probi
1771 2322 2050 2392 cujusdam

467 2397 671 2455 tribuni
705 2399 867 2456 filiam
900 2417 931 2457 a
961 2403 1226 2461 dwmonio
1267 2406 1534 2476 liberavit,
1567 2427 1899 2484 uxoremque
1935 2417 2051 2488 ejus

464 2489 534 2545 ab
561 2490 836 2562 hydropisi
868 2495 1057 2550 morbo
1085 2499 1314 2561 curavit,
1349 2499 1629 2570 ipsumque
1663 2501 1894 2560 Probum
1924 2521 2047 2563 cum

465 2599 632 2644 uxore
658 2595 712 2640 et
735 2585 863 2654 filia,
887 2597 942 2643 et
966 2589 1209 2659 pluribus
1239 2592 1377 2656 aliis,
1403 2593 1454 2648 in
1491 2595 1707 2652 Christo
1729 2599 2044 2669 baptizavit.

465 2673 590 2729 Post
619 2676 813 2731 deinde
852 2694 975 2734 cum
1006 2697 1285 2751 regressus
1330 2693 1492 2749 esset,
1534 2698 1811 2745 crescente
1860 2707 2045 2760 perse-

459 2767 695 2834 cutione,
729 2769 924 2825 iterum
954 2772 1188 2827 mittitur
1223 2784 1538 2844 persecutor
1563 2794 1628 2832 ex
1676 2796 1900 2838 numero
1944 2799 2042 2854 ap-

452 2858 786 2926 paritorum,
812 2861 904 2932 qui
938 2861 1154 2918 beatum
1178 2863 1412 2920 Felicem
1469 2876 1693 2924 teneret.
1725 2871 1894 2939 Quem
1920 2889 2044 2930 cum

457 2947 686 3004 sollicite
723 2952 1040 3020 requireret,
1072 2962 1127 3008 et
1149 2956 1397 3011 eumdem
1424 2957 1658 3015 Felicem
1687 2961 2046 3034 interrogaret

458 3038 503 3092 si
544 3050 727 3094 nosset
762 3042 849 3096 ubi
893 3041 1044 3111 Felix
1091 3046 1371 3129 presbyter
1401 3047 1594 3105 lateret
1630 3065 1644 3105 :
1678 3050 1811 3119 Hac,
1850 3055 2044 3126 inquit,

457 3128 608 3182 Felix
665 3140 818 3210 parte
872 3133 1024 3200 abiit.
1083 3128 1436 3206 Persecutore
1503 3140 1831 3210 discedente,
1889 3144 2038 3202 Felix
2069 3139 2114 3203 C

457 3220 719 3287 latebram
747 3224 923 3293 petiit.
957 3226 1064 3282 Sed
1094 3244 1194 3294 nec
1220 3245 1396 3301 mora,
1424 3243 1740 3307 perseeutor
1769 3237 1880 3320 ipse
1914 3240 2038 3307 sub-

453 3315 716 3391 sequitur.
746 3315 814 3370 At
849 3326 1055 3395 martyr
1105 3319 1247 3387 inter
1294 3324 1530 3393 parietes
1577 3315 1802 3393 dirutos.
1829 3331 2042 3399 occule-

454 3401 634 3466 batur,
687 3401 775 3456 ubi
805 3402 857 3456 iu
903 3403 1017 3474 ipso
1046 3405 1221 3475 primo
1249 3409 1440 3466 domus
1467 3412 1686 3480 introitu
1715 3431 2037 3473 araneorum

454 3491 575 3546 tela:
603 3493 989 3562 dependentes,
1023 3495 1168 3562 intus
1215 3501 1484 3561 neminem
1533 3512 1659 3568 tunc
1687 3505 1942 3574 intrasse,
1977 3509 2038 3563 d-

451 3583 571 3638 dem
604 3581 867 3651 fecerunt,
901 3585 1015 3664 Qua
1053 3589 1258 3652 visione
1296 3592 1510 3662 delusus
1540 3595 1789 3663 inimicus
1819 3597 2036 3659 absces-

449 3676 537 3732 sit.
568 3676 657 3734 Sic
690 3689 895 3752 martyr
923 3682 989 3736 ad
1019 3683 1182 3740 alium
1219 3686 1396 3742 locum
1447 3690 1774 3762 demigraus,
1823 3709 1852 3748 a
1919 3712 2034 3761 mu-

449 3765 577 3823 liere
629 3771 860 3839 quadam
911 3787 1010 3848 per
1056 3783 1165 3841 tres
1216 3791 1429 3845 menses
1480 3788 1664 3848 pastus
1717 3793 1826 3850 est;
1881 3784 2034 3863 cujus

449 3867 626 3916 tamen
669 3861 888 3929 faciem,
917 3865 1044 3920 dum
1084 3867 1271 3924 iisdem
1303 3869 1543 3934 latibulis
1568 3872 1857 3941 celaretur,
1883 3861 2031 3935 nullo

447 3953 608 4009 modo
637 3954 787 4008 vidit.
817 3955 1165 4013 Postmodum
1193 3973 1320 4020 vero
1341 3962 1483 4031 apud
1504 3961 1691 4030 Nolam
1719 3968 1905 4036 ροηιίῑὶ
1941 3985 2027 4037 em

447 4043 834 4099 dtemoniurum
894 4047 962 4102 ad
1031 4047 1301 4104 Christum
1353 4063 1672 4111 convertens
1703 4095 1717 4120 ,
1772 4059 2026 4128 templum

447 4132 743 4202 Apollonis,
781 4136 929 4204 prius
960 4137 1201 4194 daemone
1236 4141 1324 4210 qui
1365 4157 1619 4212 responsa
1649 4147 1810 4203 dalat
1839 4151 2026 4220 expulq

447 4239 528 4288 so,
581 4224 757 4279 divina
798 4227 996 4284 virtute
1044 4227 1256 4300 dejecit.
1303 4231 1604 4291 Virtutibus
1659 4237 1840 4308 itaque
1893 4243 2028 4298 adeo

445 4314 689 4381 illustris,
738 4334 859 4372 eum
896 4319 1058 4375 vellet
1103 4323 1384 4380 universus
1431 4327 1658 4397 populus
1688 4329 1923 4387 Nolanus
1968 4343 2027 4388 ut

445 4408 717 4465 levaretur
745 4411 1048 4492 episcopus,
1098 4430 1204 4468 non
1254 4419 1544 4483 consensit,
1579 4421 1671 4476 sed
1716 4423 1942 4479 alterum
1969 4426 2024 4480 in

2163 1833 2404 1902 deposita
2435 1838 2824 1896 monachorum
2855 1839 3016 1897 Pater
3053 1844 3291 1911 exstitit;
3337 1856 3496 1917 atque
3523 1848 3653 1906 inde
3674 1852 3746 1908 ad

2161 1924 2517 1995 episcopalem
2546 1939 2835 1998 provectus
2855 1933 3190 2003 cathedram,
3216 1936 3326 1991 vita
3351 1936 3550 2000 clarus.
3579 1941 3744 1999 miras

2160 2017 2294 2073 culis
2323 2017 2590 2090 gloriosus
2617 2022 2844 2092 quievit.

2512 2152 2574 2213 Β.
2616 2153 2759 2215 XVII
2798 2155 2952 2212 KAL.
2993 2159 3382 2219 FEBRUARIL

2811 2251 2902 2321 (re
2935 2252 3087 2326 rana

2225 2353 2411 2412 Romae
2438 2359 2523 2413 via
2553 2359 2763 2416 Salaria
2813 2362 2864 2416 in
2893 2367 3211 2424 cmmeterio
3236 2367 3516 2438 Priscillae,
3545 2372 3743 2432 natalis

2153 2446 2325 2500 sancti
2352 2445 2587 2504 Marcelli
2611 2465 2786 2520 papae,
2803 2452 2916 2522 qui,
2939 2452 3162 2523 jubente
3188 2457 3479 2514 Maximino
3495 2460 3734 2531 impera-

2154 2543 2289 2602 tore,
2327 2539 2502 2609 primo
2553 2540 2789 2598 fustibus
2831 2561 3000 2601 etesus
3049 2557 3103 2603 et
3144 2565 3174 2603 a
3227 2550 3366 2607 facie
3409 2552 3527 2623 ejus
3568 2571 3738 2626 quem

2152 2627 2478 2697 corripiebat
2528 2632 2788 2700 expulsus
2828 2643 2928 2692 est.
2962 2635 3165 2693 Deinde
3194 2640 3417 2697 audiens
3459 2645 3607 2713 quod
3638 2645 3750 2701 (ιο-δ

2151 2729 2295 2769 mum
2327 2726 2530 2772 sanctae
2560 2719 2795 2786 Lucinze,
2832 2738 2992 2793 quam
3020 2725 3136 2796 ipse
3159 2729 3554 2800 proscriptione
3584 2732 3737 2788 dam-

2149 2813 2394 2872 naverat,
2446 2822 2512 2863 eo
2563 2811 2704 2878 quod
2749 2811 2815 2866 de
2869 2811 3214 2871 facultatibus
3251 2818 3363 2872 suis
3405 2817 3736 2877 Christianis

2149 2893 2447 2964 donaverit,
2477 2900 2764 2955 ecclesiam
2804 2901 3026 2968 faceret,
3055 2915 3110 2960 ct
3153 2908 3204 2960 in
3252 2923 3314 2962 ea
3368 2910 3564 2967 missas
3590 2912 3734 2968 cele-

2149 2985 2354 3054 braret,
2391 2988 2443 3043 in
2487 2991 2662 3045 media
2706 2993 2925 3049 civitate
2965 2993 3126 3064 jussit
3179 2997 3234 3052 in
3262 2999 3455 3056 eadem
3500 3000 3732 3058 ecclesia

2148 3075 2368 3146 plancas
2398 3081 2566 3134 sterni
2597 3081 2662 3136 ad
2705 3084 2956 3141 animalia
2989 3088 3218 3142 catabuli
3248 3090 3470 3159 publici,
3499 3101 3555 3147 et
3581 3094 3732 3163 ejus-

2147 3163 2270 3219 dem
2297 3167 2493 3222 stabuli
2521 3170 2832 3242 episcopum
2878 3175 2944 3228 ad
2981 3176 3259 3231 servitium
3289 3178 3604 3234 animalium
3632 3184 3729 3237 de-

2145 3255 2356 3324 putavit
2378 3273 2500 3314 cum
2534 3263 2776 3318 custodia
2803 3265 3035 3334 publica.
3065 3267 3165 3323 Ubi
3195 3269 3356 3324 etiam
3382 3281 3502 3341 post
3527 3273 3729 3329 multos

2145 3361 2318 3402 annos
2347 3350 2665 3428 serviendo,
2697 3353 2914 3410 indutus
2945 3357 3143 3412 amictu
3174 3359 3411 3426 cilicino,
3440 3360 3737 3422 defunctus

2140 3444 2225 3496 est
2259 3448 2354 3502 :et
2401 3440 2651 3496 conditus
2701 3446 3033 3502 aromatibus
3079 3462 3109 3501 a
3157 3445 3364 3503 Joanne
3407 3452 3728 3522 presbytero

2140 3543 2204 3582 ac
2256 3544 2286 3583 a
2323 3529 2480 3584 beata
2531 3531 2729 3598 Lucina
2757 3576 2770 3599 ,
2820 3536 3060 3606 sepultus
3111 3538 3164 3592 in
3212 3543 3525 3597 coemeterio
3573 3541 3725 3600 Pris-

2137 3620 2293 3685 cillie.

2205 3712 2360 3784 Apud
2402 3716 2695 3783 Arelatem,
2728 3721 2899 3784 sancti
2945 3721 3202 3780 Honorati
3246 3726 3525 3798 episcopi,
3569 3724 3726 3798 cujus

2133 3805 2240 3859 vita
2275 3806 2516 3864 doctrina
2545 3824 2609 3864 ac
2645 3810 2918 3869 miraculis
2949 3814 3170 3871 illustris
3195 3816 3423 3875 refulsit.

2498 3939 2559 3996 C.
2601 3942 2718 3998 XVI
2759 3943 2916 4000 KAL.
2960 3947 3348 4015 FEBRUARII.

2785 4035 2876 4105 (I7
2913 4036 3063 4110 ιαηδ

2200 4143 2256 4201 In
2285 4141 2520 4217 Egypto
2549 4147 2687 4216 apud
2717 4147 3045 4205 Thebaidem
3065 4192 3080 4216 ,
3119 4153 3259 4208 beati
3285 4153 3500 4210 Antonii
3529 4172 3722 4212 monaq

2129 4233 2238 4298 chi,
2289 4235 2379 4304 qui
2430 4236 2549 4291 sine
2609 4237 2713 4292 ulla
2768 4240 2996 4296 scientia
3046 4241 3348 4299 litterarum
3401 4245 3719 4317 Scripturas

2130 4324 2361 4387 divinas,
2386 4335 2442 4381 et
2467 4329 2781 4388 memoriter
2800 4331 3066 4386 audiendo
3091 4334 3353 4400 tenuisse,
3383 4345 3438 4391 ct
3473 4338 3718 4407 pruden-

2129 4422 2212 4469 ter
2252 4417 2538 4490 cogitando
2563 4418 2890 4490 intellexisse
2918 4425 3264 4492 prasdieatnr.
3294 4427 3583 4484 Multorum
3602 4448 3718 4488 mo-

444 4500 572 4554 sede
603 4501 895 4570 poutilicali
935 4502 1159 4575 eligens,
1201 4505 1314 4575 ipse
1355 4517 1477 4577 post
1524 4509 1804 4567 duodecim
1835 4528 2024 4583 annos,

2161 4508 2430 4573 tacitorum
2469 4509 2652 4577 Pater,
2707 4513 2812 4568 vita
2843 4523 2898 4570 et
2941 4516 3218 4572 miraculis
3265 4520 3716 4587 pmclarissimus

441 4605 578 4660 quos
631 4592 771 4660 apud
823 4591 1011 4652 Nolam
1061 4605 1304 4655 cessante
1354 4601 1734 4666 persecutione
1780 4602 2021 4672 fecerat,

441 4682 718 4738 Dominica
748 4682 836 4738 die
877 4685 1146 4762 mysteriis
1188 4686 1466 4754 confectis,
1498 4689 1621 4744 data
1668 4707 1801 4762 pace
1844 4696 2023 4756 omni-

441 4778 563 4844 bus,
593 4791 652 4832 se
683 4777 736 4842 in
782 4760 1152 4846 pavimentum
1187 4791 1439 4837 oraturus
1488 4782 1714 4853 projecit
1744 4804 1757 4840 :
1791 4803 2023 4857 moxque

439 4868 584 4923 beati
616 4868 715 4922 viri
746 4868 926 4924 anima
974 4868 1040 4925 de
1069 4871 1246 4927 carnis
1288 4874 1561 4943 ergastulo
1614 4890 1850 4946 egressa,
1899 4885 2022 4947 post

437 4960 621 5030 gravia
645 4968 934 5026 tormenta,
969 4976 1086 5031 qum
1110 4964 1379 5032 patienter
1427 4965 1620 5020 tulerat
1658 4983 1757 5037 pro
1783 4968 2018 5035 Christo,

438 5050 615 5107 felicia
649 5067 842 5124 regna,
888 5053 1001 5124 ipse
1043 5068 1168 5110 vere
1196 5055 1345 5111 Felix
1378 5059 1714 5113 conscendit.
1748 5059 2022 5130 Sepultus-

2127 4599 2281 4660 vixit.
2333 4599 2498 4670 Cujus
2545 4617 2745 4674 corpus
2790 4605 2890 4660 sub
2936 4604 3240 4672 Iustiniano
3287 4609 3615 4680 imperatore
3637 4613 3714 4668 di-

2123 4691 2247 4745 vina
2315 4693 2644 4750 revelatione
2713 4703 2986 4764 repertum
3029 4738 3042 4759 ,
3115 4699 3499 4754 Alexandriam
3561 4701 3714 4758 dela-

2126 4790 2235 4843 tum
2270 4791 2385 4848 est,
2428 4794 2483 4844 et
2516 4785 2566 4838 in
2611 4768 2842 4850 ecclesia
2888 4789 3029 4844 beati
3071 4789 3295 4852 Ioannis
3323 4790 3577 4862 Baptista:
3611 4794 3713 4848 liu-

2123 4884 2350 4928 malum.

2192 4965 2346 5036 Apud
2404 4966 2732 5039 Linguonas,
2781 4971 2962 5026 natale
3009 4983 3322 5029 sanctorum
3351 4976 3702 5045 geminorum

2122 5054 2425 5125 Speusippi,
2470 5057 2742 5131 Eleusippl
2772 5069 2827 5117 et
2860 5062 3192 5134 Meleusippi.
3229 5066 3330 5134 Qui
3371 5083 3495 5122 cum
3521 5080 3710 5126 essent

439 5157 543 5214 que
587 5142 742 5214 juxta
793 5145 979 5200 urbem
1029 5145 1082 5200 in
1132 5145 1250 5202 loco
1277 5148 1368 5217 qui
1421 5149 1619 5203 dicitur
1663 5149 1877 5215 Pincis,
1930 5155 2019 5209 ubi

2161 5148 2308 5219 igiuti
2345 5150 2582 5220 quinque
2607 5168 2893 5222 annorum,
2926 5172 3049 5222 cum
3084 5158 3205 5212 avia
3238 5175 3334 5214 sua
3358 5159 3623 5227 LeoniIIa,
3649 5173 3706 5218 et

437 5237 601 5294 claris
638 5252 851 5309 semper
882 5237 1050 5310 fulget
1091 5239 1417 5307 virtutibus,
1463 5241 1532 5295 ab
1585 5240 1826 5312 Ilelpidio
1853 5284 1867 5309 ,
1923 5260 2014 5302 ve-

439 5328 662 5384 nerabili
709 5338 765 5384 et
811 5338 1000 5385 sancto
1042 5331 1377 5403 presbytero.
1431 5331 1528 5387 Hic
1570 5332 1731 5387 etiam
1766 5333 2017 5390 beatissi-

437 5437 558 5487 mus
609 5431 811 5493 martyr
873 5431 926 5476 et
988 5421 1262 5478 confessor
1330 5424 1597 5479 haereticis
1667 5423 2014 5482 invictissime

434 5515 649 5573 restitit.

576 5631 770 5702 Ligatis
816 5632 1054 5714 manibus
1101 5647 1328 5714 surstmt,
1359 5640 1404 5684 et
1450 5630 1668 5714 pedibus
1707 5631 1901 5713 insunt.
1931 5631 2008 5688 Ita

432 5701 742 5768 constanter
767 5719 893 5760 mss.
918 5705 1089 5761 insunt
1113 5701 1196 5767 vel
1217 5702 1383 5766 iosum
1405 5701 1502 5772 pro
1531 5702 1754 5769 iursum,
1785 5702 2004 5770 iorsum,

2116 5238 2321 5308 Ionilla,
2353 5254 2407 5298 et
2446 5242 2647 5307 Neone,
2683 5247 2948 5317 martyrio
2992 5251 3235 5311 coronati
3266 5259 3414 5316 sunt,
3463 5262 3707 5323 tempore

2119 5335 2396 5392 Aureliani
2429 5336 2794 5406 imperatoris.
2825 5337 3036 5395 Gemini
3078 5342 3298 5412 quidem
3331 5344 3381 5407 in
3410 5359 3515 5397 una
3537 5345 3700 5399 arbo—

2121 5443 2180 5482 re
2200 5427 2464 5500 suspensi,
2513 5427 2692 5498 Iigatis
2729 5429 2981 5485 manibus
3009 5447 3247 5498 sursum,
3283 5442 3335 5486 et
3367 5433 3596 5502 pedibus
3621 5434 3703 5493 iu~

2119 5533 2237 5572 sum
2254 5531 2299 5583 α,
2327 5519 2400 5572 ita
2425 5518 2651 5581 extenti,
2682 5527 2742 5572 ut
2789 5533 2924 5588 pene
2952 5529 3272 5589 putarentur
3294 5521 3361 5575 ab
3387 5522 3504 5596 ipsa
3535 5538 3696 5588 mem-

2156 5647 2215 5684 rn
2259 5644 2364 5714 quo
2402 5627 2570 5714 Ovulgo
2601 5627 2969 5714 .siubstitu'tum
3006 5631 3272 5686 deorsum.
3313 5631 3408 5714 Sic
3431 5632 3570 5714 infra
3610 5648 3699 5686 xw

2146 5701 2240 5769 Iaii
2274 5719 2284 5753 :
2319 5698 2520 5765 Deinde
2546 5699 2718 5753 triduo
2751 5701 2918 5769 rapite
2953 5702 3124 5756 iusum
3161 5703 3408 5757 suspendi
3427 5721 3444 5764 ;
3473 5703 3562 5759 ubi
3591 5718 3694 5757 non
