3962 6366
129 358 246 415 21⁸1

815 344 1415 404 MARTYROLOGIUM
1451 343 1596 400 CUM
1633 339 2171 398 ADDITAMENTIS.
2213 373 2282 382 -~
2323 340 2530 398 MENS.
2570 342 2718 398 ΗΝ.

2565 251 2592 267 θ’

3303 346 3409 403 218

131 473 366 528 brorum
418 476 676 536 compage
714 461 989 534 separari;
1041 469 1098 515 et
1136 469 1260 531 post
1301 459 1415 513 haec
1459 456 1512 510 in
1542 456 1718 525 ignem
1751 463 1798 522 Α
1827 452 2092 524 martyrii.
2145 451 2402 510 Educitur
2449 454 2648 509 iterum
2694 454 2761 508 ad
2811 462 3119 520 certamen,
3175 459 3410 514 circum-

132 559 492 635 przecipitati,
524 571 627 612 nec
657 565 838 610 tamen
869 551 1006 618 laesi,
1047 551 1189 606 inter
1218 549 1385 604 verba
1418 547 1729 602 orationum

133 654 310 710 simul
364 652 668 719 migrarunt
713 647 782 702 ad
823 643 1132 700 Dominum.
1169 639 1355 714 lonilla
1387 639 1493 695 hoc
1516 637 1727 702 videns,

135 746 400 800 confessa
447 751 533 796 est
581 753 653 794 se-
685 737 851 792 etiam
893 748 1014 791 esse
1063 732 1449 788 Christianam.
1500 729 1569 784 Et
1607 735 1731 799 post

135 833 544 905 comprehensa
567 845 598 886 a
627 828 822 892 turbis,
863 841 927 882 ac
956 824 1166 896 capillis
1194 837 1482 893 suspensa,
1521 820 1732 874 multis-

136 941 251 996 que
281 923 481 979 afflicta
507 919 806 991 suppliciis,
838 933 962 973 cum
996 916 1274 971 Christum
1307 928 1508 985 negare
1529 911 1730 966 noluis-

137 1027 247 1084 set,
273 1032 398 1072 cum
424 1013 665 1070 Leonilla
717 1020 802 1066 est
841 1009 999 1066 simul
1030 1008 1208 1079 gladio
1235 1014 1533 1078 perempta.
1579 1003 1727 1059 Neon

139 1116 409 1177 exceptor
433 1113 728 1176 gestorum,
752 1109 809 1156 et
835 1088 950 1171 ipse
975 1098 1176 1154 Christi
1202 1113 1398 1153 nomen
1423 1095 1726 1161 confessus,

141 1195 414 1266 martyrio
447 1202 739 1250 coronatus
774 1199 877 1247 est.
912 1191 1105 1246 Docuit
1138 1197 1318 1244 autem
1345 1199 1400 1243 et
1434 1189 1730 1259 baptizavit

141 1291 394 1365 geminos
439 1290 540 1344 hos
585 1287 857 1358 Benignus
903 1286 1208 1357 presbyter,
1254 1298 1417 1354 quem
1469 1283 1616 1337 misit
1660 1281 1729 1338 ab

142 1382 370 1439 Oriente
399 1381 592 1435 beatus
615 1377 966 1449 Polycarpus,
989 1373 1212 1431 Joannis
1248 1371 1476 1444 apostoli
1513 1371 1730 1427 auditor

145 1473 202 1528 in
231 1470 483 1536 Galliam,
509 1484 634 1524 cum
657 1467 937 1523 Andochio
962 1465 1278 1536 presbytero
1299 1473 1354 1520 et
1374 1463 1587 1534 Thyrso
1615 1463 1730 1517 dia-

147 1575 306 1620 cono.
335 1558 543 1630 Sepulti
593 1565 720 1612 sunt
764 1566 947 1610 autem
976 1555 1138 1610 iidem
1163 1554 1366 1626 gemini
1397 1554 1450 1608 in
1490 1552 1729 1608 secundo

149 1649 404 1705 milliaria
433 1648 503 1704 ab
548 1646 681 1703 urbe
709 1645 1070 1716 Linguonum.
1112 1644 1333 1698 Turbon
1355 1650 1560 1708 autem,
1588 1642 1727 1697 scri-

151 1739 285 1797 bons
339 1737 595 1794 victorias
653 1734 1025 1790 confitentium
1084 1733 1394 1797 Dominum,
1444 1747 1552 1788 non
1607 1739 1730 1803 post

154 1831 381 1891 multum
406 1827 662 1904 temporis
689 1826 1008 1898 martyrium
1037 1838 1326 1895 perpessus
1352 1832 1453 1879 est.

221 1925 374 1998 Apud
402 1925 690 1989 Bituricas,
715 1921 938 1994 Sepultii
966 1921 1224 1992 episcopi.

502 2055 568 2110 Ι).
600 2055 694 2110 XV
748 2053 903 2109 ΚΑΙ».
956 2053 1331 2115 FEBRUARII

806 2146 897 2221 (18
924 2146 1078 2218 Jan.)

215 2263 488 2324 Cathedra
519 2261 693 2321 sancti
735 2259 882 2319 Petri
931 2260 1183 2331 apostoli,
1229 2275 1337 2338 qua
1380 2261 1613 2337 primum
1637 2277 1724 2317 se-

153 2357 224 2413 dit
248 2356 459 2412 Romze.

218 2449 424 2504 Eodem
467 2446 592 2511 die,
646 2444 840 2502 natalis
886 2455 1086 2502 sanctae
1138 2445 1339 2508 Prisca:
1391 2446 1617 2519 virginis
1673 2455 1727 2501 et

152 2539 430 2610 martyris.

229 2628 296 2683 Et
330 2630 385 2683 in
426 2627 615 2694 Ponto,
663 2627 857 2684 natalis
903 2638 1215 2683 sanctorum
1264 2637 1566 2700 martyrum
1607 2628 1722 2687 Mo-

156 2719 249 2775 δερὶ
303 2729 358 2774 et
403 2719 698 2784 Ammonii,
754 2718 847 2788 qui
900 2733 1023 2774 cum
1083 2725 1266 2773 essent
1324 2718 1564 2784 milites,
1615 2718 1728 2792 pri-

153 2829 242 2869 mo
298 2812 368 2868 ad
424 2811 637 2868 metalla
688 2810 967 2881 deputati,
1027 2811 1322 2866 novissime
1367 2810 1480 2882 igni
1539 2811 1724 2867 traditi

152 2913 291 2960 mn"
487 2972 550 3027 E.
587 2969 723 3026 xw.
764 2969 922 3025 KAL.
962 2969 1356 3026 FEBRUARII.

800 3063 891 3135 (19
927 3062 1081 3134 Jan.)

1832 553 2110 617 spectante
2140 545 2336 617 populo
2375 547 2429 601 in
2460 547 2877 618 amphitheatro,
2906 556 2960 601 et
2988 548 3331 605 dimittuntur
3355 552 3406 607 ei

1832 635 1939 692 duo
1983 635 2186 691 leones.
2233 634 2338 702 Qui
2385 635 2764 702 mansuefacti,
2817 638 3034 692 beatum
3086 636 3409 696 Pontianum

1831 725 2056 782 minime
2094 725 2408 797 tetigerunt.
2439 726 2594 794 Quod
2631 727 2877 783 videntes
2907 728 3108 798 populi,
3138 729 3409 785 exclama-

1831 827 2027 874 verunt
2058 836 2070 873 :
2104 819 2244 874 Vere
2296 834 2525 890 magnus
2571 828 2655 874 est
2687 819 2830 875 Deus
2851 821 3308 888 Christianorum,
3335 821 3409 877 ita

1831 919 1891 965 ut
1920 910 2112 964 seditio
2139 909 2313 964 fieret.
2346 910 2545 964 lterum
2575 911 2767 966 beatus
2791 922 2998 982 martyr
3029 911 3326 966 retruditur
3353 912 3409 967 in

1831 1018 2106 1058 carcerem
2141 1017 2236 1072 per
2263 1002 2546 1058 duodecim
2574 1004 2690 1060 dies
2734 1013 2791 1058 ut
2826 1002 2968 1059 fame
3006 1005 3284 1066 deficeret,
3317 1003 3411 1060 ubi

1831 1093 1900 1149 ab
1923 1093 2114 1164 angelo
2159 1094 2521 1161 confortatus,
2563 1101 2618 1150 et
2668 1094 2880 1150 cmlesti
2915 1096 3036 1150 cibo
3081 1105 3268 1164 pastus
3304 1103 3408 1152 est.

1829 1184 1959 1241 Post
1986 1185 2269 1241 duodecim
2291 1201 2422 1240 vero
2445 1186 2562 1241 dies
2585 1194 2836 1256 putantes
2865 1202 2989 1242 eum
3010 1185 3290 1252 defecisse,
3311 1187 3412 1242 mi-

1830 1278 1986 1334 nistri
2023 1288 2305 1344 venerunt,
2347 1287 2405 1334 ut
2432 1293 2629 1349 corpus
2649 1276 2766 1347 ejus
2799 1279 3077 1341 tollerent,
3108 1287 3162 1334 et
3191 1279 3412 1334 invene-

1831 1380 1959 1428 runt
2000 1388 2124 1428 eum
2160 1371 2474 1441 psallentem
2514 1379 2570 1426 et
2610 1370 2797 1426 laudes
2817 1369 2929 1426 Deo
2953 1371 3243 1426 dicentem.
3270 1369 3412 1426 Edu-

1830 1474 1949 1520 ctus
1979 1464 2175 1519 iterum
2198 1464 2263 1517 de
2285 1476 2505 1518 carcere
2535 1470 2639 1524 est,
2671 1469 2726 1517 et
2747 1469 3004 1516 extensus
3027 1475 3188 1531 super
3208 1460 3411 1516 lectum

1830 1555 2084 1620 ferreum,
2121 1554 2345 1626 jubente
2379 1553 2545 1624 impio
2586 1551 2800 1623 judice,
2853 1566 2916 1606 ac
2970 1550 3193 1623 plumbo
3237 1551 3413 1606 ferve-

1831 1643 1974 1701 facto
1999 1645 2218 1701 dorsum
2266 1643 2408 1698 illius
2445 1643 2742 1713 perfusum.
2777 1641 2883 1697 Sed
2913 1657 3038 1697 cum
3079 1651 3286 1713 martyr
3322 1650 3408 1697 ta-

1829 1736 1900 1792 lia
1929 1735 2323 1806 parvipendens
2365 1735 2597 1790 invictus
2635 1741 2896 1798 maneret,
2928 1730 3183 1788 confusus
3215 1731 3409 1787 Fabia-

1755 1814 1802 1874 B
1829 1842 1934 1882 nus
1980 1827 2207 1883 dictavit
2233 1827 2558 1882 sententiam
2595 1835 2653 1881 ut
2681 1825 2857 1897 capite
2901 1824 3255 1881 minueretur.
3291 1823 3409 1879 Sic-

1830 1933 1935 1989 que
1955 1919 2023 1974 ab
2049 1917 2374 1988 spiculatore
2419 1933 2730 1988 percussus,
2769 1907 2972 1986 quievit
2999 1915 3052 1969 in
3084 1930 3236 1986 pace.
3267 1917 3408 1972 Ceno

1808 2011 2122 2066 ‘summavit
2144 2019 2324 2064 autem
2363 2008 2684 2080 martyrium
2721 2023 2875 2062 suum
2899 2023 2992 2062 χιχ
3021 2007 3139 2061 Kal.
3172 2006 3412 2064 Februa-

1830 2099 1917 2154 rii.
1947 2099 2014 2154 Et
2036 2093 2304 2154 sublatum
2347 2113 2546 2168 corpus
2573 2096 2689 2167 ejus
2729 2112 2758 2152 a
2791 2097 3114 2153 Christianis
3136 2097 3410 2168 sepultum

1828 2199 1912 2246 est
1933 2205 1998 2244 xv
2029 2188 2144 2243 Kal.
2165 2188 2408 2244 Celebris
2438 2204 2564 2243 vero
2587 2189 2700 2244 dies
2739 2188 2908 2260 ipsius
2952 2189 3130 2262 agitur
3167 2205 3264 2272 XIV.
3287 2187 3407 2246 Kal.

1828 2275 2134 2348 Februarii,
2157 2281 2376 2352 quando
2406 2282 2600 2338 iterum
2647 2298 2865 2340 sacrum
2907 2298 3105 2354 corpus
3127 2282 3246 2352 ejus
3292 2299 3414 2338 mu-

1831 2380 2001 2428 tatum
2025 2382 2124 2429 est.

2191 2461 2254 2514 F.
2291 2461 2404 2516 XIII
2455 2461 2607 2516 KAL.
2641 2460 3029 2517 FEBRUARII.

2483 2555 2554 2608 20
2593 2554 2744 2626 Jan.)

1901 2644 2254 2716 (Pontiﬁcale,
2282 2659 2330 2699 c.
2356 2645 2469 2714 2|.)
2497 2642 2699 2709 Romze,
2730 2643 2952 2698 Fabiani
2987 2643 3221 2712 episcopi
3248 2662 3260 2698 :
3293 2645 3405 2714 qui,

1830 2756 1951 2796 cum
2004 2739 2409 2810 quatuordecim
2469 2753 2676 2801 annos,
2740 2751 2953 2791 menses
3008 2737 3295 2804 undecim,
3346 2754 3412 2794 ac

1829 2831 2112 2890 duodecim
2159 2829 2274 2885 dies
2317 2828 2571 2884 Ecclesia:
2608 2836 2884 2898 przeesset,
2915 2842 3106 2897 passus
3141 2836 3226 2883 est
3264 2844 3412 2882 mar-

1833 2922 2032 2992 tyrium
2063 2928 2306 2991 tempore
2334 2919 2504 2983 Decii,
2533 2929 2586 2974 et
2637 2918 2690 2972 in
2738 2918 3053 2973 cmmeierio
3086 2918 3280 2974 Calixti
3328 2935 3413 2976 sc-

1831 3011 2030 3087 pullus.

1901 3104 2104 3160 Eodem
2129 3103 2239 3169 die,
2274 3102 2454 3158 natale
2485 3101 2660 3157 sancti
2689 3099 2989 3158 Sebastiani
3017 3101 3290 3173 martyris,
3321 3102 3416 3172 qui

219 3193 244 3220 ⁸
275 3178 335 3234 In
368 3177 624 3249 Smyrna:
664 3174 858 3268 nam“?
891 3174 1066 3231 δθηθιί
1105 3172 1414 3268 θετιξπληίθί
1448 3173 1724 3245 ωπιῖτίθν
1753 3158 1799 3222 C
1832 3199 1886 3254 in
1911 3206 2119 3254 tantum
2155 3197 2354 3253 charus
2375 3203 2494 3251 erat
2529 3194 2945 3268 imperatoribus
3000 3158 3417 3252 Diocletiano-et

152 3270 390 3347 quicum
417 3269 689 3345 primaeva:
714 3266 890 3326 aetatis
910 3273 1199 3321 venustate
1220 3263 1458 3331 ﬂoreret,
1480 3279 1578 3336 per
1605 3279 1729 3338 gra-

154 3362 278 3421 tiam
305 3359 526 3416 virtutis
549 3358 668 3425 Dei,
715 3365 916 3413 metum
965 3371 1239 3428 corporea
1290 3354 1599 3426 fragilitatis
1636 3372 1730 3412 ex-

153 3450 395 3517 cludens,
439 3458 630 3524 sponte
660 3457 1021 3523 praeparatam
1069 3447 1172 3503 sibi
1221 3447 1477 3514 bestiam,
1506 3449 1730 3503 damna-

155 3553 241 3599 tus
268 3559 298 3597 a
317 3541 500 3612 judice
533 3541 1044 3619 jamtprovocavit:
1096 3540 1251 3610 cujus
1289 3540 1542 3598 dentibus
1581 3555 1730 3596 com-

154 3633 412 3698 minutus,
455 3646 586 3687 vero
641 3631 791 3701 pani,
840 3631 895 3686 id
947 3638 1032 3686 est
1083 3630 1309 3687 Domino
1336 3627 1465 3686 Jesu
1489 3629 1728 3696 Christo,

158 3740 259 3795 pro
282 3726 397 3794 ipso
430 3726 690 3790 moriens,
721 3723 920 3779 meruit
957 3723 1314 3797 incorporati.

227 3817 425 3879 Eodem
448 3816 554 3884 die,
587 3815 767 3871 natale
791 3815 964 3870 sancti
991 3814 1242 3869 Pontiani
1282 3813 1559 3885 martyris,
1590 3810 1731 3886 apud

155 3907 456 3978 Sp‘oletum,
481 3907 811 3977 temporibus
834 3905 1092 3960 Antonini
1119 3905 1484 3975 imperatoris,
1518 3904 1618 3960 sub
1639 3902 1732 3974 ju-

151 4001 271 4056 dice
292 3999 552 4054 Fabiano.
585 3999 726 4054 Aule
756 4013 918 4068 quem
945 3997 1228 4060 adductus,
1283 4006 1338 4050 et
1370 3997 1734 4066 interrogatus

150 4106 260 4161 quo
281 4091 502 4146 nomine
535 4098 840 4172 vocaretur,
882 4089 1160 4160 respondit
1186 4108 1198 4144 :
1224 4087 1271 4141 A
1291 4089 1608 4159 parentibus
1633 4104 1733 4144 no-

151 4202 275 4243 men
320 4187 431 4242 mei
479 4184 784 4256 impositum
835 4195 919 4240 est
967 4184 1298 4250 Pontianus;
1335 4185 1509 4254 majus
1553 4193 1733 4237 autem

151 4295 378 4344 nomen,
420 4278 776 4334 Christianus.
815 4276 967 4332 Tunc
998 4277 1169 4332 iratus
1200 4277 1496 4342 Fabianus,
1536 4291 1732 4346 exspo-

150 4371 274 4426 liari
304 4384 430 4426 eum
459 4378 514 4425 et
559 4370 727 4440 virgis
757 4368 887 4423 ctedi
913 4367 1097 4438 jussit,
1121 4368 1290 4422 donec
1311 4367 1584 4422 videretur
1605 4381 1733 4422 san-

148 4461 276 4534 guis
317 4459 488 4530 ipsius
540 4459 596 4514 in
641 4469 840 4514 terram
867 4458 1054 4513 fluere.
1106 4458 1305 4514 lterum
1353 4456 1516 4528 jussit
1572 4471 1734 4528 super

1829 3289 2175 3354 Maximiano,
2204 3296 2263 3343 ut
2282 3287 2648 3360 principatum
2676 3287 2727 3342 ei
2751 3287 2941 3357 prima:
2964 3285 3207 3342 cohortis
3234 3286 3417 3341 trade-

1830 3389 1969 3436 rent.
2001 3380 2172 3448 Quem
2207 3379 2570 3436 Diocletianus
2611 3380 2702 3434 ubi
2745 3377 3114 3434 Christianum
3141 3381 3414 3451 cognovit,

1830 3487 1931 3527 nec
1951 3487 1980 3525 a
2007 3471 2109 3526 llde
2124 3485 2279 3540 posse
2296 3470 2559 3535 revocari,
2577 3469 2738 3540 jussit
2759 3469 2914 3540 ligari
2930 3471 2984 3524 in
2997 3470 3173 3536 medio
3195 3486 3411 3542 campo,

1829 3559 1984 3631 quasi
2013 3560 2222 3630 signum
2258 3561 2326 3613 ad
2356 3560 2637 3630 sagittam,
2683 3567 2738 3613 et
2780 3559 3024 3629 sagittari
3067 3575 3096 3613 a
3128 3559 3411 3616 militibus.

1830 3651 2079 3719 Quicum
2115 3649 2328 3718 sagittis
2378 3649 2569 3719 plenus
2609 3657 2780 3703 staret
2832 3649 2987 3718 quasi
3018 3649 3286 3717 hericius,
3319 3666 3412 3721 pu-

1832 3749 2007 3796 tantes
2032 3756 2156 3797 cum
2190 3741 2773 3806 mortuum,abierunt.
2803 3739 2971 3795 Nocte
3001 3743 3419 3800 autemveniens

1831 3830 2076 3904 quaedam
2121 3832 2317 3886 mulier
2361 3830 2584 3888 nomine
2633 3830 2832 3885 llirene
2871 3830 3057 3886 tollere
3083 3846 3301 3902 corpus,
3334 3833 3417 3887 in-

1831 3922 1980 3980 venit
2000 3937 2123 3980 enm
2156 3921 2455 3986 viventem,
2485 3930 2541 3977 et
2567 3921 2792 3977 adduxit
2825 3921 2880 3976 in
2908 3921 3127 3976 domum
3158 3938 3334 3990 suam,
3361 3932 3418 3979 et

1833 4027 2018 4069 curam
2067 4012 2184 4083 ejus
2223 4013 2368 4084 egit;
2402 4013 2494 4086 qui
2540 4013 2631 4068 ubi
2653 4011 2947 4079 convaluit,
2979 4013 3177 4070 multos
3207 4014 3260 4068 in
3313 4014 3420 4072 [ide

1832 4102 2174 4160 confortavit.
2226 4102 2340 4159 Nec
2388 4119 2564 4169 mora,
2618 4103 2748 4175 ipsis
2801 4104 3220 4175 imperatoribus
3255 4120 3418 4176 appa-

1833 4211 1978 4260 rens,
2012 4196 2128 4260 hos,
2156 4204 2316 4264 prout
2345 4194 2493 4264 digni
2521 4203 2680 4251 erant
2699 4233 2715 4261 ,
2746 4197 3028 4265 corripuit.
3068 4195 3218 4252 Tunc
3256 4198 3421 4266 jussit

1833 4302 1954 4341 eum
1994 4285 2358 4340 Diocletianus
2404 4287 2458 4340 in
2504 4286 2919 4357 hippodromum
2943 4287 3129 4357 palatii
3168 4288 3324 4352 duci,
3363 4299 3420 4345 et

1834 4374 2080 4444 instigari
2114 4375 2285 4430 donec
2313 4373 2598 4440 deﬁceret;
2653 4391 2815 4446 quem
2845 4385 3118 4432 mortuum
3160 4378 3213 4433 in
3246 4381 3420 4436 maxi-

1838 4480 1977 4518 mam
2004 4464 2242 4518 cloacam
2271 4455 2557 4519 miserunt.
2590 4463 2696 4520 Sed
2721 4465 2809 4520 ille
2835 4466 3086 4535 apparuit
3119 4467 3174 4522 in
3213 4471 3419 4526 somnis

147 4522 422 4620 ἴδει-δοῦρε
451 4551 608 4606 nudis
644 4550 868 4622 pedibus
922 4549 1218 4606 ambulare.
1251 4548 1347 4605 Cui
1375 4551 1566 4606 beatus
1589 4548 1732 4604 Pon-
1763 4522 1813 4582 D
1837 4564 2037 4608 sanctae
2060 4563 2320 4609 matronae
2353 4553 2589 4621 Lucinze,
2617 4555 2806 4610 dicens
2838 4522 3040 4611 :IJinta
3087 4558 3294 4613 circum
3332 4561 3418 4617 in-

149 4645 341 4701 tianus
372 4660 386 4696 :
436 4642 546 4714 Ego
575 4642 631 4697 in
683 4642 900 4697 nomine
953 4642 1164 4697 Domini
1204 4641 1321 4714 .mei
1361 4641 1490 4697 Jesu
1529 4641 1732 4698 Christi
1835 4647 2018 4702 venies
2043 4662 2239 4718 corpus
2283 4663 2483 4715 memn,
2516 4651 2758 4717 pendens
2793 4650 2846 4703 in
2881 4663 3050 4715 unco,
3095 4651 3196 4706 hoc
3223 4655 3414 4710 sordes

149 4734 373 4799 ambulo
400 4751 562 4816 super
582 4737 848 4802 carbones
868 4736 1154 4803 ardentes;
1181 4745 1256 4804 tu,
1287 4735 1334 4791 si
1369 4743 1546 4805 potes,
1579 4735 1733 4790 mitte
1837 4754 1945 4794 non
1996 4741 2324 4810 tetigerunt;
2367 4741 2492 4796 dum
2543 4742 2833 4808 levaveris,
2882 4743 3085 4812 perduc
3129 4745 3195 4798 ad
3252 4745 3416 4802 Cata-

151 4830 208 4883 in
254 4828 472 4892 nomine
507 4827 654 4891 lovis
703 4844 922 4884 manum
961 4829 1016 4883 in
1041 4844 1236 4899 aquam
1269 4829 1521 4884 calidam.
1559 4828 1735 4883 Iratus

150 4918 435 4981 Fabianus
462 4917 625 4994 jussit
669 4918 958 4988 equuleum
1003 4919 1222 4990 parari,
1269 4927 1326 4974 et
1365 4919 1591 4974 uncinos
1628 4918 1735 4973 fer-

150 5025 283 5065 reos
312 5008 454 5076 ﬁeri,
482 5019 538 5066 et
589 5011 661 5066 ibi
714 5027 839 5066 eum
896 5012 1170 5082 suspendi.
1202 5011 1310 5067 Sed
1353 5011 1732 5068 deficientibus

149 5103 428 5158 ministris
476 5103 679 5183 impiis,
703 5103 939 5158 truditur
968 5113 1175 5187 martyr
1204 5104 1298 5168 Dei
1322 5104 1376 5170 in
1407 5103 1516 5167 ima
1544 5118 1733 5160 carce-

151 5195 259 5260 ris,
309 5195 400 5249 ubi
445 5209 476 5249 a
519 5195 783 5267 religiosis
834 5195 964 5252 viris
993 5195 1332 5261 confortatur
1384 5197 1453 5252 ad
1511 5211 1738 5267 agonem

151 5340 314 5386 recte
333 5329 580 5404 vulgatus
597 5349 610 5386 :
629 5331 816 5393 deinde
833 5333 996 5404 jussit
1024 5333 1191 5404 capite
1213 5334 1478 5403 suspendi.
1509 5334 1745 5391 Praeces-

148 5400 406 5482 sitenim
428 5400 588 5482 jussit
619 5404 761 5482 quod
784 5400 847 5482 et
873 5400 1211 5482 illimembro
1239 5400 1542 5482 respondet.
1571 5404 1740 5482 Iussit

149 5472 331 5546 igitur
364 5470 732 5546 Sebastianus,
765 5473 870 5528 dux
896 5473 1257 5546 Alexandriae,
1286 5470 1547 5546 victorem
1569 5479 1738 5546 capite

149 5543 338 5621 imum
361 5544 712 5621 suspendi,_id
741 5551 824 5600 est
853 5546 1122 5600 deorsum.
1148 5542 1278 5621 ΔΝοιι
1324 5543 1543 5599 dubium
1581 5542 1734 5614 mihi,

146 5612 447 5680 antiquum
477 5614 788 5679 adverbium
837 5629 990 5696 esse,
1036 5629 1101 5670 ea
1143 5612 1352 5680 forma,
1382 5630 1486 5684 qua
1531 5612 1732 5675 susurri.

150 5678 345 5750 Habes
367 5683 505 5750 apud
545 5682 838 5739 Varronem
873 5684 1010 5740 libro
1040 5700 1093 5739 IV
1119 5683 1186 5738 dc
1215 5683 1277 5746 L.
1306 5683 1366 5738 L.
1395 5693 1451 5746 ct
1475 5685 1734 5744 Catonem

150 5749 230 5814 de
249 5747 333 5817 Re
362 5723 452 5817 Ili,
483 5767 597 5821 cap.
630 5754 720 5820 57,
752 5771 849 5826 pro
877 5723 1102 5819 aurium.
1131 5754 1208 5810 Ita
1233 5723 1736 5822 auauiti'sai‘éi'i'éi

1836 4833 2088 4896 cumbas,
2122 4840 2179 4886 et
2227 4831 2457 4901 scpelies
2505 4847 2592 4888 me
2644 4833 2697 4886 in
2753 4842 2942 4904 crypta
2985 4833 3140 4902 juxta
3193 4839 3417 4912 vestigia

1837 4922 2224 4992 apostolorum.
2253 4924 2384 4993 Quae
2418 4925 2534 4994 ipsa
2585 4935 2742 4982 nocte
2773 4942 2898 4982 cum
2946 4925 3120 4984 servis
3171 4932 3418 4999 veniens,

1837 5023 2006 5070 totum
2047 5015 2122 5071 ita
2153 5019 2461 5087 complevit.

1911 5110 2113 5166 Eodem
2165 5111 2271 5176 die,
2301 5110 2485 5166 Romae
2525 5112 2722 5167 natalis
2763 5121 3074 5168 sanctorum
3116 5127 3416 5188 martyrum

1841 5205 1994 5268 Marii
2022 5213 2080 5260 et
2105 5202 2347 5269 Marthze,
2373 5218 2496 5258 cum
2540 5203 2666 5259 filiis
2705 5203 2840 5271 suis,
2867 5204 3100 5260 Audifax
3123 5215 3177 5260 et
3199 5207 3418 5262 Abacuc

1844 5339 2014 5392 insunt
2038 5337 2172 5409 olim_
2195 5338 2422 5409 dictum,
2447 5339 2589 5407 quod
2619 5347 2806 5409 postea
2831 5355 3062 5409 sursum,
3095 5339 3290 5396 ianum
3319 5356 3415 5398 seu

1838 5409 2100 5470 deorsum.
2146 5407 2389 5479 Scaliger
2435 5407 2651 5479 quoque
2695 5411 2763 5464 ad
2800 5409 2894 5479 lib.
2918 5423 2956 5479 _v
2977 5408 3181 5479 Manilii
3220 5426 3285 5463 ex
3320 5427 3412 5468 ve-

1840 5479 2140 5534 tustissimo
2166 5477 2548 5549 Martyrologio
2564 5477 2716 5548 prid.
2761 5480 2839 5535 1d.
2883 5477 3007 5531 Maii
3053 5487 3201 5540 citat,
3251 5483 3417 5547 capite

1839 5549 2367 5620 iorsumhsu‘spmdi:
2395 5556 2483 5618 qui
2522 5551 2610 5604 hic
2643 5551 2757 5620 ipse
2787 5552 2936 5607 locus
2967 5556 3049 5602 est
3087 5559 3280 5617 quarto
3318 5554 3415 5607 deo

1839 5619 1983 5674 cimo
2013 5618 2101 5676 die
2132 5618 2254 5672 Maii
2283 5632 2444 5688 quem
2475 5618 2722 5688 proluii.

1911 5702 1934 5728 ιι
1973 5688 2173 5760 Euseb:
2227 5688 2261 5760 l.
2312 5705 2382 5752 tv,
2423 5706 2542 5760 cap.
2594 5691 2645 5743 4.
2693 5691 2818 5746 Vide
2850 5691 3085 5750 libellum
3117 5693 3182 5750 de
3215 5693 3414 5754 chtiv.

1841 5759 2028 5828 Apost.
2067 5760 2116 5813 in
2148 5758 2463 5833 Polycarpo.
