3962 6366
1355 221 1392 249 δ

561 329 668 385 219

1556 321 1614 380 S.
1650 319 1900 378 ΑΙ)οΝιὸ
1933 317 2361 377 ARCIIIEPISC.
2403 320 2812 380 VIENNENSIS

3718 335 3823 390 220

562 439 824 498 nobilium
869 440 936 495 de
978 439 1200 494 Persida
1225 478 1240 505 ,
1273 439 1366 510 qui
1409 438 1476 494 ad
1521 438 1820 494 orationem
1873 444 2137 492 venerant
2164 454 2214 513 Α
2307 436 2392 493 Ad
2410 452 2578 508 aquas
2606 437 2820 493 Salvias
2851 441 3030 495 natale
3057 443 3234 497 sancti
3261 443 3536 500 Anastasii
3565 453 3826 521 martyris

561 529 789 583 Romam
839 537 1081 597 tempore
1123 527 1331 583 Claudii
1375 528 1672 599 principis;
1718 543 1750 584 e
1779 527 1974 598 quibus
2015 535 2140 598 post

563 621 826 675 toleratos
848 618 1036 685 fustes,
1065 620 1372 690 equuleum,
1397 621 1578 692 ignes,
1610 636 1849 693 ungues,
1883 636 2137 676 manuum

559 711 940 780 precisionem,
970 711 1180 766 Martha
1206 712 1262 766 in
1293 711 1540 784 Nympha
1572 721 1785 778 necata,
1817 713 1999 768 caeteri
2041 713 2136 767 de-

562 802 764 867 collati,
800 811 856 857 et
880 811 1077 858 czetera
1099 817 1329 874 corpora
1349 817 1536 860 eorum
1564 813 1690 860 sunt
1715 803 1896 860 omnia
1917 804 2135 859 incensa

563 905 621 952 et
645 896 910 968 dissipata

929 1007 994 1064 G.
1043 1007 1135 1064 XII
1169 1008 1327 1064 KAL.
1353 1008 1744 1066 FEBRUARII.

1196 1100 1278 1168 (2i
1330 1100 1484 1172 Jan.)

629 1203 657 1231 ι
686 1189 872 1244 Romae
895 1189 1093 1246 natalis
1118 1199 1318 1245 sanctae
1347 1189 1568 1260 Agnetis
1609 1189 1834 1262 virginis
1860 1199 1915 1246 et
1936 1197 2139 1261 marty-~

544 1280 655 1345 ris,
683 1295 804 1350 quae
823 1281 924 1334 sub
944 1279 1199 1350 praefecto
1223 1279 1382 1336 Urbis
1409 1281 1791 1352 Symphronio,
1810 1282 2025 1353 ignibus
2050 1285 2138 1341 in-

551 1370 727 1439 jecta,
755 1371 850 1426 sed
882 1373 967 1426 his
998 1385 1097 1442 per
1135 1371 1436 1427 orationem
1467 1373 1636 1442 ipsius
1660 1375 1934 1441 extinctis,
1959 1377 2137 1448 gladio

553 1481 811 1538 percussa
842 1475 944 1522 est.

627 1556 761 1613 Item
783 1558 922 1628 apud
947 1558 1213 1622 Athenas,
1239 1558 1380 1613 beati
1409 1557 1582 1613 Publii
1603 1559 1863 1631 episcopi,
1893 1561 1963 1617 ob
1983 1561 2137 1618 Chri-

556 1651 628 1705 sti
659 1651 980 1722 martyrium
1006 1650 1276 1706 coronati.

627 1742 687 1797 In
729 1741 1025 1812 Hispaniis,
1068 1743 1289 1798 civitate
1313 1742 1625 1799 Tarracona
1645 1785 1658 1809 ,
1690 1743 1886 1800 natalis
1915 1751 2135 1800 sancto-

557 1847 676 1886 rum
702 1841 996 1905 martyrum
1022 1832 1311 1888 Fructuosi
1333 1833 1589 1903 episcopi,
1608 1832 1828 1902 Augurii
1852 1842 1906 1890 et
1928 1833 2135 1906 Eulogii

557 1922 931 1989 diaconorum,
967 1923 1082 1994 qui,
1115 1930 1356 1994 tempore
1394 1922 1644 1990 Gallieni,
1695 1923 1796 1980 sub
1844 1921 2140 1980 )Emiliano

560 2013 808 2080 praeside,
827 2013 1000 2081 primo
1023 2012 1076 2066 in
1107 2027 1382 2068 carcerem
1407 2014 1559 2080 trusi,
1586 2014 1777 2068 deinde
1799 2012 2029 2068 ﬂammis
2056 2014 2139 2068 in-

551 2100 704 2170 jecti,
742 2103 948 2157 exustis
997 2103 1262 2170 vinculis,
1314 2105 1564 2160 manibus
1596 2105 1650 2159 in
1695 2106 1913 2160 modum
1960 2106 2137 2160 crucis

556 2195 831 2264 expansis,
857 2204 1076 2250 orantes
1101 2203 1159 2249 ut
1188 2205 1498 2260 urerentur,
1525 2196 1892 2251 obtinuerunt.
1919 2197 1985 2251 Et
2011 2211 2135 2252 mox

556 2299 697 2338 unus
725 2299 756 2339 e
789 2283 1066 2350 fratribus,
1096 2293 1151 2339 et
1173 2284 1280 2338 tilia
1313 2285 1556 2355 pnesidis
1585 2300 1703 2355 quae
1725 2287 1956 2352 astabat,
1989 2285 2138 2341 vidc-

556 2386 685 2432 runt
718 2380 925 2434 animas
966 2388 1274 2434 sanctorum
1317 2378 1513 2434 coelum
1561 2377 1925 2433 conscendere
1979 2392 2136 2433 coro-

557 2477 737 2526 natas.

626 2558 779 2629 Apud
807 2559 1024 2626 Trecas,
1058 2560 1238 2630 passio
1264 2561 1434 2616 sancti
1477 2559 1707 2614 Patrocli
1751 2559 2025 2630 martyris.

942 2671 1006 2728 Α.
1051 2671 1124 2729 XI
1171 2673 1328 2727 KAL.
1368 2671 1759 2727 FEBRUARII.

1151 2763 1172 2833 |
1209 2763 1300 2834 (22
1325 2763 1477 2832 Jan.)

627 2853 684 2908 In
720 2853 1023 2923 Hispaniis,
1069 2851 1246 2906 natale
1296 2852 1466 2907 sancti
1500 2851 1772 2907 Vincentii
1815 2851 2026 2907 diaconi
2079 2858 2137 2907 et

555 2942 834 3012 martyris,
872 2941 962 3009 qui
1013 2955 1134 2993 cum
1178 2948 1371 2994 sancto
1405 2940 1620 2994 Valerio
1667 2940 1919 3010 episcopo
1961 2955 2058 2996 suo
2103 2955 2134 2994 a

553 3031 966 3100 Caesaraugusta
1025 3029 1241 3083 civitate
1293 3029 1596 3083 Valentiam
1648 3043 1819 3097 usque
1882 3028 2135 3097 gravibus

554 3138 729 3178 nexus
766 3122 989 3185 catenis,
1014 3120 1237 3188 jubente
1267 3121 1521 3181 Daciano,
1556 3119 1843 3188 perductus
1876 3127 1958 3174 est
1986 3135 2000 3184 ;
2033 3119 2133 3173 ibi-

554 3229 659 3284 que
690 3214 829 3268 l‘ame
878 3220 933 3268 et
980 3211 1230 3282 squalore
1263 3213 1498 3266 carceris
1528 3212 1615 3266 diu
1667 3221 1990 3273 maceratus,
2024 3218 2132 3263 tor-

554 3309 754 3365 mentis
779 3306 990 3377 equulei
1021 3314 1075 3360 et
1119 3306 1442 3376 ungularum
1487 3304 1756 3358 horrenda
1807 3302 2133 3356 laceratione

553 3407 801 3461 vexatus,
820 3414 849 3451 a
879 3397 1100 3468 grabato
1126 3397 1286 3451 etiam
1317 3395 1494 3452 ferreo
1521 3395 1820 3448 diutissime
1841 3394 2129 3459 ustulatus,

556 3490 758 3546 arvinae
787 3489 975 3560 guttis,
1013 3497 1066 3542 et
1094 3488 1377 3557 crepitanti
1421 3487 1532 3542 sale
1570 3501 1848 3557 respersus
1873 3494 1974 3541 est.
2005 3487 2133 3541 Post

554 3582 657 3638 hoc
688 3580 738 3633 in
772 3579 1048 3634 teterrimo
1082 3592 1302 3633 carcere
1328 3577 1528 3632 missus
1574 3585 1679 3641 est,
1710 3576 2130 3645 divaricatisque

552 3674 606 3727 in
635 3687 798 3727 nervo
826 3671 1077 3726 cruribus
1096 3712 1108 3735 ,
1139 3684 1301 3740 super
1344 3669 1657 3724 acutissima
1699 3677 1961 3723 testarum
1989 3666 2131 3738 frag-

553 3772 731 3818 menta
755 3762 1024 3833 projectus
1057 3771 1161 3818 est.
1193 3763 1292 3818 Ubi
1321 3769 1480 3817 nocte
1506 3761 1595 3815 lux
1629 3761 1821 3831 ingens
1859 3761 2128 3830 apparuit,

551 3864 606 3908 et
634 3855 829 3908 virtute
853 3854 944 3908 Dei
969 3853 1176 3908 solutus
1203 3859 1433 3923 martyr,
1453 3853 1594 3905 inter
1614 3851 1851 3920 angelos,
1881 3867 1910 3904 a
1937 3850 2130 3919 quibus

552 3945 762 4000 visitari
787 3946 1002 4008 meruit,
1031 3945 1289 4014 hymnum
1339 3943 1583 4005 canebat,
1617 3943 1691 3996 ita
1713 3951 1772 3996 ut
1803 3943 1916 4012 ipse
1947 3950 2130 3996 custos

552 4037 786 4092 carceris
803 4036 1046 4090 crederet
1066 4034 1299 4090 Christo.
1320 4033 1473 4087 Mane
1497 4043 1674 4087 autem
1700 4032 1862 4094 facto,
1879 4048 2000 4086 cum
2012 4030 2129 4100 jus-

554 4128 714 4181 sisset
735 4141 856 4180 eum
889 4125 1156 4179 Dacianus
1188 4125 1238 4177 in
1269 4124 1406 4179 lecto
1430 4123 1746 4178 mollissimo
1768 4122 2038 4187 reclinari,
2070 4131 2129 4176 ut

554 4220 944 4292 aliquantulum
969 4227 1242 4274 recreatus
1270 4219 1448 4274 aerius
1479 4219 1655 4272 denuo
1673 4225 2029 4286 torqueretur,
2048 4216 2130 4269 in-

555 4312 882 4384 fatigabilem
912 4311 1157 4380 spiritum
1187 4309 1402 4365 Christo
1426 4309 1836 4364 reddidit.Tunc
1862 4309 2128 4365 Dacianus

554 4421 752 4475 corpus
773 4405 888 4475 ejus
918 4404 971 4458 in
1011 4419 1258 4472 campum
1306 4401 1522 4473 projici,
1567 4411 1623 4457 et
1653 4402 1783 4457 feris
1827 4410 1987 4471 atque
2010 4402 2126 4456 avi-

2238 537 2294 583 et
2333 529 2585 584 monachi
2614 529 2681 584 de
2713 529 2957 597 Perside,
2997 530 3091 601 qui
3129 542 3250 603 post
3275 533 3507 604 plurima
3555 548 3826 597 tormenta

2239 620 2512 686 carceris,
2533 621 2816 678 verberum
2850 631 2904 678 et
2932 623 3271 680 vinculorum
3296 666 3312 692 ,
3337 643 3457 697 quae
3482 613 3539 684 in
3576 631 3826 687 Cresam

2237 709 2538 766 Palaestinae
2579 727 2870 782 perpessus
2900 713 3097 779 fuerat,
3128 731 3158 770 a
3211 715 3393 774 Persis
3445 731 3724 790 postremo
3774 723 3826 777 in

2237 799 2459 856 Perside
2503 802 2670 856 multa
2711 818 2873 873 pmna
2929 804 3191 872 ali‘cctus,
3250 818 3413 878 atque
3454 811 3523 864 ad
3575 811 3827 866 ultimum

2237 890 2535 947 decollatus
2585 899 2670 946 est
2720 907 2750 946 a
2801 907 2928 964 rege
2977 910 3163 949 eorum
3213 895 3455 953 Chosroe
3510 915 3634 954 cum
3702 900 3827 956 aliis

2198 1012 2208 1021 α
2237 982 2598 1053 septuaginta.
2631 981 2896 1053 Reliquiae
2923 987 3169 1054 corporis
3207 986 3324 1056 ejus
3359 991 3536 1059 primo
3561 990 3824 1046 Hieroso-

2235 1070 2395 1144 lymis
2421 1073 2489 1127 ad
2518 1073 2902 1130 monasterium
2925 1091 3101 1144 suum,
3119 1076 3312 1133 deinde
3345 1080 3572 1136 Romam
3609 1081 3825 1147 delata,

2237 1173 2570 1219 venerantur
2613 1166 2668 1221 in
2711 1167 3042 1222 monasterio
3071 1169 3210 1224 beati
3240 1169 3388 1226 Pauli
3423 1173 3651 1244 apostoli
3677 1176 3826 1244 quod

2237 1251 2435 1309 dicitur
2459 1256 2528 1310 ad
2555 1269 2726 1325 aquas
2761 1254 2992 1313 Salvias.

2662 1368 2724 1423 Β.
2756 1369 2806 1423 Χ
2836 1369 2995 1424 KAL.
3033 1371 3424 1430 FEBRUARII.

2877 1460 2969 1531 (εδ
3013 1462 3165 1535 Jan.)

2309 1547 2516 1614 Romae,
2533 1548 2729 1606 natalis
2755 1559 2958 1607 sanctae
2979 1552 3394 1622 Emerentiana,
3417 1558 3638 1630 virginis
3661 1558 3824 1615 Chri-

2237 1635 2305 1692 sti
2331 1645 2386 1692 et
2412 1638 2696 1709 martyris,
2724 1654 2845 1709 qua:
2878 1648 3000 1696 erat
3033 1641 3366 1700 collectanea
3411 1655 3608 1702 sancta:
3632 1647 3824 1718 Agne-

2237 1725 2338 1791 tis;
2382 1734 2444 1781 et.
2485 1727 2610 1781 dum
2641 1737 2828 1785 oraret
2871 1730 2939 1785 ad
2993 1732 3301 1801 sepulcrum
3355 1733 3510 1804 ejus,
3550 1753 3615 1793 ac
3650 1740 3823 1793 simul

2164 1801 2210 1862 Β
2237 1825 2452 1872 orantes
2482 1833 2512 1871 a
2541 1819 2821 1888 gentilium
2868 1819 3087 1877 laesione
3116 1801 3449 1891 defenderet,
3475 1826 3715 1896 lapidata
3741 1840 3824 1884 est

2240 1911 2308 1966 ab
2338 1911 2434 1966 eis.

2308 2001 2364 2054 ln
2392 2000 2730 2068 Mauritania,
2764 2003 2986 2060 civitate
3011 2003 3380 2073 Neocaisarea,
3424 2009 3613 2064 natalis
3632 2014 3822 2067 sancti

2238 2088 2483 2146 Severini
2512 2102 2566 2148 et
2592 2091 2799 2164 Aquila:
2847 2097 3035 2152 uxoris
3063 2095 3179 2166 ejus
3201 2139 3217 2165 ,
3261 2100 3472 2169 ignibus
3508 2103 3824 2159 combusto-

2237 2198 2366 2252 ruztr
2385 2185 2434 2237 ι’.

2305 2275 2459 2345 Apud
2485 2275 2781 2347 Philippos,
2810 2279 2956 2334 beati
2991 2279 3272 2338 Parmena:
3301 2283 3531 2352 diaconi,
3557 2286 3646 2356 qui
3677 2301 3822 2342 unus

2235 2365 2340 2424 fuit
2372 2368 2437 2424 de
2465 2376 2672 2440 septem
2702 2370 3040 2428 diaconibus.

2643 2481 2706 2539 C.
2736 2482 2807 2536 IX
2837 2483 2994 2538 KAL.
3025 2484 3417 2544 FEBRUARII.

2878 2574 2972 2646 (24
3001 2574 3154 2648 Jan.)

2310 2675 2334 2704 ο
2373 2663 2530 2734 Apud
2568 2664 2873 2736 Ephesum,
2924 2667 3123 2723 natalis
3167 2670 3345 2726 sancti
3381 2669 3648 2727 Timothei
3693 2687 3818 2743 apo-

2237 2753 2384 2812 stoli.

2304 2843 2461 2914 Apud
2506 2843 2853 2907 Antiochiam
2875 2884 2892 2912 ,
2946 2843 3120 2902 sancti
3165 2847 3381 2920 Babylze
3429 2851 3698 2921 episcopi,
3728 2853 3819 2923 qui

2236 2939 2610 3008 persecutione
2649 2940 2800 2996 Decii
2837 2949 3188 3013 posteaquam
3236 2944 3556 3016 frequenter
3603 2951 3818 3017 passio-

2237 3029 2394 3086 nibus
2447 3030 2559 3086 suis
2589 3039 2643 3084 et
2689 3032 3020 3088 cruciatibus
3071 3033 3467 3104 gloriﬁcaverat
3505 3037 3817 3102 Dominum,

2236 3125 2481 3195 gloriosae
2505 3126 2628 3180 vita:
2657 3124 2817 3181 tinem
2857 3125 3081 3181 sortitus
3104 3135 3188 3181 est
3214 3127 3268 3181 in
3315 3128 3565 3183 vinculis.
3601 3127 3682 3184 De
3712 3146 3819 3198 quo

2234 3215 2287 3269 in
2330 3215 2537 3272 decimo
2565 3216 2940 3272 ecclesiasticae
2969 3217 3218 3272 Historia:
3248 3218 3386 3274 libro
3433 3220 3641 3290 grande
3689 3236 3814 3274 nar-

2233 3315 2382 3360 ratur
2412 3306 2749 3361 miraculum.
2779 3306 2912 3361 Nam
2944 3322 3066 3361 cum
3109 3306 3355 3363 Julianus
3395 3309 3716 3379 imperator.
3743 3311 3812 3364 ad

2231 3394 2494 3449 idolorum
2537 3395 2740 3450 cultum
2791 3410 3109 3463 conversus,
3140 3396 3375 3466 quodam
3407 3406 3680 3467 tempore,
3712 3400 3814 3453 Da-

2228 3486 2387 3556 phnis
2414 3486 2467 3540 in
2491 3487 2751 3542 suburbio
2776 3487 3097 3552 Antiochiae,
3117 3486 3271 3558 juxta
3297 3487 3498 3543 fontem
3517 3488 3813 3544 Castalium

2229 3575 2418 3630 litaret
2446 3575 2702 3646 Apollini,
2733 3586 2790 3632 et
2819 3577 2964 3632 nulla
2991 3594 3060 3633 ex
3098 3578 3183 3632 his
3212 3593 3332 3646 quae
3374 3579 3687 3648 requirebat
3730 3596 3816 3634 re-

2228 3681 2423 3735 sponsa
2460 3667 2789 3736 susciperet,
2831 3681 3130 3739 causasque
3171 3667 3373 3722 silentii
3398 3676 3812 3737 percontaretur

2228 3771 2260 3810 a
2323 3757 2738 3824 sacerdotibus,
2791 3759 3187 3829 responderunt
3241 3758 3550 3826 dazmones,
3598 3759 3814 3832 Babyla:

2230 3849 2485 3919 martyris
2541 3848 2846 3917 sepulcrum
2901 3863 3066 3919 prope
3115 3849 3402 3914 assistere,
3446 3857 3501 3904 et
3549 3850 3673 3905 ideo
3723 3865 3811 3906 re-

2229 3956 2426 4012 sponsa
2475 3955 2582 3995 non
2633 3939 2802 3995 reddi.
2830 3940 2980 3996 Tunc
3028 3940 3116 3995 ille
3157 3940 3640 3996 venire-Galilaeos
3669 3942 3812 4014 (hoc

2228 4035 2372 4091 enim
2418 4035 2637 4090 nomine
2668 4043 2884 4090 nostros
2923 4035 3197 4104 appellare
3243 4035 3432 4091 solitus
3459 4036 3601 4106 erat)
3629 4046 3682 4091 et
3714 4052 3810 4090 au-

2229 4128 2372 4183 ferre
2419 4129 2671 4199 martyris
2719 4128 3025 4198 sepulcrum
3063 4127 3237 4198 jubet.
3289 4128 3407 4182 Mox
3454 4128 3619 4199 igitur
3658 4128 3812 4184 Chri-

2229 4221 2388 4274 stiani
2435 4220 2847 4281 convenientes,
2879 4234 3071 4288 magna
3120 4219 3479 4274 exsultatione
3525 4219 3807 4286 succincti,

2229 4309 2565 4365 sustulerunt
2594 4326 2778 4364 arcam
2825 4311 3102 4380 martyris,
3153 4309 3446 4380 psallentes
3486 4312 3542 4364 in
3589 4311 3812 4366 auribus

2228 4398 2438 4469 profani
2484 4400 2780 4470 principis,
2819 4415 2919 4470 per
2963 4415 3057 4454 sex
3088 4399 3253 4452 millia
3290 4414 3544 4468 passuum
3585 4401 3812 4454 summis

553 4498 657 4553 bus
680 4496 843 4566 jussit
883 4496 1100 4564 exponi.
1131 4494 1237 4549 Sed
1268 4510 1390 4547 mox
1422 4510 1614 4550 corvus
1659 4493 1914 4547 divinitus
1941 4493 2006 4546 ad
2034 4508 2128 4547 cu-
2155 4511 2204 4571 ι)
2229 4491 2452 4546 vocibus
2478 4499 2534 4547 et
2561 4507 2684 4546 cum
2709 4490 3068 4546 exsultatione
3087 4491 3328 4545 dicentes
3360 4507 3374 4544 :
3399 4489 3809 4561 Confundantur

555 4587 784 4642 stodiam
830 4586 945 4656 ejus
970 4586 1148 4650 datus,
1190 4602 1295 4640 non
1337 4583 1506 4639 solum
1535 4583 1668 4640 alias
1720 4599 1846 4638 aves
1886 4583 2126 4650 arcebat,

556 4677 650 4730 sed
679 4692 804 4732 mox
829 4686 883 4731 et
920 4677 1208 4731 immanem
1235 4676 1414 4745 lupum
1443 4691 1472 4730 a
1501 4685 1688 4731 sancto
1715 4690 1942 4745 corpore
1969 4691 2126 4746 repu-

556 4765 639 4820 lit.
685 4766 835 4834 Quod
863 4781 983 4820 cum
1031 4767 1264 4820 Daciano
1296 4766 1594 4819 nuntiatum
1620 4773 1786 4829 esset,
1811 4764 1975 4832 jussit
2002 4780 2127 4820 eum

557 4857 796 4912 insutum
826 4855 996 4922 culeo,
1031 4857 1084 4910 in
1111 4855 1432 4926 profundum
1462 4855 1628 4910 maris
1658 4870 1779 4909 cum
1811 4855 2127 4924 gravissimo

557 4948 672 5002 saxi
711 4949 948 5018 pondere
989 4949 1254 5019 immergi.
1302 4947 1408 5002 Sed
1436 4948 1586 5017 prius
1613 4947 1812 5000 virtute
1842 4946 1934 5000 Dei
1966 4961 2129 5018 super

556 5036 731 5092 undas
760 5038 1011 5093 innatans
1052 5039 1119 5092 ad
1155 5037 1306 5092 littus
1342 5036 1550 5091 delatus
1574 5045 1629 5091 et
1674 5036 1853 5091 arenis
1877 5036 2125 5091 conditus

555 5135 661 5194 est,
685 5143 847 5197 quam
873 5129 1103 5199 remiges
1134 5137 1344 5198 portum
1375 5135 1595 5198 tangere
1643 5126 1961 5195 potuissent.
1998 5125 2128 5182 Inde

556 5228 735 5276 autem
765 5235 887 5276 cum
933 5235 992 5275 se
1041 5229 1258 5274 sanctus
1313 5228 1516 5289 martyr
1560 5218 1772 5273 cuidam
1810 5217 1953 5271 ﬁdeli
2000 5217 2126 5272 anui

556 5313 890 5375 revelasset,
945 5321 1192 5367 cessante
1230 5310 1619 5382 persecutionis
1661 5309 1810 5364 rabie
1836 5349 1852 5374 ,
1897 5324 1928 5362 a
1961 5309 2127 5364 Chri-

555 5403 748 5460 stianis
794 5411 1105 5459 reverenter
1143 5403 1413 5468 sublatus,
1443 5410 1498 5458 et
1527 5402 1580 5455 in
1617 5399 1836 5456 basilica
1883 5400 2126 5455 conditus

557 5503 660 5551 est.

561 5618 651 5744 1;
721 5603 855 5728 Vir‘lie
903 5607 1137 5662 libellum
1191 5605 1257 5661 de
1304 5603 1503 5660 Festiv.
1572 5605 1756 5673 Apost.
1820 5603 2077 5660 Pruilcut.
2111 5644 2123 5668 ,

579 5689 744 5728 l'lnl‘l.
839 5715 850 5727 .

579 5689 744 5728 lVlnﬂ.
800 5689 850 5728 δ.

632 5745 657 5785 δ
684 5744 814 5800 Vide
843 5744 934 5800 lib.
962 5745 1026 5800 de
1050 5745 1191 5800 Fest.
1226 5745 1411 5814 Apost.

2231 4599 2407 4638 omnes
2427 4582 2517 4653 qui
2539 4583 2760 4637 adorant
2796 4581 3080 4652 sculptilia,
3115 4591 3162 4636 et
3195 4581 3491 4652 gloriantur
3513 4583 3565 4637 in
3591 4583 3809 4637 simula-

2231 4673 2333 4727 cris
2363 4675 2472 4728 suis
2505 4671 2678 4746 (Psal.
2708 4673 2874 4743 xcvr).

2301 4763 2434 4818 Item
2478 4765 2530 4818 in
2576 4763 2922 4818 Neocazsarea
2968 4762 3206 4828 civitate,
3249 4761 3445 4818 natalis
3495 4772 3808 4817 sanctorum

2232 4864 2527 4926 martyrum
2552 4853 2833 4917 Mardonii,
2865 4853 3114 4919 Musonii,
3143 4853 3366 4923 Eugenii
3394 4861 3448 4908 et
3471 4853 3692 4919 Metelli,
3714 4853 3807 4922 qui

2235 4961 2422 5002 omnes
2451 4945 2556 5016 igni
2588 4945 2765 5000 traditi
2787 4953 2931 5011 sunt,
2959 4952 3015 5001 et
3044 4943 3286 5017 reliquit!)
3327 4959 3518 5003 eorum
3547 4945 3602 5000 in
3628 4945 3809 5006 Axum

2232 5035 2451 5093 ﬂuvium
2487 5033 2762 5106 dispersa).

2603 5135 2662 5190 D.
2693 5133 2804 5190 Vill
2841 5134 2996 5190 KAL.
3039 5135 3432 5192 FEBRUARH.

2870 5223 3144 5298 (25‘1an.)

2300 5314 2596 5372 Conversio
2623 5314 2797 5370 sancti
2821 5313 2974 5369 Pauli
3001 5315 3139 5385 (Act.
3169 5331 3248 5382 ιι,
3277 5315 3392 5386 22).

2303 5407 2504 5463 Eodem
2527 5407 2632 5471 die,
2651 5405 2844 5463 natalis
2868 5407 3038 5462 sancti
3054 5386 3280 5464 Ananiae
3299 5408 3438 5482 apud
3461 5408 3804 5476 Damascum,

2233 5499 2324 5569 qui
2354 5499 2568 5554 beatum
2599 5498 2821 5553 Paulum
2852 5497 3160 5569 baptizavit.

2308 5621 2330 5648 ε
2366 5607 2499 5664 Vide
2515 5608 2711 5680 libade
2737 5609 2881 5666 Fest.
2913 5610 3098 5680 Apost.
3143 5611 3337 5667 Euseb.
3382 5612 3417 5664 1.
3453 5627 3482 5665 x
3507 5652 3519 5679 ,
3546 5627 3593 5667 c.
3618 5609 3702 5672 35,
3731 5623 3804 5661 ex

2235 5680 2482 5745 versione
2513 5679 2728 5734 Ruﬁini.
