3962 6366
93 392 202 447 εει

767 337 1376 434 hanrvnowctuu
1415 365 1559 424 cun
1597 364 1723 420 aur

1821 358 2136 420 AMENTIS.
2173 387 2244 400 —
2287 355 2496 414 MENS.
2536 353 2683 413 JAN.

2561 237 2592 260 φ

3265 351 3373 404 2'22

192 506 356 580 Apud
412 501 772 562 Gabalensem
817 497 1136 557 civitatem,
1182 489 1355 546 sancti
1407 483 1685 543 Severiani
1714 484 1762 545 Α
1790 479 1985 551 capitis
2035 479 2117 533 sui
2166 475 2398 533 flammis
2438 476 2870 529 consumeretur.
2911 467 3048 534 Quae
3075 481 3197 520 cum
3225 463 3374 520 dictu

1412 579 1417 580 ,
1461 577 1470 580 -
1827 572 1840 580 .
1871 571 1884 580 .
2238 576 2248 580 _
2391 567 2404 580 ο
2477 566 2489 578 ο
2590 578 2666 580 νημ
2698 561 2780 580 κιο,
2825 560 2963 580 ιξμ..-
3045 557 3126 580 ..-1
3165 557 3227 580 Δ-
3263 555 3374 580 1.“-

99 577 351 672 episcopi
378 592 639 651 miranda:
667 584 971 645 sanctitatis
1001 592 1058 640 et
1085 580 1345 639 doctrinae
1375 577 1496 633 viri.
1565 604 1571 610 ο

198 691 338 745 Item
385 683 583 743 natalis
641 678 817 737 sancti
861 674 1107 746 Przejecti
1160 670 1518 727 Arvernensis
1573 668 1691 740 epi-

105 800 286 858 ηοω.
496 871 560 926 Ε.
592 867 682 926 VII
711 864 868 923 ΚΑΒ.
904 857 1295 919 FEBRUARII.

242 1003 262 1028 θ
779 977 872 1050 (26
905 975 1058 1045 Jan.)

172 1115 200 1142 ι
219 1097 380 1170 Apud
405 1093 718 1166 Smyrnam,
733 1086 928 1144 natalis
951 1083 1123 1140 sancti
1138 1078 1419 1152 Polycarpi
1436 1077 1697 1148 episcopi,

113 1191 230 1264 qui,
268 1165 414 1244 beati
461 1165 688 1240 Joannis
745 1176 978 1250 apostoli
1029 1171 1356 1243 discipulus,
1407 1175 1475 1225 et
1519 1165 1588 1220 ab
1636 1179 1700 1220 eo

117 1258 371 1353 Smyrnae
399 1275 684 1345 episcopus
711 1269 1016 1329 ordinatus,
1049 1264 1214 1320 totius
1266 1260 1409 1316 Asia!
1451 1258 1703 1330 princeps

117 1351 247 1432 fuit.
273 1371 465 1427 Postea
487 1381 620 1422 vero
648 1370 910 1435 regnante
937 1359 1120 1415 Marco
1147 1356 1518 1420 Antonino,et-
1537 1351 1704 1408 Lucio

120 1463 344 1524 Aurelio
378 1458 707 1522 Commodo,
751 1461 942 1524 quarta
972 1460 1095 1522 post
1133 1449 1400 1505 Neronem
1447 1459 1704 1517 persecu-

122 1558 296 1620 tione,
337 1552 585 1623 Smyrnaa
615 1547 835 1603 sedente
875 1539 1218 1615 proconsule,
1246 1547 1302 1594 et
1329 1538 1585 1592 universo
1612 1547 1708 1604 po-

121 1647 253 1722 pulo
278 1646 330 1700 in
359 1657 417 1698 se
446 1635 925 1697 acclamationibus
951 1633 1193 1695 incitato,
1217 1629 1450 1701 primum
1474 1624 1710 1695 compel-

123 1715 364 1798 lentibus
385 1741 438 1788 et
466 1727 882 1800 deprecantibus
902 1739 1026 1780 eum
1065 1722 1204 1784 suis,
1253 1719 1322 1774 ad
1346 1718 1581 1772 vicinum
1624 1715 1707 1770 lo-

1793 571 1954 628 citius
2007 576 2344 640 gererentur,
2390 566 2523 636 ipsis
2569 561 2784 635 populis
2825 560 2992 631 ligna,
3045 557 3129 612 vel
3160 557 3230 611 de
3263 555 3377 611 bal‘

1792 665 1933 730 neis,
1964 661 2050 717 vel
2084 661 2149 716 de
2200 659 2429 730 publicis
2473 656 2779 726 quibusque
2821 652 2976 715 locis,
3019 656 3075 702 et
3095 655 3374 704 sarmenta

1792 751 2250 824 congregantibus
2277 789 2292 814 ,
2335 747 2606 818 prrecipue
2632 743 2834 799 Judaais
2868 740 3143 796 ardentius
3169 737 3237 792 ad
3257 737 3377 794 haec

1793 860 1862 901 ex
1893 856 2043 899 more
2086 837 2436 903 ferventibus,
2467 851 2591 892 cum
2628 834 2777 890 omni
2823 831 3109 890 velocitate
3155 836 3375 884 exstru—

1793 945 1918 992 ctus
1945 944 2031 989 est
2083 946 2265 1003 rogus.
2314 929 2468 983 Tunc
2515 925 2776 996 depositis
2816 923 2999 980 senior
3027 916 3378 982 indumentis,

1797 1038 1862 1079 ac
1901 1037 2038 1077 zona
2078 1019 2311 1076 resoluta
2337 1058 2353 1084 ,
2395 1016 2762 1072 calceamenta
2805 1024 3021 1082 quoque
3055 1007 3122 1062 de
3151 1005 3383 1076 pedibus

1798 1114 2040 1171 tentabat
2089 1112 2360 1174 educere,
2409 1121 2530 1178 qua:
2569 1118 2847 1172 nunquam
2895 1099 3001 1155 nisi
3047 1112 3077 1151 a
3108 1092 3380 1165 religiosis

1799 1207 2100 1277 quibusque
2125 1243 2140 1268 ,
2190 1201 2293 1256 fide
2345 1207 2400 1256 et
2447 1196 2734 1253 devotione
2775 1191 3095 1260 semetipsos
3148 1183 3383 1241 invicem

1799 1292 2276 1368 praevenientibus,
2326 1287 2522 1345 resolvi
2574 1288 2990 1342 consueverant.
3037 1278 3114 1333 Ita
3142 1286 3383 1343 namque

1801 1366 1858 1443 in
1880 1386 2026 1443 omni
2057 1383 2263 1453 reliqua
2295 1381 2406 1436 vita
2442 1393 2540 1436 sua
2579 1372 2962 1434 venerabiliter
2987 1370 3149 1426 etiam
3173 1366 3240 1420 ab
3267 1379 3387 1420 om-

1805 1479 1964 1534 nibus
1997 1475 2300 1532 colebatur.
2360 1471 2432 1528 Ut
2481 1484 2612 1541 ergo
2666 1465 2914 1537 expedita
2963 1471 3090 1518 sunt
3144 1473 3264 1529 qua:
3317 1457 3386 1513 ad

1807 1571 1982 1641 ignem
2029 1565 2392 1638 pertinebant,
2433 1577 2557 1618 cum
2588 1575 2713 1616 eum
2759 1555 2958 1613 vellent
2981 1566 3112 1620 rogo
3167 1548 3389 1620 imposi-

1806 1638 1945 1724 tum,
1993 1659 2157 1714 etiam
2205 1655 2372 1712 clavis
2417 1652 2653 1723 afﬁgere,
2705 1648 2780 1703 ait
2819 1661 2836 1701 :
2892 1643 3068 1700 Sinite
3119 1655 3250 1706 me;
3293 1638 3388 1708 qui

1808 1751 1951 1807 enim
1981 1749 2126 1804 dedit
2162 1747 2295 1802 mihi
2318 1745 2458 1815 ignis
2497 1742 2640 1798 ferre
2665 1737 3013 1810 supplicium,
3046 1732 3198 1788 dabit
3235 1738 3296 1784 ut
3333 1737 3390 1784 et

130 1843 258 1887 cum
292 1823 454 1883 semel
493 1830 547 1876 εί
577 1820 771 1874 “erum
807 1814 1066 1872 succedu’
1109 1809 1312 1865 Demde
1348 1805 1703 1900 °°mplele“‘
1734 1839 1782 1900 B
1813 1840 1928 1896 sine
1952 1838 2226 1894 clavorum
2265 1805 2536 1897 alliaione,
2563 1805 2806 1885 flammas
2839 1823 3186 1880 immobiliter
3210 1818 3393 1890 perfe-

128 1932 222 1975 sus
254 1915 323 1969 ab
354 1910 795 1982 inquisitoribus,
851 1902 1048 1974 apponi
1090 1900 1170 1955 eis
1222 1911 1463 1953 mensam
1506 1893 1703 1964 jubet,

129 2016 291 2078 atque
320 2004 400 2059 eis
424 2001 610 2076 epulas
629 1998 830 2069 largius
859 1991 1178 2050 ministrari.
1210 1987 1370 2044 Horat
1392 1987 1552 2041 unius
1585 2000 1708 2054 spa-

130 2077 209 2155 tio
232 2100 301 2154 ab
326 2097 409 2153 eis
441 2092 704 2151 orationis
740 2087 914 2162 gratia
959 2085 1270 2154 impetrato,
1306 2080 1543 2134 instante
1573 2077 1707 2130 hora

132 2186 489 2264 progreditur.
523 2183 766 2250 Cumque
815 2177 1242 2242 interrogaretur
1285 2185 1315 2222 a
1363 2164 1705 2238 proconsule,
1761 2183 1764 2188 ·

132 2255 177 2334 si
205 2255 321 2346 ipse
341 2280 488 2328 esset
529 2270 888 2341 Polycarpus,
937 2278 996 2320 se
1032 2277 1154 2317 esse
1195 2259 1501 2315 conﬁtetur.
1543 2255 1707 2325 Ergo,

133 2365 325 2437 inquit,
354 2363 552 2418 habeto
573 2359 748 2415 aetatis
795 2365 900 2411 tum
944 2351 1336 2415 reverentiam,
1381 2354 1436 2403 et
1477 2359 1710 2417 parcens

130 2457 336 2512 ultima:
363 2450 628 2510 senectuti
664 2458 786 2512 tute,
809 2446 933 2518 jura
959 2445 1231 2500 fortunam
1264 2438 1493 2496 Cesaris
1517 2450 1712 2507 gerens

136 2545 203 2600 de
254 2543 525 2615 prioribus
552 2537 959 2611 pmnitudinem,
994 2541 1050 2589 et
1089 2529 1369 2587 conclama
1397 2526 1708 2596 sacrilegos.

140 2635 299 2690 Tunc
328 2633 647 2704 Polycarpus
673 2638 828 2685 torvo
858 2625 1007 2680 vultu
1029 2624 1097 2679 ad
1111 2621 1367 2694 populum
1396 2619 1490 2688 qui
1521 2617 1574 2672 in
1607 2625 1714 2671 sta-

139 2730 232 2787 dio
285 2727 552 2784 residebat
585 2723 874 2796 aspiciens,
917 2719 1125 2775 elevata
1147 2717 1214 2770 ad
1242 2713 1439 2770 caelum
1467 2713 1712 2775 dextera,

138 2835 259 2876 cum
290 2817 492 2890 gemitu
518 2812 887 2886 proclamavit,
928 2817 990 2865 et‘
1017 2807 1152 2863 dixit
1178 2824 1190 2860 :
1217 2804 1367 2860 Tolle
1395 2802 1711 2872 sacrilegos.

141 2913 246 2968 Sed
295 2910 579 2966 insistente
622 2902 964 2977 proconsule,
1008 2907 1064 2956 et
1088 2898 1302 2954 dicente
1333 2913 1346 2949 :
1381 2893 1510 2950 Jura
1537 2891 1714 2946 fortu—

141 3020 263 3059 nam
291 3001 545 3063 Cazsaris,
590 3006 644 3052 et
692 2996 778 3051 dic
808 2995 861 3049 in
916 2992 1189 3048 Christum
1230 2988 1495 3050 convicia,
1533 2992 1588 3039 et
1616 3000 1716 3055 ego

143 3096 355 3150 dimitto
383 3101 454 3146 te.
498 3089 825 3162 Polycarpus
861 3086 929 3140 ad
971 3084 1088 3138 inec
1133 3076 1616 3147 dixit:0ctoginta
1662 3081 1718 3128 et

146 3203 238 3243 sex
259 3185 416 3240 annis
444 3181 621 3238 servio
646 3181 720 3245 ei,
749 3187 805 3232 et
842 3174 974 3231 nihil
1000 3187 1084 3228 me
1115 3171 1252 3227 laesit
1271 3182 1508 3238 unquam
1537 3186 1551 3221 :
1583 3181 1718 3236 quo-

149 3281 306 3336 modo
347 3291 564 3349 possum
602 3273 978 3342 blasphemare
1005 3267 1205 3337 Regem
1232 3277 1433 3326 meum,
1463 3259 1554 3330 qui
1579 3257 1721 3314 salu-

147 3380 253 3426 tem
286 3367 418 3423 mihi
449 3363 636 3421 dedit?
677 3361 920 3430 Cumque
945 3369 1135 3412 rursus
1159 3353 1536 3408 vehementius
1562 3363 1723 3417 urge-

147 3471 317 3524 retur,
349 3467 409 3513 ut
452 3455 723 3510 fortunam
765 3450 996 3508 Caesaris
1042 3443 1271 3514 iuraret,
1320 3443 1443 3496 ait:
1488 3439 1545 3494 Si
1585 3439 1724 3493 hanc

142 3552 461 3626 jactantiam
513 3545 776 3618 quaeritis,
821 3551 882 3596 ut
926 3554 1024 3610 ego
1074 3537 1347 3592 fortunam
1377 3530 1608 3587 Caesaris
1646 3528 1726 3597 jn-

149 3659 290 3706 rem,
313 3652 366 3696 et
404 3639 525 3710 quis
566 3639 668 3694 sim
708 3637 958 3706 ignorare
985 3641 1036 3685 te
1061 3626 1304 3689 simulas,
1342 3637 1464 3679 cum
1485 3620 1630 3676 omni
1664 3619 1727 3674 li-

153 3738 366 3792 bertate
386 3732 502 3787 audi
528 3747 558 3785 a
585 3745 694 3792 me,
717 3729 842 3798 quia
865 3723 1205 3780 Christianus
1230 3733 1370 3774 sum.
1399 3713 1729 3788 Replebatut‘

151 3827 321 3899 igitur
336 3821 654 3879 confidentia
676 3817 836 3873 simul
865 3823 919 3870 et
946 3813 1155 3877 lietitia,
1189 3811 1265 3865 ita
1290 3815 1350 3862 ut
1384 3804 1726 3860 alacritatem

148 3897 333 3972 vultus
357 3914 490 3983 ejus,
533 3908 1052 3981 responsionumque
1099 3897 1460 3957 constantiam
1497 3907 1729 3964 procon-

147 4008 234 4064 sul
267 4005 505 4060 maximo
527 4012 747 4071 stupore
779 3997 1088 4052 miraretur.
1121 3991 1284 4046 Misso
1313 3989 1478 4056 igitur
1507 3985 1730 4040 curione

147 4099 217 4154 ad
243 4095 500 4168 populum
526 4135 540 4158 ,
577 4091 730 4160 jubet
767 4101 900 4143 voce
929 4099 1121 4155 magna
1158 4079 1450 4153 protestari
1479 4076 1732 4147 Polycar-

145 4203 278 4261 pum
311 4184 477 4241 tertio
497 4180 803 4237 confessum
824 4176 1196 4232 Christianum
1224 4187 1284 4226 se
1312 4184 1453 4225 esse.
1485 4169 1602 4235 Quo
1630 4183 1729 4220 au-

147 4259 284 4345 dito,
327 4277 578 4331 universa
621 4271 926 4334 multitudo,
982 4275 1093 4321 tam
1124 4264 1404 4338 gentilium
1446 4277 1608 4330 quam
1634 4259 1732 4314 Ju-

148 4355 394 4425 daorum
444 4362 788 4437 Smyrnensis
834 4357 1092 4421 civitatis,
1127 4371 1249 4411 cum
1301 4353 1506 4424 ingenti
1549 4351 1734 4406 furore

1811 1946 1950 1986 ram.
1982 1930 2133 1984 Tunc
2171 1926 2246 1981 illi
2286 1924 2501 1980 omissis
2521 1921 2710 1986 clavis,
2749 1917 2880 1974 solis
2922 1915 3004 1970 usi
3043 1921 3170 1969 sunt
3195 1911 3387 1966 vincu-

1809 2019 1896 2085 lis,
1951 2015 2147 2087 quibus
2194 2020 2317 2083 post
2364 2019 2574 2081 tergum
2624 2004 2876 2061 manibus
2923 2001 3201 2063 revinctis,
3241 1996 3393 2052 velut

1809 2107 2014 2163 electus
2039 2103 2204 2169 aries,
2228 2109 2283 2157 et
2332 2115 2397 2155 ex
2430 2111 2627 2168 magno
2674 2109 2836 2166 grege
2877 2096 3206 2160 assumptus,
3234 2099 3390 2141 acce-

1809 2197 2014 2268 ptabile
2060 2193 2434 2249 holocaustum
2473 2184 2828 2256 omnipotenti
2880 2182 3096 2236 oblatus
3145 2187 3228 2232 est
3258 2178 3386 2231 Deo.

1812 2265 2233 2352 Orationemque
2266 2288 2326 2334 ut
2351 2274 2641 2347 complevit
2669 2271 2964 2342 subjiciunt
3009 2269 3186 2339 ignem
3215 2265 3391 2320 homi-

1811 2393 1910 2433 nes
1937 2377 2076 2447 ignis
2095 2372 2307 2430 salerni.
2335 2369 2580 2437 Cumque
2609 2365 2830 2420 flamma
2857 2363 3046 2432 ingens
3077 2358 3391 2420 reluxisset,

1812 2469 2062 2524 viderunt
2081 2461 2339 2519 miracula
2365 2474 2555 2515 omnes
2579 2456 2778 2528 quibus
2800 2469 2865 2510 ea
2893 2453 3034 2507 Deus
3059 2451 3242 2506 videre
3263 2463 3394 2503 con-

1813 2559 1995 2616 cessit.
2026 2555 2267 2610 Flamma
2316 2551 2518 2606 etenim
2549 2550 2605 2604 in
2635 2547 2855 2602 modum
2886 2555 3135 2604 carnem,
3169 2545 3393 2593 curvata

1814 2648 2015 2718 specie,
2074 2644 2225 2715 quasi
2275 2641 2454 2696 velum
2501 2637 2656 2693 navis
2707 2643 2871 2690 vento
2924 2633 3197 2686 sinuatum
3229 2641 3392 2695 supra

1813 2757 2010 2812 corpus
2058 2737 2314 2808 martyris
2359 2735 2528 2790 stetit.
2564 2731 2718 2798 Quod
2741 2741 2939 2795 corpus
2966 2727 3018 2779 in
3052 2722 3230 2776 medio
3251 2720 3397 2791 posi-

1816 2842 1928 2888 tum
1955 2847 2062 2886 non
2093 2837 2212 2885 erat
2240 2838 2300 2880 nt
2329 2840 2457 2881 caro
2483 2822 2701 2886 ardens,
2729 2818 2821 2873 sed
2847 2827 3098 2884 tanquam
3125 2813 3170 2867 si
3196 2824 3393 2866 aurum

1816 2932 1909 2982 aut
1929 2933 2212 2992 argentum
2235 2920 2286 2973 in
2317 2917 2535 2971 fornace
2563 2912 2932 2970 candesceret.
2952 2906 3104 2962 'l‘unc
3125 2912 3393 2974 prmterea

1815 3018 2038 3074 odorem
2083 3013 2304 3068 naribus
2330 3009 2748 3063 circumstantes
2789 3001 3107 3060 hauserunt,
3139 3002 3401 3063 tanquam

1817 3103 2049 3169 incensi,
2079 3102 2163 3157 vel
2202 3096 2576 3173 pretiosissimi
2613 3090 2894 3162 unguenti.
2937 3087 3018 3142 Ad
3047 3085 3296 3141 ultimum
3319 3083 3399 3138 vi-

1744 3185 1790 3246 C
1821 3197 2011 3251 dentes
2061 3192 2326 3248 scelerum
2381 3185 2648 3249 ministri,
2687 3198 2886 3252 corpus
2924 3179 3033 3250 igni
3083 3194 3191 3234 non
3237 3191 3399 3248 posse

1820 3283 2086 3348 consumi,
2105 3283 2132 3323 δ
2148 3283 2427 3352 jusserunt
2452 3275 2674 3348 propius
2705 3272 2967 3328 accedere
2993 3267 3331 3324 confectores
3352 3273 3408 3323 et

1823 3387 2043 3442 corpus,
2093 3370 2181 3424 cui
2229 3368 2370 3438 ignis
2425 3372 2686 3428 cesserat,
2736 3373 2998 3416 mucrone
3047 3357 3408 3412 transfodcre.

1825 3464 1942 3532 Quo
1995 3462 2159 3525 facto,
2187 3469 2295 3514 tam
2324 3459 2506 3528 largus
2541 3455 2797 3526 profusus
2840 3462 2916 3508 est
2966 3451 3204 3520 sanguis,
3235 3457 3294 3503 ut
3320 3463 3418 3514 re:-

1825 3556 2126 3624 stingueret
2154 3565 2363 3620 rogum.
2404 3547 2638 3617 Populus
2661 3552 2840 3598 autem
2871 3559 2992 3596 cum
3024 3541 3270 3596 miraculi
3297 3548 3411 3595 stu-

1826 3657 1959 3713 pore
1988 3638 2254 3694 discessit.
2291 3637 2396 3691 Sed
2424 3635 2652 3690 aemulus
2696 3633 2862 3688 totius
2893 3631 3040 3694 boni,
3068 3630 3203 3686 satis
3250 3642 3413 3699 agere

1827 3732 2013 3802 cmpit,
2041 3737 2101 3783 ut
2143 3726 2399 3796 reliquias
2453 3723 2570 3792 ejus
2623 3737 2784 3777 nemo
2829 3721 2896 3776 ad
2957 3718 3288 3789 sepulturam
3314 3717 3412 3772 de~

1828 3824 2014 3886 ferret,
2035 3818 2235 3876 Iudaeis
2264 3817 2318 3874 in
2353 3816 2459 3870 hoc
2490 3815 2724 3869 maxime
2769 3812 3121 3867 instantibus.
3169 3809 3270 3864 Ubi
3317 3823 3414 3861 au-

1832 3921 1941 3967 tem
1969 3909 2105 3964 vidit
2124 3906 2372 3964 centurio
2411 3907 2736 3961 obstinatam
2771 3903 3078 3959 Iudaeorum
3106 3897 3414 3954 contentio-

1830 4017 1979 4067 nem,
2019 4001 2258 4072 positum
2302 3999 2356 4055 in
2387 3997 2564 4052 medio
2588 3997 2762 4066 ipsum
2810 4009 3008 4065 corpus
3053 3991 3304 4054 exussit;
3359 3999 3418 4044 et

1832 4094 1907 4150 ita
1933 4089 2277 4163 postmodum
2327 4089 2517 4142 adusta
2557 4102 2700 4150 ossa,
2750 4082 3160 4156 pretiosissimis
3190 4079 3421 4152 gemmis

1832 4184 2068 4246 cariora,
2095 4189 2149 4234 et
2173 4178 2320 4233 omni
2345 4193 2478 4232 auro
2521 4177 2882 4248 probabiliora
2912 4190 3008 4246 per
3038 4173 3218 4244 ignem
3247 4170 3419 4236 facta,

1835 4289 1865 4328 a
1915 4271 2175 4327 fratribus
2230 4268 2576 4337 colliguntur,
2630 4282 2695 4321 ac
2747 4267 2887 4321 sicut
2935 4261 3309 4327 conveniebat,
3352 4275 3422 4318 ex

1835 4379 1988 4420 more
2032 4361 2355 4418 conduntur.
2397 4359 2514 4426 Quo
2546 4360 2599 4413 in
2647 4358 2792 4423 loco,
2841 4361 3138 4428 prastante
3169 4353 3420 4417 Domino,

149 4457 542 4514 acclamabat:
589 4453 687 4508 Hic
729 4460 814 4508 est
859 4450 1024 4504 totius
1073 4447 1217 4503 Asiae
1263 4445 1471 4508 doctor,
1503 4449 1558 4496 et
1581 4449 1723 4511 pater

1837 4455 2106 4509 solemnes
2156 4459 2390 4522 aguntur
2439 4448 2790 4517 celebresque
2826 4453 3146 4500 conventus.
3190 4442 3324 4498 Cum
3356 4457 3423 4497 eo

147 4549 610 4613 Christianorum.
635 4556 944 4602 nostrorum
975 4550 1157 4599 autem
1180 4539 1469 4594 subversor
1489 4537 1732 4593 deorum.
1760 4523 2004 4602 Deliam
2068 4543 2159 4598 alii
2210 4541 2493 4596 duodecim
2549 4554 2615 4594 ex
2677 4533 3046 4605 Philadelphia
3097 4531 3420 4597 venientes,

150 4643 276 4710 ipse
296 4649 383 4694 est
401 4639 494 4708 qui
519 4636 713 4691 multos
741 4635 899 4690 docet
931 4649 996 4687 ne
1020 4630 1319 4695 immolent,
1349 4643 1484 4684 neve
1511 4628 1723 4682 adorent

1840 4637 1982 4709 apud
2029 4632 2311 4706 praefatam
2342 4631 2531 4685 urbem
2580 4627 2842 4699 martyrio
2887 4623 3247 4682 consummati
3273 4630 3421 4678 sunt.

151 4732 308 4786 deos.
335 4728 641 4798 Omnesque
689 4725 892 4796 pariter
929 4722 1360 4785 conclamabant,
1390 4728 1451 4774 ut
1477 4719 1737 4789 Polycar-

149 4846 262 4902 pus
306 4830 464 4883 vivus
514 4828 750 4884 arderet.
795 4823 1097 4896 Oportebat
1136 4822 1282 4877 enim
1321 4820 1585 4876 visionem
1627 4817 1741 4885 ejus

153 4921 398 4993 impleri.
440 4919 660 4976 Viderat
699 4917 964 4988 siquidem
1006 4915 1060 4973 in
1087 4914 1317 4982 visione,
1342 4912 1487 4984 quod
1508 4907 1743 4968 cervical

236 5132 265 5160 ι
292 5117 428 5173 Vide
452 5117 692 5173 libellum
722 5117 789 5172 de
817 5113 1061 5170 Festivit.
1091 5113 1283 5185 Apost.

238 5192 268 5230 ιι
308 5190 585 5244 Iusserunt
609 5186 822 5256 propius
846 5185 1092 5256 accedere
1123 5181 1463 5256 confectores.
1484 5181 1748 5256 Eusebius

241 5204 268 5230 ³
308 5204 822 5310 διιδεεηιηιῖνορηιε
846 5204 1092 5239 acceaere
1123 5204 1463 5252 σοηιεειοτεε.
1487 5204 1744 5238 DUSCUIUS

157 5262 264 5317 lib.
293 5276 367 5319 tv,
408 5274 526 5327 cap.
564 5259 583 5310 i
664 5257 764 5311 hoc
788 5257 904 5327 ipso
932 5254 1126 5327 Latino
1154 5253 1464 5327 confectoris
1498 5253 1663 5307 verbo
1687 5253 1744 5327 in

157 5333 358 5386 eadem
403 5319 495 5399 de:
518 5319 825 5399 Polycarpo'
859 5325 1170 5399 narratione
1200 5319 1368 5378 utitur
1401 5341 1433 5399 :_
1459 5326 1618 5398 Πέρας
1657 5319 1746 5399 οὖν

156 5402 357 5460 ἰδόντες
386 5403 432 5454 οἷ
463 5395 638 5472 ἄνομοὶ
662 5395 755 5472 Apul
772 5397 1136 5472 dways'vovfd
1161 5401 1319 5472 adimat
1340 5396 1443 5450 ὑπὸ
1469 5395 1559 5450 rei
1584 5395 1748 5467 πυρὸς

158 5465 560 5529 δαπανηθῆναι.’
583 5465 852 5525 ἐκέλευσαν
887 5465 1233 5538 έτροσσλθόςντα
1263 5466 1399 5536 αὐτῷ
1434 5465 1749 5538 κομφέκτὸρα

159 5486 532 5529 «Intremuit-ms.
583 5486 857 5550 (autumant
887 5486 1233 5593 πίοᾳελυοντα
1263 5487 1399 5536 αυτῳ
1434 5486 1749 5538 κομφικτορα

159 5543 480 5622 παραξύσαι
513 5542 571 5597 τὸ
593 5540 859 5622 ξᾼίβτοςειψι
965 5535 1404 5622 rtstophorsonus
1424 5536 1750 5622 κομφέκτςιξροξ

161 5604 484 5694 ᾳηὲιεξίξεσπξ
517 5604 695 5690 vertit.
727 5607 808 5661 Ad
828 5604 1118 5694 extremum
1145 5605 1307 5687 igitur
1328 5621 1453 5686 cum
1483 5604 1748 5673 nefariis:

163 5675 575 5750 impiihumines
601 5679 712 5748 ejus
741 5694 930 5750 corpus
961 5675 1422 5750 ab_igne_1nint'me
1443 5690 1591 5744 posse
1621 5690 1745 5750 con-

163 5743 308 5811 suini
345 5751 590 5813 riderent,
623 5743 860 5818 carniﬁci
891 5743 1141 5802 mandata
1165 5743 1416 5801 dederunt
1445 5754 1497 5802 ut
1535 5745 1744 5814 propius

1911 4728 2111 4785 Eodem
2146 4725 2253 4790 die,
2282 4729 2594 4778 sanctorum
2632 4728 2928 4795 martyrum
2963 4716 3268 4787 Theogenis
3292 4729 3418 4770 cum

1843 4821 1965 4876 aliis
2019 4819 2238 4888 triginta
2282 4831 2417 4882 sex,
2467 4814 2561 4884 qui
2615 4819 3024 4869 contemnentes
3073 4807 3424 4879 temporalem

1844 4923 2096 4979 mortem,
2119 4923 2377 4966 coronam
2400 4907 2525 4965 vitae
2553 4915 2767 4962 aeternae
2789 4903 2967 4974 adepti
2993 4910 3138 4957 sunt.

1850 5117 1919 5171 ad
1942 5129 2122 5187 rogum
2142 5127 2468 5187 progressus,
2489 5107 2637 5187 illum
2659 5122 2778 5162 ense
2803 5102 3080 5158 constricto
3103 5097 3421 5187 confodgret.

1852 5167 2206 5265 Sed-proprie
2240 5167 2561 5251 confectores
2593 5177 2829 5265 ferarum
2858 5179 3001 5256 sunt,
3037 5180 3096 5224 ut
3118 5167 3257 5251 apud
3284 5167 3422 5220 Sue-

1852 5239 2055 5312 t‘oiniu‘m
2093 5239 2150 5308 in
2176 5239 2416 5323 Augusto
2442 5265 2560 5318 cap.
2593 5247 2701 5323 45.:
2733 5265 2749 5295 ι
2790 5244 2844 5297 In
2869 5243 3019 5298 circo
3053 5239 3272 5309 aurigas
3301 5249 3425 5290 cur-

1852 5340 2132 5395 soresque,
2169 5332 2224 5378 et
2264 5315 2605 5395 confectores
2649 5315 2917 5395 ferarum,
2951 5317 3422 5395 et‘ponnunquarn

1851 5374 1918 5452 ER
1950 5374 2290 5451 nobilissima
2307 5374 2610 5461 juventuth
2640 5383 2912 5461 produxit.
2943 5401 2961 5433 ι
3000 5380 3124 5461 .Nqn
3161 5374 3312 5461 plura
3357 5374 3424 5428 de

1851 5446 2239 5535 hisiqu-ia—res
2260 5446 2371 5530 ja'm
2398 5468 2543 5514 nota.
2571 5446 2728 5523 Quod
2765 5457 2814 5508 in
2841 5451 3046 5535 Glossis
3072 5446 3422 5535 Basilicorutn

1850 5516 2766 5608 esl'ggppézirmp:marctaat‘sujarric,
2799 5538 2904 5608 llon
2931 5516 3332 5608 est'confector,
3364 5519 3424 5608 ujl

1850 5583 2763 5676 exponitrllleu'rsiu’sinVGlossario
2806 5592 2993 5649 Graeco
3024 5583 3276 5651 barbaro,
3329 5583 3423 5640 sed

1852 5673 2168 5745 coinpactor,
2198 5673 2304 5726 huc
2326 5687 2428 5725 non
2459 5676 2726 5741 spectans.
