3962 6366
568 374 676 430 29.3
1542 365 1599 420 S.

939 480 1001 536 F.
1056 479 1122 534 Vl
1177 479 1332 534 ΚΑΙ..
1385 475 1771 533 FEBRUARII.

1225 570 1312 641 (27
1346 567 1500 636 Jan.)

637 660 846 715 Natalis
894 659 1067 714 sancti
1121 658 1344 714 Joannis
1370 656 1610 727 episcopi
1655 652 2153 722 Constantinopoli-

566 751 704 817 lani,
732 750 824 821 qui
854 749 1274 821 Chrysostomus
1300 746 1616 818 appellatur.

638 843 769 898 Item
797 841 938 897 beati
969 840 1121 895 Marii
1172 841 1382 894 abbatis
1429 835 1741 892 monasterii
1797 833 2148 898 Badonensis,

564 930 718 1001 cujus
757 917 920 987 vitam
945 930 1154 1001 plenam
1184 930 1476 985 virtutibus
1514 930 1596 982 vir
1627 927 1850 982 illustris
1885 942 1948 982 ac
1978 925 2150 996 patri-

563 1023 684 1078 cius
706 1022 998 1093 Dynamius
1020 1021 1231 1076 scribit.

633 1112 700 1166 Et
745 1111 885 1182 apud
935 1109 1209 1166 Bethleem
1245 1109 1414 1175 Judaa,
1441 1111 1694 1165 dormitio
1723 1118 1921 1165 sanetae
1949 1107 2150 1174 Paulae,

562 1206 751 1260 matris
780 1204 1080 1269 Eustachii,
1112 1204 1334 1275 virginis
1359 1203 1580 1258 Christi.
1598 1203 1728 1271 Quae
1755 1217 1877 1257 cum
1911 1210 2148 1256 essetex

560 1296 899 1352 nobilissimo
927 1304 1236 1352 senatorum
1259 1310 1479 1365 genere,
1516 1295 1903 1351 abrenuntians
1923 1294 2146 1360 sazeulo,

561 1395 616 1442 et
640 1387 832 1458 opibus
857 1387 969 1443 suis
990 1387 1043 1441 in
1072 1400 1338 1458 pauperes
1360 1385 1838 1456 erogatis,Christi
1860 1393 2152 1440 consecuta

563 1487 650 1534 est
693 1485 1090 1549 paupertatem,
1125 1485 1180 1532 et
1214 1478 1352 1548 apud
1387 1475 1669 1547 praefatum
1701 1475 2014 1547 oppidulum
2045 1476 2152 1531 Do-

559 1570 757 1626 minica
810 1571 1092 1624 nativitate
1144 1568 1456 1641 gloriosum,
1515 1569 1825 1625 monasterii
1871 1568 2151 1640 virginalis

559 1661 767 1716 exstitit
795 1668 986 1715 mater.
1017 1659 1186 1730 Hujus
1241 1661 1406 1714 vitam
1443 1659 1730 1714 virtutibus
1781 1659 2149 1714 admirandam

560 1760 780 1807 sanctus
807 1752 1166 1824 Hieronymus
1210 1752 1454 1807 scribens
1487 1751 1590 1823 (ep.
1617 1750 1707 1814 27,
1739 1750 1808 1803 ad
1845 1748 2146 1820 Eustach.),

558 1851 789 1901 testatur
811 1859 932 1900 eam
959 1845 1116 1916 longo
1143 1852 1457 1900 coronatam
1481 1857 1602 1898 esse
1631 1842 1909 1912 martyrio.

946 1957 1010 2012 G.
1055 1958 1098 2011 V
1148 1957 1304 2012 KAL.
1358 1954 1751 2012 FEBRUARII.

1220 2047 1311 2121 (es
1334 2047 1485 2118 Jan.)

634 2135 808 2190 Natali
839 2145 1043 2192 sancta:
1068 2137 1291 2211 Agnetis
1321 2137 1575 2193 secundo.

633 2229 699 2283 Et
732 2229 784 2283 in
817 2229 1038 2283 civitate
1085 2228 1386 2299 Apollonia,
1435 2227 1642 2294 Leucii,
1675 2227 1878 2293 Thirsi,
1911 2234 1966 2281 et
1992 2226 2150 2283 Gale-

558 2317 668 2374 nici
695 2328 1012 2390 martyrum,
1048 2321 1137 2390 qui
1181 2331 1422 2391 tempore
1461 2321 1606 2375 Decii
1656 2319 2022 2390 imperatoris,
2050 2319 2149 2374 sub

556 2409 873 2478 praesidibus
886 2409 1211 2474 Combricio,
1237 2410 1468 2481 Sylvano
1488 2419 1542 2464 et
1565 2409 1766 2473 Baudo,
1796 2408 2022 2464 diversis
2049 2415 2152 2464 tor-

557 2509 860 2554 mentorum
894 2501 1181 2572 generibus
1216 2501 1511 2556 exeruciati
1538 2518 1552 2567 ;
1607 2501 1814 2570 primus
1839 2509 1894 2554 et
1923 2500 2146 2555 ultimus

555 2594 855 2648 abscisione
910 2595 1124 2664 capitis,
1175 2595 1381 2651 medius
1437 2596 1643 2652 cmlesti
1683 2612 1811 2652 voce
1864 2605 2145 2662 evocatus,

554 2685 803 2754 spiritum
850 2687 1100 2753 reddens,
1153 2689 1471 2758 martyrium
1529 2698 2044 2743 consummaverunt
2091 2689 2147 2744 in

554 2775 786 2833 Grtecia.

631 2865 832 2929 Eodem
869 2867 956 2924 die
978 2869 1118 2938 apud
1165 2868 1566 2936 Alexandriam,
1619 2871 1762 2925 beati
1805 2869 1988 2940 Cyrilli
2035 2870 2148 2941 epi-

555 2957 722 3027 scopi,
785 2959 876 3028 qui
929 2959 1208 3014 catholicte
1264 2960 1384 3015 ﬁdei
1441 2959 1889 3030 prmclarissimus
1942 2961 2148 3016 exstitit

557 3055 942 3114 propugnator.

626 3135 755 3192 Item
799 3137 852 3191 in
899 3140 1227 3195 monasterio
1274 3139 1656 3207 Reomanensi,
1709 3141 1881 3198 sancti
1926 3141 2146 3197 Joannis

556 3227 855 3300 presbyteri
881 3229 981 3284 viri
1005 3229 1118 3286 Dei.

947 3342 1012 3397 A.
1045 3343 1114 3399 IV
1151 3343 1309 3398 KAL.
1350 3344 1743 3402 FEBRUARII.

1209 3436 1300 3508 (29
1328 3437 1482 3509 Jan.)

628 3523 834 3590 Romae,
860 3525 1054 3582 natalis
1081 3525 1258 3598 Papia:
1291 3537 1346 3583 et
1372 3528 1542 3584 Mauri
1599 3529 1850 3597 militum,
1899 3541 2138 3602 tempore

560 3615 898 3672 Diocletiani.
932 3618 1032 3685 Qui
1079 3619 1321 3676 videntes
1367 3622 1725 3678 constantiam
1779 3621 2060 3679 Saturnini
2092 3631 2147 3679 et

560 3705 784 3762 Sisinnii
819 3718 1139 3780 martyrum,
1173 3713 1422 3767 conversi
1467 3721 1594 3768 sunt
1619 3714 1685 3768 ad
1713 3714 1896 3780 ﬁdem,
1925 3714 2143 3769 statim-

561 3813 667 3869 que
687 3797 902 3867 jussum
939 3809 1022 3855 est
1052 3817 1081 3855 a
1109 3801 1364 3859 Laodieio
1386 3805 1642 3874 praefecto
1670 3805 1931 3871 Urbis,ut
1957 3821 2146 3862 eorum

555 3906 653 3947 ora
684 3892 880 3962 quibus
931 3893 1206 3955 Christum
1256 3897 1673 3961 conﬁtebantur,
1725 3895 1992 3966 lapidibus
2019 3911 2150 3950 con-

557 3983 936 4048 tunderentur,
961 3992 1017 4039 et
1050 3987 1460 4042 retruderentur
1483 3988 1536 4042 in
1573 4003 1867 4053 carcerem,
1899 3989 1986 4043 ubi
2021 3990 2153 4059 bap-

558 4070 709 4124 tizati
740 4080 897 4126 erant
930 4088 961 4127 a
1011 4073 1168 4130 beato
1199 4075 1450 4132 Marcello
1500 4093 1655 4149 papa.
1700 4077 1844 4146 Quos
1873 4086 1994 4149 post
2023 4079 2153 4134 duo-

1642 363 1894 420 ADONIS
1929 361 2359 417 AHCHIEPISC.
2408 361 2812 416 VIENNENSIS

3738 370 3843 424 ΞΗ

2173 477 2221 536 Α
2250 473 2424 527 decim
2453 472 2566 527 dies
2587 472 2834 538 eductos,
2856 473 3020 543 jussit
3051 476 3218 530 sterni
3250 477 3302 530 in
3333 485 3557 544 terram,
3597 489 3652 535 et
3686 481 3844 538 fusti-

2251 563 2352 618 bus
2377 563 2510 618 cazdi
2543 580 2557 628 ;
2595 564 2717 618 dein
2749 563 2952 619 levatos
2984 567 3048 620 de
3077 575 3246 631 terra,
3283 568 3577 638 plumbatis
3631 579 3842 642 percuti

2250 653 2423 708 donec
2469 653 2801 724 expirarent.
2854 655 3092 723 Quorum
3140 673 3366 727 corpora
3396 660 3656 730 colligens
3682 676 3843 720 noctu

2250 743 2481 801 Joannes
2499 747 2802 817 presbyter,
2830 748 3076 817 sepelivit
3101 749 3182 803 via
3213 749 3548 806 Numentana
3583 755 3652 808 ad
3679 755 3846 825 Nym-

2251 836 2386 906 phas
2416 836 2560 890 beati
2593 835 2760 900 Petri,
2795 837 2885 890 ubi
2922 838 3036 907 ipse
3083 839 3411 908 baptizabat.
3456 841 3736 914 Scriptum
3768 857 3844 900 est

2252 925 2306 980 in
2321 928 2487 998 gestis
2511 929 2651 984 beati
2679 928 2916 984 Marcelli
2951 945 3122 1000 papre.

2322 1017 2522 1072 Eodem
2551 1018 2639 1073 die
2663 1017 2897 1085 Treviri,
2923 1019 3186 1089 depositio
3207 1022 3350 1105 beati
3379 1023 3588 1080 Valerii
3604 1025 3842 1096 episcopi

2252 1107 2495 1178 discipuli
2523 1109 2691 1164 sancti
2736 1109 2877 1164 Petri
2905 1111 3159 1180 apostoli.

2636 1221 2697 1276 Β.
2750 1220 2815 1276 ιιι
2853 1221 3011 1277 KAL.
3052 1222 3444 1280 FEBRUARIL

2425 1363 2429 1366 .
2927 1313 3018 1383 (50
3034 1315 3182 1385 jan.)

2322 1401 2476 1471 Apud
2505 1399 2872 1466 Antiochiam,
2900 1402 3082 1471 passio
3117 1404 3290 1458 sancti
3318 1403 3589 1476 Hippolyti
3639 1416 3841 1480 martyo

2253 1490 2348 1556 ris,
2396 1491 2488 1560 qui
2541 1490 2731 1546 Novati
2781 1493 3076 1549 schismate
3117 1494 3508 1565 aliquantulum
3563 1497 3836 1569 deceptus,

2251 1590 2509 1652 operante
2535 1582 2707 1652 gratia
2738 1582 2946 1638 Christi
2972 1595 3270 1652 correctus,
3298 1586 3363 1640 ad
3390 1586 3724 1643 charitatem
3748 1589 3839 1646 Ec-

2252 1677 2430 1732 clesia:
2455 1677 2614 1732 rediit
2647 1697 2658 1732 :
2697 1694 2798 1748 pro
2823 1695 2951 1750 qua,
2982 1688 3037 1736 et
3063 1680 3117 1734 in
3143 1696 3251 1751 qua
3280 1680 3490 1737 illustre
3517 1685 3834 1756 martyrium

2252 1779 2438 1839 postea
2465 1772 2882 1826 consummavit.

2329 1858 2573 1929 (Euseb,
2629 1860 2664 1913 ι.
2706 1876 2779 1927 ιν,
2817 1877 2868 1916 c.
2914 1860 3002 1932 5.)
3061 1861 3486 1936 Hierosolymis,
3538 1866 3838 1925 beatissimi

2253 1950 2492 2008 Matthiae
2533 1953 2770 2024 episcopi
2802 1955 2868 2009 de
2893 1970 3002 2025 quo
3030 1955 3166 2010 mira
3218 1964 3274 2011 et
3305 1957 3461 2027 plena
3518 1957 3629 2014 ﬁde
3688 1969 3830 2031 gesta

2253 2054 2582 2112 narrantur;
2609 2045 2703 2115 qui
2740 2046 2906 2100 multa
2929 2061 3028 2116 pro
3058 2047 3274 2103 Christo
3316 2064 3630 2120 perpessus,
3656 2050 3837 2108 ultimo

2253 2136 2306 2190 in
2362 2151 2494 2206 pace
2549 2137 2712 2190 vitam
2747 2136 2940 2192 ﬁnivit.
2983 2137 3082 2194 llic
3133 2148 3355 2196 octavus
3403 2148 3527 2210 post
3575 2139 3832 2198 Iacobum

2251 2227 2392 2281 rexit
2415 2225 2733 2282 Ecclesiam.

2322 2317 2452 2373 Item
2512 2317 2657 2373 beati
2711 2318 3022 2375 Alexandri.
3051 2319 3149 2376 Hic
3177 2320 3408 2377 Deciana
3438 2324 3831 2393 persecutione,

2249 2420 2348 2476 pro
2369 2406 2708 2463 confessione
2735 2407 2876 2470 ﬁdei,
2895 2409 3119 2478 judiciis
3143 2411 3372 2478 sistitur,
3396 2421 3452 2466 et
3469 2413 3710 2469 vinculis
3728 2429 3834 2470 ear-

2249 2497 2390 2552 ceris
2445 2497 2692 2551 traditur.
2759 2497 2970 2568 Quique
3021 2515 3143 2554 cum
3193 2499 3447 2572 longaeva:
3475 2503 3662 2557 tetatis
3690 2517 3834 2558 vene-

2250 2589 2419 2643 randa
2449 2589 2649 2644 canitie
2672 2589 3036 2661 praefulgeret,
3059 2601 3345 2662 postquam
3377 2593 3700 2663 frequenter
3724 2609 3832 2664 pas-

2248 2683 2492 2739 sionibus
2522 2683 2636 2739 suis
2659 2692 2715 2738 et
2743 2684 3073 2739 cruciatibus
3103 2684 3501 2754 gloriﬁcaverat
3527 2686 3830 2751 Dominum,

2247 2775 2313 2830 de
2344 2774 2572 2830 vinculis
2605 2775 2672 2830 ad
2704 2775 3012 2840 tribunalia,
3045 2785 3100 2832 et
3138 2791 3168 2830 a
3220 2776 3586 2832 tribunalibus
3623 2793 3834 2834 revoca-

2247 2874 2398 2919 retur
2419 2865 2488 2919 ad
2517 2865 2752 2930 vincula,
2784 2866 2924 2921 inter
2952 2867 3063 2936 ipsa
3096 2867 3336 2923 vicissim
3360 2869 3464 2924 sibi
3488 2868 3834 2925 succedenti:

2248 2963 2537 3018 tormenta,
2563 2955 2705 3009 bono
2735 2955 2840 3010 ﬁne
2869 2955 3092 3024 quievit.

2564 3062 2624 3118 C.
2658 3062 2885 3118 PRlDlE
2930 3064 3088 3118 KAL.
3127 3065 3520 3121 FEBRUARH.

2909 3156 2993 3227 (3|
3023 3155 3152 3211 Jan.

2319 3252 2473 3322 Apud
2501 3249 2910 3316 Alexandriam,
2945 3249 3141 3305 natalis
3169 3251 3338 3306 sancti
3366 3249 3594 3305 Metrani
3635 3254 3836 3318 marty-

2251 3344 2326 3399 ris
2347 3358 2507 3414 quem
2537 3343 2732 3414 pagani
2762 3350 3095 3412 correptum,
3114 3343 3306 3413 jubent
3337 3341 3497 3410 impia
3524 3341 3691 3394 verba
3710 3353 3834 3408 pro-

2248 3436 2423 3503 ferre;
2453 3435 2704 3506 quodillo
2733 3442 3041 3499 recusante,
3065 3448 3224 3489 omne
3251 3447 3448 3503 corpus
3475 3432 3592 3502 ejus
3609 3429 3836 3485 fustibus

2246 3528 2577 3592 colliserunt,
2608 3525 2922 3596 vultumque
2958 3535 3012 3580 et
3035 3525 3221 3581 oculos
3247 3525 3417 3580 acutis
3446 3521 3677 3577 calamis
3702 3530 3835 3576 tere-

2248 3622 2492 3687 brantes,
2525 3629 2681 3676 extra
2713 3619 2900 3675 urbem
2931 3635 3054 3675 cum
3098 3620 3430 3676 cruciatibus
3485 3616 3833 3686 expulerunt,

2249 3711 2432 3781 ibique
2451 3710 2593 3781 quod
2617 3710 2670 3764 in
2691 3724 2757 3766 eo
2783 3717 3064 3780 supererat
3088 3710 3311 3780 spiritus
3354 3708 3637 3780 lapidibus
3661 3705 3832 3777 eiece-

2253 3811 2399 3857 runt.

2319 3895 2448 3950 ltem
2479 3902 2789 3949 sanctorum
2831 3892 3072 3957 Saturni,
3111 3891 3305 3964 Thyrsi
3331 3900 3386 3947 et
3413 3887 3672 3946 Victoris.

2322 3985 2524 4040 Eodem
2549 3985 2636 4040 die
2670 3984 2810 4053 apud
2836 3983 3170 4038 Trientinam
3201 3983 3408 4050 urbem,
3455 3979 3603 4036 beati
3635 3975 3834 4050 Virgilii

2254 4077 2494 4148 episcopi
2517 4085 2572 4132 et
2603 4077 2874 4147 martyris.

1819 4342 2122 4399 LITANUE
2159 4340 2576 4398 INDICENDJE.

1646 4509 2020 4588 MENSIS
2097 4498 2734 4588 FEBRUARIUS

1164 4704 1373 4748 HABET
1417 4707 1557 4750 DIES
1603 4707 1835 4765 XXVIII;
1881 4709 1942 4752 IN
1991 4707 2334 4751 BlSSEXTlLl
2383 4707 2544 4751 VERO
2592 4705 2776 4761 XXIX;
2822 4704 3012 4758 LUNA,
3062 4703 3232 4747 XXIX.

1005 4955 1065 5010 D.
1099 4954 1252 5010 ΚΑΙ...
1294 4955 1681 5015 FEBRUARH.

1199 5048 1263 5119 (ι
1301 5047 1460 5104 Febr.
1489 5049 1507 5120 )

630 5135 786 5208 Apud
834 5136 1146 5210 Smyrnam,
1187 5140 1383 5196 natalis
1422 5143 1595 5197 sancti
1637 5143 1808 5197 Pionii
1868 5142 2147 5215 martyris,

560 5227 654 5298 qui
705 5229 1078 5298 persecutione
1105 5229 1363 5284 Antonini
1390 5230 1540 5297 Veri,
1572 5240 1695 5302 post
1722 5231 2146 5301 insuperabilem

561 5320 973 5392 responsionum
1019 5325 1398 5388 constantiam,
1427 5333 1482 5376 et
1528 5324 1831 5393 squalorem
1886 5326 2142 5391 careeris,

562 5412 654 5468 ubi
707 5412 903 5468 multos
954 5412 1178 5468 fratrum
1229 5416 1296 5469 ad
1339 5416 1584 5489 martyrii
1638 5416 1977 5472 tolerantiam
2036 5418 2148 5474 suis

565 5503 1034 5561 exhortationibus
1083 5507 1374 5571 roboravit,
1428 5509 1494 5562 ad
1528 5509 1775 5564 ultimum
1818 5511 2148 5568 cruciatibus

567 5595 749 5651 multis
788 5607 1031 5664 vexatus,
1059 5598 1224 5654 clavis
1272 5600 1536 5662 conﬁxus,
1570 5610 1623 5655 et
1651 5602 1858 5657 ardenti
1900 5617 2027 5672 rogo
2055 5618 2145 5658 su-

640 5759 674 5790 ι
703 5749 835 5806 Vide
858 5752 1091 5809 libellum
1124 5754 1189 5808 de
1214 5753 1354 5809 Fest.
1399 5725 1581 5825 Apost.

2168 4963 2222 5023 D
2247 4960 2573 5032 perpositus,
2607 4967 2823 5014 beatum
2850 4971 2948 5027 pro
2971 4957 3186 5012 Christo
3220 4955 3383 5008 ﬁnem
3441 4954 3564 5008 vita:
3617 4954 3833 5010 sortitus

2248 5061 2348 5106 est.
2382 5049 2534 5106 Passi
2565 5057 2835 5105 suntcum
2869 5063 2936 5104 eo
2955 5057 3013 5103 et
3035 5048 3127 5103 alii
3150 5044 3479 5117 quindecim.

2319 5140 2521 5197 Eodem
2555 5141 2641 5196 die
2692 5140 2884 5196 beatus
2929 5139 3203 5210 Ephrzem,
3254 5136 3543 5192 Edessena:
3584 5133 3832 5190 Ecclesia:

2251 5232 2487 5288 diaconi.

2321 5334 2347 5363 α
2391 5323 2593 5377 Eodem
2621 5321 2706 5376 die
2747 5321 2886 5391 apud
2923 5318 3286 5383 Antiochiam,
3316 5318 3457 5372 beati
3485 5317 3702 5389 lgnatu,
3723 5315 3830 5384 epi-

2251 5419 2398 5489 scopi
2422 5426 2478 5473 et
2509 5416 2785 5488 martyris.

2322 5509 2451 5562 ltcm
2480 5510 2620 5577 apud
2644 5506 2904 5570 Scotiam,
2927 5512 3126 5560 saneta:
3155 5501 3383 5574 Brigida:
3414 5501 3662 5573 virginis,
3686 5495 3832 5565 cujus

2258 5604 2362 5656 vita
2411 5601 2684 5656 miraculis
2732 5600 2964 5662 claruit;
2997 5614 3114 5668 qum
3147 5613 3267 5652 cum
3301 5597 3504 5666 lignum
3559 5595 3744 5650 altaris
3777 5593 3831 5645 in
