3962 6366
67 369 188 426 ηδ

755 360 946 418 MART
957 355 1358 419 YROLOGIUM
1391 353 1535 413 CUM
1571 353 1689 410 AD!

1792 351 2104 409 AMENTIS.
2142 383 2208 393 —
2249 351 2453 408 MENS.
2497 351 2698 408 FEBR.

3247 351 3356 414 2‘26

70 482 457 543 testimonium
482 478 810 552 virginitatis
834 491 946 534 suae
963 475 1247 548 tetigisset,
1275 473 1451 528 viride
1471 471 1669 526 factum
1697 473 1745 531 Α
1775 467 1862 522 ille
1899 466 2225 522 inhumanus
2249 476 2305 523 et
2329 467 2544 530 crudus,
2578 482 2678 522 nec
2707 467 3067 528 multitudinis
3112 481 3356 529 eontem-

69 587 186 638 εει.

143 668 363 725 Eodem
384 665 472 722 die
491 663 666 720 sancti
695 661 844 716 Pauli
876 659 1111 731 episcopi
1154 658 1386 714 civitatis
1407 655 1680 712 'l‘recassi-

73 777 193 829 me,
221 759 384 829 cujus
403 766 460 814 et
485 757 597 812 vita
623 755 917 811 virtutibus
950 752 1166 818 claruit,
1183 759 1238 806 et
1262 766 1408 806 mors
1437 749 1674 820 pretiosa

76 852 370 910 miraculis
398 848 831 907 commendatur.

444 961 509 1015 E.
555 958 622 1014 ιγ
655 956 884 1014 NONAS
930 954 1326 1012 FEBRUARII.

763 1047 820 1119 (Ξ
867 1046 1051 1116 Febr.)

155 1143 480 1217 Hypapante
501 1141 736 1197 Domini.

165 1236 317 1307 Apud
343 1234 672 1299 Caesaream,
703 1231 1000 1286 beatissimi
1047 1228 1285 1285 Cornelii
1324 1227 1680 1290 centurionis,

85 1341 254 1398 quem
281 1325 473 1380 beatus
507 1323 700 1378 Petrus
718 1321 1018 1392 baptizavit
1043 1338 1058 1387 ;
1095 1321 1296 1390 quique
1323 1319 1462 1390 apud
1491 1317 1683 1387 praefao

88 1426 202 1472 tam
226 1415 442 1478 urbem,
470 1411 709 1483 episcopi
739 1412 946 1467 honore
973 1411 1314 1471 sublimatus,
1350 1407 1573 1478 quievit.

159 1505 366 1562 Eodem
391 1503 479 1559 die
523 1502 728 1566 Romae,
784 1501 956 1557 sancti
1003 1498 1304 1570 Aproniani
1344 1489 1679 1567 inmartyris.

91 1597 198 1665 Qui
236 1596 336 1652 sub
374 1595 751 1665 persecutione
806 1592 1117 1647 Maximiani
1169 1589 1512 1660 imperatoris
1560 1604 1683 1644 cum

90 1693 478 1756 praesentasset
533 1684 842 1755 aspectibus
894 1681 1135 1738 Laodicii
1189 1678 1430 1752 przefecti
1467 1679 1684 1734 beatum

101 1779 408 1836 Sisinnium
432 1777 722 1833 diaconum
751 1776 1003 1830 eductum
1030 1774 1098 1828 de
1119 1787 1340 1828 carcere
1363 1774 1504 1841 (erat
1536 1770 1679 1825 enim

1781 557 2036 628 platione,
2063 572 2164 612 nec
2198 557 2412 612 virtutis
2440 573 2626 613 eorum
2656 560 3096 628 magnanimitate
3135 577 3354 633 permo-

1785 660 1890 714 tus,
1920 648 2043 704 duci
2075 648 2426 704 nihilominus
2451 665 2641 705 omnes
2689 660 2746 706 et
2788 653 2920 708 czedi
2951 655 3130 725 capite
3176 655 3354 726 jubet.

1783 740 1982 794 Verum
2012 739 2069 794 bi
2093 747 2404 794 constanter
2429 748 2486 793 et
2509 739 2723 796 fortiter
2747 757 2868 797 cum
2891 743 3076 800 laetitia
3095 755 3152 802 et
3179 748 3362 804 exsul-

1784 830 1986 884 tatione
2040 838 2272 884 mortem
2299 839 2618 898 praesentem
2650 831 2795 885 velut
2821 840 3036 888 aeternae
3061 835 3185 890 vitae
3211 837 3363 906 prin-

1782 920 1920 990 cipia
1945 920 2248 990 rapiebant.
2287 919 2528 990 Denique
2549 937 2668 975 cum
2698 923 2905 991 priores
2931 925 3129 994 quique
3144 925 3360 997 jugula-

1785 1019 1992 1076 rentur,
2024 1010 2216 1080 reliqui
2242 1027 2349 1065 non
2379 1011 2596 1066 desidiae
2620 1015 2925 1083 auttorpori
2955 1015 3165 1073 animos
3187 1017 3364 1072 indul-

1780 1106 2000 1174 gebant,
2048 1104 2142 1158 sed
2189 1103 2478 1174 psallentes
2506 1113 2561 1158 et
2582 1105 2812 1175 hymnos
2838 1106 2945 1162 Deo
2973 1118 3247 1173 canentes,
3279 1108 3362 1164 lo-

1781 1209 1903 1251 cum
1933 1196 2158 1266 quisque
2194 1196 2276 1250 sui
2298 1195 2540 1266 martyrii
2571 1197 2936 1265 exspectabat,
2968 1208 3027 1252 ut
3058 1200 3171 1255 haec
3200 1215 3367 1271 agen-

1784 1300 1886 1355 tes,
1919 1290 2084 1345 etiam
2117 1298 2392 1344 extremos
2421 1289 2644 1359 Spiritus
2674 1288 2728 1342 in
2775 1287 2870 1342 Dei
2905 1288 3156 1346 laudibus
3201 1291 3366 1346 exha-

1783 1379 1976 1434 larent.
2003 1376 2046 1435 Ο
2076 1395 2201 1435 vere
2237 1379 2503 1435 mirabilis
2532 1388 2586 1434 et
2624 1378 2768 1435 omni
2795 1378 3137 1435 veneratione
3174 1381 3370 1452 dignus

1784 1483 1916 1543 grex
1950 1471 2040 1524 ille
2069 1472 2374 1535 beatorum,
2408 1480 2584 1525 turma
2621 1470 2861 1524 virorum
2902 1468 3142 1537 fortium,
3168 1483 3372 1527 corona

1784 1559 2089 1630 splendoris
2111 1561 2295 1630 gloriae
2321 1561 2554 1616 Christi!
2584 1559 2733 1615 Hanc
2761 1576 2894 1615 sane
2944 1577 3198 1617 coronam
3243 1577 3372 1632 pre—

1786 1652 1975 1707 tiosior
2005 1653 2245 1706 omnium
2274 1652 2428 1723 lapis,
2462 1661 2516 1706 et
2529 1667 2742 1722 gemma
2770 1653 3002 1707 nobilior
3027 1654 3328 1708 adornabat
3354 1669 3370 1718 ;

1787 1745 1928 1800 hanc
1960 1753 2192 1800 turmam
2219 1745 2444 1816 praeibat
2477 1745 2671 1800 ductor
2713 1745 2994 1811 illustrior,
3048 1745 3192 1801 hunc
3247 1760 3372 1818 gre-

92 1865 630 1938 Commentariensis)
683 1873 738 1918 et
785 1864 962 1918 subito
1018 1862 1215 1916 factam
1245 1860 1417 1915 lucem
1447 1859 1515 1914 de
1543 1859 1681 1913 coelo

1792 1851 1904 1906 gem
1931 1844 2118 1905 pastor
2149 1836 2385 1890 nobilior
2411 1836 2702 1891 decorabat
2734 1855 2746 1890 :
2778 1835 2993 1892 Phileas
3021 1837 3147 1892 huic
3179 1849 3375 1892 nomen

95 1959 338 2022 vidisset,
365 1969 660 2026 vocemque
685 1955 892 2024 pariter
915 1954 1200 2017 hausisset,
1218 1950 1568 2006 tremefactus
1596 1963 1685 2002 ce-

98 2049 226 2106 cidit
245 2048 315 2102 ad
336 2047 502 2118 pedes
531 2044 752 2101 Sisinnii
781 2043 967 2098 dicens
998 2059 1010 2096 :
1040 2040 1244 2111 Adjuro
1290 2049 1342 2095 te
1383 2055 1481 2110 per
1529 2039 1684 2094 Clll‘l-

101 2150 256 2206 stum,
294 2153 456 2210 quem
495 2137 792 2200 confiteris,
828 2151 898 2190 ne
945 2133 1126 2190 tardes
1149 2149 1236 2190 me
1272 2132 1567 2202 baptizare,
1600 2130 1683 2186 fa-

101 2231 315 2300 ciasque
346 2243 437 2284 me
461 2227 772 2298 pertingere
825 2233 1002 2281 tecum
1058 2225 1125 2279 ad
1155 2230 1460 2279 'coronam.
1513 2223 1682 2290 Quem

99 2325 288 2379 beatus
316 2321 588 2377 Sisinnius
622 2318 954 2388 baptizatum
983 2316 1050 2370 ad
1075 2315 1501 2385 consignandum
1529 2327 1685 2368 sacro

97 2413 392 2469 chrismate
436 2408 688 2464 Marcello
717 2422 868 2478 papae
897 2405 1113 2462 obtulit.
1166 2405 1282 2472 Quo
1315 2419 1517 2475 praeses
1539 2418 1686 2458 com-

96 2515 273 2576 perto,
291 2503 461 2575 jussit
477 2517 600 2557 eum
630 2499 916 2570 capitalem
948 2498 1131 2554 subire
1164 2497 1511 2553 sententiam.
1543 2495 1683 2550 Per-

99 2596 298 2650 ductus
325 2594 504 2664 itaque
539 2593 624 2648 via
673 2590 907 2655 Salaria,
940 2588 1192 2643 milliario
1221 2587 1477 2650 secundo,
1511 2585 1687 2654 capite

103 2695 408 2751 truncatus,
432 2692 629 2756 martyr
655 2694 937 2752 victorque
968 2679 1222 2736 decessit.

459 2796 521 2851 F.
557 2795 622 2850 ΙΙΙ
660 2793 889 2852 NONAS
937 2789 1332 2848 FEBRUARII.

757 2881 1032 2956 (span)

167 2976 228 3033 in
247 2975 455 3042 Africa,
485 2974 629 3030 beati
656 2973 890 3030 Celerini
917 2971 1132 3028 diaconi
1157 2980 1214 3029 et
1239 2970 1588 3028 confessoris.
1623 2969 1691 3024 Et

104 3078 412 3126 sanctorum
440 3076 738 3140 martyrum
767 3066 1032 3122 Celerinaa
1059 3066 1194 3121 avia:
1214 3065 1350 3136 ejus,
1379 3072 1435 3118 et
1453 3063 1691 3118 Lauren-

105 3161 224 3227 tini,
252 3169 310 3216 et
330 3160 540 3232 lgnatii.
571 3158 808 3226 Quorum
828 3157 976 3227 prior
997 3165 1242 3227 patruus,
1274 3169 1507 3226 sequens
1519 3168 1688 3207 avun-
1715 3170 1760 3233 ρ

106 3250 257 3308 cuius
278 3252 447 3322 ipsius
475 3249 596 3305 fuit.
630 3250 704 3304 De
733 3263 963 3318 quorum
1012 3247 1253 3303 omnium
1305 3245 1558 3316 gloriosis
1579 3245 1692 3299 lau-

109 3343 262 3399 dibus
283 3341 622 3397 exstatbeati
655 3339 908 3410 Cypriani
956 3337 1204 3408 epistola,
1233 3352 1354 3407 quae
1402 3337 1469 3392 de
1500 3336 1585 3392 his
1617 3337 1695 3389 in—

110 3440 190 3488 ter
215 3441 410 3488 caetera
438 3431 510 3486 ita
538 3430 775 3500 loquitur
806 3447 818 3484 :
849 3429 1000 3494 Avia,
1051 3428 1243 3498 inquit,
1292 3427 1406 3497 ejus
1455 3427 1694 3480 Celerina

107 3527 361 3596 martyrio
399 3534 653 3579 coronata
689 3532 786 3578 est.
819 3521 954 3576 Item
990 3531 1211 3591 patruus
1245 3519 1360 3589 ejus
1390 3527 1437 3572 et
1461 3534 1695 3572 avuncu-

111 3617 194 3670 lus
224 3615 576 3670 Laurentinus
599 3625 646 3669 et
672 3613 939 3684 Ignatius,
980 3612 1035 3665 in
1066 3610 1254 3664 castris
1293 3617 1341 3663 et
1370 3608 1498 3677 ipsis
1535 3623 1696 3677 quon-

111 3709 241 3762 dam
299 3706 634 3761 saecularibus
676 3703 958 3758 militantes
981 3716 999 3753 :
1023 3702 1113 3756 sed
1163 3700 1272 3755 veri
1311 3708 1361 3754 et
1399 3695 1695 3770 spirituales

111 3797 217 3852 Dei
234 3796 440 3861 milites,
465 3796 592 3850 dum
622 3793 890 3848 diabolum
905 3791 1101 3847 Christi
1121 3789 1444 3860 confessione
1462 3797 1694 3860 proster-

113 3898 266 3955 nunt,
294 3889 498 3960 palmas
544 3886 754 3941 Domini
776 3894 822 3939 et
846 3899 1066 3938 coronas
1088 3881 1286 3936 illustri
1326 3880 1568 3951 passione
1592 3893 1698 3932 me-

113 3989 355 4036 ruerunt.
380 3978 656 4047 Sacriﬁcia
683 3993 779 4047 pro
813 3977 887 4030 eis
911 3991 1110 4045 semper
1133 3973 1211 4044 (ut
1227 3969 1553 4042 meministis)
1569 3969 1697 4039 olfe—

111 4073 302 4140 rimns,
327 4073 528 4144 quoties
555 4081 847 4140 martyrum
885 4069 1156 4138 passiones
1179 4076 1226 4121 et
1249 4065 1360 4120 dies
1393 4064 1696 4118 anniversa-

113 4163 197 4217 ria
244 4161 588 4217 celebratione
649 4173 1134 4221 commemoramus,
1175 4164 1280 4211 etc.
1328 4153 1455 4208 Non
1485 4152 1693 4207 invenio

109 4268 264 4320 quem
292 4253 573 4307 beatiorem
594 4249 759 4319 magis
800 4247 996 4311 dicam,
1021 4255 1264 4300 utrumne
1292 4242 1414 4298 illos
1445 4242 1510 4296 de
1529 4251 1698 4313 poste-

115 4340 272 4395 ritate
297 4348 408 4394 tam
435 4337 603 4403 clara,
633 4354 704 4391 an
739 4336 877 4390 hunc
899 4335 965 4390 de
1001 4334 1201 4404 origine
1227 4333 1481 4405 gloriosa.

403 4460 470 4517 G.
495 4459 721 4516 PRlDlE
757 4455 985 4513 NONAS
1023 4454 1412 4512 FEBRUARII.

774 4550 832 4624 (4
854 4549 1038 4620 Febr.)

187 4667 248 4722 in
277 4667 500 4723 civitate
524 4663 768 4742 Egypti,
792 4679 910 4734 qua:
935 4663 1234 4733 appellatur
1259 4659 1500 4725 Thmuis,
1519 4660 1700 4730 passio

119 4757 265 4814 beati
290 4757 512 4822 Philete,
538 4755 779 4826 ejusdem
809 4754 958 4809 urbis
980 4754 1242 4825 eplSCOpi,
1304 4761 1360 4808 et
1403 4751 1698 4807 Philoromi

119 4849 326 4906 tribuni
363 4849 593 4905 militum
620 4849 983 4904 Romanorum
1010 4864 1022 4900 ε
1053 4861 1177 4901 cum
1199 4847 1395 4915 quibus
1428 4845 1590 4900 etiam
1616 4845 1698 4898 in-

113 4955 350 4996 numera
371 4938 606 4994 fidelium
633 4938 918 4994 multitudo
963 4952 1030 4992 ev
1066 4937 1253 4990 eadem
1283 4936 1434 4999 urbe,
1468 4933 1700 5004 pastoris

113 5030 206 5085 sui
234 5029 463 5102 vestigia
492 5045 724 5101 sequens
745 5028 1117 5100 persecutione
1139 5024 1476 5086 Diocletiani,
1500 5033 1702 5094 marty-

115 5120 205 5176 rio
231 5130 493 5177 coronata
520 5131 621 5177 est.
655 5123 682 5162 ιι
711 5121 940 5176 Sedente
966 5132 1198 5189 namque
1225 5132 1322 5188 pro
1345 5117 1701 5171 tribunalibus

116 5209 426 5267 saevissimo
453 5212 703 5282 praeside,
730 5210 1027 5266 oﬁ‘eruntur
1042 5207 1311 5264 innumeri
1343 5207 1576 5262 ﬁdelium
1610 5221 1704 5277 po—

116 5301 258 5372 puli.
318 5301 463 5370 Quos
513 5303 602 5358 ille
644 5301 883 5372 singulos
926 5316 1024 5373 per
1060 5301 1306 5357 ordinem
1333 5297 1609 5355 confessos
1646 5312 1704 5353 se

117 5391 488 5458 Christianos,
518 5395 692 5465 capite
716 5393 874 5465 plecti
892 5393 1064 5463 jubet,
1095 5407 1327 5462 cumque
1357 5389 1605 5447 certatim
1645 5405 1706 5445 se

119 5494 183 5541 et
208 5493 401 5556 sponte
424 5485 760 5542 confessione
786 5486 1085 5559 praemissa,
1129 5484 1307 5557 gladio
1355 5481 1705 5552 subjicerent,

199 5631 230 5662 ι
268 5621 348 5676 De
374 5635 440 5676 eo
469 5622 522 5676 in
542 5621 664 5677 Vita
694 5621 752 5678 S.
785 5621 1097 5686 Marcellini,
1137 5620 1202 5675 l6
1231 5617 1494 5675 Januarii.

199 5690 231 5732 δ
269 5691 468 5746 Euseb.
506 5693 542 5746 l.
593 5709 706 5754 vnt,
751 5709 798 5748 c.
835 5692 887 5756 9,
936 5692 1019 5758 ll),
1050 5707 1116 5746 ex
1170 5692 1415 5749 versione
1457 5687 1595 5744 Ruﬁ.
1619 5687 1710 5758 qui

125 5757 365 5828 plurima
397 5763 641 5817 inseruit.
1310 5791 1312 5793 ν

1785 1935 1892 1992 est,
1924 1928 2014 1998 qui
2043 1938 2160 1984 erat
2186 1929 2472 2000 episcopus
2497 1929 2648 1984 urbis
2675 1929 2862 1999 ipsius.
2903 1926 2999 1986 llic
3039 1927 3374 1986 nobilitatem

1783 2021 1940 2090 primi
1966 2021 2199 2092 generis,
2231 2024 2525 2078 secundum
2553 2023 2718 2077 animi
2742 2024 2994 2078 virtutem
3037 2023 3104 2078 de
3135 2020 3373 2079 coelesti-

1784 2113 1884 2169 bus
1909 2109 2161 2169 trahebat
2193 2127 2208 2167 :
2242 2112 2308 2169 de
2335 2111 2569 2169 terrenis
2599 2130 2747 2179 vero,
2795 2121 3054 2184 quantum
3101 2116 3168 2169 ad
3202 2130 3375 2170 sarcu-

1784 2202 1898 2258 lum
1934 2204 2192 2274 pertinet,
2220 2203 2412 2275 primis
2438 2205 2490 2258 in
2513 2201 2751 2260 Romana
2781 2200 3053 2274 republica
3081 2200 3378 2260 honoribus

1786 2291 2011 2348 fructus.
2037 2293 2357 2350 Eruditione
2387 2309 2600 2364 quoque
2625 2293 2927 2349 liberalium
2958 2293 3286 2360 litterarum,
3322 2301 3380 2349 et

1784 2385 2038 2456 omnibus
2073 2401 2193 2456 quze
2213 2387 2278 2441 ad
2304 2386 2469 2441 animi
2491 2387 2743 2441 virtutem
2775 2387 3046 2454 pertinent
3075 2387 3376 2451 exercitiis,

1786 2476 2031 2545 apprime
2057 2479 2323 2533 eruditus.
2354 2477 2452 2534 ilic
2490 2493 2612 2532 cum
2654 2478 2916 2548 plurimos
2946 2480 3278 2550 propinquos
3320 2489 3381 2535 et

1786 2566 2216 2636 consanguineos
2240 2567 2447 2623 nobiles
2467 2569 2614 2622 viros
2641 2568 2692 2622 in
2721 2569 2910 2624 eadem
2950 2569 3082 2624 urbe
3129 2571 3376 2635 haberet,

1786 2653 2098 2724 frequenter
2125 2657 2191 2711 ad
2222 2657 2504 2727 praesidem
2533 2658 2833 2713 ducebatur
2865 2675 2878 2712 :
2909 2659 3135 2729 ejusque
3158 2659 3382 2714 monitis

1788 2747 2152 2817 acquiescere,
2208 2757 2286 2804 tot
2339 2759 2394 2805 et
2443 2749 2606 2804 tantis
2634 2749 2951 2820 propinquis
2989 2751 3371 2818 exorantibus,

1788 2849 2094 2911 respectum
2120 2841 2321 2896 habere
2347 2841 2532 2896 uxoris
2559 2851 2614 2896 et
2640 2841 3151 2911 contemplationem
3179 2841 3376 2897 suade-

1789 2931 1950 2987 batur
1986 2929 2598 2999 suscipereliberornm,
2628 2945 2805 3001 neque
2835 2931 2887 2986 in
2915 2939 3091 3000 empta
3119 2947 3384 3002 prmsum-

1788 3023 1974 3094 ptione
2001 3022 2315 3092 persistere.
2346 3022 2446 3076 Ast
2479 3021 2566 3076 ille
2615 3021 2763 3076 velut
2807 3021 2854 3076 si
2884 3037 3079 3077 saxum
3105 3021 3384 3078 immobile

1789 3115 1933 3169 unda
1982 3113 2314 3178 allideretur,
2369 3113 2725 3184 garrientium
2773 3112 2918 3168 dicta
2945 3127 3222 3184 respuere,
3252 3111 3377 3168 ani-

1796 3220 1913 3260 mos
1942 3205 2007 3260 ad
2036 3204 2233 3260 coelum
2265 3205 2507 3271 tendere,
2538 3204 2707 3260 Deum
2736 3203 2790 3259 in
2821 3205 2994 3261 oculis
3028 3205 3250 3272 habere,
3283 3221 3383 3276 pa-

1796 3311 1977 3357 rentes
2004 3310 2058 3356 et
2082 3302 2415 3371 propinquos
2462 3308 2680 3355 sanctos
2730 3307 3003 3371 martyres
3031 3307 3087 3354 et
3114 3298 3386 3370 apostolos

1795 3393 2012 3448 ducere.
2047 3392 2252 3447 Aderat
2279 3401 2408 3447 tunc
2434 3393 2653 3461 quidam
2682 3392 2766 3446 vir
2794 3407 2960 3462 agens
2985 3399 3220 3447 turmam
3236 3391 3379 3447 mili-
3422 3407 3436 3429 ι

1798 3489 1908 3536 tum
1939 3483 2323 3544 Romanorum,
2373 3482 2714 3537 Philoromus
2740 3483 2977 3548 nomine,
3011 3484 3102 3553 qui
3133 3499 3257 3538 cum
3287 3483 3375 3538 vi-

1796 3576 1949 3630 deret
1973 3573 2215 3630 Phileam
2244 3574 2911 3645 circumdatumlaerymis
2939 3575 3385 3646 propinquorum,

1796 3671 1852 3720 et
1879 3665 2126 3735 praesidis
2149 3664 2446 3720 calliditate
2475 3665 2716 3736 fatigari,
2745 3679 2847 3720 nec
2885 3675 3067 3720 tamen
3097 3664 3239 3720 ﬂecti
3291 3676 3388 3722 aut

1797 3753 2014 3824 infringi
2041 3753 2310 3809 ullatenus
2339 3767 2517 3822 posse,
2548 3753 2818 3809 exclamat
2850 3771 2863 3806 :
2894 3752 3035 3820 Quid
3068 3753 3304 3808 inaniter
3331 3761 3388 3810 et

1795 3841 2066 3913 superﬂue
2092 3842 2452 3898 constantiam
2479 3841 2582 3896 viri
2623 3840 2883 3897 tentatis?
2933 3839 3071 3907 Quid
3118 3856 3263 3906 eum,
3294 3840 3387 3911 qui

1797 3931 1956 3987 fidem
1983 3931 2093 3988 Deo
2119 3941 2300 3988 servat
2321 3930 2595 3987 inﬁdelem
2620 3929 2783 3986 vultis
2807 3929 3060 3985 efﬁcere?
3082 3929 3222 3997 Quid
3263 3944 3386 3984 cum

1796 4025 1988 4096 cogitis
2015 4039 2212 4096 negare
2256 4023 2427 4080 Deum
2466 4032 2528 4079 ut
2555 4022 2865 4079 hominibus
2897 4022 3243 4093 acquiescat?
3272 4021 3388 4077 Non

1795 4117 1992 4173 videtis
2042 4117 2187 4188 quod
2223 4131 2384 4172 aures
2428 4115 2544 4186 ejus
2573 4124 2755 4170 vestra
2782 4115 2948 4170 verba
2988 4130 3096 4170 non
3143 4113 3387 4180 audiunt,

1797 4207 1940 4278 quod
1980 4207 2120 4264 oculi
2148 4205 2263 4276 ejus
2313 4214 2522 4262 vestras
2553 4204 2825 4276 lacrymas
2855 4219 2959 4259 non
2988 4203 3215 4260 vident?
3241 4201 3391 4271 Quo-

1798 4299 1958 4354 modo
1984 4305 2165 4370 potest
2187 4297 2417 4352 terrenis
2448 4293 2704 4367 lacrymis
2725 4292 2888 4361 ﬂecti,
2932 4293 3087 4364 cujus
3114 4294 3255 4349 oculi
3285 4307 3393 4348 cae-

1797 4383 1988 4444 lestem
2018 4387 2244 4458 gloriam
2275 4385 2636 4441 contuentur?
2660 4381 2792 4440 Post
2817 4383 2934 4439 haec
2971 4385 3138 4449 dicta,
3170 4390 3390 4438 cuncto-

1801 4492 1921 4532 rum
1945 4477 2024 4531 ira
2071 4477 2123 4530 in
2169 4475 2552 4530 Pholoromum
2600 4487 2796 4538 versa;
2845 4488 3008 4528 unam
3035 4473 3392 4542 eamdemque

1801 4567 2145 4634 sententiam,
2175 4581 2296 4620 eum
2323 4581 2448 4621 cum
2479 4563 2662 4619 Philea
2689 4564 2874 4619 subire
2898 4571 3146 4634 poscunt.
3180 4561 3392 4630 Quibus

1801 4661 2033 4717 libenter
2057 4673 2303 4714 annuens
2333 4656 2528 4726 iudex,
2552 4664 2845 4726 utrumque
2891 4655 3047 4726 plecti
3095 4656 3272 4724 capite
3308 4651 3392 4722 ju-

1799 4751 1910 4805 bet.
1940 4747 2091 4804 Passi
2122 4756 2250 4802 sunt
2281 4744 2337 4802 hi
2365 4745 2509 4801 beati
2561 4753 2828 4816 martyres
2869 4743 2968 4800 sub
3015 4743 3392 4813 persecutione

1802 4838 2116 4896 Diocletiani
2144 4849 2192 4892 ο.

2226 4927 2293 4983 Α.
2338 4925 2542 4984 NONlS
2571 4925 2964 4985 FEBRUARII.

2474 5019 2531 5092 (δ
2562 5019 2750 5091 Febr.)

1878 5120 1905 5160 ἀ
1936 5119 1993 5175 in
2019 5118 2204 5175 Sicilia
2234 5117 2456 5174 civitate
2507 5116 2919 5180 Catanensium,
2970 5114 3152 5186 passio
3192 5120 3394 5168 sancta:

1808 5209 2031 5281 Agathae
2055 5208 2300 5281 virginis,
2327 5208 2428 5262 sub
2469 5206 2795 5269 imperatore
2844 5203 3022 5266 Decio,
3072 5198 3394 5276 proconsule

1811 5303 2152 5371 Quinctiano,
2189 5317 2308 5374 qua:
2331 5308 2452 5372 post
2480 5300 2665 5370 alapas
2687 5307 2741 5353 et
2767 5311 3063 5362 carcerem,
3089 5302 3208 5364 post
3225 5302 3392 5361 equu-

1805 5393 1947 5451 leum
1980 5403 2033 5450 et
2083 5395 2369 5460 tortiones,
2398 5400 2524 5466 post
2564 5390 2930 5446 mamillarum
2980 5385 3390 5445 abscissionem,

1808 5488 1903 5544 sed
1930 5504 1961 5542 a
1990 5487 2218 5544 Domino
2259 5486 2617 5550 sanationem,
2647 5490 2771 5553 post
2820 5478 3206 5535 volutationem
3234 5473 3288 5529 in
3312 5479 3392 5527 te-

1884 5631 1908 5662 c
1954 5620 2091 5676 Male
2121 5620 2172 5675 in
2202 5635 2302 5675 ms.
2332 5629 2451 5675 erat
2474 5617 2723 5672 Deciana.

1885 5691 1911 5731 ά
1952 5690 2086 5746 Vide
2115 5690 2352 5746 libellum
2386 5690 2453 5744 de
2479 5687 2624 5745 Fest.
2659 5688 2840 5756 Apost.
