3962 6366
468 287 571 343 207

1457 291 1515 348 δ.
1552 290 1806 347 ADONIS
1841 292 2272 352 ARCIIIEPISC.
2324 299 2730 359 VIENNENSIS

3627 318 3738 376 208

470 409 603 454 tava:
633 399 897 456 Dominiei
923 401 1026 456 diei
1060 413 1207 468 sunt,
1259 413 1465 458 cessate
1511 420 1541 459 a
1573 405 2050 476 superstitionibus
2079 428 2124 480 Α
2158 413 2337 484 templi
2368 418 2596 482 exussit,
2624 428 2679 472 et
2705 419 3100 477 multitudinem
3134 425 3316 495 populi
3346 429 3565 484 occulit.
3593 430 3745 489 Tunc

465 488 729 544 idolorum
767 499 823 546 et
853 491 1137 548 sacriﬁciis
1165 492 1409 562 pollutis;
1453 511 1480 547 a
1520 493 1907 566 gladiatoribus
1946 499 2046 556 hac

463 579 529 635 de
547 596 711 638 causa
737 583 950 639 occisus
972 594 1071 640 est.

531 672 668 730 ltem
692 672 901 742 Romae,
939 677 1116 732 natale
1157 676 1213 732 S.
1250 678 1492 735 Martium
1513 679 1738 753 virginis
1764 689 1820 738 et
1845 692 2046 754 marty-

461 767 572 823 ris:
598 782 719 839 quae
741 783 864 823 cum
883 781 1030 825 esset
1067 770 1313 826 sublimis
1339 787 1556 842 genere,
1587 780 1643 828 et
1669 783 1822 844 patre
1847 790 2043 832 consu-

457 862 508 917 le
550 870 699 928 nata,
727 861 877 918 dives
908 863 1069 917 nimis
1101 877 1303 928 rerum,
1343 879 1480 934 quas
1504 866 1928 923 misericorditer
1957 868 2042 923 in-

461 955 774 1027 digentibus
798 955 1076 1025 erogabat,
1104 964 1247 1011 tenta
1273 955 1340 1011 ab
1367 957 1673 1014 Alexandro
1697 958 2040 1029 imperatore,

448 1046 600 1117 jussa
629 1054 711 1100 est
743 1043 1052 1101 sacrificare
1085 1045 1338 1117 Apollini.
1371 1046 1476 1102 Sed
1503 1063 1627 1104 mox
1660 1059 1718 1104 ut
1740 1051 2041 1108 orationem

452 1136 592 1192 fudit
620 1137 776 1191 beata
804 1136 972 1207 virgo,
1008 1147 1165 1193 terra:
1189 1148 1368 1194 motus
1392 1137 1568 1195 factus
1596 1147 1680 1196 est
1710 1156 1956 1212 magnus,
1984 1151 2044 1198 ut

450 1225 644 1282 civitas
667 1234 1071 1282 concuteretur.
1101 1228 1178 1282 Ac
1205 1229 1282 1284 sic
1307 1245 1434 1299 pars
1466 1230 1649 1300 templi
1683 1231 1853 1301 ipsius
1881 1233 2041 1305 Apol-

451 1317 577 1373 linis
599 1317 871 1374 destructa
894 1329 997 1384 est,
1019 1319 1365 1376 simulacrum
1388 1323 1798 1392 comminutum,
1827 1334 1884 1381 et
1905 1327 2042 1382 mul-

450 1407 626 1462 titudo
661 1422 854 1479 magna
881 1423 1003 1462 cum
1035 1410 1406 1466 sacerdotibus
1427 1410 1538 1466 fani
1563 1427 1838 1482 oppressa.
1866 1415 2040 1472 Iratus

449 1499 604 1554 valde
633 1501 935 1558 Alexander
966 1503 1283 1572 imperator,
1309 1504 1472 1574 jussit
1497 1504 1887 1577 alapisl‘aciem
1923 1508 2039 1578 ejus

449 1592 606 1659 medi,
631 1601 688 1647 et
712 1593 923 1648 uncinis
957 1594 1242 1664 palpebras
1282 1594 1399 1665 ejus
1430 1597 1712 1668 disrumpi.
1744 1598 2037 1654 Carniﬁces

449 1693 630 1737 autem
658 1684 749 1754 qui
774 1684 839 1738 ad
871 1685 1186 1741 caedendum
1215 1702 1335 1741 eam
1362 1688 1601 1758 deputati
1632 1691 1870 1756 fuerant,
1898 1690 2033 1746 deli-

2151 503 2430 571 perculsus
2472 514 2678 562 terrore
2723 509 3036 580 imperator,
3090 514 3311 570 tradidit
3359 533 3478 572 eam
3525 521 3742 578 cuidam

2149 593 2357 651 Iustino
2404 597 2679 667 przefecto,
2733 611 2793 656 ut
2844 598 3145 673 impelleret
3185 622 3305 662 eam
3341 610 3409 665 ad
3431 614 3746 671 sacriﬁcan-

2149 685 2293 741 dum.
2325 686 2428 754 Qui
2451 704 2574 744 mox
2600 693 2816 747 extendi
2845 709 2963 748 eam
2979 696 3144 765 jussit
3166 698 3218 752 in
3240 708 3421 767 conto,
3450 711 3506 757 et
3529 706 3743 773 spathis

2148 776 2386 832 membra
2410 776 2528 847 ejus
2567 780 2748 849 incidi,
2781 792 2837 839 et
2866 785 3010 840 circa
3034 788 3301 845 mamillas
3329 793 3544 862 ungulis
3571 805 3744 852 attre-

2147 867 2302 932 ctari,
2362 883 2530 938 usque
2566 872 2694 927 dum
2737 885 2952 931 centum
2991 886 3045 933 et
3084 883 3382 937 octodecim
3445 885 3741 944 incisiones

2146 959 2214 1012 ab
2237 960 2449 1016 uncinis
2477 961 2684 1017 fierent.
2720 964 2825 1021 Sed
2851 983 2970 1021 cum
3000 971 3172 1027 adhuc
3202 982 3261 1027 ut
3294 974 3381 1029 ille
3411 990 3742 1044 speraverat

2145 1064 2250 1104 non
2281 1053 2629 1121 exspirasset,
2664 1057 2903 1126 deposita
2934 1059 3000 1115 de
3032 1071 3194 1117 conto
3237 1067 3497 1135 recipitur
3532 1069 3584 1124 in
3616 1087 3741 1126 car-

2143 1139 2477 1207 cerem.Qu'.e
2496 1150 2550 1196 et
2576 1143 2767 1198 iterum
2794 1146 2844 1200 in
2859 1149 3312 1217 amphitheatrum
3329 1169 3358 1208 a
3373 1154 3584 1212 Justino
3607 1174 3741 1227 pne.

2144 1225 2285 1281 fecto
2307 1240 2627 1297 przesentata
2654 1233 2986 1304 imperatori,
3005 1238 3131 1295 feris
3152 1251 3236 1296 est
3255 1233 3478 1311 injecta.
3512 1225 3621 1304 Sed
3654 1250 3740 1303 leo

2142 1319 2564 1378 immanissimus
2593 1324 2658 1379 de
2683 1341 2848 1382 cavea
2894 1327 3124 1397 laxatus,
3171 1334 3432 1403 rugiendo
3466 1354 3638 1408 usque
3665 1341 3737 1394 ad

2140 1411 2304 1480 pedes
2331 1422 2530 1468 sanctae
2562 1417 2815 1488 martyris
2839 1422 3106 1488 pervenit,
3147 1423 3239 1478 ubi
3269 1427 3452 1478 statim
3483 1429 3738 1484 ferocita-

2143 1511 2246 1558 tem
2280 1506 2542 1576 deposuit,
2594 1524 2823 1580 eamque
2867 1513 3011 1568 nullo
3041 1525 3198 1584 pacto
3231 1517 3428 1588 attigit.
3465 1518 3569 1573 Sed
3608 1537 3736 1576 cum

2141 1597 2485 1651 reduceretur
2513 1597 2564 1652 in
2597 1614 2838 1666 caveam,
2892 1603 3211 1660 Eumenium
3258 1607 3600 1677 imperatoris
3643 1627 3740 1666 co-

2138 1698 2356 1758 gnatum
2385 1689 2670 1745 interfecit.
2703 1692 2767 1746 Et
2789 1694 2982 1748 iterum
3010 1706 3223 1766 recepta
3243 1707 3347 1764 est,
3371 1698 3596 1767 jubente
3629 1703 3734 1756 im-

448 1775 678 1841 cientes,
702 1776 948 1832 clamare
985 1790 1270 1846 coeperunt
1310 1779 1495 1835 videre
1535 1795 1594 1836 se
1636 1790 1868 1849 quatuor
1893 1781 2040 1838 viros
2067 1786 2114 1846 B
2142 1788 2410 1847 peralore,
2444 1781 2496 1832 in
2535 1797 2828 1836 carcerem.
2875 1783 3082 1839 Exinde
3125 1798 3247 1856 post
3285 1789 3420 1844 duos
3454 1791 3569 1845 dies
3609 1779 3736 1846 cum

446 1866 794 1935 splendidos,
852 1867 943 1936 qui
992 1882 1112 1921 eam
1159 1868 1552 1935 eonfortarent,
1602 1870 1811 1939 sibique
1861 1873 2040 1942 potius

444 1972 660 2028 poenam
707 1957 993 2012 inferrent.
1041 1959 1168 2013 Inde
1208 1969 1469 2016 testarum
1518 1961 1836 2033 fragmentis
1876 1979 2035 2029 caesa,

447 2066 572 2104 cum
605 2050 957 2106 invictissima
991 2051 1258 2117 durasset,
1302 2052 1399 2118 illi,
1440 2053 1637 2123 quibus
1669 2054 1771 2109 hoc
1816 2055 2036 2123 impium

450 2139 686 2198 ofﬁcium
711 2141 1014 2213 delegatum
1038 2141 1233 2208 fuerat,
1263 2144 1479 2199 tandem
1497 2147 1700 2214 pietate
1723 2146 1902 2201 divina
1933 2148 2038 2202 eiro

448 2232 686 2288 cumdati
717 2231 917 2287 lumine
949 2232 1126 2304 (erant
1153 2235 1295 2288 enim
1324 2235 1488 2304 octo),
1521 2235 1739 2291 crudele
1768 2236 1908 2292 illico
1938 2237 2038 2290 mi—

444 2325 728 2380 nisterium
783 2333 1157 2391 exsecrantes,
1209 2326 1576 2392 crediderunt,
1629 2342 1690 2382 ac
1747 2327 2034 2383 Dominum

445 2429 633 2470 verum
681 2413 955 2469 Christum
999 2413 1181 2470 Jesum
1227 2415 1462 2472 confessi
1504 2427 1649 2472 sunt.
1691 2417 1747 2472 ln
1774 2433 1909 2488 quos
1940 2434 2033 2473 ac-

441 2523 641 2563 census
691 2507 845 2562 valde
886 2508 1200 2579 imperator,
1242 2509 1518 2580 suspensis
1558 2509 1688 2566 fecit
1725 2526 1918 2566 carnes
1939 2527 2032 2566 eo-

443 2616 567 2656 rum
583 2599 791 2670 spathis
805 2599 1052 2655 lacerari.
1079 2598 1281 2655 Deinde
1305 2601 1572 2671 capitibus
1591 2601 1904 2670 amputatis,
1931 2616 2032 2656 sa:-

392 2749 402 2755 _
441 2693 548 2749 culi
585 2693 748 2763 hujus
785 2691 948 2746 vitam
981 2690 1194 2758 (iniere,
1223 2690 1430 2746 decimo
1455 2691 1683 2762 septimo
1712 2691 1820 2757 die,
1849 2705 2034 2747 mense

439 2784 797 2841 Novembrio:
849 2783 1039 2853 sicque
1079 2781 1258 2839 felicia
1309 2797 1472 2852 regna
1518 2795 1783 2853 martyres
1833 2781 2032 2837 Christi

438 2877 568 2933 facti
619 2877 914 2948 petierunt.
946 2875 1146 2931 lterum
1190 2873 1334 2930 facta
1371 2874 1602 2929 Martina
1638 2875 1814 2943 plenis
1846 2875 2032 2945 pulsa-

440 2982 563 3025 tur:
593 2985 722 3025 nam
748 2967 1050 3039 exspoliata
1073 2967 1334 3032 vestibus,
1362 2967 1530 3022 incisa
1555 2977 1641 3022 est
1668 2975 1780 3022 toto
1809 2981 2034 3037 corpore

439 3074 506 3114 ac
530 3058 726 3114 deinde
750 3065 984 3127 quatuor
1007 3055 1146 3127 palis
1165 3063 1423 3120 extensa;
1455 3069 1486 3108 a
1515 3054 1723 3110 duobus
1761 3056 2033 3112 centurio-

2142 1870 2246 1923 iret
2294 1871 2359 1924 ad
2405 1871 2820 1926 sacrificandum
2862 1875 3174 1945 imperator,
3227 1879 3462 1933 exhibita
3501 1890 3731 1953 martyr,

2139 1975 2258 2012 cum
2289 1959 2392 2014 lixa
2422 1961 2473 2014 in
2513 1961 2740 2017 Domino
2777 1975 3036 2029 maneret,
3084 1983 3342 2037 suspensa
3373 1969 3589 2033 iterum,
3624 1988 3731 2025 un-

2138 2049 2276 2118 gulis
2317 2066 2476 2106 rasa:
2526 2053 2771 2123 rasisque
2819 2056 3049 2126 capillis,
3094 2057 3146 2111 in
3196 2059 3392 2128 quibus
3438 2061 3735 2116 credebant

2137 2142 2280 2212 quod
2307 2145 2510 2212 magica
2537 2160 2627 2200 ars
2649 2147 2986 2215 consisteret,
3017 2150 3260 2206 videntes
3292 2167 3412 2207 eam
3449 2153 3734 2226 insupera-

2135 2234 2318 2300 bilem,
2346 2235 2398 2290 in
2428 2237 2626 2308 templo
2653 2237 2836 2294 Dianae
2867 2241 3037 2297 tribus
3064 2241 3252 2298 diebus
3279 2254 3334 2299 et
3361 2245 3534 2302 tribus
3555 2249 3734 2302 nocti-

2135 2323 2234 2378 bus
2255 2339 2373 2378 eam
2406 2324 2700 2380 includunt.
2733 2326 2973 2399 Cumque
3016 2331 3266 2400 precibus
3301 2334 3415 2389 suis
3449 2335 3503 2390 in
3545 2335 3733 2406 pulve-

2137 2429 2249 2468 rem
2285 2414 2577 2486 redegisset
2614 2417 2984 2485 simulacrum,
3011 2422 3206 2477 educta
3238 2423 3303 2478 de
3330 2423 3475 2490 fano,
3505 2426 3573 2480 ad
3601 2427 3732 2483 ulti-

2134 2519 2280 2558 mum
2309 2504 2485 2575 gladio
2509 2504 2748 2561 ferienda
2785 2507 2852 2562 ab
2896 2507 3223 2579 imperatore
3266 2511 3585 2568 destinatur.
3615 2514 3730 2569 Hu-

2128 2591 2362 2662 iusmodi
2409 2593 2514 2651 fine
2571 2604 2777 2667 martyr
2823 2591 3147 2657 venerabilis
3193 2600 3313 2657 εωιὶ
3361 2619 3586 2674 regnum
3610 2621 3730 2661 me-

2133 2688 2262 2742 ruit.

2203 2776 2403 2832 Eodem
2437 2777 2523 2832 die
2550 2779 2688 2848 apud
2718 2778 2998 2850 Spoletum
3036 2783 3311 2841 civitatem
3350 2785 3581 2852 Tuscize,
3625 2805 3716 2842 na.

2133 2864 2255 2921 talis
2283 2867 2455 2921 sancti
2478 2866 2761 2924 Concordii
2800 2872 3053 2942 martyris
3091 2876 3422 2945 temporibus
3459 2877 3725 2935 Antonini

2132 2957 2493 3026 imperatoris.
2535 2958 2632 3016 llic
2672 2971 2824 3017 ortus
2865 2971 2946 3018 est
2981 2964 3186 3030 Romae,
3218 2967 3370 3037 cujus
3400 2977 3556 3036 pater
3585 2967 3726 3025 Cor-

2133 3047 2323 3102 dianns
2352 3048 2654 3115 dicebatur,
2699 3053 3038 3108 sanctissima
3063 3057 3472 3112 conversatione
3494 3059 3725 3130 presby-

441 3151 600 3221 nibus
629 3147 864 3204 fustibus
885 3160 1048 3204 caesa.
1079 3144 1323 3215 Cumque
1370 3144 1424 3199 in
1463 3143 1802 3200 confessione
1846 3157 2031 3216 perse-
2055 3138 2102 3200 C
2133 3147 2233 3205 ter,
2263 3141 2327 3195 de
2364 3141 2514 3196 titulo
2546 3144 2796 3212 pastoris,
2828 3147 3107 3202 ordinatus
3145 3148 3504 3205 subdiaconus
3536 3167 3566 3204 a
3593 3167 3724 3205 san-

439 3249 676 3306 veraret,
717 3238 913 3296 mutati
965 3245 1091 3294 sunt
1138 3237 1231 3307 qui
1279 3252 1377 3308 per
1424 3238 1570 3292 vices
1614 3250 1730 3291 eam
1758 3237 2029 3293 caaderent

439 3347 647 3410 septem
696 3335 1060 3392 centuriones.
1113 3331 1220 3390 Sed
1273 3331 1362 3387 illa
1420 3331 1522 3388 sibi
1569 3331 1827 3402 supplicia
1881 3331 2024 3387 illata

438 3429 567 3484 forti
589 3428 773 3483 animo
793 3425 934 3481 risit.
958 3424 1087 3481 lude
1112 3431 1328 3494 recepta
1352 3424 1405 3477 in
1435 3437 1732 3478 carcerem.
1764 3421 1890 3477 Inde
1914 3421 2026 3476 adi-

433 3521 593 3592 pibus
623 3528 680 3575 et
707 3518 1030 3590 pinguedine
1063 3525 1410 3587 superuncta,
1452 3525 1506 3570 et
1537 3514 1603 3569 ad
1644 3515 2025 3586 imperatorem

436 3611 633 3667 iterum
659 3609 913 3674 adducta,
933 3607 1222 3677 etjubente
1245 3623 1310 3662 eo
1330 3608 1383 3662 in
1412 3605 1436 3660 f
1465 3622 1592 3661 num
1616 3605 1838 3662 deorum
1865 3607 2029 3660 intro-

435 3702 622 3758 missa.
653 3699 760 3756 Sed
784 3715 905 3756 mox
933 3699 1180 3756 oratione
1210 3698 1355 3754 facta
1389 3698 1456 3753 ab
1493 3697 1606 3763 illa,
1630 3697 1769 3768 ignis
1801 3697 1868 3753 de
1889 3698 2026 3753 caelo

437 3793 655 3859 cecidit,
709 3799 767 3848 et
813 3782 1014 3848 idolum
1060 3790 1113 3846 in
1153 3789 1390 3844 favillam
1439 3788 1672 3859 redegit;
1715 3790 2025 3845 sacerdotes

436 3948 719 4020 Gregorio,
759 3961 879 4020 quae
927 3960 1036 4000 xxv
1068 3943 1272 4015 Aprilis
1322 3942 1414 4012 qui
1465 3942 1529 4020 D.
1577 3941 1758 3997 Marco
1803 3942 1942 4020 fixus
1969 3952 2026 3999 et

435 4013 927 4089 permanens'dies
972 4013 1133 4089 sacer
1173 4013 1613 4089 est,_pera_g_itur;
1651 4021 1705 4066 et
1746 4013 2020 4089 minorem,

438 4083 683 4164 auctore_
706 4087 990 4164 Mamerto,
1013 4084 1304 4164 Viennensi
1338 4083 1763 4164 archigapiscopo,
1811 4083 2024 4164 cuitri-

436 4161 600 4230 duum
647 4157 1033 4230 Rogationum__
1069 4163 1193 4230 ante
1227 4153 1439 4230 Domini
1479 4153 1866 4230 Ascensionem
1916 4153 2020 4230 iui-

438 4221 939 4301 pendituri'plnres
967 4225 1086 4280 alite
1112 4225 1335 4301 [.itanige
1359 4223 1408 4276 in
1436 4239 1578 4301 anno
1606 4221 1867 4301 celebrari
1896 4223 2023 4277 soli-

437 4292 530 4374 ta},
578 4315 675 4371 pro
700 4292 1431 4374 Ecclesiarumdiversitate:
1463 4293 1754 4374 Gregorius
1797 4292 2022 4374 Magnus

437 4365 533 4425 lib.
564 4365 662 4434 in,
691 4370 848 4440 epist.
885 4368 972 4432 76,
1003 4367 1188 4422 indict.
1222 4365 1366 4440 It,a_d
1386 4365 1712 4440 Castorium,
1743 4365 2018 4440 notarium

437 4433 748 4504 Ravennae,
805 4447 1039 4508 quatuor
1089 4445 1182 4508 aut
1241 4435 1478 4508 quinque
1529 4433 1852 4508 solemnium
1908 4447 2019 4508 rne-

2131 3242 2219 3287 cto
2244 3231 2339 3287 Pio
2389 3232 2536 3288 urbis
2575 3234 2760 3289 Bonna:
2803 3238 3073 3308 episcopo.
3113 3239 3213 3306 Qui
3242 3239 3377 3295 nihil
3409 3241 3552 3296 aliud
3592 3259 3721 3298 cum

2128 3332 2282 3395 patre
2310 3338 2426 3388 suo,
2453 3323 2794 3395 nisijejuniis
2833 3335 2887 3381 et
2935 3329 3272 3402 orationibus
3316 3330 3403 3385 die
3442 3340 3721 3402 noctuque

2128 3414 2374 3478 vacabat,
2418 3413 2774 3486 eleeluosynis
2807 3398 3102 3488 paupeer
3147 3433 3360 3490 semper
3390 3421 3716 3478 inserviens.

2128 3503 2349 3558 Factum
2375 3515 2476 3568 est,
2507 3513 2566 3559 ut
2589 3521 2710 3560 cum
2751 3508 2978 3563 consilio
3007 3509 3178 3579 patris
3219 3511 3301 3565 sui
3333 3513 3473 3582 apud
3495 3513 3718 3568 beatum

2127 3597 2423 3666 Eutychen,
2455 3597 2544 3665 qui
2595 3605 2719 3652 tunc
2760 3599 3073 3653 morabatur
3114 3600 3167 3654 in
3195 3601 3450 3670 praediolo
3473 3617 3596 3667 suo,
3627 3604 3716 3658 via

2129 3688 2334 3743 Salaria
2357 3690 2510 3760 juxta
2545 3690 2818 3746 civitatem
2844 3693 3135 3760 habitaret,
3159 3695 3381 3751 audiens
3403 3695 3601 3751 famam
3622 3713 3720 3752 eo-

2128 3800 2245 3839 rum
2279 3785 2583 3854 Torquatus
2606 3800 2790 3841 comes
2817 3784 3046 3850 Tusciae,
3082 3787 3172 3856 qui
3209 3787 3529 3843 versabatur
3554 3789 3607 3843 in
3639 3791 3720 3843 ci-

2127 3939 2475 4014 constitutum
2503 3938 2826 4014 in_E_c_clesia
2848 3981 2865 4014 ,
2908 3951 2964 3996 et
3009 3941 3246 4014 decrevit
3274 3951 3331 3996 ut
3361 3959 3466 4014 per
3491 3960 3715 4001 omnem

2128 4008 2518 4084 hebdomadam
2547 4008 2788 4084 Sabbato
2819 4013 2935 4074 die,
2967 4021 3127 4084 exeat
3155 4008 3379 4066 Litania'
3399 4029 3427 4067 a
3450 4013 3512 4066 Β.
3547 4014 3718 4084 Αροι-

2124 4079 2317 4154 linare,
2344 4089 2399 4134 et
2439 4080 2505 4134 ad
2540 4079 2603 4154 Β.
2631 4080 2852 4154 Petrum
2883 4083 3182 4152 apostolum
3225 4100 3347 4138 eum
3397 4079 3613 4154 hymnis
3659 4097 3718 4141 et

2125 4151 2349 4204 (aulicis
2395 4151 2635 4222 pepulus
2664 4153 2853 4222 omnis
2889 4151 3176 4208 accurrere
3225 4151 3446 4208 debeat.
3485 4173 3503 4204 ι
3551 4155 3714 4222 Apud

2124 4221 2371 4290 eumdem
2408 4221 2460 4272 in
2492 4220 2764 4290 Swphano
2795 4221 2858 4274 111
2878 4260 2895 4288 ,
2921 4222 3062 4277 circa
3087 4238 3284 4276 annum
3314 4223 3516 4277 Christi
3563 4220 3712 4279 722:

2131 4289 2276 4362 {illic
2299 4289 2643 4362 beatissimus
2663 4292 2746 4344 vir
2766 4307 2864 4362 pro
2886 4292 3058 4346 salute
3072 4294 3365 4362 provincia:
3385 4302 3438 4348 et
3459 4296 3712 4350 omnium

2124 4358 2592 4425 Christianorum,
2647 4358 2794 4416 omni
2843 4358 3203 4418 Sabbato'rum
3259 4363 3346 4418 die
3393 4362 3712 4428 Litaniam,

2125 4431 2272 4502 omni
2324 4431 2621 4499 postposito
2659 4431 2924 4502 neglectu,
2960 4432 3075 4487 fieri
3109 4435 3315 4492 statuit.
3351 4448 3458 4486 uno
3487 4435 3711 4502 quidem

438 4495 596 4566 minit
635 4495 1004 4572 Litaniarum,
1042 4495 1578 4576 quibus-episcopus
1623 4503 2016 4576 Ravennatium
2048 4495 2097 4552 Ι)
2125 4495 2363 4576 Sabban
2405 4495 2476 4576 ad
2510 4495 2919 4576 sanctani_Dei'
2946 4503 3261 4576 genitricem
3305 4503 3373 4557 ad
3419 4495 3708 4576 Praesepe;

438 4580 601 4656 pallio
641 4573 1122 4656 utebaturtcujus
1169 4573 1339 4656 usuin
1385 4573 1560 4629 eidem
1616 4573 1836 4656 concedi
1876 4589 2015 4656 "non

438 4643 554 4705 vult
573 4651 625 4706 in
642 4649 763 4704 aliis
781 4648 1006 4703 Litaniis
1019 4643 1414 4709 eornmunibus,
1431 4659 1526 4698 seu
1545 4659 1649 4699 non
1666 4643 2013 4700 solemnibus.

513 4721 980 4776 Menstruanarum
1020 4717 1227 4785 aliquot
1254 4715 1612 4785 Litaniarnm.
1645 4723 1795 4770 certo
1818 4714 2017 4768 solem-

440 4792 629 4847 nitatis
666 4790 786 4854 die,
830 4787 1073 4843 meminit
1113 4784 1433 4841 Anastasius
1480 4784 1916 4840 bibliothecarius
1961 4785 2014 4839 in

437 4861 578 4916 Vitis
607 4861 951 4922 Pontificum,
993 4858 1046 4912 in
1091 4857 1280 4927 Sergio
1306 4855 1536 4927 l,gcirca
1574 4871 1772 4927 annum
1804 4854 2014 4927 Domini

437 4931 584 4987 687:
631 4951 648 4982 ι
694 4928 985 4985 Constituit
1013 4924 1300 4982 autem—aut
1339 4925 1527 4979 diebus
1576 4924 2017 4979 Aununliationis

439 5001 676 5067 Domini,
708 4998 1015 5054 Nativitatis
1047 5007 1104 5052 et
1143 4995 1492 5051 Dormitionis
1517 4995 1836 5067 sanetzeDei
1867 4995 2018 5065 geni-

441 5072 593 5128 tricis
619 5064 941 5140 semperque
987 5067 1210 5140 virginis
1256 5067 1453 5140 Mariae,
1495 5079 1561 5140 ac_
1590 5064 1665 5140 AS.
1707 5064 2013 5140 _Simeonis,

437 5142 581 5212 quod
610 5135 979 5213 Hypapantem
1011 5135 1184 5194 Gﬁeei
1217 5137 1512 5213 appellant,
1544 5135 1755 5213 Litania
1797 5145 1955 5188 exeat
1985 5151 2017 5188 a

518 5205 781 5275 Adriano,
793 5218 847 5266 et
868 5210 934 5265 ad
957 5218 1200 5264 sanetam
1217 5205 1688 5275 Ma'riampopnlus
1700 5214 1967 5275 occurrat.
1993 5224 2010 5256 ι

445 5283 545 5357 Ubi
566 5283 602 5336 2
625 5273 906 5357 Februarii
927 5281 1083 5357 diem
1106 5279 1273 5357 habes
1293 5291 1390 5357 pro
1405 5273 1744 5357 .Hypapante,
1865 5275 2022 5357 .Mar-

441 5353 504 5427 tii
553 5370 660 5427 pro
699 5350 1154 5427 Annuntiatione;
1193 5345 1510 5427 Dominicis“
1539 5345 1605 5427 εξ
1651 5345 1876 5427 Augusti
1919 5360 2019 5415 pro

437 5414 775 5480 Dorinitione
827 5422 884 5478 S.
939 5421 1032 5476 Dei
1085 5414 1394 5492 genitricis;
1442 5414 1512 5472 25
1561 5414 1872 5472 Decembris
1919 5414 2018 5486 pro

437 5493 655 5568 Domini
678 5492 991 5568 Nativitale-
1063 5561 1121 5568 __
1225 5560 1238 5568 _
1405 5507 1407 5509 ’
1528 5563 1538 5568 ,
1673 5556 1686 5568 .

510 5563 998 5622 Hebdomadarium
1063 5560 1442 5622 Litanlarum,
1489 5563 1544 5611 et
1598 5556 1813 5625 quidem
1876 5563 2020 5612 stato

438 5633 662 5707 _S_ab_ba_ti
693 5634 815 5707 die,
856 5633 1055 5707 mentio
1104 5632 1244 5701 apud
1260 5627 1922 5707 ‘eumdemHAnasm-sium
1964 5627 2016 5706 in

439 5695 678 5760 Honorio
716 5705 765 5770 ι,
807 5695 962 5760 eirea
1010 5695 1208 5759 annum
1260 5699 1468 5756 Domini
1515 5697 1657 5752 626:
1690 5717 1707 5748 ι
1743 5695 1840 5752 llic
1892 5697 2018 5751 fecit

2122 4571 2230 4642 alio
2263 4585 2390 4642 vero
2415 4571 2489 4642 ad
2510 4572 2725 4626 beatum
2765 4571 2983 4642 Petrum
3016 4573 3340 4642 apostolum.
3384 4582 3436 4628 et
3486 4571 3618 4628 alio'
3640 4576 3712 4629 ad

2121 4641 2340 4712 beatum
2368 4641 2589 4712 Paulum
2614 4641 2938 4712 apostolum.
2974 4661 2992 4693 ›

2194 4711 2459 4765 l’ridianm
2507 4711 2840 4765 Litaniarnm
2883 4713 3193 4768 indietionis
3233 4715 3492 4770 memoria
3523 4726 3712 4771 exstat

2121 4782 2261 4862 apud
2292 4780 2649 4862 Gregorium]
2683 4797 2904 4862 papam,
2938 4783 3030 4862 lib_.
3063 4801 3114 4838 xi
3150 4785 3408 4862 Begistg,
3439 4800 3560 4854 cap.
3593 4788 3704 4862 l_|_:

2126 4851 2426 4924 (Crastina
2468 4851 2585 4924 die_,_
2615 4851 3072 4924 primodiluculo,
3104 4855 3169 4908 ad
3210 4851 3579 4924 septiformém
3616 4856 3707 4910 Li-

2121 4922 2326 4975 taniam
2351 4922 2507 4990 juxta
2537 4921 2970 4994 distributionem
3001 4924 3225 4979 inferius
3248 4921 3583 4994 designatam
3610 4927 3706 4980 de-

2121 5001 2242 5046 vota
2289 5000 2469 5064 mente
2507 4991 2922 5064 cumplacrymis
2953 4996 3249 5064 veniamus.
3279 5013 3306 5046 -›
3337 4991 3465 5061 Quae
3510 4995 3705 5049 litania

2119 5060 2443 5132 procedebat
2473 5058 2749 5132 trigesimo
2784 5058 3013 5132 Augusti
3047 5065 3152 5119 die.
3182 5063 3258 5118 De
3284 5058 3388 5132 qua
3426 5065 3546 5118 vide
3590 5064 3700 5118 Ba-

2122 5131 2334 5186 ronium
2385 5141 2512 5186 tom.
2562 5131 2669 5186 Vlil
2708 5131 3030 5199 Annalium,
3063 5149 3204 5188 anno
3246 5131 3446 5190 Christi
3489 5134 3613 5198 590,
3647 5144 3706 5190 et

2123 5202 2372 5257 aureolos
2395 5201 2598 5256 Serarii
2631 5203 2801 5256 nostri
2829 5203 3035 5258 libellos
3065 5204 3454 5259 Litaneuticos.

2193 5272 2528 5344 Litaniarum
2553 5281 2861 5344 sanctorum
2885 5275 3147 5344 originem
3177 5275 3343 5329 refert
3369 5275 3703 5328 Walafrulus

2125 5342 2324 5413 Strabo
2351 5342 2418 5396 ad
2453 5342 2911 5413 Martyrologium.
2936 5342 3012 5398 Ita
3038 5345 3182 5399 enim
3211 5345 3298 5399 ille
3321 5345 3412 5398 lib.
3443 5345 3509 5399 de
3533 5344 3701 5399 rebus

2125 5412 2332 5484 Eccles.
2362 5428 2480 5482 cap.
2513 5412 2621 5467 28’:
2652 5433 2668 5465 ι
2706 5412 2920 5467 Litania
2947 5427 3125 5469 autem
3171 5425 3479 5470 sanctorum
3509 5423 3698 5484 postea

2121 5482 2361 5556 creditur
2385 5484 2438 5537 in
2465 5499 2618 5537 usum
2649 5494 2947 5556 assumpta,
2969 5500 3128 5554 quam
3151 5482 3524 5556 Hieronymus
3548 5484 3699 5538 Mar-

2124 5554 2476 5635 tyrologium,
2529 5554 3083 5635 secutusdﬂusebinm
3133 5554 3550 5620 C:esaricnscm,
3603 5569 3690 5622 per

2121 5624 2247 5678 anni
2277 5624 2534 5678 circulum
2563 5624 2904 5694 conscripsit.
2939 5645 2956 5674 ι
