3962 6366
179 329 186 333 ’
229 371 342 426 suo

912 362 1518 419 MARTYROLOCIUM
1554 361 1697 418 CUM
1739 360 2281 415 ADDI'I‘AMENTIS.
2327 389 2393 398 -—
2434 358 2640 412 MENS.
2678 357 2826 413 JAN.

3395 351 3503 409 210

235 486 407 540 vitate
448 481 673 552 Spoleti,
715 480 930 533 mittens
973 478 1260 531 accersivit
1295 485 1540 530 sanctum
1595 475 1829 529 Concor-
1855 478 1906 537 Α
1933 473 2051 546 εωί,
2087 472 2347 537 Narcissi,
2398 480 2454 526 et
2504 469 2797 526 Marcellini
2827 469 2999 538 pueri,
3032 467 3124 538 qui
3149 469 3249 523 sub
3294 465 3504 522 Licinio

233 579 411 642 dium,
445 585 500 632 et
545 575 683 630 dixit
723 573 814 628 ei:
855 571 972 639 Quo
1007 571 1225 625 nomine
1256 569 1501 625 vocaris?
1532 565 1830 637 Respondit

235 679 464 725 sanctus
505 664 876 723 Concordius:
925 660 1265 718 Christianus
1306 676 1446 716 sum.
1493 658 1636 714 Dicit
1664 659 1712 713 ei
1740 673 1830 714 co-

234 778 358 818 mes
391 779 404 814 :
435 758 512 814 De
537 759 753 814 nomine
793 755 1028 825 requiro,
1081 769 1185 808 non
1223 753 1289 807 de
1313 751 1526 807 Christo
1555 759 1664 804 tuo.
1693 749 1823 804 San-

230 864 360 911 ctus
378 853 713 910 Concordius
738 849 1012 920 respondit
1036 865 1049 901 :
1077 845 1417 907 Christianus
1437 861 1576 910 sum,
1601 854 1654 901 et
1675 845 1831 899 Chri-

234 953 384 1000 stum
399 940 925 1008 confiteor.Cumque
938 936 1300 1008 impelleretur
1313 935 1378 990 ad
1393 934 1826 998 sacriﬁcandum,

235 1035 398 1091 etille
409 1035 462 1090 in
481 1035 584 1090 lide
599 1033 799 1088 Christi
817 1031 1027 1087 fortiter
1039 1030 1268 1101 perdura
1277 1037 1378 1095 ret,
1388 1028 1573 1098 jussus
1583 1027 1831 1085 estfusti-

233 1130 342 1184 bus
355 1125 776 1196 caedi.Sequenti
793 1131 950 1180 nocte
965 1124 1113 1178 venit
1133 1123 1200 1178 ad
1214 1137 1335 1178 eum
1358 1122 1551 1178 beatus
1562 1122 1831 1194 Eutyches

236 1233 363 1274 cum
383 1215 643 1272 Anthimo
661 1215 934 1286 episcopo,
958 1223 1013 1270 et
1041 1221 1365 1286 rogaverunt
1385 1214 1638 1269 comitem
1664 1212 1831 1268 utali-

238 1307 573 1380 quotdiebus
583 1321 706 1362 cum
717 1306 796 1362 eis
808 1306 1213 1376 permitteretur
1225 1305 1443 1359 morari.
1459 1304 1832 1374 Eratnamque

237 1397 533 1454 Anthimus
561 1397 846 1468 episcopus
867 1395 1072 1451 amicus
1111 1395 1347 1462 comitis,
1376 1394 1576 1466 quique
1613 1395 1829 1450 beatum

238 1489 415 1542 virum
437 1485 796 1542 Concordiam
818 1484 946 1540 fecit
972 1483 1076 1541 illis
1099 1484 1286 1540 diebus
1295 1484 1689 1556 presbyterum.
1708 1483 1832 1541 Per—

238 1577 379 1632 actis
427 1575 692 1646 aliquibus
743 1575 949 1639 diebus,
1005 1581 1290 1630 revocatus
1329 1582 1413 1629 est
1450 1575 1640 1630 beatus
1691 1573 1832 1629 Con-

243 1668 482 1733 cordins,
510 1676 568 1722 et
603 1665 752 1722 venit
785 1665 855 1720 ad
890 1663 1166 1720 comitem.
1202 1663 1304 1720 Cui
1337 1671 1392 1719 et
1421 1662 1560 1719 dixit
1599 1679 1783 1720 comes
1811 1681 1826 1718 :

245 1764 387 1833 Quid
411 1763 650 1818 tractasti
677 1762 822 1818 circa
853 1761 1081 1818 salutem
1125 1768 1270 1816 tuam
1289 1761 1315 1813 ‘l
1347 1759 1578 1816 Sanctus
1624 1759 1708 1812 vir
1740 1773 1828 1813 re-

1929 564 2074 618 inter
2108 572 2330 634 tyrones
2377 561 2821 631 comprehensus,
2874 574 2996 614 cum
3052 557 3217 614 nollet
3271 558 3504 612 militare

1928 669 2098 710 cazsus
2123 654 2190 708 ad
2229 662 2457 708 mortem
2486 663 2541 707 et
2575 652 2666 706 diu
2715 651 2769 705 in
2812 664 3032 705 carcere
3077 657 3401 713 maceratus,
3450 648 3505 701 in

1929 761 2081 800 mare
2108 759 2339 810 mersus,
2371 742 2692 814 martyrium
2712 733 3127 796 consummavit.
3160 737 3370 808 Corpus
3393 735 3510 805 ejus

1929 835 1995 890 ad
2033 834 2180 889 littus
2231 833 2489 898 delatum,
2537 841 2594 887 et
2632 848 2662 885 a
2715 829 2980 902 religiosis
3020 829 3153 884 viris
3183 827 3503 890 depositum,

1931 925 2140 998 magnis
2159 933 2408 981 coruscat
2435 923 2744 978 virtutibus.

2318 1040 2379 1096 C.
2421 1039 2484 1093 Ill
2526 1037 2756 1095 NONAS
2792 1035 3125 1093 JANUARll.

2606 1129 2663 1201 (δ
2693 1129 2849 1200 Jan.)

2001 1220 2357 1293 (Pontiﬁcale,
2388 1235 2509 1291 cap.
2545 1219 2659 1292 20).
2696 1219 2898 1285 Romae,
2934 1219 3130 1274 natalis
3153 1217 3325 1273 sancti
3348 1216 3511 1271 Ante-

1932 1329 2021 1370 ros
2051 1329 2204 1384 papaa
2257 1321 2310 1368 et
2350 1312 2624 1384 martyris,
2665 1312 2758 1381 qui
2797 1311 3086 1366 vicesimus
3130 1317 3253 1380 post
3293 1309 3509 1364 beatum

1932 1403 2150 1460 Petrum
2201 1419 2322 1460 cum
2373 1405 2658 1460 duodecim
2699 1402 2880 1468 annis,
2932 1415 3118 1458 mense
3162 1415 3288 1464 uno,
3322 1399 3513 1454 diebus

1933 1492 2214 1548 duodecim
2245 1493 2477 1549 rexisset
2497 1491 2816 1558 Ecclesiam,
2861 1505 3053 1561 passus
3095 1498 3177 1544 est
3206 1489 3306 1544 sub
3336 1487 3508 1542 Maxi-

1933 1585 2101 1652 mino,
2133 1593 2189 1640 et
2241 1584 2295 1639 in
2339 1584 2652 1640 coemeterio
2678 1583 2873 1638 Calixti
2915 1581 3157 1651 sepultus
3185 1581 3272 1635 via
3315 1579 3511 1649 Appia.

1933 1677 2034 1732 Hic
2056 1686 2206 1747 gesta
2229 1685 2529 1748 martyrum
2559 1692 2589 1730 a
2619 1675 2843 1730 notariis
2879 1673 3170 1746 diligenter
3195 1672 3511 1742 exquisivit,

1932 1776 1988 1822 et
2009 1766 2061 1820 in
2087 1766 2315 1822 ecclesia
2339 1766 2658 1822 recondidit.
3332 1779 3335 1782 '

244 1829 497 1927 spondit:
529 1854 688 1909 Salus
719 1868 839 1908 mea
867 1851 1116 1908 Christus
1148 1860 1254 1918 est,
1296 1851 1381 1907 cui
1401 1851 1638 1922 quotidie
1667 1849 1832 1905 sacri-
1859 1829 1906 1890 Β
2003 1858 2157 1929 Apud
2193 1858 2451 1926 parisios,
2493 1867 2696 1914 sancta,
2734 1858 3019 1914 Gem)me
3056 1857 3306 1928 virginis,
3327 1871 3448 1926 qua.
3481 1871 3513 1911 a

244 1947 350 2002 ﬁco
376 1946 699 2003 sacriﬁcium
731 1944 924 2000 laudis.
953 1942 1128 1999 [ratus
1152 1957 1356 2007 comes,
1383 1939 1544 2010 jussit
1564 1955 1686 1994 eum
1704 1954 1828 1995 sus-

244 2036 405 2106 pendi
455 2036 508 2089 in
553 2033 801 2104 equuleo.
837 2032 1122 2088 Cruciatus
1170 2032 1282 2097 diu,
1328 2041 1612 2088 revocatur
1654 2039 1828 2085 arcta-

242 2138 333 2183 tus
381 2125 532 2182 ferro
561 2126 619 2180 in
647 2140 925 2180 carcerem
974 2142 987 2178 :
1032 2125 1122 2179 ubi
1168 2124 1368 2178 meruit
1401 2123 1825 2180 consolationem

240 2217 565 2290 angelicam.
595 2215 726 2271 Post
751 2223 863 2270 tres
895 2223 1080 2271 noctes
1118 2215 1268 2270 missi
1298 2223 1425 2270 sunt
1449 2214 1517 2269 ad
1559 2229 1704 2281 eum,
1735 2213 1828 2284 qui

243 2322 369 2364 eum
394 2315 488 2362 aut
513 2307 912 2362 sacriﬁcantem
942 2305 1207 2372 laxarent,
1244 2316 1337 2361 aut
1367 2305 1638 2361 nolentem
1667 2306 1828 2376 puni-

246 2407 392 2455 rent.
439 2398 735 2454 Venientes
778 2407 958 2454 autem
999 2397 1173 2465 missi,
1222 2398 1474 2454 dixerunt
1497 2397 1584 2453 ei:
1614 2397 1722 2453 Aut
1743 2412 1832 2453 sa-

245 2487 434 2544 criﬁca
458 2487 596 2554 Jovi,
621 2496 716 2542 aut
738 2487 1021 2557 capitalem
1067 2488 1390 2544 sententiam
1437 2487 1692 2558 accipies.
1725 2485 1830 2554 Fe-

250 2579 445 2632 rebant
469 2587 646 2634 autem
668 2579 1033 2634 statunculam
1067 2577 1233 2634 lovis.
1274 2578 1470 2634 Beatus
1495 2577 1832 2634 Concordius

251 2669 392 2724 dixit
414 2685 429 2723 :
449 2668 661 2726 Gratias
691 2670 807 2736 tibi,
839 2669 1065 2726 Domine
1083 2668 1208 2726 Jesu
1242 2667 1478 2726 Christe.
1510 2668 1577 2724 Et
1612 2669 1832 2739 exspuit

250 2762 306 2816 in
335 2760 526 2816 faciem
545 2761 712 2818 lovis.
744 2761 898 2817 Tunc
927 2753 1066 2817 unus
1095 2762 1162 2816 de
1185 2760 1508 2817 satellitibus
1550 2761 1833 2832 evaginato

243 2853 428 2922 gladio
449 2854 742 2923 amputavit
765 2860 927 2922 caput
948 2851 1099 2920 ejus:
1123 2861 1286 2922 atque
1309 2852 1384 2906 ita
1415 2851 1468 2906 in
1493 2849 1834 2908 confessione

247 2941 462 2996 Domini
481 2942 661 2996 emisit
681 2942 949 3011 spiritum.
974 2939 1263 2996 Venientes
1289 2949 1470 2995 autem
1491 2940 1598 2994 duo
1623 2939 1829 3006 clerici,

243 3050 370 3090 cum
416 3034 680 3104 religiosis
719 3033 871 3100 viris,
913 3033 1152 3088 tulerunt
1196 3047 1394 3103 corpus
1428 3030 1568 3100 ejus,
1597 3042 1654 3088 et
1680 3046 1834 3102 sepe-

243 3127 448 3182 lierunt
471 3144 577 3182 non
598 3126 752 3199 longe
780 3142 810 3180 a
842 3124 1081 3194 Spoleto,
1108 3125 1162 3179 in
1185 3123 1305 3180 loco
1340 3123 1432 3179 ubi
1468 3138 1622 3194 aqua:
1647 3125 1830 3179 multa:

243 3229 526 3277 emanant.

339 3323 448 3370 tem
485 3315 667 3370 Romze
704 3313 788 3368 via
821 3311 1015 3382 Appia,
1059 3324 1274 3366 corona:
1301 3309 1532 3364 militum
1583 3308 1825 3380 triginta,

246 3405 350 3460 has
380 3404 481 3460 sub
528 3403 864 3459 Diocletiano
891 3417 989 3473 pro
1015 3399 1360 3456 confessione
1385 3414 1527 3454 vene
1551 3397 1675 3453 ﬁdei
1708 3413 1830 3469 per:

245 3496 431 3567 cipere
456 3503 790 3551 meruerunt.

318 3587 474 3658 Apud
499 3585 762 3651 Africam,
804 3585 999 3640 natalis
1039 3583 1214 3640 sancti
1252 3581 1550 3653 Fulgentii,
1577 3580 1831 3636 Ecclesiae

249 3678 544 3749 Rnspensis
575 3678 813 3748 episcopi
840 3686 894 3732 et
931 3675 1278 3739 confessoris,
1307 3673 1400 3744 qui
1427 3683 1669 3742 tempore
1692 3671 1832 3727 Van-

251 3769 438 3826 dalica’.
489 3767 899 3841 persecutionis,
954 3767 1039 3824 ob
1074 3765 1398 3822 catholicam
1430 3763 1589 3819 ﬁdem
1632 3770 1688 3818 et
1715 3762 1831 3818 exi-

247 3863 414 3917 miam
444 3861 768 3926 doctrinam,
795 3859 864 3913 ab
890 3858 1106 3913 Arianis
1129 3856 1295 3911 multa
1319 3868 1636 3925 perpessus,
1658 3859 1715 3908 et
1737 3851 1826 3906 diu

245 3952 389 4022 apud
414 3953 720 4008 Sardiniam
748 3949 940 4004 exsilio
982 3947 1270 4018 relegatus,
1302 3943 1524 3998 laudent
1545 3942 1623 3997 ad
1647 3941 1832 3996 Eccle-

245 4050 387 4104 siam
421 4063 572 4104 suam
621 4047 798 4103 redire
835 4043 1150 4114 permissus,
1191 4049 1247 4095 et
1296 4039 1402 4093 vita
1451 4046 1506 4092 et
1557 4036 1830 4104 triumpho

244 4137 452 4203 clarus,
488 4145 676 4192 sancto
715 4136 820 4190 ﬁne
853 4133 1078 4204 quievit,
1124 4144 1325 4185 annum
1375 4128 1458 4182 sui
1488 4128 1830 4196 episcopatus

243 4245 420 4302 agens
449 4229 760 4301 vigesimum
793 4226 1066 4296 quintum,
1098 4221 1222 4275 vita:
1257 4226 1442 4272 autem
1483 4214 1646 4270 totius
1677 4228 1831 4268 sexa-

248 4322 515 4390 gesimum
543 4320 808 4389 quintum.

318 4412 474 4483 Apud
500 4411 904 4477 Alexandriam,
941 4415 1142 4465 sancta:
1182 4404 1548 4474 Euphrosynze
1585 4397 1826 4470 virginis,

248 4519 370 4573 qua!
394 4503 728 4558 orationibus
755 4501 926 4573 patris
955 4500 1036 4556 sui
1082 4495 1371 4567 Paphnutii
1404 4494 1470 4548 de
1508 4490 1679 4548 sterili
1717 4505 1830 4543 ma-

249 4607 334 4653 tre
373 4596 671 4667 progenita,
717 4595 770 4650 in
800 4593 991 4665 puerili
1039 4598 1199 4646 mtate
1241 4586 1558 4648 constituta,
1596 4581 1735 4637 clam
1775 4595 1833 4636 se

250 4686 464 4742 ton.leri
490 4685 634 4752 fecit,
666 4693 722 4740 et
761 4682 1113 4739 monasticam
1160 4678 1327 4732 vitam
1369 4673 1624 4745 expetiit;
1673 4670 1835 4727 Sma-

250 4779 400 4852 mgdi
429 4778 533 4834 sibi
561 4791 754 4833 nomen
785 4777 1086 4845 imponens.
1117 4770 1244 4826 Post
1262 4769 1424 4823 etiam
1448 4767 1500 4821 in
1532 4763 1833 4820 reclusione

250 4870 438 4943 viginti
466 4879 521 4924 et
549 4877 672 4927 octo
705 4867 865 4922 annis
899 4866 953 4920 in
993 4861 1139 4918 omni
1183 4860 1469 4916 sanctitate
1507 4856 1828 4927 perdurans,

251 4941 390 5018 tacta
417 4961 790 5034 aegrotationis
817 4954 1181 5020 incommodo,
1228 4962 1283 5008 et
1318 4941 1546 5007 mortem
1582 4947 1685 5002 sibi
1731 4945 1830 4999 ad-

246 5067 371 5109 esse
398 5044 750 5122 cognoscens,
791 5046 1158 5103 manifestavit
1193 5059 1253 5100 se
1286 5042 1540 5110 religioso
1563 5046 1619 5094 et
1650 5038 1826 5106 lacry-

247 5146 358 5224 mi_s
371 5143 646 5198 multoties
671 5140 934 5214 quaerenti
961 5153 1083 5194 eam
1109 5135 1272 5208 patri.

319 5219 378 5287 ln
429 5232 702 5289 territorio
747 5227 1093 5301 Lugdunensi
1139 5222 1470 5281 monasterio
1497 5219 1826 5285 Jurensium,

247 5322 307 5379 S.
332 5323 572 5395 Eugendi
587 5323 817 5388 abbatis,
839 5319 990 5389 cujus
1010 5316 1297 5373 virtutibus
1309 5324 1365 5369 et
1385 5310 1662 5368 miraculis
1675 5308 1830 5380 plena

250 5415 485 5473 refulsit.

644 5504 705 5559 D.
741 5501 807 5558 IV
848 5498 1077 5557 NONAS
1104 5495 1438 5554 JANUARII’.

931 5593 966 5646 2
1013 5589 1164 5659 Jan.)

910 5594 966 5664 (2
1013 5594 1164 5659 Jan.)

323 5688 526 5743 Natalis
546 5687 686 5742 beati
714 5685 928 5755 Macarii
958 5682 1186 5738 abbatis.

319 5778 385 5839 Et
420 5782 472 5837 in
504 5780 673 5837 Ponto
705 5778 922 5833 cii-italo
972 5773 1175 5836 Tomis,
1229 5773 1387 5827 trium
1436 5769 1689 5834 fratrum,
1727 5766 1833 5822 Ar-

1860 4555 1910 4613 D

1931 1947 2090 2004 beato
2115 1946 2386 2004 Germano
2428 1947 2859 2004 Antisiodorensi
2907 1947 3162 2017 episcopo
3193 1945 3410 2001 Christo
3439 1945 3517 2000 di-

1931 2051 2075 2109 cata,
2105 2041 2436 2098 admirandis
2462 2042 2754 2098 virtutibus
2773 2050 2829 2097 et
2851 2039 3126 2096 miraculis
3150 2039 3260 2095 late
3293 2038 3514 2102 claruit,

1932 2146 1988 2194 et
2008 2151 2179 2208 usque
2215 2136 2490 2208 octoginta
2527 2150 2701 2192 annos
2745 2135 2800 2190 in
2837 2133 3042 2191 Christi
3083 2133 3344 2191 servitute
3385 2146 3517 2187 con—

1930 2227 2129 2284 senuit.

2004 2316 2203 2371 Eodem
2234 2316 2322 2372 die
2343 2316 2519 2372 sancti
2548 2315 2808 2372 Florentii
2839 2315 3161 2372 Viennensis
3189 2313 3434 2388 episcopi
3460 2322 3522 2370 et

1933 2406 2210 2479 martyris,
2249 2408 2424 2464 octavi
2452 2408 2695 2479 ejusdem
2720 2407 2891 2462 urbis.

2316 2521 2381 2574 D.
2428 2519 2473 2575 ll
2517 2518 2748 2576 NONAS
2796 2517 3133 2576 JANUARII’.

2605 2608 2660 2680 (ιι
2689 2606 2844 2676 Jan.)

2005 2700 2164 2772 (Ado,
2203 2697 2421 2764 Claram,
2473 2714 2562 2752 an.
2602 2698 2728 2764 241,
2781 2712 2944 2768 supra
2990 2697 3123 2752 Vide
3164 2695 3404 2752 libellum
3455 2696 3522 2752 de

1933 2789 2231 2846 Festivitat.
2265 2790 2459 2863 apost.)
2507 2789 2714 2847 Natalis
2762 2789 2938 2846 sancti
2994 2787 3100 2844 Titi
3149 2787 3521 2861 apostolorum

1935 2883 2207 2954 discipuli.

2006 2975 2160 3046 Apud
2210 2973 2476 3040 Africam,
2527 2973 2724 3030 natalis
2770 2980 3083 3028 sanctorum
3125 2968 3384 3040 Aquilini,
3413 2968 3521 3026 Ge-

1941 3067 2094 3133 mini,
2127 3065 2373 3138 Eugenii,
2407 3064 2682 3130 Martiani,
2712 3061 2921 3134 Quinti,
2965 3059 3248 3126 Theodeti,
3291 3058 3522 3129 Tripho-

1858 3199 1902 3259 C
1936 3162 2043 3227 nis,
2099 3160 2646 3232 praeclarissimorum
2700 3165 3030 3228 martyrum,
3080 3168 3311 3226 quorum
3367 3159 3522 3226 gesta

1937 3255 2228 3310 habentur.

2008 3347 2209 3403 Eodem
2236 3345 2321 3400 die
2349 3341 2489 3416 apud
2512 3342 2699 3398 urbem
2741 3340 2991 3404 Romam,
3034 3344 3344 3392 sanctorum
3373 3348 3522 3389 mar-

1939 3447 2115 3509 tyrum
2142 3434 2311 3492 Prisci
2358 3431 2692 3504 presbyteri,
2733 3437 2790 3485 et
2836 3426 3162 3484 Priscilliani
3206 3423 3524 3497 clericihat-

1941 3541 2047 3599 que
2072 3525 2390 3582 Benedicta:
2416 3519 2835 3593 religiosissima:
2868 3517 3102 3583 feminze,
3151 3516 3251 3571 sub
3279 3524 3535 3584 tempore

1935 3618 2152 3676 Iuliani,
2187 3613 2494 3686 impiissimi
2541 3609 2791 3683 Augusti,
2828 3607 2921 3678 qui
2977 3607 3154 3678 gladio
3201 3604 3518 3675 martyrium

1939 3709 2364 3780 compleverunt.

2007 3799 2138 3853 Item
2178 3795 2316 3867 apud
2352 3795 2538 3849 urbem
2567 3791 2832 3854 Romam,
2874 3787 3048 3842 beatae.
3073 3783 3334 3850 Dafrosaz,
3379 3796 3516 3839 uxo-

1939 3891 2015 3946 ris
2043 3887 2267 3946 Fabiani
2311 3885 2587 3957 martyris,
2636 3896 2757 3952 qua:
2790 3886 2911 3951 post
2940 3876 3341 3932 damnationem
3372 3873 3521 3930 beati

1937 3983 2040 4037 viri
2071 3983 2153 4038 sui
2179 3981 2409 4052 primum
2458 3978 2694 4048 relegata
2743 3972 2957 4038 exsilio,
3009 3969 3200 4027 deinde
3247 3967 3315 4024 ab
3345 3964 3522 4038 impio

1937 4075 2148 4130 Juliano
2178 4072 2353 4142 capite
2371 4071 2522 4142 jussa
2546 4077 2628 4124 est
2647 4065 2845 4139 puniri.

2390 4207 2446 4260 E.
2495 4201 2698 4261 NONIS
2731 4197 3066 4258 JANUARII.

2111 4339 2115 4342 λ
2611 4294 2666 4358 (5
2691 4292 2845 4364 Jan.)

2010 4391 2363 4466 (Ponti/Scala,
2415 4405 2536 4460 cap.
2567 4387 2646 4459 9.)
2682 4387 2869 4442 Romae
2897 4381 3097 4439 natalis
3141 4379 3314 4436 sancti
3368 4373 3522 4432 Tele-

1938 4487 2144 4558 sphori,
2170 4484 2260 4556 qui
2284 4482 2545 4553 septimus
2571 4488 2692 4550 post
2713 4478 2931 4533 Petrum
2955 4473 3255 4544 apostolum
3278 4468 3531 4540 pontifex

1934 4581 2236 4644 ordinatus,
2267 4576 2405 4633 sedit
2453 4587 2624 4630 annos
2672 4568 2943 4632 undecim,
2975 4579 3188 4621 menses
3232 4571 3364 4629 tres,
3403 4560 3524 4617 dies

1935 4671 2125 4744 viginti
2157 4683 2345 4733 unum,
2376 4665 2692 4733 illustreque
2721 4659 3042 4730 martyrium
3065 4656 3234 4711 duxit.
3266 4652 3366 4710 llic
3387 4667 3521 4710 oon-

1935 4741 2110 4818 stituit
2155 4770 2214 4816 ut
2259 4775 2352 4815 sex
2388 4751 2813 4813 hebdomadibus
2851 4757 2975 4803 ante
3019 4746 3225 4802 Pascha
3251 4741 3519 4815 jejunium
3565 4753 3567 4757 ‘

1934 4853 2320 4913 celebraretur,
2359 4855 2415 4903 et
2454 4843 2630 4901 Natali
2681 4840 2890 4897 Domini
2941 4838 3065 4894 Jesu
3112 4835 3314 4892 Christi
3361 4839 3523 4890 nocte

1935 4944 2112 4999 missae
2173 4940 2638 5002 celebrarentur,
2678 4943 2734 4989 et
2797 4933 3028 5004 hymnus
3096 4927 3410 4999 angelicus,
3467 4923 3522 4980 id

1933 5043 2031 5095 est,
2059 5032 2248 5088 Gloria
2267 5031 2322 5084 in
2349 5024 2576 5084 excelsis
2600 5026 2733 5090 Deo,
2764 5026 2897 5080 hora
2927 5019 3180 5077 sacriﬁcii
3212 5017 3392 5074 missae
3432 5013 3519 5070 di.-

1934 5139 2057 5181 cere
2064 5133 2168 5179 llll‘.

2009 5216 2138 5273 Item
2167 5215 2306 5287 apud
2334 5211 2676 5269 Antiochiam
2723 5205 2986 5279 depositio
3031 5203 3202 5260 sancti
3249 5201 3522 5256 Simeoms

1940 5308 2187 5366 monachi
2218 5304 2546 5362 admiranda:
2576 5301 2792 5356 virtutis
2817 5298 2916 5353 viri
2943 5337 2958 5362 ,
2989 5292 3317 5367 quidccimo
3361 5287 3523 5345 tertio

1940 5398 2116 5455 aetatis
2156 5411 2300 5452 anno
2345 5394 2470 5449 huic
2515 5389 2710 5448 sarculo
2757 5384 3173 5447 abrenuntians,
3204 5374 3522 5435 monasterii

1939 5491 2173 5546 claustra
2204 5487 2452 5557 expetiit,
2495 5484 2586 5539 ubi
2635 5483 2770 5537 mira
2815 5475 3138 5535 abstinentia
3173 5471 3261 5525 vix
3291 5466 3523 5539 septimo

1940 5581 2025 5636 die
2053 5580 2229 5635 cibum
2265 5576 2368 5632 sibi
2413 5573 2713 5644 indulgens,
2749 5567 3068 5625 Psalterium
3115 5563 3258 5639 inter
3291 5566 3524 5629 quatuor

1939 5683 2151 5724 menses
2185 5665 2387 5720 didicit.
2443 5661 2644 5718 Deinde
2679 5658 2842 5714 nimia
2883 5652 3134 5709 domandi
3167 5646 3409 5718 corporis
3437 5644 3523 5698 in-

1939 5760 2176 5816 tentione
2207 5797 2220 5821 ,
2280 5756 2403 5810 fune
2459 5752 2720 5822 palmiceo
2755 5763 2909 5803 renes
2958 5744 3069 5802 sibi.
3106 5738 3478 5810 constringens
3503 5774 3520 5800 ,
