3962 6366
484 350 585 408 2H

1483 347 1543 402 S.
1579 343 1829 402 ADONIS
1863 340 2290 402 ARCHIEPISC.
2335 343 2742 403 VIENNENSIS

3647 353 3757 410 2ιῖ

485 460 692 517 duriter
719 458 950 515 laniatus
975 465 1081 515 est.
1102 456 1233 515 Inde
1265 457 1322 514 in
1349 455 1583 528 quodam
1609 465 1772 528 puteo
1804 471 1863 512 sc
1889 455 2064 512 reclu-
2091 460 2141 520 Α
2169 455 2396 522 tissima,
2439 456 2579 512 inter
2624 457 2791 513 verba
2837 459 3102 515 orationis
3126 461 3455 520 dulcissimis
3500 468 3750 537 suspiriis

483 553 637 618 dens,
666 560 721 606 et
749 566 819 607 ex
865 565 934 606 eo
963 549 1223 622 fratribus
1252 549 1518 604 violenter
1560 549 1631 603 ad
1674 547 2062 604 monasterium

483 643 756 708 reductus,
785 641 925 696 clam
979 640 1186 712 fugiens
1209 679 1225 706 ,
1257 654 1498 695 eremum
1526 639 1704 710 petiit.
1742 639 1845 695 Ubi
1895 639 2064 694 multo

391 771 398 779 ι
481 741 849 790 commoratus
881 743 1124 802 tempore
1165 731 1219 786 in
1242 720 1502 786 'columna
1530 730 1745 786 editiori
1777 731 2066 786 sanctitate

485 821 708 882 terrens
737 838 794 878 se
821 823 1055 879 reclusit.
1075 822 1177 877 Ubi
1201 836 1305 877 non
1333 822 1492 878 modo
1511 821 1641 876 nulli
1659 830 1928 877 extraneae
1949 839 2067 878 mu-

481 912 625 978 lieri,
654 911 746 970 sed
778 927 878 968 nec
900 912 1129 982 proprize
1173 911 1336 965 matri
1383 926 1444 970 se
1474 912 1655 968 videre
1679 914 1948 983 permisit.
1997 914 2065 968 Et
2093 956 2097 958 γ

482 1016 655 1070 usque
701 1001 861 1055 hodie
906 1000 1181 1056 basilicam
1235 1000 1499 1056 columnae
1546 1001 1692 1057 illius
1743 1002 2064 1060 feminarum

480 1095 625 1149 nulla
663 1096 957 1164 egreditur.
1011 1096 1144 1150 Nam
1177 1097 1421 1166 quaadam
1473 1095 1666 1151 mulier
1699 1104 1851 1149 veste
1879 1093 2063 1148 induta

481 1184 624 1240 virili
658 1185 864 1256 ingredi
909 1187 1100 1252 voluit,
1126 1195 1181 1242 et
1217 1203 1343 1244 mox
1366 1195 1426 1242 ut
1448 1185 1612 1242 limen
1639 1185 1842 1259 attigit,
1862 1192 2064 1241 retror-

483 1286 598 1334 sum
629 1286 840 1333 mortua
870 1277 1088 1332 cecidit.

878 1390 940 1445 F.
983 1390 1094 1446 Vlll
1130 1389 1291 1446 IDUS
1323 1389 1657 1448 JANUARII.

1144 1483 1199 1555 (6
1234 1482 1387 1555 Janq

550 1553 850 1624 Epiphania
882 1553 1115 1608 Domini.

547 1645 751 1699 Eodem
781 1644 868 1700 die
918 1645 1098 1714 passio
1142 1651 1347 1700 sanctae
1391 1642 1586 1700 Maerae
1618 1641 1865 1714 virginis,
1893 1655 2061 1712 quam

476 1752 600 1793 eum
632 1737 972 1792 Rictiovarus
997 1751 1196 1806 praeses
1227 1737 1465 1806 torqueri
1493 1745 1548 1792 et
1569 1738 1622 1791 in
1653 1737 1830 1807 ignem
1863 1735 2058 1806 praeci-

2168 547 2328 618 plana
2357 549 2588 607 reddens
2615 549 2845 606 Domino
2867 551 3140 620 spiritum,
3177 554 3490 626 angelorum
3519 573 3749 616 consor-

2169 638 2244 696 tio
2276 638 2330 694 in
2368 639 2506 694 ccelo
2532 639 2826 708 conjunxit.
2861 639 3108 698 Julianus
3155 659 3284 701 vero
3328 650 3670 716 postmodum
3718 667 3750 706 a

2167 726 2432 784 Martiano
2455 730 2682 801 pmside
2705 730 3020 800 requiritur,
3043 747 3153 802 quo
3173 741 3415 806 tempore
3439 739 3618 796 rabies
3636 756 3751 796 cru-

2102 833 2108 839 '
2166 819 2406 876 delitatis
2431 822 2497 876 ad
2526 823 2960 892 persequendum
2989 834 3208 883 sanctos
3239 828 3349 886 Dei
3392 831 3493 886 sub
3538 832 3750 889 Diocle-

2169 911 2316 966 tiano
2349 921 2406 967 et
2445 911 2770 972 Maximiano
2813 927 3113 982 exarserat,
3157 919 3226 974 ad
3272 934 3436 989 quem
3463 923 3755 980 multitudo

2165 1003 2506 1058 sacerdotum
2535 1012 2592 1060 et
2619 1005 2876 1062 Ecclesia)
2899 1006 3100 1064 Christi
3141 1010 3517 1072 ministrorum
3554 1016 3750 1073 confu~

2164 1101 2320 1162 gerat
2358 1102 2577 1164 propter
2603 1095 2998 1152 immanitatem
3035 1103 3448 1168 persecutionis.
3488 1105 3751 1177 Compre-

2164 1182 2366 1239 hensus
2398 1184 2579 1254 itaque
2606 1200 2728 1240 cum
2754 1187 2858 1241 hac
2880 1186 3086 1258 ingenti
3111 1190 3453 1247 multitudine
3475 1195 3591 1264 ipse
3615 1211 3753 1267 prae-

2163 1274 2297 1330 sidis
2343 1277 2629 1332 audientiae
2674 1287 3012 1348 reservatur;
3057 1283 3239 1338 centeri
3260 1285 3406 1340 servi
3440 1285 3557 1352 Dei,
3594 1287 3750 1358 jussu

2163 1366 2393 1422 crudelis
2415 1368 2613 1438 judicis
2649 1369 2852 1440 ingenti
2899 1386 3128 1429 accenso
3153 1373 3302 1443 igne,
3346 1375 3533 1446 eisque
3577 1394 3748 1448 appo-

2162 1456 2292 1523 sito,
2325 1457 2378 1512 in
2410 1473 2517 1528 quo
2545 1459 2912 1516 consistebant
2951 1461 3072 1519 loco
3115 1468 3419 1537 consumpti
3441 1479 3615 1524 .sunt.
3648 1468 3750 1525 Ubi

2161 1549 2229 1603 ad
2280 1551 2760 1608 commendandam
2793 1554 3089 1623 pretiosam
3129 1567 3358 1613 mortem
3408 1571 3748 1625 sanctorum,

2165 1643 2404 1708 tertiam,
2433 1652 2665 1710 sextam,
2699 1659 2899 1700 nonam
2946 1647 3287 1716 psallentiam
3319 1651 3471 1708 chori
3499 1653 3751 1708 feruntur

2161 1733 2360 1798 audiri,
2391 1733 2486 1791 sed
2515 1742 2570 1790 et
2593 1737 2949 1806 vespertinos,
2977 1747 3032 1793 et
3055 1741 3348 1797 matutinos
3372 1743 3605 1813 hymnos
3645 1744 3758 1798 Deo

472 1828 634 1898 pitari
655 1828 936 1898 jussisset,
967 1827 1130 1882 illaesa
1175 1829 1490 1897 permansit.
1543 1828 1743 1894 Deinde
1798 1827 2054 1883 mamillis
2083 1813 2129 1873 Β
2159 1824 2430 1881 cecinere.
2458 1823 2658 1881 Beatus
2695 1841 2826 1882 vero
2847 1827 3094 1884 Iulianus
3123 1830 3356 1900 primum
3393 1833 3640 1899 auditus,
3682 1835 3751 1888 ri-

474 1918 716 1979 abscisis,
761 1918 1115 1989 squaloreque
1160 1919 1395 1976 carceris
1425 1917 1648 1984 amicta,
1677 1933 1841 1988 super
1887 1927 2052 1974 testas

474 2008 820 2068 acutissimas
866 2017 922 2062 et
962 2023 1165 2081 prunas
1212 2009 1486 2075 volutata,
1517 2024 1679 2064 orans
1706 2008 1955 2080 migravit
1983 2008 2053 2064 ad

473 2099 782 2156 Dominum.

887 2187 952 2244 G.
992 2187 1083 2244 Vl}
1118 2189 1275 2246 lDUS
1311 2189 1644 2245 JANUARII.

1134 2282 1188 2350 (7
1225 2281 1378 2351 ιυηδ

543 2370 753 2427 Relatio
777 2370 930 2440 pueri
951 2369 1076 2426 Jcsu
1111 2388 1174 2428 ex
1203 2371 1457 2444 (Egypto.

541 2459 671 2514 Item
711 2461 903 2517 natalis
944 2463 1118 2516 sancti
1148 2461 1370 2518 Luciani
1413 2463 1764 2518 Antiochense
1796 2463 2052 2521 Ecclesiae

469 2554 768 2625 presbyteri
786 2563 840 2608 et
865 2555 1137 2625 martyris,
1163 2555 1264 2610 viri
1292 2556 1582 2611 doctissimi
1611 2564 1774 2625 atque
1795 2556 2050 2626 eloquen-

471 2643 686 2706 tissimi,
717 2644 806 2714 qui
837 2659 1028 2713 passus
1067 2655 1150 2701 est
1184 2645 1512 2702 Nicomediae
1548 2647 1619 2702 ob
1661 2647 2051 2702 confessionem

470 2734 669 2788 Christi
700 2736 1072 2805 persecutione
1095 2735 1396 2804 Maximini,
1434 2737 1782 2809 sepultusque
1820 2736 2050 2796 Heleno-

470 2823 577 2890 poli
629 2823 921 2894 Bithynim;
975 2843 1138 2896 quam
1185 2827 1373 2883 urbem
1423 2831 1567 2900 (cum
1616 2831 1768 2899 prius
1805 2828 2052 2900 Drepana

471 2913 718 2980 vocatur)
771 2913 823 2966 in
870 2914 1131 2969 honorem
1184 2915 1424 2982 ejusdem
1481 2917 1698 2986 gloriosi
1757 2917 2050 2990 Martyris,

471 3003 857 3059 Constantinus
904 3005 1197 3074 imperator
1223 3006 1554 3071 instaurans,
1591 3025 1658 3063 ex
1686 3009 1901 3064 nomine
1931 3026 2047 3064 ma-

472 3094 569 3149 tris
597 3108 706 3149 sua:
735 3092 1102 3164 Helenopolim
1134 3098 1479 3168 nuncupavit.

543 3183 674 3238 ltem
723 3183 863 3254 apud
906 3159 1271 3249 Kntiocbiam,
1313 3159 1459 3240 beati
1500 3185 1638 3241 Cleri
1675 3187 1918 3252 diaconi,
1957 3187 2049 3257 qui
2077 3159 2124 3223 (ἶ

468 3277 538 3348 ob
568 3274 959 3332 confessionem
995 3274 1192 3331 Christi
1223 3277 1422 3348 septies
1453 3287 1643 3343 tortus,
1669 3286 1723 3332 et
1749 3277 1803 3331 in
1833 3291 2051 3333 carcere

472 3370 561 3426 diu
614 3375 938 3434 maceratus,
986 3369 1053 3422 ad
1100 3367 1344 3425 ultimum
1381 3369 1675 3427 decollatus
1727 3367 2049 3441 martyrium

472 3463 886 3518 consummavit.

894 3551 956 3603 Α.
992 3548 1054 3603 γι
1094 3550 1251 3607 IDUS
1286 3549 1618 3607 JANUARH.

1141 3641 1196 3709 (8
1231 3639 1381 3710 παπ)

541 3729 695 3810 Apud
745 3729 1023 3800 Neapolim
1070 3728 1379 3800 Campania:
1422 3730 1595 3786 sancti
1650 3728 1891 3786 Severini
1923 3743 2050 3785 con-

469 3821 690 3877 fessoris
721 3833 746 3861 ι
779 3821 961 3875 fratris
991 3820 1287 3875 beatissimi
1317 3821 1581 3877 Victorini
1613 3820 1900 3875 clarissimi
1945 3819 2049 3873 viri

469 3897 766 3976 miraculis.
802 3913 901 3978 Qui
941 3920 995 3964 et
1047 3911 1161 3980 ipse
1213 3909 1396 3964 fratris
1448 3910 1710 3975 imitator,
1762 3918 1885 3978 post
1919 3907 2052 3962 mul-

474 4014 651 4057 tarum
701 4002 962 4055 virtutum
1009 3999 1485 4070 perpetrationem,
1531 3998 1816 4054 sanctitate
1865 3997 2054 4068 plenus

472 4093 694 4164 quievit.
723 4090 976 4162 Sepultus
1003 4090 1056 4145 in
1093 4089 1231 4154 loco,
1264 4089 1355 4144 ubi
1386 4090 1616 4160 primum
1653 4089 2050 4144 abstinentissi-

472 4201 624 4250 mus,
655 4198 816 4255 quam
849 4184 916 4239 ad
945 4181 1314 4256 episcopatum
1344 4190 1628 4237 vocaretur
1651 4221 1664 4243 ,
1701 4188 2056 4237 conversatus

474 4278 671 4332 fuerat.

463 4389 468 4392 ·
521 4361 783 4428 Βεινθρὶς
809 4374 1118 4422 sanctorum
1147 4362 1370 4419 Luciani
1399 4371 1455 4418 et
1482 4361 1759 4420 Messiani.

897 4457 957 4514 Β.
999 4457 1062 4513 γ.
1098 4455 1258 4512 IDUS
1293 4453 1627 4514 JANUARII.

487 4585 489 4587 .
1143 4548 1196 4618 (9
1232 4546 1386 4618 Jan)

463 4666 468 4669 λ
544 4642 599 4696 lu
629 4639 944 4696 Mauritania
970 4635 1311 4703 Caesariensi,
1336 4632 1532 4690 natalis
1552 4640 1752 4698 sanctae
1776 4631 2052 4690 Martialis:

471 4733 697 4803 virginis
719 4740 774 4786 et
799 4729 1076 4800 martyris.

548 4827 678 4879 ltem
721 4824 807 4878 die
837 4822 977 4894 apud
1021 4820 1386 4885 Antiochiam,
1416 4817 1596 4875 natale
1642 4815 1813 4874 sancti
1853 4813 2052 4872 Iuliani

476 4919 754 4990 martyris,
785 4924 842 4973 et
866 4913 1134 4970 Basilissae
1158 4914 1399 4987 conjugis
1440 4911 1576 4981 ejus.
1626 4910 1690 4966 Hi
1721 4911 1900 4979 itaque
1929 4923 2054 4964 san-

474 5008 720 5064 ctissimo
755 5014 879 5061 voto
915 5005 1051 5062 casti
1095 5003 1370 5075 coniuges,
1413 5003 1618 5074 aliquot
1650 5015 1822 5056 annos
1851 4999 2055 5070 pariter

471 5099 755 5164 vixerunt;
786 5113 1002 5153 carnem
1032 5112 1183 5152 suam
1219 5095 1436 5152 Christo
1465 5094 1726 5165 virginem
1753 5100 2051 5158 servantes,

473 5190 799 5244 monasteria
825 5188 892 5244 de
925 5188 1087 5242 rebus
1133 5187 1267 5248 suis.
1309 5185 1433 5254 quia
1460 5193 1618 5240 erant
1648 5183 1963 5255 parentibus
1999 5191 2055 5237 et

472 5295 670 5349 genere
704 5278 1026 5344 clarissimi,
1057 5277 1426 5342 instituerunt,
1475 5285 1534 5330 ut
1571 5275 1639 5331 ad
1672 5276 1856 5330 decem
1888 5273 2053 5328 millia

474 5371 860 5425 monachorum
886 5377 1042 5438 pater
1084 5367 1271 5422 beatus
1303 5364 1548 5421 Julianus
1593 5366 1764 5422 fieret.
1795 5364 2048 5420 Basilissa

473 5473 602 5514 vero
632 5458 920 5512 multarum
951 5465 1120 5512 mater
1148 5455 1437 5526 virginum.
1474 5455 1712 5522 Quarum
1745 5452 2043 5508 multitudi-

475 5562 598 5606 nem
627 5563 748 5602 cum
769 5546 881 5615 jam
928 5546 1206 5601 victricem
1244 5545 1593 5616 praemisisset
1638 5545 1705 5600 ad
1738 5543 2046 5608 Dominum,

477 5635 592 5701 ipsa
619 5637 1034 5692 conversatione
1065 5636 1217 5700 vitm,
1247 5645 1303 5691 et
1327 5635 1584 5692 doctrinm
1634 5635 1828 5691 studiis
1855 5634 2051 5705 proba-

551 5785 579 5821 ι
618 5772 748 5828 Vide
771 5775 920 5846 plura
951 5773 1014 5827 dc
1045 5787 1107 5828 eo
1131 5770 1163 5826 5
1188 5769 1335 5844 Sept.

2075 4505 2132 4568 D

2155 1915 2450 1986 gidissimis
2491 1915 2726 1974 fustibus
2769 1933 2942 1974 caesus
2985 1928 3092 1975 est.
3132 1920 3375 1992 Cumque
3417 1924 3742 1989 mederetur,

2153 2021 2294 2061 unus
2323 2006 2690 2062 ministrorum
2733 2008 2947 2077 praesidi
2975 2011 3320 2067 necessarius
3357 2012 3574 2068 oculum
3617 2015 3751 2069 ami'

2154 2095 2245 2150 sit.
2274 2093 2442 2162 Quem
2473 2095 2634 2151 beato
2651 2095 2866 2152 Juliano
2891 2106 3082 2154 orante
3103 2098 3246 2155 illico
3268 2101 3492 2170 recepit,
3515 2112 3573 2156 et
3593 2102 3746 2157 Chri-

2153 2195 2238 2244 sto
2267 2187 2493 2242 credens
2519 2188 2701 2242 statim
2739 2189 2809 2244 ab
2837 2189 3032 2246 insano
3044 2189 3228 2259 judice
3266 2193 3584 2258 decollatur.
3623 2196 3749 2250 Inde

2153 2280 2344 2337 beatus
2365 2278 2612 2336 Julianus
2635 2280 2829 2336 ductus
2857 2283 2924 2336 ad
2952 2281 3135 2338 fanum
3166 2284 3491 2352 daemonum,
3518 2287 3747 2342 simula.

2154 2387 2249 2426 cra
2279 2371 2577 2427 cristallina
2601 2381 2657 2427 et
2679 2373 2957 2438 electrina,
2985 2383 3147 2444 atque
3169 2373 3368 2439 diversi
3391 2377 3612 2446 generis
3636 2393 3746 2433 me~

2157 2461 2283 2517 talio
2297 2462 2586 2532 acquisita,
2613 2463 2685 2517 ita
2709 2463 3040 2520 comminuta
3069 2473 3231 2536 atque
3260 2467 3310 2522 in
3343 2467 3624 2539 pulverem
3655 2483 3742 2523 re-

2155 2552 2312 2607 dacta
2360 2561 2506 2618 sunt,
2556 2561 2617 2606 ut
2665 2553 2794 2622 quid
2842 2552 3045 2609 fuerint
3090 2557 3313 2618 omnino
3355 2573 3463 2613 non
3505 2566 3742 2629 pareret.

2154 2644 2360 2701 Deinde
2385 2653 2605 2700 sanctus
2630 2653 2839 2717 martyr
2863 2647 3092 2703 vinculis
3125 2647 3320 2706 ferreis
3355 2660 3622 2717 arctatus,
3651 2667 3748 2721 per

2154 2738 2430 2794 civitatem
2457 2739 2558 2794 sub
2588 2752 2720 2792 voce
2741 2739 3005 2808 praeconis
3029 2739 3472 2797 circumducitur.
3499 2741 3746 2814 Cumque

2155 2830 2490 2900 pervenisset
2536 2831 2604 2886 ad
2631 2830 2827 2894 locum,
2872 2831 2976 2908 ubi.
3005 2831 3148 2887 filius
3168 2833 3412 2901 praesidis
3441 2834 3496 2888 in
3540 2833 3744 2889 scholis

2155 2922 2526 2987 erudiebatur,
2557 2937 2692 2992 puer
2714 2923 2853 2977 idem
2885 2921 3074 2979 Celsus
3101 2924 3318 2980 nomine
3342 2925 3476 2979 vidit
3502 2925 3744 2980 multitu-

2157 3012 2335 3068 dinem
2365 3013 2665 3068 albatorum
2697 3014 2842 3069 circa
2881 3021 3130 3068 sanctum
3159 3023 3475 3085 martyrem,
3507 3023 3563 3069 et
3592 3031 3744 3070 coro.

2158 3118 2282 3158 nam
2321 3105 2724 3173 pretiosissimis
2752 3104 3017 3176 lapidibus
3044 3106 3364 3161 renitentem
3393 3121 3558 3176 super
3585 3114 3743 3176 caput

2155 3193 2290 3264 ejus.
2327 3194 2457 3261 Quae
2502 3195 2613 3249 visa
2642 3211 2763 3249 cum
2797 3196 2911 3250 suis
2937 3197 3316 3266 condiscipulis
3354 3205 3625 3261 narraret,
3655 3214 3744 3252 sua

2153 3285 2269 3342 bito
2293 3285 2552 3342 divinitus
2585 3286 2878 3354 inspiratus
2902 3287 3129 3356 projecit
3158 3287 3428 3341 volumina
3460 3287 3740 3357 magistrov

2155 3391 2297 3454 rum,
2345 3384 2400 3432 et
2439 3378 2757 3432 vestimenta
2800 3377 2996 3446 quibus
3041 3385 3160 3434 erat
3197 3376 3438 3441 indutus,
3481 3385 3536 3431 et
3580 3377 3739 3433 celeri

2153 3483 2315 3523 cursu
2358 3467 2605 3537 pervenit
2642 3466 2708 3521 ad
2755 3467 2920 3536 pedes
2959 3467 3124 3521 vincti
3169 3467 3444 3538 martyris.
3475 3467 3559 3521 Ad
3597 3466 3741 3538 quod

2153 3552 2358 3610 factum
2383 3562 2606 3625 stupens
2642 3562 2753 3609 tota
2783 3570 2922 3624 pene
2969 3555 3163 3611 civitas
3203 3557 3471 3622 accurrit;
3506 3571 3631 3611 cum
3663 3571 3738 3612 re-

2153 3648 2315 3717 liquis
2334 3662 2538 3719 praeses
2560 3658 2616 3702 et
2643 3655 2818 3702 mater
2835 3648 2987 3716 pueri
3009 3645 3274 3716 eiulantes
3293 3648 3608 3708 adveniunt.
3633 3647 3736 3702 Sed

2153 3754 2276 3796 cum
2305 3753 2530 3810 puerum
2553 3755 2582 3793 a
2606 3739 2864 3795 societate
2890 3740 3046 3796 beata
3076 3755 3331 3810 separare
3360 3755 3470 3795 non
3494 3751 3738 3811 possent,

2153 3843 2276 3884 cum
2309 3831 2466 3884 beato
2485 3827 2702 3885 Juliano
2729 3829 2837 3884 imo
2863 3830 3101 3885 carceris
3131 3831 3492 3900 mancipatur.
3523 3831 3626 3886 Ubi
3659 3831 3738 3885 di-

2152 3920 2280 3975 vino
2323 3920 2526 3977 lumine
2563 3920 2851 3987 consolati,
2881 3928 2938 3975 et
2984 3921 3150 3976 odore
3197 3921 3428 3976 mirifico
3467 3931 3598 3976 sunt
3650 3937 3735 3975 re-

2153 4010 2344 4082 spersi,
2375 4011 2450 4065 ita
2488 4018 2550 4066 ut
2574 4011 2774 4070 milites
2812 4013 2905 4082 qui
2938 4026 3033 4066 eos
3067 4012 3383 4077 servabant,
3413 4013 3632 4067 circiter
3662 4011 3739 4065 vi-.

2153 4099 2308 4170 ginti,
2338 4101 2617 4167 commoti,
2643 4108 2698 4156 et
2720 4110 2943 4171 stupore
2972 4101 3227 4173 perculsi,
3261 4101 3480 4157 Christo
3508 4103 3740 4157 Domino

2153 4187 2455 4244 crederent.
2511 4187 2596 4243 Ad
2635 4189 2746 4244 hos
2783 4190 2968 4260 itaque
3017 4191 3316 4246 visitandos
3365 4191 3420 4244 in
3461 4205 3736 4246 carcerem

2155 4276 2351 4335 fratres
2393 4286 2598 4349 septem
2637 4294 2745 4334 una
2774 4293 2897 4335 cum
2923 4279 3196 4335 Antonino
3221 4281 3537 4352 presbytero
3571 4295 3736 4336 vene—

2155 4377 2302 4436 runt,
2329 4368 2611 4438 ofﬁcioque
2629 4368 2802 4424 sancti
2831 4369 3090 4424 Antonini
3116 4355 3444 4441 presbyteri,
3475 4378 3585 4424 tam
3606 4385 3739 4440 puer

2155 4473 2318 4530 quam
2357 4457 2551 4529 viginti
2593 4458 2796 4515 milites
2827 4459 3084 4530 baptizati
3122 4469 3268 4516 sunt.
3312 4461 3466 4529 Quod
3511 4461 3739 4517 audiens

2154 4566 2376 4624 praeses,
2425 4557 2632 4622 septem
2664 4549 2865 4608 fratres
2910 4551 3003 4607 diu
3032 4552 3280 4610 custodia
3314 4560 3638 4618 maceratos,
3670 4553 3737 4608 ad

2149 4644 2402 4702 ultimum
2445 4641 2583 4698 tradi
2619 4641 2732 4713 igni
2776 4642 3052 4713 prazcepit,
3096 4658 3261 4713 porro
3299 4643 3500 4699 milites
3557 4643 3734 4716 gladio

2155 4732 2448 4799 trucidari;
2481 4733 2672 4802 sicque
2709 4732 3033 4803 martyrium
3065 4734 3299 4790 victores
3326 4748 3736 4790 consummave-

2154 4833 2299 4880 runt.
2329 4823 2588 4880 Sanctum
2607 4839 2738 4880 vero
2758 4822 3028 4884 lulianum
3059 4831 3222 4896 atque
3243 4823 3456 4880 Celsum
3481 4838 3732 4894 puerum,

2152 4925 2507 4984 sanctumque
2533 4915 2860 4972 Antoninum
2886 4917 3260 4987 presbyterum
3295 4915 3398 4970 sibi
3437 4927 3735 4984 prmsenta-

2156 5013 2258 5072 tos,
2290 5018 2500 5060 necnon
2530 5011 2586 5060 et
2611 5004 2984 5071 Anastasium,
3009 5019 3169 5074 quem
3210 5005 3403 5060 beatus
3428 5003 3678 5061 Julianus
3702 5021 3731 5058 a

2151 5104 2329 5152 morte
2357 5095 2676 5152 suscitatum
2713 5096 3031 5169 participem
3063 5095 3256 5166 gratiae,
3278 5093 3479 5151 Christi
3506 5093 3731 5159 fecerat,

2155 5187 2210 5243 in
2232 5201 2434 5258 cuppas
2461 5187 2581 5257 pice
2608 5197 2665 5242 et
2689 5186 2845 5256 adipe
2877 5185 3146 5242 ferventes
3177 5183 3381 5254 injecit,
3415 5185 3515 5240 sub
3538 5184 3735 5255 quibus

2154 5278 2422 5349 lignorum
2453 5287 2508 5331 et
2549 5285 2946 5333 sarmentorum
2986 5277 3198 5346 copiam
3242 5275 3525 5347 aggregari
3547 5275 3728 5345 jussit.

2157 5365 2264 5422 Sed
2289 5366 2431 5422 beati
2459 5366 2592 5420 nihil
2616 5365 2728 5420 laesi
2769 5367 2868 5421 sub
2903 5367 3042 5438 igne,
3079 5367 3131 5420 in
3172 5365 3514 5421 confessione
3545 5363 3731 5419 invicti

2155 5457 2469 5527 persistunt.
2495 5455 2650 5510 Ducti
2665 5470 2793 5526 ergo
2813 5455 3007 5510 iterum
3029 5464 3157 5511 sunt
3177 5455 3232 5510 in
3250 5454 3572 5510 custodiam.
3595 5451 3732 5508 Cum

2155 5565 2324 5620 puero
2346 5557 2525 5604 autem
2558 5559 2732 5605 mater
2761 5550 2930 5619 ipsius
2972 5549 3315 5616 Martionilla,
3355 5559 3414 5604 ut
3460 5565 3584 5604 eum
3616 5564 3731 5602 mue

2158 5653 2272 5699 tare
2302 5651 2501 5714 possct,
2535 5642 2716 5701 volens
2744 5641 2948 5697 inclusa
2972 5649 3072 5698 est.
3106 5641 3213 5700 Sed
3238 5642 3364 5698 dum
3386 5640 3534 5716 cupit
3562 5638 3730 5696 filium
