3962 6366
233 259 382 317 213
967 265 1568 324 MARTYROLOGIUM
1605 268 1751 325 CUM
1788 262 2322 322 ADDITAMENTIS.
2364 293 2430 302 —
2468 263 2674 320 MENS.
2710 261 2858 318 JAN.
3424 268 3530 322 214

244 394 516 463 praedam
548 387 668 445 ﬁeri
704 384 940 452 ἀίθδοιον
991 386 1105 456 ipsa
1149 385 1386 458 Ρναδάθῑδ
1423 383 1660 450 Christo:
1711 382 1856 454 eius‘
1884 382 2136 456 Asancti
2184 399 2370 456 Salvii.
2420 391 2479 454 l'n
2525 399 2683 471 hujus
2730 401 2895 454 natali
2937 411 3155 458 sanctus
3202 403 3531 475 Augustinus

244 501 384 556 que
430 481 626 539 ancilla
657 477 832 534 fidelis
878 475 1022 532 facta
1063 477 1314 546 baptismi
1361 477 1590 548 gratiam
1632 475 1855 546 recepit.
1957 488 2183 546 verbum
2205 488 2331 545 τεοίι
2354 488 2422 543 ad
2450 489 2703 560 populum
2728 489 3090 561 Carthaginis.

248 576 395 644 Quo
424 575 611 630 audito
653 571 852 641 impius
891 569 1085 642 conjux
1111 570 1255 639 piam
1290 568 1489 625 Christi
1519 567 1772 659 famulam
1804 569 1858 623 in
2299 600 2363 656 Ε.
2400 601 2630 657 PRIDIE
2663 601 2821 658 IDUS
2859 595 3193 659 JANUARIL

249 666 387 722 ima
417 664 656 721 carceris
702 670 910 717 trusam
951 659 1284 733 martyribus
1306 660 1550 715 sociavit.
1581 658 1728 726 Quos
1761 659 1859 714 ite-
2613 692 2704 764 (η
2730 693 2882 766 χρη.)

252 771 401 812 rum
422 754 537 811 suis
560 751 943 822 conspectibus
968 751 1283 822 praesentari
1315 749 1462 816 fecit,
1498 749 1646 806 etad
1675 749 1858 802 fanum
2243 805 2261 822 Δ
2292 804 2326 822 ί,
2386 805 2423 822 ,ί
2619 749 2652 822 ‘_
2695 807 2731 822 υ
2773 749 2792 763 ‘
2848 749 2878 766 "
2944 806 2980 822 ﬂ
3030 806 3062 822 η
3108 815 3118 822 ι
3195 806 3207 818 _
3379 815 3390 822 _
3465 808 3478 821 _

246 803 1856 910 ὲεέῌιᾷἷιῖἷιιξξξαὶὲίἇὸίίὲιῖεἓᾴἑιεἰηιτόέἓειῖεοιειηιίιισε,
1971 803 2763 912 ,.θΡ“ἱ¹⁴ἵ⁴Ξ¹¹³ί⁵ῗ¹¹ἶ’,“³¹³Ρί⁵
2809 806 2982 912 ⁵³¹¹ῗ³⁸ί
3029 806 3208 912 sui."
3255 808 3533 912 ωέῗίῖτίδν

257 895 1062 993 mittuntur.
1112 930 1218 987 Sed
1267 895 1388 986 mox
1421 895 1625 986 sanctis
1663 895 1860 985 oranti:
1960 895 2094 950 θίνίδ
2139 895 2375 993 Annia”
2402 897 2806 993 (Ῑυίηξτῆηδίέηδ
2832 906 2975 993 δηίθλ
3000 900 3267 993 ΨΨδδθη)
3310 899 3534 964 ΜοΙυων

255 987 712 1095 ὖῦἐῖὲὼρίοςη
948 1020 1176 1090 ἀείραο,
1207 1021 1550 1076 sacerdotum
1583 1019 1650 1074 ad
1692 1018 1860 1085 mine,
1961 1003 2081 1042 cum
2119 987 2454 1045 exsufﬂasset
2491 989 2641 1053 illud,
2675 990 2893 1062 signans
2935 991 3036 1045 sibi
3065 991 3318 1057 frontem,
3351 994 3532 1048 statim

1960 1082 2196 1148 corruit;
2232 1083 2301 1138 ob
2323 1098 2484 1154 quam
2511 1098 2727 1139 causam
2753 1084 3048 1141 decollatus
3075 1094 3176 1141 est.

257 1131 402 1170 cum
431 1129 764 1186 paganorum
794 1110 1154 1178 multitudine,
1169 1110 1333 1166 occisi
1363 1116 1508 1166 sunt.
1534 1108 1639 1163 Sed
1663 1109 1858 1164 iterum

2028 1173 2196 1244 (Zeno
2231 1173 2456 1240 νει-οη..
2485 1191 2711 1230 sermon.
2740 1177 2942 1247 propr.)
2982 1176 3183 1231 Eodem
3217 1177 3302 1231 die
3329 1177 3528 1233 natalis

263 1209 345 1264 ab
371 1208 514 1263 irato
539 1207 704 1276 impio
743 1204 974 1276 praeside
1019 1203 1194 1260 sancti
1236 1202 1609 1258 retruduntur.
1638 1201 1739 1268 Qui
1780 1201 1863 1256 dio
2028 1201 2131 1276 \“i‘

265 1297 403 1350 vina
435 1264 806 1350 consolatione
832 1300 993 1349 nocte
1031 1301 1158 1348 sunt
1186 1290 1508 1346 mirabiliter
1546 1264 1858 1345 confortati.
1960 1265 2133 1319 sane“
2164 1264 2380 1320 Arcadii
2409 1265 2683 1337 mar‘y'is’
2714 1281 2912 1336 genere
2938 1275 2996 1322 ει
3021 1267 3296 1324 miraculis
3322 1268 3475 1324 Clari-

275 1385 547 1458 Sequenti
603 1401 734 1441 vero
785 1384 905 1441 luce
966 1383 1214 1456 producti
1265 1392 1393 1438 sunt
1445 1382 1512 1438 de
1561 1383 1857 1438 custodia:

273 1493 302 1520 ι
331 1480 560 1550 oleoque
602 1478 780 1534 infuso
814 1476 1036 1544 liciniis,
1066 1490 1262 1530 manus
1296 1483 1352 1530 et
1374 1475 1542 1546 pedes
1581 1489 1770 1530 eorum
1799 1473 1865 1530 li-

273 1579 494 1642 ganIUr,
545 1568 791 1638 ignisque
842 1567 916 1622 ita
967 1565 1307 1635 supponitur.
1357 1563 1463 1619 Sed
1512 1579 1634 1619 cum
1676 1564 1861 1619 invicti

277 1657 660 1726 perdurarent,
687 1654 900 1709 Iuliano
939 1661 993 1708 et
1017 1652 1174 1709 Celso
1215 1661 1392 1708 cutem
1430 1652 1622 1722 capitis
1659 1651 1860 1708 auferri

225 1727 232 1736 ’
274 1745 450 1816 jubet,
487 1745 762 1801 Antonino
791 1753 846 1800 et
881 1744 1168 1800 Anastasio
1196 1742 1398 1798 lumina
1425 1741 1604 1808 effodi,
1635 1741 1858 1798 Martio-
1890 1732 1935 1792 Β

277 1837 424 1893 uillae
443 1836 729 1907 equuleum
762 1835 967 1908 parari.
991 1834 1118 1890 Haec
1141 1850 1266 1890 cum
1307 1833 1384 1889 illi
1412 1833 1710 1890 fortissime
1736 1849 1857 1904 per-

270 1929 555 1993 vicissent,
583 1927 714 1983 feris
740 1926 1067 1982 intromissis
1092 1926 1145 1982 in
1175 1927 1632 1997 amphitheatrum
1668 1926 1735 1980 ad
1766 1926 1858 1981 dc-

273 2021 578 2076 vorandum
619 2034 712 2076 eos
739 2020 1075 2091 objecerunt.
1105 2017 1214 2075 Sed
1262 2018 1391 2074 fera:
1432 2018 1598 2090 pedes
1641 2027 1860 2074 sancto-

273 2128 396 2166 rum
435 2111 729 2182 lingebant.
753 2111 1018 2182 .Cumque
1042 2110 1224 2167 omnia
1268 2110 1645 2180 pervicissent,
1675 2109 1861 2164 militi-

273 2204 377 2259 bus
409 2219 505 2258 cos
544 2202 704 2259 ferire
729 2202 912 2272 jussit.
967 2203 1143 2273 Atque
1182 2201 1275 2256 tali
1304 2201 1602 2262 certamine
1623 2201 1857 2274 palmam

274 2296 478 2367 adepti,
530 2311 691 2368 regna
728 2309 982 2352 mansura
1010 2301 1385 2366 perceperunt.

694 2426 759 2483 C.
799 2426 866 2482 ιν
904 2425 1062 2482 IDUS
1097 2423 1433 2482 JANUARII.

932 2518 1024 2588 (l0
1050 2515 1205 2588 Jan.)

359 2628 512 2699 Apud
535 2627 880 2694 Thebaidem,
910 2626 1107 2683 natalis
1149 2625 1326 2682 sancti
1360 2623 1513 2680 Pauli
1540 2624 1700 2696 primi
1739 2639 1860 2680 ere-

280 2721 450 2785 mitte,
480 2720 568 2790 qui
603 2736 631 2774 a
657 2728 812 2775 sexto
841 2717 1049 2775 decimo
1074 2717 1249 2773 aetatis
1277 2732 1388 2773 sua:
1422 2731 1564 2772 anno
1593 2731 1761 2786 usque
1789 2716 1858 2771 ad

273 2809 633 2869 centesimum
662 2820 719 2866 et
747 2811 966 2867 tertium
991 2810 1258 2865 decimum
1281 2807 1427 2863 solus
1449 2807 1505 2862 in
1532 2821 1716 2863 eremo
1735 2823 1858 2878 pcr-

274 2903 497 2958 mansit.
533 2903 698 2972 Cujus
721 2904 956 2958 animam
988 2902 1129 2957 inter
1148 2899 1516 2972 apostolorum
1543 2908 1598 2955 et
1627 2902 1856 2971 prophe-

272 3002 456 3049 tarum
492 2995 685 3050 choros
735 2994 804 3050 ad
830 2993 1024 3050 caelum
1068 2991 1196 3049 ferri
1264 2991 1332 3046 ab
1379 2991 1584 3063 angelis
1629 3001 1852 3048 sanctus

271 3084 545 3140 Antonius
570 3086 725 3140 vidit.

347 3174 376 3217 δ
401 3173 459 3232 S.
489 3175 700 3247 ilyginii
727 3191 897 3248 papas,
925 3175 1015 3246 qui
1038 3176 1177 3232 sedit
1201 3176 1386 3233 Roma:
1408 3191 1578 3233 annos
1599 3184 1848 3244 quatuor.

275 3269 378 3324 Hic
406 3270 687 3325 constituit
728 3269 956 3333 clerum,
993 3277 1050 3324 et
1088 3269 1364 3324 distribuit
1406 3269 1624 3340 gradus.
1664 3267 1854 3339 Sepul-

275 3368 367 3416 tus
393 3359 446 3413 in
474 3359 733 3415 Vaticano
759 3375 812 3414 ιν
832 3359 955 3414 ldus
984 3358 1246 3414 Januarii.

349 3451 502 3521 Apud
536 3451 796 3523 Cyprum,
829 3453 974 3507 beati
1014 3451 1324 3517 Nicanoris,
1354 3453 1444 3523 qui
1486 3469 1626 3509 unus
1664 3452 1763 3508 fuit
1789 3453 1854 3508 de

277 3553 483 3616 septem
511 3546 703 3616 primis
730 3545 1070 3626 diaconibus‘

353 3650 375 3678 ε
401 3639 466 3693 Et
490 3639 742 3694 adventio
773 3638 945 3693 sancti
978 3637 1233 3708 martyris
1257 3637 1549 3693 Hermetis.

699 3769 760 3824 D.
805 3769 868 3824 Ill
908 3768 1068 3825 IDUS
1100 3769 1435 3826 JANUARII.

933 3863 1017 3933 (ll
1048 3860 1200 3932 Jan.)

349 3977 504 4048 Apud
548 3976 952 4042 Alexandriam,
998 3977 1195 4031 natalis
1238 3984 1548 4032 sanctorum
1583 3975 1856 4032 confesso-

279 4083 431 4133 rum;
452 4067 621 4132 Petri,
649 4066 861 4132 Severi,
900 4064 1075 4130 Lucii,
1109 4081 1336 4135 quorum
1373 4075 1523 4134 gesta
1563 4067 1854 4123 habentur.

350 4159 580 4230 (Possid.
613 4160 667 4214 in
709 4158 906 4224 India,
954 4174 1003 4213 c.
1033 4158 1146 4214 ὅθι
1191 4159 1270 4231 9.)
1309 4158 1367 4214 In
1414 4159 1614 4224 Africa,
1661 4159 1855 4214 natalis

351 4315 380 4344 α
419 4301 646 4370 Olcoque
693 4301 870 4370 infuso
925 4299 1118 4355 liciniis
1164 4316 1350 4370 manus
1397 4311 1444 4354 et
1490 4302 1642 4370 pedes
1677 4318 1856 4355 eorum

351 4318 380 4344 ι
419 4318 515 4357 υιε
583 4319 646 4356 ue
693 4318 870 4370 inlusa
925 4318 1118 4355 ucmus
1164 4318 1350 4355 manus
1397 4318 1444 4354 et
1490 4318 1642 4370 pedes
1677 4318 1854 4355 eorum

277 4318 636 4442 liganturﬂta
664 4371 873 4426 restitui
912 4387 981 4442 ex
1027 4387 1158 4442 mss.
1197 4369 1332 4425 Male
1362 4371 1517 4441 vulgo
1561 4371 1714 4440 lignis
1757 4388 1854 4442 pro

278 4440 472 4495 liciniis
499 4458 518 4496 :
547 4442 688 4511 quod
732 4440 1021 4510 posterius,
1063 4441 1200 4511 quia
1219 4456 1400 4494 rarum
1447 4440 1549 4503 est,
1582 4453 1637 4495 et
1675 4440 1852 4511 minus

279 4509 636 4581 intellectum,
663 4509 902 4565 errorem
932 4509 1228 4580 rati,ligm‘s
1255 4512 1599 4581 substituere.
1623 4509 1729 4566 Sed
1756 4513 1847 4581 qui

278 4580 443 4652 lignis
474 4585 636 4652 pedes
661 4591 720 4652 et
749 4596 936 4636 manus
964 4579 1231 4652 ligantur?
1255 4579 1471 4652 Liciniis
1495 4580 1656 4652 igitur
1679 4579 1845 4652 ligati,

280 4651 341 4707 id
362 4659 448 4707 est
475 4651 724 4706 funiculis
746 4652 986 4720 stuppeis
1015 4651 1334 4721 aut'xylinis
1363 4665 1393 4704 e
1433 4651 1628 4719 quibus
1653 4651 1848 4706 cande-

277 4721 452 4791 larum
497 4721 759 4791 ellychnia
808 4721 978 4791 ﬁunt,
1029 4721 1252 4791 materia
1305 4721 1489 4790 utique
1535 4721 1620 4775 cui
1671 4721 1844 4791 oleum

279 4789 615 4862 infundatur,
660 4799 810 4862 apta.
849 4790 1086 4862 Isidorus
1125 4790 1280 4862 Orig.
1325 4789 1534 4862 libixx,
1560 4807 1697 4862 cap.
1734 4790 1843 4862 lo:

286 4878 307 4911 ι
323 4859 592 4983 ιιῑξιοθιςηα
611 4875 643 4916 e
671 4861 851 4917 licinio
875 4860 1017 4915 dicta
1043 4867 1128 4916 est
1176 4859 1318 4916 unde
1345 4869 1402 4914 et
1424 4861 1602 4915 brevis
1622 4859 1705 4915 est
1732 4860 1844 4926 lux,

286 4945 316 4983 ιι
411 4945 627 4983 ersms:
1334 4940 1342 4950 ‘
1502 4948 1505 4950 ν

281 4938 345 4985 ut
368 4931 627 4986 Persius:
1334 4940 1342 4950 ‘
1502 4948 1505 4950 ν

406 5023 660 5085 Βίενοσίιω
687 5024 914 5086 pinguem
935 5023 1163 5073 nebulam
1187 5035 1414 5073 vomuere
1441 5023 1674 5072 lucernae.

283 5113 342 5170 Si
369 5114 515 5170 enim
541 5129 573 5168 a
597 5113 715 5168 luce
738 5113 1024 5176 diceretur,
1049 5127 1156 5168 non
1182 5122 1349 5168 staret
1380 5128 1586 5167 versus.
1611 5111 1850 5167 Licinius

281 5193 464 5254 autem
494 5183 646 5254 quasi
686 5183 935 5254 lucinius,
961 5192 1041 5238 est
1071 5184 1213 5254 enim
1245 5181 1516 5254 cicendela
1545 5181 1794 5236 lucernze.
1825 5201 1843 5254 ε

282 5252 421 5309 Vide
451 5251 697 5308 eumdem
729 5253 819 5308 lib.
851 5269 964 5317 χιχ,
997 5268 1114 5322 cap.
1145 5252 1231 5318 19,
1272 5260 1326 5306 et
1368 5252 1459 5305 lib.
1496 5267 1632 5315 xvn,
1660 5265 1781 5322 cap.
1815 5251 1848 5306 6

280 5323 616 5380 Glossarium
659 5323 1090 5378 Camberonense
1133 5339 1232 5377 ms.
1260 5340 1272 5375 :
1309 5340 1327 5372 ι
1357 5322 1620 5376 Licinium
1652 5321 1850 5375 dicitur

281 5393 413 5448 illud
446 5395 587 5464 quod
625 5394 719 5464 deA
739 5393 917 5464 licinio
944 5393 1180 5448 candelae
1204 5392 1442 5464 ardentis
1475 5393 1539 5464 _in
1576 5389 1722 5445 fumo
1750 5407 1847 5464 ex-

281 5459 591 5586 stinguitur.
628 5483 647 5516 ι
687 5459 887 5520 Omitto
915 5464 1018 5520 alia
1047 5463 1408 5527 recentiorum
1441 5461 1850 5533 glossograpbo-

284 5549 402 5586 rum
451 5549 566 5586 oca.

284 5549 402 5587 rum
433 5549 566 5590 mea.

285 5605 742 5729 A0*:N1I’ttratr'ticale,
783 5623 832 5662 c.
868 5601 950 5663 10.
987 5604 1118 5662 Vide
1140 5605 1378 5661 libellum
1430 5603 1496 5659 de
1542 5601 1844 5661 Festivim,

332 5685 443 5741 post
459 5719 466 5727 .

2393 1378 2455 1433 F.
2496 1377 2721 1435 lDlBUS
2756 1378 3090 1435 JANUABll.

2611 1471 2704 1542 (15
2729 1469 2882 1542 Jan.)

2031 1583 2236 1650 Romae,
2285 1585 2371 1639 via
2421 1583 2711 1650 Lavicana,
2767 1599 2984 1641 corona:
3021 1583 3252 1639 militum
3297 1584 3535 1655 quadra-

1961 1675 2129 1748 ginta,
2161 1675 2262 1730 sub
2289 1674 2531 1730 Gallieno
2561 1675 2902 1744 imperatore.

2033 1766 2288 1830 Pictavis,
2319 1766 2490 1821 sancti
2518 1764 2706 1820 Hilarii
2730 1764 2968 1836 episcOpi
2995 1772 3051 1820 et
3069 1763 3419 1831 confessoris,
3442 1764 3534 1834 qui

1958 1859 2028 1915 ob
2055 1859 2372 1916 catholicam
2397 1858 2555 1912 tidem
2591 1858 2947 1928 quadriennio
2970 1859 3110 1928 apud
3133 1857 3417 1929 Phrygiam
3448 1871 3534 1911 re-

1957 1949 2186 2020 legatus.
2236 1948 2384 2004 lnter
2427 1947 2559 2003 alias
2598 1948 2830 2003 virtutes
2857 1946 3032 2004 fertur
3073 1947 3216 2016 quod
3262 1954 3531 2001 mortuum

1958 2037 2323 2094 suscitaverit.

2025 2121 2509 2198 Apud’Viennam,
2537 2127 2710 2183 sancti
2757 2125 2885 2182 Veri
2911 2127 3170 2198 episcopi,
3217 2126 3309 2198 qui
3338 2141 3532 2196 praese-

1959 2218 2038 2275 dit
2064 2217 2320 2275 Ecclesiaa
2342 2227 2464 2288 post
2496 2226 2742 2273 sanctum
2770 2217 3077 2272 Evantium.

2311 2333 2379 2391 ϐ.
2430 2331 2552 2390 XIX
2590 2331 2746 2388 ΚΑΒ.
2787 2332 3175 2390 FEBRUARII.

2606 2423 2696 2495 (14
2725 2423 2878 2495 Jan.)

2027 2539 2183 2610 Apud
2214 2537 2404 2595 Nolam
2429 2537 2759 2608 Campaniae,
2787 2539 2964 2594 natale
3000 2538 3146 2595 beati
3189 2537 3384 2595 Felicis
3408 2552 3531 2608 pre-

1959 2631 2181 2704 sbyteri.
2233 2630 2383 2686 Hica
2425 2630 2658 2685 Maximo
2702 2629 2920 2686 Nolanae
2949 2629 3097 2686 urbis
3121 2629 3373 2701 episcopo
3409 2645 3533 2700 pre-

1957 2725 2178 2796 sbyterii
2211 2724 2414 2778 honore
2444 2723 2699 2794 prmditus
2725 2729 2824 2777 est.
2852 2722 2986 2777 Cum
3017 2730 3195 2776 autem
3239 2721 3529 2790 imperato—

1958 2830 2075 2868 rum
2111 2813 2326 2868 decreta
2353 2811 2688 2867 Christianos
2707 2813 2913 2882 insequi
2937 2812 3338 2882 prmcepissent,
3363 2813 3530 2865 maxi-

1957 2919 2078 2959 mus
2099 2902 2338 2974 pontifex
2362 2903 2478 2974 jam
2503 2903 2653 2957 senio
2685 2911 3076 2972 prwgravatus,
3115 2910 3310 2972 putans
3338 2916 3395 2955 se
3424 2916 3528 2954 non

1957 3009 2116 3067 posse
2158 2993 2300 3050 ferre
2356 2994 2638 3064 supplicia,
2680 2993 2936 3047 silvarum
2978 2993 3146 3049 saltus
3194 2993 3344 3048 adiit.
3385 2993 3532 3060 Quos

1881 3085 1928 3148 C
1960 3087 2085 3141 dum
2128 3085 2373 3142 turbidus
2411 3085 2476 3140 de
2505 3085 2882 3156 persecutione
2919 3093 3276 3154 pererrasset,
3307 3082 3530 3140 affectus

1957 3178 2119 3246 fame,
2147 3178 2265 3248 gelu
2311 3177 2551 3243 attritus,
2578 3177 2691 3233 solo
2723 3176 2928 3232 corruit
2954 3177 3264 3232 semivivus.
3289 3175 3358 3230 At
3400 3177 3530 3232 hea-

1957 3280 2042 3326 tus
2057 3271 2207 3326 Felix
2230 3271 2508 3342 presbyter
2534 3278 2741 3340 captus,
2775 3278 2830 3323 et
2851 3268 3076 3323 vinculis
3100 3269 3371 3332 astrictus,
3404 3275 3532 3323 ante

1953 3364 2234 3436 prrosidem
2266 3362 2528 3418 Draccum
2555 3363 2839 3424 adductus,
2871 3377 2992 3415 cum
3019 3361 3189 3416 multa
3217 3362 3284 3417 de
3303 3370 3525 3430 porten-

1956 3455 2024 3510 tis
2055 3455 2292 3518 dcorum,
2341 3455 2483 3524 quod
2528 3455 2660 3509 nihil
2705 3463 2906 3517 essent.
2939 3455 3252 3524 disputaret,
3297 3467 3530 3523 eumque

1954 3544 2244 3616 prsefectus
2293 3543 2573 3598 immolare
2617 3544 2940 3613 impelleret,
2980 3543 3526 3612 responditzlnimici

1951 3634 2088 3688 estis
2133 3633 2358 3687 deorum
2397 3641 2724 3688 vestrorum.
2771 3631 2851 3686 Ad
2883 3648 3215 3703 quaecunque
3255 3635 3396 3688 enim
3442 3649 3529 3689 me

1953 3725 2177 3779 deorum
2206 3733 2506 3778 vestrorum
2539 3722 2735 3794 templa
2764 3724 3044 3788 duxeritis,
3077 3724 3180 3779 hoc
3209 3725 3286 3778 eis
3315 3725 3528 3778 eveniet

1954 3818 2096 3889 quod
2122 3817 2300 3872 evenit
2326 3817 2432 3872 illis
2459 3816 2524 3871 ad
2555 3833 2673 3886 quae
2709 3831 2891 3871 meum
2919 3816 3142 3870 fratrem
3172 3815 3400 3870 Felicem
3429 3831 3526 3870 vos

1954 3910 2171 3965 duxisse
2197 3907 2465 3980 paenituit.
2498 3906 2603 3963 Sed
2635 3909 2678 3963 si
2707 3908 2868 3970 vultis
2886 3908 3116 3978 probare
3138 3908 3387 3961 virtutem
3418 3906 3524 3962 Do-

1953 3999 2088 4063 mini
2115 3999 2220 4054 mei
2248 3997 2374 4053 Jesu
2397 3997 2615 4062 Christi,
2645 4012 2728 4052 me
2761 3997 2828 4051 ad
2857 3995 3178 4066 Capitolium
3211 3997 3289 4050 ire
3311 3996 3516 4064 iubete,

1955 4099 2015 4145 ut
2043 4091 2214 4160 ipsum
2239 4086 2444 4153 Jovem,
2472 4087 2765 4158 principem
2791 4087 3172 4142 drcmoniorum
3195 4096 3521 4155 vestrorum,

1956 4195 2114 4234 ruere
2143 4178 2358 4233 faciam.
2391 4177 2509 4233 Mox
2535 4177 2728 4248 impius
2750 4178 2912 4249 jutlex
2948 4178 3273 4249 compressis
3301 4179 3522 4235 auribus

2028 4352 2050 4380 ο
2095 4338 2162 4392 Et
2191 4337 2427 4392 adventio
2456 4339 2622 4407 sancti
2644 4337 2886 4407 martyris
2917 4336 3199 4391 Hermetis.
3233 4336 3348 4393 Non
3377 4347 3523 4394 recte

1883 4441 1930 4499 Ι)
1960 4412 2010 4464 in
2043 4410 2254 4499 vulgato
2283 4409 2526 4499 inventio.
2563 4406 2994 4499 Intelligitnenitn
3016 4408 3211 4499 Asancti
3229 4407 3524 4499 LHermt-Ptis

1959 4476 2364 4536 translationem
2408 4478 2576 4532 Roma
2632 4477 2686 4531 in
2735 4476 2956 4534 Gallias.
3004 4476 3182 4546 Atque
3229 4479 3332 4534 huc
3379 4480 3525 4535 refer

1955 4551 2097 4622 quod
2131 4547 2390 4622 Mol‘anus,
2417 4546 3133 4622 enactissimussanctorum
3163 4548 3401 4622 historiae
3439 4549 3523 4622 in:

1955 4616 2199 4690 dagator,
2225 4618 2278 4690 in
2305 4616 2573 4671 natalibus
2605 4616 2702 4690 SS.
2738 4616 2902 4690 Belgii
2934 4617 3000 4670 ad
3030 4617 3169 4690 diem
3204 4617 3275 4673 28
3297 4617 3523 4687 Augusti

1954 4685 2122 4754 notat,
2149 4703 2208 4744 se
2232 4688 2285 4742 in
2307 4695 2520 4757 vetusto
2549 4687 2779 4755 quodam
2803 4685 3180 4757 Martyrologi‘o
3205 4685 3519 4744 annotatum

1953 4761 2298 4816 observasse:
2316 4773 2369 4812 IV
2383 4756 2512 4811 Idus
2532 4757 2802 4823 Januarii,
2819 4756 3056 4812 adsentio
3068 4757 3235 4811 sancti
3260 4757 3522 4814 Hermetis

1954 4830 2200 4910 martyris
2249 4828 2391 4910 apud
2449 4826 2659 4882 ludam.
2712 4826 3050 4910 Altll-lq‘Jlfl‘lc
3094 4826 3160 4910 _de
3196 4827 3517 4910 odie_primte

1953 4895 2339 4968 translationis.
2364 4899 2574 4951 Annum
2595 4895 2851 4968 exprimit
2871 4895 3176 4966 Sigebertus
3195 4898 3245 4951 in
3263 4895 3518 4968 chronico

1954 4970 2051 5025 85!
2079 4988 2091 5023 :
2127 4988 2145 5019 ι
2180 4967 2438 5037 Reliquim
2479 4967 2671 5022 sancti
2698 4967 2966 5038 Hermetis
2994 4967 3247 5037 martyris
3274 4983 3369 5038 per
3417 4967 3516 5038 Loe

1957 5040 2187 5094 tharium
2214 5038 2592 5106 imperatorem
2633 5037 2688 5092 in
2729 5037 2930 5095 Gallias
2956 5037 3350 5103 mittuntur,’et
3375 5037 3516 5106 apud

1955 5110 2136 5164 ludam
2189 5105 2571 5163 monasterium
2618 5107 2915 5164 honorifice
2953 5109 3275 5162 conduntur.
3327 5126 3344 5157 ›
3387 5105 3512 5161 inda

1952 5180 2102 5235 locus
2147 5187 2229 5234 est
2271 5176 2425 5248 juxta
2461 5178 2879 5248 Aquisgranum.
2914 5177 3004 5232 ubi
3036 5177 3092 5232 S.
3131 5176 3510 5248 Cornelii‘mo-

1952 5246 2282 5311 nasterium,
2309 5249 2363 5302 in
2388 5246 2538 5318 quod
2571 5246 2654 5303 bai
2686 5248 2925 5318 reliquiae
2953 5248 3130 5316 primo
3155 5247 3304 5302 fuere
3328 5246 3510 5318 illataa.

1950 5321 2076 5375 lude
2106 5315 2464 5382 Rothuacum,
2495 5333 2614 5387 qua:
2636 5317 2758 5372 villa
2784 5315 3087 5372 Brabantize
3107 5325 3210 5379 est,
3235 5331 3376 5371 anno
3407 5315 3512 5387 8th

1951 5391 2190 5446 deducta:
2221 5389 2255 5443 6
2277 5388 2424 5459 Julii,
2455 5385 2764 5443 ut’habetur
2796 5387 2851 5441 in
2884 5385 3510 5459 Martyrologidproprirc

1951 5461 2205 5514 Ecclesia:
2232 5477 2243 5512 :
2266 5458 2386 5527 Ipso
2407 5459 2490 5512 die
2515 5459 2790 5512 translatio
2813 5457 3041 5526 corporis
3061 5457 3227 5527 sancti
3253 5457 3510 5509 "armetis

1951 5531 2197 5600 martyris
2223 5525 2587 5583 in‘Rothuaco.
2629 5527 2762 5582 Hinc
2791 5525 2948 5600 Dani_s
2991 5525 3257 5600 Belgicam
3291 5534 3509 5600 vastan-v

1949 5595 2329 5655 tibus'Othone
2361 5600 2680 5666 imperatore
2701 5613 2885 5652 rursus
2914 5596 3095 5650 ludam
3132 5597 3330 5652 relatae.
3360 5595 3507 5660 Post,

1951 5669 2113 5725 rebus
2137 5670 2360 5741 pacatis,
2391 5669 2453 5723 ad
2480 5666 2882 5724 Rotlmacenses
2912 5666 3136 5722 rediere.
