3962 6366
114 361 226 419 217

797 345 1397 407 MARTYROLOGIUM
1432 345 1577 402 CUM
1615 340 2152 399 ADDITAMENTIS.
2195 373 2243 382 —
2305 340 2512 398 MENS.
2552 342 2700 398 IAN.

3285 344 3390 401 2I8

116 477 349 532 brorum
401 480 657 539 compage
696 463 970 537 separari;
1023 471 1080 518 et
1119 471 1242 533 post
1281 461 1397 515 haec
1441 458 1493 512 in
1523 457 1700 526 ignem
1732 465 1780 523 Α
1809 453 2074 526 martyrii.
2126 452 2384 510 Educitur
2431 453 2632 509 iterum
2677 454 2744 507 ad
2794 461 3102 519 certamen,
3157 457 3392 512 circum-

118 563 474 638 przecipitati,
507 575 608 615 nec
638 567 820 613 tamen
851 554 988 621 laesi,
1030 553 1172 608 inter
1199 551 1367 606 verba
1400 549 1710 604 orationum

119 657 292 714 simul
345 655 649 722 migrarunt
696 650 765 705 ad
806 646 1115 703 Dominum.
1151 641 1337 700 Ionilla
1370 641 1474 696 hoc
1498 639 1710 704 videns,

120 750 382 804 confessa
430 754 516 799 est
563 756 636 798 se-
667 740 834 796 etiam
875 751 997 794 esse
1045 735 1431 792 Christianam.
1483 731 1551 786 Et
1590 737 1714 800 post

120 836 528 908 comprehensa
549 849 580 888 a
609 831 805 895 turbis,
845 844 910 884 ac
939 826 1148 899 capillis
1177 839 1464 896 suspensa,
1504 821 1714 876 multis-

120 944 231 1000 que
262 927 464 983 afﬂicta
491 922 789 994 suppliciis,
821 936 945 976 cum
979 919 1256 974 Christum
1290 930 1490 987 negare
1513 913 1712 968 noluis-

122 1031 228 1088 set,
255 1036 381 1076 cum
405 1016 648 1073 Leonilla
700 1023 786 1070 est
824 1012 982 1069 simul
1013 1011 1192 1082 gladio
1218 1016 1516 1081 perempta.
1562 1005 1710 1061 Neon

123 1118 391 1180 exceptor
416 1116 712 1179 gestorum,
736 1113 793 1159 et
819 1104 933 1174 ipse
959 1101 1159 1157 Christi
1185 1115 1382 1156 nomen
1407 1097 1709 1162 confessus,

125 1199 398 1271 martyrio
431 1205 724 1253 coronatus
758 1202 860 1250 est.
895 1193 1088 1248 Docuit
1121 1200 1301 1246 autem
1327 1200 1384 1246 et
1417 1190 1713 1261 baptizavit

126 1296 377 1368 geminos
423 1294 524 1349 hos
568 1290 841 1361 Benignus
887 1289 1192 1360 presbyter,
1237 1300 1400 1357 quem
1451 1284 1600 1339 misit
1643 1283 1712 1339 ab

127 1386 353 1443 Oriente
382 1385 576 1438 beatus
597 1380 950 1452 Polycarpus,
972 1375 1196 1434 Joannis
1231 1373 1460 1446 apostoli
1498 1373 1713 1428 auditor

130 1478 182 1532 in
213 1475 467 1539 Galliam,
492 1487 617 1528 cum
641 1469 921 1526 Andochio
945 1467 1262 1539 presbytero
1282 1475 1338 1522 et
1357 1465 1570 1536 Thyrso
1599 1464 1714 1518 dia-

130 1579 288 1625 cono.
319 1562 528 1634 Sepulti
577 1569 704 1616 sunt
748 1569 932 1614 autem
960 1558 1122 1612 iidem
1148 1555 1350 1628 gemini
1380 1556 1434 1610 in
1474 1553 1713 1610 secundo

133 1653 387 1710 milliario
417 1652 487 1707 ab
531 1650 666 1706 urbe
693 1649 1054 1719 Linguonum.
1096 1646 1316 1701 Turbon
1339 1651 1544 1709 autem,
1573 1643 1711 1698 seri-

134 1743 270 1802 bcns
321 1741 580 1798 victorias
637 1737 1010 1794 conﬁtentium
1067 1735 1379 1800 Dominum,
1429 1749 1536 1789 non
1591 1739 1714 1804 post

138 1835 365 1895 multum
390 1831 646 1908 temporis
673 1829 992 1901 martyrium
1022 1840 1310 1898 perpessus
1337 1833 1438 1881 est.

207 1930 358 2002 Apud
385 1929 675 1993 Bituricas,
699 1925 922 1998 Sepultii
951 1924 1209 1995 episcopi.

487 2059 552 2114 ι).
585 2057 680 2114 xv
708 2026 888 2115 'KAL.
941 2055 1316 2117 FEBRUARII

791 2149 882 2224 (18
909 2149 1063 2221 Jan.)

202 2267 473 2329 Cathedra
504 2264 677 2324 sancti
720 2263 868 2323 Petri
916 2263 1168 2334 apostoli,
1215 2278 1322 2340 qua
1365 2262 1598 2338 primum
1623 2278 1710 2318 se-

136 2361 212 2417 dit
234 2361 444 2416 Rom.

206 2453 409 2508 Eodem
452 2451 577 2515 die,
631 2447 826 2506 natalis
871 2457 1071 2504 sanctae
1124 2447 1325 2509 Priscae
1377 2447 1602 2522 virginis
1659 2457 1713 2502 et

137 2543 415 2614 martyris.

216 2632 280 2687 Et
315 2634 370 2686 in
409 2631 598 2698 Ponto,
649 2629 843 2686 natalis
889 2641 1200 2685 sanctorum
1250 2639 1552 2702 martyrum
1593 2630 1709 2688 Mo-

140 2722 236 2780 saei
288 2734 344 2778 et
388 2722 683 2788 Ammonii,
740 2721 833 2791 qui
886 2737 1009 2776 cum
1069 2727 1252 2775 essent
1311 2721 1550 2786 milites,
1601 2719 1714 2793 pri-

137 2833 229 2872 mo
283 2817 354 2872 ad
409 2814 622 2872 metalla
673 2813 953 2884 deputati,
1014 2812 1307 2868 novissime
1353 2812 1466 2884 igni
1525 2812 1711 2868 traditi

137 2917 278 2964 sum’
473 2975 536 3030 ε.
571 2972 708 3030 xw.
749 2973 908 3028 KAL.
949 2971 1342 3028 FEBRUARII.

786 3065 877 3138 (l9
914 3064 1067 3136 Jan.)

208 3196 232 3224 ι
263 3182 321 3238 In
355 3181 610 3252 Smyrna,
650 3177 844 3233 natalis
878 3177 1052 3233 sancti
1091 3175 1402 3232 Germanici
1434 3175 1710 3247 martyris,
1740 3160 1786 3224 Ο

139 3274 376 3350 quicum
403 3273 674 3347 primaevae
700 3269 876 3330 aetatis
897 3275 1185 3324 venustate
1207 3266 1446 3333 ﬂoreret,
1467 3282 1565 3338 per
1591 3281 1716 3340 gra-

141 3365 267 3423 tiam
292 3362 514 3419 virtutis
536 3361 654 3428 Dei,
701 3368 903 3416 metum
951 3373 1226 3431 corporeae
1277 3357 1586 3428 fragilitatis
1623 3374 1716 3414 ex-

139 3455 383 3519 cludens,
425 3461 617 3526 sponte
647 3459 1008 3525 praeparatam
1056 3451 1159 3506 sibi
1208 3450 1464 3516 bestiam,
1493 3451 1716 3506 damna-

141 3557 228 3602 tus
256 3562 285 3601 a
305 3545 486 3615 judice
521 3545 1032 3623 jamrprovocavit;
1083 3542 1238 3613 cujus
1277 3542 1528 3600 dentibus
1569 3557 1717 3598 com-

140 3636 400 3701 minutus,
443 3649 574 3690 vero
629 3634 779 3705 pani,
829 3634 882 3689 id
935 3640 1020 3689 est
1071 3633 1296 3690 Domino
1323 3630 1452 3688 Iesu
1477 3631 1715 3698 Christo,

145 3745 248 3799 pro
270 3730 385 3798 ipso
417 3730 677 3793 moriens,
709 3725 908 3782 meruit
945 3726 1301 3798 incorporati.

214 3820 413 3875 Eodem
436 3819 542 3886 die,
575 3818 755 3875 natale
779 3818 952 3872 sancti
979 3816 1230 3872 Pontiani
1271 3815 1546 3887 martyris,
1578 3812 1718 3888 apud

141 3910 444 3983 Sp'oletum,
469 3910 799 3979 temporibus
822 3907 1081 3963 Antonini
1106 3907 1472 3977 imperatoris,
1507 3905 1606 3961 sub
1627 3904 1720 3975 ju-

140 4005 260 4060 dice
281 4003 541 4058 Fabiano.
574 4001 714 4056 Ante
744 4015 906 4071 quem
933 3999 1216 4062 adductus,
1271 4007 1326 4052 et
1358 3999 1722 4066 interrogatus

137 4109 249 4164 quo
271 4094 491 4149 nomine
523 4099 828 4175 vocaretur,
871 4091 1148 4162 respondit
1174 4109 1187 4144 ε
1213 4089 1260 4143 Α
1279 4091 1597 4160 parentibus
1621 4105 1721 4144 no-

138 4206 265 4246 men
309 4190 420 4244 mei
467 4187 773 4259 impositum
823 4197 907 4242 est
955 4187 1287 4251 Pontianus;
1324 4186 1498 4255 majus
1542 4194 1721 4238 autem

140 4298 366 4348 nomen,
408 4281 765 4337 Christianus.
803 4279 955 4334 Tunc
986 4279 1158 4333 iratus
1189 4279 1485 4343 Fabianus,
1525 4292 1721 4347 exspo-

139 4375 263 4429 liari
292 4387 418 4429 eum
447 4382 503 4428 et
547 4372 716 4444 virgis
745 4371 876 4426 caedi
902 4369 1086 4441 jussit,
1110 4369 1279 4423 donec
1300 4368 1573 4423 videretur
1594 4381 1722 4422 san-

138 4465 265 4538 guis
307 4463 477 4534 ipsius
529 4463 585 4517 in
630 4473 828 4517 terram
856 4460 1042 4516 liuere.
1095 4459 1294 4516 Iterum
1343 4457 1506 4529 jussit
1561 4473 1723 4528 super

1815 554 2092 618 spectante
2122 545 2319 618 populo
2357 547 2411 601 in
2442 547 2860 617 amphitheatro,
2889 556 2944 600 et
2971 547 3313 603 dimittuntur
3337 550 3388 605 ei

1814 637 1922 693 duo
1965 635 2168 692 leones.
2215 634 2320 703 Qui
2367 623 2747 701 mansuefacti,
2801 637 3017 691 beatum
3069 635 3391 694 Pontianum

1813 726 2038 783 minime
2076 726 2390 798 tetigerunt.
2421 726 2576 794 Quod
2614 727 2861 782 videntes
2890 727 3092 797 populi,
3121 728 3392 783 exclama-

1815 828 2009 874 verunt
2040 836 2054 873 :
2087 819 2227 874 Vere
2278 834 2508 890 magnus
2553 827 2638 874 est
2671 819 2814 874 Deus
2835 820 3290 886 Christianorum,
3317 819 3392 874 ita

1814 920 1874 966 ut
1902 911 2095 965 seditio
2121 909 2296 964 fieret.
2328 910 2527 964 lterum
2558 911 2751 965 beatus
2775 921 2981 981 martyr
3012 909 3310 964 retruditur
3337 910 3392 964 in

1814 1018 2089 1060 carcerem
2123 1018 2218 1073 per
2246 1003 2529 1058 duodecim
2557 1003 2673 1059 dies
2717 1012 2775 1057 ut
2809 1001 2951 1058 fame
2989 1003 3268 1063 deficeret.
3300 1001 3394 1058 ubi

1814 1094 1882 1151 ab
1907 1094 2096 1166 angelo
2143 1094 2504 1161 confortatus,
2546 1101 2600 1150 et
2652 1094 2862 1149 caelesti
2899 1095 3020 1148 cibo
3064 1103 3251 1164 pastus
3287 1100 3392 1150 est.

1813 1185 1941 1242 Post
1969 1187 2252 1241 duodecim
2275 1201 2405 1241 vero
2427 1186 2546 1241 dies
2567 1193 2820 1256 putantes
2848 1200 2972 1240 eum
2994 1184 3274 1250 defecisse,
3295 1185 3396 1240 mi-

1813 1279 1969 1336 nistri
2005 1288 2288 1344 venerunt,
2329 1287 2389 1334 ut
2415 1293 2612 1348 corpus
2633 1276 2750 1347 ejus
2781 1277 3062 1340 tollerent,
3093 1286 3147 1332 et
3175 1278 3396 1332 invene-

1815 1382 1942 1428 runt
1983 1389 2107 1429 eum
2143 1372 2458 1442 psallentem
2497 1379 2553 1426 et
2593 1369 2780 1426 Iaudes
2801 1368 2913 1426 Deo
2937 1370 3227 1425 dicentem.
3254 1368 3396 1425 Edu-

1814 1475 1933 1521 ctus
1963 1465 2158 1520 iterum
2181 1465 2246 1518 de
2268 1476 2488 1518 carcere
2519 1469 2623 1522 est.
2655 1469 2709 1517 et
2730 1468 2988 1516 extensus
3012 1475 3172 1530 super
3193 1459 3394 1515 lectum

1814 1557 2068 1620 ferreum,
2105 1555 2328 1626 jubente
2363 1553 2528 1624 impio
2570 1551 2784 1622 judice,
2837 1565 2900 1606 ac
2955 1549 3177 1622 plumbo
3221 1550 3396 1604 ferve-

1815 1644 1958 1702 facto
1984 1646 2201 1702 dorsum
2249 1643 2392 1698 illius
2429 1642 2726 1713 perfusum.
2761 1640 2867 1696 Sed
2897 1657 3022 1696 eum
3063 1650 3271 1711 martyr
3307 1649 3392 1695 ta-

1813 1737 1885 1793 lia
1914 1735 2307 1807 parvipendens
2349 1735 2582 1789 invictus
2618 1740 2881 1796 maneret,
2913 1729 3168 1786 confusus
3200 1729 3393 1785 Fabia-

1740 1815 1786 1876 Β
1814 1843 1918 1883 nus
1964 1827 2191 1883 dictavit
2217 1826 2542 1882 sententiam
2579 1833 2638 1880 ut
2666 1825 2841 1896 capite
2885 1823 3239 1878 minueretur.
3275 1821 3394 1877 Sic-

1814 1933 1920 1990 que
1940 1919 2007 1974 ab
2033 1917 2359 1988 spiculatore
2403 1931 2715 1988 percussus,
2753 1907 2956 1985 quievit
2984 1914 3037 1968 in
3068 1928 3220 1984 pace.
3252 1915 3393 1970 Con-

1793 2011 2106 2066 summavit
2128 2018 2309 2064 autem
2348 2007 2670 2080 martyrium
2705 2022 2860 2062 suum
2884 2022 2977 2060 xix
3005 2005 3123 2060 Kal.
3157 2004 3397 2062 Februa-

1815 2100 1902 2155 rii.
1932 2099 1999 2154 Et
2021 2093 2288 2154 sublatum
2332 2113 2530 2168 corpus
2557 2096 2674 2167 ejus
2714 2112 2744 2152 a
2775 2096 3099 2152 Christianis
3121 2095 3394 2166 sepultum

1813 2199 1898 2247 est
1917 2206 1983 2244 xv
2014 2189 2129 2243 Kal.
2149 2188 2393 2245 Celebris
2423 2204 2550 2244 vero
2572 2188 2686 2244 dies
2725 2187 2893 2260 ipsius
2937 2189 3115 2261 agitur
3152 2203 3240 2242 xw
3273 2185 3392 2244 Kal.

1814 2276 2119 2349 Februarii,
2141 2281 2362 2352 quando
2391 2282 2586 2338 iterum
2632 2297 2850 2339 sacrum
2893 2297 3091 2353 corpus
3112 2266 3248 2351 ejus
3277 2297 3399 2340 mu-

1817 2381 1929 2429 tatu
1937 2390 1986 2428 m
2010 2382 2109 2430 est.

2175 2461 2239 2515 F.
2277 2461 2389 2516 XIII
2439 2461 2593 2516 KAL.
2626 2460 3014 2516 FEBRUAIlII.

2469 2554 2540 2608 20
2579 2555 2730 2626 Jan.)

1887 2644 2240 2717 (Ponti/icale,
2267 2659 2316 2699 c.
2341 2644 2456 2713 21.)
2483 2642 2685 2708 Retine,
2715 2642 2938 2697 Fabiani
2973 2642 3207 2712 episcopi
3233 2660 3247 2696 :
3280 2644 3390 2713 qui,

1816 2756 1938 2797 cum
1991 2738 2396 2811 quatuordecim
2455 2753 2662 2800 annos,
2726 2750 2940 2791 menses
2995 2736 3281 2802 undecim,
3332 2752 3398 2792 ac

1816 2831 2098 2890 duodecim
2145 2829 2260 2885 dies
2303 2829 2557 2884 Ecclesia:
2594 2835 2870 2897 prreesset,
2902 2842 3092 2897 passus
3127 2835 3212 2882 est
3250 2843 3398 2880 mar-

1819 2922 2018 2993 tyrium
2049 2929 2292 2991 tempore
2322 2919 2490 2983 Decii,
2519 2930 2574 2974 et
2623 2919 2676 2972 in
2725 2917 3040 2973 cminc1erio
3072 2916 3266 2973 Caliin
3314 2934 3399 2974 se-

1817 3012 2017 3088 pultus.

1887 3105 2090 3161 Eodem
2116 3104 2225 3170 die,
2260 3102 2441 3158 natale
2472 3101 2647 3158 sancti
2675 3099 2976 3158 Sebastiani
3005 3100 3276 3171 martyris,
3307 3101 3402 3171 qui

1819 3199 1872 3255 in
1898 3205 2106 3255 tantum
2143 3197 2341 3254 cbarus
2363 3204 2482 3251 erat
2515 3194 2932 3268 imperatoribus
2988 3193 3319 3250 Diocletiano
3348 3202 3403 3250 et

1816 3290 2162 3354 Maximiano,
2191 3297 2251 3343 ut
2269 3287 2634 3361 principatum
2663 3287 2714 3342 ei
2737 3286 2928 3357 prima;
2951 3284 3194 3341 cohortis
3221 3285 3404 3339 trade-

1817 3391 1957 3438 rent.
1989 3381 2159 3448 Quem
2193 3380 2557 3437 Diocletianus
2598 3379 2688 3434 ubi
2733 3377 3099 3433 Christianum
3129 3378 3401 3449 cognovit,

1817 3488 1918 3529 nec
1938 3488 1966 3526 a
1994 3473 2096 3527 llde
2111 3485 2267 3541 posse
2283 3471 2547 3535 revocari,
2563 3469 2725 3540 jussit
2746 3469 2900 3540 ligari
2917 3470 2971 3523 in
2985 3469 3160 3524 medio
3182 3483 3298 3523 cam
3305 3486 3398 3540 po,

1815 3561 1971 3632 quasi
2001 3561 2210 3631 signum
2245 3561 2314 3614 ad
2344 3560 2624 3630 sagittam,
2671 3567 2725 3613 et
2767 3559 3011 3628 sagittari
3055 3573 3084 3612 a
3117 3557 3398 3614 militibus.

1817 3652 2066 3721 Quicum
2102 3649 2316 3719 sagittis
2367 3650 2557 3720 plenus
2597 3656 2768 3702 staret
2820 3648 2975 3718 quasi
3006 3648 3274 3715 hericius,
3307 3665 3400 3719 pu-

1820 3751 1994 3797 tantes
2020 3757 2143 3799 cum
2179 3740 2760 3806 mortuum,abierunt.
2791 3739 2958 3794 Nocte
2989 3741 3407 3800 autemyeniens

1818 3831 2064 3906 quaedam
2109 3832 2305 3888 mulier
2349 3831 2571 3888 nomine
2620 3829 2820 3884 Hirene
2859 3829 3044 3884 tollere
3071 3844 3290 3900 corpus,
3323 3830 3406 3886 in-

1819 3923 1967 3981 venit
1988 3938 2112 3980 eum
2145 3922 2442 3987 viventem,
2473 3931 2529 3977 et
2555 3920 2780 3977 adduxit
2812 3921 2867 3975 in
2895 3919 3116 3975 domum
3146 3936 3322 3988 suam,
3350 3930 3407 3977 et

1821 4029 2006 4070 curam
2055 4013 2172 4084 ejus
2211 4014 2356 4084 egit;
2389 4013 2482 4086 qui
2528 4012 2618 4068 ubi
2639 4010 2935 4078 convaluit,
2968 4011 3166 4068 multos
3195 4012 3248 4067 in
3302 4013 3409 4069 fide

1821 4103 2162 4160 confortavit.
2215 4103 2328 4159 Nec
2375 4118 2552 4170 mora,
2606 4103 2736 4174 ipsis
2790 4103 3208 4174 imperatoribus
3243 4119 3406 4175 appa-

1821 4212 1966 4261 rens,
2000 4196 2116 4260 hos,
2145 4204 2304 4265 prout
2333 4193 2481 4265 digni
2509 4203 2703 4261 erant,
2733 4195 3016 4264 corripuit.
3056 4194 3207 4251 Tunc
3245 4197 3409 4264 jussit

1822 4302 1943 4342 cum
1983 4285 2346 4340 Diocletianus
2391 4287 2446 4340 in
2493 4286 2908 4356 hippodromum
2931 4286 3118 4356 palatii
3157 4286 3313 4350 duci,
3352 4297 3408 4342 et

1822 4375 2070 4445 fustigari
2103 4375 2274 4430 donec
2301 4373 2586 4440 deficeret;
2642 4390 2803 4446 quem
2834 4385 3106 4430 mortuum
3148 4377 3201 4432 in
3235 4379 3420 4434 maxi-~

1827 4480 1966 4518 mam
1993 4464 2231 4520 cloacam
2259 4455 2546 4519 miserunt.
2578 4463 2684 4519 Sed
2709 4464 2798 4519 ille
2824 4465 3074 4534 apparuit
3109 4466 3163 4520 in
3202 4469 3408 4524 somnis

138 4523 411 4624 Erbones
440 4555 598 4610 nudis
633 4553 857 4625 pedibus
910 4551 1206 4608 ambulare.
1239 4551 1336 4606 Cui
1364 4552 1556 4606 beatus
1580 4549 1722 4605 Pon-
1752 4523 1802 4582 θ
1826 4563 2026 4609 sancta:
2049 4563 2308 4608 matronae
2342 4553 2578 4621 Lucinae,
2605 4554 2794 4610 dicens
2827 4523 3030 4610 :Ilitsta
3076 4556 3282 4612 circum
3321 4523 3407 4614 in;

140 4650 374 4704 tianus:
424 4645 536 4717 Ego
565 4645 620 4700 in
673 4645 888 4700 nomine
942 4644 1154 4700 Domini
1193 4643 1310 4715 .mei
1351 4643 1479 4698 Jesu
1519 4643 1721 4699 Christi

139 4738 362 4803 ambulo
389 4754 552 4820 super
572 4739 836 4804 carbones
858 4739 1143 4805 ardentes;
1170 4747 1246 4806 tu,
1277 4737 1322 4792 si
1359 4744 1536 4807 potes,
1569 4737 1722 4791 mitte

141 4833 198 4887 in
244 4831 461 4896 nomine
497 4830 644 4895 Iovis
693 4847 911 4886 manum
950 4831 1004 4886 in
1031 4846 1226 4901 aquam
1259 4829 1511 4886 calidam.
1548 4829 1725 4885 Iratus

141 4921 424 4983 Fabianus
452 4920 615 4996 jussit
659 4921 947 4991 equuleum
993 4921 1212 4992 parari,
1259 4929 1316 4976 et
1355 4921 1582 4975 uncinos
1618 4919 1726 4974 fer-

140 5029 273 5069 reos
302 5012 443 5079 fieri,
472 5022 528 5069 et
579 5014 651 5069 ibi
703 5030 830 5070 eum
886 5013 1159 5084 suspendi.
1191 5012 1300 5069 Sed
1343 5012 1722 5069 deficientibus

141 5106 418 5162 ministris
467 5106 669 5186 impiis,
693 5107 928 5160 truditur
958 5115 1165 5189 martyr
1193 5105 1288 5169 Dei
1312 5106 1367 5171 in
1397 5103 1506 5168 ima
1535 5119 1724 5160 carce-

143 5199 250 5264 ris,
300 5198 390 5253 ubi
435 5214 467 5252 a
509 5198 772 5270 religiosis
823 5197 954 5254 viris
984 5197 1322 5263 confortatur
1375 5198 1444 5259 ad
1501 5212 1728 5268 agonem

144 5344 304 5390 recte
324 5333 570 5407 vulgatus
588 5352 600 5388 t
618 5335 806 5407 deinde
823 5336 986 5407 jussit
1014 5335 1182 5406 capite
1203 5336 1468 5404 suspendi.
1499 5336 1736 5407 Praeces-

142 5405 396 5486 sitenim
419 5405 579 5486 jussit
609 5406 751 5485 quod
772 5414 834 5486 _et
863 5405 947 5486 illi
962 5407 1202 5486 membro
1230 5407 1532 5485 respondet.
1562 5406 1730 5486 Jussit

143 5475 322 5546 igitur
354 5474 722 5541 Sebastianus,
755 5476 860 5531 dux
885 5475 1246 5547 Alexandriae,
1276 5478 1538 5547 victorem
1559 5480 1728 5547 capite

142 5544 330 5626 iitum
352 5547 702 5626 suspendi,
731 5554 814 5603 est
843 5548 1113 5602 deorsum.
1138 5544 1268 5626 ΔΝοιι
1315 5545 1534 5601 dubium
1572 5544 1724 5615 mihi,

141 5614 450 5684 antiquum
467 5617 778 5682 adverbium
828 5631 980 5698 esse.
1027 5632 1092 5672 ea
1135 5614 1342 5682 forma,
1373 5632 1477 5686 qua
1523 5614 1722 5677 susunt.

143 5682 336 5739 Habes
358 5687 496 5740 apud
536 5685 828 5740 Varronem
863 5687 1002 5740 Ilbl‘O
1032 5702 1084 5740 tv
1111 5685 1177 5740 de
1205 5685 1268 5740 L.
1296 5686 1356 5740 L.
1385 5695 1442 5740 et
1466 5687 1722 5740 Catonem

145 5686 336 5739 Habes
358 5687 496 5754 apud
536 5686 828 5742 Varronem
863 5687 1002 5742 libro
1032 5702 1084 5741 tv
1111 5686 1177 5741 de
1205 5686 1268 5748 L.
1296 5686 1356 5741 L.
1385 5695 1442 5748 et
1466 5687 1725 5749 Catonem

145 5751 324 5821 delle
353 5754 442 5821 IL,
473 5770 588 5824 cap.
620 5757 710 5824 57,
743 5773 840 5829 pro
867 5773 1093 5820 sursum.
1123 5755 1199 5812 Ita
1224 5773 1421 5825 susum,
1446 5759 1618 5814 iusum
1645 5759 1727 5814 vel

1823 4647 2008 4702 venies
2032 4662 2228 4718 corpus
2272 4663 2472 4714 memn,
2505 4650 2747 4717 pendens
2782 4649 2835 4702 in
2869 4663 3039 4713 unco,
3084 4650 3185 4704 hoc
3212 4653 3402 4709 sordes

1826 4755 1934 4794 non
1985 4741 2312 4810 tetigerunt;
2356 4740 2481 4796 dum
2533 4741 2822 4806 levaveris,
2872 4742 3074 4811 perduc
3117 4743 3184 4796 ad
3241 4743 3406 4800 Cata-

1825 4833 2078 4896 cutnbas,
2111 4839 2168 4886 et
2216 4831 2447 4901 scpelies
2495 4847 2582 4886 me
2633 4832 2687 4886 iu
2742 4841 2931 4902 crypta
2975 4831 3129 4902 juxta
3182 4836 3406 4910 vestigia

1827 4922 2213 4992 apostolorum.
2243 4925 2374 4992 Quae
2407 4926 2524 4995 ipsa
2575 4935 2732 4982 nocte
2763 4941 2887 4981 cum
2936 4925 3110 4982 servis
3161 4930 3407 4997 veniens,

1827 5023 1996 5070 totum
2037 5016 2112 5071 ita
2143 5018 2451 5087 complevit.

1902 5110 2102 5166 Eodem
2155 5111 2260 5176 die,
2290 5110 2475 5166 Romae
2515 5111 2712 5166 natalis
2753 5120 3064 5166 sanctorum
3106 5125 3406 5186 martyrum

1831 5205 1984 5270 Marii
2012 5213 2069 5260 et
2095 5202 2338 5269 Marthae,
2364 5219 2487 5258 cum
2531 5202 2656 5259 filiis
2695 5203 2830 5270 suis,
2856 5202 3089 5259 Audifax
3113 5213 3167 5258 et
3189 5205 3408 5260 Ahacuc

1835 5341 2004 5394 iosum
2029 5336 2167 5409 olim
2185 5337 2414 5409 dictum,
2438 5338 2580 5407 quod
2611 5347 2796 5409 postea
2821 5353 3052 5409 sursum,
3085 5337 3279 5409 i‘orsum
3309 5355 3404 5395 seu

1829 5411 2091 5470 deorsum.
2137 5407 2380 5479 Scaliger
2425 5406 2641 5479 quoque
2685 5410 2752 5464 ad
2791 5407 2888 5479 lib.
2906 5406 3171 5479 villanilii
3210 5424 3276 5461 ex
3310 5425 3403 5466 ve-

1831 5479 2130 5535 tustissimo
2157 5476 2706 5549 Martyrologio'prid.
2752 5479 2830 5534 Id.
2875 5476 2997 5530 Maii
3043 5484 3192 5538 eitat,
3241 5481 3408 5545 capite

1829 5551 2317 5620 iorsumﬂsuﬁspendi
2340 5562 2358 5602 :
2385 5565 2474 5618 qui
2514 5551 2601 5604 hic
2633 5551 2748 5620 ipse
2777 5551 2926 5606 locus
2957 5555 3039 5600 cst
3077 5557 3271 5615 quarto
3308 5553 3406 5605 deo

1831 5620 1974 5676 cimo
2004 5619 2092 5677 die
2123 5619 2244 5674 Maii
2274 5633 2436 5689 quem
2466 5619 2713 5689 proJuii.

1902 5703 1926 5729 ιι
1964 5689 2162 5760 Euseb:
2217 5689 2251 5760 I.
2302 5706 2373 5753 tv,
2415 5706 2532 5760 cap.
2585 5691 2636 5744 -I.
2683 5692 2808 5746 Vide
2841 5690 3076 5748 libellum
3109 5691 3173 5749 de
3205 5691 3405 5753 Festiv.

1832 5761 2018 5830 Apost.
2057 5760 2107 5814 in
2139 5759 2455 5830 Polycarpu.
