3962 6366
1375 235 1410 264 ἢ

577 343 685 398 219

1573 336 1632 394 S.
1667 334 1917 393 ADONIS
1951 333 2378 393 ARCIIIEPISC.
2421 335 2829 395 VlENNENSlS

3733 353 3824 408 220

579 453 842 512 nobilium
886 453 953 509 de
996 452 1218 508 Persida
1243 493 1257 518 ,
1291 454 1384 524 qui
1427 453 1494 508 ad
1539 453 1838 508 orationem
1890 459 2154 507 venerant
2181 469 2232 528 Α
2325 452 2408 508 Ad
2427 467 2595 523 aquas
2625 453 2837 509 Salvias
2868 457 3047 511 natale
3073 460 3252 513 sancti
3279 459 3554 517 Anastasii
3583 470 3825 538 martyris

579 542 806 596 Romam
856 551 1098 611 tempore
1141 542 1349 598 Claudii
1393 542 1689 613 principis;
1735 557 1767 598 e
1795 542 1990 612 quibus
2034 551 2157 613 post

581 633 843 689 toleratos
866 631 1054 698 fustes,
1082 634 1390 704 equuleum,
1414 635 1596 707 ignes,
1626 651 1866 708 ungues,
1899 651 2154 690 manuum

577 724 957 794 precisionem,
987 725 1197 780 Martha
1223 727 1280 781 in
1311 726 1556 798 Nympha
1589 736 1802 794 necata,
1833 728 2018 782 eazteri
2057 727 2154 782 de-

579 815 782 882 collati,
817 824 872 871 et
897 825 1093 873 cratera
1117 831 1346 888 corpora
1365 832 1554 874 eorum
1581 827 1707 874 sunt
1732 817 1913 874 omnia
1935 818 2152 873 incensa

581 918 639 965 et
663 909 927 982 dissipata

945 1021 1011 1078 G.
1059 1021 1152 1078 ΧΠ
1185 1022 1343 1079 KAL.
1371 1022 1761 1080 FEBRUARII.

1212 1114 1296 1182 (ει
1347 1115 1500 1186 Jan.)

645 1215 674 1244 ι
704 1202 889 1258 Romae
912 1202 1109 1259 natalis
1134 1213 1334 1258 sanctae
1362 1204 1585 1275 Agnetis
1625 1205 1851 1277 virginis
1876 1213 1932 1260 et
1953 1211 2156 1276 marty-

562 1293 672 1359 .ris,
700 1308 820 1362 quae
840 1295 940 1348 sub
961 1293 1216 1363 praefecto
1239 1293 1398 1350 Urbis
1426 1296 1807 1367 Symphronio,
1827 1297 2040 1368 ignibus
2067 1301 2154 1356 in-

567 1383 744 1452 jecta,
773 1385 866 1439 sed
899 1386 983 1440 his
1015 1399 1112 1456 per
1151 1385 1451 1442 orationem
1484 1388 1652 1457 ipsius
1676 1389 1951 1457 extinctis,
1976 1391 2154 1464 gladio

569 1495 827 1552 percussa
858 1488 960 1535 est.

643 1569 776 1626 Item
800 1571 937 1641 apud
961 1572 1228 1637 Athenas,
1254 1573 1396 1628 beati
1425 1571 1599 1628 Publii
1619 1574 1879 1646 episcopi,
1909 1576 1979 1632 ob
1998 1577 2154 1634 Chri-

572 1663 643 1718 sti
676 1664 994 1734 martyrium
1022 1664 1292 1720 coronati.

642 1755 702 1810 In
743 1755 1040 1825 Hispaniis,
1083 1757 1304 1812 civitate
1329 1756 1640 1814 Tarracona
1660 1799 1675 1825 ,
1707 1758 1902 1816 natalis
1931 1767 2150 1816 sancto-

573 1860 691 1899 rum
717 1855 1012 1918 martyrum
1037 1845 1325 1903 Fructuosi
1349 1848 1605 1918 episcopi,
1623 1847 1845 1916 Augurii
1869 1857 1922 1904 et
1944 1849 2151 1921 Eulogii

572 1935 946 2002 diaeonorum,
982 1937 1097 2007 qui,
1131 1944 1372 2008 tempore
1410 1938 1660 2005 Gallieni,
1711 1938 1812 1995 sub
1860 1937 2156 1995 IEmiliano

575 2025 822 2092 praeside,
841 2026 1015 2094 primo
1038 2026 1092 2080 in
1123 2041 1398 2082 carcerem
1423 2029 1576 2095 trusi,
1602 2028 1794 2084 deinde
1816 2026 2046 2082 flammis
2071 2029 2155 2083 in-

567 2113 718 2182 jeeti,
756 2116 963 2170 exustis
1011 2117 1278 2184 vinculis,
1330 2119 1581 2174 manibus
1612 2119 1666 2173 in
1712 2121 1929 2174 modum
1976 2121 2154 2176 crucis

572 2208 846 2276 expansis,
873 2217 1092 2262 orantes
1117 2216 1175 2262 ut
1203 2219 1514 2273 urerentur,
1541 2210 1909 2266 obtinuerunt.
1935 2211 2002 2266 Et
2028 2227 2151 2267 mox

570 2311 712 2350 unus
739 2311 770 2351 e
805 2295 1083 2362 fratribus,
1112 2306 1167 2352 et
1189 2297 1296 2352 tilia
1329 2299 1573 2369 praesidis
1600 2315 1720 2369 qua:
1741 2302 1973 2366 astabat,
2006 2300 2153 2356 vidc-

571 2398 699 2444 runt
733 2392 940 2446 animas
982 2401 1290 2447 sanctorum
1333 2392 1528 2448 coelum
1577 2392 1941 2448 conscendere
1996 2407 2152 2448 coro-

573 2489 752 2539 natas.

640 2570 794 2641 Apud
822 2571 1039 2638 Trecas,
1073 2573 1254 2643 passio
1280 2575 1450 2630 sancti
1493 2573 1723 2628 Patrocli
1767 2575 2040 2645 martyris.

957 2684 1021 2740 A.
1067 2684 1140 2740 XI
1187 2685 1343 2740 KAL.
1383 2685 1774 2741 FEBRUARII.

1167 2777 1186 2846 |
1224 2776 1314 2848 (ea
1339 2776 1492 2846 Jan.)

640 2865 698 2920 In
734 2864 1038 2935 Hispaniis,
1085 2864 1261 2919 natale
1311 2866 1480 2920 sancti
1515 2865 1786 2921 Vincentii
1831 2865 2041 2921 diaconi
2093 2873 2151 2922 et

569 2953 849 3024 martyris,
887 2953 977 3022 qui
1027 2968 1148 3007 cum
1193 2961 1386 3008 sancto
1419 2953 1634 3008 Valerio
1682 2955 1933 3024 episcopo
1976 2969 2073 3010 suo
2118 2970 2148 3009 a

568 3043 980 3112 Caesaraugusta
1039 3043 1255 3096 civitate
1309 3043 1610 3097 Valentiam
1662 3057 1832 3112 usque
1896 3042 2149 3112 gravibus

569 3149 743 3188 nexus
781 3134 1003 3197 catenis,
1028 3133 1250 3201 jubentc
1281 3134 1535 3194 Daciano.
1569 3133 1857 3203 perductus
1891 3141 2014 3198 est;
2047 3133 2147 3188 ibi-

569 3239 674 3295 que
705 3225 843 3280 fame
892 3233 946 3280 et
993 3225 1243 3294 squalore
1276 3226 1512 3280 carceris
1542 3225 1630 3279 diu
1680 3235 2004 3287 maceratus,
2039 3233 2147 3278 tor-

568 3320 768 3376 mentis
793 3319 1004 3390 equnlei
1035 3327 1088 3373 et
1133 3319 1456 3390 ungularum
1502 3318 1770 3372 horrenda
1821 3316 2147 3371 laceratione

567 3419 814 3473 vexatus,
834 3426 863 3465 a
891 3409 1114 3480 grabato
1139 3411 1301 3464 etiam
1331 3408 1508 3465 ferreo
1534 3409 1833 3463 diutissime
1855 3408 2143 3474 ustnlatus,

569 3503 770 3558 arvinte
800 3502 988 3573 guttis,
1027 3511 1080 3555 et
1107 3501 1391 3571 crepitanti
1434 3500 1546 3556 sale
1583 3517 1861 3571 respersus
1887 3509 1987 3556 est.
2017 3501 2147 3556 Post

568 3593 671 3649 hoc
701 3593 751 3646 in
784 3593 1062 3647 teterrima
1095 3606 1316 3646 carcere
1343 3591 1541 3646 missus
1588 3601 1692 3655 est,
1724 3591 2145 3660 div‘arieatisque

567 3686 620 3738 in
649 3699 812 3739 nervo
839 3685 1090 3739 cruribus
1109 3725 1122 3748 ,
1153 3698 1315 3754 super
1357 3683 1670 3737 acutissima
1712 3691 1974 3737 testarum
2003 3681 2145 3754 frag-

567 3785 746 3830 menta
771 3775 1038 3846 projectus
1070 3785 1174 3831 est.
1207 3776 1305 3832 Ubi
1335 3783 1493 3831 nocte
1520 3775 1608 3828 lux
1643 3776 1835 3846 ingens
1872 3776 2142 3845 apparuit,

565 3877 621 3920 et
648 3867 843 3920 virtute
867 3867 959 3921 Dei
982 3866 1189 3920 solutus
1216 3874 1446 3936 martyr,
1466 3867 1607 3919 inter
1627 3865 1864 3934 angelos,
1895 3881 1923 3918 a
1950 3865 2144 3934 quibus

565 3958 775 4013 visitari
800 3959 1015 4021 meruit,
1044 3958 1302 4028 hymnum
1351 3957 1596 4019 canebat,
1631 3957 1705 4010 ita
1727 3965 1787 4010 ut
1817 3958 1930 4026 ipse
1961 3965 2144 4010 custos

566 4050 800 4104 carceris
816 4049 1059 4104 crederet
1079 4048 1311 4104 Christo.
1333 4046 1486 4100 Mane
1510 4057 1688 4101 autem
1713 4045 1876 4110 facto,
1893 4062 2013 4101 cum
2025 4045 2143 4115 jus-

567 4141 727 4194 sisset
749 4154 869 4193 eum
903 4138 1168 4192 Dacianus
1200 4137 1250 4190 in
1282 4137 1420 4192 lecto
1444 4137 1759 4192 mollissimo
1781 4136 2052 4200 reclinari,
2083 4145 2142 4190 ut

567 4233 957 4304 aliquantulum
981 4240 1254 4287 recreatus
1283 4231 1460 4288 acrius
1492 4232 1668 4286 denuo
1687 4239 2042 4299 torqueretur,
2061 4231 2143 4283 in-

568 4325 895 4396 fatigabilem
925 4324 1170 4393 spiritum
1199 4323 1414 4378 Christo
1439 4323 1849 4378 reddidit.Tune
1874 4323 2141 4379 Dacianus

567 4433 764 4488 corpus
785 4418 900 4488 ejus
931 4417 984 4470 in
1023 4432 1270 4486 campum
1319 4415 1535 4486 projiei,
1581 4425 1636 4471 et
1667 4416 1795 4470 feris
1839 4424 2001 4485 atque
2023 4416 2139 4470 avi-

2255 553 2311 598 et
2351 545 2602 600 monachi
2631 545 2698 600 de
2731 545 2974 612 Perside,
3014 546 3108 617 qui
3145 559 3268 619 post
3293 551 3527 621 plurima
3572 565 3823 615 tormenta

2257 636 2515 702 carceris,
2550 637 2832 694 verberum
2867 647 2922 694 et
2948 640 3288 697 vinculorum
3312 683 3328 709 ,
3354 659 3475 714 qua
3501 628 3556 701 in
3592 647 3822 706 Caesarea

2254 724 2555 781 Palaestina:
2597 743 2888 798 perpessus
2917 729 3114 796 fuerat,
3145 747 3176 786 a
3228 732 3410 790 Persis
3463 748 3735 806 postremo
3776 742 3821 796 in

2255 814 2476 872 Perside
2520 818 2687 872 multa
2728 834 2891 889 poena
2946 820 3208 889 affectus,
3267 835 3431 895 atque
3471 827 3541 881 ad
3591 829 3823 884 ultimum

2255 905 2552 962 deeollatus
2603 915 2687 962 est
2737 924 2768 962 a
2818 923 2945 980 rege
2993 927 3181 965 eorum
3231 912 3472 970 Cbosroe
3527 932 3652 971 eum
3718 918 3823 975 aliis

2216 1027 2226 1036 ι
2253 998 2616 1068 septuaginta.
2648 997 2914 1069 Reliquia-
2940 1003 3186 1070 corporis
3224 1002 3340 1072 ejus
3377 1007 3552 1075 primo
3577 1007 3821 1064 Hieroso-

2253 1085 2412 1158 lymis
2438 1089 2507 1143 ad
2536 1090 2919 1145 monasterium
2941 1107 3118 1161 suum,
3135 1092 3329 1150 deinde
3362 1097 3589 1152 Romam
3627 1099 3822 1166 delata,

2255 1187 2588 1234 venerantur
2630 1181 2686 1237 in
2729 1183 3059 1239 monasterio
3088 1185 3226 1240 beati
3257 1186 3406 1243 Pauli
3441 1190 3671 1260 apostoli
3697 1194 3824 1261 quod

2254 1266 2452 1324 dicitur
2477 1272 2546 1326 ad
2573 1285 2743 1341 aquas
2779 1269 3009 1328 Salvias.

2679 1384 2741 1439 Β.
2773 1384 2822 1439 Χ
2853 1385 3012 1441 KAL.
3051 1387 3441 1447 FEBRUARII.

2893 1477 2986 1547 (25
3029 1478 3182 1551 Jan.)

2327 1563 2533 1630 Romae,
2551 1564 2746 1622 natalis
2771 1575 2974 1624 sanctae
2995 1568 3410 1639 Emerentianm,
3433 1575 3663 1647 virginis
3687 1575 3826 1632 Chri-

2251 1651 2322 1708 sti
2347 1661 2403 1708 et
2429 1654 2713 1725 martyris,
2742 1669 2862 1724 quat
2895 1664 3017 1712 erat
3049 1658 3382 1716 collectanea
3427 1671 3632 1718 sancta:
3658 1664 3826 1735 Agne-

2253 1740 2354 1806 tis;
2399 1749 2464 1796 et.
2502 1743 2628 1797 dum
2659 1753 2844 1800 oraret
2888 1745 2955 1800 ad
3010 1748 3317 1818 sepulcrum
3371 1749 3487 1820 ejus
3512 1794 3528 1818 ,
3570 1770 3640 1810 ac
3677 1757 3825 1810 simul

2179 1817 2226 1878 Β
2253 1840 2469 1887 orantes
2499 1848 2529 1886 a
2559 1834 2838 1903 gentilium
2884 1835 3103 1893 laesione
3132 1817 3465 1908 defenderet,
3493 1842 3734 1913 lapidata
3753 1857 3825 1900 est

2256 1927 2324 1981 ab
2354 1927 2451 1981 eis.

2325 2015 2380 2070 ln
2409 2016 2746 2083 Mauritania,
2781 2019 3001 2075 civitate
3027 2019 3397 2089 Neocaisarea,
3440 2026 3639 2080 natalis
3662 2031 3822 2084 sancti

2254 2103 2498 2161 Severini
2528 2117 2582 2163 et
2609 2106 2816 2180 Aquila:
2864 2113 3051 2168 uxoris
3079 2110 3195 2182 ejus
3217 2154 3233 2181 ,
3276 2115 3490 2185 ignibus
3526 2119 3824 2174 combusto-

2253 2213 2380 2268 ruur
2400 2199 2450 2252 ι’.

2321 2290 2476 2360 Apud
2500 2290 2797 2363 Philippos,
2826 2294 2972 2350 beati
3007 2295 3287 2354 Parmena:
3317 2299 3550 2368 diaconi,
3579 2303 3672 2373 qui
3698 2317 3822 2359 unus

2251 2381 2355 2439 fuit
2387 2383 2453 2439 de
2480 2392 2688 2455 septem
2719 2386 3056 2444 diaeonibus.

2659 2497 2722 2555 C.
2752 2498 2822 2553 IX
2853 2499 3009 2554 KAL.
3041 2501 3434 2560 FEBRUARII.

2893 2590 2987 2662 (at
3016 2590 3170 2664 Jan.)

2325 2691 2348 2718 ο
2388 2679 2545 2750 Apud
2583 2680 2888 2752 Ephesum,
2939 2683 3138 2739 natalis
3183 2686 3359 2742 sancti
3396 2686 3666 2744 Timothei
3705 2703 3817 2760 apo-

2251 2768 2400 2827 stoli.

2319 2859 2476 2929 Apud
2521 2859 2862 2916 Antiochiam
2890 2900 2920 2929 ,,
2960 2861 3134 2918 sancti
3181 2863 3396 2936 Babylaa
3445 2867 3708 2938 episcopi,
3735 2869 3820 2938 qui

2251 2954 2625 3022 persecutione
2664 2956 2814 3012 Decii
2851 2965 3203 3029 posteaquam
3250 2960 3572 3032 frequenter
3621 2969 3820 3035 passio-

2252 3044 2410 3100 nibus
2462 3045 2574 3100 suis
2604 3055 2658 3100 et
2704 3048 3035 3104 cruciatibus
3084 3049 3482 3119 gloriﬁcaverat
3521 3054 3821 3120 Dominum,

2251 3139 2496 3210 gloriosae
2521 3141 2642 3195 vita:
2671 3140 2832 3196 linem
2871 3142 3094 3197 sortitus
3118 3151 3202 3198 est
3229 3143 3284 3197 in
3329 3145 3581 3199 vinculis.
3617 3145 3695 3200 De
3725 3161 3824 3216 quo

2249 3230 2302 3284 in
2346 3231 2552 3287 decimo
2579 3231 2954 3288 ecclesiasticae
2982 3233 3233 3289 Historiae
3262 3234 3400 3291 libro
3448 3237 3655 3307 grande
3702 3253 3821 3291 nar-

2247 3330 2398 3375 ratur
2427 3321 2762 3376 miraculum.
2793 3321 2926 3376 Nam
2958 3338 3080 3377 cum
3122 3322 3370 3379 Julianus
3410 3326 3730 3396 imperator,
3757 3328 3819 3381 ad

2245 3409 2508 3464 idolorum
2551 3411 2752 3465 cultum
2805 3426 3123 3478 conversus,
3154 3413 3390 3482 quodam
3421 3423 3694 3484 tempore,
3725 3417 3822 3469 Da-

2242 3502 2401 3572 phnis
2427 3501 2481 3555 in
2505 3502 2764 3557 suburbio
2789 3502 3110 3568 Antiochiae,
3131 3502 3285 3574 juxta
3312 3503 3513 3560 fontem
3531 3504 3822 3562 Castalium

2244 3590 2432 3646 litaret
2459 3591 2715 3661 Apollini,
2746 3601 2802 3648 et
2833 3592 2978 3647 nulla
3005 3609 3073 3649 ex
3111 3594 3196 3649 his
3226 3609 3346 3663 quae
3388 3596 3702 3665 requirebat
3746 3613 3824 3651 re-

2242 3696 2438 3751 sponsa
2473 3682 2802 3752 susciperet,
2845 3697 3144 3754 causasque
3185 3683 3386 3738 silentii
3413 3694 3822 3754 percontaretur

2242 3787 2274 3826 a
2336 3773 2750 3838 sacerdotibus,
2804 3775 3200 3844 responderunt
3253 3775 3565 3842 daemones,
3614 3776 3823 3849 Babyla:

2243 3863 2498 3934 martyris
2554 3863 2860 3932 sepulcrum
2914 3879 3079 3934 prope
3128 3865 3415 3931 assistere,
3459 3875 3514 3922 et
3564 3867 3688 3922 ideo
3739 3883 3820 3922 re-

2242 3971 2438 4026 sponsa
2488 3969 2596 4010 non
2646 3954 2815 4010 reddi.
2843 3956 2994 4011 Tune
3040 3955 3129 4010 ille
3171 3956 3654 4014 venireGalilaaos
3685 3960 3822 4031 (hoc

2242 4050 2385 4105 enim
2431 4050 2650 4105 nomine
2680 4059 2897 4106 nostros
2936 4051 3210 4120 appellare
3255 4051 3446 4108 solitus
3473 4053 3615 4124 erat)
3643 4063 3700 4108 et
3730 4069 3819 4108 au-

2241 4143 2384 4198 ferre
2432 4144 2684 4214 martyris
2731 4143 3037 4214 sepulcrum
3075 4143 3249 4214 jubet.
3302 4144 3420 4198 Mox
3468 4145 3633 4216 igitur
3674 4145 3820 4201 Chri-

2242 4235 2401 4288 stiani
2447 4235 2860 4296 convenientes,
2891 4250 3083 4304 magna
3133 4235 3492 4291 exsultatione
3537 4237 3816 4302 succincti,

2242 4324 2577 4379 sustulerunt
2606 4341 2791 4379 aream
2838 4327 3114 4396 martyris,
3166 4326 3458 4396 psallentes
3498 4327 3554 4381 in
3601 4328 3819 4382 auribus

2241 4412 2450 4482 profani
2496 4414 2792 4484 principis,
2832 4431 2931 4484 per
2975 4431 3069 4470 sex
3100 4415 3264 4469 millia
3302 4431 3556 4484 passuum
3597 4418 3818 4471 summis

565 4511 670 4566 bus
692 4509 855 4580 jussit
896 4509 1112 4578 exponi.
1143 4507 1248 4562 Sed
1281 4524 1404 4561 mox
1435 4523 1626 4563 corvus
1671 4506 1926 4560 divinitus
1954 4507 2019 4560 ad
2047 4521 2140 4560 cu-
2167 4525 2217 4585 ι)
2241 4504 2464 4560 vocibus
2490 4513 2546 4560 et
2573 4521 2695 4560 cum
2721 4505 3080 4560 exsultatione
3099 4506 3341 4561 dicentes
3372 4523 3386 4563 :
3411 4505 3816 4577 Confundantur

567 4599 796 4654 stodiam
841 4598 957 4670 ejus
983 4599 1160 4663 datus,
1202 4615 1307 4653 non
1349 4597 1519 4652 solum
1548 4597 1680 4652 alias
1733 4613 1858 4652 aves
1898 4597 2138 4664 arcebat,

569 4690 663 4744 sed
691 4706 815 4745 mox
841 4699 894 4744 et
932 4690 1220 4744 immanem
1247 4689 1426 4758 lupum
1455 4705 1483 4743 a
1512 4698 1700 4744 saneto
1727 4703 1954 4759 corpore
1982 4705 2138 4762 repu-

569 4778 651 4832 lit.
697 4779 846 4846 Quod
874 4795 995 4834 cum
1043 4779 1275 4832 Daciano
1308 4779 1606 4833 nuntiatum
1632 4787 1798 4842 esset,
1824 4777 1986 4846 jussit
2014 4793 2139 4834 eum

569 4869 808 4925 insutum
837 4868 1008 4935 culeo,
1042 4869 1095 4923 in
1123 4869 1443 4939 profundum
1475 4868 1640 4922 maris
1670 4883 1791 4922 cum
1823 4868 2139 4937 gravissimo

569 4961 684 5015 saxi
725 4961 959 5030 pondere
1001 4961 1266 5031 immergi.
1313 4960 1419 5015 Sed
1448 4961 1597 5030 prius
1624 4960 1823 5013 virtute
1854 4959 1946 5013 Dei
1978 4975 2140 5031 super

569 5048 742 5104 undas
773 5050 1023 5105 innatans
1063 5051 1130 5105 ad
1166 5050 1318 5104 littus
1354 5049 1561 5104 delatus
1585 5057 1640 5104 et
1685 5049 1865 5104 arenis
1888 5049 2136 5104 conditus

567 5146 674 5205 est,
697 5154 858 5208 quam
885 5141 1114 5211 remiges
1145 5149 1355 5210 portum
1385 5147 1606 5210 tangere
1655 5139 1972 5209 potuissent.
2010 5137 2139 5195 Inde

568 5239 747 5288 autem
776 5247 898 5290 eum
944 5247 1003 5287 se
1052 5241 1270 5287 sanctus
1323 5241 1527 5302 martyr
1572 5231 1783 5286 cuidam
1821 5230 1963 5284 ﬁdeli
2011 5231 2137 5286 anui

568 5324 864 5380 revelasset
887 5364 901 5387 ,
956 5333 1203 5379 cessante
1241 5323 1630 5394 persecutionis
1673 5323 1821 5377 rabie
1847 5363 1862 5387 ,
1907 5338 1939 5376 a
1971 5322 2138 5378 .Cbri-

567 5414 760 5472 stianis
806 5423 1116 5471 reverenter
1154 5414 1425 5480 sublatus,
1455 5423 1507 5470 et
1539 5415 1591 5468 in
1629 5413 1847 5469 basilica
1893 5414 2138 5469 conditus

567 5514 671 5562 est.

571 5689 584 5742 1
636 5630 662 5657 ι
732 5615 866 5740 Vitae
913 5617 1149 5672 libellum
1203 5616 1268 5672 de
1316 5615 1514 5671 Festiv.
1582 5617 1767 5685 Apost.
1830 5615 2134 5682 Prudcnt.,

589 5701 755 5742 iVlnﬂ.
849 5727 861 5739 .

589 5701 755 5756 iymn.
811 5701 861 5740 ti.

643 5757 668 5797 δ
695 5756 824 5812 Vide
854 5755 943 5812 lib.
972 5757 1037 5812 de
1060 5756 1202 5812 Fest.
1237 5756 1421 5826 Apost.

2243 4613 2418 4650 omnes
2440 4597 2530 4666 qui
2551 4597 2772 4652 adorant
2808 4596 3092 4667 sculptilia,
3127 4607 3174 4652 et
3207 4597 3502 4668 gloriantur
3525 4600 3578 4654 in
3603 4600 3814 4654 simula-

2242 4687 2345 4741 eris
2375 4688 2484 4741 suis
2517 4685 2690 4760 (Psal.
2720 4687 2886 4758 xcvr).

2312 4777 2446 4832 Item
2490 4778 2542 4832 in
2589 4777 2934 4832 Neocaesarea
2980 4777 3218 4845 civitate,
3261 4778 3457 4835 natalis
3504 4788 3810 4834 sanctorum

2243 4878 2538 4940 martyrum
2564 4867 2845 4932 Mardonii,
2876 4867 3127 4934 Musonii,
3155 4869 3379 4939 Eugenii
3405 4878 3459 4924 et
3482 4870 3704 4936 Metelli,
3726 4869 3810 4939 qui

2245 4976 2433 5016 omnes
2461 4959 2566 5030 igni
2600 4959 2777 5015 traditi
2799 4967 2943 5026 sunt,
2971 4967 3027 5016 et
3056 4959 3297 5034 reliquia:
3337 4975 3528 5019 eorum
3559 4961 3614 5017 in
3639 4962 3810 5020 Axum

2244 5049 2462 5106 ﬂuviqu
2497 5049 2773 5120 dispersa).

2613 5149 2673 5206 D.
2703 5149 2816 5205 Vill
2852 5149 3008 5205 ΚΑΙ..
3051 5151 3442 5209 FEBRUAR".

2882 5239 3156 5315 (25‘Jan.)

2312 5329 2607 5386 Conversio
2634 5329 2808 5386 sancti
2832 5329 2985 5386 Pauli
3013 5331 3151 5403 (Act.
3181 5348 3259 5399 rx,
3288 5333 3402 5403 22).

2315 5421 2514 5477 Eodem
2537 5422 2643 5486 die,
2661 5421 2855 5478 natalis
2879 5423 3049 5478 sancti
3067 5402 3291 5481 Ananiae
3310 5425 3448 5498 apud
3471 5425 3808 5490 Damascum,

2245 5513 2336 5582 qui
2365 5514 2580 5568 beatum
2611 5513 2832 5568 Paulum
2862 5514 3170 5585 baptizavit.
3454 5504 3457 5506 ’

2250 5657 2252 5659 ›
2319 5635 2342 5662 ο
2374 5621 2510 5696 Vide
2525 5622 2722 5696 lib._de
2749 5625 2892 5682 Fest.
2923 5626 3110 5696 Apest.
3153 5627 3348 5684 Euseb.
3393 5629 3427 5681 ι.
3462 5644 3491 5682 x
3515 5669 3528 5694 ,
3554 5643 3601 5684 c.
3627 5626 3714 5690 35,
3747 5639 3808 5677 ex

2247 5694 2493 5758 versione
2525 5693 2739 5750 Bullini.
