3962 6366
99 404 217 460 22!

779 375 1389 448 Maarvaowemu
1427 380 1572 439 cum
1609 373 2147 435 ADDlTAMENTlS.
2185 403 2256 416 -
2299 371 2509 429 usus.
2548 369 2695 429 JAN.

2575 253 2604 276 ν.

3277 368 3386 420 2‘22

207 519 370 594 Apud
424 514 783 575 Gabalensem
828 510 1102 566 civitatem
1132 547 1148 572 ,
1194 503 1367 561 sancti
1418 499 1697 557 Severiani
1725 499 1774 560 Α
1802 494 1997 566 capitis
2046 494 2129 549 sui
2178 490 2411 548 ﬂammis
2450 491 2882 544 consumeretur.
2923 483 3061 550 Qua:
3087 497 3208 536 cum
3237 480 3387 536 dictu

1475 593 1481 594 ,
1839 587 1895 594 -.
2251 591 2259 594 -
2404 582 2417 594 .
2490 581 2502 594 .
2838 576 2974 594 μμ-
3056 573 3138 594 μ-.
3178 573 3238 594 λ-
3275 572 3387 594 ι-..

106 609 362 686 episcopi
391 605 651 664 mirandae
679 598 983 658 sanctitatis
1012 605 1069 654 et
1097 594 1358 654 doctrina:
1387 593 1508 648 viri.
1577 620 1583 625 -

211 703 350 758 Item
397 696 595 756 natalis
653 691 828 750 sancti
873 688 1118 760 ijecti
1172 685 1530 741 Arvernensis
1585 683 1703 755 epi-

113 813 300 870 scopi.
509 885 572 940 E.
604 881 694 939 VII
724 878 879 937 ΚΑΒ.
915 870 1307 933 FEBRUARII.

255 1015 274 1040 ι
790 991 882 1064 (‘26
916 989 1070 1060 Jan.)

184 1128 210 1155 ι
231 1110 392 1183 Apud
417 1100 940 1179 Smyrnam,natalis
962 1097 1134 1154 sancti
1149 1093 1430 1166 Polycarpi
1447 1091 1708 1162 episcopi,

123 1204 242 1277 qui,
281 1179 425 1257 beati
473 1194 700 1254 Joannis
757 1190 989 1263 apostoli
1040 1185 1366 1257 discipulus,
1418 1189 1487 1239 et’
1531 1179 1600 1234 ab
1647 1194 1712 1234 eo

127 1273 382 1366 Smyrna:
410 1289 695 1358 episcopus
723 1283 1026 1342 ordinatus,
1061 1277 1225 1334 totius
1276 1274 1420 1330 Asiae
1462 1273 1714 1344 princeps

126 1365 259 1444 fuit.
283 1385 476 1440 Postea
499 1395 630 1435 vero
659 1384 921 1448 regnante
948 1373 1130 1428 Marco
1159 1370 1529 1434 Antonino,et-
1548 1365 1714 1422 Lucio

129 1476 356 1537 Aurelio
389 1471 718 1535 Commodo,
761 1474 952 1538 quarta
982 1473 1106 1536 post
1144 1463 1410 1518 Neronem
1457 1474 1715 1532 persecu-

131 1571 306 1634 tione,
347 1565 595 1636 Smyrnae
625 1560 846 1616 sedente
886 1553 1229 1628 proconsule,
1257 1561 1312 1609 et
1341 1553 1595 1606 universo
1622 1563 1718 1619 po-

131 1660 262 1734 pulo
287 1659 340 1713 in
369 1671 427 1711 se
457 1649 936 1710 acclamationibus
959 1647 1205 1710 incitato,
1227 1643 1461 1715 primum
1485 1639 1720 1710 compel-

135 1729 373 1810 lentibus
394 1755 448 1802 et
477 1740 892 1814 deprecantibus
913 1752 1036 1793 eum
1075 1735 1215 1798 suis,
1264 1733 1332 1789 ad
1358 1732 1591 1787 vicinum
1634 1729 1718 1784 lo-

1805 587 1966 642 citius
2019 591 2357 656 gererentur,
2403 581 2535 651 ipsis
2581 577 2796 651 populis
2838 576 3004 647 ligna,
3055 573 3141 628 vel
3173 573 3242 628 de
3275 572 3389 628 bal‘

1804 680 1944 745 neis,
1976 677 2061 732 vel
2095 677 2161 732 de
2212 673 2441 746 publicis
2485 671 2791 742 quibusque
2834 667 2988 730 locis,
3031 672 3087 718 et
3108 671 3385 720 sarmenta

1804 766 2262 839 congregantibus
2288 805 2304 830 ,
2347 762 2618 834 praecipue
2645 758 2846 814 Judteis
2881 756 3155 812 ardentius
3182 754 3249 808 ad
3269 753 3389 811 haec

1805 875 1874 916 ex
1904 871 2054 914 more
2098 853 2448 918 ferventibus,
2479 867 2603 908 cum
2640 849 2790 905 omni
2836 846 3121 904 velocitate
3167 853 3387 900 exstru-

1807 960 1929 1007 ctus
1957 959 2042 1005 est
2094 962 2276 1018 rogus.
2325 944 2479 1000 Tunc
2527 941 2788 1011 depositis
2828 938 3012 995 senior
3039 932 3389 998 indumentis,

1809 1053 1873 1094 ac
1913 1052 2048 1092 zona
2088 1035 2322 1090 resoluta
2349 1073 2364 1100 ,
2407 1032 2772 1087 calceamenta
2817 1039 3032 1098 quoque
3067 1022 3135 1078 de
3164 1020 3395 1092 pedibus

1810 1129 2051 1186 tentabat
2099 1127 2370 1189 educere,
2420 1137 2541 1194 quae
2580 1133 2859 1188 nunquam
2906 1115 3013 1170 nisi
3060 1128 3090 1166 a
3120 1108 3392 1180 religiosis

1810 1221 2150 1292 quibusque,
2200 1216 2304 1271 fide
2355 1223 2411 1270 et
2457 1211 2745 1268 devotione
2786 1206 3108 1275 semetipsos
3161 1199 3396 1256 invicem

1811 1307 2287 1382 pmvenientibus,
2337 1303 2533 1360 resolvi
2584 1304 3002 1358 consueverant.
3049 1293 3127 1348 lta
3155 1302 3395 1358 namque

1813 1403 1868 1458 in
1891 1401 2036 1457 omni
2067 1399 2274 1469 reliqua
2306 1397 2416 1452 vita
2453 1409 2551 1451 sua
2589 1388 2973 1450 venerabiliter
2998 1385 3160 1441 etiam
3185 1382 3252 1436 ab
3278 1395 3398 1434 om-

1815 1494 1975 1549 nibus
2008 1490 2310 1547 colebatur.
2371 1487 2442 1544 Ut
2491 1500 2621 1557 ergo
2676 1481 2924 1552 expedita
2975 1487 3102 1534 sunt
3155 1489 3276 1544 qua:
3328 1472 3396 1529 ad

1818 1585 1993 1656 ignem
2038 1580 2402 1653 pertinebant,
2443 1593 2567 1633 cum
2597 1590 2723 1632 eum
2769 1571 2970 1629 vellent
2992 1581 3123 1636 rogo
3177 1563 3400 1635 imposi-

1817 1653 1956 1740 tum,
2003 1674 2168 1729 etiam
2215 1670 2382 1728 clavis
2427 1667 2663 1739 adigere,
2714 1664 2790 1719 ait
2829 1677 2846 1717 :
2903 1659 3078 1724 Sinite
3131 1671 3261 1722 me;
3303 1653 3399 1724 qui

1819 1767 1962 1822 enim
1991 1764 2136 1820 dedit
2173 1762 2304 1818 mihi
2329 1761 2467 1830 ignis
2507 1759 2650 1814 ferre
2676 1753 3023 1826 supplicium,
3057 1748 3208 1803 dabit
3245 1754 3306 1800 ut
3343 1752 3400 1800 et

139 1857 266 1900 cum
301 1836 463 1896 semel
503 1843 556 1890 θί
587 1833 781 1888 mrum
817 1828 1077 1885 succedm
1119 1823 1322 1879 Demde
1359 1820 1713 1914 °°'“P'_'el‘°“'
1745 1853 1793 1914 B
1823 1855 1938 1911 sine
1963 1853 2235 1910 clavorum
2275 1820 2546 1912 aliisione,
2573 1820 2816 1900 ﬂammas
2850 1839 3196 1896 immobiliter
3220 1833 3403 1906 perfe-

136 1945 232 1988 sus
263 1930 332 1982 ab
364 1923 805 1996 inquisitoribus,
861 1916 1059 1988 apponi
1100 1914 1181 1968 eis
1233 1925 1474 1966 mensam
1517 1908 1714 1979 jubet,

137 2029 300 2090 atque
329 2017 410 2072 eis
433 2014 620 2089 epulas
638 2011 840 2083 largius
869 2005 1188 2063 ministrari.
1221 2001 1381 2058 Hora:
1403 2001 1562 2056 unius
1596 2015 1719 2069 spa-

139 2113 214 2168 tio
241 2113 310 2167 ab
336 2111 419 2166 eis
450 2105 714 2164 orationis
749 2101 924 2176 gratia
969 2100 1280 2168 impetrato,
1317 2093 1554 2148 instante
1583 2091 1718 2144 hora

138 2199 498 2277 progreditur.
532 2197 776 2264 Cumque
825 2191 1252 2256 interrogaretur
1295 2199 1326 2237 a
1373 2179 1715 2252 proconsule,
1770 2199 1774 2203 ·

139 2270 186 2347 si
213 2270 330 2358 ipse
350 2294 497 2342 esset
537 2284 898 2354 Polycarpus,
947 2292 1005 2334 se
1042 2291 1164 2331 esse
1205 2273 1512 2330 confitetur.
1553 2270 1717 2340 Ergo,

141 2378 334 2450 inquit,
363 2377 561 2432 habeto
581 2372 757 2428 aetatis
804 2379 910 2424 tuze
954 2365 1346 2430 reverentiam,
1391 2369 1447 2418 et
1487 2374 1720 2431 parcens

138 2469 344 2525 ultima:
373 2464 637 2522 senectuti
673 2471 795 2525 tuae,
819 2460 942 2532 jura
969 2459 1241 2514 fortunam
1274 2453 1504 2510 Caesaris
1527 2465 1722 2522 gerens

144 2558 211 2614 de
263 2557 533 2628 prioribus
560 2551 969 2624 pmnitudinem,
1004 2555 1059 2602 et
1099 2544 1379 2601 conclama
1407 2541 1718 2611 sacrilegos.

148 2648 306 2703 Tunc
336 2646 655 2718 Polycarpus
682 2652 838 2698 torvo
867 2638 1016 2694 vultu
1038 2637 1106 2693 ad
1121 2636 1378 2707 populum
1406 2633 1500 2703 qui
1532 2632 1584 2686 in
1617 2640 1724 2686 sta-

147 2743 240 2800 dio
291 2740 559 2797 residebat
593 2737 883 2809 aspiciens,
926 2733 1135 2788 elevata
1157 2731 1223 2784 ad
1252 2728 1448 2784 coelum
1477 2727 1722 2790 dextera,

146 2848 268 2889 cum
299 2831 499 2903 gemitu
523 2826 896 2899 proclamavit,
937 2831 1000 2879 et‘
1026 2821 1162 2877 dixit
1187 2837 1199 2874 :
1227 2818 1376 2874 Tolle
1405 2817 1720 2886 sacrilegos.

150 2925 256 2980 Sed
303 2923 588 2978 insistente
630 2916 974 2990 proconsule,
1017 2921 1074 2970 et
1097 2912 1311 2968 dicente
1343 2927 1356 2963 :
1390 2907 1519 2964 Jura
1547 2906 1724 2961 fortu-

150 3033 272 3072 nam
300 3014 554 3076 Cmsaris,
599 3019 652 3066 et
701 3009 788 3065 dic
817 3008 870 3062 in
925 3005 1199 3062 Christum
1239 3002 1504 3065 convicia,
1542 3008 1598 3054 et
1625 3014 1725 3069 ego

151 3109 363 3163 dimitto
392 3115 463 3159 te.
507 3102 834 3176 Polycarpus
870 3100 939 3153 ad
982 3097 1098 3152 inec
1143 3095 1313 3150 dixit:
1341 3090 1624 3161 Octoginta
1671 3096 1728 3142 et

1821 1961 1960 2001 ram.
1992 1945 2143 2000 Tunc
2181 1941 2257 1996 illi
2295 1940 2511 1996 omissis
2531 1937 2720 2001 clavis,
2759 1933 2890 1990 solis
2933 1930 3014 1985 usi
3053 1937 3180 1984 sunt
3205 1926 3397 1982 vincu-

1819 2033 1907 2100 lis,
1961 2031 2157 2102 quibus
2204 2035 2326 2098 post
2373 2035 2584 2096 tergum
2634 2020 2886 2077 manibus
2933 2016 3210 2080 revinctis,
3251 2012 3403 2068 velut

1819 2121 2024 2178 electus
2049 2119 2214 2184 aries,
2238 2124 2293 2172 et
2341 2130 2406 2171 ex
2439 2127 2637 2184 magno
2684 2125 2846 2183 grege
2887 2113 3216 2177 assumptus,
3243 2115 3400 2157 acce-

1819 2211 2023 2283 ptabile
2070 2208 2443 2265 holocaustum
2482 2200 2837 2271 omnipotenti
2889 2198 3104 2252 oblatus
3155 2203 3238 2248 est
3267 2194 3397 2248 Deo.

1822 2281 2242 2368 Orationemque
2276 2303 2336 2350 ut
2360 2291 2650 2362 complevit
2679 2287 2974 2358 subjiciunt
3019 2287 3196 2355 ignem
3225 2281 3402 2337 homi-

1822 2407 1920 2448 nes
1947 2392 2086 2462 ignis
2105 2388 2317 2445 atterni.
2345 2385 2590 2453 Cumque
2619 2381 2839 2436 ﬂamma
2867 2379 3056 2448 ingens
3086 2374 3401 2437 reluxisset,

1822 2485 2072 2539 viderunt
2091 2477 2348 2534 miracula
2375 2490 2564 2531 omnes
2589 2473 2788 2544 quibus
2809 2485 2875 2525 ea
2902 2469 3044 2523 Deus
3068 2468 3252 2522 videre
3273 2480 3404 2520 con-

1823 2573 2004 2631 cessit.
2036 2571 2277 2625 Flamma
2326 2567 2527 2622 etenim
2558 2566 2614 2619 in
2644 2563 2864 2618 modum
2895 2572 3145 2622 cantem,
3179 2561 3402 2610 curvata

1823 2663 2024 2733 specie,
2083 2659 2234 2730 quasi
2285 2656 2463 2710 velum
2510 2653 2664 2708 navis
2717 2658 2880 2706 vento
2933 2648 3207 2702 sinuatum
3239 2658 3402 2712 supra

1823 2771 2020 2826 corpus
2067 2752 2323 2823 martyris
2367 2750 2537 2805 stetit.
2573 2746 2727 2813 Quod
2750 2757 2947 2811 corpus
2975 2742 3028 2795 in
3061 2739 3239 2794 medio
3261 2737 3407 2808 posi-

1825 2857 1938 2903 tum
1964 2862 2071 2901 non
2102 2851 2221 2899 erat
2249 2852 2309 2894 ut
2338 2855 2466 2895 caro
2492 2837 2710 2901 ardens,
2738 2834 2830 2889 sed
2856 2842 3108 2900 tanquam
3134 2829 3180 2884 si
3205 2841 3402 2883 aurum

1825 2947 1918 2997 aut
1939 2947 2220 3007 argenturm
2244 2935 2296 2988 in
2326 2931 2544 2985 fornace
2572 2927 2942 2986 candesceret.
2961 2922 3113 2980 Tunc
3135 2928 3402 2991 praeterea

1824 3033 2046 3088 odorem
2091 3027 2312 3082 naribus
2339 3024 2757 3078 circumstantes
2798 3017 3116 3076 hauserunt,
3149 3019 3410 3080 tanquam

1827 3118 2057 3184 incensi,
2087 3116 2170 3172 vel
2211 3111 2585 3188 pretiosissimi
2622 3106 2903 3176 unguenti.
2946 3103 3028 3158 Ad
3055 3102 3304 3158 ultimum
3328 3099 3408 3155 vi-

153 3215 247 3255 sex
268 3197 425 3252 annis
453 3195 630 3250 servio
654 3194 728 3258 ei,
758 3200 814 3246 et
851 3188 983 3244 nihil
1009 3201 1093 3242 me
1124 3185 1262 3240 laesit
1281 3197 1516 3253 unquam
1547 3200 1559 3236 :
1593 3195 1728 3250 quo-
1753 3199 1799 3260 ρ
1830 3211 2019 3265 dentes
2046 3182 2050 3184 ‘
2069 3182 2335 3263 smmum
2389 3200 2657 3265 ministri,
2696 3213 2894 3268 corpus
2932 3196 3041 3265 igni
3093 3210 3200 3250 non
3246 3182 3408 3264 posse

156 3293 314 3349 modo
356 3305 574 3362 possum
611 3287 988 3355 blasphemare
1015 3281 1215 3351 Regem
1241 3290 1442 3339 meum,
1473 3274 1564 3344 qui
1588 3272 1730 3328 salu-

155 3393 262 3442 tem
294 3381 426 3436 mihi
458 3377 644 3434 dedit?
685 3375 928 3443 Cumque
954 3383 1144 3426 rursus
1167 3367 1544 3422 vehementius
1571 3377 1731 3431 urge-

156 3484 326 3538 retur,
357 3481 418 3527 ut
461 3469 731 3524 fortunam
773 3463 1006 3522 Caesaris
1051 3457 1280 3528 iuraret,
1329 3457 1452 3510 ait:
1496 3453 1554 3508 Si
1593 3454 1732 3507 hanc

152 3566 470 3640 jactautiam
521 3558 784 3631 quaeritis,
830 3563 890 3610 ut
935 3568 1034 3624 ego
1083 3551 1356 3606 fortunam
1386 3543 1616 3600 Caasaris
1654 3542 1734 3611 ju-

158 3673 298 3719 rem,
321 3666 374 3709 et
411 3653 533 3723 quis
574 3653 676 3708 sim
717 3650 966 3720 ignorare
994 3654 1044 3699 te
1070 3639 1312 3703 simulas,
1350 3651 1472 3694 cum
1494 3635 1638 3690 omni
1673 3633 1736 3687 li-

160 3751 374 3806 bertate
393 3746 509 3801 audi
536 3760 565 3798 a
593 3758 702 3806 me,
725 3741 851 3811 quia
875 3736 1212 3793 Christianus
1238 3746 1378 3787 sum.
1407 3728 1737 3802 Replebatur

159 3839 329 3912 igitur
345 3834 662 3892 confidentia
684 3830 844 3886 simul
873 3836 928 3884 et
956 3826 1163 3890 laetitia,
1197 3824 1273 3879 ita
1299 3829 1359 3875 ut
1393 3818 1735 3874 alacritatem

157 3911 341 3986 vultus
365 3928 498 3996 ejus,
539 3922 1060 3994 responsionumque
1107 3911 1468 3970 constantiam
1506 3921 1738 3978 procon-

156 4021 242 4077 sul
277 4019 512 4073 maximo
534 4026 754 4084 stupore
787 4011 1096 4076 miraretur.
1128 4004 1292 4060 Misso
1321 4003 1487 4069 igitur
1515 3999 1739 4054 curione

156 4112 225 4167 ad
253 4107 507 4180 populum
533 4148 547 4171 ,
584 4103 738 4173 jubet
774 4114 908 4157 voce
936 4113 1128 4169 magna
1167 4092 1458 4166 protestari
1487 4090 1740 4162 Polycar—

153 4216 286 4273 pum
319 4197 484 4253 tertio
505 4193 810 4250 confessum
833 4190 1203 4246 Christianum
1232 4201 1292 4241 se
1321 4198 1461 4239 esse.
1493 4183 1610 4249 Quo
1638 4197 1737 4234 au-

156 4293 292 4356 dito,
335 4289 586 4344 universa
629 4285 934 4348 multitudo,
991 4290 1100 4335 tam
1131 4278 1412 4352 gentilium
1453 4291 1617 4344 quam
1643 4273 1741 4328 Ju-

156 4366 400 4437 dmorum
451 4375 795 4449 Smyrnensis
841 4371 1100 4435 civitatis,
1135 4385 1256 4425 cum
1308 4367 1514 4439 ingenti
1557 4365 1742 4420 furore

1828 3297 2094 3362 consumi,
2113 3297 2140 3338 δ
2156 3297 2436 3366 jusserunt
2460 3291 2682 3364 propius
2714 3289 2976 3344 accedere
3002 3283 3340 3342 confectores
3361 3289 3417 3339 et

1831 3401 2051 3456 corpus,
2101 3385 2190 3439 cui
2237 3383 2378 3454 ignis
2433 3387 2695 3444 cesserat,
2745 3390 3007 3432 mucrone
3055 3372 3417 3428 transfodcre.

1833 3478 1951 3546 Quo
2004 3477 2167 3540 facto,
2196 3485 2303 3529 tam
2332 3474 2514 3544 largus
2550 3471 2806 3544 profusus
2849 3477 2925 3524 est
2975 3467 3212 3537 sanguis,
3243 3473 3303 3518 ut
3329 3479 3424 3530 re-

1833 3571 2134 3638 stingueret
2162 3580 2370 3636 rogum.
2412 3563 2646 3633 Populus
2669 3569 2848 3614 autem
2879 3575 3002 3612 cum
3033 3556 3278 3612 miraculi
3305 3565 3420 3611 stu-

1835 3672 1967 3728 pore
1997 3654 2262 3710 discessit.
2298 3652 2404 3706 Sed
2432 3651 2660 3705 aemulus
2703 3649 2870 3703 totius
2902 3647 3048 3711 boni,
3076 3647 3212 3702 satis
3259 3659 3423 3715 agere

1836 3747 2022 3816 coepit,
2051 3753 2110 3797 ut
2151 3741 2407 3811 reliquias
2462 3738 2578 3807 ejus
2632 3752 2792 3792 nemo
2838 3737 2905 3792 ad
2965 3735 3296 3806 sepulturam
3322 3734 3421 3788 de-

1837 3838 2022 3901 ferret,
2043 3833 2242 3890 ludatis
2271 3832 2326 3888 in
2362 3831 2467 3886 hoc
2498 3831 2732 3884 maxime
2777 3828 3130 3883 instantibus.
3177 3825 3279 3881 Ubi
3325 3840 3423 3878 au-

1841 3934 1949 3982 tem
1977 3924 2112 3979 vidit
2132 3921 2380 3979 centurio
2419 3922 2744 3976 obstinatam
2779 3919 3086 3975 Iudaeorum
3113 3914 3422 3970 contentio-

1839 4032 1988 4082 nem,
2027 4016 2265 4087 positum
2309 4014 2363 4070 in
2395 4014 2572 4068 medio
2595 4013 2770 4082 ipsum
2818 4025 3016 4080 corpus
3061 4008 3312 4071 exussit;
3367 4015 3426 4061 et

1841 4109 1915 4164 ita
1941 4105 2284 4178 postmodum
2336 4105 2524 4158 adusta
2565 4118 2708 4166 ossa,
2757 4099 3168 4172 pretiosissimis
3198 4095 3429 4168 gemmis

1841 4198 2076 4260 cariora,
2103 4205 2157 4249 et
2181 4193 2327 4248 omni
2352 4209 2486 4248 auro
2529 4193 2890 4263 probabiliora
2920 4207 3016 4261 per
3047 4190 3226 4260 ignem
3256 4186 3427 4252 facta,

1843 4304 1873 4342 a
1924 4285 2182 4341 fratribus
2237 4283 2584 4353 colliguntur,
2637 4298 2703 4337 ac
2755 4282 2895 4337 sicut
2944 4278 3316 4343 conveniebat,
3360 4292 3429 4334 ex

1844 4393 1995 4434 more
2040 4375 2363 4432 conduntur.
2405 4375 2522 4442 Quo
2555 4375 2607 4428 in
2656 4373 2800 4439 loco,
2849 4378 3145 4445 praestante
3176 4369 3429 4433 Domino,

157 4470 550 4526 “Clamaba‘i
597 4466 696 4521 Hic
737 4473 822 4521 εει
867 4463 1031 4518 “mus
1081 4461 1224 4517 Αδῖπ
1271 4459 1479 4522 ἀοοιοῖο
1510 4464 1745 4526 “Pater
1845 4469 2112 4524 solemnes
2163 4475 2398 4537 aguntur
2447 4464 2797 4533 celebresque
2834 4469 3153 4516 conventus.
3197 4458 3332 4514 Cum
3364 4473 3431 4513 eo

154 4561 619 4625 Christianorum,
644 4569 951 4614 nostrorum
982 4563 1164 4613 autem
1187 4553 1476 4608 subversor
1496 4552 1740 4607 deorum.
1768 4537 1821 4596 D
1847 4561 2011 4616 etiam
2075 4558 2167 4612 alii
2218 4557 2500 4611 duodecim
2556 4570 2622 4610 ex
2684 4550 3054 4621 Philadelphia
3104 4548 3385 4605 venientes
3411 4588 3428 4614 ,

157 4655 284 4723 Ipse
303 4661 389 4707 est
407 4651 501 4721 qui
527 4649 720 4704 multos
749 4649 906 4703 docet
938 4663 1004 4701 ne
1026 4643 1327 4708 immolent,
1356 4657 1492 4697 neve
1519 4643 1746 4696 adorent

159 4745 316 4799 deos.
342 4741 648 4811 Omnesque
697 4739 900 4809 pariter
937 4735 1368 4799 conclamabant,
1398 4741 1459 4787 ut
1485 4732 1745 4803 Polycar-

156 4858 270 4915 pus
314 4843 470 4896 vivus
521 4841 758 4897 arderet.
802 4837 1103 4909 Oportebat
1142 4835 1290 4891 enim
1329 4833 1592 4888 visionem
1633 4831 1748 4899 ejus

159 4934 404 5006 impleri.
446 4932 666 4988 Viderat
706 4930 970 5002 siquidem
1011 4929 1066 4986 in
1093 4927 1324 4996 visione,
1349 4925 1495 4996 quod
1516 4921 1750 4981 cervical

244 5145 272 5174 ι
299 5130 435 5186 Vide
458 5130 699 5186 libellum
729 5130 795 5185 de
823 5127 1067 5199 Festivit.
1097 5127 1289 5199 Apost.

244 5204 274 5244 δ
315 5202 592 5257 Iusserunt
616 5199 828 5270 propius
853 5198 1098 5270 accedere
1129 5195 1471 5270 confectores.
1492 5195 1754 5270 Eusebius

247 5218 274 5244 υ
315 5218 828 5324 διιδεετιιηιῙτ-ορηιε
853 5218 1098 5253 acceaere
1129 5218 1471 5266 conjectares.
1496 5218 1751 5251 nusemus

162 5275 270 5330 lib.
301 5289 374 5334 tv,
414 5287 532 5340 cap.
571 5272 589 5323 Ι
671 5271 772 5324 hoc
795 5271 911 5340 ipso
939 5268 1133 5323 Latino
1161 5268 1472 5335 coniectoris
1506 5266 1670 5322 verbo
1695 5267 1751 5340 in

162 5332 368 5399 eadem"
410 5332 500 5412 de:
524 5332 831 5412 Polycarpo'
864 5340 1176 5412 narratione
1205 5332 1375 5392 utitur
1407 5356 1438 5412 :A
1467 5340 1627 5412 Πὲρας
1665 5332 1754 5412 οὖν

161 5413 363 5473 ἰδόντες
392 5415 437 5467 οῗ
469 5409 752 5484 ἄνομοι-μή
779 5410 1141 5484 δυνοιμένονςιτῤΔ
1168 5415 1321 5480 σῶμα
1346 5410 1450 5464 ὑπὸ
1476 5409 1566 5464 re")
1591 5409 1754 5481 πυρὸς

165 5485 536 5556 δαπανῃθῆναι.
589 5480 863 5556 ἐκέλευσας(
895 5480 1239 5556 ᾑροᾳιλθὸγτα
1269 5481 1406 5550 αὐτῷ
1441 5480 1756 5556 κομφᾷκτορα

164 5555 485 5634 πείρας-ὗσαι
518 5554 578 5610 τὸ
599 5552 866 5634 gignenti-bi
889 5549 1412 5634 Christophorsonu’s
1431 5549 1756 5634 nepps'naipa

166 5618 489 5704 enini/irem.
521 5618 703 5703 vertit.
735 5621 815 5674 Ad
835 5618 1124 5704 extremum
1152 5619 1314 5701 igitur
1335 5635 1460 5701 cum
1489 5618 1680 5687 nefarii
1705 5625 1755 5670 et

169 5696 324 5762 impii
348 5694 582 5745 homines
607 5692 720 5761 ejus
749 5707 936 5762 corpus
968 5690 1032 5743 ab
1046 5689 1177 5762 igne
1195 5689 1428 5762 minime
1449 5703 1598 5756 posse
1627 5703 1752 5762 con-

167 5757 314 5823 suilli
351 5764 598 5826 viderem,
630 5757 866 5833 carniﬁci
899 5757 1147 5815 mandata
1172 5757 1422 5812 dederunt
1451 5768 1502 5814 ut
1541 5759 1751 5830 propius

1848 4650 1988 4723 apud
2036 4647 2319 4720 praefatam
2349 4647 2538 4701 urbem
2587 4643 2850 4716 martyrio
2895 4639 3255 4698 consummati
3281 4647 3428 4695 sunt.

1917 4742 2119 4801 Eodem
2154 4740 2261 4804 die,
2290 4745 2600 4793 sanctorum
2639 4745 2935 4811 martyrum
2971 4732 3274 4804 Theogenis
3299 4746 3426 4787 cum

1850 4835 1972 4890 aliis
2026 4833 2245 4902 triginta
2290 4847 2425 4897 sex,
2475 4829 2568 4900 qui
2622 4835 3032 4884 contemnentes
3080 4824 3432 4895 temporalem

1851 4937 2104 4994 mortem,
2127 4938 2386 4980 coronam
2407 4923 2532 4978 vita:
2559 4930 2774 4978 aeternae
2796 4919 2974 4989 adepti
3000 4925 3145 4974 sunt.

1857 5131 1926 5186 ad
1949 5143 2130 5200 rogum
2150 5141 2475 5200 progressus,
2495 5122 2644 5200 illum
2665 5137 2784 5176 ense
2810 5118 3086 5172 constricto
3110 5114 3429 5200 conroderet.

1859 5183 1966 5280 Sed
1999 5183 2214 5280 proprie
2247 5183 2568 5266 confectores
2600 5192 2836 5280 ferarum
2865 5196 3008 5270 sunt,
3044 5196 3103 5241 ut
3125 5183 3264 5267 apud
3292 5183 3430 5236 Sue-

1859 5259 2062 5326 toniu'm
2100 5259 2156 5322 in
2184 5259 2424 5337 Augusto
2449 5279 2566 5333 cap.
2599 5261 2708 5337 43_:
2739 5280 2756 5310 ί
2796 5259 2851 5312 In
2876 5259 3026 5337 circo
3061 5259 3279 5325 aurigas
3308 5266 3433 5306 cur-

1859 5353 2139 5408 soresque,
2176 5346 2232 5392 et
2272 5331 2612 5408 confectores
2656 5331 2925 5408 ferarum,
2959 5334 3430 5408 et_nonnunquam

1857 5391 1941 5466 éi’
1959 5391 2298 5465 nobilissima
2315 5406 2617 5474 juventute,
2647 5398 2919 5474 produxit.
2950 5416 2968 5449 ι
3008 5396 3132 5474 -Νρῃ
3168 5393 3320 5474 plura
3365 5391 3432 5445 de

1858 5463 1973 5546 his,
1992 5463 2117 5549 quia
2159 5492 2246 5532 res
2266 5463 2378 5544 ja'm
2407 5483 2550 5528 nota.
2579 5463 2735 5537 Quod
2771 5472 2821 5523 in
2848 5467 3053 5522 Glossis
3080 5463 3430 5549 Basilicorum

1856 5533 2772 5627 θενκξιέφάέτωρξ.καῖασξξυῖστής.
2804 5554 2911 5627 lion
2938 5533 3339 5627 est'coqfector,
3371 5537 3431 5627 ut:

1855 5600 2083 5690 turpabitI
2097 5600 2382 5690 illeu'rsius
2406 5600 2462 5668 in
2493 5600 2768 5667 Glossario
2812 5607 3000 5664 Grzeco
3031 5600 3284 5666 barbaro,
3337 5600 3432 5656 sed

1858 5688 2174 5759 compactor,
2203 5688 2310 5740 huc
2332 5701 2435 5740 non
2466 5691 2733 5756 spectans.
