3962 6366
616 374 724 430 22?.
1589 366 1647 420 s.
1689 364 1942 420 ADONIS
1977 361 2406 417 ARCHIEPISC.
2454 361 2860 416 VIENNENSIS
3191 340 3212 360 '
3747 377 3821 434 ρει

988 479 1049 535 F.
1103 479 1169 534 Vl
1226 479 1380 534 ΚΑΒ.
1433 475 1820 533 FEBRUARII.
2221 477 2270 536 Α
2298 473 2472 527 decim
2501 473 2613 527 dies
2639 472 2881 538 eductos,
2904 473 3068 544 jussit
3097 477 3264 530 sterni
3297 477 3354 530 in
3385 484 3603 544 terram,
3636 493 3683 537 et
3711 487 3822 544 l’usli-

1272 570 1360 641 (27
1395 567 1548 637 Jan.)
2299 564 2400 618 bus
2425 563 2557 618 οωάὶ
2590 580 2605 628 ;
2643 564 2764 618 dein
2797 563 3000 619 levatos
3032 566 3096 620 de
3125 574 3296 631 terra,
3335 567 3621 638 plumbatis
3667 586 3819 646 percuti

685 660 895 715 Natalis
943 659 1116 715 sancti
1169 658 1392 714 Joannis
1419 656 1658 727 episcopi
1704 652 2201 722 Constantinolioli-
2298 653 2471 708 donec
2517 653 2848 724 expirarent.
2901 654 3139 722 Quorum
3188 672 3420 727 corpora
3451 661 3688 732 colligens
3707 683 3819 725 noctu

615 751 752 816 tani,
781 751 872 820 qui
903 749 1322 821 Chrysostomus
1349 746 1664 817 appellatur.
2298 744 2529 800 Joannes
2546 746 2849 817 presbyter,
2877 747 3124 817 sepelivit
3149 749 3231 803 via
3260 749 3596 807 Numentana
3626 757 3684 810 ad
3705 758 3821 830 Nym.

686 843 818 898 Item
845 841 986 897 beati
1017 840 1168 895 Marii
1220 841 1430 894 abbatis
1477 835 1790 892 monasterii
1844 833 2196 898 Badonensis,
2298 835 2434 906 phas
2464 836 2608 890 beati
2639 835 2808 900 Petri,
2842 837 2933 890 ubi
2970 837 3084 906 ipse
3131 839 3464 908 baptizabat.
3509 841 3744 915 Scriptum
3766 863 3819 906 est

613 929 766 1000 cujus
805 931 969 986 vitam
993 930 1202 1001 plenam
1231 930 1524 985 virtutibus
1563 929 1645 983 vir
1675 926 1898 982 illustris
1933 942 1996 982 ac
2025 925 2198 996 patri-
2300 925 2353 980 in
2369 928 2534 998 gestis
2558 929 2698 984 beati
2727 927 2963 984 Marcelli
2999 945 3170 1000 papae.

612 1023 732 1077 eius
755 1022 1046 1092 Dynamius
1069 1021 1279 1075 scribit.
2371 1017 2570 1072 Eodem
2599 1017 2686 1073 die
2711 1017 2945 1084 Treviri,
2971 1019 3235 1089 depositio
3254 1022 3403 1105 beati
3433 1023 3621 1080 Valerii
3643 1028 3817 1100 episcopi

682 1113 749 1166 Et
793 1111 933 1182 apud
984 1109 1257 1165 Bethleem
1293 1109 1461 1174 Iudas,
1489 1110 1742 1165 dormitio
1771 1117 1970 1165 sancta:
1997 1107 2198 1174 Paulae,
2300 1107 2542 1178 discipuli
2571 1109 2739 1163 sancti
2784 1109 2925 1164 Petri
2954 1111 3206 1180 apostoli.

611 1205 800 1260 matris
829 1205 1128 1269 Eustochii,
1160 1203 1382 1274 virginis
1407 1203 1776 1270 Christi.Quae
1803 1217 1925 1257 cum
1959 1209 2196 1256 essetex
2683 1221 2745 1275 Β,
2797 1220 2862 1275 ιιι
2901 1221 3059 1276 KAL,
3099 1222 3498 1280 FEBRUARIL

610 1296 947 1352 nobilissimo
975 1304 1285 1351 senatorum
1307 1310 1527 1365 genere,
1564 1295 1951 1351 abrenuntians
1971 1293 2194 1360 smculo,
2475 1363 2477 1365 ι
2975 1313 3066 1382 (⁵ο
3082 1314 3229 1384 jam)

610 1395 666 1442 ct
689 1387 880 1457 opibus
905 1387 1018 1443 suis
1039 1387 1092 1440 in
1121 1385 2200 1482 pauperes-erogatis,Christi-consecuta
2369 1400 2524 1470 Αρυά
2553 1399 2920 1466 Antiochiam,
2948 1402 3129 1471 passio
3165 1403 3342 1458 sancti
3370 1402 3628 1476 Hippolyti
3670 1419 3814 1482 mm}.

611 1487 698 1534 est
741 1485 1139 1549 paupertatem,
1173 1485 1228 1532 et
1261 1478 1400 1548 apud
1435 1475 1717 1547 praefatum
1749 1475 2062 1547 oppidulum
2094 1475 2175 1531 Do

2300 1490 2396 1556 ris,
2444 1490 2535 1560 qui
2588 1489 2779 1546 Novati
2829 1492 3124 1548 schismate
3165 1475 3569 1564 aliquantulum
3606 1475 3810 1570 deceptas,

608 1570 805 1626 minica
857 1570 1141 1624 nativitate
1192 1569 1505 1640 gloriosum,
1563 1569 1873 1624 monasterii
1919 1567 2199 1639 virginalis
2299 1590 2557 1651 operante
2583 1582 2754 1652 gratia
2786 1581 2992 1638 Christi
3020 1595 3322 1652 correctus,
3349 1585 3416 1640 ad
3443 1567 3812 1647 charitateniilc

607 1661 815 1716 θιεῑῖῑίί
844 1668 1035 1756 illiner-
1065 1659 1235 1730 Hujus
1289 1661 1454 1756 νίξξυιι
1490 1659 1778 1756 νῖῗιυιίξψδ
1829 1659 2197 1756 ἒάῐξίηηίξδξη
2300 1676 2478 1732 clesiaa
2503 1677 2662 1732 rediit
2695 1697 2707 1731 :
2746 1693 2846 1748 pro
2871 1694 2999 1750 qua,
3030 1688 3086 1735 et
3111 1680 3166 1734 in
3190 1695 3301 1750 qua
3332 1679 3540 1737 illustre
3566 1685 3809 1756 martyrium

608 1761 828 1808 sanctus
855 1752 1214 1824 Hieronymus
1258 1751 1502 1807 scribens
1536 1750 1638 1823 (ep.
1666 1750 1755 1814 27,
1787 1751 1855 1804 ad
1893 1748 2194 1819 Eustach.),
2227 1835 2258 1839 Α
2300 1779 2486 1839 postea
2513 1748 2929 1825 consummavit.

606 1852 837 1901 testatur
860 1859 981 1900 eam
1007 1844 1164 1915 longo
1191 1853 1506 1899 coronatam
1529 1857 1650 1898 esse
1679 1841 1958 1912 martyrio.
2226 1835 2272 1895 Β
2300 1835 2317 1839 ⁷
2377 1858 2620 1928 (Ευερυη
2677 1859 2712 1912 ι,
2755 1876 2827 1926 ιν,
2865 1876 2916 1916 ο,
2962 1860 3050 1932 5,)
3108 1861 3535 1935 Hierosolymis,
3583 1865 3810 1924 beatissimi

994 1956 1058 2012 G.
1102 1957 1147 2010 ν
1196 1956 1352 2012 KAL.
1405 1954 1799 2011 FEBRUARll.
2302 1950 2540 2007 Matthiae
2581 1952 2818 2023 episcopi
2851 1954 2916 2008 de
2941 1969 3050 2024 quo
3077 1955 3213 2010 mira
3267 1964 3326 2010 et
3358 1955 3512 2027 plena
3566 1957 3657 2014 ﬁde
3698 1968 3803 2030 gesta

1268 2047 1359 2120 (28
1382 2047 1534 2118 Jan.)
2300 2053 2630 2110 narrantur;
2658 2045 2750 2115 qui
2789 2045 2954 2100 multa
2977 2061 3076 2116 pro
3106 2046 3327 2102 Christo
3369 2063 3656 2119 perpessus,
3675 2050 3808 2106 ultimo

683 2135 856 2190 Natali
887 2145 1091 2192 sanctae
1116 2137 1340 2210 Agnetis
1369 2137 1623 2192 secundo.
2301 2136 2354 2189 in
2409 2150 2542 2206 pace
2596 2137 2760 2190 vitam
2795 2135 2988 2191 finivit.
3031 2136 3130 2193 Hic
3181 2147 3409 2195 octavus
3455 2147 3572 2210 post
3611 2139 3802 2196 Iacobum

680 2229 746 2283 Et
779 2229 832 2283 in
865 2228 1086 2283 civitate
1132 2228 1435 2299 Apollonia,
1483 2226 1690 2293 Leucii,
1724 2227 1926 2292 Thirsi,
1959 2235 2015 2281 et
2041 2225 2198 2282 Gale-
2299 2227 2440 2280 rexit
2462 2225 2780 2281 Ecclesiam.

605 2317 716 2373 nici
743 2328 1060 2390 martyrum,
1096 2320 1186 2390 qui
1230 2331 1470 2391 tempore
1509 2321 1654 2374 Decii
1703 2309 2070 2390 imperatoris,
2098 2319 2198 2374 sub
2370 2317 2500 2372 Item
2560 2317 2704 2372 beati
2759 2317 3070 2374 Alexandri.
3098 2319 3196 2375 llic
3225 2320 3460 2376 Deciana
3489 2321 3801 2392 persecutione.

603 2408 921 2478 praesidibus
935 2409 1259 2475 Combricio,
1285 2409 1516 2481 Sylvano
1537 2418 1591 2463 et
1614 2408 1814 2472 Baudo,
1845 2407 2070 2463 diversis
2097 2415 2200 2464 tor-
2297 2419 2396 2475 pro
2417 2406 2756 2462 confessione
2783 2407 2923 2470 ﬁdei,
2944 2408 3167 2477 judiciis
3190 2411 3424 2477 sistitur,
3448 2421 3501 2466 et
3518 2411 3709 2466 vinculis
3722 2426 3803 2466 car-

604 2508 909 2553 mentorum
943 2501 1229 2571 generibus
1265 2501 1600 2566 exeruciati;
1656 2500 1862 2570 primus
1888 2509 1942 2554 et
1972 2499 2194 2554 ultimus
2297 2496 2438 2552 ceris
2493 2497 2740 2551 traditur.
2806 2496 3017 2567 Quique
3068 2514 3190 2554 cum
3241 2499 3496 2572 longaevae
3523 2501 3675 2556 aatatis
3695 2513 3803 2554 vene-

603 2593 904 2648 abscisione
959 2595 1173 2663 capitis,
1223 2595 1430 2650 medius
1485 2595 1690 2652 caelein
1731 2611 1858 2651 voce
1912 2605 2192 2662 evocatus,
2298 2588 2467 2642 fanda
2497 2589 2697 2643 canitie
2720 2589 3084 2660 praafulgeret,
3107 2601 3397 2662 postquam
3429 2593 3800 2662 l'requenterpas

603 2685 851 2754 spiritum
900 2686 1149 2752 reddens,
1202 2688 1518 2757 martyrium
1577 2697 2092 2743 consummaverunt
2140 2687 2167 2743 ii

2297 2681 2540 2738 sionibus
2570 2682 2684 2737 suis
2707 2690 2762 2737 et
2791 2683 3122 2738 cruciatibus
3150 2684 3547 2753 gloriﬁcaverat
3568 2683 3797 2745 Dominum,

603 2774 835 2834 Graecia.
2296 2775 2362 2829 de
2392 2773 2620 2829 vinculis
2653 2774 2720 2828 ad
2753 2774 3060 2839 tribunalia,
3093 2784 3147 2830 et
3186 2791 3216 2830 a
3271 2776 3615 2832 tribunalibus
3645 2788 3800 2829 revoca-

679 2865 880 2930 Eodem
917 2865 1004 2923 die
1027 2868 1166 2937 apud
1214 2867 1614 2935 Alexandriam,
1668 2870 1811 2924 beati
1853 2868 2036 2940 Cyrilli
2084 2869 2196 2940 epi-
2295 2872 2446 2918 retur
2468 2863 2536 2918 ad
2565 2864 2800 2929 vincula,
2832 2865 2973 2920 inter
3000 2866 3111 2936 ipsa
3143 2867 3389 2923 vicissim
3413 2869 3510 2924 sibi
3533 2862 3800 2922 succedenti:

603 2957 770 3027 scopi,
833 2958 925 3026 qui
977 2958 1256 3013 catholica:
1312 2959 1433 3014 ﬁdei
1489 2959 1937 3030 praeclarissimus
1990 2959 2196 3014 exstitit
2295 2954 2753 3017 tormenta,bono
2783 2953 2888 3009 ﬁne
2917 2954 3140 3023 quievit.

605 3054 990 3114 propugnator.

2612 3062 2672 3117 C.
2707 3061 2934 3118 PRIDIE
2979 3063 3136 3118 KAL.
3175 3063 3562 3120 FEBBUARII.

674 3135 804 3191 Item
847 3137 900 3190 in
947 3139 1276 3195 monasterio
1323 3138 1704 3206 Reomanensi,
1757 3140 1929 3196 sancti
1975 3139 2195 3196 Joannis
2222 3193 2265 3226 ρ
2957 3154 3200 3226 (311m.

604 3193 1183 3300 PWSbylerivil-ipei;
1256 3193 1263 3194 ί
2156 3193 2160 3194 ί

2238 3232 2265 3255 ³
2368 3251 2522 3321 Apud
2549 3193 2975 3315 Alexandriam:
2993 3249 3189 3304 natalis
3216 3250 3394 3305 sancti
3422 3245 3627 3303 Melraui
3657 3247 3802 3309 marty-

995 3341 1060 3396 A.
1093 3341 1162 3398 IV
1199 3341 1358 3398 ΚΑΒ.
1399 3343 1791 3401 FEBRUARII.
2299 3343 2375 3398 ris
2396 3357 2556 3412 quem
2585 3342 2780 3412 pagani
2811 3349 3143 3411 correptum,
3162 3341 3361 3412 jubent
3391 3339 3544 3408 impia
3567 3335 3700 3390 verba
3714 3343 3800 3400 pro-

1258 3435 1349 3507 (29
1376 3435 1530 3509 Jan.)
2297 3435 2472 3502 ferre;
2502 3434 2645 3504 quod
2663 3433 2752 3489 illo
2782 3441 3089 3498 recusante,
3112 3447 3271 3487 omne
3303 3445 3498 3502 corpus
3523 3429 3624 3499 ejus
3638 3420 3802 3478 fustibus

677 3523 881 3589 Romae,
907 3525 1102 3581 natalis
1127 3524 1306 3597 Papia:
1339 3537 1394 3582 et
1420 3527 1590 3582 Mauri
1649 3529 1899 3595 militum,
1947 3539 2187 3600 tempore
2295 3526 2626 3592 colliserunt,
2657 3525 2970 3594 vultumque
3006 3534 3060 3579 et
3083 3524 3268 3580 oculos
3297 3523 3469 3579 acutis
3495 3515 3688 3575 calamis
3707 3521 3801 3566 tere-

608 3611 946 3672 Diocletiani.
980 3617 1081 3684 Qui
1127 3619 1370 3674 videntes
1416 3621 1774 3676 constantiam
1827 3620 2108 3678 Saturnini
2141 3630 2196 3677 et
2297 3621 2540 3686 brantes,
2573 3628 2730 3675 extra
2761 3618 2948 3674 urbem
2979 3634 3103 3674 cum
3146 3619 3480 3674 cruciatibus
3532 3609 3799 3682 expulerunl,

609 3704 832 3761 Sisinnii
867 3717 1188 3780 martyrum,
1221 3712 1470 3766 conversi
1516 3720 1642 3767 sunt
1668 3713 1734 3766 ad
1762 3713 1944 3778 ﬁdem,
1973 3713 2192 3768 statim-
2298 3710 2481 3779 ibique
2500 3710 2642 3780 quod
2665 3709 2717 3762 in
2740 3723 2806 3764 eo
2832 3716 3112 3779 supererat
3136 3709 3363 3778 spiritus
3407 3704 3657 3777 lapidibus
3677 3695 3798 3767 sicce

609 3813 716 3868 que
736 3797 949 3866 jussum
987 3808 1070 3855 est
1100 3816 1129 3855 a
1157 3800 1414 3858 Laodicio
1435 3804 1690 3874 prmfecto
1718 3804 1980 3870 Urbis,ut
2006 3819 2194 3860 eorum
2301 3810 2447 3856 runt.

1935 4219 3564 4246 __________________________.

604 3905 702 3946 ora
733 3892 928 3961 quibus
979 3893 1256 3955 Christum
1305 3895 1722 3959 conﬁtebantur,
1773 3894 2040 3966 lapidibus
2068 3910 2198 3950 con-
2368 3893 2498 3948 item
2529 3901 2837 3948 sanctorum
2880 3891 3120 3956 Saturni,
3159 3890 3357 3962 Thyrsi
3382 3898 3437 3945 et
3463 3879 3684 3943 VictoriS-

605 3959 984 4047 tunderentur,
1010 3992 1066 4038 et
1098 3986 1508 4042 retruderentur
1531 3987 1586 4041 in
1621 3959 1916 4051 carcerem,
1948 3987 2035 4041 ubi
2069 3988 2202 4057 bap-
2371 3984 2572 4039 Eodem
2597 3983 2685 4038 die
2718 3983 2858 4052 apud
2884 3981 3218 4036 Trientinam
3245 3959 3457 4048 urbem,
3502 3971 3629 4032 beati
3655 3959 3799 4036 Viriim

607 4069 757 4123 tizati
789 4079 945 4125 erant
979 4087 1009 4126 a
1059 4074 1216 4129 beato
1247 4074 1498 4132 Marcello
1549 4092 1704 4148 papa.
1749 4076 1894 4145 Quos
1921 4085 2043 4148 post
2072 4078 2202 4132 duo—
2303 4075 2542 4147 episcopi
2566 4083 2630 4130 et
2652 4076 2922 4146 martyris.

3566 4199 3793 4231 Α

1868 4341 2170 4398 ιιΤΑΝιίΕ
2207 4339 2624 4396 INDICENDE.

1213 4704 1422 4747 HABET
1465 4706 1606 4749 DIES
1650 4707 1883 4763 XXVIII;
1927 4707 1989 4750 ΙΝ
2039 4706 2382 4750 BISSEXTILI
2431 4705 2593 4750 VERO
2639 4703 2824 4759 XXIX;
2870 4704 3060 4757 LUNA,
3109 4702 3281 4746 XXIX.

1053 4954 1112 5008 D.
1147 4953 1300 5009 KAL.
1343 4954 1730 5014 FEBRUARII.
2217 4961 2271 5021 D
2296 4959 2621 5029 perpositus,
2656 4965 2872 5012 oeatum
2899 4969 2996 5025 pro
3019 4955 3236 5011 Christo
3269 4953 3429 5007 ﬁnem
3484 4947 3595 5001 vita:
3637 4933 3798 4995 sortiti!s

1248 5046 1311 5117 (l
1351 5045 1509 5104 Febr.
1537 5048 1556 5118 )
2296 5059 2397 5104 est.
2430 5047 2583 5104 Passi
2613 5056 2738 5104 sunt
2762 5063 2884 5103 eum
2917 5062 2984 5102 eo
3003 5055 3061 5102 et
3083 5046 3177 5101 alii
3199 5041 3518 5115 quindecim.
3699 5115 3708 5119 Δ
3757 5108 3764 5119 ⁹

679 5134 834 5208 Apud
882 5135 1194 5209 Smyrnam,
1237 5115 1431 5194 natalis
1471 5115 1643 5196 sancti
1685 5140 1856 5196 Pionii
1916 5141 2195 5213 martyris,
2368 5138 2569 5195 Eodem
2603 5139 2690 5194 die
2741 5139 2932 5194 beatus
2977 5137 3251 5208 Ephrzem,
3302 5134 3576 5189 Edessena:
3608 5115 3797 5175 Ecclesiae

608 5225 702 5297 qui
754 5227 1126 5297 persecutione
1154 5227 1410 5284 Antonini
1439 5229 1588 5296 Veri,
1620 5239 1743 5301 post
1771 5229 2194 5299 insuperabilem
2299 5230 2535 5286 diaconi.
3768 5288 3776 5298 ,

609 5318 1020 5390 responsionum
1067 5324 1447 5387 constantiam,
1475 5332 1530 5375 et
1576 5323 1880 5392 squalorem
1935 5325 2190 5389 carceris,
2370 5332 2396 5360 ει
2439 5321 2642 5375 Eodem
2670 5319 2755 5374 die
2795 5319 2934 5390 apud
2971 5317 3334 5381 Antiochiam,
3363 5311 3496 5368 beati
3521 5303 3795 5378 lgnam,ept‘

611 5411 701 5467 ubi
755 5411 951 5468 multos
1002 5411 1227 5468 fratrum
1279 5415 1345 5468 ad
1387 5415 1632 5487 martyrii
1686 5415 2026 5471 tolerantiam
2085 5416 2196 5472 suis
2300 5417 2446 5486 scopi
2471 5425 2526 5471 et
2558 5415 2833 5486 martyris.
3615 5485 3622 5487 _
3739 5469 3747 5487 ε

613 5502 1082 5560 exhortationibus
1131 5505 1423 5570 roboravit,
1476 5482 1545 5561 ad
1576 5508 1823 5563 ultimum
1867 5509 2196 5566 cruciatibus
2370 5482 2500 5560 Item
2529 5508 2668 5576 apud
2692 5482 2952 5570 Scotiam,
2975 5510 3174 5558 sancta:
3203 5497 3426 5572 Brigida:
3455 5485 3668 5562 virginis,
3688 5482 3795 5576 clm.”

615 5593 797 5651 multis
836 5607 1079 5662 vexatus,
1107 5597 1273 5653 clavis
1321 5599 1584 5662 conﬁxus,
1619 5609 1671 5653 et
1699 5601 1906 5656 ardenti
1949 5616 2076 5670 rogo
2103 5616 2194 5656 su-
2306 5602 2409 5655 vita
2460 5599 2732 5654 miraculis
2781 5599 3013 5661 claruit;
3044 5613 3162 5666 quae
3195 5611 3313 5650 cum
3347 5593 3538 5662 lignum
3585 5579 3734 5635 altaris
3759 5576 3795 5615 ιη

687 5759 722 5790 ι
751 5748 884 5807 Vide
907 5751 1140 5809 libellum
1173 5753 1237 5808 de
1263 5752 1402 5808 Fest.
1446 5722 1630 5823 Apost.
