3962 6366
71 367 192 424 225

758 350 1360 415 MABTYROLOGIUM
1393 347 1537 408 CUM
1574 345 2106 404 ADDITAMENTIS.
2145 376 2210 386 —
2251 344 2456 400 MENS.
2499 344 2700 400 FEBR.

3249 342 3359 404 226

73 479 460 540 testimonium
486 474 812 548 virginitatis
837 487 949 530 suae
965 471 1250 544 tetigisset,
1277 467 1453 523 viride
1474 465 1672 520 factum
1699 467 1748 525 Α
1779 461 1865 517 ille
1901 460 2226 516 inhumanus
2252 469 2308 515 et
2333 459 2546 523 crudus,
2580 474 2680 514 nec
2709 459 3070 518 multitudinis
3115 473 3359 520 contem-

146 585 190 633 ι.

73 592 190 636 e51.

151 665 366 722 Eodem
387 661 476 718 die
495 659 670 717 sancti
699 657 847 713 Pauli
878 654 1114 727 episcopi
1157 653 1390 710 civitatis
1411 649 1684 706 'l‘recassi-

77 775 197 826 me,
225 755 387 826 cujus
406 763 465 810 et
490 753 600 808 vita
627 750 919 807 virtutibus
953 747 1169 813 claruit,
1185 755 1242 801 et
1265 761 1412 802 mors
1440 743 1678 814 pretiosa

81 849 374 907 miraculis
401 845 834 903 commendatur.

449 957 514 1012 Ε.
559 954 625 1010 lV
659 952 888 1010 NONAS
933 949 1330 1007 FEBRUABII.

767 1043 824 1115 (ε
870 1041 1055 1112 Febr.)

160 1141 484 1214 Hypapante
505 1137 740 1193 Domini.

169 1233 321 1304 Apud
346 1230 676 1295 Caesaream,
706 1226 1004 1282 beatissimi
1051 1223 1288 1281 Cornelii
1329 1222 1684 1284 centurionis,

89 1339 258 1396 quem
285 1322 478 1377 beatus
511 1319 704 1374 Petrus
723 1317 1022 1387 baptizavit
1047 1334 1062 1382 ;
1099 1317 1300 1386 quique
1327 1314 1467 1384 apud
1496 1311 1688 1382 praefa-

93 1423 208 1468 tam
232 1412 448 1474 urbem,
475 1408 714 1479 episcopi
743 1408 950 1462 honore
977 1406 1318 1465 sublimatus,
1355 1401 1578 1472 quievit.

165 1502 369 1557 Eodem
396 1499 484 1555 die
528 1499 732 1562 Romae,
789 1496 960 1552 sancti
1007 1493 1309 1564 Aproniani
1349 1483 1684 1562 llmartyris.

95 1593 203 1661 Qui
241 1592 341 1649 sub
379 1591 756 1661 persecutione
812 1587 1122 1642 Maximiani
1173 1584 1518 1655 imperatoris
1565 1598 1688 1638 cum

95 1689 484 1753 praesentasset
539 1680 847 1751 aspectibus
899 1676 1140 1733 Laodicii
1195 1673 1436 1746 praefecti
1473 1675 1690 1729 beatum

106 1776 414 1832 Sisinnium
439 1774 726 1829 diaconum
757 1772 1008 1826 eductum
1035 1769 1104 1824 de
1125 1782 1346 1823 carcere
1370 1769 1510 1836 (erat
1541 1765 1685 1820 enim

97 1861 636 1933 Commentariensis)
689 1869 744 1914 et
791 1859 968 1914 subito
1024 1858 1222 1912 factam
1251 1855 1423 1910 lucem
1453 1854 1520 1909 de
1549 1853 1687 1908 coelo

99 1955 344 2018 vidisset,
371 1966 667 2022 vocemque
693 1951 898 2020 pariter
920 1949 1206 2013 hausisset,
1225 1945 1574 2002 tremefactus
1602 1958 1691 1996 ce-

102 2045 232 2102 cidit
251 2044 322 2100 ad
342 2043 508 2115 pedes
537 2040 757 2097 Sisinnii
788 2040 973 2094 dicens
1004 2055 1016 2091 :
1045 2036 1250 2106 Adjuro
1296 2044 1348 2090 te
1390 2049 1488 2105 per
1535 2033 1690 2088 Chri-

104 2147 264 2203 stum,
300 2150 464 2206 quem
502 2132 798 2196 conﬁteris,
834 2147 904 2186 ne
951 2129 1133 2185 tardes
1155 2144 1243 2184 me
1278 2127 1573 2196 baptizare,
1607 2125 1690 2180 fa-

106 2228 322 2297 ciasque
354 2239 443 2280 me
467 2223 779 2294 pertingere
831 2229 1010 2277 tecum
1065 2220 1132 2274 ad
1163 2226 1466 2274 'coronam.
1519 2217 1690 2284 Quem

103 2322 295 2376 beatus
323 2317 596 2373 Sisinnius
629 2314 961 2384 baptizatum
991 2312 1057 2366 ad
1081 2310 1508 2380 consignandum
1536 2322 1692 2362 sacro

104 2410 399 2465 chrismate
441 2404 696 2460 Marcello
725 2418 876 2473 papa:
904 2401 1120 2458 obtulit.
1173 2400 1290 2467 Quo
1322 2413 1524 2470 przeses
1546 2413 1692 2452 com-

102 2499 468 2574 perto,jussit
483 2513 608 2553 eum
638 2495 923 2566 capitalem
955 2494 1139 2550 subire
1171 2491 1518 2548 sententiam.
1551 2490 1690 2544 Per-

104 2593 305 2647 ductus
333 2591 512 2662 itaque
547 2589 632 2644 via
682 2586 915 2651 Salaria,
947 2583 1200 2639 milliario
1228 2582 1484 2645 secundo,
1519 2579 1694 2649 capite

108 2692 415 2749 truncatus,
440 2690 636 2752 martyr
663 2691 945 2748 Victorque
975 2673 1230 2732 decessit.

467 2792 529 2848 Ρ.
565 2792 631 2847 Ill
669 2789 897 2848 NONAS
945 2784 1339 2844 FEBRUARI].

766 2880 822 2951 (3
851 2877 1041 2951 Febr.)

177 2973 236 3030 lo
256 2972 464 3039 Africa,
494 2971 639 3027 beati
665 2969 898 3026 Celerini
925 2967 1141 3024 diaconi
1166 2975 1222 3024 et
1248 2964 1597 3023 confessoris.
1631 2963 1700 3018 Et

111 3075 421 3124 sanctorum
449 3073 748 3137 martyrum
776 3062 1040 3118 Celerinae
1067 3061 1202 3116 avia:
1222 3060 1358 3131 ejus,
1387 3066 1444 3113 et
1461 3057 1700 3112 Lauren-

113 3158 232 3224 tini,
261 3166 318 3214 et
337 3156 549 3229 lgnatii.
580 3155 818 3222 Quorum
837 3153 985 3223 prior
1006 3160 1251 3222 patruus,
1282 3164 1515 3220 sequens
1527 3163 1696 3202 avun-
1723 3164 1769 3227 ς

112 3248 266 3305 cuius
287 3249 456 3319 ipsius
485 3246 606 3302 fuit.
639 3247 714 3300 De
743 3259 971 3314 quorum
1021 3242 1262 3298 omnium
1314 3240 1566 3311 gloriosis
1588 3239 1701 3294 lau-

116 3340 270 3397 dibus
293 3347 474 3395 exstat
490 3337 632 3394 beati
665 3334 917 3406 Cypriani
964 3332 1213 3403 epistola,
1242 3347 1363 3402 qua:
1411 3331 1478 3386 de
1509 3330 1594 3386 his
1625 3331 1704 3383 in—

115 3438 199 3485 ter
225 3438 420 3485 caetera
449 3429 521 3482 ita
548 3427 784 3496 loquitur
815 3443 828 3480 :
857 3425 1009 3489 Avia,
1061 3423 1252 3493 inquit,
1301 3422 1415 3492 ejus
1464 3421 1703 3475 Celerina

114 3525 370 3594 martyrio
409 3531 663 3576 coronata
699 3528 794 3574 est.
828 3517 963 3572 Item
999 3525 1220 3587 patruus
1255 3514 1370 3585 ejus
1399 3522 1447 3566 et
1471 3529 1704 3566 avuncu-

118 3614 203 3668 lus
233 3612 586 3666 Laurentinus
609 3620 656 3666 et
682 3609 949 3679 Ignatius,
989 3607 1044 3661 in
1075 3605 1264 3660 castris
1303 3613 1350 3657 et
1380 3603 1507 3672 ipsis
1545 3616 1706 3672 quon-

120 3705 250 3759 dam
309 3702 644 3758 sacularibus
686 3699 1008 3754 militantes:
1032 3696 1123 3752 sed
1173 3695 1282 3749 veri
1320 3703 1370 3749 et
1408 3689 1704 3764 spirituales

118 3793 226 3850 Dei
244 3792 452 3858 milites,
476 3792 603 3846 dum
632 3788 899 3844 diabolum
915 3786 1111 3842 Christi
1131 3784 1452 3855 confessione
1472 3791 1702 3854 proster-

120 3895 276 3953 nunt,
303 3885 508 3957 palmas
555 3882 764 3937 Domini
786 3889 832 3934 et
855 3894 1076 3933 coronas
1098 3875 1296 3931 illustri
1336 3874 1578 3945 passione
1601 3887 1708 3925 me-

120 3987 366 4034 ruerunt.
391 3974 666 4043 Sacriﬁcia
694 3988 788 4043 pro
823 3971 897 4025 eis
921 3985 1120 4040 semper
1143 3967 1221 4039 (ut
1237 3963 1563 4036 meministis)
1579 3963 1707 4032 olfe-

119 4071 313 4136 rimus,
337 4069 540 4140 quoties
566 4075 858 4136 martyrum
896 4063 1168 4133 passiones
1190 4070 1236 4116 et
1260 4060 1371 4115 dies
1403 4058 1707 4113 anniversa-

119 4161 206 4214 ria
255 4158 599 4214 celebratione
659 4168 1145 4216 commemoramus,
1186 4158 1291 4206 etc.
1339 4148 1466 4202 Non
1496 4147 1704 4202 invenio

117 4265 276 4318 quem
304 4249 585 4304 beatiorem
606 4245 770 4316 magis
811 4243 1007 4307 dicam,
1032 4250 1276 4295 utrumne
1303 4237 1425 4293 illos
1456 4237 1521 4291 de
1541 4245 1708 4307 poste-

121 4339 284 4393 ritate
307 4345 420 4391 tam
447 4334 615 4399 clara,
644 4350 714 4388 an
751 4332 888 4386 hunc
911 4331 976 4386 dc
1011 4329 1212 4400 origine
1239 4328 1493 4401 gloriosa.

415 4457 481 4514 C.
507 4455 733 4512 PRlDlE
767 4451 996 4510 NONAS
1035 4451 1424 4508 FEBRUARII.

786 4546 844 4620 (4
865 4545 1050 4617 Febr.)

196 4664 258 4720 In
288 4664 511 4720 civitate
537 4660 779 4738 Egypti,
804 4675 922 4731 quae
947 4658 1246 4729 appellatur
1271 4655 1512 4719 Thmuis,
1531 4655 1711 4726 passio

122 4755 278 4812 beati
302 4754 524 4819 Philete,
551 4751 791 4822 ejusdem
821 4750 970 4805 urbis
992 4749 1254 4820 episcopi,
1316 4755 1372 4802 et
1415 4745 1710 4801 Philoromi

125 4846 340 4903 tribuni
375 4846 606 4901 militum
633 4845 996 4900 Romanorum
1023 4860 1034 4896 :
1066 4857 1189 4897 cum
1212 4841 1407 4910 quibus
1441 4839 1603 4894 etiam
1630 4839 1710 4892 in-

125 4951 362 4992 numera
384 4934 617 4990 ﬁdelium
645 4933 931 4989 multitudo
975 4947 1042 4986 ev
1079 4932 1266 4985 eadem
1295 4929 1448 4993 urbe,
1481 4926 1712 4998 pastoris

124 5027 217 5082 sui
247 5026 476 5097 vestigia
505 5040 737 5095 sequens
758 5022 1130 5094 persecutione
1152 5018 1488 5080 Diocletiani,
1513 5025 1714 5088 marty-

125 5117 218 5173 rio
244 5124 506 5172 coronata
533 5126 634 5172 est.
668 5118 694 5156 δ
724 5115 952 5170 Sedente
979 5125 1212 5182 namque
1239 5125 1335 5181 pro
1358 5109 1715 5164 tribunalibus

125 5205 438 5263 saevissimo
466 5207 716 5278 praaside,
743 5204 1040 5260 offeruntur
1055 5201 1324 5258 innumeri
1356 5200 1590 5255 ﬁdelium
1623 5214 1718 5270 po-

126 5297 270 5370 puli.
329 5297 475 5366 Quos
524 5298 614 5353 ille
657 5296 896 5367 singulos
939 5311 1038 5368 per
1074 5294 1320 5351 ordinem
1347 5290 1623 5348 confessos
1659 5305 1718 5345 se

125 5388 500 5454 Christianos,
530 5390 705 5460 capite
730 5389 888 5459 plecti
905 5387 1078 5458 jubet,
1109 5399 1342 5456 cumque
1372 5383 1618 5439 certatim
1659 5397 1720 5438 se

127 5491 194 5538 et
218 5488 413 5553 sponte
436 5480 774 5537 confessione
800 5481 1098 5553 praemissa,
1143 5477 1322 5551 gladio
1370 5474 1719 5546 subjicerent,

212 5628 242 5659 ι
281 5617 360 5672 De
386 5631 453 5672 eo
481 5617 536 5672 in
555 5615 678 5672 Vita
708 5615 766 5673 S.
799 5615 1111 5680 Marcellini,
1151 5614 1218 5670 16
1246 5611 1509 5670 Januarii.

211 5686 242 5728 ι’
281 5687 480 5742 Euseb.
518 5688 555 5741 l.
606 5703 721 5753 vnt,
765 5703 812 5742 c.
849 5687 902 5750 9,
953 5687 1034 5752 l0,
1064 5679 1130 5741 ex
1185 5686 1431 5743 versione
1472 5679 1724 5751 [tumqui

134 5754 377 5826 plurima
411 5759 655 5813 inseruit.

1716 1815 1763 1874 Β

1783 551 2038 623 platione,
2065 565 2166 606 nec
2201 549 2414 605 virtutis
2443 565 2628 606 eorum
2658 551 3098 621 magnanimitate
3138 568 3357 623 pem

1787 654 1894 708 tus,
1922 642 2046 698 duci
2078 641 2429 697 nihilominus
2454 657 2644 698 omnes
2692 652 2749 698 et
2791 644 2923 699 caedi
2955 646 3133 716 capite
3179 646 3356 716 jubet.

1787 734 1986 788 Verum
2015 732 2072 786 hi
2095 739 2407 787 constanter
2432 740 2488 786 et
2513 731 2726 789 fortiter
2750 749 2871 788 cum
2895 734 3080 791 laetitia
3097 747 3156 793 et
3182 739 3366 794 exsul-

1787 823 1989 878 tatione
2043 831 2275 877 mortem
2302 833 2620 892 praesentem
2653 822 2797 876 velut
2825 832 3040 880 acterna:
3065 826 3189 882 vitae
3215 827 3367 897 prin-

1786 914 1923 984 cipia
1947 913 2250 984 rapiebant.
2290 913 2531 983 Denique
2551 929 2672 967 cum
2701 914 2908 983 priores
2935 916 3132 986 quique
3148 916 3364 988 jugula-

1789 1013 1996 1071 rentur,
2028 1003 2219 1074 reliqui
2245 1020 2352 1058 non
2382 1004 2599 1058 desidiae
2624 1007 2928 1074 auttorpori
2959 1007 3170 1065 animos
3191 1009 3368 1063 indul-

1784 1100 2004 1168 gebant,
2051 1098 2146 1151 sed
2192 1096 2482 1167 psallentes
2509 1106 2564 1151 et
2585 1097 2816 1167 hymnos
2841 1097 2949 1153 Deo
2976 1109 3251 1164 canentes,
3282 1099 3366 1154 lo-

1786 1203 1908 1245 cum
1937 1189 2162 1260 quisque
2197 1189 2279 1243 sui
2300 1187 2544 1259 martyrii
2574 1188 2940 1257 exspectabat,
2972 1199 3031 1244 ut
3061 1191 3175 1246 haec
3205 1206 3371 1261 agen-

1789 1294 1891 1348 tes,
1924 1283 2088 1339 etiam
2121 1291 2396 1337 extremos
2425 1281 2648 1351 Spiritus
2678 1280 2732 1335 in
2779 1279 2875 1334 Dei
2908 1280 3160 1337 laudibus
3205 1281 3370 1336 exha-

1788 1371 1980 1428 larent.
2007 1369 2050 1428 0
2080 1389 2205 1428 vere
2241 1372 2507 1428 mirabilis
2536 1381 2590 1426 et
2628 1370 2773 1427 omni
2799 1369 3142 1426 veneratione
3178 1372 3375 1442 dignus

1789 1477 1921 1537 grex
1955 1464 2045 1518 ille
2073 1465 2378 1527 beatorum,
2413 1472 2588 1518 turma
2626 1462 2865 1516 virorum
2906 1460 3146 1528 fortium,
3172 1474 3376 1518 corona

1789 1553 2094 1624 splendoris
2115 1554 2299 1624 gloria:
2325 1553 2559 1609 Christi!
2589 1551 2738 1607 Hanc
2766 1568 2898 1607 sane
2948 1568 3202 1608 coronam
3247 1568 3377 1623 pre-

1791 1646 1980 1700 tiosior
2009 1646 2250 1700 omnium
2277 1645 2433 1715 lapis,
2467 1653 2520 1700 et
2535 1659 2746 1714 gemma
2775 1644 3007 1699 nobilior
3032 1644 3332 1698 adornabat
3359 1659 3374 1709 ;

1793 1739 1933 1794 hanc
1965 1747 2197 1792 turmam
2223 1737 2449 1809 praeibat
2483 1738 2676 1792 ductor
2719 1737 2999 1802 illustrior,
3053 1737 3196 1792 hunc
3252 1751 3377 1808 gre-

1791 1845 1909 1899 gem
1935 1838 2123 1899 pastor
2153 1829 2390 1884 nobilior
2416 1828 2708 1884 decorabat
2739 1846 2751 1882 :
2783 1827 2999 1884 Phileas
3026 1828 3151 1883 huic
3184 1839 3380 1882 nomen

1791 1930 1898 1986 est,
1930 1921 2020 1991 qui
2049 1931 2165 1977 erat
2191 1923 2477 1993 episcopus
2503 1921 2653 1976 urbis
2681 1921 2867 1991 ipsius.
2908 1917 3005 1977 Hic
3044 1919 3380 1977 nobilitatem

1789 2015 1946 2084 primi
1971 2015 2204 2086 generis,
2236 2016 2531 2072 secundum
2558 2015 2723 2070 animi
2747 2015 3000 2069 virtutem
3042 2015 3110 2069 de
3141 2011 3379 2070 caelesti-

1790 2107 1890 2163 bus
1915 2103 2167 2162 trahebat
2199 2120 2214 2161 :
2247 2105 2314 2163 de
2341 2105 2574 2162 terrenis
2605 2123 2752 2171 vero,
2801 2112 3060 2176 quantum
3107 2106 3173 2160 ad
3207 2121 3381 2161 saecu-

1791 2196 1904 2252 lum
1940 2198 2198 2268 pertinet,
2226 2197 2418 2268 primis
2444 2198 2496 2252 in
2519 2194 2757 2252 Romana
2787 2191 3060 2266 republica
3087 2191 3384 2251 honoribus

1793 2285 2018 2341 fructus.
2045 2287 2363 2343 Eruditione
2393 2301 2606 2357 quoque
2630 2285 2933 2342 liberalium
2965 2284 3292 2351 litterarum,
3328 2291 3386 2340 et

1792 2379 2045 2452 omnibus
2079 2395 2199 2449 qua:
2220 2380 2285 2434 ad
2310 2379 2476 2434 animi
2497 2379 2749 2433 virtutem
2781 2379 3053 2447 pertinent
3081 2378 3382 2442 exercitiis,

1794 2469 2038 2539 apprime
2065 2472 2330 2526 eruditus.
2361 2469 2458 2527 Hic
2496 2486 2618 2525 cum
2660 2469 2923 2540 plurimos
2952 2471 3284 2541 propinquos
3327 2479 3388 2525 et

1793 2559 2223 2630 consanguineos
2247 2559 2454 2615 nobiles
2474 2561 2619 2615 viros
2646 2560 2698 2614 in
2728 2560 2916 2615 eadem
2955 2560 3088 2615 urbe
3136 2561 3382 2626 haberet,

1793 2647 2105 2718 frequenter
2133 2649 2198 2704 ad
2229 2649 2510 2720 praesidem
2539 2650 2839 2705 ducebatur
2871 2667 2886 2704 :
2916 2651 3142 2721 ejusque
3164 2649 3390 2706 monitis

1796 2741 2160 2811 acquiescere,
2215 2749 2294 2796 tot
2346 2751 2401 2798 et
2450 2742 2613 2796 tantis
2641 2741 2957 2812 pr0pinquis
2996 2741 3378 2809 exorantibus,

1796 2842 2102 2904 respectum
2128 2833 2329 2889 habere
2354 2833 2540 2888 uxoris
2567 2843 2622 2889 et
2647 2833 3158 2904 contemplationem
3186 2832 3384 2888 suade-

1797 2925 1958 2981 batur
1994 2921 2605 2992 suscipereliberorum,
2636 2937 2813 2992 neque
2842 2923 2894 2978 in
2922 2931 3097 2992 coepta
3126 2937 3392 2993 praesum-

1796 3016 1982 3087 ptione
2009 3015 2322 3085 persistere.
2354 3015 2454 3069 Ast
2487 3013 2574 3068 ille
2623 3012 2770 3068 velut
2815 3013 2861 3068 si
2892 3029 3086 3068 saxum
3112 3012 3392 3069 immobile

1798 3108 1942 3163 unda
1991 3106 2321 3171 allideretur,
2377 3105 2733 3176 garrientium
2781 3103 2925 3158 dicta
2952 3119 3230 3175 respuere,
3260 3103 3386 3159 ani-

1805 3214 1921 3254 mos
1951 3199 2016 3254 ad
2045 3198 2241 3254 coelum
2273 3197 2516 3262 tendere,
2546 3196 2715 3252 Deum
2745 3195 2798 3251 in
2829 3196 3002 3252 oculis
3035 3196 3258 3263 habere,
3292 3211 3392 3266 pa-

1805 3304 1986 3350 rentes
2013 3303 2067 3349 et
2091 3295 2423 3364 pmpinquos
2471 3300 2690 3347 sanctos
2739 3298 3010 3362 martyres
3039 3299 3095 3346 et
3122 3290 3396 3362 apostolos

1805 3387 2022 3441 ducere.
2056 3385 2260 3440 Aderat
2288 3394 2417 3440 tunc
2443 3385 2662 3454 quidam
2691 3384 2775 3439 vir
2803 3399 2968 3454 agens
2993 3390 3229 3438 turmam
3245 3383 3387 3438 mili-
3431 3397 3446 3420 δ

1807 3484 1918 3530 ttsm
1949 3476 2332 3537 Romanorum,
2381 3474 2722 3530 Philoromus
2749 3475 2986 3540 nomine,
3020 3475 3111 3544 qui
3142 3490 3265 3530 cum
3297 3475 3384 3529 vi-

1805 3569 1958 3624 deret
1983 3565 2225 3622 Phileam
2254 3567 2921 3636 circumdatumlacrymis
2949 3566 3394 3637 pr0pinqnorum,

1805 3665 1861 3714 et
1889 3657 2136 3728 praesidis
2159 3656 2455 3713 calliditate
2485 3657 2725 3727 fatigari,
2755 3671 2856 3712 nec
2895 3666 3076 3711 tamen
3107 3655 3248 3712 ﬂecti
3300 3667 3398 3712 aut

1805 3747 2024 3818 infringi
2051 3745 2321 3802 ullatenus
2349 3759 2527 3816 posse,
2557 3744 2828 3801 exclamat
2860 3763 2872 3797 :
2904 3743 3044 3811 Quid
3078 3745 3313 3799 inaniter
3341 3752 3398 3800 et

1805 3834 2076 3907 superflue
2102 3834 2462 3892 constantiam
2491 3833 2592 3888 viri
2633 3832 2893 3889 tentatis?
2943 3831 3081 3898 Quid
3128 3848 3272 3897 eum,
3303 3831 3396 3902 qui

1807 3924 1966 3980 ﬁdem
1993 3925 2103 3981 Deo
2129 3934 2311 3981 servat
2332 3923 2606 3979 inﬁdelem
2630 3920 2793 3977 vultis
2817 3920 3070 3976 efﬁcere?
3093 3921 3232 3989 Quid
3273 3935 3395 3976 eum

1807 4019 1998 4090 cogitis
2025 4032 2223 4089 negare
2268 4016 2438 4072 Deum
2478 4024 2537 4071 ut
2567 4013 2876 4070 hominibus
2909 4012 3253 4083 acquiescat?
3282 4011 3398 4068 Non

1806 4110 2002 4166 videtis
2053 4110 2198 4181 quod
2233 4123 2396 4165 aures
2439 4107 2554 4178 ejus
2582 4115 2766 4162 vestra
2793 4107 2959 4161 verba
2999 4121 3107 4161 non
3153 4105 3397 4171 audiunt,

1808 4201 1950 4272 quod
1991 4199 2131 4257 oculi
2159 4198 2274 4269 ejus
2324 4206 2532 4254 vestras
2563 4195 2836 4267 lacrymas
2867 4210 2971 4251 non
2999 4195 3226 4252 vident?
3251 4192 3402 4262 Quo-

1809 4293 1970 4348 modo
1995 4299 2176 4363 potest
2198 4289 2428 4346 terrenis
2459 4285 2715 4358 lacrymis
2735 4283 2898 4352 flecti,
2944 4285 3098 4355 cujus
3125 4285 3265 4340 oculi
3296 4297 3403 4339 co:-

1808 4377 2000 4438 lestem
2029 4380 2255 4452 gloriam
2286 4377 2648 4434 contuentur?
2672 4372 2804 4432 Post
2829 4375 2946 4430 haec
2983 4375 3149 4440 dicta,
3181 4381 3402 4428 cuncto-

1811 4486 1932 4526 rum
1957 4471 2036 4525 ira
2083 4470 2135 4525 in
2180 4468 2564 4524 Pholoromum
2612 4480 2808 4531 versa;
2857 4479 3020 4520 unam
3047 4463 3404 4532 eamdemque

1812 4561 2157 4626 sententiam,
2187 4575 2308 4615 eum
2335 4574 2459 4614 cum
2492 4555 2675 4612 Philea
2701 4556 2885 4612 subire
2910 4561 3157 4625 poscunt.
3192 4552 3403 4620 Quibus

1811 4655 2045 4710 libenter
2069 4667 2316 4708 annuens
2345 4649 2540 4720 judex,
2564 4657 2857 4718 utrumque
2902 4645 3059 4716 plecti
3107 4645 3284 4714 capite
3321 4642 3405 4713 ju-

1810 4745 1923 4799 bet.
1952 4741 2104 4798 Passi
2135 4749 2262 4796 sunt
2293 4736 2349 4794 hi
2377 4738 2522 4794 beati
2573 4745 2840 4808 martyres
2881 4735 2980 4790 sub
3027 4733 3405 4805 persecutione

1814 4832 2128 4890 Diocletiani
2156 4843 2204 4885 ο.

2239 4920 2306 4977 Α.
2351 4918 2554 4978 NONIS
2584 4916 2976 4976 FEBRUARII.

2487 5012 2543 5084 (5
2575 5011 2763 5083 Febr.)

1891 5113 1919 5153 ἀ
1949 5113 2006 5168 ln
2033 5111 2218 5168 Sicilia
2248 5110 2469 5167 civitate
2520 5107 2932 5171 Catanensium,
2984 5105 3164 5178 passio
3205 5110 3407 5158 sanctae

1822 5202 2045 5274 Agathae
2069 5200 2313 5273 virginis,
2340 5199 2441 5254 sub
2482 5197 2808 5260 imperatore
2857 5195 3035 5257 Decio,
3085 5187 3407 5263 proconsule

1824 5295 2166 5363 Quinctiano,
2203 5308 2322 5365 quae
2344 5299 2466 5364 post
2494 5291 2678 5361 alapas
2700 5299 2755 5345 et
2780 5301 3077 5352 carcerem,
3102 5293 3221 5354 post
3239 5292 3406 5351 equir-

1820 5385 1962 5443 leum
1995 5395 2048 5442 et
2097 5386 2384 5452 tortiones,
2412 5392 2538 5456 post
2578 5381 2944 5437 mamillarum
2993 5375 3404 5435 abscissionem,

1823 5480 1918 5537 sed
1945 5496 1976 5534 a
2005 5479 2232 5535 Domino
2273 5477 2631 5542 sanationem,
2661 5483 2784 5545 post
2833 5468 3220 5527 volutationem
3248 5463 3301 5518 in
3326 5468 3406 5516 te-

1899 5623 1922 5653 ο
1969 5611 2105 5667 Male
2135 5612 2187 5666 in
2217 5627 2317 5666 ms.
2347 5619 2466 5665 erat
2490 5607 2737 5663 Deciana.

1900 5683 1926 5722 ά
1969 5681 2100 5737 Vide
2129 5681 2367 5737 libellum
2402 5681 2468 5735 de
2495 5679 2639 5736 Fest.
2674 5679 2854 5748 Apost.
