3962 6366
640 329 752 392 ᾯΞΊ

1658 329 1715 387 s.
1756 321 2010 387 ADONIS
2044 327 2472 386 ARClllEPISC.
2517 314 2926 386 vaNENsrs
3739 341 3811 399 ω

645 447 804 508 stulis
825 454 886 503 et
905 437 1253 512 carbonibus,
1277 443 1492 500 tandem
1528 443 1581 498 in
1607 457 1826 499 carcere
1861 449 2233 500 consummata
2261 447 2309 508 Α
2337 451 2612 500 secutores
2691 455 2882 498 omnes
2956 441 3189 512 primum
3264 440 3449 500 dentes
3497 459 3810 522 excusserunt,

646 549 1116 692 “Uiennabeati
1141 625 1278 680 Aviti
1291 624 1553 695 episcopi,
1581 622 1734 692 cujus
1764 623 1865 679 lide
1883 632 1936 678 et
1961 621 2226 690 industria

646 726 811 788 atque
837 715 1140 770 admirabili
1197 714 1463 776 doctrina,
1493 721 1734 782 tempore
1769 711 2103 768 Gundobaldi
2142 726 2225 766 re-

647 811 752 881 gis,
779 809 848 863 ab
868 807 1210 863 int‘estatinne
1230 804 1444 858 Arianae
1473 803 1744 860 haereseos
1771 803 1957 858 Gallia:
1992 801 2224 857 defensae

649 909 795 954 sum'
1028 963 1090 1018 Β.
1118 963 1224 1019 Vlll
1252 963 1410 1020 IDUS
1446 957 1836 1020 FEBRUARU.

1303 1057 1358 1126 (6
1385 1055 1570 1128 Febr.)

719 1145 870 1219 Apud
896 1149 1208 1204 Ctesaream-
1225 1148 1598 1218 Cappadocia),
1622 1146 1815 1202 natalis
1837 1154 2037 1202 sancta:
2058 1144 2225 1201 Doro-

649 1243 785 1295 thea:
831 1239 1080 1309 virginis,
1107 1256 1228 1308 quae
1277 1239 1376 1293 sub
1398 1239 1614 1309 Apricio
1640 1237 1734 1308 [αι.
1763 1233 2075 1307 Sapricio.],
2102 1249 2225 1304 pro-

648 1332 841 1386 vincia:
896 1332 1066 1400 ipsius
1115 1331 1343 1396 praeside
1394 1331 1626 1399 primum
1659 1329 1872 1398 equulei
1907 1328 2223 1382 extensione

644 1431 857 1485 vexata,
885 1421 1006 1473 dein
1039 1419 1230 1489 palmis
1257 1419 1556 1474 diutissime
1584 1434 1741 1482 cresa,
1771 1418 1836 1472 ad
1866 1417 2109 1470 ultimum
2130 1431 2223 1472 ca-

643 1510 795 1580 pitali
813 1509 1076 1564 sententia
1103 1508 1288 1577 punita
1313 1518 1416 1561 est.
1434 1509 1678 1578 Cumque
1700 1508 1984 1578 egrediens
1998 1507 2064 1561 de
2087 1521 2223 1576 pra:-

646 1602 786 1654 torio
807 1601 1095 1653 duceretur
1123 1600 1190 1651 ad
1218 1596 1808 1665 mortem,The0pbilus
1832 1597 2047 1665 quidam
2066 1597 2226 1650 scho-

644 1688 868 1743 lasticus
906 1688 981 1741 ait
1029 1687 1094 1739 ad
1149 1702 1264 1740 eam
1297 1704 1310 1739 :
1341 1687 1435 1739 Eia
1481 1695 1536 1738 tu
1580 1673 1774 1755 sponsa
1817 1686 2038 1752 Christi,
2070 1687 2224 1740 mitte

643 1780 777 1834 mihi
803 1779 941 1832 mala
962 1780 1027 1832 de
1053 1779 1302 1846 paradiso
1329 1779 1507 1847 sponsi
1539 1778 1634 1830 tui.
1653 1777 1780 1842 Qua:
1807 1778 1992 1832 statim
2021 1777 2222 1847 prorni-

643 1867 714 1922 sit
742 1882 800 1921 se
828 1881 947 1921 esse
984 1864 1337 1920 missuram.U
1350 1867 1400 1918 bi
1429 1880 1557 1935 ergo
1585 1876 1802 1919 ventum
1826 1877 1911 1920 est
1939 1867 2006 1919 ad
2051 1867 2228 1920 locum

644 1956 700 2010 in
728 1955 1141 2026 quojugulanda
1172 1965 1310 2018 erat,
1342 1955 1611 2025 paulisper
1637 1957 1884 2010 oratione
1905 1956 2072 2021 facta,
2102 1973 2226 2027 pro-

645 2045 770 2101 tulit
800 2045 1039 2099 orarium
1061 2061 1246 2110 suum;
1281 2054 1334 2098 et
1356 2057 1546 2099 vocato
1573 2047 1641 2100 ad
1663 2063 1719 2101 se
1741 2049 1971 2116 quodam
2000 2048 2227 2117 puerulo

645 2150 913 2190 annorum
959 2151 1074 2199 sex,
1106 2134 1252 2188 misit
1287 2133 1605 2204 TheOphilo,
1639 2136 1862 2191 dicens:
1898 2136 1993 2191 Dic
2021 2139 2091 2202 ei,
2125 2138 2228 2190 Do-

647 2227 840 2280 rothea
868 2223 1063 2277 ancilla
1097 2221 1191 2276 Dei
1215 2224 1381 2276 mittit
1406 2223 1496 2278 tibi
1526 2223 1661 2277 mala
1685 2225 1750 2278 de
1770 2226 2020 2294 paradiso
2043 2226 2226 2294 sponsi

646 2315 732 2369 sui
763 2312 1288 2381 Christi.Accipiens
1320 2312 1432 2375 ille,
1460 2321 1515 2365 et
1538 2314 1741 2382 gratias
1766 2328 1930 2384 agens
1961 2317 2102 2385 quod
2134 2331 2227 2386 pe-

645 2405 891 2460 titionem
919 2403 1033 2471 ejus
1058 2402 1348 2471 implesset,
1397 2403 1560 2471 C(Bpil.
1606 2404 1707 2457 sibi
1759 2403 1953 2459 faciem
1996 2414 2225 2476 tergere,

647 2503 905 2565 tantaque
934 2503 1154 2564 repente
1181 2493 1444 2546 suavitate
1470 2494 1714 2562 perlusus
1745 2504 1851 2561 est,
1894 2496 1968 2551 ita
2017 2508 2074 2551 ut
2116 2505 2225 2552 tota

646 2594 826 2639 mente
878 2591 1117 2638 mutatus
1167 2598 1290 2637 cum
1334 2581 1522 2652 grandi
1573 2583 1934 2639 exsultatione
1971 2593 2027 2639 et
2077 2585 2225 2640 clara

642 2690 775 2731 voce
797 2675 992 2744 saepius
1028 2673 1313 2743 replicaret
1344 2687 1359 2726 :
1389 2672 1740 2727 Benedictum
1771 2690 1972 2729 nomen
2013 2677 2226 2730 Domini

643 2766 751 2821 mei
785 2765 909 2821 Jesu
959 2764 1180 2819 Christi.
1211 2763 1292 2819 Ob
1338 2778 1500 2832 quam
1554 2762 1948 2818 confessionem
1997 2780 2122 2824 mox
2172 2774 2228 2820 et

643 2855 759 2925 ipse
781 2863 975 2918 tentus,
1005 2869 1069 2907 ac
1092 2867 1384 2922 suspensus
1405 2853 1458 2906 in
1480 2853 1707 2920 equuleo
1731 2861 1879 2906 tanta
1908 2855 2227 2910 crudelitate

645 2952 821 3000 tortus
851 2953 954 3010 est,
987 2952 1044 2997 ut
1097 2957 1288 2997 omnes
1331 2943 1744 2996 circumstantes
1804 2943 2221 3012 horrescerent;

645 3037 940 3092 novissime
965 3049 1105 3090 caeso
1129 3034 1302 3103 capite
1332 3033 1649 3103 martyrium
1679 3035 2089 3089 consummavit.

2327 535 2520 591 deinde
2541 550 2662 591 cum
2687 536 3040 601 minarentur,
3063 544 3372 592 constructo
3394 552 3690 598 acsuccenso
3705 561 3810 618 rego,

2326 643 2446 682 eam
2473 643 2533 683 se
2558 628 2735 682 vivam
2763 626 3099 693 incensuros,
3141 627 3244 683 nisi
3273 641 3396 682 cum
3422 628 3500 683 eis
3523 630 3665 702 impia
3697 641 3810 695 verba

2325 717 2612 787 proferret,
2653 717 2740 772 illa
2765 717 3058 788 paululum,
3079 718 3206 787 quid
3261 727 3461 790 ageret,
3507 719 3632 777 intra
3669 737 3811 783 semet-

2327 809 2497 879 ipsam
2522 809 2842 874 deliberans,
2861 818 3080 878 repente
3106 809 3172 864 de
3197 810 3440 866 manibus
3470 810 3714 881 impiorum
3730 833 3812 887 pm.

2328 897 2492 967 rupit,
2525 906 2580 954 et
2608 898 2662 953 in
2682 899 2861 969 ignem
2888 912 3049 968 quem
3073 897 3438 964 minabantur,
3460 911 3632 971 sponte
3660 910 3810 975 prosili.

2326 987 2422 1043 vit.

2715 1075 2778 1132 F.
2824 1076 2894 1133 Ν
2921 1075 3081 1133 IDUS
3123 1076 3506 1135 FEBRUARII.

2957 1167 3050 1239 (io
3080 1166 3265 1240 Febr.)

2397 1253 2600 1322 Romae,
2629 1253 2822 1313 natalis
2853 1265 3158 1312 sanctorum
3181 1267 3475 1331 martyrum
3499 1260 3665 1328 Zotici,
3681 1260 3809 1333 Iresa,

2331 1345 2617 1419 Hyacinthi
2647 1359 2702 1404 et
2727 1350 2986 1405 Amantii.

2397 1440 2596 1496 Eodem
2620 1442 2706 1498 die
2733 1444 2785 1498 in
2812 1443 3051 1512 Oriente,
3075 1455 3278 1502 sanctae
3299 1447 3499 1504 Soteris
3519 1451 3718 1521 virginis,
3735 1470 3809 1524 qua

2327 1532 2568 1602 graviter
2601 1541 2657 1587 et
2681 1533 2980 1589 diutissime
3007 1535 3176 1605 alapis
3201 1553 3362 1605 caesa,
3394 1555 3508 1594 cum
3533 1552 3695 1596 caatera
3728 1560 3810 1614 quo-

2329 1633 2432 1688 que
2455 1635 2734 1689 pinnarum
2758 1638 2954 1693 genera
2983 1625 3217 1692 vicisset,
3249 1627 3423 1697 gladio
3435 1633 3709 1702 martyrium
3723 1649 3808 1690 con-

2329 1713 2636 1766 summavit.

2254 1792 2298 1850 Β
2393 1801 2523 1856 Item
2559 1802 2743 1858 Romae
2767 1805 2851 1859 via
2877 1805 3163 1874 Lavicana,
3195 1809 3380 1864 decem
3407 1810 3635 1866 militum.

2712 1915 2866 1972 (λιιι
2911 1918 3073 1975 IDUS
3119 1920 3508 1977 FEBRUARII.

2957 2011 3041 2081 (ll
3088 2010 3274 2082 Febr.)

2392 2094 2547 2164 Apud
2587 2096 2868 2166 Viennam,
2893 2101 3066 2156 sancti
3093 2101 3385 2173 Symplidis
3411 2105 3644 2174 episcopi,
3661 2115 3703 2160 et
3722 2121 3806 2162 con-

2326 2184 2568 2240 fessoris.

2396 2275 2527 2330 ltcm
2557 2279 2698 2346 apud
2723 2279 3123 2345 Alexandriam,
3148 2283 3412 2353 depositio
3438 2295 3619 2342 sancta:
3630 2287 3804 2356 Euphra-

2325 2365 2419 2420 sia:
2442 2367 2685 2436 virginis,
2715 2385 2834 2438 quae
2860 2371 2912 2424 in
2943 2374 3273 2428 monasterio
3316 2375 3450 2428 mira
3502 2376 3672 2430 virtute
3693 2377 3803 2430 absti-

2326 2457 2520 2512 nentiae
2549 2466 2604 2512 et
2627 2458 2899 2516 miraculis
2923 2461 3136 2518 claruit.

2621 2570 2686 2625 A.
2744 2572 2969 2629 PRIDIE
3012 2574 3170 2632 IDUS
3217 2577 3592 2635 FEBRUARII.

2965 2667 3055 2737 (12
3084 2667 3272 2740 Febr.)

2395 2754 2452 2810 In
2477 2755 2748 2826 Hispaniis
2768 2759 2986 2816 civitate
3011 2761 3336 2828 Barcinona,
3369 2764 3550 2818 natalis
3567 2771 3724 2818 sancta!
3738 2760 3805 2815 Eu-

2327 2844 2462 2900 lalia:
2506 2847 2730 2917 virginis
2775 2858 2830 2904 et
2868 2852 3142 2922 martyris,
3191 2868 3313 2922 qua:
3341 2868 3497 2923 passa
3535 2863 3608 2908 est
3637 2862 3806 2920 tempore

2327 2936 2640 2993 Diocletiani
2668 2938 3046 3009 imperatoris,
3075 2943 3176 2998 sub
3217 2943 3472 3012 praefecto
3521 2942 3806 3012 Hispaniarum

2327 3023 2582 3092 Daciano,
2615 3029 2830 3098 quando
2853 3031 2956 3086 sub
2985 3032 3192 3096 eodem,
3231 3034 3371 3103 apud
3392 3033 3702 3088 Barcinonam
3727 3045 3809 3083 san-

704 3127 907 3182 Eodem
936 3127 1042 3195 die,
1067 3124 1258 3180 natalis
1275 3125 1448 3180 sancti
1474 3125 1803 3192 Antholiani,
1853 3127 1945 3196 qui
1966 3128 2106 3198 apud
2132 3143 2226 3182 ur-
2255 3132 2298 3194 ρ
2329 3123 2474 3169 Clum
2502 3115 2892 3188 Cucupbalum.
2917 3128 2973 3174 et
2990 3121 3129 3191 apud
3143 3120 3450 3178 Gerundam
3486 3129 3692 3178 sanctum
3716 3116 3809 3173 Feli-

647 3219 771 3275 bem
794 3220 1092 3273 Arvernam
1116 3218 1372 3287 martyrio
1401 3226 1688 3272 coronatus
1715 3226 1816 3272 est.

1037 3307 1098 3364 C.
1129 3308 1216 3364 Vll
1257 3307 1415 3363 IDUS
1445 3306 1832 3364 FEBRUARII.

1290 3400 1354 3471 (7
1396 3397 1593 3470 Febr.)

720 3494 778 3548 In
804 3492 1101 3549 Britanniis
1125 3492 1346 3548 civitate
1391 3493 1652 3563 Augusta,
1684 3492 1879 3548 natalis
1916 3494 2089 3549 sancti
2118 3494 2229 3549 Au-

647 3585 760 3659 guli
787 3585 1025 3658 episcopi
1049 3594 1103 3640 et
1124 3585 1407 3656 martyris.
1648 3638 1656 3646 ,

721 3674 853 3730 Item
875 3675 1049 3730 sancti
1079 3673 1334 3745 Moysetis
1360 3673 1683 3730 venerabilis
1716 3673 1974 3745 episcopi,
2006 3674 2097 3744 qui
2121 3673 2232 3745 pri-

646 3781 738 3823 mo
759 3767 974 3837 quidem
1004 3765 1057 3819 in
1090 3780 1276 3821 eremo
1305 3765 1470 3820 vitam
1488 3765 1786 3820 solitariam
1810 3767 2034 3831 ducens,
2072 3766 2233 3820 meri-

648 3857 723 3913 tis
747 3872 812 3914 ac
849 3856 1140 3911 virtutibus
1166 3864 1223 3910 et
1257 3855 1448 3926 signis,
1481 3871 1602 3926 quae
1656 3856 1891 3910 faciebat
1936 3873 2034 3928 per
2083 3857 2231 3912 illum

647 3947 796 4003 Deus
846 3946 1139 4016 magniﬁce
1167 3945 1496 3999 innotuerat.
1524 3945 1626 4012 Qui
1650 3948 1991 4015 postmodum
2020 3956 2236 4019 petente

647 4035 860 4091 Mauvia
891 4035 1285 4090 Saracenorum
1325 4035 1530 4106 regina,
1579 4037 1863 4108 episc0pus
1897 4040 2072 4110 gentis
2094 4039 2235 4096 illius

650 4127 849 4194 factus,
877 4127 1002 4183 ﬁdei
1040 4127 1320 4186 catholicae
1357 4129 1646 4183 custodivit
1682 4129 1996 4186 intemerata
2023 4147 2238 4187 consor-

651 4219 748 4286 tia,
775 4227 830 4276 et
854 4229 1071 4291 gentem
1101 4219 1191 4274 cui
1222 4220 1378 4276 datus
1402 4218 1583 4276 fuerat
1634 4222 1938 4293 episcopus,
1961 4238 2027 4278 ex
2048 4224 2236 4295 grandi

650 4318 805 4382 parte
827 4310 894 4365 ad
931 4309 1090 4365 fidem
1110 4309 1312 4366 Christi
1339 4310 1625 4366 convertit.
1669 4311 1868 4382 Sicque
1885 4313 2157 4384 perfectus
2183 4313 2237 4368 in

649 4404 964 4470 virtutibus,
988 4401 1041 4458 in
1067 4417 1201 4473 pace
1225 4402 1452 4472 quievit.

1047 4495 1090 4548 D
1141 4493 1206 4549 Vl
1247 4493 1406 4551 IDUS
1458 4493 1850 4552 FEBRUARII.

1289 4583 1366 4656 (8.
1411 4583 1600 4656 Febr.)

639 4671 642 4673 λ
725 4690 753 4718 ι
788 4675 944 4747 Apud
991 4675 1304 4731 Armeniam
1351 4677 1640 4743 minorem,
1685 4674 1882 4732 natalis
1927 4682 2236 4734 sanctorum

652 4753 897 4837 Dionysii
923 4763 1200 4819 Emiliani
1229 4772 1285 4828 et
1305 4761 1633 4819 Sebastiani.

725 4857 931 4914 Eodem
973 4856 1093 4922 die,
1128 4855 1268 4925 apud
1325 4853 1741 4922 Alexandriam,
1789 4855 1987 4912 natalis
2031 4863 2234 4912 sanctae

654 4946 901 5004 Cointhas
927 4945 1199 5016 martyris.
1232 4942 1382 5000 Hauc
1409 4944 1604 5016 pagani
1626 4953 1932 5014 correptam
1972 4945 2042 5000 ad
2090 4944 2232 5000 idola

652 5037 1034 5108 perducentes,
1059 5035 1290 5091 adorare
1312 5035 1594 5104 cogebant.
1637 5035 1767 5101 Qua:
1789 5050 1911 5090 cum
1941 5034 2033 5089 illa
2082 5049 2234 5091 exse-

655 5140 818 5183 crans
848 5133 1147 5190 recusaret,
1173 5124 1384 5180 vincula
1415 5125 1641 5194 pedibus
1670 5125 1787 5195 ejus
1809 5124 2238 5190 innectentes,et

656 5234 754 5292 per
773 5217 982 5290 plateas
1018 5216 1182 5272 totius
1229 5216 1465 5272 civitatis
1483 5231 1605 5271 eam
1637 5217 1940 5282 trahentes,
1964 5213 2238 5271 horrendo

657 5310 918 5382 supplicio
942 5309 1364 5380 discerpserunt.

1083 5398 1146 5454 E.
1179 5400 1222 5455 γ
1245 5398 1403 5454 IDUS
1429 5395 1815 5456 FEBRUARII.

1304 5489 1358 5560 (9
1389 5488 1570 5561 Febr.)

737 5581 768 5624 δ
798 5581 1162 5649 Alexandriae,
1187 5588 1391 5636 sanctze
1411 5579 1706 5652 Apollonia:
1734 5578 1990 5651 virginis;
2018 5579 2241 5651 cuiper-

734 5724 765 5756 ι
796 5711 990 5771 Euseb.
1020 5711 1058 5769 l.
1087 5729 1160 5772 vt.
1185 5728 1234 5771 c.
1274 5711 1363 5779 δι,
1399 5711 1502 5781 vel,
1528 5713 1616 5780 5|,
1645 5729 1710 5770 ex
1749 5713 1998 5771 versione
2019 5711 2234 5770 Bullini.

2327 3221 2466 3272 cem,
2488 3207 2748 3278 gloriosas
2783 3219 2992 3266 constat
3037 3213 3285 3284 martyrii
3338 3216 3594 3284 accepisse
3630 3223 3807 3268 comm.

2329 3295 2602 3366 Scriptum
2630 3298 2684 3353 in
2709 3300 2962 3369 passione
2990 3312 3190 3358 sanctae
3233 3303 3526 3360 Leocadiaa.
3556 3304 3604 3375 (9
3631 3299 3742 3370 Dec.)

2397 3390 2455 3446 In
2482 3391 2684 3456 Africa.
2710 3394 2894 3464 passio
2920 3397 3094 3452 sancti
3127 3397 3374 3454 Damiani
3397 3398 3588 3454 militis.

2399 3480 2466 3535 Et
2493 3481 2548 3537 in
2575 3481 2921 3550 Alexandria,
2955 3483 3181 3541 Modesti
3220 3473 3278 3542 et
3306 3487 3564 3544 Ammonii
3604 3482 3809 3540 infantum.

2742 3595 2801 3650 Β.
2841 3596 3065 3653 lDlBUS
3102 3597 3488 3654 FEBRUARH.

2965 3689 3060 3761 (15
3096 3688 3288 3762 Febr.)

2403 3776 2608 3833 Natalis
2646 3777 2706 3832 S.
2735 3777 2907 3850 Agabi
2943 3781 3222 3851 prophetae
3257 3783 3313 3838 in
3362 3781 3507 3839 Novo
3535 3781 3810 3837 Testamento.

2333 3869 2473 3938 apud
2503 3868 2844 3924 Antiochiam
2873 3887 2886 3923 :
2919 3871 2986 3926 de
3014 3885 3122 3940 quo
3157 3871 3348 3929 beatus
3374 3873 3540 3929 Lucas
3564 3872 3609 3927 in
3639 3865 3814 3939 προεωιὶ-

2335 3963 2414 4018 cis
2440 3964 2663 4018 Actibus
2684 3964 2758 4018 ita
2780 3964 2944 4020 dicit:
2973 3962 3408 4023 Conversantibus
3429 3968 3565 4022 nobis
3587 3961 3813 4019 Antiochia.

2335 4071 2550 4126 surgens
2572 4072 2709 4111 unus
2733 4072 2798 4111 ea:
2815 4057 3077 4128 prophetis
3098 4059 3319 4114 nomine
3335 4059 3557 4131 Agabus,
3573 4052 3816 4128 signiﬁcabat

2335 4162 2428 4216 per
2446 4148 2688 4217 spiritum
2711 4146 2904 4216 famem
2926 4163 3169 4218 magnam
3197 4148 3430 4218 futuram
3459 4151 3510 4204 in
3531 4150 3728 4203 uniuerso
3741 4142 3817 4194 om

2337 4247 2747 4308 terrarum,qu¢e
2775 4237 2917 4308 facta
2941 4247 3015 4293 est
3044 4239 3140 4293 sub
3161 4237 3390 4294 Claudio
3419 4239 3608 4294 (ἔωσαν-ε
3629 4236 3735 4308 (Act.
3755 4230 3815 4289 nl.

2338 4327 2408 4382 Et
2440 4327 2656 4394 iterum,
2687 4343 2810 4383 cum
2840 4328 2900 4382 Β.
2949 4327 3148 4384 Paulus
3183 4328 3597 4401 Hierosolymam
3638 4325 3819 4380 Penteco-

2341 4425 2458 4472 sten
2492 4416 2734 4474 facturus
2758 4428 3007 4490 pergeret
3025 4457 3040 4484 ,
3057 4418 3279 4489 jamque
3309 4419 3594 4475 Cesaream
3618 4412 3815 4467 venisset:

2263 4483 2316 4546 Ῑ)
2341 4483 2814 4574 Commorantibus,
2858 4483 3076 4579 inquit,
3115 4483 3262 4565 nobis
3317 4511 3373 4564 in
3406 4507 3628 4564 Ctrsarea
3647 4518 3720 4574 per
3749 4496 3819 4550 diu

2341 4599 2562 4671 aliquot,
2613 4601 2903 4671 supervenit
2943 4601 3158 4671 quidam
3207 4601 3288 4654 vir
3335 4618 3368 4655 α
3403 4599 3580 4654 Juda'a
3625 4590 3816 4664 propheta.

2341 4694 2548 4748 nomine
2592 4692 2823 4762 Agabus,
2879 4701 2927 4746 et
2972 4693 3105 4747 venit
3147 4692 3218 4746 ad
3257 4708 3373 4758 nos,
3410 4701 3458 4746 et
3500 4687 3662 4743 tollens
3696 4691 3819 4734 sonam

2341 4778 2523 4847 Pauli,
2552 4781 2721 4852 ligans
2767 4783 2866 4836 sibi
2915 4799 3101 4836 manus
3141 4793 3189 4836 et
3212 4783 3390 4852 pedes,
3430 4773 3721 4834 diriuﬂcrc
3739 4763 3820 4819 (σεῖε

2340 4871 2569 4943 Spiritus
2596 4884 2807 4929 sanctus
2832 4887 2850 4926 :
2886 4872 3068 4929 Virum
3091 4874 3228 4928 hunc
3252 4875 3404 4945 cujus
3423 4883 3494 4929 est
3516 4873 3616 4924 Iure
3635 4879 3754 4921 zona.

2338 4961 2626 5032 alligabunt
2675 4981 2794 5018 eum
2839 4965 2894 5018 in
2936 4963 3232 5018 Jerusalem
3276 4943 3485 5028 Judwi,
3519 4969 3562 5014 et
3598 4954 3759 5011 tradent
3787 4943 3821 4995 ἓιι

2339 5069 2526 5108 manus
2557 5056 2851 5110 nationum.
3813 5123 3818 5131 η

2409 5144 2544 5200 Item
2579 5146 2634 5200 in
2671 5145 2918 5202 Melitena
2959 5146 3176 5203 civitate
3204 5145 3490 5211 Armenias,
3520 5136 3686 5196 natalis
3708 5132 3821 5211 sancti

2343 5232 2618 5306 Polyeucti
2667 5236 2945 5308 martyris,
2991 5237 3083 5308 qui
3131 5237 3318 5292 Latine
3360 5209 3709 5302 interpretatur
3737 5209 3823 5270 llr-'-

2345 5333 2453 5379 tum
2480 5342 2657 5382 orans.

2771 5396 2832 5452 C.
2872 5394 2992 5453 XVI
3038 5397 3195 5452 KAL.
3234 5393 3486 5452 MART“.

2415 5573 2622 5645 Romae,
2659 5576 2855 5634 natalis
2897 5575 2956 5634 S.
2987 5483 3600 5646 9:1eifitti.)presbyteri,
3640 5561 3713 5636 qui
3746 5555 3823 5625 Po“

2416 5715 2444 5756 δ
2469 5715 2663 5772 Euseb.
2691 5715 2726 5770 l.
2761 5729 2897 5780 vnc.
2927 5715 3016 5784 δι,
3042 5714 3125 5772 vel
3147 5715 3234 5780 5|,
3264 5729 3327 5772 ex
3360 5711 3594 5770 versione
3611 5691 3779 5758 Bullini.
