3962 6366
112 402 230 456 3‘29

774 376 1379 442 MARTYROLOGIUM
1418 373 1565 433 CUM
1601 367 2141 429 ADDITAMENTIS.
2198 399 2268 410 -—
2308 361 2516 424 MENS.
2553 363 2760 441 FEBR.

3300 355 3406 418 230

116 506 298 564 multa
322 504 616 560 sanitatum
641 503 696 551 et
717 492 975 549 doctrina:
995 490 1250 559 insignia,
1272 487 1504 544 fustibus
1526 499 1718 550 ctesus,
1751 486 1797 545 A
1824 489 2010 553 spectu
2085 481 2296 538 Domini
2370 479 2664 552 pretiosam
2735 477 2994 534 miracula
3067 475 3259 534 crebra
3325 485 3407 534 te-

117 608 180 657 et
215 598 300 654 sic
329 591 625 650 decollatus
646 595 750 652 est,
779 586 878 640 sub
898 583 1123 640 Claudio
1143 581 1379 636 Caesare.

197 688 408 745 Eodem
430 684 538 748 die,
565 677 762 736 natalis
785 674 958 731 sancti
989 671 1261 727 Valentini
1300 664 1724 726 lnteramnensis

120 779 391 854 episcopi,
409 775 499 845 qui
523 780 703 828 tentus
726 785 756 822 a
776 765 1021 838 paganis,
1041 779 1105 819 ac
1126 763 1293 834 virgis
1313 775 1502 823 caesus,
1528 767 1583 813 et
1601 765 1724 827 post

122 874 444 927 diuturnam
478 864 700 924 caedem,
735 858 991 915 custodiae
1030 855 1390 924 mancipatus,
1427 864 1550 904 cum
1573 860 1727 916 supe-

125 962 246 1017 rari
275 974 380 1014 non
403 961 605 1026 posset,
632 951 822 1006 media:
851 946 1027 1003 noctis
1048 943 1263 1000 silentio
1287 940 1490 1009 ejectus
1519 939 1585 994 de
1606 952 1727 992 car-

127 1067 282 1113 cere,
312 1045 609 1102 decollatus
638 1049 724 1097 est
748 1040 900 1110 jussu
928 1035 1115 1091 furiosi
1142 1033 1372 1097 Placidi,
1407 1030 1570 1086 Urbis
1593 1042 1727 1099 prae-

130 1140 288 1195 fecti.
337 1136 490 1190 Tunc
521 1128 805 1192 Proculus,
837 1126 1095 1196 Ephybus
1125 1132 1179 1178 et
1205 1119 1518 1192 Apollonius
1563 1116 1728 1171 disci-

130 1230 248 1302 puli
264 1228 404 1297 ejus,
421 1221 811 1278 transferentes
830 1232 1028 1286 corpus
1043 1214 1159 1283 ejus
1183 1213 1248 1267 ad
1267 1227 1419 1266 suam
1443 1208 1727 1265 ecclesiam

132 1325 462 1379 Interamnae
488 1313 663 1375 urbis,
686 1320 849 1366 noctu
875 1308 1223 1379 sepelierunt.
1249 1303 1351 1360 Ubi
1399 1317 1520 1357 cum
1552 1299 1731 1369 quoti-

136 1413 318 1471 dianis
346 1407 546 1476 vigiliis
577 1403 922 1465 incubarent,
954 1398 1088 1454 tenti
1112 1413 1142 1451 a
1170 1392 1457 1465 gentilibus
1474 1389 1732 1446 cusmdite

136 1511 268 1561 sunt
292 1497 497 1559 traditi,
529 1491 847 1549 consulante
873 1488 1101 1543 Leontio
1131 1504 1144 1539 :
1174 1498 1310 1554 quos
1333 1482 1420 1535 ille
1445 1479 1608 1550 jussit
1631 1493 1731 1534 no-

136 1596 246 1651 ctis
297 1590 473 1647 medio
507 1586 622 1641 suis
648 1580 1008 1637 tribunalibus
1051 1573 1406 1648 praesentari;
1447 1580 1658 1626 etcum
1699 1584 1730 1623 a

141 1683 252 1739 fide
301 1676 544 1736 revocari
601 1687 703 1729 nec
731 1665 1118 1725 blandimentis
1159 1679 1262 1720 nec
1300 1661 1461 1716 minis
1487 1665 1728 1729 possent,

1825 584 2056 632 stantur.

2246 672 2308 726 E.
2347 671 2466 727 XIV
2503 668 2665 725 KAL.
2707 667 2947 723 MART“

2472 761 2560 832 (to
2595 759 2777 829 Febr.)

1896 854 1924 894 δ
1965 853 2152 910 Natale
2188 854 2361 909 sancti
2393 853 2631 909 Onesimi
2661 851 2910 922 apostoli.

1898 946 1963 1000 Et
1989 946 2041 1000 in
2067 945 2270 1012 Cumis,
2296 945 2474 1000 natale
2501 943 2559 998 S.
2583 943 2809 998 Julianae
2847 941 3092 1011 virginis,
3125 955 3246 1010 quae
3279 950 3414 996 tem-

1825 1052 1956 1108 pore
1979 1036 2286 1091 Maximiani
2318 1033 2677 1104 imperatoris,
2709 1033 2882 1102 primo
2912 1048 2942 1084 a
2973 1047 3070 1086 suo
3095 1040 3248 1100 patre
3270 1030 3418 1084 Afri-

1827 1146 1964 1187 cano
1993 1146 2150 1194 caesa,
2171 1140 2226 1184 et
2255 1130 2493 1198 graviter
2518 1127 2780 1192 cruciata,
2807 1127 3001 1180 deinde
3024 1134 3078 1179 et
3099 1141 3128 1178 a
3162 1125 3418 1194 praefecto

1829 1223 2047 1278 Eolasio
2103 1218 2386 1293 [Eleusio],
2438 1235 2598 1289 quem
2649 1234 2905 1287 sponsum
2949 1217 3235 1280 habuerat,
3274 1217 3417 1270 nuda

1829 1316 2058 1387 virginis
2079 1331 2240 1380 caesa,
2264 1323 2319 1369 et
2354 1330 2384 1369 a
2415 1313 2622 1382 capillis
2665 1328 2946 1380 suspensa,
2976 1320 3028 1367 et
3069 1310 3288 1380 plumbo
3332 1325 3422 1366 soo

1830 1403 1944 1460 luto
1975 1421 2005 1459 a
2036 1405 2214 1474 capite
2257 1401 2509 1472 perfusa,
2568 1418 2630 1455 ac
2684 1417 2896 1455 rursum
2941 1401 2991 1453 in
3030 1415 3306 1454 carcerem
3336 1414 3421 1453 re-

1831 1503 2007 1564 cepta,
2040 1495 2130 1549 ubi
2179 1493 2355 1562 palam
2389 1508 2510 1548 cum
2571 1490 2784 1545 diabolo
2825 1489 3098 1556 conflixit,
3131 1499 3180 1543 ct
3234 1504 3424 1542 rursus

1833 1595 2076 1650 evocata,
2107 1593 2346 1640 rotarum
2394 1592 2686 1647 tormenta,
2718 1580 2961 1635 flammas
3003 1581 3230 1650 ignium,
3259 1579 3421 1633 ollam

1832 1677 2134 1731 ferventem
2183 1675 2457 1746 superavit
2486 1690 2552 1728 ac
2605 1672 2961 1727 decollatione
2991 1672 3183 1742 capitis
3213 1681 3424 1742 marty-

142 1772 307 1844 jussit
330 1768 504 1838 capite
553 1762 707 1820 caedi.
740 1760 842 1828 Qui
891 1773 1000 1812 non
1057 1755 1218 1824 longe
1253 1760 1382 1809 sunt
1423 1767 1456 1808 a
1504 1763 1732 1819 corpore

1859 1767 1976 1822 'ium
2009 1765 2423 1821 consummavit.
2465 1764 2594 1830 Quae
2625 1778 2779 1833 passa
2819 1771 2902 1817 est
2937 1762 3153 1832 quidem
3183 1760 3236 1815 in
3265 1761 3424 1816 Nico-v

145 1862 207 1917 S.
248 1855 512 1917 Valentini
539 1852 754 1924 sepulti.

211 1950 348 2006 Item
382 1946 524 2016 apud
565 1941 970 2003 Alexandriam,
1004 1935 1200 1992 natalis
1243 1939 1556 1990 sanctorum
1588 1944 1734 1984 mar-

146 2054 328 2116 tyrum
361 2037 540 2100 Bassi.
567 2033 808 2097 Antonii,
843 2029 1096 2086 Protolici
1117 2068 1131 2094 ,
1161 2026 1255 2098 qui
1286 2025 1342 2080 in
1380 2037 1532 2079 mare
1569 2019 1736 2078 mersi

148 2142 294 2189 sunt.

211 2225 348 2280 Item
378 2219 630 2292 Cyrionis
658 2213 984 2287 presbyteri,
1007 2212 1275 2284 Moyseos,
1302 2206 1544 2264 Bassiani
1569 2205 1741 2261 lecto:

150 2317 246 2380 ris,
273 2323 332 2370 et
348 2310 650 2384 Agathonis
674 2307 984 2372 exorcistze,
1011 2305 1104 2375 qui
1135 2317 1326 2358 omnes
1363 2301 1484 2371 igne
1513 2298 1739 2354 combu—

149 2405 220 2461 sti
245 2411 392 2460 sunt.

219 2498 360 2552 Item
391 2491 632 2564 Dionysii
665 2498 719 2547 et
742 2487 1040 2550 Ammonii,
1076 2483 1488 2540 decollatorum.

223 2585 432 2640 Eodem
475 2583 563 2637 die
588 2580 798 2644 Romae,
852 2587 1166 2633 sanctorum
1198 2579 1498 2642 martyrum
1528 2565 1736 2634 Vitalis,

155 2677 416 2735 Feliculte
440 2683 494 2730 et
521 2672 768 2729 Zenonis.

600 2766 662 2819 D.
701 2763 798 2818 XV
835 2760 992 2817 KAL.
1031 2754 1292 2812 MARTll.

785 2850 878 2922 (15
916 2848 1106 2917 Febr.)

216 2951 430 3014 Romae,
460 2947 634 3005 sancti
670 2943 922 3002 Cratonis
944 2939 1200 3012 martyris
1223 2950 1271 3003 ε,
1297 2936 1388 3006 qui
1417 2949 1542 2990 cum
1569 2930 1737 2987 babe-

149 3053 237 3099 ret
263 3040 433 3096 filium
463 3038 780 3095 Chaeremon
805 3032 1044 3095 nomine,
1067 3027 1473 3086 scholasticum,
1495 3023 1584 3092 qui
1612 3022 1741 3077 inci-

153 3133 308 3188 derat
359 3131 418 3185 in
460 3127 835 3198 aegritudinem
875 3120 1278 3194 gravissimam,
1321 3130 1555 3185 eumque
1582 3113 1742 3169 beato

155 3222 444 3279 Valentino
472 3219 726 3289 episcopo
755 3215 822 3270 ad
852 3213 1154 3270 sanandum
1180 3207 1484 3272 obtulisset,
1516 3206 1617 3261 sub
1645 3203 1742 3259 tali
1771 3203 1815 3264 C

156 3313 491 3375 conditione,
520 3319 579 3364 ut
607 3309 653 3364 si
687 3323 821 3378 puer
843 3313 1151 3367 sanaretur,
1185 3302 1298 3370 ipse
1321 3314 1442 3354 cum
1471 3297 1618 3354 omni
1644 3296 1743 3351 do-

160 3419 249 3458 mo
271 3418 372 3458 sua
416 3401 571 3457 fieret
599 3397 962 3459 Christianus,
995 3401 1185 3448 sanato
1218 3404 1419 3460 puero,
1447 3387 1591 3456 quod
1621 3400 1746 3456 pro-

159 3495 388 3550 miserat
417 3489 659 3561 implevit
683 3497 848 3556 atque
875 3500 998 3540 cum
1019 3497 1189 3537 uxore
1217 3487 1272 3535 et
1299 3478 1554 3533 universa
1585 3477 1747 3532 domo

159 3584 488 3653 baptizatus,
512 3594 617 3634 non
637 3576 826 3633 multis
850 3581 972 3646 post
989 3573 1203 3637 diebus,
1225 3567 1489 3640 martyrio
1509 3574 1596 3622 est
1619 3579 1748 3622 con-

160 3679 484 3728 .summatus.

240 3761 311 3816 Et
336 3761 468 3830 apud
491 3759 754 3820 Sebasten
780 3755 1076 3818 civitatem,
1103 3750 1285 3823 passio
1311 3747 1369 3805 S.
1391 3746 1556 3803 Blasii
1595 3745 1747 3819 [ms.,

157 3850 364 3924 Blavii]
408 3850 670 3922 episcopi,
702 3848 794 3919 qui
838 3845 1131 3901 multorum
1169 3848 1411 3913 patrator
1455 3835 1750 3892 miraculo-

162 3959 310 4010 rum,
339 3943 438 3998 sub
462 3938 692 4011 praaside
726 3935 1033 4009 Agricolao,
1065 3940 1187 4003 post
1242 3930 1506 3986 diutinam
1554 3926 1746 3981 caesio-

160 4051 312 4101 nem,
342 4042 466 4105 post
505 4027 804 4094 carcerem,
832 4037 995 4098 atque
1024 4025 1149 4080 inde
1171 4021 1578 4092 suspensionem
1607 4019 1659 4072 in
1687 4016 1752 4072 li-

159 4142 309 4198 gno,
359 4124 452 4180 ubi
486 4121 790 4193 pectinibus
841 4117 1034 4174 ferreis
1077 4128 1270 4172 carnes
1323 4110 1441 4180 ejus
1498 4110 1751 4179 disrupta

163 4225 317 4283 sunt,
346 4222 472 4286 post
491 4214 686 4269 iterum
713 4209 1050 4268 teterrimum
1074 4217 1370 4266 carcerem,
1389 4207 1520 4271 post
1539 4199 1748 4254 demer—

161 4309 382 4362 sionem
412 4304 537 4372 laci,
559 4303 701 4358 unde
726 4296 1092 4370 supervadens
1121 4292 1301 4349 salvus
1319 4289 1510 4352 exivit,
1529 4286 1754 4356 iubente

162 4395 516 4466 iniquissimo
555 4391 756 4462 judice,
780 4388 957 4457 capite
976 4385 1042 4439 ad
1063 4391 1366 4438 extremum
1393 4393 1516 4434 cum
1545 4375 1753 4438 duobus

160 4485 358 4559 pueris
384 4491 680 4546 truncatur,
724 4478 900 4535 felicia
924 4489 1088 4546 regna
1117 4473 1190 4527 ita
1217 4485 1341 4526 cum
1383 4468 1516 4538 ipsis
1539 4467 1754 4537 ingres-

163 4541 285 4634 sus.
315 4577 437 4646 ipso
456 4580 635 4642 autem
665 4541 844 4626 adhuc
875 4541 1218 4638 agonizante,
1269 4568 1474 4630 septem
1503 4556 1758 4613 mulieres
1784 4541 1833 4601 D

161 4644 524 4730 beatissima,
549 4677 669 4733 quae
695 4667 874 4732 guttas
891 4653 1167 4726 sanguinis
1187 4648 1303 4720 ejus
1331 4644 1756 4720 praeterfluentes

163 4759 241 4815 de
273 4752 607 4810 beatissimis
629 4749 804 4821 plagis
831 4745 1077 4816 corporis
1104 4741 1273 4812 ipsius
1313 4735 1636 4806 colligebant
1657 4735 1753 4788 de-

161 4845 458 4919 prehensae
501 4841 645 4911 quod
700 4845 884 4894 essent
927 4832 1274 4892 Christianae,
1317 4835 1441 4898 post
1485 4829 1758 4882 caminum

163 4913 319 5009 ignis
347 4935 439 4990 ubi
470 4932 691 5004 plumbo
718 4926 1016 5000 superfusa:
1058 4931 1202 4988 sunt,
1226 4928 1348 4991 post
1374 4917 1616 4988 pectines
1653 4913 1762 4969 fer-

166 5041 325 5089 reos,
342 5003 536 5094 quibus
559 5035 752 5076 carnes
775 5033 963 5074 earum
978 5015 1256 5084 disruptae,
1281 5018 1403 5082 post
1425 5021 1594 5063 aereas
1618 5003 1760 5058 tuni-

164 5115 274 5174 ’ωε
290 5112 677 5177 excandentes,
697 5107 1004 5167 novissima:
1026 5103 1295 5163 sententia
1323 5103 1468 5165 data,
1491 5109 1760 5170 percussa:

168 5208 378 5282 gladio,
410 5207 644 5276 datoque
695 5202 872 5275 pretio
898 5197 1198 5270 sanguinis,
1245 5195 1413 5249 vitam
1448 5196 1760 5247 mercantur

169 5308 464 5357 aeternam.

250 5388 316 5445 ln
339 5386 550 5452 Galliis,
570 5385 791 5442 civitate
817 5379 1039 5439 Vasioni
1066 5371 1640 5454 [al.,Wangionensi],
1667 5371 1760 5428 de-

169 5478 383 5554 positio
412 5477 470 5534 S.
505 5475 743 5544 Quinidii
786 5472 1045 5545 episc0pi,
1075 5469 1227 5540 cujus
1271 5475 1500 5522 mortem
1528 5465 1582 5520 in
1625 5476 1758 5518 con-

259 5634 296 5732 ;
326 5611 1238 5745 ἓῗάὲοιξὲΐεῗιῗίἓέῗιεὲἑῗήῐιηιετ.
1269 5607 1336 5664 ﬂ
1362 5607 1517 5663 Febr.

513 5707 526 5745 ι
600 5729 614 5743 .
808 5702 833 5742 s
863 5727 876 5738 .
1019 5700 1045 5736 s
1075 5722 1088 5738 .

274 5691 296 5732 δ
331 5686 463 5746 Vide
491 5686 621 5745 libr:
639 5689 705 5744 de
729 5686 876 5742 Fest.
900 5686 1088 5755 Apost.

274 5771 298 5799 ο
337 5760 472 5817 Vide
492 5759 731 5815 libellum
762 5757 828 5814 de
849 5755 995 5811 Fest.
1024 5754 1208 5825 Apost.
1241 5751 1296 5806 in
1325 5763 1430 5822 quo
1451 5748 1487 5803 2
1513 5745 1655 5804 Maii.
1689 5745 1765 5801 De

1760 1835 1807 1892 Β
1840 1859 2035 1924 media,
2065 1858 2158 1912 sed
2187 1865 2310 1927 post
2339 1870 2565 1926 paucum
2611 1861 2821 1925 tempus
2859 1850 2969 1910 Deo
3009 1853 3328 1923 disponente
3370 1853 3425 1907 in

1839 1950 2192 2020 Campaniam
2218 1947 2501 2002 translata.

1911 2041 2113 2096 Eodem
2146 2040 2233 2094 die
2263 2039 2401 2107 apud
2432 2036 2745 2108 Egyptum,
2772 2033 2972 2089 Iuliani
2999 2049 3122 2090 cum
3173 2033 3292 2089 aliis
3326 2048 3429 2088 nu-

1838 2147 1991 2188 mero
2013 2131 2251 2202 quinque
2283 2128 2538 2183 millibus.

2271 2240 2334 2296 F.
2375 2238 2491 2293 Xlll
2529 2235 2687 2293 ΚΑΒ.
2733 2236 2993 2291 MART“.

2480 2329 2567 2402 (l7
2600 2328 2787 2400 Febr.)

1911 2425 1970 2480 in
1998 2423 2242 2488 Perside,
2291 2420 2488 2476 natalis
2528 2419 2672 2475 beati
2712 2417 3078 2490 Polychronii,
3125 2415 3432 2488 Babylonize

1842 2524 1896 2571 et
1939 2513 2325 2585 Ctesiphontis,
2370 2510 2630 2582 episcopi,
2683 2509 2773 2579 qui
2821 2517 3088 2578 praesente
3124 2508 3286 2562 Decio
3311 2521 3433 2575 per-

1843 2613 2126 2668 secutore,
2175 2618 2237 2658 os
2289 2600 2557 2672 lapidibus
2604 2616 2816 2665 cursus,
2870 2599 3120 2653 manibus
3170 2597 3429 2661 extensis,

1842 2694 2031 2751 oculos
2061 2694 2127 2749 ad
2162 2691 2359 2747 caalum
2381 2691 2622 2754 elevans,
2651 2689 2833 2743 emisit
2866 2688 3135 2758 spiritum.
3158 2687 3436 2757 Scriptum

1844 2785 1900 2841 in
1925 2783 2182 2856 passione
2211 2781 2383 2837 sancti
2414 2778 2711 2834 Laurentii.
2744 2777 2834 2848 (10
2861 2776 3020 2848 Aug.)

2284 2891 2348 2949 G.
2387 2891 2478 2947 XII
2518 2890 2674 2946 KAL.
2717 2888 2976 2944 MART“.

2490 2984 2580 3054 (-18
2609 2981 2794 3053 Febr.)

1923 3091 1945 3119 ε
1987 3077 2402 3148 Hierosolymis,
2425 3075 2568 3129 beati
2620 3071 2890 3127 Simeonis
2923 3070 3159 3142 episcopi
3190 3079 3246 3125 et
3290 3083 3436 3124 mar-

1852 3173 2007 3244 tyris,
2046 3171 2137 3241 qui
2173 3169 2402 3224 traditur
2443 3165 2778 3236 prOpinquus
2806 3162 3106 3218 Salvatoris
3137 3161 3436 3217 secundum

1848 3281 2064 3322 carnem
2105 3263 2290 3316 fuisse.

1919 3353 2120 3408 Eodem
2150 3353 2234 3406 die
2259 3357 2573 3406 sanctorum
2603 3354 2905 3418 martyrum
2937 3343 3146 3400 Claudii
3169 3351 3224 3398 et
3250 3341 3438 3400 uxoris

1847 3447 1964 3517 ejus
1993 3442 2376 3511 Prmpedignm,
2409 3456 2473 3495 ac
2504 3438 2736 3493 filiorum
2767 3435 3063 3491 Alexandri
3109 3442 3163 3489 et
3189 3433 3358 3489 Cutiaa
3381 3439 3441 3488 et

1848 3533 2033 3588 fratris
2057 3531 2262 3587 Claudii
2296 3529 2440 3583 beati
2457 3527 2674 3581 Maximi
2701 3545 2714 3580 :
2745 3526 2835 3596 qui
2861 3540 2983 3580 cum
3009 3532 3194 3580 essent
3221 3522 3440 3593 praecla-

1850 3627 2054 3686 rissimi
2083 3625 2319 3696 generis,
2348 3631 2543 3692 agente
2566 3621 2735 3675 fratre
2755 3634 2942 3674 eorum
2968 3617 3198 3672 Gabinio
3217 3617 3441 3685 presby-

1849 3729 1989 3785 tero,
2019 3715 2280 3787 baptizati
2311 3721 2437 3770 sunt
2480 3728 2512 3767 a
2535 3713 2695 3767 beato
2731 3708 2863 3766 Caio
2889 3707 3144 3778 pontifice
3168 3707 3440 3772 Romano,

1847 3819 1904 3866 et
1927 3807 2271 3881 postmodum
2298 3802 2433 3860 tenti
2477 3810 2619 3866 sunt,
2641 3801 2865 3873 jubente
2894 3798 3247 3864 Diocletiano,
3286 3813 3315 3851 a
3344 3797 3442 3868 ju-

1848 3900 1969 3956 dice
2017 3898 2185 3968 impio
2226 3894 2388 3950 Iulio.
2424 3895 2489 3949 Et
2517 3890 2775 3949 Claudius
2827 3890 3068 3960 quidem,
3099 3903 3221 3943 cum
3267 3901 3440 3942 ιιιοη

1848 4006 1947 4048 sua
1977 3997 2032 4046 et
2062 3988 2209 4052 filiis,
2234 3988 2548 4057 deportatus
2575 3992 2660 4040 est
2688 3982 2741 4038 in
2773 3981 3022 4037 exsilium
3048 3995 3063 4046 ;
3095 3978 3327 4050 denique
3357 3978 3440 4032 in-

1849 4079 2040 4137 cendio
2074 4075 2432 4140 concremati,
2461 4073 2793 4129 odorifemm
2827 4069 3155 4127 sacrificium
3189 4068 3442 4141 martyrii

1850 4174 1964 4229 Deo
1987 4171 2360 4234 reddiderunt,
2392 4183 2456 4223 ac
2485 4167 2563 4223 sic
2604 4164 2949 4238 postmodum
2981 4161 3122 4232 apud
3149 4158 3353 4216 Ostiam
3383 4158 3440 4215 in

1850 4267 2076 4322 rheuma
2094 4260 2317 4332 jactati;
2351 4273 2580 4330 quorum
2616 4255 2876 4326 reliquias
2899 4251 3194 4310 Christiani
3221 4248 3441 4322 perqui-

1855 4358 2011 4422 sitas,
2029 4353 2184 4432 juxta
2213 4351 2486 4407 civitatem
2522 4347 2872 4419 sepelierunt.

2305 4461 2372 4516 A.
2413 4459 2486 4515 Xl
2520 4458 2682 4514 KAL;
2724 4453 2983 4512 MART".

2493 4548 2583 4621 (l9
2611 4546 2797 4616 Febr.)

1929 4642 2136 4708 Romae,
2168 4639 2340 4698 sancti
2368 4637 2584 4695 Gabinii
2605 4635 2658 4702 τι,
2688 4631 3016 4705 presbyteri,
3045 4630 3216 4701 patris
3245 4628 3444 4685 beatis-

1860 4737 2012 4794 simae
2061 4734 2324 4790 Susanna
2358 4728 2451 4799 qui
2498 4741 2530 4781 a
2581 4725 2917 4781 Diocletiano
2961 4722 3050 4778 diu
3101 4721 3154 4775 in
3198 4716 3444 4774 custodia

1859 4827 2091 4884 vinculis
2117 4823 2369 4890 amictus,
2411 4820 2648 4893 pretiosa
2684 4824 2862 4874 morte
2898 4815 3021 4872 caeli
3049 4813 3246 4886 gaudia
3294 4827 3452 4870 com-

1862 4919 2092 4993 paravit.
2667 4987 2676 4997 ‘

2333 5008 2396 5063 B.
2437 5004 2488 5060 X
2521 5003 2678 5060 ΚΑΒ.
2720 4998 2982 5057 MART".

2499 5095 2591 5166 (20
2625 5093 2846 5166 Febr);

1928 5195 2086 5267 Apud
2133 5192 2361 5266 Tyrum,
2397 5203 2519 5260 quae
2563 5194 2648 5244 est
2681 5186 2816 5242 urbs
2863 5183 3100 5240 maxima
3150 5178 3453 5244 thni’cis.

1860 5290 2146 5346 beatorum
2175 5292 2517 5356 martyrum,
2544 5293 2775 5350 quorum
2813 5290 3100 5333 numerum
3143 5271 3311 5327 solius
3348 5267 3449 5324 Dei

1859 5378 2085 5440 scientia
2131 5375 2374 5448 colligit:
2408 5387 2566 5444 quos,
2611 5370 2835 5442 jubente
2886 5365 3244 5430 Diocletiano,
3285 5361 3446 5418 Vetu-

1861 5469 1978 5526 rius
2027 5467 2291 5542 magister
2334 5463 2543 5520 militiae
2592 5459 2822 5518 diversis
2863 5463 3257 5514 tormentorum
3285 5461 3448 5521 gene-

1863 5585 2850 5686 hisiasssusﬁusarms‘19P}???

1951 5683 1982 5723 ὀ
2006 5663 2087 5731 ῡέ
2110 5675 2212 5731 hoc
2239 5674 2294 5730 in
2324 5672 2446 5727 Vita
2477 5663 2740 5725 Susannaa
2769 5665 2828 5721 ll
2857 5663 2997 5732 Aug.
