3962 6366
556 328 658 384 251

1547 319 1606 374 S.
1644 316 1896 374 ADONIS
1934 315 2364 373 ARCHIEPISC.
2417 314 2824 374 VIENNENSIS

3716 326 3798 382 233

557 441 709 498 ribus
745 437 850 494 sibi
901 434 1135 492 invicem
1189 431 1601 489 succedentibus
1641 430 1839 486 occidit
1867 443 1917 484 ι.
1955 430 2137 485 Primo
2163 431 2212 492 Α
2241 429 2554 485 domesticis
2585 427 2708 500 ejus
2755 443 3004 496 uxorem,
3036 429 3168 484 hora
3213 429 3524 501 incongrua
3558 433 3609 488 in
3653 436 3797 505 horto,

557 527 740 600 ﬂagris
781 539 877 598 per
900 539 1064 581 omne
1096 537 1294 594 corpus
1325 529 1594 592 martyres
1621 519 1717 575 Dei
1753 519 2133 589 carpebantur,

557 629 683 694 post
731 619 846 674 haec
898 617 1253 672 tradebantur
1327 613 1395 669 ad
1453 613 1693 676 bestias,
1749 612 2139 668 adhibebantur

557 709 768 776 leones,
819 708 954 773 ursi,
1003 701 1179 776 pardi,
1228 714 1389 773 atque
1437 712 1598 758 omne
1644 701 1880 757 ferarum
1933 715 2136 772 genus;

562 799 681 872 apri
712 812 948 870 quoque,
981 795 1079 850 sed
1104 803 1157 849 et
1191 791 1348 855 tauri,
1380 786 1576 863 quibus
1622 793 1768 847 ferro
1793 799 1848 847 et
1877 791 1986 863 igni
2017 789 2142 846 feri-

563 901 653 947 tas
675 889 992 946 addebatur.
1025 886 1349 942 Statuuntur
1372 885 1605 956 denique
1634 885 1728 940 Dei
1753 885 2006 949 cultores,
2045 901 2144 940 nu-

566 984 708 1040 datis
730 981 1005 1042 membris,
1041 979 1094 1034 in
1126 976 1304 1034 medio
1330 993 1508 1034 arenae
1533 977 1680 1044 loco,
1708 987 1763 1034 et
1786 978 1976 1034 bestiae
2004 979 2143 1033 intra

566 1091 762 1133 caveas
809 1074 1068 1132 incitatae,
1099 1073 1464 1144 saevioresque
1502 1067 1555 1127 in
1587 1072 1892 1142 semetipsis
1921 1073 2143 1137 effectae,

567 1177 832 1240 proruunt
873 1162 1150 1232 claustris,
1181 1165 1390 1236 replent
1417 1161 1594 1220 subito
1630 1159 1887 1231 stadium,
1914 1166 2148 1221 circum-

566 1259 697 1312 dant
724 1256 1008 1312 ecclesiam
1053 1265 1352 1327 martyrum
1394 1256 1447 1309 in
1485 1255 1663 1310 medio
1699 1255 1878 1321 sitam,
1917 1255 2150 1311 circum-

565 1359 698 1405 eunt
726 1349 922 1420 saepius
951 1357 1005 1404 et
1043 1346 1380 1415 oblustrant;
1405 1364 1470 1404 ac
1502 1349 1698 1404 divinae
1722 1345 1934 1405 virtutis
1962 1350 2150 1405 adesse

567 1439 647 1494 eis
667 1428 967 1494 custodiam
995 1434 1312 1504 sentientes,
1340 1439 1528 1508 procul
1575 1440 1644 1494 ab
1683 1454 1872 1495 eorum
1911 1440 2151 1510 corpori-
2203 1455 2208 1459 ·

569 1529 673 1584 bus
704 1528 1017 1584 abscedunt.
1052 1524 1157 1584 Sed
1181 1527 1325 1584 illico
1355 1528 1524 1595 furor,
1549 1530 1642 1600 qui
1673 1530 2067 1601 reprimebatur
2097 1531 2151 1585 in

569 1617 787 1684 bclluis,
820 1618 1016 1672 transit
1057 1619 1112 1672 in
1159 1619 1448 1674 homines:
1494 1618 1685 1690 gladiis
1735 1634 1864 1690 ergo
1893 1629 2156 1691 peragunt

571 1711 713 1782 quod
741 1713 931 1769 bestiis
958 1712 1338 1781 nequiverunt,
1363 1722 1416 1767 et
1450 1721 1509 1765 ut
1544 1712 1598 1766 in
1636 1713 1884 1768 omnibus
1911 1713 2154 1768 ostende-

2239 533 2396 590 quem
2431 519 2543 589 ipse
2579 519 2682 574 sibi
2718 519 3019 585 excolebat,
3048 519 3530 586 dcamhulantem,
3566 523 3725 580 acrius
3747 528 3802 583 ἰηο

2241 610 2510 679 crepando
2557 609 2872 679 repulisset,
2898 610 3122 680 jubente
3172 610 3520 667 Maximiano
3563 621 3738 680 tentus,
3761 633 3801 674 et

2240 695 2606 754 Christianum
2633 714 2691 755 se
2719 715 2841 756 esse
2868 700 3176 768 confessus,
3207 704 3398 774 capite
3426 719 3599 761 caesus
3622 718 3711 763 est.

2284 783 2444 848 'ltem
2474 794 2704 850 aliorum
2733 795 3010 866 sexaginta
3053 795 3320 863 duorum,
3344 797 3440 867 qui
3481 797 3668 855 ibidem
3689 806 3798 872 passi

2245 895 2389 942 sunt.

2315 975 2438 1046 ipso
2463 976 2550 1033 die
2584 977 2756 1034 sancti
2783 977 3066 1052 Polycarpi
3095 979 3122 1019 ἀ
3152 980 3477 1053 presbyteri
3501 992 3557 1036 et
3577 982 3801 1040 confesso-

2245 1065 2344 1132 ris,
2389 1067 2483 1137 qui
2539 1083 2666 1123 cum
2707 1070 2869 1125 beato
2899 1069 3229 1126 Sebastiano
3259 1069 3532 1140 plurimos
3577 1073 3640 1126 ad
3677 1073 3799 1130 ﬁdem

2248 1158 2450 1215 Christi
2480 1160 2767 1229 convertit,
2796 1171 2957 1234 atque
3000 1161 3068 1218 ad
3097 1163 3357 1234 martyrii
3389 1162 3612 1235 gloriam
3648 1166 3799 1222 exhor-

2253 1252 2418 1307 tando
2441 1253 2713 1324 perduxit.

2705 1366 2768 1422 F.
2812 1367 2878 1422 VI
2916 1368 3074 1424 KAL.
3115 1365 3392 1422 MART".

2879 1460 2970 1530 (24
3001 1459 3192 1530 Febr.)

2331 1561 2354 1590 θ
2394 1549 2600 1605 Natalis
2624 1548 2683 1606 S.
2713 1550 2952 1606 Matthia:
2980 1550 3238 1622 apostoli.

2329 1641 2395 1696 Et
2421 1642 2661 1697 inventio
2689 1643 2881 1712 capitis
2902 1640 3292 1706 Praecursoris,
3331 1647 3572 1712 tempore
3603 1641 3795 1696 Martiani

2259 1731 2958 1801 principis,quandoisdem
2985 1746 3300 1802 praecursor
3325 1729 3536 1785 duobus
3557 1731 3796 1795 monachis,

573 1813 695 1860 rent
724 1819 782 1860 se
825 1805 1017 1860 bclluis
1057 1819 1176 1860 esse
1224 1805 1548 1875 nequiores,
1593 1805 1954 1875 prohibebant
1994 1806 2156 1859 etiam
2192 1796 2232 1855 Β
2261 1796 2352 1874 imi
2393 1796 2534 1874 idem
2561 1796 2722 1890 έθρυι
2745 1819 2862 1889 ejus
2885 1796 3115 1876 οειεξιυω
3138 1820 3385 1890 iaceret,
3418 1819 3797 1876 revelamﬁon.

571 1895 836 1949 cadavera
868 1895 1113 1949 mandari
1147 1904 1322 1958 terrm,
1355 1895 1448 1950 sed
1485 1892 1749 1962 iubebant
1775 1895 2027 1950 ﬂuctibus
2065 1893 2161 1948 da-

571 1984 619 2038 ri
643 1984 693 2037 δ.
734 1983 936 2039 Horum
988 1985 1435 2056 gloriosissimam
1479 1983 1899 2051 multitudinem,
1929 1986 2162 2055 caelique

573 2075 894 2141 exercitum,
950 2076 1239 2140 ducebant,
1291 2085 1347 2129 et
1406 2075 1705 2131 incitabant
1750 2077 1818 2131 ad
1875 2077 2160 2132 victoriam

573 2163 874 2219 beatissimi
907 2164 1181 2236 Tyrannio
1221 2166 1506 2236 episcopus
1561 2175 1615 2221 et
1662 2165 1930 2238 Sylvanus
1959 2169 2166 2239 episco-

577 2270 712 2324 pus,
776 2256 868 2325 qui
917 2270 1086 2326 parvo
1143 2265 1384 2327 tempore
1429 2258 1750 2329 interposito
1776 2270 1823 2324 ε,
1865 2259 2164 2315 bestiarum

577 2345 852 2400 morsibus
874 2347 1191 2418 martyrium
1219 2348 1511 2418 complevit
1542 2365 1556 2415 ;
1586 2357 1640 2404 et
1661 2349 1852 2405 Peleus
1874 2360 2038 2421 atque
2073 2349 2167 2405 Ni-

575 2436 662 2492 lus
688 2438 946 2510 episcopi,
971 2440 1059 2509 qui
1092 2439 1215 2511 igne
1242 2455 1364 2496 cum
1390 2440 1637 2511 plurimis
1667 2441 1880 2498 clericis
1915 2425 2167 2498 consum-

576 2527 658 2596 pti
688 2534 814 2582 sunt
843 2543 858 2594 ;
888 2527 1158 2584 Zenobius
1186 2543 1400 2600 quoque
1427 2531 1752 2586 venerabilis
1775 2531 2056 2604 presbyter
2085 2547 2170 2587 ca.

578 2617 693 2688 pite
722 2633 911 2674 caesus.
2108 2669 2110 2672 ,

650 2707 784 2763 item
814 2707 866 2762 in
896 2707 1180 2764 Aiemania
1231 2709 1376 2766 beati
1411 2709 1547 2766 Galli
1585 2709 1819 2778 abbatis,
1859 2710 2012 2767 mirae
2044 2725 2169 2769 san-

511 2817 518 2823 ‘
578 2799 786 2857 ctitatis
811 2801 935 2869 viri,
968 2802 1217 2873 discipuli
1246 2802 1421 2858 sancti
1451 2803 1766 2859 Coiumbani
1794 2800 2024 2869 abbatis.
2064 2803 2076 2821 '

1044 2914 1104 2970 C.
1134 2915 1205 2969 IX
1239 2915 1397 2970 KAL.
1444 2915 1704 2971 MARTII.

1233 3005 1318 3075 (ei
1355 3004 1542 3077 Febr.)

658 3093 815 3164 Apud
861 3093 1124 3159 Siciliam,
1171 3104 1480 3150 sanctorum
1512 3105 1811 3169 martyrum
1838 3101 2171 3171 septuaginta

585 3197 802 3247 novem,
836 3185 928 3254 qui
972 3186 1072 3239 sub
1119 3182 1453 3241 Diocletiano
1499 3201 1595 3257 per
1638 3189 1851 3243 diversa
1883 3198 2170 3256 tormenta,

586 3272 946 3331 confessionis
995 3290 1105 3330 suae
1143 3290 1424 3342 coronam,
1451 3293 1480 3331 a
1523 3275 1741 3334 Christo
1775 3279 1877 3335 sibi
1905 3289 2174 3351 paratam,

586 3361 870 3433 percipere
895 3373 1229 3419 meruerunt.

1027 3472 1090 3527 D.
1132 3471 1245 3527 VIII
1285 3474 1441 3529 KAL.
1484 3475 1741 3532 MARTII.

1227 3563 1318 3635 (22
1358 3563 1546 3637 Febr.)

663 3672 820 3744 Apud
847 3671 1171 3730 Antiocham
1200 3675 1468 3732 Catbedra
1491 3679 1662 3734 sancti
1691 3678 1856 3735 Petri.

659 3764 863 3822 Eodem
907 3767 995 3824 die
1039 3768 1179 3838 apud
1210 3768 1594 3825 Alexandriam
1637 3771 1695 3826 S.
1727 3772 1889 3827 Abiiii
1916 3773 2176 3845 episcopi,

589 3852 682 3924 qui
714 3864 834 3924 post
854 3854 1073 3911 beatum
1105 3857 1340 3912 Marcum
1364 3859 1636 3914 secundus
1663 3860 1964 3932 episc0pus,
1997 3865 2179 3920 trede-

593 3945 700 4000 cim
733 3961 905 4003 annos
931 3949 1294 4004 sacerdotium
1319 3951 1668 4006 ministravit.

664 4034 820 4105 Apud
848 4035 1199 4106 Hieropoiim,
1223 4040 1396 4094 sancti
1425 4039 1604 4110 Papia:
1629 4042 1888 4114 episcOpi,
1916 4045 2180 4104 auditoris

594 4126 654 4183 S.
686 4126 912 4184 Joannis
937 4129 1189 4199 apostoli.

667 4218 800 4274 Item
835 4219 897 4273 Β.
930 4221 1242 4288 Aristionis,
1275 4224 1368 4293 qui
1424 4224 1526 4281 fuit
1553 4242 1691 4284 unus
1735 4227 1800 4285 de
1837 4212 2178 4304 septuaginta

593 4311 804 4368 duobus
823 4311 1028 4369 Christi
1057 4314 1356 4386 discipulis.

665 4404 886 4460 Viennae
919 4404 976 4460 S.
1000 4405 1277 4464 Paschasii
1305 4411 1632 4469 confessoris
1673 4422 1835 4486 atque
1879 4416 2178 4488 pontificis,

591 4495 924 4554 admirandae
951 4496 1275 4556 sanctitatis.

1039 4610 1104 4666 E.
1148 4612 1238 4668 VII
1272 4615 1430 4672 KAL.
1474 4619 1734 4675 MART".

1229 4709 1321 4778 (25
1357 4709 1542 4785 Febr.)

665 4789 822 4858 Apud
863 4789 1158 4863 Syrmium,
1187 4795 1247 4852 Β.
1284 4797 1474 4871 Syreni
1522 4801 1618 4874 [αΙ.
1645 4802 1862 4880 Syncri]
1904 4810 2176 4878 monachi,

592 4881 699 4951 qut"
729 4891 872 4937 eum-
896 4894 1141 4955 tempore
1167 4887 1476 4946 Maximiani
1527 4894 1891 4964 imperatoris,
1927 4901 2084 4956 unius
2111 4916 2178 4956 ex

607 5063 612 5067 .
666 5031 693 5060 ιι
733 5019 932 5076 Euseb.
963 5021 1120 5088 lvm,
1149 5039 1198 5078 c.
1225 5024 1277 5086 7,
1305 5039 1372 5079 ex
1396 5028 1643 5084 versione
1673 5029 1890 5086 Ruiiini.

669 5089 698 5130 ι)
734 5089 932 5146 Euseb.
965 5093 1001 5146 i.
1029 5109 1148 5157 vrtt,
1178 5110 1228 5148 c.
1252 5095 1321 5150 22
1351 5105 1407 5151 et
1435 5097 1521 5152 25.

668 5170 692 5200 ε
727 5159 1028 5242 ιξξειῇαηιιζι
1075 5166 1334 5242 ηιονδὶῡιιμ
1387 5171 1698 5242 martyrium
1744 5173 2038 5242 complevit.
2101 5176 2175 5230 ita

594 5245 728 5315 mss;
760 5226 898 5315 Male
931 5233 1108 5315 vulgo,
1141 5226 1552 5315 compleverunt:
1575 5241 1683 5315 Nec
1719 5226 1874 5296 enim.
1903 5226 2178 5315 Tyrannio

595 5308 669 5386 et
695 5299 961 5386 Sylranqs
1006 5299 1655 5386 episcopi;pari_mortis_
1698 5326 1897 5386 genere
1941 5299 2176 5386 palmam

595 5374 844 5449 martyrii
871 5374 1050 5449 adepti
1080 5374 1224 5430 sunt.
1258 5374 1394 5449 Nam
1421 5374 1828 5449 Tyrannio'non
1855 5374 2046 5440 bestiis
2075 5385 2178 5443 fuit

595 5440 860 5524 objecttls,
886 5440 990 5499 sed
1002 5445 1056 5524 in
1073 5460 1224 5524 mare
1249 5440 1562 5524 d_emershs._
1579 5451 1862 5524 Eusebius,
1886 5454 2025 5510 libro
2056 5440 2175 5524 vni,

596 5525 716 5582 cap.
748 5512 821 5598 ΞΒ
845 5531 857 5566 :
881 5525 936 5569 ‘0
963 5518 1054 5595 μέν
1084 5517 1371 5598 Baianith
1395 5520 1701 5598 παραδοθεὶς
1731 5512 1951 5598 suadas
1979 5512 2178 5584 ἕπεο-κοί

596 5602 718 5661 rrec.
748 5582 1013 5661 Tyrannio
1047 5588 1315 5661 episcopus
1354 5589 1410 5642 in
1453 5582 1746 5661 profundos
1772 5582 1934 5649 maris
1965 5582 2178 5653 vortices

597 5652 940 5728 dfmergitur.
982 5656 1057 5711 De
1075 5652 1322 5728 'Syiv'ano
1360 5652 1492 5715 vero
1536 5652 1591 5717 et
1629 5663 1750 5717 aliis
1796 5666 1959 5722 sociis
1995 5685 2007 5720 :
2037 5652 2181 5726 Ἀλλᾶ

599 5716 748 5778 οὗτον
787 5727 876 5794 μέν
922 5726 1104 5801 θηρίων
1127 5716 1270 5801 ’βορὰ
1311 5730 1512 5799 μετ’ἔτέ
1548 5758 1612 5788 ων
1664 5734 1742 5789 ὄπ’
1792 5737 1951 5798 αὐτῆς
1977 5737 2180 5809 Ἐμέσης

2261 1921 2369 1967 stat
2383 1921 2560 1968 autem
2585 1914 2710 1983 quia
2735 1913 3052 1969 imminente
3073 1913 3384 1969 festivitate
3407 1912 3642 1968 Paschali
3662 1912 3794 1976 fuerit,

2261 2003 2406 2058 sicut
2456 2002 2509 2057 in
2564 2003 2856 2075 Evangeiio
2903 2014 3142 2075 apparet,
3205 2005 3552 2070 decollatus;
3603 2014 3653 2060 et
3694 2018 3796 2058 anno

2262 2104 2384 2165 post
2411 2096 2555 2150 hunc
2581 2104 2862 2165 sequente,
2884 2111 3007 2150 cum
3037 2095 3216 2151 denuo
3237 2105 3457 2166 tempus
3484 2095 3713 2151 Pascbaie
3734 2108 3793 2148 reo

2263 2186 2477 2250 diisset,
2511 2186 2831 2256 mysterium
2859 2186 3156 2242 Dominicae
3177 2187 3458 2258 passionis
3485 2203 3596 2242 esse
3617 2185 3795 2256 comple-

2265 2282 2397 2329 tum.
2447 2275 2513 2329 Et
2557 2283 2838 2346 propterea
2869 2277 3010 2346 quod
3037 2276 3058 2315 ί
3085 2277 3140 2332 in
3189 2278 3340 2334 libro
3388 2275 3793 2332 Sacramentorum

2263 2365 2446 2420 natale
2474 2381 2526 2419 tv
2548 2364 2911 2420 Kalendarum
2939 2366 3349 2437 Septembrium
3376 2368 3466 2423 die
3487 2375 3700 2422 notatum
3718 2374 3790 2422 est.

2264 2464 2319 2512 et
2346 2456 2398 2510 in
2427 2455 2830 2528 Martyrologio,
2860 2459 3002 2527 quod
3029 2459 3253 2514 Eusebii
3284 2468 3341 2515 et
3368 2459 3660 2529 Hieronymi
3684 2472 3793 2513 voca-

2265 2545 2409 2601 bulis
2463 2545 2776 2617 insignitum
2841 2555 2957 2613 est,
3013 2547 3214 2618 legitur
3263 2565 3279 2604 :
3339 2548 3538 2614 Quarto
3587 2546 3792 2601 Kalendas

2267 2634 2581 2705 Septembris
2635 2637 2691 2690 in
2728 2636 2917 2692 Emesa
2960 2638 3164 2692 civitate
3218 2637 3507 2693 Phwniciae
3555 2637 3791 2708 provincia,

2267 2725 2443 2780 natale
2479 2726 2649 2780 sancti
2691 2725 2917 2781 Joannis
2947 2726 3226 2798 Baptistae,
3257 2745 3366 2799 quo
3413 2729 3498 2783 die
3531 2726 3789 2782 decollatus:

2270 2831 2377 2872 non
2407 2817 2714 2888 specialiter
2759 2818 2933 2888 ipsum
2987 2818 3131 2874 diem
3176 2818 3554 2875 decollationis
3599 2816 3696 2884 ejus
3730 2814 3796 2869 sed

2270 2907 2412 2962 diem
2457 2908 2654 2978 potius,
2694 2923 2802 2978 quo
2829 2893 2990 2978 caput
3016 2910 3134 2980 ejus
3173 2910 3233 2966 in
3264 2911 3458 2966 eadem
3503 2911 3672 2966 Emesa
3705 2907 3794 2961 ciri-

2272 3005 2384 3053 tate
2411 3007 2706 3068 repertum,
2730 3007 2893 3068 atque
2914 2999 2966 3053 in
2989 2999 3238 3055 Ecclesia
3265 3000 3560 3065 conditum,
3587 2998 3791 3066 designat.

2226 3145 2245 3168 η
2277 3089 2556 3160 Siquidem
2591 3091 2698 3146 duo
2724 3091 2974 3146 monachi
3004 3090 3318 3148 Orientales
3344 3100 3596 3148 venerant
3626 3089 3793 3144 adorare

2279 3181 2668 3252 Hierosolymis
2690 3191 2746 3236 et
2771 3181 2887 3237 loca
2915 3191 3104 3238 sancta
3128 3183 3338 3240 videre.
3371 3183 3571 3250 Quibus
3594 3195 3675 3250 per
3693 3191 3793 3232 rere-

2279 3272 2534 3326 lationem
2587 3272 2849 3328 assistens
2882 3273 3024 3328 idem
3049 3273 3371 3329 Praecursor
3402 3272 3621 3336 Domini,
3651 3280 3793 3339 praeco

2278 3365 2378 3435 pit,
2406 3371 2464 3417 ut
2492 3363 2558 3418 ad
2591 3361 2821 3418 Herodis
2851 3364 3122 3434 quondam
3152 3365 3304 3435 regis
3325 3361 3664 3419 habitaculum
3686 3369 3790 3412 acre

2278 3455 2490 3519 dentes,
2544 3461 2704 3524 caput
2748 3468 2904 3508 suum
2948 3454 3018 3508 ibi
3075 3455 3447 3524 requirerent,
3490 3461 3543 3508 et
3582 3452 3789 3506 inventum

2278 3546 2442 3614 digno
2465 3545 2671 3600 honore
2699 3545 3072 3600 reconderent.
3099 3545 3257 3614 Quod
3282 3548 3352 3603 ab
3395 3547 3474 3601 eis
3501 3547 3733 3600 inventum
3751 3546 3789 3591 et

2279 3645 2637 3708 assumptum,
2687 3637 2781 3692 sed
2818 3652 2923 3710 non
2954 3637 3122 3693 multo
3150 3648 3277 3709 post
3305 3638 3461 3710 culpa
3489 3635 3684 3693 incuria:
3708 3642 3792 3699 pcr-

2279 3728 2476 3792 ditum,
2521 3726 2788 3798 perlatum
2816 3735 2900 3783 est
2927 3727 3177 3784 Emesam
3226 3728 3445 3794 abillis,
3478 3735 3530 3781 et
3554 3725 3599 3780 in
3621 3718 3790 3791 quodam

2279 3834 2468 3891 specu,
2494 3819 2548 3874 in
2591 3834 2724 3874 urna
2755 3819 2855 3875 sub
2883 3829 3024 3875 terra
3047 3835 3150 3874 non
3173 3835 3355 3889 pauco
3384 3826 3610 3888 tempore
3647 3805 3793 3881 ignobi:

2281 3907 2405 3964 liter
2431 3907 2766 3963 reconditum
2791 3948 2806 3974 ,
2845 3909 3018 3964 donec
3046 3909 3226 3965 denuo
3251 3924 3373 3966 sese
3411 3916 3651 3973 suumque
3679 3901 3792 3965 enim

2281 3998 2521 4054 ostendit
2565 3997 2819 4054 Marcello
2848 3999 3060 4055 cuidam
3099 3999 3355 4071 religioso
3377 3997 3683 4070 presbytero,
3704 3989 3790 4043 dum

2281 4090 2337 4145 in
2356 4089 2544 4144 eodem
2575 4103 2738 4158 specu
2762 4088 3049 4145 habitaret.
3075 4091 3156 4145 Ex
3201 4107 3312 4162 quo
3346 4099 3574 4159 tempore
3607 4077 3790 4150 cmpiiiﬂ

2281 4183 2470 4238 eadem
2498 4182 2718 4238 civitate
2743 4183 2884 4239 beati
2916 4187 3272 4252 praecursoris
3299 4181 3573 4264 decollatio
3607 4177 3700 4247 ipso
3716 4170 3789 4264 die.

2282 4287 2390 4343 quo
2431 4281 2595 4344 caput
2637 4271 2754 4343 ejus
2790 4273 3069 4330 inventum
3118 4276 3234 4331 sive
3261 4259 3522 4332 elevatum
3565 4277 3662 4330 est,
3687 4259 3787 4317 cele-

2281 4365 2448 4420 brari.

2203 4497 2260 4560 Β
2287 4546 2319 4560 Α
2353 4457 2486 4560 item
2537 4456 2680 4527 apud
2723 4457 3022 4560 Caesaream
3077 4436 3786 4560 CappadociaennataIiSAb'ff

2287 4546 2461 4618 Sergii
2525 4549 2814 4620 martyris,
2872 4548 3024 4619 cuius
3086 4559 3237 4623 gesta
3299 4541 3677 4622 praeclarissima
3725 4531 3788 4586 ha-

2283 4638 2499 4694 bentur.

2744 4720 2810 4775 G.
2851 4719 2916 4774 V.
2958 4716 3114 4776 KAL.
3156 4716 3414 4777 MARTII.

2352 4903 2508 4974 Apud
2548 4901 2861 4974 ῘΕΒΥΡῑυιη,
2910 4812 3439 4960 ξιξῗειξεζέἓῖοιοτυω
3467 4885 3706 4953 Victorini,
3729 4876 3786 4933 Ἥ·

2279 5041 2562 5122 γενόμενος..
2621 5051 2807 5122 χοροῖς
2849 5043 3086 5114 auiam
3126 5044 3419 5124 μᾳρτύρων.
3451 5033 3560 5128 Hic.
3585 5024 3785 5138 Sylva»;

2281 5127 2401 5163 cum
2455 5111 2576 5164 aius
2627 5129 2683 5164 ιη
2732 5112 2909 5166 eadem
2968 5113 3095 5168 urbe
3147 5113 3336 5166 [Littera
3380 5109 3634 5162 bestiarum
3655 5104 3736 5164 ρι’ίτ

2282 5178 2455 5251 [actus
2485 5182 2539 5234 in
2565 5191 2856 5251 martyrum
2885 5184 3101 5236 chorum
3127 5183 3322 5236 relatus
3350 5179 3466 5251 fuit.

2352 5249 2378 5290 ά
2422 5249 2904 5326 Qeltocirt'gestis
2931 5252 2989 5326 ξ.
3017 5254 3230 5326 Sebast.
3259 5250 3489 5326 20_3l_a_n..

2357 5333 2380 5415 ξ
2422 5309 2826 5415 Yidelibellgim
2855 5323 2922 5377 de
2951 5322 3077 5415 fest.
3107 5309 3711 5415 Apos'l.-Yligghinﬁ':i-mn
3736 5363 3780 5415 η.

2363 5390 2380 5430 ί
2426 5391 2494 5446 In
2541 5392 2672 5446 libro
2723 5381 3205 5448 Sacramentorum.
3252 5387 3509 5466 intelligit,
3538 5381 3780 5467 cpiiior,}|‘

2363 5478 2442 5489 ...ις
2492 5461 2967 5489 Q--...........a.._...~.
3007 5465 3112 5489 A:..:
3141 5462 3380 5489 n-.........::
3443 5471 3490 5489 ιιι
3532 5457 3682 5489 ηιιηη
3709 5436 3780 5489 Iﬂ’

2286 5461 2443 5516 brum
2492 5461 2968 5518 Sacramentorum
3005 5465 3114 5518 divi
3141 5447 3501 5536 Gregoriifin
3532 5447 3622 5519 quo
3645 5456 3688 5497 tv
3709 5447 3780 5511 tu;

2286 5530 2561 5561 1η...ι.......ν.
2583 5533 2979 5561 can-“mtuam...
3005 5535 3168 5561 t...t.....
3190 5554 3202 5561 .
3236 5532 3418 5561 1.2.4....
3448 5524 3526 5561 ,Ιω
3569 5506 3780 5561 Αρεοιιαιιο

2285 5513 2563 5608 ῐέιίὰᾆτυῖᾖ
2574 5513 2979 5608 sagmarius
3005 5513 3181 5608 iam;
3190 5513 3203 5588 ἐ
3223 5513 3779 5608 ‘Eédéiit‘gtieggcg‘ougﬂ‘j

2285 5583 2577 5685 seu;passio
2604 5575 2911 5690 {balanis
2939 5575 3400 5690 Bapﬁst;.IQttet.n
3431 5575 3778 5690 Ιὶῐρςξιιιῖιηὲοηίέξξέ

2287 5659 2438 5742 gorib
2464 5674 2658 5727 asserit
2680 5659 3032 5730 doctissimus.
3057 5659 3324 5730 Pamelius
3365 5673 3414 5725 in
3456 5659 3743 5726 Proicgomcn

2289 5743 2354 5796 ad
2387 5754 2586 5797 tomum
2628 5743 2666 5796 II
2704 5743 3119 5814 Liturgicorum.
