3962 6366
136 376 261 432 253

805 358 1410 426 MARTYROLOGIUM
1448 353 1593 412 CUM
1630 349 2163 408 ADDITAMENTIS.
2204 379 2269 390 -
2305 347 2506 404 MENS.
2552 345 2767 402 MART.

3304 344 3410 402 254

137 466 342 530 ctoris,
368 460 686 534 Nicophori,
709 457 1010 522 Claudiani,
1044 453 1309 518 Dioscori,
1345 447 1658 520 Sutupionis
1677 452 1732 500 et
1760 449 1810 506 Α
1837 450 1894 496 ut
1943 456 2118 512 genua
2151 439 2428 496 ﬂectentes
2471 446 2697 494 orarent
2735 449 2859 491 cum
2908 435 3026 504 ipso
3057 451 3068 488 :
3103 449 3226 490 cum
3259 449 3409 490 eom-

139 557 355 629 Papite,
387 555 488 612 sub
526 551 851 607 Numeriano
902 549 1248 619 imperatore,
1291 550 1479 613 agente
1533 538 1736 594 Sabino

142 648 569 715 duce.Quorum
600 643 806 714 primus
830 642 882 694 in
912 639 1075 711 pilam
1107 653 1171 692 ex
1198 637 1391 690 robore
1437 646 1644 694 cavam,
1683 637 1736 683 et

145 739 398 808 undique
423 733 864 791 eireumforatam
892 730 1111 794 missus,
1139 742 1202 782 ac
1245 742 1338 796 per
1367 723 1572 793 singula
1602 720 1735 774 l'ora-

146 833 306 888 mina
356 828 659 885 diutissime
704 831 1086 894 transpunctus
1129 829 1243 884 est;
1280 831 1508 886 cumque
1542 813 1738 868 nimius

149 923 380 996 sanguis
407 921 668 985 eﬂlueret,
700 919 925 974 eductus
971 931 1002 970 e
1043 914 1175 986 pila,
1205 911 1381 980 capite
1427 921 1597 964 exesus
1633 910 1735 960 est.

153 1012 445 1070 Secundus
474 1010 721 1066 manibus
741 1024 806 1064 ac
833 1007 1057 1079 pedibus
1080 1002 1388 1074 amputatis,
1415 1001 1468 1055 in
1494 997 1738 1067 eamdem

150 1107 322 1177 pilam
346 1103 563 1166 missus,
591 1099 788 1171 prioris
810 1103 1076 1154 tormenta
1123 1093 1398 1156 sustinuit,
1425 1099 1478 1145 et
1509 1085 1737 1143 novissi-

154 1212 247 1254 me
291 1195 469 1266 gladio
513 1208 685 1249 caesus
717 1198 820 1247 est.
869 1187 1084 1245 Tertius
1120 1201 1243 1241 cum
1280 1177 1420 1238 ultro
1473 1179 1526 1236 in
1577 1177 1740 1250 pilam

157 1289 354 1346 fuisset
385 1287 682 1358 ingressus,
715 1283 1024 1354 indignatus
1049 1272 1220 1334 Judex
1259 1276 1421 1348 jussit
1449 1290 1570 1330 eum
1620 1271 1743 1327 inde

155 1379 408 1454 produci,
465 1387 522 1433 et
589 1391 751 1446 super
801 1373 1121 1430 craticulam
1173 1370 1360 1442 prunis
1416 1368 1742 1424 substratam

160 1469 553 1541 aliquantisper
568 1467 737 1522 assari
758 1473 814 1520 et
834 1465 1028 1520 inverti
1049 1475 1308 1532 :cumque
1328 1459 1383 1514 in
1406 1455 1745 1514 confessione

161 1561 503 1634 persisteret,
526 1557 768 1614 sublatus
792 1557 935 1621 inde,
963 1553 1268 1609 minutatim
1295 1549 1472 1622 gladio
1495 1545 1746 1602 concisus

163 1652 414 1724 spiritum
447 1648 700 1704 reddidit.
731 1646 1080 1716 Reliquorum
1120 1650 1369 1715 quatuor,
1421 1636 1746 1694 Claudianus

167 1751 225 1797 et
253 1742 541 1798 Dioscorus
596 1737 828 1792 ﬂammis
877 1734 1104 1790 incensi.
1157 1732 1418 1789 Serapion
1453 1739 1507 1784 et
1552 1726 1745 1799 Papias

171 1834 348 1906 gladio
371 1830 728 1888 consummati
758 1837 904 1885 sunt.

625 1947 692 2001 A.
731 1945 802 2001 Ν
841 1943 996 1999 KAL.
1037 1941 1293 1997 MART".
1435 1993 1452 2003 _
1531 1941 1643 1970 ""

804 2036 896 2107 (96
930 2033 1116 2104 Febr.)
1417 2090 1420 2093 _

231 2130 293 2188 In
326 2129 544 2187 civitate
568 2128 741 2199 Perge
769 2124 1102 2196 Pamphiliaa,
1135 2121 1315 2178 natale
1343 2120 1486 2176 beati
1508 2117 1752 2174 Nestoris

169 2220 406 2294 episcopi
433 2237 447 2273 :
479 2218 572 2290 qui
600 2215 981 2288 persecutione
1003 2211 1172 2278 Decii,
1198 2227 1320 2266 cum
1351 2210 1441 2264 diu
1482 2217 1752 2279 noctuque

167 2310 401 2369 orationi
437 2309 714 2364 insisteret
733 2304 1012 2377 postulans
1042 2311 1099 2358 ut
1121 2316 1251 2372 grex
1285 2299 1486 2356 Christi
1516 2297 1752 2354 custodi-

169 2412 342 2469 retur,
364 2401 789 2472 comprebensus
817 2412 847 2451 a
896 2395 1130 2467 quodam
1167 2390 1477 2466 Irenarcbo,
1511 2387 1603 2459 qui
1633 2395 1754 2443 erat

169 2492 426 2568 princeps
476 2490 639 2552 chriae
687 2488 944 2559 Civitatis,
1000 2485 1144 2540 velut
1200 2483 1342 2538 aries
1377 2479 1494 2538 sine
1547 2476 1753 2534 malitia

174 2582 394 2642 oblatus
427 2593 509 2639 est
545 2580 760 2652 praesidi
787 2577 1038 2634 Pollioni.
1061 2575 1276 2630 Etcum
1316 2587 1513 2627 nomen
1549 2569 1752 2626 Christi

178 2679 323 2734 mira
352 2677 595 2731 libertate
621 2684 673 2729 et
692 2672 977 2728 alacritate
1007 2669 1379 2732 conﬁteretur,
1408 2665 1537 2720 deos
1569 2672 1753 2717 autem

177 2769 434 2846 gentium
461 2765 717 2846 daemonia
755 2763 990 2834 pessima
1027 2774 1146 2816 esse
1198 2765 1546 2820 memoraret,
1569 2751 1754 2822 jussus

171 2845 242 2915 ab
268 2858 454 2913 eodem
476 2845 710 2934 praeside
737 2851 991 2934 suspendi
1027 2851 1082 2905 in
1123 2849 1372 2920 equuleo,
1401 2853 1457 2902 et
1497 2845 1754 2902 crudelis-

172 2953 312 3007 sime
340 2949 610 3020 torqueri,
642 2929 820 3003 l'aetus”
846 2929 1131 3017 psallebat,
1182 2941 1405 2997 dicens:
1441 2938 1754 2992 Benedicam

172 3039 457 3098 Dominum
511 3040 566 3094 in
597 3040 736 3093 omni
767 3047 1012 3106 tempore,
1044 3049 1244 3088 semper
1283 3032 1400 3085 laus
1434 3029 1548 3100 ejus
1577 3028 1632 3082 in
1668 3036 1756 3082 ore

173 3151 289 3188 meo
315 3131 490 3204 (Psal.
525 3129 744 3201 xxxiii).
775 3127 982 3184 Praeses
1010 3139 1140 3181 vero
1167 3135 1392 3193 stupens
1420 3135 1582 3190 super
1603 3126 1756 3173 tanta

1837 534 2036 604 plesset
2064 534 2384 599 orationem,
2415 541 2472 587 et
2513 531 2776 587 dixissent
2804 540 3014 592 omnes,
3045 528 3238 591 Amen,
3291 529 3411 583 red-

1838 629 1973 682 didit
2039 626 2287 696 spiritum
2335 644 2347 680 :
2400 620 2794 679 consummavit
2846 631 3025 676 autem
3093 623 3406 692 martyrium

1838 718 2025 787 quinta
2063 715 2305 779 Sabbati,
2341 716 2473 770 hora
2507 714 2660 769 tertia

1912 818 1937 846 ει
1968 803 2168 861 Eodem
2198 806 2285 861 die
2329 803 2393 858 Β.
2422 804 2734 869 Alexandri,
2779 801 3152 858 Alexandrinae
3181 804 3415 858 civitatis

1839 897 2098 968 episcopi,
2131 897 2347 968 gloriosi
2379 897 2542 961 senis,
2577 895 2667 966 qui
2698 904 2821 966 post
2848 895 2908 948 Β.
2941 895 3184 960 Petrum,
3225 897 3413 951 Arium

1839 987 2214 1060 presbyterum
2247 1001 2422 1052 suum,
2455 985 2711 1042 haeretica
2743 985 3021 1056 impietate
3041 986 3414 1055 depravatum,

1842 1087 1897 1135 et
1933 1079 2113 1134 divina
2156 1080 2381 1134 veritate
2423 1078 2810 1144 reconvictum,
2858 1078 2927 1134 de
2957 1077 3186 1134 ecclesia
3219 1079 3416 1150 ejecit:

1843 1179 1900 1229 et
1944 1183 2130 1244 postea
2185 1171 2328 1228 inter
2374 1179 2644 1228 trecentos
2693 1171 2878 1226 decem
2923 1181 2977 1225 et
3029 1181 3151 1227 octo
3205 1170 3416 1236 Patrcr,

1842 1262 2093 1320 eumdem
2122 1263 2173 1318 in
2198 1263 2416 1319 Nicaeno
2440 1263 2671 1320 concilio
2696 1263 2990 1318 damnavit.

2292 1396 2356 1453 Β.
2396 1397 2460 1452 Ill
2498 1396 2655 1452 KAL.
2696 1395 2951 1450 MART".

2481 1487 2572 1559 (27
2601 1485 2785 1557 Febr.)

1916 1582 2071 1655 Apud
2098 1581 2428 1653 Hispaniam,
2455 1580 2669 1636 civitate
2692 1577 3102 1648 Hispali,sancti
3127 1577 3420 1642 Lcandrib,

1847 1672 2083 1745 episcopi
2125 1679 2181 1728 et
2219 1669 2563 1735 confessoris,
2616 1670 2683 1724 ad
2718 1684 2875 1739 quem
2904 1667 3094 1722 beatus
3132 1667 3423 1738 Gregorius

1849 1764 2017 1820 libros
2045 1763 2325 1818 Moralium
2361 1762 2584 1828 scribit;
2636 1761 2789 1832 cujus
2833 1759 3212 1830 praadicatione
3264 1769 3318 1813 et
3349 1759 3425 1812 in-

1776 1833 1824 1892 Β
1852 1851 2080 1918 dustria,
2107 1861 2216 1908 tota
2239 1850 2695 1920 Cothorumgens
2721 1863 2818 1920 per
2845 1847 3210 1903 Reccaredum
3242 1863 3422 1919 regem

1850 1947 1919 2000 ab
1940 1944 2142 1998 Ariana
2170 1942 2447 2013 impietate
2477 1953 2734 1996 conversa
2764 1949 2865 1994 est.
2892 1937 2993 2006 Qui
3015 1939 3176 1992 etiam
3202 1937 3423 1992 fratrem

1850 2036 1967 2106 ejus
1992 2031 2404 2103 Erminigildum
2429 2046 2632 2103 regem,
2651 2029 2864 2085 vivente
2887 2031 3064 2085 adhuc
3090 2038 3243 2100 patre
3263 2029 3428 2084 haere-

1851 2125 1977 2189 tico,
2011 2125 2078 2180 ab
2119 2123 2306 2180 eadem
2337 2121 2538 2176 Ariana
2567 2120 2757 2175 haeresi
2798 2120 2867 2174 ad
2914 2119 3238 2174 catholicam
3267 2119 3427 2173 (idem

1851 2213 2120 2283 correxit;
2164 2223 2324 2285 atque
2374 2229 2544 2284 usque
2583 2213 2650 2268 ad
2681 2210 2972 2284 gloriosam
3027 2212 3271 2283 martyrii
3305 2226 3429 2282 pas—

1852 2307 2082 2374 sionem,
2116 2306 2228 2363 suis
2261 2304 2729 2362 exhortationibus
2756 2303 3028 2374 perduxit.

1927 2409 1948 2437 ε
1980 2397 2110 2453 ltem
2140 2397 2329 2452 eodem
2359 2392 2446 2451 die
2469 2395 2522 2450 in
2545 2393 2894 2459 Alexandria,
2921 2393 3116 2450 natalis
3138 2393 3306 2449 sancti
3334 2393 3431 2448 Ju-

1852 2489 1981 2544 liani
2007 2487 2283 2560 martyris,
2300 2487 2392 2559 qui
2413 2502 2534 2542 eum
2556 2485 2630 2540 ita
2649 2485 2889 2556 podagra
2917 2485 3244 2540 constrictus
3267 2493 3428 2546 esset,

1852 2590 1914 2636 ut
1942 2595 2118 2652 neque
2157 2580 2409 2635 incedere
2430 2593 2604 2648 neque
2628 2586 2775 2634 stare
2813 2585 3016 2646 posset,
3050 2593 3172 2632 cum
3202 2577 3308 2642 his,
3340 2576 3432 2646 qui

1853 2688 1978 2728 eum
2007 2673 2062 2726 in
2103 2670 2293 2730 sellula
2328 2668 2642 2740 portabant,
2667 2667 2841 2739 judici
2895 2666 3155 2720 oll’ertur:
3203 2681 3431 2736 quorum

1853 2778 1994 2842 unus
2038 2761 2258 2832 quidem
2287 2759 2468 2826 statim
2512 2758 2756 2829 negavit,
2799 2757 2938 2811 alter
2967 2757 3184 2811 nomine
3225 2756 3430 2822 Eunus,

1854 2843 1980 2914 cum
2018 2852 2232 2911 Juliano
2256 2867 2385 2909 sene
2429 2852 2484 2918 in
2512 2847 2725 2907 Domini
2752 2848 3090 2906 confessione
3141 2850 3432 2920 perdurat:

1855 2948 2058 3022 quique
2098 2945 2361 3016 jubentur
2407 2940 2630 3003 camelis
2681 2943 2938 3013 impositi,
2971 2957 3071 3013 per
3119 2951 3283 2998 totam
3329 2941 3436 2997 cir-

1858 3037 2107 3096 cumduci
2159 3037 2371 3102 urbem,
2404 3046 2458 3091 et
2504 3034 2707 3106 ﬂagris,
2757 3034 2885 3090 hinc
2932 3034 3055 3089 inde
3103 3033 3440 3105 inspectante

1857 3128 2078 3207 populo,
2127 3127 2354 3193 laniari,
2409 3140 2698 3198 usquequo
2740 3125 2904 3182 linem
2949 3125 3082 3197 ipsis
3126 3126 3442 3182 verberibus

178 3222 485 3289 tolerantia,
511 3231 568 3278 et
608 3189 793 3277 volens
825 3233 950 3274 eum
975 3216 1186 3272 blandis
1229 3189 1411 3268 verbis
1451 3189 1502 3266 a7
1527 3209 1632 3264 ﬁde
1666 3223 1753 3263 re-
1782 3189 1830 3254 (εἶ
1859 3189 2208 3279 ξοῖριίηιηυτ,

174 3331 396 3382 vocare,
429 3315 568 3371 dixit
589 3314 674 3369 ei:
709 3308 803 3367 Vis
829 3323 949 3366 esse
980 3307 1281 3371 nobiscum,
1313 3311 1406 3358 aut
1446 3317 1569 3357 cum
1593 3299 1754 3355 Chri-

177 3418 265 3464 sto
311 3406 443 3462 tuo?
494 3405 593 3461 Cui
641 3411 860 3460 sanctus
903 3397 1094 3455 Nestor
1139 3409 1260 3453 cuin
1315 3407 1510 3464 magno
1564 3390 1758 3463 gaudio

179 3499 485 3572 respondit,
521 3495 905 3553 dicens:Cum
951 3492 1166 3549 Christo
1215 3503 1336 3545 meo
1375 3497 1430 3543 et
1483 3500 1653 3550 eram,
1704 3491 1758 3537 et

180 3607 324 3657 sum,
349 3599 404 3645 et
430 3604 545 3645 ero.
573 3587 725 3645 Tunc
771 3586 1078 3657 indignatus
1100 3596 1300 3654 praeses
1323 3578 1472 3635 dedit
1500 3577 1758 3631 adversus

184 3700 310 3738 eum
339 3682 682 3746 sententiam,
714 3688 773 3734 ut
795 3679 921 3750 quia
942 3671 1473 3756 Jesunucrucilixum
1505 3670 1604 3725 sub
1626 3668 1756 3724 Pon-

186 3774 270 3829 tio
292 3773 464 3830 Pilato
484 3773 773 3835 fateretur,
802 3780 1061 3839 tanquam
1096 3767 1320 3823 devotus
1345 3765 1456 3819 Deo
1481 3777 1580 3818 suo
1619 3759 1764 3815 illius

183 3867 396 3923 subiret
422 3864 770 3931 sententiam,
793 3871 849 3919 et
868 3861 1012 3933 ligno
1030 3857 1324 3915 cruciﬁxus
1351 3853 1711 3911 resolveretur
1732 3865 1763 3905 a

174 3959 315 4014 vita.
345 3958 437 4014 Ille
456 3957 662 4029 gratias
689 3970 855 4026 agens
880 3954 990 4010 Deo
1010 3967 1132 4008 cum
1151 3948 1264 4019 jam
1284 3946 1474 4003 allixus
1497 3953 1643 4002 esset
1670 3958 1767 4014 pa-

179 4048 384 4113 tibulo,
426 4045 652 4102 docebat
694 4043 1037 4101 assistentem
1080 4038 1335 4110 populum
1377 4034 1764 4098 Christianum,

181 4149 248 4194 ut
277 4137 632 4208 persisterent
672 4135 728 4190 in
754 4132 859 4188 lide
895 4141 950 4188 et
974 4131 1238 4186 charitate
1279 4125 1480 4184 Christi
1514 4135 1570 4179 et
1598 4125 1768 4180 liben-

181 4231 403 4287 tissime
431 4233 884 4298 compaterentur,
937 4230 998 4278 ut
1031 4229 1086 4277 et
1122 4218 1282 4276 simul
1311 4215 1762 4289 gloriﬁcarentur.

182 4323 318 4379 Post
349 4321 464 4376 haec
491 4326 679 4390 petens
699 4330 914 4372 omnem
955 4320 1219 4369 astantem
1247 4310 1458 4365 turbam
1507 4305 1764 4370 ﬁdelium,

260 4468 287 4496 ε
332 4453 530 4508 Euseb.
562 4451 600 4507 l.
628 4467 686 4517 ι,
710 4465 760 4507 c.
793 4450 846 4513 l,
883 4456 937 4504 et
969 4445 1094 4517 Ruf,
1125 4445 1164 4499 Ι.
1191 4460 1236 4517 ι.
1269 4458 1320 4498 c.
1357 4442 1408 4495 l.

258 4525 287 4562 ι’
335 4526 413 4580 De
437 4539 504 4580 eo
530 4514 693 4593 Greg'.
724 4522 778 4576 in
806 4519 1014 4589 praefat.
1041 4514 1342 4572 Moralium.

1799 4499 1852 4559 D

1934 3312 2067 3367 ltem
2116 3312 2254 3384 apud
2301 3305 2640 3383 Lugdunum,
2685 3311 2744 3366 S.
2777 3309 3126 3376 Baldemeris,
3175 3311 3277 3366 viri
3322 3309 3417 3366 Dei

1864 3402 2017 3474 cujus
2045 3402 2353 3472 sepulcrum
2374 3402 2582 3459 crebris
2603 3398 2882 3457 miraculis
2906 3385 3228 3458 illustratur.

2242 3534 2302 3590 C.
2347 3535 2573 3591 PRIDIE
2610 3535 2768 3590 KAL.
2809 3533 3070 3591 MART".

2504 3628 2594 3690 (es
2628 3626 2810 3699 Febr.)

1937 3725 1994 3780 ln
2051 3722 2329 3779 territorio
2380 3718 2727 3791 Lugdunensi
2778 3717 2912 3773 locis
2951 3715 3270 3774 Jurensibus
3303 3717 3449 3774 beati

1868 3814 2100 3872 Romani
2143 3811 2375 3878 abbatis,
2406 3811 2498 3882 qui
2523 3809 2733 3880 primus
2757 3807 2867 3864 illic
2906 3808 3076 3863 vitam
3099 3806 3446 3862 eremeticam

1871 3907 2058 3972 duxit,
2107 3914 2164 3960 et
2208 3901 2395 3958 multis
2443 3901 2735 3955 virtutibus
2787 3913 2852 3954 ac
2901 3896 3180 3954 miraculis
3229 3895 3448 3962 clarus,

1871 3997 2230 4068 plurimorum
2274 3999 2461 4065 postea
2485 3999 2641 4062 pater
2679 3989 2890 4046 exstitit
2915 3988 3322 4044 monachorum.
3353 3985 3454 4042 γε.

1873 4088 2116 4146 nerabile
2165 4101 2363 4156 corpus
2391 4085 2511 4157 ejus
2563 4083 2728 4141 situm
2772 4090 2857 4140 est
2903 4081 2958 4138 in
3004 4081 3202 4138 ﬁnibus
3245 4078 3454 4136 Vesun-

1876 4181 2104 4238 tienum.

1950 4431 1974 4459 ο
2014 4418 2208 4474 Euseb.
2242 4418 2279 4472 l.
2307 4432 2381 4483 vr,
2413 4432 2464 4471 c.
2495 4415 2584 4472 54.

917 4639 2681 4681 Μ

1435 4794 1735 4854 LlTANl/E
1776 4783 2193 4849 INDICENDIE.

1375 4963 1750 5044 MENSIS
1828 4960 2287 5040 MARTIUS
2339 5039 2347 5044 _
2411 4968 2414 4971 ’

1187 5160 1400 5207 ιιλιιιτ
1443 5157 1581 5202 DIES
1624 5153 2023 5217 ιιιιλιυκιι
2069 5153 2259 5206 veno,
2309 5146 2457 5194 xxx.

1656 5288 1938 5308 ψ

713 5381 777 5439 D.
817 5381 974 5438 KAL.
1015 5379 1272 5436 MARTII.

853 5476 902 5546 (Ι
938 5473 1124 5541 Mart.)

273 5587 305 5618 II
333 5571 540 5636 Romze,
567 5575 875 5626 sanctorum
900 5576 1197 5636 martyrum
1235 5565 1588 5618 ducentorum
1625 5571 1783 5614 sexaa

186 5669 378 5744 ginta.
409 5663 744 5734 temporibus
791 5657 1016 5714 Claudii.
1067 5656 1157 5726 qni
1192 5655 1277 5708 via
1325 5649 1533 5710 Salaria
1566 5656 1786 5732 arenam

278 5792 306 5822 ο
337 5777 412 5835 De
436 5776 521 5833 liis
546 5775 601 5831 in
635 5771 752 5828 Vita
779 5770 833 5826 S.
859 5769 1080 5825 Valent.
1104 5779 1277 5839 prest).

570 5870 843 5930 Ρηιιοι.
891 5864 1180 5928 CXXIII.

1894 5374 2181 5437 fodientes,
2214 5365 2452 5425 damnati
2500 5363 2716 5422 fuerant
2744 5375 2843 5434 pro
2865 5359 3068 5418 Christi
3115 5359 3331 5414 nomine
3376 5355 3470 5428 (M

1898 5452 2084 5536 Febr.)
2106 5481 2120 5530 ;
2145 5478 2280 5534 quos
2293 5461 2456 5534 jussit
2480 5458 2735 5516 Claudius
2763 5465 2822 5511 ut
2843 5456 2896 5512 in
2920 5454 3098 5525 ﬁglina
3130 5451 3261 5507 foris
3284 5464 3469 5505 muros

1895 5564 2066 5627 porta:
2089 5553 2312 5609 Salaria:
2335 5553 2698 5615 mitterentur,
2729 5557 2784 5604 ct
2815 5563 2879 5603 eo
2907 5547 3023 5602 loco
3054 5543 3268 5609 inclusi,
3303 5542 3354 5596 in
3391 5541 3470 5595 ci-

1899 5646 2082 5703 vitatis
2105 5644 2504 5716 amphitheatro
2529 5641 2758 5698 militum
2781 5639 2992 5710 sagittis
3017 5634 3468 5693 interficerentur.

3005 5840 3045 5899 8
