  <div class='ocr_page' id='page_1' title='image "/cluster/home/n/w/nwhite01/storage/ocr_20150623/123/hvd.32044011218062/135.png"; bbox 0 0 3962 6366; ppageno 0'>
   <div class='ocr_carea' id='block_1_1' title="bbox 975 462 1705 522">
    <p class='ocr_par' dir='ltr' id='par_1_1' title="bbox 975 462 1705 522">
     <span class='ocr_line' id='line_1_1' title="bbox 975 462 1705 522; baseline 0.004 -4"><span class='ocrx_word' id='word_1_1' title='bbox 975 462 1036 518; x_wconf 82' lang='grc' dir='ltr'><strong>Ε.</strong></span> <span class='ocrx_word' id='word_1_2' title='bbox 1079 463 1145 520; x_wconf 79' lang='lat' dir='ltr'><strong>VI</strong></span> <span class='ocrx_word' id='word_1_3' title='bbox 1186 463 1410 522; x_wconf 68' lang='lat' dir='ltr'><strong>NONAS</strong></span> <span class='ocrx_word' id='word_1_4' title='bbox 1448 464 1705 521; x_wconf 79' lang='lat' dir='ltr'><strong>MARTII.</strong></span> 
     </span>
    </p>
   </div>
   <div class='ocr_carea' id='block_1_2' title="bbox 1197 554 1467 629">
    <p class='ocr_par' dir='ltr' id='par_1_2' title="bbox 1197 554 1467 629">
     <span class='ocr_line' id='line_1_2' title="bbox 1197 554 1467 629; baseline 0 -19"><span class='ocrx_word' id='word_1_5' title='bbox 1197 554 1253 629; x_wconf 72' lang='grc'><strong>(2</strong></span> <span class='ocrx_word' id='word_1_6' title='bbox 1279 555 1467 628; x_wconf 80' lang='lat' dir='ltr'><strong>Mart.)</strong></span> 
     </span>
    </p>
   </div>
   <div class='ocr_carea' id='block_1_3' title="bbox 622 666 2139 739">
    <p class='ocr_par' dir='ltr' id='par_1_3' title="bbox 622 666 2139 739">
     <span class='ocr_line' id='line_1_3' title="bbox 622 666 2139 739; baseline 0.002 -19"><span class='ocrx_word' id='word_1_7' title='bbox 622 667 829 733; x_wconf 69' lang='lat' dir='ltr'><strong>llomaa,</strong></span> <span class='ocrx_word' id='word_1_8' title='bbox 853 669 936 722; x_wconf 88' lang='lat' dir='ltr'><strong>via</strong></span> <span class='ocrx_word' id='word_1_9' title='bbox 961 666 1174 735; x_wconf 87' lang='lat' dir='ltr'><strong>Latina,</strong></span> <span class='ocrx_word' id='word_1_10' title='bbox 1204 677 1514 724; x_wconf 89' lang='lat' dir='ltr'><strong>sanctorum</strong></span> <span class='ocrx_word' id='word_1_11' title='bbox 1553 675 1851 739; x_wconf 79' lang='lat' dir='ltr'><strong>martyrum</strong></span> <span class='ocrx_word' id='word_1_12' title='bbox 1881 668 2055 724; x_wconf 78' lang='lat' dir='ltr'><strong>Iovini</strong></span> <span class='ocrx_word' id='word_1_13' title='bbox 2083 677 2139 723; x_wconf 91' lang='lat' dir='ltr'><strong>et</strong></span> 
     </span>
    </p>
   </div>
   <div class='ocr_carea' id='block_1_4' title="bbox 547 758 2134 831">
    <p class='ocr_par' dir='ltr' id='par_1_4' title="bbox 547 758 2134 831">
     <span class='ocr_line' id='line_1_4' title="bbox 547 758 2134 831; baseline 0.001 -18"><span class='ocrx_word' id='word_1_14' title='bbox 547 759 763 826; x_wconf 81' lang='lat' dir='ltr'><strong>Basilei,</strong></span> <span class='ocrx_word' id='word_1_15' title='bbox 794 760 884 830; x_wconf 85' lang='lat' dir='ltr'><strong>qui</strong></span> <span class='ocrx_word' id='word_1_16' title='bbox 915 761 1059 831; x_wconf 85' lang='lat' dir='ltr'><strong>passi</strong></span> <span class='ocrx_word' id='word_1_17' title='bbox 1101 768 1226 816; x_wconf 83' lang='lat' dir='ltr'><strong>sunt</strong></span> <span class='ocrx_word' id='word_1_18' title='bbox 1252 760 1352 816; x_wconf 88' lang='lat' dir='ltr'><strong>sub</strong></span> <span class='ocrx_word' id='word_1_19' title='bbox 1381 758 1604 815; x_wconf 87' lang='lat' dir='ltr'><strong>Galieno</strong></span> <span class='ocrx_word' id='word_1_20' title='bbox 1631 767 1686 816; x_wconf 88' lang='lat' dir='ltr'><strong>et</strong></span> <span class='ocrx_word' id='word_1_21' title='bbox 1718 758 2003 815; x_wconf 82' lang='lat' dir='ltr'><strong>Valeriano</strong></span> <span class='ocrx_word' id='word_1_22' title='bbox 2031 760 2134 814; x_wconf 84' lang='lat' dir='ltr'><strong>im-</strong></span> 
     </span>
    </p>
   </div>
   <div class='ocr_carea' id='block_1_5' title="bbox 546 850 914 920">
    <p class='ocr_par' dir='ltr' id='par_1_5' title="bbox 546 850 914 920">
     <span class='ocr_line' id='line_1_5' title="bbox 546 850 914 920; baseline 0 -16"><span class='ocrx_word' id='word_1_23' title='bbox 546 850 914 920; x_wconf 86' lang='lat' dir='ltr'><strong>peratoribus.</strong></span> 
     </span>
    </p>
   </div>
   <div class='ocr_carea' id='block_1_6' title="bbox 621 942 2134 1015">
    <p class='ocr_par' dir='ltr' id='par_1_6' title="bbox 621 942 2134 1015">
     <span class='ocr_line' id='line_1_6' title="bbox 621 942 2134 1015; baseline 0.001 -18"><span class='ocrx_word' id='word_1_24' title='bbox 621 943 821 998; x_wconf 74' lang='lat' dir='ltr'><strong>Eodem</strong></span> <span class='ocrx_word' id='word_1_25' title='bbox 862 943 969 1011; x_wconf 88' lang='lat' dir='ltr'><strong>die,</strong></span> <span class='ocrx_word' id='word_1_26' title='bbox 1016 951 1318 1015; x_wconf 88' lang='lat' dir='ltr'><strong>martyrum</strong></span> <span class='ocrx_word' id='word_1_27' title='bbox 1361 943 1738 1015; x_wconf 90' lang='lat' dir='ltr'><strong>plurimorum,</strong></span> <span class='ocrx_word' id='word_1_28' title='bbox 1769 942 1869 998; x_wconf 84' lang='lat' dir='ltr'><strong>sub</strong></span> <span class='ocrx_word' id='word_1_29' title='bbox 1903 943 2134 998; x_wconf 84' lang='lat' dir='ltr'><strong>Alexan-</strong></span> 
     </span>
    </p>
   </div>
   <div class='ocr_carea' id='block_1_7' title="bbox 551 1032 2134 1104">
    <p class='ocr_par' dir='ltr' id='par_1_7' title="bbox 551 1032 2134 1104">
     <span class='ocr_line' id='line_1_7' title="bbox 551 1032 2134 1104; baseline 0.002 -20"><span class='ocrx_word' id='word_1_30' title='bbox 551 1033 645 1088; x_wconf 63' lang='lat' dir='ltr'><strong>dro</strong></span> <span class='ocrx_word' id='word_1_31' title='bbox 695 1032 1018 1103; x_wconf 74' lang='lat' dir='ltr'><strong>imperatore</strong></span> <span class='ocrx_word' id='word_1_32' title='bbox 1057 1047 1362 1103; x_wconf 90' lang='lat' dir='ltr'><strong>passorum,-</strong></span> <span class='ocrx_word' id='word_1_33' title='bbox 1395 1048 1530 1104; x_wconf 91' lang='lat' dir='ltr'><strong>quos</strong></span> <span class='ocrx_word' id='word_1_34' title='bbox 1574 1034 1662 1089; x_wconf 89' lang='lat' dir='ltr'><strong>diu</strong></span> <span class='ocrx_word' id='word_1_35' title='bbox 1700 1033 1990 1099; x_wconf 85' lang='lat' dir='ltr'><strong>cruciatos,</strong></span> <span class='ocrx_word' id='word_1_36' title='bbox 2033 1033 2134 1088; x_wconf 91' lang='lat' dir='ltr'><strong>im-</strong></span> 
     </span>
    </p>
   </div>
   <div class='ocr_carea' id='block_1_8' title="bbox 547 1123 2134 1195">
    <p class='ocr_par' dir='ltr' id='par_1_8' title="bbox 547 1123 2134 1195">
     <span class='ocr_line' id='line_1_8' title="bbox 547 1123 2134 1195; baseline 0.001 -21"><span class='ocrx_word' id='word_1_37' title='bbox 547 1123 665 1192; x_wconf 85' lang='lat' dir='ltr'><strong>pias</strong></span> <span class='ocrx_word' id='word_1_38' title='bbox 702 1123 1010 1178; x_wconf 77' lang='lat' dir='ltr'><strong>Alexander</strong></span> <span class='ocrx_word' id='word_1_39' title='bbox 1042 1123 1259 1195; x_wconf 89' lang='lat' dir='ltr'><strong>capitali</strong></span> <span class='ocrx_word' id='word_1_40' title='bbox 1295 1125 1562 1180; x_wconf 86' lang='lat' dir='ltr'><strong>sententia</strong></span> <span class='ocrx_word' id='word_1_41' title='bbox 1603 1123 1655 1180; x_wconf 82' lang='lat' dir='ltr'><strong>in</strong></span> <span class='ocrx_word' id='word_1_42' title='bbox 1695 1132 1938 1179; x_wconf 83' lang='lat' dir='ltr'><strong>extremo</strong></span> <span class='ocrx_word' id='word_1_43' title='bbox 1984 1123 2134 1178; x_wconf 86' lang='lat' dir='ltr'><strong>dam-</strong></span> 
     </span>
    </p>
   </div>
   <div class='ocr_carea' id='block_1_9' title="bbox 543 1215 712 1268">
    <p class='ocr_par' dir='ltr' id='par_1_9' title="bbox 543 1215 712 1268">
     <span class='ocr_line' id='line_1_9' title="bbox 543 1215 712 1268; baseline -0.006 -1"><span class='ocrx_word' id='word_1_44' title='bbox 543 1215 712 1268; x_wconf 79' lang='lat' dir='ltr'><strong>navit.</strong></span> 
     </span>
    </p>
   </div>
   <div class='ocr_carea' id='block_1_10' title="bbox 981 1306 1690 1365">
    <p class='ocr_par' dir='ltr' id='par_1_10' title="bbox 981 1306 1690 1365">
     <span class='ocr_line' id='line_1_10' title="bbox 981 1306 1690 1365; baseline 0 -4"><span class='ocrx_word' id='word_1_45' title='bbox 981 1306 1044 1361; x_wconf 67' lang='grc' dir='ltr'><strong>Γ.</strong></span> <span class='ocrx_word' id='word_1_46' title='bbox 1088 1309 1124 1364; x_wconf 92' lang='lat' dir='ltr'><strong>V</strong></span> <span class='ocrx_word' id='word_1_47' title='bbox 1165 1307 1390 1365; x_wconf 78' lang='lat' dir='ltr'><strong>NONAS</strong></span> <span class='ocrx_word' id='word_1_48' title='bbox 1429 1306 1690 1364; x_wconf 80' lang='lat' dir='ltr'><strong>MARTII.</strong></span> 
     </span>
    </p>
   </div>
   <div class='ocr_carea' id='block_1_11' title="bbox 1197 1385 1470 1471">
    <p class='ocr_par' dir='ltr' id='par_1_11' title="bbox 1197 1385 1470 1471">
     <span class='ocr_line' id='line_1_11' title="bbox 1197 1385 1470 1471; baseline -0.007 -17"><span class='ocrx_word' id='word_1_49' title='bbox 1197 1400 1253 1471; x_wconf 71' lang='grc' dir='ltr'>(δ</span> <span class='ocrx_word' id='word_1_50' title='bbox 1283 1385 1470 1469; x_wconf 68' lang='lat' dir='ltr'><strong>Man.)</strong></span> 
     </span>
    </p>
   </div>
   <div class='ocr_carea' id='block_1_12' title="bbox 611 1509 2131 1582">
    <p class='ocr_par' dir='ltr' id='par_1_12' title="bbox 611 1509 2131 1582">
     <span class='ocr_line' id='line_1_12' title="bbox 611 1509 2131 1582; baseline 0.002 -20"><span class='ocrx_word' id='word_1_51' title='bbox 611 1509 814 1563; x_wconf 79' lang='lat' dir='ltr'><strong>Natalis</strong></span> <span class='ocrx_word' id='word_1_52' title='bbox 849 1517 1162 1564; x_wconf 90' lang='lat' dir='ltr'><strong>sanctorum</strong></span> <span class='ocrx_word' id='word_1_53' title='bbox 1192 1519 1488 1582; x_wconf 86' lang='lat' dir='ltr'><strong>martyrum</strong></span> <span class='ocrx_word' id='word_1_54' title='bbox 1520 1510 1762 1565; x_wconf 85' lang='lat' dir='ltr'><strong>Emiterii</strong></span> <span class='ocrx_word' id='word_1_55' title='bbox 1795 1519 1848 1564; x_wconf 89' lang='lat' dir='ltr'><strong>et</strong></span> <span class='ocrx_word' id='word_1_56' title='bbox 1873 1509 2131 1566; x_wconf 82' lang='lat' dir='ltr'><strong>Cheledo-</strong></span> 
     </span>
    </p>
   </div>
   <div class='ocr_carea' id='block_1_13' title="bbox 539 1601 2129 1674">
    <p class='ocr_par' dir='ltr' id='par_1_13' title="bbox 539 1601 2129 1674">
     <span class='ocr_line' id='line_1_13' title="bbox 539 1601 2129 1674; baseline 0.001 -20"><span class='ocrx_word' id='word_1_57' title='bbox 539 1601 638 1666; x_wconf 82' lang='lat' dir='ltr'><strong>nii,</strong></span> <span class='ocrx_word' id='word_1_58' title='bbox 670 1602 759 1670; x_wconf 86' lang='lat' dir='ltr'><strong>qui</strong></span> <span class='ocrx_word' id='word_1_59' title='bbox 800 1601 1030 1670; x_wconf 89' lang='lat' dir='ltr'><strong>primum</strong></span> <span class='ocrx_word' id='word_1_60' title='bbox 1071 1604 1212 1673; x_wconf 88' lang='lat' dir='ltr'><strong>apud</strong></span> <span class='ocrx_word' id='word_1_61' title='bbox 1250 1601 1640 1674; x_wconf 85' lang='lat' dir='ltr'><strong>Legionensem</strong></span> <span class='ocrx_word' id='word_1_62' title='bbox 1684 1602 1948 1658; x_wconf 68' lang='lat' dir='ltr'><strong>Callaecia:</strong></span> <span class='ocrx_word' id='word_1_63' title='bbox 1995 1603 2129 1658; x_wconf 86' lang='lat' dir='ltr'><strong>civi-</strong></span> 
     </span>
    </p>
   </div>
   <div class='ocr_carea' id='block_1_14' title="bbox 538 1691 2128 1762">
    <p class='ocr_par' dir='ltr' id='par_1_14' title="bbox 538 1691 2128 1762">
     <span class='ocr_line' id='line_1_14' title="bbox 538 1691 2128 1762; baseline 0.001 -16"><span class='ocrx_word' id='word_1_64' title='bbox 538 1698 702 1746; x_wconf 88' lang='lat' dir='ltr'><strong>tatem</strong></span> <span class='ocrx_word' id='word_1_65' title='bbox 729 1691 949 1756; x_wconf 87' lang='lat' dir='ltr'><strong>milites,</strong></span> <span class='ocrx_word' id='word_1_66' title='bbox 977 1699 1302 1760; x_wconf 79' lang='lat' dir='ltr'><strong>exsurgente</strong></span> <span class='ocrx_word' id='word_1_67' title='bbox 1325 1691 1718 1762; x_wconf 85' lang='lat' dir='ltr'><strong>persecutionis</strong></span> <span class='ocrx_word' id='word_1_68' title='bbox 1747 1691 2007 1762; x_wconf 80' lang='lat' dir='ltr'><strong>procella,</strong></span> <span class='ocrx_word' id='word_1_69' title='bbox 2030 1708 2128 1762; x_wconf 91' lang='lat' dir='ltr'><strong>pro</strong></span> 
     </span>
    </p>
   </div>
   <div class='ocr_carea' id='block_1_15' title="bbox 538 1781 2125 1852">
    <p class='ocr_par' dir='ltr' id='par_1_15' title="bbox 538 1781 2125 1852">
     <span class='ocr_line' id='line_1_15' title="bbox 538 1781 2125 1852; baseline 0 -16"><span class='ocrx_word' id='word_1_70' title='bbox 538 1781 880 1836; x_wconf 78' lang='lat' dir='ltr'><strong>confessione</strong></span> <span class='ocrx_word' id='word_1_71' title='bbox 912 1781 1147 1837; x_wconf 90' lang='lat' dir='ltr'><strong>nominis</strong></span> <span class='ocrx_word' id='word_1_72' title='bbox 1172 1783 1371 1837; x_wconf 92' lang='lat' dir='ltr'><strong>Christi</strong></span> <span class='ocrx_word' id='word_1_73' title='bbox 1404 1781 1650 1852; x_wconf 85' lang='lat' dir='ltr'><strong>plurimis</strong></span> <span class='ocrx_word' id='word_1_74' title='bbox 1674 1782 1852 1837; x_wconf 81' lang='lat' dir='ltr'><strong>amicti</strong></span> <span class='ocrx_word' id='word_1_75' title='bbox 1890 1792 2125 1837; x_wconf 86' lang='lat' dir='ltr'><strong>tormen-</strong></span> 
     </span>
    </p>
   </div>
   <div class='ocr_carea' id='block_1_16' title="bbox 534 1876 2124 1948">
    <p class='ocr_par' dir='ltr' id='par_1_16' title="bbox 534 1876 2124 1948">
     <span class='ocr_line' id='line_1_16' title="bbox 534 1876 2124 1948; baseline 0 -17"><span class='ocrx_word' id='word_1_76' title='bbox 534 1878 628 1941; x_wconf 85' lang='lat' dir='ltr'><strong>tis,</strong></span> <span class='ocrx_word' id='word_1_77' title='bbox 660 1876 994 1948; x_wconf 78' lang='lat' dir='ltr'><strong>Calagurrim</strong></span> <span class='ocrx_word' id='word_1_78' title='bbox 1027 1892 1196 1947; x_wconf 89' lang='lat' dir='ltr'><strong>usque</strong></span> <span class='ocrx_word' id='word_1_79' title='bbox 1227 1878 1494 1948; x_wconf 90' lang='lat' dir='ltr'><strong>perducti,</strong></span> <span class='ocrx_word' id='word_1_80' title='bbox 1533 1887 1694 1948; x_wconf 87' lang='lat' dir='ltr'><strong>atque</strong></span> <span class='ocrx_word' id='word_1_81' title='bbox 1735 1877 1824 1932; x_wconf 90' lang='lat' dir='ltr'><strong>ubi</strong></span> <span class='ocrx_word' id='word_1_82' title='bbox 1862 1876 2124 1947; x_wconf 79' lang='lat' dir='ltr'><strong>martyrio</strong></span> 
     </span>
    </p>
   </div>
   <div class='ocr_carea' id='block_1_17' title="bbox 532 1967 2120 2039">
    <p class='ocr_par' dir='ltr' id='par_1_17' title="bbox 532 1967 2120 2039">
     <span class='ocr_line' id='line_1_17' title="bbox 532 1967 2120 2039; baseline -0.003 -17"><span class='ocrx_word' id='word_1_83' title='bbox 532 1968 774 2024; x_wconf 83' lang='lat' dir='ltr'><strong>coronati</strong></span> <span class='ocrx_word' id='word_1_84' title='bbox 805 1975 950 2024; x_wconf 90' lang='lat' dir='ltr'><strong>sunt.</strong></span> <span class='ocrx_word' id='word_1_85' title='bbox 977 1967 1219 2038; x_wconf 91' lang='lat' dir='ltr'><strong>Cumque</strong></span> <span class='ocrx_word' id='word_1_86' title='bbox 1243 1985 1430 2025; x_wconf 91' lang='lat' dir='ltr'><strong>eorum</strong></span> <span class='ocrx_word' id='word_1_87' title='bbox 1453 1968 1628 2039; x_wconf 86' lang='lat' dir='ltr'><strong>capita</strong></span> <span class='ocrx_word' id='word_1_88' title='bbox 1657 1969 1814 2024; x_wconf 90' lang='lat' dir='ltr'><strong>lictor</strong></span> <span class='ocrx_word' id='word_1_89' title='bbox 1841 1968 2120 2032; x_wconf 83' lang='lat' dir='ltr'><strong>incideret,</strong></span> 
     </span>
    </p>
   </div>
   <div class='ocr_carea' id='block_1_18' title="bbox 531 2058 2122 2132">
    <p class='ocr_par' dir='ltr' id='par_1_18' title="bbox 531 2058 2122 2132">
     <span class='ocr_line' id='line_1_18' title="bbox 531 2058 2122 2132; baseline -0.002 -17"><span class='ocrx_word' id='word_1_90' title='bbox 531 2059 851 2115; x_wconf 88' lang='lat' dir='ltr'><strong>miraculum</strong></span> <span class='ocrx_word' id='word_1_91' title='bbox 900 2059 1110 2131; x_wconf 89' lang='lat' dir='ltr'><strong>populis</strong></span> <span class='ocrx_word' id='word_1_92' title='bbox 1158 2076 1409 2132; x_wconf 82' lang='lat' dir='ltr'><strong>magnum</strong></span> <span class='ocrx_word' id='word_1_93' title='bbox 1457 2061 1726 2132; x_wconf 88' lang='lat' dir='ltr'><strong>apparuit.</strong></span> <span class='ocrx_word' id='word_1_94' title='bbox 1775 2059 1909 2114; x_wconf 82' lang='lat' dir='ltr'><strong>Nam</strong></span> <span class='ocrx_word' id='word_1_95' title='bbox 1963 2058 2122 2113; x_wconf 87' lang='lat' dir='ltr'><strong>unius</strong></span> 
     </span>
    </p>
   </div>
   <div class='ocr_carea' id='block_1_19' title="bbox 531 2153 2118 2226">
    <p class='ocr_par' dir='ltr' id='par_1_19' title="bbox 531 2153 2118 2226">
     <span class='ocr_line' id='line_1_19' title="bbox 531 2153 2118 2226; baseline -0.001 -18"><span class='ocrx_word' id='word_1_96' title='bbox 531 2155 786 2222; x_wconf 91' lang='lat' dir='ltr'><strong>annulus,</strong></span> <span class='ocrx_word' id='word_1_97' title='bbox 817 2156 1166 2226; x_wconf 81' lang='lat' dir='ltr'><strong>orariumque</strong></span> <span class='ocrx_word' id='word_1_98' title='bbox 1193 2153 1413 2210; x_wconf 85' lang='lat' dir='ltr'><strong>alterius</strong></span> <span class='ocrx_word' id='word_1_99' title='bbox 1444 2154 1584 2209; x_wconf 88' lang='lat' dir='ltr'><strong>nube</strong></span> <span class='ocrx_word' id='word_1_100' title='bbox 1621 2162 1954 2224; x_wconf 85' lang='lat' dir='ltr'><strong>susceptum,</strong></span> <span class='ocrx_word' id='word_1_101' title='bbox 1983 2163 2037 2206; x_wconf 93' lang='lat' dir='ltr'><strong>et</strong></span> <span class='ocrx_word' id='word_1_102' title='bbox 2068 2153 2118 2206; x_wconf 92' lang='lat' dir='ltr'><strong>in</strong></span> 
     </span>
    </p>
   </div>
   <div class='ocr_carea' id='block_1_20' title="bbox 529 2245 2119 2318">
    <p class='ocr_par' dir='ltr' id='par_1_20' title="bbox 529 2245 2119 2318">
     <span class='ocr_line' id='line_1_20' title="bbox 529 2245 2119 2318; baseline -0.002 -18"><span class='ocrx_word' id='word_1_103' title='bbox 529 2245 698 2302; x_wconf 76' lang='lat' dir='ltr'><strong>etnlos</strong></span> <span class='ocrx_word' id='word_1_104' title='bbox 735 2256 982 2304; x_wconf 78' lang='lat' dir='ltr'><strong>evectum</strong></span> <span class='ocrx_word' id='word_1_105' title='bbox 1010 2258 1111 2303; x_wconf 89' lang='lat' dir='ltr'><strong>est.</strong></span> <span class='ocrx_word' id='word_1_106' title='bbox 1153 2247 1363 2318; x_wconf 86' lang='lat' dir='ltr'><strong>(Prud.,</strong></span> <span class='ocrx_word' id='word_1_107' title='bbox 1395 2247 1573 2316; x_wconf 83' lang='lat' dir='ltr'><strong>hymn.</strong></span> <span class='ocrx_word' id='word_1_108' title='bbox 1611 2245 1685 2317; x_wconf 85' lang='lat' dir='ltr'><strong>l.)</strong></span> <span class='ocrx_word' id='word_1_109' title='bbox 1718 2246 1978 2300; x_wconf 84' lang='lat' dir='ltr'><strong>Viderunt</strong></span> <span class='ocrx_word' id='word_1_110' title='bbox 2007 2245 2119 2298; x_wconf 74' lang='lat' dir='ltr'><strong>hzce</strong></span> 
     </span>
    </p>
   </div>
   <div class='ocr_carea' id='block_1_21' title="bbox 528 2338 2121 2409">
    <p class='ocr_par' dir='ltr' id='par_1_21' title="bbox 528 2338 2121 2409">
     <span class='ocr_line' id='line_1_21' title="bbox 528 2338 2121 2409; baseline 0.001 -19"><span class='ocrx_word' id='word_1_111' title='bbox 528 2352 717 2394; x_wconf 88' lang='lat' dir='ltr'><strong>omnes</strong></span> <span class='ocrx_word' id='word_1_112' title='bbox 743 2340 834 2409; x_wconf 91' lang='lat' dir='ltr'><strong>qui</strong></span> <span class='ocrx_word' id='word_1_113' title='bbox 878 2341 1122 2404; x_wconf 82' lang='lat' dir='ltr'><strong>aderant,</strong></span> <span class='ocrx_word' id='word_1_114' title='bbox 1153 2348 1207 2394; x_wconf 90' lang='lat' dir='ltr'><strong>et</strong></span> <span class='ocrx_word' id='word_1_115' title='bbox 1241 2353 1522 2409; x_wconf 88' lang='lat' dir='ltr'><strong>usquequo</strong></span> <span class='ocrx_word' id='word_1_116' title='bbox 1557 2338 1703 2394; x_wconf 85' lang='lat' dir='ltr'><strong>acies</strong></span> <span class='ocrx_word' id='word_1_117' title='bbox 1736 2338 2012 2396; x_wconf 89' lang='lat' dir='ltr'><strong>oculorum</strong></span> <span class='ocrx_word' id='word_1_118' title='bbox 2040 2339 2121 2392; x_wconf 57' lang='lat' dir='ltr'><strong>in.</strong></span> 
     </span>
    </p>
   </div>
   <div class='ocr_carea' id='block_1_22' title="bbox 529 2428 2114 2500">
    <p class='ocr_par' dir='ltr' id='par_1_22' title="bbox 529 2428 2114 2500">
     <span class='ocr_line' id='line_1_22' title="bbox 529 2428 2114 2500; baseline 0 -19"><span class='ocrx_word' id='word_1_119' title='bbox 529 2431 754 2483; x_wconf 85' lang='lat' dir='ltr'><strong>tendere</strong></span> <span class='ocrx_word' id='word_1_120' title='bbox 784 2430 975 2499; x_wconf 89' lang='lat' dir='ltr'><strong>potuit,</strong></span> <span class='ocrx_word' id='word_1_121' title='bbox 1018 2428 1279 2500; x_wconf 77' lang='lat' dir='ltr'><strong>fulgorem</strong></span> <span class='ocrx_word' id='word_1_122' title='bbox 1323 2429 1462 2494; x_wconf 88' lang='lat' dir='ltr'><strong>auri,</strong></span> <span class='ocrx_word' id='word_1_123' title='bbox 1503 2429 1900 2498; x_wconf 87' lang='lat' dir='ltr'><strong>candoremque</strong></span> <span class='ocrx_word' id='word_1_124' title='bbox 1943 2428 2114 2491; x_wconf 90' lang='lat' dir='ltr'><strong>lintei,</strong></span> 
     </span>
    </p>
   </div>
   <div class='ocr_carea' id='block_1_23' title="bbox 526 2510 2116 2592">
    <p class='ocr_par' dir='ltr' id='par_1_23' title="bbox 526 2510 2116 2592">
     <span class='ocr_line' id='line_1_23' title="bbox 526 2510 2116 2592; baseline 0 -18"><span class='ocrx_word' id='word_1_125' title='bbox 526 2523 755 2575; x_wconf 86' lang='lat' dir='ltr'><strong>attonito</strong></span> <span class='ocrx_word' id='word_1_126' title='bbox 801 2520 1166 2592; x_wconf 85' lang='lat' dir='ltr'><strong>sequebantur</strong></span> <span class='ocrx_word' id='word_1_127' title='bbox 1211 2521 1427 2575; x_wconf 90' lang='lat' dir='ltr'><strong>intuitu.</strong></span> <span class='ocrx_word' id='word_1_128' title='bbox 1477 2519 1678 2575; x_wconf 85' lang='lat' dir='ltr'><strong>Scribit</strong></span> <span class='ocrx_word' id='word_1_129' title='bbox 1716 2510 1836 2575; x_wconf 80' lang='lat' dir='ltr'><strong>haec</strong></span> <span class='ocrx_word' id='word_1_130' title='bbox 1865 2518 2116 2574; x_wconf 88' lang='lat' dir='ltr'><strong>Aurelius</strong></span> 
     </span>
    </p>
   </div>
   <div class='ocr_carea' id='block_1_24' title="bbox 526 2609 1410 2668">
    <p class='ocr_par' dir='ltr' id='par_1_24' title="bbox 526 2609 1410 2668">
     <span class='ocr_line' id='line_1_24' title="bbox 526 2609 1410 2668; baseline 0.001 -3"><span class='ocrx_word' id='word_1_131' title='bbox 526 2609 776 2666; x_wconf 75' lang='lat' dir='ltr'><strong>Clemens</strong></span> <span class='ocrx_word' id='word_1_132' title='bbox 807 2612 859 2666; x_wconf 91' lang='lat' dir='ltr'><strong>in</strong></span> <span class='ocrx_word' id='word_1_133' title='bbox 890 2611 1029 2668; x_wconf 92' lang='lat' dir='ltr'><strong>libro</strong></span> <span class='ocrx_word' id='word_1_134' title='bbox 1051 2611 1410 2668; x_wconf 87' lang='lat' dir='ltr'><strong>Coronarum.</strong></span> 
     </span>
    </p>
   </div>
   <div class='ocr_carea' id='block_1_25' title="bbox 593 2702 2110 2776">
    <p class='ocr_par' dir='ltr' id='par_1_25' title="bbox 593 2702 2110 2776">
     <span class='ocr_line' id='line_1_25' title="bbox 593 2702 2110 2776; baseline 0.001 -21"><span class='ocrx_word' id='word_1_135' title='bbox 593 2702 748 2772; x_wconf 84' lang='lat' dir='ltr'><strong>Apud</strong></span> <span class='ocrx_word' id='word_1_136' title='bbox 778 2702 1081 2760; x_wconf 68' lang='lat' dir='ltr'><strong>Czcsaream</strong></span> <span class='ocrx_word' id='word_1_137' title='bbox 1110 2704 1418 2770; x_wconf 68' lang='lat' dir='ltr'><strong>Palestinte,</strong></span> <span class='ocrx_word' id='word_1_138' title='bbox 1451 2713 1761 2760; x_wconf 90' lang='lat' dir='ltr'><strong>sanctorum</strong></span> <span class='ocrx_word' id='word_1_139' title='bbox 1790 2712 2110 2776; x_wconf 86' lang='lat' dir='ltr'><strong>martyrum,</strong></span> 
     </span>
    </p>
   </div>
   <div class='ocr_carea' id='block_1_26' title="bbox 522 2792 2113 2866">
    <p class='ocr_par' dir='ltr' id='par_1_26' title="bbox 522 2792 2113 2866">
     <span class='ocr_line' id='line_1_26' title="bbox 522 2792 2113 2866; baseline 0.002 -19"><span class='ocrx_word' id='word_1_140' title='bbox 522 2792 715 2849; x_wconf 84' lang='lat' dir='ltr'><strong>Marini</strong></span> <span class='ocrx_word' id='word_1_141' title='bbox 749 2795 957 2862; x_wconf 91' lang='lat' dir='ltr'><strong>militis,</strong></span> <span class='ocrx_word' id='word_1_142' title='bbox 985 2804 1038 2851; x_wconf 90' lang='lat' dir='ltr'><strong>et</strong></span> <span class='ocrx_word' id='word_1_143' title='bbox 1067 2796 1266 2852; x_wconf 88' lang='lat' dir='ltr'><strong>Asterii</strong></span> <span class='ocrx_word' id='word_1_144' title='bbox 1295 2798 1582 2863; x_wconf 87' lang='lat' dir='ltr'><strong>senatoris,</strong></span> <span class='ocrx_word' id='word_1_145' title='bbox 1612 2796 1712 2851; x_wconf 91' lang='lat' dir='ltr'><strong>sub</strong></span> <span class='ocrx_word' id='word_1_146' title='bbox 1738 2796 2113 2866; x_wconf 88' lang='lat' dir='ltr'><strong>persecutione</strong></span> 
     </span>
    </p>
   </div>
   <div class='ocr_carea' id='block_1_27' title="bbox 522 2884 2112 2958">
    <p class='ocr_par' dir='ltr' id='par_1_27' title="bbox 522 2884 2112 2958">
     <span class='ocr_line' id='line_1_27' title="bbox 522 2884 2112 2958; baseline -0.003 -16"><span class='ocrx_word' id='word_1_147' title='bbox 522 2885 830 2952; x_wconf 87' lang='lat' dir='ltr'><strong>Valeriani;</strong></span> <span class='ocrx_word' id='word_1_148' title='bbox 879 2903 1108 2958; x_wconf 90' lang='lat' dir='ltr'><strong>quorum</strong></span> <span class='ocrx_word' id='word_1_149' title='bbox 1156 2887 1322 2956; x_wconf 89' lang='lat' dir='ltr'><strong>prior,</strong></span> <span class='ocrx_word' id='word_1_150' title='bbox 1367 2903 1490 2941; x_wconf 89' lang='lat' dir='ltr'><strong>eum</strong></span> <span class='ocrx_word' id='word_1_151' title='bbox 1530 2895 1815 2941; x_wconf 88' lang='lat' dir='ltr'><strong>accusatus</strong></span> <span class='ocrx_word' id='word_1_152' title='bbox 1851 2884 2040 2939; x_wconf 82' lang='lat' dir='ltr'><strong>fuisset</strong></span> <span class='ocrx_word' id='word_1_153' title='bbox 2081 2899 2112 2938; x_wconf 90' lang='lat' dir='ltr'><strong>a</strong></span> 
     </span>
    </p>
   </div>
   <div class='ocr_carea' id='block_1_28' title="bbox 521 2978 2110 3050">
    <p class='ocr_par' dir='ltr' id='par_1_28' title="bbox 521 2978 2110 3050">
     <span class='ocr_line' id='line_1_28' title="bbox 521 2978 2110 3050; baseline -0.003 -16"><span class='ocrx_word' id='word_1_154' title='bbox 521 2979 981 3036; x_wconf 89' lang='lat' dir='ltr'><strong>commilitonibus</strong></span> <span class='ocrx_word' id='word_1_155' title='bbox 1011 2979 1152 3050; x_wconf 86' lang='lat' dir='ltr'><strong>quod</strong></span> <span class='ocrx_word' id='word_1_156' title='bbox 1177 2979 1516 3035; x_wconf 86' lang='lat' dir='ltr'><strong>Christianus</strong></span> <span class='ocrx_word' id='word_1_157' title='bbox 1541 2989 1707 3044; x_wconf 90' lang='lat' dir='ltr'><strong>esset,</strong></span> <span class='ocrx_word' id='word_1_158' title='bbox 1732 2987 1786 3032; x_wconf 91' lang='lat' dir='ltr'><strong>et</strong></span> <span class='ocrx_word' id='word_1_159' title='bbox 1813 2978 2110 3047; x_wconf 84' lang='lat' dir='ltr'><strong>interroga-</strong></span> 
     </span>
    </p>
   </div>
   <div class='ocr_carea' id='block_1_29' title="bbox 521 3068 2110 3127">
    <p class='ocr_par' dir='ltr' id='par_1_29' title="bbox 521 3068 2110 3127">
     <span class='ocr_line' id='line_1_29' title="bbox 521 3068 2110 3127; baseline -0.002 -1"><span class='ocrx_word' id='word_1_160' title='bbox 521 3083 612 3127; x_wconf 87' lang='lat' dir='ltr'><strong>tus</strong></span> <span class='ocrx_word' id='word_1_161' title='bbox 666 3086 696 3125; x_wconf 90' lang='lat' dir='ltr'><strong>a</strong></span> <span class='ocrx_word' id='word_1_162' title='bbox 733 3069 919 3127; x_wconf 79' lang='lat' dir='ltr'><strong>Iudice</strong></span> <span class='ocrx_word' id='word_1_163' title='bbox 963 3069 1330 3126; x_wconf 90' lang='lat' dir='ltr'><strong>Christianum</strong></span> <span class='ocrx_word' id='word_1_164' title='bbox 1373 3085 1432 3126; x_wconf 86' lang='lat' dir='ltr'><strong>se</strong></span> <span class='ocrx_word' id='word_1_165' title='bbox 1480 3086 1600 3126; x_wconf 87' lang='lat' dir='ltr'><strong>esse</strong></span> <span class='ocrx_word' id='word_1_166' title='bbox 1642 3068 1940 3125; x_wconf 87' lang='lat' dir='ltr'><strong>clarissima</strong></span> <span class='ocrx_word' id='word_1_167' title='bbox 1981 3084 2110 3123; x_wconf 86' lang='lat' dir='ltr'><strong>voce</strong></span> 
     </span>
    </p>
   </div>
   <div class='ocr_carea' id='block_1_30' title="bbox 1465 348 2737 408">
    <p class='ocr_par' dir='ltr' id='par_1_30' title="bbox 1465 348 2737 408">
     <span class='ocr_line' id='line_1_30' title="bbox 1465 348 2737 408; baseline 0 -4"><span class='ocrx_word' id='word_1_168' title='bbox 1465 348 1523 404; x_wconf 92' lang='lat' dir='ltr'><strong>S.</strong></span> <span class='ocrx_word' id='word_1_169' title='bbox 1564 349 1813 408; x_wconf 86' lang='lat' dir='ltr'><strong>ADONIS</strong></span> <span class='ocrx_word' id='word_1_170' title='bbox 1851 349 2283 407; x_wconf 75' lang='lat' dir='ltr'><strong>ARCIIIEHSC.</strong></span> <span class='ocrx_word' id='word_1_171' title='bbox 2326 349 2737 406; x_wconf 72' lang='lat' dir='ltr'><strong>VIENNENSIS</strong></span> 
     </span>
    </p>
   </div>
   <div class='ocr_carea' id='block_1_31' title="bbox 2159 460 3821 532">
    <p class='ocr_par' dir='ltr' id='par_1_31' title="bbox 2159 460 3821 532">
     <span class='ocr_line' id='line_1_31' title="bbox 2159 460 3821 532; baseline -0.001 -11"><span class='ocrx_word' id='word_1_172' title='bbox 2159 473 2210 530; x_wconf 75' lang='grc' dir='ltr'>Α</span> <span class='ocrx_word' id='word_1_173' title='bbox 2310 460 2654 532; x_wconf 62' lang='grc' dir='ltr'><strong>Εοάοιηρᾱῖε</strong></span> <span class='ocrx_word' id='word_1_174' title='bbox 2689 463 2858 520; x_wconf 86' lang='lat' dir='ltr'><strong>sancti</strong></span> <span class='ocrx_word' id='word_1_175' title='bbox 2905 461 3020 519; x_wconf 86' lang='lat' dir='ltr'><strong>Caii</strong></span> <span class='ocrx_word' id='word_1_176' title='bbox 3052 462 3324 531; x_wconf 80' lang='lat' dir='ltr'><strong>Palatini,</strong></span> <span class='ocrx_word' id='word_1_177' title='bbox 3379 465 3432 521; x_wconf 93' lang='lat' dir='ltr'><strong>in</strong></span> <span class='ocrx_word' id='word_1_178' title='bbox 3460 479 3612 522; x_wconf 84' lang='lat' dir='ltr'><strong>mare</strong></span> <span class='ocrx_word' id='word_1_179' title='bbox 3637 467 3821 523; x_wconf 82' lang='lat' dir='ltr'><strong>mersi.</strong></span> 
     </span>
    </p>
   </div>
   <div class='ocr_carea' id='block_1_32' title="bbox 3720 349 3824 408">
    <p class='ocr_par' dir='ltr' id='par_1_32' title="bbox 3720 349 3824 408">
     <span class='ocr_line' id='line_1_32' title="bbox 3720 349 3824 408; baseline 0 -29"><span class='ocrx_word' id='word_1_180' title='bbox 3720 349 3824 408; x_wconf 61' lang='lat'><strong>236</strong></span> 
     </span>
    </p>
   </div>
   <div class='ocr_carea' id='block_1_33' title="bbox 2667 553 3400 636">
    <p class='ocr_par' dir='ltr' id='par_1_33' title="bbox 2667 553 3400 636">
     <span class='ocr_line' id='line_1_33' title="bbox 2667 553 3400 636; baseline -0.001 -1"><span class='ocrx_word' id='word_1_181' title='bbox 2667 581 2732 635; x_wconf 83' lang='lat' dir='ltr'><strong>A.</strong></span> <span class='ocrx_word' id='word_1_182' title='bbox 2777 553 2840 635; x_wconf 85' lang='lat' dir='ltr'><strong>tu</strong></span> <span class='ocrx_word' id='word_1_183' title='bbox 2875 579 3104 636; x_wconf 64' lang='lat' dir='ltr'><strong>nouas</strong></span> <span class='ocrx_word' id='word_1_184' title='bbox 3145 580 3400 635; x_wconf 71' lang='lat' dir='ltr'><strong>nam&quot;.</strong></span> 
     </span>
    </p>
   </div>
   <div class='ocr_carea' id='block_1_34' title="bbox 2901 672 3172 745">
    <p class='ocr_par' dir='ltr' id='par_1_34' title="bbox 2901 672 3172 745">
     <span class='ocr_line' id='line_1_34' title="bbox 2901 672 3172 745; baseline 0 -19"><span class='ocrx_word' id='word_1_185' title='bbox 2901 673 2956 745; x_wconf 71' lang='lat'><strong>(5</strong></span> <span class='ocrx_word' id='word_1_186' title='bbox 2984 672 3172 744; x_wconf 80' lang='lat' dir='ltr'><strong>Mart.)</strong></span> 
     </span>
    </p>
   </div>
   <div class='ocr_carea' id='block_1_35' title="bbox 2309 762 3824 836">
    <p class='ocr_par' dir='ltr' id='par_1_35' title="bbox 2309 762 3824 836">
     <span class='ocr_line' id='line_1_35' title="bbox 2309 762 3824 836; baseline 0.001 -18"><span class='ocrx_word' id='word_1_187' title='bbox 2309 765 2337 804; x_wconf 71' lang='grc' dir='ltr'><strong>ι)</strong></span> <span class='ocrx_word' id='word_1_188' title='bbox 2359 766 2512 833; x_wconf 91' lang='lat' dir='ltr'><strong>Apud</strong></span> <span class='ocrx_word' id='word_1_189' title='bbox 2533 765 2894 827; x_wconf 83' lang='lat' dir='ltr'><strong>Antiocmam,</strong></span> <span class='ocrx_word' id='word_1_190' title='bbox 2920 763 3102 833; x_wconf 78' lang='lat' dir='ltr'><strong>passio</strong></span> <span class='ocrx_word' id='word_1_191' title='bbox 3123 763 3296 817; x_wconf 88' lang='lat' dir='ltr'><strong>sancti</strong></span> <span class='ocrx_word' id='word_1_192' title='bbox 3319 762 3511 819; x_wconf 69' lang='lat' dir='ltr'><strong>Phocaz</strong></span> <span class='ocrx_word' id='word_1_193' title='bbox 3533 767 3824 836; x_wconf 89' lang='lat' dir='ltr'><strong>martyris:</strong></span> 
     </span>
    </p>
   </div>
   <div class='ocr_carea' id='block_1_36' title="bbox 2146 854 3826 928">
    <p class='ocr_par' dir='ltr' id='par_1_36' title="bbox 2146 854 3826 928">
     <span class='ocr_line' id='line_1_36' title="bbox 2146 854 3826 928; baseline 0.004 -19"><span class='ocrx_word' id='word_1_194' title='bbox 2146 861 2156 869; x_wconf 88' lang='lat'>&#39;</span> <span class='ocrx_word' id='word_1_195' title='bbox 2236 855 2328 926; x_wconf 90' lang='lat' dir='ltr'><strong>qui</strong></span> <span class='ocrx_word' id='word_1_196' title='bbox 2370 863 2491 926; x_wconf 89' lang='lat' dir='ltr'><strong>post</strong></span> <span class='ocrx_word' id='word_1_197' title='bbox 2529 855 2746 920; x_wconf 91' lang='lat' dir='ltr'><strong>multas,</strong></span> <span class='ocrx_word' id='word_1_198' title='bbox 2775 869 2912 925; x_wconf 90' lang='lat' dir='ltr'><strong>quas</strong></span> <span class='ocrx_word' id='word_1_199' title='bbox 2941 869 3038 924; x_wconf 89' lang='lat' dir='ltr'><strong>pro</strong></span> <span class='ocrx_word' id='word_1_200' title='bbox 3069 855 3286 910; x_wconf 88' lang='lat' dir='ltr'><strong>nomine</strong></span> <span class='ocrx_word' id='word_1_201' title='bbox 3325 854 3702 928; x_wconf 82' lang='lat' dir='ltr'><strong>Redemptoris</strong></span> <span class='ocrx_word' id='word_1_202' title='bbox 3746 870 3826 915; x_wconf 83' lang='lat' dir='ltr'><strong>est</strong></span> 
     </span>
    </p>
   </div>
   <div class='ocr_carea' id='block_1_37' title="bbox 2235 944 3826 1019">
    <p class='ocr_par' dir='ltr' id='par_1_37' title="bbox 2235 944 3826 1019">
     <span class='ocr_line' id='line_1_37' title="bbox 2235 944 3826 1019; baseline 0.004 -20"><span class='ocrx_word' id='word_1_203' title='bbox 2235 962 2428 1017; x_wconf 90' lang='lat' dir='ltr'><strong>passus</strong></span> <span class='ocrx_word' id='word_1_204' title='bbox 2479 945 2720 1016; x_wconf 85' lang='lat' dir='ltr'><strong>injurias,</strong></span> <span class='ocrx_word' id='word_1_205' title='bbox 2770 944 3001 1014; x_wconf 90' lang='lat' dir='ltr'><strong>qualiter</strong></span> <span class='ocrx_word' id='word_1_206' title='bbox 3045 945 3111 998; x_wconf 90' lang='lat' dir='ltr'><strong>de</strong></span> <span class='ocrx_word' id='word_1_207' title='bbox 3165 946 3387 1014; x_wconf 90' lang='lat' dir='ltr'><strong>antiquo</strong></span> <span class='ocrx_word' id='word_1_208' title='bbox 3437 945 3531 1002; x_wconf 92' lang='lat' dir='ltr'><strong>illo</strong></span> <span class='ocrx_word' id='word_1_209' title='bbox 3574 960 3826 1019; x_wconf 83' lang='lat' dir='ltr'><strong>serpente</strong></span> 
     </span>
    </p>
   </div>
   <div class='ocr_carea' id='block_1_38' title="bbox 2238 1035 3826 1109">
    <p class='ocr_par' dir='ltr' id='par_1_38' title="bbox 2238 1035 3826 1109">
     <span class='ocr_line' id='line_1_38' title="bbox 2238 1035 3826 1109; baseline 0.003 -19"><span class='ocrx_word' id='word_1_210' title='bbox 2238 1035 2669 1106; x_wconf 79' lang='lat' dir='ltr'><strong>triumphaverit,</strong></span> <span class='ocrx_word' id='word_1_211' title='bbox 2699 1035 2963 1104; x_wconf 84' lang='lat' dir='ltr'><strong>hodieque</strong></span> <span class='ocrx_word' id='word_1_212' title='bbox 2991 1035 3203 1105; x_wconf 90' lang='lat' dir='ltr'><strong>populis</strong></span> <span class='ocrx_word' id='word_1_213' title='bbox 3227 1035 3554 1090; x_wconf 89' lang='lat' dir='ltr'><strong>declaratur.</strong></span> <span class='ocrx_word' id='word_1_214' title='bbox 3581 1036 3826 1109; x_wconf 86' lang='lat' dir='ltr'><strong>Denique</strong></span> 
     </span>
    </p>
   </div>
   <div class='ocr_carea' id='block_1_39' title="bbox 2235 1124 3823 1196">
    <p class='ocr_par' dir='ltr' id='par_1_39' title="bbox 2235 1124 3823 1196">
     <span class='ocr_line' id='line_1_39' title="bbox 2235 1124 3823 1196; baseline 0.003 -16"><span class='ocrx_word' id='word_1_215' title='bbox 2235 1125 2279 1180; x_wconf 92' lang='lat' dir='ltr'><strong>si</strong></span> <span class='ocrx_word' id='word_1_216' title='bbox 2310 1125 2362 1180; x_wconf 91' lang='lat' dir='ltr'><strong>in</strong></span> <span class='ocrx_word' id='word_1_217' title='bbox 2394 1125 2699 1196; x_wconf 86' lang='lat' dir='ltr'><strong>quempiam</strong></span> <span class='ocrx_word' id='word_1_218' title='bbox 2737 1126 2789 1179; x_wconf 89' lang='lat' dir='ltr'><strong>in</strong></span> <span class='ocrx_word' id='word_1_219' title='bbox 2823 1124 2908 1180; x_wconf 90' lang='lat' dir='ltr'><strong>his</strong></span> <span class='ocrx_word' id='word_1_220' title='bbox 2943 1125 3075 1180; x_wconf 93' lang='lat' dir='ltr'><strong>locis</strong></span> <span class='ocrx_word' id='word_1_221' title='bbox 3115 1124 3336 1181; x_wconf 89' lang='lat' dir='ltr'><strong>coluber</strong></span> <span class='ocrx_word' id='word_1_222' title='bbox 3379 1141 3618 1182; x_wconf 89' lang='lat' dir='ltr'><strong>morsum</strong></span> <span class='ocrx_word' id='word_1_223' title='bbox 3658 1132 3823 1185; x_wconf 84' lang='lat' dir='ltr'><strong>strin-</strong></span> 
     </span>
    </p>
   </div>
   <div class='ocr_carea' id='block_1_40' title="bbox 2233 1209 3822 1289">
    <p class='ocr_par' dir='ltr' id='par_1_40' title="bbox 2233 1209 3822 1289">
     <span class='ocr_line' id='line_1_40' title="bbox 2233 1209 3822 1289; baseline 0.001 -15"><span class='ocrx_word' id='word_1_224' title='bbox 2233 1233 2382 1288; x_wconf 85' lang='lat' dir='ltr'><strong>gens,</strong></span> <span class='ocrx_word' id='word_1_225' title='bbox 2415 1209 2624 1273; x_wconf 72' lang='lat' dir='ltr'><strong>venena</strong></span> <span class='ocrx_word' id='word_1_226' title='bbox 2663 1217 2955 1283; x_wconf 77' lang='lat' dir='ltr'><strong>dilfuderit,</strong></span> <span class='ocrx_word' id='word_1_227' title='bbox 2987 1217 3236 1287; x_wconf 76' lang='lat' dir='ltr'><strong>exemplo</strong></span> <span class='ocrx_word' id='word_1_228' title='bbox 3269 1219 3360 1289; x_wconf 88' lang='lat' dir='ltr'><strong>qui</strong></span> <span class='ocrx_word' id='word_1_229' title='bbox 3393 1234 3684 1288; x_wconf 85' lang='lat' dir='ltr'><strong>percussus</strong></span> <span class='ocrx_word' id='word_1_230' title='bbox 3722 1233 3822 1288; x_wconf 81' lang='lat' dir='ltr'><strong>est,</strong></span> 
     </span>
    </p>
   </div>
   <div class='ocr_carea' id='block_1_41' title="bbox 2233 1309 3824 1384">
    <p class='ocr_par' dir='ltr' id='par_1_41' title="bbox 2233 1309 3824 1384">
     <span class='ocr_line' id='line_1_41' title="bbox 2233 1309 3824 1384; baseline 0.003 -21"><span class='ocrx_word' id='word_1_231' title='bbox 2233 1318 2292 1364; x_wconf 91' lang='lat' dir='ltr'><strong>ut</strong></span> <span class='ocrx_word' id='word_1_232' title='bbox 2321 1309 2544 1380; x_wconf 90' lang='lat' dir='ltr'><strong>januam</strong></span> <span class='ocrx_word' id='word_1_233' title='bbox 2589 1311 2824 1366; x_wconf 73' lang='lat' dir='ltr'><strong>basilica:</strong></span> <span class='ocrx_word' id='word_1_234' title='bbox 2864 1310 3121 1380; x_wconf 87' lang='lat' dir='ltr'><strong>martyris</strong></span> <span class='ocrx_word' id='word_1_235' title='bbox 3153 1311 3381 1367; x_wconf 88' lang='lat' dir='ltr'><strong>credens</strong></span> <span class='ocrx_word' id='word_1_236' title='bbox 3407 1313 3666 1384; x_wconf 81' lang='lat' dir='ltr'><strong>attigerit,</strong></span> <span class='ocrx_word' id='word_1_237' title='bbox 3703 1331 3824 1369; x_wconf 81' lang='lat' dir='ltr'><strong>eva-</strong></span> 
     </span>
    </p>
   </div>
   <div class='ocr_carea' id='block_1_42' title="bbox 2226 1401 3140 1462">
    <p class='ocr_par' dir='ltr' id='par_1_42' title="bbox 2226 1401 3140 1462">
     <span class='ocr_line' id='line_1_42' title="bbox 2226 1401 3140 1462; baseline 0.001 -7"><span class='ocrx_word' id='word_1_238' title='bbox 2226 1408 2387 1456; x_wconf 31' lang='lat' dir='ltr'><strong>icuata</strong></span> <span class='ocrx_word' id='word_1_239' title='bbox 2413 1401 2612 1456; x_wconf 89' lang='lat' dir='ltr'><strong>virtute</strong></span> <span class='ocrx_word' id='word_1_240' title='bbox 2640 1401 2851 1462; x_wconf 89' lang='lat' dir='ltr'><strong>veneni.</strong></span> <span class='ocrx_word' id='word_1_241' title='bbox 2883 1401 3140 1456; x_wconf 89' lang='lat' dir='ltr'><strong>salvatur.</strong></span> 
     </span>
    </p>
   </div>
   <div class='ocr_carea' id='block_1_43' title="bbox 2301 1489 3817 1562">
    <p class='ocr_par' dir='ltr' id='par_1_43' title="bbox 2301 1489 3817 1562">
     <span class='ocr_line' id='line_1_43' title="bbox 2301 1489 3817 1562; baseline 0.004 -18"><span class='ocrx_word' id='word_1_242' title='bbox 2301 1489 2432 1545; x_wconf 91' lang='lat' dir='ltr'><strong>Item</strong></span> <span class='ocrx_word' id='word_1_243' title='bbox 2473 1491 2590 1562; x_wconf 90' lang='lat' dir='ltr'><strong>ipso</strong></span> <span class='ocrx_word' id='word_1_244' title='bbox 2629 1491 2736 1556; x_wconf 91' lang='lat' dir='ltr'><strong>die,</strong></span> <span class='ocrx_word' id='word_1_245' title='bbox 2779 1492 2947 1548; x_wconf 86' lang='lat' dir='ltr'><strong>sancti</strong></span> <span class='ocrx_word' id='word_1_246' title='bbox 2977 1491 3193 1547; x_wconf 90' lang='lat' dir='ltr'><strong>Eusebii</strong></span> <span class='ocrx_word' id='word_1_247' title='bbox 3225 1492 3475 1560; x_wconf 82' lang='lat' dir='ltr'><strong>Palatini,</strong></span> <span class='ocrx_word' id='word_1_248' title='bbox 3509 1503 3562 1549; x_wconf 75' lang='lat' dir='ltr'><strong>et</strong></span> <span class='ocrx_word' id='word_1_249' title='bbox 3594 1494 3817 1550; x_wconf 83' lang='lat' dir='ltr'><strong>aliorum</strong></span> 
     </span>
    </p>
   </div>
   <div class='ocr_carea' id='block_1_44' title="bbox 2229 1592 2778 1654">
    <p class='ocr_par' dir='ltr' id='par_1_44' title="bbox 2229 1592 2778 1654">
     <span class='ocr_line' id='line_1_44' title="bbox 2229 1592 2778 1654; baseline 0 -17"><span class='ocrx_word' id='word_1_250' title='bbox 2229 1595 2423 1638; x_wconf 76' lang='lat' dir='ltr'><strong>novem</strong></span> <span class='ocrx_word' id='word_1_251' title='bbox 2459 1600 2543 1638; x_wconf 90' lang='lat' dir='ltr'><strong>ma</strong></span> <span class='ocrx_word' id='word_1_252' title='bbox 2551 1592 2632 1654; x_wconf 81' lang='lat' dir='ltr'><strong>I‘ly</strong></span> <span class='ocrx_word' id='word_1_253' title='bbox 2641 1599 2778 1638; x_wconf 90' lang='lat' dir='ltr'><strong>rum.</strong></span> 
     </span>
    </p>
   </div>
   <div class='ocr_carea' id='block_1_45' title="bbox 2583 1673 3452 1730">
    <p class='ocr_par' dir='ltr' id='par_1_45' title="bbox 2583 1673 3452 1730">
     <span class='ocr_line' id='line_1_45' title="bbox 2583 1673 3452 1730; baseline 0 -2"><span class='ocrx_word' id='word_1_254' title='bbox 2583 1674 2644 1728; x_wconf 88' lang='lat' dir='ltr'><strong>B.</strong></span> <span class='ocrx_word' id='word_1_255' title='bbox 2686 1673 2913 1728; x_wconf 79' lang='lat' dir='ltr'><strong>PRIDIE</strong></span> <span class='ocrx_word' id='word_1_256' title='bbox 2951 1673 3180 1730; x_wconf 73' lang='lat' dir='ltr'><strong>NONAS</strong></span> <span class='ocrx_word' id='word_1_257' title='bbox 3217 1674 3452 1729; x_wconf 76' lang='lat' dir='ltr'><strong>MART&quot;</strong></span> 
     </span>
    </p>
   </div>
   <div class='ocr_carea' id='block_1_46' title="bbox 2877 1763 3155 1835">
    <p class='ocr_par' dir='ltr' id='par_1_46' title="bbox 2877 1763 3155 1835">
     <span class='ocr_line' id='line_1_46' title="bbox 2877 1763 3155 1835; baseline -0.007 -17"><span class='ocrx_word' id='word_1_258' title='bbox 2877 1764 2932 1835; x_wconf 85' lang='lat'><strong>(6</strong></span> <span class='ocrx_word' id='word_1_259' title='bbox 2967 1763 3155 1832; x_wconf 79' lang='lat' dir='ltr'><strong>Mart.)</strong></span> 
     </span>
    </p>
   </div>
   <div class='ocr_carea' id='block_1_47' title="bbox 2154 1823 3812 1918">
    <p class='ocr_par' dir='ltr' id='par_1_47' title="bbox 2154 1823 3812 1918">
     <span class='ocr_line' id='line_1_47' title="bbox 2154 1823 3812 1918; baseline 0.002 -10"><span class='ocrx_word' id='word_1_260' title='bbox 2154 1823 2200 1881; x_wconf 73' lang='grc' dir='ltr'>Β</span> <span class='ocrx_word' id='word_1_261' title='bbox 2299 1853 2640 1918; x_wconf 84' lang='lat' dir='ltr'><strong>Nicomediae,</strong></span> <span class='ocrx_word' id='word_1_262' title='bbox 2679 1855 2872 1910; x_wconf 88' lang='lat' dir='ltr'><strong>natalis</strong></span> <span class='ocrx_word' id='word_1_263' title='bbox 2911 1863 3224 1909; x_wconf 90' lang='lat' dir='ltr'><strong>sanctorum</strong></span> <span class='ocrx_word' id='word_1_264' title='bbox 3257 1854 3490 1910; x_wconf 88' lang='lat' dir='ltr'><strong>Victoris</strong></span> <span class='ocrx_word' id='word_1_265' title='bbox 3529 1862 3584 1909; x_wconf 84' lang='lat' dir='ltr'><strong>et</strong></span> <span class='ocrx_word' id='word_1_266' title='bbox 3631 1856 3812 1911; x_wconf 82' lang='lat' dir='ltr'><strong>Victo-</strong></span> 
     </span>
    </p>
   </div>
   <div class='ocr_carea' id='block_1_48' title="bbox 2226 1943 3810 2014">
    <p class='ocr_par' dir='ltr' id='par_1_48' title="bbox 2226 1943 3810 2014">
     <span class='ocr_line' id='line_1_48' title="bbox 2226 1943 3810 2014; baseline 0.003 -16"><span class='ocrx_word' id='word_1_267' title='bbox 2226 1944 2354 2009; x_wconf 90' lang='lat' dir='ltr'><strong>rini,</strong></span> <span class='ocrx_word' id='word_1_268' title='bbox 2407 1945 2497 2014; x_wconf 90' lang='lat' dir='ltr'><strong>qui</strong></span> <span class='ocrx_word' id='word_1_269' title='bbox 2543 1959 2642 2014; x_wconf 90' lang='lat' dir='ltr'><strong>per</strong></span> <span class='ocrx_word' id='word_1_270' title='bbox 2687 1944 2979 1999; x_wconf 92' lang='lat' dir='ltr'><strong>triennium</strong></span> <span class='ocrx_word' id='word_1_271' title='bbox 3021 1960 3142 2000; x_wconf 91' lang='lat' dir='ltr'><strong>cum</strong></span> <span class='ocrx_word' id='word_1_272' title='bbox 3183 1943 3500 2010; x_wconf 90' lang='lat' dir='ltr'><strong>Claudiano,</strong></span> <span class='ocrx_word' id='word_1_273' title='bbox 3552 1955 3610 2001; x_wconf 92' lang='lat' dir='ltr'><strong>et</strong></span> <span class='ocrx_word' id='word_1_274' title='bbox 3652 1947 3810 2004; x_wconf 82' lang='lat' dir='ltr'><strong>Bassa</strong></span> 
     </span>
    </p>
   </div>
   <div class='ocr_carea' id='block_1_49' title="bbox 2224 2037 3806 2107">
    <p class='ocr_par' dir='ltr' id='par_1_49' title="bbox 2224 2037 3806 2107">
     <span class='ocr_line' id='line_1_49' title="bbox 2224 2037 3806 2107; baseline 0.004 -17"><span class='ocrx_word' id='word_1_275' title='bbox 2224 2053 2397 2093; x_wconf 74' lang='lat' dir='ltr'><strong>uxore</strong></span> <span class='ocrx_word' id='word_1_276' title='bbox 2420 2037 2558 2106; x_wconf 86' lang='lat' dir='ltr'><strong>ejus,</strong></span> <span class='ocrx_word' id='word_1_277' title='bbox 2588 2038 2872 2092; x_wconf 89' lang='lat' dir='ltr'><strong>tormentis</strong></span> <span class='ocrx_word' id='word_1_278' title='bbox 2894 2038 3100 2097; x_wconf 79' lang='lat' dir='ltr'><strong>amicti.</strong></span> <span class='ocrx_word' id='word_1_279' title='bbox 3130 2047 3186 2092; x_wconf 92' lang='lat' dir='ltr'><strong>et</strong></span> <span class='ocrx_word' id='word_1_280' title='bbox 3209 2040 3404 2094; x_wconf 91' lang='lat' dir='ltr'><strong>retrusi</strong></span> <span class='ocrx_word' id='word_1_281' title='bbox 3433 2039 3487 2094; x_wconf 89' lang='lat' dir='ltr'><strong>in</strong></span> <span class='ocrx_word' id='word_1_282' title='bbox 3512 2055 3806 2107; x_wconf 86' lang='lat' dir='ltr'><strong>carcerem,</strong></span> 
     </span>
    </p>
   </div>
   <div class='ocr_carea' id='block_1_50' title="bbox 2225 2129 3384 2200">
    <p class='ocr_par' dir='ltr' id='par_1_50' title="bbox 2225 2129 3384 2200">
     <span class='ocr_line' id='line_1_50' title="bbox 2225 2129 3384 2200; baseline 0.001 -17"><span class='ocrx_word' id='word_1_283' title='bbox 2225 2129 2420 2184; x_wconf 89' lang='lat' dir='ltr'><strong>ibidem</strong></span> <span class='ocrx_word' id='word_1_284' title='bbox 2459 2130 2581 2184; x_wconf 63' lang='lat' dir='ltr'><strong>vitae</strong></span> <span class='ocrx_word' id='word_1_285' title='bbox 2612 2145 2724 2184; x_wconf 72' lang='lat' dir='ltr'><strong>sua:</strong></span> <span class='ocrx_word' id='word_1_286' title='bbox 2749 2144 2969 2184; x_wconf 90' lang='lat' dir='ltr'><strong>cursum</strong></span> <span class='ocrx_word' id='word_1_287' title='bbox 3004 2129 3384 2200; x_wconf 87' lang='lat' dir='ltr'><strong>impleverunt.</strong></span> 
     </span>
    </p>
   </div>
   <div class='ocr_carea' id='block_1_51' title="bbox 2705 2241 3286 2325">
    <p class='ocr_par' dir='ltr' id='par_1_51' title="bbox 2705 2241 3286 2325">
     <span class='ocr_line' id='line_1_51' title="bbox 2705 2241 3286 2325; baseline 0.005 -28"><span class='ocrx_word' id='word_1_288' title='bbox 2705 2241 2764 2297; x_wconf 88' lang='lat' dir='ltr'><strong>C.</strong></span> <span class='ocrx_word' id='word_1_289' title='bbox 2805 2241 3009 2325; x_wconf 67' lang='lat' dir='ltr'><strong>NONIS</strong></span> <span class='ocrx_word' id='word_1_290' title='bbox 3048 2243 3286 2300; x_wconf 81' lang='lat' dir='ltr'><strong>MARTII</strong></span> 
     </span>
    </p>
   </div>
   <div class='ocr_carea' id='block_1_52' title="bbox 2869 2332 3150 2403">
    <p class='ocr_par' dir='ltr' id='par_1_52' title="bbox 2869 2332 3150 2403">
     <span class='ocr_line' id='line_1_52' title="bbox 2869 2332 3150 2403; baseline 0.004 -17"><span class='ocrx_word' id='word_1_291' title='bbox 2869 2333 2925 2402; x_wconf 88' lang='lat'><strong>(7</strong></span> <span class='ocrx_word' id='word_1_292' title='bbox 2963 2332 3150 2403; x_wconf 78' lang='lat' dir='ltr'><strong>Mart.)</strong></span> 
     </span>
    </p>
   </div>
   <div class='ocr_carea' id='block_1_53' title="bbox 2295 2441 3804 2521">
    <p class='ocr_par' dir='ltr' id='par_1_53' title="bbox 2295 2441 3804 2521">
     <span class='ocr_line' id='line_1_53' title="bbox 2295 2441 3804 2521; baseline 0.005 -23"><span class='ocrx_word' id='word_1_293' title='bbox 2295 2445 2352 2500; x_wconf 94' lang='lat' dir='ltr'><strong>In</strong></span> <span class='ocrx_word' id='word_1_294' title='bbox 2389 2444 2749 2512; x_wconf 77' lang='lat' dir='ltr'><strong>Mauritania,</strong></span> <span class='ocrx_word' id='word_1_295' title='bbox 2789 2441 3010 2500; x_wconf 26' lang='lat' dir='ltr'><strong>‘civitate</strong></span> <span class='ocrx_word' id='word_1_296' title='bbox 3053 2445 3582 2517; x_wconf 85' lang='lat' dir='ltr'><strong>Tttburbitanorum,</strong></span> <span class='ocrx_word' id='word_1_297' title='bbox 3631 2465 3804 2521; x_wconf 81' lang='lat' dir='ltr'><strong>passm</strong></span> 
     </span>
    </p>
   </div>
   <div class='ocr_carea' id='block_1_54' title="bbox 2219 2535 3800 2612">
    <p class='ocr_par' dir='ltr' id='par_1_54' title="bbox 2219 2535 3800 2612">
     <span class='ocr_line' id='line_1_54' title="bbox 2219 2535 3800 2612; baseline 0.004 -23"><span class='ocrx_word' id='word_1_298' title='bbox 2219 2547 2532 2590; x_wconf 87' lang='lat' dir='ltr'><strong>sanctarum</strong></span> <span class='ocrx_word' id='word_1_299' title='bbox 2559 2535 2837 2604; x_wconf 67' lang='lat' dir='ltr'><strong>Perpetua:</strong></span> <span class='ocrx_word' id='word_1_300' title='bbox 2859 2546 2912 2591; x_wconf 93' lang='lat' dir='ltr'><strong>et</strong></span> <span class='ocrx_word' id='word_1_301' title='bbox 2935 2535 3233 2593; x_wconf 83' lang='lat' dir='ltr'><strong>Felicitatis</strong></span> <span class='ocrx_word' id='word_1_302' title='bbox 3258 2549 3578 2612; x_wconf 87' lang='lat' dir='ltr'><strong>martyrum,</strong></span> <span class='ocrx_word' id='word_1_303' title='bbox 3606 2552 3661 2598; x_wconf 88' lang='lat' dir='ltr'><strong>et</strong></span> <span class='ocrx_word' id='word_1_304' title='bbox 3686 2560 3800 2598; x_wconf 89' lang='lat' dir='ltr'><strong>cum</strong></span> 
     </span>
    </p>
   </div>
   <div class='ocr_carea' id='block_1_55' title="bbox 2217 2626 3803 2702">
    <p class='ocr_par' dir='ltr' id='par_1_55' title="bbox 2217 2626 3803 2702">
     <span class='ocr_line' id='line_1_55' title="bbox 2217 2626 3803 2702; baseline 0.005 -21"><span class='ocrx_word' id='word_1_305' title='bbox 2217 2627 2296 2682; x_wconf 90' lang='lat' dir='ltr'><strong>eis</strong></span> <span class='ocrx_word' id='word_1_306' title='bbox 2330 2626 2613 2690; x_wconf 83' lang='lat' dir='ltr'><strong>Revocati,</strong></span> <span class='ocrx_word' id='word_1_307' title='bbox 2641 2627 2916 2683; x_wconf 86' lang='lat' dir='ltr'><strong>Saturnini</strong></span> <span class='ocrx_word' id='word_1_308' title='bbox 2965 2637 3018 2683; x_wconf 87' lang='lat' dir='ltr'><strong>et</strong></span> <span class='ocrx_word' id='word_1_309' title='bbox 3062 2627 3376 2695; x_wconf 85' lang='lat' dir='ltr'><strong>Secunduli,</strong></span> <span class='ocrx_word' id='word_1_310' title='bbox 3410 2647 3640 2702; x_wconf 86' lang='lat' dir='ltr'><strong>quorum</strong></span> <span class='ocrx_word' id='word_1_311' title='bbox 3687 2635 3803 2689; x_wconf 84' lang='lat' dir='ltr'><strong>ulti-</strong></span> 
     </span>
    </p>
   </div>
   <div class='ocr_carea' id='block_1_56' title="bbox 2215 2719 3800 2790">
    <p class='ocr_par' dir='ltr' id='par_1_56' title="bbox 2215 2719 3800 2790">
     <span class='ocr_line' id='line_1_56' title="bbox 2215 2719 3800 2790; baseline 0.005 -18"><span class='ocrx_word' id='word_1_312' title='bbox 2215 2733 2339 2772; x_wconf 89' lang='lat' dir='ltr'><strong>mus</strong></span> <span class='ocrx_word' id='word_1_313' title='bbox 2386 2719 2712 2774; x_wconf 76' lang='lat' dir='ltr'><strong>iri-carcere</strong></span> <span class='ocrx_word' id='word_1_314' title='bbox 2757 2719 2993 2788; x_wconf 82' lang='lat' dir='ltr'><strong>quievit;</strong></span> <span class='ocrx_word' id='word_1_315' title='bbox 3027 2720 3216 2790; x_wconf 86' lang='lat' dir='ltr'><strong>reliqui</strong></span> <span class='ocrx_word' id='word_1_316' title='bbox 3259 2737 3451 2776; x_wconf 90' lang='lat' dir='ltr'><strong>omnes</strong></span> <span class='ocrx_word' id='word_1_317' title='bbox 3497 2725 3565 2778; x_wconf 88' lang='lat' dir='ltr'><strong>ad</strong></span> <span class='ocrx_word' id='word_1_318' title='bbox 3605 2727 3800 2781; x_wconf 86' lang='lat' dir='ltr'><strong>bestias</strong></span> 
     </span>
    </p>
   </div>
   <div class='ocr_carea' id='block_1_57' title="bbox 2217 2809 3796 2886">
    <p class='ocr_par' dir='ltr' id='par_1_57' title="bbox 2217 2809 3796 2886">
     <span class='ocr_line' id='line_1_57' title="bbox 2217 2809 3796 2886; baseline 0.006 -23"><span class='ocrx_word' id='word_1_319' title='bbox 2217 2809 2424 2872; x_wconf 87' lang='lat' dir='ltr'><strong>traditi,</strong></span> <span class='ocrx_word' id='word_1_320' title='bbox 2447 2809 2546 2865; x_wconf 90' lang='lat' dir='ltr'><strong>sub</strong></span> <span class='ocrx_word' id='word_1_321' title='bbox 2570 2809 2771 2865; x_wconf 77' lang='lat' dir='ltr'><strong>Severo</strong></span> <span class='ocrx_word' id='word_1_322' title='bbox 2798 2811 3062 2881; x_wconf 88' lang='lat' dir='ltr'><strong>principe,</strong></span> <span class='ocrx_word' id='word_1_323' title='bbox 3093 2813 3179 2867; x_wconf 89' lang='lat' dir='ltr'><strong>die</strong></span> <span class='ocrx_word' id='word_1_324' title='bbox 3205 2813 3400 2868; x_wconf 89' lang='lat' dir='ltr'><strong>natalis</strong></span> <span class='ocrx_word' id='word_1_325' title='bbox 3426 2813 3564 2882; x_wconf 91' lang='lat' dir='ltr'><strong>ejus.</strong></span> <span class='ocrx_word' id='word_1_326' title='bbox 3591 2816 3796 2886; x_wconf 88' lang='lat' dir='ltr'><strong>Quique</strong></span> 
     </span>
    </p>
   </div>
   <div class='ocr_carea' id='block_1_58' title="bbox 2215 2901 3798 2978">
    <p class='ocr_par' dir='ltr' id='par_1_58' title="bbox 2215 2901 3798 2978">
     <span class='ocr_line' id='line_1_58' title="bbox 2215 2901 3798 2978; baseline 0.004 -22"><span class='ocrx_word' id='word_1_327' title='bbox 2215 2901 2338 2956; x_wconf 89' lang='lat' dir='ltr'><strong>dum</strong></span> <span class='ocrx_word' id='word_1_328' title='bbox 2364 2903 2543 2957; x_wconf 89' lang='lat' dir='ltr'><strong>adhuc</strong></span> <span class='ocrx_word' id='word_1_329' title='bbox 2584 2910 2935 2958; x_wconf 88' lang='lat' dir='ltr'><strong>servarentur</strong></span> <span class='ocrx_word' id='word_1_330' title='bbox 2964 2903 3016 2957; x_wconf 93' lang='lat' dir='ltr'><strong>in</strong></span> <span class='ocrx_word' id='word_1_331' title='bbox 3041 2920 3284 2970; x_wconf 86' lang='lat' dir='ltr'><strong>carcere,</strong></span> <span class='ocrx_word' id='word_1_332' title='bbox 3316 2914 3370 2960; x_wconf 90' lang='lat' dir='ltr'><strong>et</strong></span> <span class='ocrx_word' id='word_1_333' title='bbox 3396 2905 3655 2962; x_wconf 84' lang='lat' dir='ltr'><strong>Felicitas</strong></span> <span class='ocrx_word' id='word_1_334' title='bbox 3681 2925 3798 2978; x_wconf 85' lang='lat' dir='ltr'><strong>par-</strong></span> 
     </span>
    </p>
   </div>
   <div class='ocr_carea' id='block_1_59' title="bbox 2215 2993 3799 3068">
    <p class='ocr_par' dir='ltr' id='par_1_59' title="bbox 2215 2993 3799 3068">
     <span class='ocr_line' id='line_1_59' title="bbox 2215 2993 3799 3068; baseline 0.004 -20"><span class='ocrx_word' id='word_1_335' title='bbox 2215 2993 2426 3059; x_wconf 89' lang='lat' dir='ltr'><strong>turiret,</strong></span> <span class='ocrx_word' id='word_1_336' title='bbox 2457 2993 2697 3048; x_wconf 92' lang='lat' dir='ltr'><strong>omnium</strong></span> <span class='ocrx_word' id='word_1_337' title='bbox 2729 3003 3038 3050; x_wconf 83' lang='lat' dir='ltr'><strong>sanctorum</strong></span> <span class='ocrx_word' id='word_1_338' title='bbox 3081 2995 3506 3050; x_wconf 89' lang='lat' dir='ltr'><strong>commilitonum</strong></span> <span class='ocrx_word' id='word_1_339' title='bbox 3555 2999 3799 3068; x_wconf 85' lang='lat' dir='ltr'><strong>precibus</strong></span> 
     </span>
    </p>
   </div>
   <div class='ocr_carea' id='block_1_60' title="bbox 2215 3084 3798 3156">
    <p class='ocr_par' dir='ltr' id='par_1_60' title="bbox 2215 3084 3798 3156">
     <span class='ocr_line' id='line_1_60' title="bbox 2215 3084 3798 3156; baseline 0.003 -18"><span class='ocrx_word' id='word_1_340' title='bbox 2215 3084 2558 3155; x_wconf 90' lang='lat' dir='ltr'><strong>impetratum</strong></span> <span class='ocrx_word' id='word_1_341' title='bbox 2587 3094 2692 3150; x_wconf 87' lang='lat' dir='ltr'><strong>est,</strong></span> <span class='ocrx_word' id='word_1_342' title='bbox 2721 3094 2782 3140; x_wconf 91' lang='lat' dir='ltr'><strong>ut</strong></span> <span class='ocrx_word' id='word_1_343' title='bbox 2821 3095 3014 3141; x_wconf 85' lang='lat' dir='ltr'><strong>octavo</strong></span> <span class='ocrx_word' id='word_1_344' title='bbox 3045 3102 3229 3143; x_wconf 90' lang='lat' dir='ltr'><strong>mense</strong></span> <span class='ocrx_word' id='word_1_345' title='bbox 3257 3097 3493 3156; x_wconf 89' lang='lat' dir='ltr'><strong>pareret.</strong></span> <span class='ocrx_word' id='word_1_346' title='bbox 3526 3085 3645 3141; x_wconf 80' lang='lat' dir='ltr'><strong>Jam</strong></span> <span class='ocrx_word' id='word_1_347' title='bbox 3677 3105 3798 3142; x_wconf 84' lang='lat' dir='ltr'><strong>vero</strong></span> 
     </span>
    </p>
   </div>
   <div class='ocr_carea' id='block_1_61' title="bbox 520 3162 3796 3248">
    <p class='ocr_par' dir='ltr' id='par_1_61' title="bbox 520 3162 3796 3248">
     <span class='ocr_line' id='line_1_61' title="bbox 520 3162 3796 3248; baseline -0.001 -30"><span class='ocrx_word' id='word_1_348' title='bbox 520 3173 835 3227; x_wconf 90' lang='lat' dir='ltr'><strong>testaretur,</strong></span> <span class='ocrx_word' id='word_1_349' title='bbox 872 3172 984 3218; x_wconf 89' lang='lat' dir='ltr'><strong>tres</strong></span> <span class='ocrx_word' id='word_1_350' title='bbox 1030 3163 1105 3218; x_wconf 92' lang='lat' dir='ltr'><strong>illi</strong></span> <span class='ocrx_word' id='word_1_351' title='bbox 1147 3164 1293 3218; x_wconf 65' lang='lat' dir='ltr'><strong>horae</strong></span> <span class='ocrx_word' id='word_1_352' title='bbox 1337 3165 1403 3219; x_wconf 89' lang='lat' dir='ltr'><strong>ad</strong></span> <span class='ocrx_word' id='word_1_353' title='bbox 1451 3163 1855 3218; x_wconf 88' lang='lat' dir='ltr'><strong>deliberandum</strong></span> <span class='ocrx_word' id='word_1_354' title='bbox 1893 3162 2110 3217; x_wconf 65' lang='lat' dir='ltr'><strong>indultae</strong></span> <span class='ocrx_word' id='word_1_355' title='bbox 2138 3180 2182 3244; x_wconf 70' lang='grc' dir='ltr'><strong>ρ</strong></span> <span class='ocrx_word' id='word_1_356' title='bbox 2214 3177 2492 3248; x_wconf 53' lang='lat' dir='ltr'><strong>perpetua,</strong></span> <span class='ocrx_word' id='word_1_357' title='bbox 2538 3179 2678 3234; x_wconf 53' lang='lat' dir='ltr'><strong>inter</strong></span> <span class='ocrx_word' id='word_1_358' title='bbox 2729 3177 2833 3233; x_wconf 66' lang='lat' dir='ltr'><strong>alia</strong></span> <span class='ocrx_word' id='word_1_359' title='bbox 2887 3193 3203 3234; x_wconf 70' lang='lat' dir='ltr'><strong>concessum</strong></span> <span class='ocrx_word' id='word_1_360' title='bbox 3250 3187 3352 3243; x_wconf 59' lang='grc' dir='ltr'><strong>εει,</strong></span> <span class='ocrx_word' id='word_1_361' title='bbox 3383 3187 3443 3232; x_wconf 63' lang='lat' dir='ltr'><strong>ul</strong></span> <span class='ocrx_word' id='word_1_362' title='bbox 3486 3176 3602 3247; x_wconf 62' lang='lat' dir='ltr'><strong>eius</strong></span> <span class='ocrx_word' id='word_1_363' title='bbox 3649 3196 3796 3234; x_wconf 64' lang='lat' dir='ltr'><strong>mens</strong></span> 
     </span>
    </p>
   </div>
   <div class='ocr_carea' id='block_1_62' title="bbox 519 3255 2108 3328">
    <p class='ocr_par' dir='ltr' id='par_1_62' title="bbox 519 3255 2108 3328">
     <span class='ocr_line' id='line_1_62' title="bbox 519 3255 2108 3328; baseline 0.001 -17"><span class='ocrx_word' id='word_1_364' title='bbox 519 3266 665 3312; x_wconf 88' lang='lat' dir='ltr'><strong>sunt.</strong></span> <span class='ocrx_word' id='word_1_365' title='bbox 693 3255 934 3326; x_wconf 91' lang='lat' dir='ltr'><strong>Cumque</strong></span> <span class='ocrx_word' id='word_1_366' title='bbox 955 3273 984 3311; x_wconf 93' lang='lat' dir='ltr'><strong>a</strong></span> <span class='ocrx_word' id='word_1_367' title='bbox 1007 3256 1363 3312; x_wconf 78' lang='lat' dir='ltr'><strong>tribunalibus</strong></span> <span class='ocrx_word' id='word_1_368' title='bbox 1383 3256 1573 3313; x_wconf 79' lang='lat' dir='ltr'><strong>fuisset</strong></span> <span class='ocrx_word' id='word_1_369' title='bbox 1598 3272 1870 3328; x_wconf 86' lang='lat' dir='ltr'><strong>egressus,</strong></span> <span class='ocrx_word' id='word_1_370' title='bbox 1896 3273 1926 3310; x_wconf 91' lang='lat' dir='ltr'><strong>a</strong></span> <span class='ocrx_word' id='word_1_371' title='bbox 1949 3257 2108 3312; x_wconf 88' lang='lat' dir='ltr'><strong>beato</strong></span> 
     </span>
    </p>
   </div>
   <div class='ocr_carea' id='block_1_63' title="bbox 521 3344 2108 3416">
    <p class='ocr_par' dir='ltr' id='par_1_63' title="bbox 521 3344 2108 3416">
     <span class='ocr_line' id='line_1_63' title="bbox 521 3344 2108 3416; baseline 0.001 -15"><span class='ocrx_word' id='word_1_372' title='bbox 521 3345 852 3410; x_wconf 86' lang='lat' dir='ltr'><strong>Theotecno,</strong></span> <span class='ocrx_word' id='word_1_373' title='bbox 874 3344 988 3414; x_wconf 83' lang='lat' dir='ltr'><strong>ejus</strong></span> <span class='ocrx_word' id='word_1_374' title='bbox 1010 3347 1111 3400; x_wconf 69' lang='lat' dir='ltr'><strong>lem</strong></span> <span class='ocrx_word' id='word_1_375' title='bbox 1134 3345 1285 3400; x_wconf 89' lang='lat' dir='ltr'><strong>urbis</strong></span> <span class='ocrx_word' id='word_1_376' title='bbox 1307 3345 1578 3416; x_wconf 84' lang='lat' dir='ltr'><strong>episcopo,</strong></span> <span class='ocrx_word' id='word_1_377' title='bbox 1603 3345 1892 3414; x_wconf 90' lang='lat' dir='ltr'><strong>plurimum</strong></span> <span class='ocrx_word' id='word_1_378' title='bbox 1921 3345 1976 3398; x_wconf 91' lang='lat' dir='ltr'><strong>in</strong></span> <span class='ocrx_word' id='word_1_379' title='bbox 2006 3346 2108 3402; x_wconf 72' lang='lat' dir='ltr'><strong>title</strong></span> 
     </span>
    </p>
   </div>
   <div class='ocr_carea' id='block_1_64' title="bbox 520 3436 2106 3507">
    <p class='ocr_par' dir='ltr' id='par_1_64' title="bbox 520 3436 2106 3507">
     <span class='ocr_line' id='line_1_64' title="bbox 520 3436 2106 3507; baseline -0.001 -15"><span class='ocrx_word' id='word_1_380' title='bbox 520 3437 878 3504; x_wconf 80' lang='lat' dir='ltr'><strong>confortatus,</strong></span> <span class='ocrx_word' id='word_1_381' title='bbox 910 3446 1158 3507; x_wconf 89' lang='lat' dir='ltr'><strong>repetens</strong></span> <span class='ocrx_word' id='word_1_382' title='bbox 1182 3437 1438 3493; x_wconf 91' lang='lat' dir='ltr'><strong>continuo</strong></span> <span class='ocrx_word' id='word_1_383' title='bbox 1469 3436 1699 3492; x_wconf 90' lang='lat' dir='ltr'><strong>tribunal</strong></span> <span class='ocrx_word' id='word_1_384' title='bbox 1730 3436 1944 3507; x_wconf 90' lang='lat' dir='ltr'><strong>judicis,</strong></span> <span class='ocrx_word' id='word_1_385' title='bbox 1975 3452 2106 3492; x_wconf 90' lang='lat' dir='ltr'><strong>eon-</strong></span> 
     </span>
    </p>
   </div>
   <div class='ocr_carea' id='block_1_65' title="bbox 521 3526 2108 3600">
    <p class='ocr_par' dir='ltr' id='par_1_65' title="bbox 521 3526 2108 3600">
     <span class='ocr_line' id='line_1_65' title="bbox 521 3526 2108 3600; baseline -0.001 -16"><span class='ocrx_word' id='word_1_386' title='bbox 521 3530 878 3585; x_wconf 84' lang='lat' dir='ltr'><strong>ﬁdentissimc</strong></span> <span class='ocrx_word' id='word_1_387' title='bbox 927 3531 1205 3600; x_wconf 88' lang='lat' dir='ltr'><strong>respondit</strong></span> <span class='ocrx_word' id='word_1_388' title='bbox 1239 3548 1251 3583; x_wconf 92' lang='lat'>:</span> <span class='ocrx_word' id='word_1_389' title='bbox 1285 3528 1508 3584; x_wconf 80' lang='lat' dir='ltr'><strong>Obedire</strong></span> <span class='ocrx_word' id='word_1_390' title='bbox 1547 3537 1748 3598; x_wconf 79' lang='lat' dir='ltr'><strong>oportet</strong></span> <span class='ocrx_word' id='word_1_391' title='bbox 1784 3526 1892 3582; x_wconf 89' lang='lat' dir='ltr'><strong>Deo</strong></span> <span class='ocrx_word' id='word_1_392' title='bbox 1941 3529 2108 3599; x_wconf 80' lang='lat' dir='ltr'><strong>magis</strong></span> 
     </span>
    </p>
   </div>
   <div class='ocr_carea' id='block_1_66' title="bbox 519 3617 2105 3691">
    <p class='ocr_par' dir='ltr' id='par_1_66' title="bbox 519 3617 2105 3691">
     <span class='ocr_line' id='line_1_66' title="bbox 519 3617 2105 3691; baseline 0 -17"><span class='ocrx_word' id='word_1_393' title='bbox 519 3637 678 3690; x_wconf 83' lang='lat' dir='ltr'><strong>quant</strong></span> <span class='ocrx_word' id='word_1_394' title='bbox 725 3621 1020 3674; x_wconf 75' lang='lat' dir='ltr'><strong>hominibus</strong></span> <span class='ocrx_word' id='word_1_395' title='bbox 1064 3619 1202 3689; x_wconf 78' lang='lat' dir='ltr'><strong>(Act.</strong></span> <span class='ocrx_word' id='word_1_396' title='bbox 1240 3619 1314 3691; x_wconf 92' lang='lat' dir='ltr'><strong>v).</strong></span> <span class='ocrx_word' id='word_1_397' title='bbox 1367 3617 1512 3674; x_wconf 89' lang='lat' dir='ltr'><strong>Illico</strong></span> <span class='ocrx_word' id='word_1_398' title='bbox 1564 3617 1806 3688; x_wconf 85' lang='lat' dir='ltr'><strong>martyrii</strong></span> <span class='ocrx_word' id='word_1_399' title='bbox 1850 3633 2105 3674; x_wconf 89' lang='lat' dir='ltr'><strong>coronam</strong></span> 
     </span>
    </p>
   </div>
   <div class='ocr_carea' id='block_1_67' title="bbox 523 3708 2107 3780">
    <p class='ocr_par' dir='ltr' id='par_1_67' title="bbox 523 3708 2107 3780">
     <span class='ocr_line' id='line_1_67' title="bbox 523 3708 2107 3780; baseline -0.001 -16"><span class='ocrx_word' id='word_1_400' title='bbox 523 3711 716 3780; x_wconf 90' lang='lat' dir='ltr'><strong>capitis</strong></span> <span class='ocrx_word' id='word_1_401' title='bbox 746 3709 1077 3767; x_wconf 87' lang='lat' dir='ltr'><strong>abscissione</strong></span> <span class='ocrx_word' id='word_1_402' title='bbox 1110 3709 1364 3780; x_wconf 88' lang='lat' dir='ltr'><strong>suscepit.</strong></span> <span class='ocrx_word' id='word_1_403' title='bbox 1397 3708 1639 3780; x_wconf 87' lang='lat' dir='ltr'><strong>Cumque</strong></span> <span class='ocrx_word' id='word_1_404' title='bbox 1671 3708 1925 3779; x_wconf 62' lang='lat' dir='ltr'><strong>prafatus</strong></span> <span class='ocrx_word' id='word_1_405' title='bbox 1953 3709 2107 3764; x_wconf 87' lang='lat' dir='ltr'><strong>Aste-</strong></span> 
     </span>
    </p>
   </div>
   <div class='ocr_carea' id='block_1_68' title="bbox 523 3801 2098 3872">
    <p class='ocr_par' dir='ltr' id='par_1_68' title="bbox 523 3801 2098 3872">
     <span class='ocr_line' id='line_1_68' title="bbox 523 3801 2098 3872; baseline 0.001 -18"><span class='ocrx_word' id='word_1_406' title='bbox 523 3802 638 3858; x_wconf 89' lang='lat' dir='ltr'><strong>rius</strong></span> <span class='ocrx_word' id='word_1_407' title='bbox 665 3803 840 3872; x_wconf 90' lang='lat' dir='ltr'><strong>capite</strong></span> <span class='ocrx_word' id='word_1_408' title='bbox 873 3810 1182 3858; x_wconf 87' lang='lat' dir='ltr'><strong>truncatum</strong></span> <span class='ocrx_word' id='word_1_409' title='bbox 1212 3801 1468 3872; x_wconf 75' lang='lat' dir='ltr'><strong>martyris</strong></span> <span class='ocrx_word' id='word_1_410' title='bbox 1495 3816 1692 3870; x_wconf 88' lang='lat' dir='ltr'><strong>corpus</strong></span> <span class='ocrx_word' id='word_1_411' title='bbox 1725 3802 1982 3872; x_wconf 86' lang='lat' dir='ltr'><strong>subjectis</strong></span> <span class='ocrx_word' id='word_1_412' title='bbox 2009 3802 2098 3856; x_wconf 90' lang='lat' dir='ltr'><strong>hu-</strong></span> 
     </span>
    </p>
   </div>
   <div class='ocr_carea' id='block_1_69' title="bbox 523 3892 2105 3964">
    <p class='ocr_par' dir='ltr' id='par_1_69' title="bbox 523 3892 2105 3964">
     <span class='ocr_line' id='line_1_69' title="bbox 523 3892 2105 3964; baseline 0 -16"><span class='ocrx_word' id='word_1_413' title='bbox 523 3894 687 3949; x_wconf 90' lang='lat' dir='ltr'><strong>meris</strong></span> <span class='ocrx_word' id='word_1_414' title='bbox 713 3902 769 3948; x_wconf 91' lang='lat' dir='ltr'><strong>et</strong></span> <span class='ocrx_word' id='word_1_415' title='bbox 797 3894 1068 3949; x_wconf 89' lang='lat' dir='ltr'><strong>substrata</strong></span> <span class='ocrx_word' id='word_1_416' title='bbox 1101 3902 1270 3957; x_wconf 86' lang='lat' dir='ltr'><strong>veste,</strong></span> <span class='ocrx_word' id='word_1_417' title='bbox 1301 3906 1407 3962; x_wconf 91' lang='lat' dir='ltr'><strong>qua</strong></span> <span class='ocrx_word' id='word_1_418' title='bbox 1437 3892 1779 3956; x_wconf 89' lang='lat' dir='ltr'><strong>induebatur,</strong></span> <span class='ocrx_word' id='word_1_419' title='bbox 1811 3894 2105 3964; x_wconf 74' lang='lat' dir='ltr'><strong>exciperet,</strong></span> 
     </span>
    </p>
   </div>
   <div class='ocr_carea' id='block_1_70' title="bbox 521 3981 2108 4054">
    <p class='ocr_par' dir='ltr' id='par_1_70' title="bbox 521 3981 2108 4054">
     <span class='ocr_line' id='line_1_70' title="bbox 521 3981 2108 4054; baseline -0.003 -14"><span class='ocrx_word' id='word_1_420' title='bbox 521 3986 782 4040; x_wconf 87' lang='lat' dir='ltr'><strong>honorem</strong></span> <span class='ocrx_word' id='word_1_421' title='bbox 808 4000 966 4054; x_wconf 85' lang='lat' dir='ltr'><strong>quem</strong></span> <span class='ocrx_word' id='word_1_422' title='bbox 998 3981 1222 4054; x_wconf 86' lang='lat' dir='ltr'><strong>martyri</strong></span> <span class='ocrx_word' id='word_1_423' title='bbox 1245 3981 1456 4047; x_wconf 88' lang='lat' dir='ltr'><strong>detulit,</strong></span> <span class='ocrx_word' id='word_1_424' title='bbox 1485 3983 1740 4038; x_wconf 91' lang='lat' dir='ltr'><strong>continuo</strong></span> <span class='ocrx_word' id='word_1_425' title='bbox 1763 3983 1874 4052; x_wconf 89' lang='lat' dir='ltr'><strong>ipse</strong></span> <span class='ocrx_word' id='word_1_426' title='bbox 1903 3993 2108 4054; x_wconf 82' lang='lat' dir='ltr'><strong>martyr</strong></span> 
     </span>
    </p>
   </div>
   <div class='ocr_carea' id='block_1_71' title="bbox 522 4073 2107 4148">
    <p class='ocr_par' dir='ltr' id='par_1_71' title="bbox 522 4073 2107 4148">
     <span class='ocr_line' id='line_1_71' title="bbox 522 4073 2107 4148; baseline -0.001 -17"><span class='ocrx_word' id='word_1_427' title='bbox 522 4077 750 4148; x_wconf 85' lang='lat' dir='ltr'><strong>accepit.</strong></span> <span class='ocrx_word' id='word_1_428' title='bbox 799 4076 1068 4146; x_wconf 88' lang='lat' dir='ltr'><strong>Scriptum</strong></span> <span class='ocrx_word' id='word_1_429' title='bbox 1121 4075 1175 4129; x_wconf 92' lang='lat' dir='ltr'><strong>in</strong></span> <span class='ocrx_word' id='word_1_430' title='bbox 1226 4073 1461 4129; x_wconf 84' lang='lat' dir='ltr'><strong>Historia</strong></span> <span class='ocrx_word' id='word_1_431' title='bbox 1514 4073 1916 4141; x_wconf 89' lang='lat' dir='ltr'><strong>Ecclesiastica,</strong></span> <span class='ocrx_word' id='word_1_432' title='bbox 1968 4074 2107 4130; x_wconf 89' lang='lat' dir='ltr'><strong>libro</strong></span> 
     </span>
    </p>
   </div>
   <div class='ocr_carea' id='block_1_72' title="bbox 523 4166 1063 4240">
    <p class='ocr_par' dir='ltr' id='par_1_72' title="bbox 523 4166 1063 4240">
     <span class='ocr_line' id='line_1_72' title="bbox 523 4166 1063 4240; baseline -0.006 -17"><span class='ocrx_word' id='word_1_433' title='bbox 523 4170 755 4240; x_wconf 83' lang='lat' dir='ltr'><strong>septimo</strong></span> <span class='ocrx_word' id='word_1_434' title='bbox 784 4167 919 4239; x_wconf 85' lang='lat' dir='ltr'><strong>(cap.</strong></span> <span class='ocrx_word' id='word_1_435' title='bbox 956 4166 1063 4238; x_wconf 71' lang='lat' dir='ltr'><strong>II).</strong></span> 
     </span>
    </p>
   </div>
   <div class='ocr_carea' id='block_1_73' title="bbox 946 4276 1686 4334">
    <p class='ocr_par' dir='ltr' id='par_1_73' title="bbox 946 4276 1686 4334">
     <span class='ocr_line' id='line_1_73' title="bbox 946 4276 1686 4334; baseline -0.001 0"><span class='ocrx_word' id='word_1_436' title='bbox 946 4278 1012 4334; x_wconf 88' lang='lat' dir='ltr'><strong>G.</strong></span> <span class='ocrx_word' id='word_1_437' title='bbox 1052 4277 1119 4333; x_wconf 91' lang='lat' dir='ltr'><strong>IV</strong></span> <span class='ocrx_word' id='word_1_438' title='bbox 1161 4276 1389 4334; x_wconf 85' lang='lat' dir='ltr'><strong>NONAS</strong></span> <span class='ocrx_word' id='word_1_439' title='bbox 1428 4276 1686 4333; x_wconf 75' lang='lat' dir='ltr'><strong>MART&quot;.</strong></span> 
     </span>
    </p>
   </div>
   <div class='ocr_carea' id='block_1_74' title="bbox 1173 4371 1454 4444">
    <p class='ocr_par' dir='ltr' id='par_1_74' title="bbox 1173 4371 1454 4444">
     <span class='ocr_line' id='line_1_74' title="bbox 1173 4371 1454 4444; baseline 0.004 -19"><span class='ocrx_word' id='word_1_440' title='bbox 1173 4373 1227 4444; x_wconf 69' lang='grc'><strong>(4</strong></span> <span class='ocrx_word' id='word_1_441' title='bbox 1264 4371 1454 4444; x_wconf 81' lang='lat' dir='ltr'><strong>Mart.)</strong></span> 
     </span>
    </p>
   </div>
   <div class='ocr_carea' id='block_1_75' title="bbox 596 4480 2107 4552">
    <p class='ocr_par' dir='ltr' id='par_1_75' title="bbox 596 4480 2107 4552">
     <span class='ocr_line' id='line_1_75' title="bbox 596 4480 2107 4552; baseline -0.001 -15"><span class='ocrx_word' id='word_1_442' title='bbox 596 4495 619 4523; x_wconf 74' lang='grc' dir='ltr'>α</span> <span class='ocrx_word' id='word_1_443' title='bbox 649 4483 853 4538; x_wconf 84' lang='lat' dir='ltr'><strong>Natalis</strong></span> <span class='ocrx_word' id='word_1_444' title='bbox 881 4481 1050 4538; x_wconf 83' lang='lat' dir='ltr'><strong>sancti</strong></span> <span class='ocrx_word' id='word_1_445' title='bbox 1079 4480 1227 4537; x_wconf 88' lang='lat' dir='ltr'><strong>Lucii</strong></span> <span class='ocrx_word' id='word_1_446' title='bbox 1253 4497 1404 4552; x_wconf 86' lang='lat' dir='ltr'><strong>papae</strong></span> <span class='ocrx_word' id='word_1_447' title='bbox 1428 4489 1481 4537; x_wconf 92' lang='lat' dir='ltr'><strong>ct</strong></span> <span class='ocrx_word' id='word_1_448' title='bbox 1505 4482 1780 4552; x_wconf 83' lang='lat' dir='ltr'><strong>martyris,</strong></span> <span class='ocrx_word' id='word_1_449' title='bbox 1804 4481 1895 4550; x_wconf 93' lang='lat' dir='ltr'><strong>qui</strong></span> <span class='ocrx_word' id='word_1_450' title='bbox 1925 4495 2107 4551; x_wconf 89' lang='lat' dir='ltr'><strong>perse-</strong></span> 
     </span>
    </p>
   </div>
   <div class='ocr_carea' id='block_1_76' title="bbox 521 4571 2107 4639">
    <p class='ocr_par' dir='ltr' id='par_1_76' title="bbox 521 4571 2107 4639">
     <span class='ocr_line' id='line_1_76' title="bbox 521 4571 2107 4639; baseline -0.002 -8"><span class='ocrx_word' id='word_1_451' title='bbox 521 4577 736 4632; x_wconf 90' lang='lat' dir='ltr'><strong>cutione</strong></span> <span class='ocrx_word' id='word_1_452' title='bbox 767 4574 1032 4630; x_wconf 89' lang='lat' dir='ltr'><strong>Valeriani</strong></span> <span class='ocrx_word' id='word_1_453' title='bbox 1062 4582 1117 4630; x_wconf 91' lang='lat' dir='ltr'><strong>ct</strong></span> <span class='ocrx_word' id='word_1_454' title='bbox 1141 4573 1373 4639; x_wconf 89' lang='lat' dir='ltr'><strong>Galieni,</strong></span> <span class='ocrx_word' id='word_1_455' title='bbox 1403 4576 1472 4628; x_wconf 93' lang='lat' dir='ltr'><strong>ob</strong></span> <span class='ocrx_word' id='word_1_456' title='bbox 1503 4572 1661 4628; x_wconf 76' lang='lat' dir='ltr'><strong>(idem</strong></span> <span class='ocrx_word' id='word_1_457' title='bbox 1693 4572 1893 4627; x_wconf 90' lang='lat' dir='ltr'><strong>Christi</strong></span> <span class='ocrx_word' id='word_1_458' title='bbox 1916 4571 2107 4628; x_wconf 77' lang='lat' dir='ltr'><strong>exsilio</strong></span> 
     </span>
    </p>
   </div>
   <div class='ocr_carea' id='block_1_77' title="bbox 521 4661 2106 4735">
    <p class='ocr_par' dir='ltr' id='par_1_77' title="bbox 521 4661 2106 4735">
     <span class='ocr_line' id='line_1_77' title="bbox 521 4661 2106 4735; baseline -0.003 -15"><span class='ocrx_word' id='word_1_459' title='bbox 521 4665 786 4735; x_wconf 78' lang='lat' dir='ltr'><strong>relegatus</strong></span> <span class='ocrx_word' id='word_1_460' title='bbox 828 4674 881 4719; x_wconf 89' lang='lat' dir='ltr'><strong>et</strong></span> <span class='ocrx_word' id='word_1_461' title='bbox 923 4665 1260 4735; x_wconf 87' lang='lat' dir='ltr'><strong>postmodum</strong></span> <span class='ocrx_word' id='word_1_462' title='bbox 1307 4663 1490 4718; x_wconf 92' lang='lat' dir='ltr'><strong>divino</strong></span> <span class='ocrx_word' id='word_1_463' title='bbox 1527 4671 1660 4717; x_wconf 91' lang='lat' dir='ltr'><strong>nutu</strong></span> <span class='ocrx_word' id='word_1_464' title='bbox 1709 4663 1774 4716; x_wconf 91' lang='lat' dir='ltr'><strong>ad</strong></span> <span class='ocrx_word' id='word_1_465' title='bbox 1821 4661 2106 4716; x_wconf 90' lang='lat' dir='ltr'><strong>ecclesiam</strong></span> 
     </span>
    </p>
   </div>
   <div class='ocr_carea' id='block_1_78' title="bbox 521 4751 2108 4824">
    <p class='ocr_par' dir='ltr' id='par_1_78' title="bbox 521 4751 2108 4824">
     <span class='ocr_line' id='line_1_78' title="bbox 521 4751 2108 4824; baseline -0.004 -14"><span class='ocrx_word' id='word_1_466' title='bbox 521 4771 675 4810; x_wconf 80' lang='lat' dir='ltr'><strong>suam</strong></span> <span class='ocrx_word' id='word_1_467' title='bbox 717 4754 893 4809; x_wconf 88' lang='lat' dir='ltr'><strong>redire</strong></span> <span class='ocrx_word' id='word_1_468' title='bbox 934 4754 1249 4823; x_wconf 90' lang='lat' dir='ltr'><strong>permissus,</strong></span> <span class='ocrx_word' id='word_1_469' title='bbox 1286 4753 1607 4824; x_wconf 82' lang='lat' dir='ltr'><strong>martyrium</strong></span> <span class='ocrx_word' id='word_1_470' title='bbox 1651 4751 1846 4823; x_wconf 89' lang='lat' dir='ltr'><strong>capitis</strong></span> <span class='ocrx_word' id='word_1_471' title='bbox 1881 4752 2108 4807; x_wconf 89' lang='lat' dir='ltr'><strong>obtrun-</strong></span> 
     </span>
    </p>
   </div>
   <div class='ocr_carea' id='block_1_79' title="bbox 521 4844 2108 4917">
    <p class='ocr_par' dir='ltr' id='par_1_79' title="bbox 521 4844 2108 4917">
     <span class='ocr_line' id='line_1_79' title="bbox 521 4844 2108 4917; baseline -0.003 -16"><span class='ocrx_word' id='word_1_472' title='bbox 521 4847 734 4902; x_wconf 84' lang='lat' dir='ltr'><strong>catione</strong></span> <span class='ocrx_word' id='word_1_473' title='bbox 776 4846 1081 4917; x_wconf 88' lang='lat' dir='ltr'><strong>complevit.</strong></span> <span class='ocrx_word' id='word_1_474' title='bbox 1125 4846 1338 4902; x_wconf 87' lang='lat' dir='ltr'><strong>Positus</strong></span> <span class='ocrx_word' id='word_1_475' title='bbox 1377 4854 1460 4901; x_wconf 89' lang='lat' dir='ltr'><strong>est</strong></span> <span class='ocrx_word' id='word_1_476' title='bbox 1505 4854 1684 4900; x_wconf 90' lang='lat' dir='ltr'><strong>autem</strong></span> <span class='ocrx_word' id='word_1_477' title='bbox 1728 4846 1812 4900; x_wconf 88' lang='lat' dir='ltr'><strong>via</strong></span> <span class='ocrx_word' id='word_1_478' title='bbox 1841 4844 2011 4915; x_wconf 87' lang='lat' dir='ltr'><strong>Appia</strong></span> <span class='ocrx_word' id='word_1_479' title='bbox 2040 4845 2108 4898; x_wconf 89' lang='lat' dir='ltr'><strong>ad</strong></span> 
     </span>
    </p>
   </div>
   <div class='ocr_carea' id='block_1_80' title="bbox 525 4933 2110 5006">
    <p class='ocr_par' dir='ltr' id='par_1_80' title="bbox 525 4933 2110 5006">
     <span class='ocr_line' id='line_1_80' title="bbox 525 4933 2110 5006; baseline -0.003 -15"><span class='ocrx_word' id='word_1_480' title='bbox 525 4947 772 4993; x_wconf 86' lang='lat' dir='ltr'><strong>sanctum</strong></span> <span class='ocrx_word' id='word_1_481' title='bbox 804 4935 1032 4992; x_wconf 81' lang='lat' dir='ltr'><strong>Sixtum.</strong></span> <span class='ocrx_word' id='word_1_482' title='bbox 1068 4935 1165 4992; x_wconf 85' lang='lat' dir='ltr'><strong>Ilic</strong></span> <span class='ocrx_word' id='word_1_483' title='bbox 1205 4936 1460 5006; x_wconf 70' lang='lat' dir='ltr'><strong>praecepit</strong></span> <span class='ocrx_word' id='word_1_484' title='bbox 1489 4942 1544 4988; x_wconf 88' lang='lat' dir='ltr'><strong>ut</strong></span> <span class='ocrx_word' id='word_1_485' title='bbox 1573 4935 1679 4990; x_wconf 93' lang='lat' dir='ltr'><strong>duo</strong></span> <span class='ocrx_word' id='word_1_486' title='bbox 1711 4933 2010 5006; x_wconf 90' lang='lat' dir='ltr'><strong>presbyteri</strong></span> <span class='ocrx_word' id='word_1_487' title='bbox 2055 4941 2110 4987; x_wconf 91' lang='lat' dir='ltr'><strong>et</strong></span> 
     </span>
    </p>
   </div>
   <div class='ocr_carea' id='block_1_81' title="bbox 523 5025 2103 5098">
    <p class='ocr_par' dir='ltr' id='par_1_81' title="bbox 523 5025 2103 5098">
     <span class='ocr_line' id='line_1_81' title="bbox 523 5025 2103 5098; baseline -0.004 -15"><span class='ocrx_word' id='word_1_488' title='bbox 523 5040 635 5086; x_wconf 90' lang='lat' dir='ltr'><strong>tres</strong></span> <span class='ocrx_word' id='word_1_489' title='bbox 661 5028 870 5084; x_wconf 89' lang='lat' dir='ltr'><strong>diaconi</strong></span> <span class='ocrx_word' id='word_1_490' title='bbox 899 5027 950 5082; x_wconf 93' lang='lat' dir='ltr'><strong>in</strong></span> <span class='ocrx_word' id='word_1_491' title='bbox 979 5028 1125 5083; x_wconf 92' lang='lat' dir='ltr'><strong>omni</strong></span> <span class='ocrx_word' id='word_1_492' title='bbox 1157 5027 1272 5082; x_wconf 94' lang='lat' dir='ltr'><strong>loco</strong></span> <span class='ocrx_word' id='word_1_493' title='bbox 1297 5028 1607 5098; x_wconf 84' lang='lat' dir='ltr'><strong>episcOpum</strong></span> <span class='ocrx_word' id='word_1_494' title='bbox 1636 5041 1741 5081; x_wconf 92' lang='lat' dir='ltr'><strong>non</strong></span> <span class='ocrx_word' id='word_1_495' title='bbox 1767 5025 2103 5086; x_wconf 85' lang='lat' dir='ltr'><strong>desererent,</strong></span> 
     </span>
    </p>
   </div>
   <div class='ocr_carea' id='block_1_82' title="bbox 520 5117 2106 5193">
    <p class='ocr_par' dir='ltr' id='par_1_82' title="bbox 520 5117 2106 5193">
     <span class='ocr_line' id='line_1_82' title="bbox 520 5117 2106 5193; baseline -0.004 -17"><span class='ocrx_word' id='word_1_496' title='bbox 520 5131 740 5193; x_wconf 78' lang='lat' dir='ltr'><strong>propter</strong></span> <span class='ocrx_word' id='word_1_497' title='bbox 768 5121 1135 5177; x_wconf 90' lang='lat' dir='ltr'><strong>testimonium</strong></span> <span class='ocrx_word' id='word_1_498' title='bbox 1160 5120 1606 5176; x_wconf 91' lang='lat' dir='ltr'><strong>ecclesiasticum.</strong></span> <span class='ocrx_word' id='word_1_499' title='bbox 1642 5118 1792 5175; x_wconf 85' lang='lat' dir='ltr'><strong>Sedit</strong></span> <span class='ocrx_word' id='word_1_500' title='bbox 1826 5127 2004 5174; x_wconf 91' lang='lat' dir='ltr'><strong>autem</strong></span> <span class='ocrx_word' id='word_1_501' title='bbox 2052 5117 2106 5170; x_wconf 91' lang='lat' dir='ltr'><strong>in</strong></span> 
     </span>
    </p>
   </div>
   <div class='ocr_carea' id='block_1_83' title="bbox 519 5209 2100 5284">
    <p class='ocr_par' dir='ltr' id='par_1_83' title="bbox 519 5209 2100 5284">
     <span class='ocr_line' id='line_1_83' title="bbox 519 5209 2100 5284; baseline -0.005 -17"><span class='ocrx_word' id='word_1_502' title='bbox 519 5214 832 5284; x_wconf 85' lang='lat' dir='ltr'><strong>episcOpatu</strong></span> <span class='ocrx_word' id='word_1_503' title='bbox 860 5227 1030 5267; x_wconf 87' lang='lat' dir='ltr'><strong>annos</strong></span> <span class='ocrx_word' id='word_1_504' title='bbox 1057 5219 1186 5273; x_wconf 90' lang='lat' dir='ltr'><strong>tres,</strong></span> <span class='ocrx_word' id='word_1_505' title='bbox 1217 5226 1429 5266; x_wconf 91' lang='lat' dir='ltr'><strong>menses</strong></span> <span class='ocrx_word' id='word_1_506' title='bbox 1465 5220 1594 5275; x_wconf 91' lang='lat' dir='ltr'><strong>tres,</strong></span> <span class='ocrx_word' id='word_1_507' title='bbox 1627 5218 1786 5279; x_wconf 89' lang='lat' dir='ltr'><strong>atque</strong></span> <span class='ocrx_word' id='word_1_508' title='bbox 1828 5209 1944 5262; x_wconf 90' lang='lat' dir='ltr'><strong>dies</strong></span> <span class='ocrx_word' id='word_1_509' title='bbox 1973 5216 2100 5261; x_wconf 88' lang='lat' dir='ltr'><strong>tres.</strong></span> 
     </span>
    </p>
   </div>
   <div class='ocr_carea' id='block_1_84' title="bbox 591 5299 2108 5371">
    <p class='ocr_par' dir='ltr' id='par_1_84' title="bbox 591 5299 2108 5371">
     <span class='ocr_line' id='line_1_84' title="bbox 591 5299 2108 5371; baseline -0.005 -12"><span class='ocrx_word' id='word_1_510' title='bbox 591 5304 721 5360; x_wconf 90' lang='lat' dir='ltr'><strong>Item</strong></span> <span class='ocrx_word' id='word_1_511' title='bbox 747 5304 930 5358; x_wconf 50' lang='lat' dir='ltr'><strong>Romae.</strong></span> <span class='ocrx_word' id='word_1_512' title='bbox 950 5302 1032 5356; x_wconf 84' lang='lat' dir='ltr'><strong>via</strong></span> <span class='ocrx_word' id='word_1_513' title='bbox 1054 5301 1243 5371; x_wconf 85' lang='lat' dir='ltr'><strong>Appia,</strong></span> <span class='ocrx_word' id='word_1_514' title='bbox 1267 5311 1576 5356; x_wconf 90' lang='lat' dir='ltr'><strong>sanctorum</strong></span> <span class='ocrx_word' id='word_1_515' title='bbox 1601 5309 1898 5370; x_wconf 87' lang='lat' dir='ltr'><strong>martyrum</strong></span> <span class='ocrx_word' id='word_1_516' title='bbox 1921 5299 2108 5354; x_wconf 91' lang='lat' dir='ltr'><strong>nonin-</strong></span> 
     </span>
    </p>
   </div>
   <div class='ocr_carea' id='block_1_85' title="bbox 518 5389 2102 5466">
    <p class='ocr_par' dir='ltr' id='par_1_85' title="bbox 518 5389 2102 5466">
     <span class='ocr_line' id='line_1_85' title="bbox 518 5389 2102 5466; baseline -0.005 -15"><span class='ocrx_word' id='word_1_517' title='bbox 518 5407 799 5466; x_wconf 89' lang='lat' dir='ltr'><strong>gentorum</strong></span> <span class='ocrx_word' id='word_1_518' title='bbox 830 5395 919 5463; x_wconf 92' lang='lat' dir='ltr'><strong>qui</strong></span> <span class='ocrx_word' id='word_1_519' title='bbox 958 5393 1116 5464; x_wconf 90' lang='lat' dir='ltr'><strong>positi</strong></span> <span class='ocrx_word' id='word_1_520' title='bbox 1154 5402 1278 5447; x_wconf 89' lang='lat' dir='ltr'><strong>sunt</strong></span> <span class='ocrx_word' id='word_1_521' title='bbox 1307 5394 1362 5447; x_wconf 89' lang='lat' dir='ltr'><strong>in</strong></span> <span class='ocrx_word' id='word_1_522' title='bbox 1406 5392 1720 5447; x_wconf 67' lang='lat' dir='ltr'><strong>emmeterio</strong></span> <span class='ocrx_word' id='word_1_523' title='bbox 1751 5389 1818 5444; x_wconf 90' lang='lat' dir='ltr'><strong>ad</strong></span> <span class='ocrx_word' id='word_1_524' title='bbox 1859 5397 2102 5445; x_wconf 87' lang='lat' dir='ltr'><strong>sanctam</strong></span> 
     </span>
    </p>
   </div>
   <div class='ocr_carea' id='block_1_86' title="bbox 495 5485 809 5558">
    <p class='ocr_par' dir='ltr' id='par_1_86' title="bbox 495 5485 809 5558">
     <span class='ocr_line' id='line_1_86' title="bbox 495 5485 809 5558; baseline -0.006 -17"><span class='ocrx_word' id='word_1_525' title='bbox 495 5485 809 5558; x_wconf 78' lang='lat' dir='ltr'><strong>Caeciliam.</strong></span> 
     </span>
    </p>
   </div>
   <div class='ocr_carea' id='block_1_87' title="bbox 590 5618 1180 5684">
    <p class='ocr_par' dir='ltr' id='par_1_87' title="bbox 590 5618 1180 5684">
     <span class='ocr_line' id='line_1_87' title="bbox 590 5618 1180 5684; baseline -0.008 -7"><span class='ocrx_word' id='word_1_526' title='bbox 590 5635 615 5663; x_wconf 78' lang='grc' dir='ltr'>ιι</span> <span class='ocrx_word' id='word_1_527' title='bbox 639 5620 976 5684; x_wconf 83' lang='lat' dir='ltr'><strong>Pontiﬁcale,</strong></span> <span class='ocrx_word' id='word_1_528' title='bbox 1006 5637 1055 5676; x_wconf 92' lang='lat' dir='ltr'><strong>c.</strong></span> <span class='ocrx_word' id='word_1_529' title='bbox 1089 5618 1180 5674; x_wconf 63' lang='grc' dir='ltr'><strong>εὖ.</strong></span> 
     </span>
    </p>
   </div>
   <div class='ocr_carea' id='block_1_88' title="bbox 589 5687 1685 5762">
    <p class='ocr_par' dir='ltr' id='par_1_88' title="bbox 589 5687 1685 5762">
     <span class='ocr_line' id='line_1_88' title="bbox 589 5687 1685 5762; baseline -0.004 -18"><span class='ocrx_word' id='word_1_530' title='bbox 589 5691 619 5733; x_wconf 69' lang='grc' dir='ltr'>δ</span> <span class='ocrx_word' id='word_1_531' title='bbox 648 5692 808 5762; x_wconf 74' lang='lat' dir='ltr'><strong>Creg.</strong></span> <span class='ocrx_word' id='word_1_532' title='bbox 843 5691 970 5762; x_wconf 81' lang='lat' dir='ltr'><strong>Tur.</strong></span> <span class='ocrx_word' id='word_1_533' title='bbox 1000 5690 1067 5746; x_wconf 84' lang='lat' dir='ltr'><strong>de</strong></span> <span class='ocrx_word' id='word_1_534' title='bbox 1097 5689 1299 5762; x_wconf 61' lang='lat' dir='ltr'><strong>Gloria.</strong></span> <span class='ocrx_word' id='word_1_535' title='bbox 1328 5688 1568 5762; x_wconf 72' lang='lat' dir='ltr'><strong>lllart_._c.</strong></span> <span class='ocrx_word' id='word_1_536' title='bbox 1598 5687 1685 5744; x_wconf 89' lang='lat'><strong>99.</strong></span> 
     </span>
    </p>
   </div>
   <div class='ocr_carea' id='block_1_89' title="bbox 593 5759 1533 5828">
    <p class='ocr_par' dir='ltr' id='par_1_89' title="bbox 593 5759 1533 5828">
     <span class='ocr_line' id='line_1_89' title="bbox 593 5759 1533 5828; baseline -0.006 -12"><span class='ocrx_word' id='word_1_537' title='bbox 593 5772 615 5802; x_wconf 76' lang='grc' dir='ltr'><strong>ε</strong></span> <span class='ocrx_word' id='word_1_538' title='bbox 655 5759 800 5816; x_wconf 75' lang='lat' dir='ltr'><strong>Ilier.</strong></span> <span class='ocrx_word' id='word_1_539' title='bbox 833 5763 898 5815; x_wconf 89' lang='lat' dir='ltr'><strong>de</strong></span> <span class='ocrx_word' id='word_1_540' title='bbox 929 5759 1126 5828; x_wconf 83' lang='lat' dir='ltr'><strong>Seript.</strong></span> <span class='ocrx_word' id='word_1_541' title='bbox 1155 5759 1326 5822; x_wconf 81' lang='lat' dir='ltr'><strong>Eccl.,</strong></span> <span class='ocrx_word' id='word_1_542' title='bbox 1365 5773 1412 5811; x_wconf 94' lang='lat' dir='ltr'><strong>c.</strong></span> <span class='ocrx_word' id='word_1_543' title='bbox 1446 5759 1533 5812; x_wconf 88' lang='lat'><strong>68.</strong></span> 
     </span>
    </p>
   </div>
   <div class='ocr_carea' id='block_1_90' title="bbox 2212 3269 3796 3341">
    <p class='ocr_par' dir='ltr' id='par_1_90' title="bbox 2212 3269 3796 3341">
     <span class='ocr_line' id='line_1_90' title="bbox 2212 3269 3796 3341; baseline -0.001 -18"><span class='ocrx_word' id='word_1_544' title='bbox 2212 3269 2608 3339; x_wconf 89' lang='lat' dir='ltr'><strong>quodammodo</strong></span> <span class='ocrx_word' id='word_1_545' title='bbox 2637 3279 2978 3326; x_wconf 87' lang='lat' dir='ltr'><strong>averteretur</strong></span> <span class='ocrx_word' id='word_1_546' title='bbox 3012 3285 3042 3325; x_wconf 90' lang='lat' dir='ltr'><strong>a</strong></span> <span class='ocrx_word' id='word_1_547' title='bbox 3082 3284 3332 3341; x_wconf 88' lang='lat' dir='ltr'><strong>corpore,</strong></span> <span class='ocrx_word' id='word_1_548' title='bbox 3377 3269 3429 3323; x_wconf 86' lang='lat' dir='ltr'><strong>in</strong></span> <span class='ocrx_word' id='word_1_549' title='bbox 3472 3285 3579 3340; x_wconf 91' lang='lat' dir='ltr'><strong>quo</strong></span> <span class='ocrx_word' id='word_1_550' title='bbox 3622 3286 3796 3323; x_wconf 72' lang='lat' dir='ltr'><strong>vacem.</strong></span> 
     </span>
    </p>
   </div>
   <div class='ocr_carea' id='block_1_91' title="bbox 2213 3358 3791 3430">
    <p class='ocr_par' dir='ltr' id='par_1_91' title="bbox 2213 3358 3791 3430">
     <span class='ocr_line' id='line_1_91' title="bbox 2213 3358 3791 3430; baseline -0.002 -17"><span class='ocrx_word' id='word_1_551' title='bbox 2213 3360 2470 3430; x_wconf 88' lang='lat' dir='ltr'><strong>impetum</strong></span> <span class='ocrx_word' id='word_1_552' title='bbox 2499 3358 2744 3430; x_wconf 88' lang='lat' dir='ltr'><strong>pertulit,</strong></span> <span class='ocrx_word' id='word_1_553' title='bbox 2774 3359 2848 3413; x_wconf 89' lang='lat' dir='ltr'><strong>ita</strong></span> <span class='ocrx_word' id='word_1_554' title='bbox 2874 3368 2932 3413; x_wconf 93' lang='lat' dir='ltr'><strong>ut</strong></span> <span class='ocrx_word' id='word_1_555' title='bbox 2953 3359 3131 3414; x_wconf 90' lang='lat' dir='ltr'><strong>adhuc</strong></span> <span class='ocrx_word' id='word_1_556' title='bbox 3157 3359 3397 3413; x_wconf 81' lang='lat' dir='ltr'><strong>futurum</strong></span> <span class='ocrx_word' id='word_1_557' title='bbox 3433 3367 3791 3427; x_wconf 78' lang='lat' dir='ltr'><strong>exspectaret,</strong></span> 
     </span>
    </p>
   </div>
   <div class='ocr_carea' id='block_1_92' title="bbox 2211 3450 3332 3523">
    <p class='ocr_par' dir='ltr' id='par_1_92' title="bbox 2211 3450 3332 3523">
     <span class='ocr_line' id='line_1_92' title="bbox 2211 3450 3332 3523; baseline 0 -18"><span class='ocrx_word' id='word_1_558' title='bbox 2211 3453 2353 3523; x_wconf 90' lang='lat' dir='ltr'><strong>quod</strong></span> <span class='ocrx_word' id='word_1_559' title='bbox 2385 3451 2438 3507; x_wconf 91' lang='lat' dir='ltr'><strong>in</strong></span> <span class='ocrx_word' id='word_1_560' title='bbox 2468 3468 2524 3507; x_wconf 89' lang='lat' dir='ltr'><strong>se</strong></span> <span class='ocrx_word' id='word_1_561' title='bbox 2543 3450 2657 3520; x_wconf 91' lang='lat' dir='ltr'><strong>jam</strong></span> <span class='ocrx_word' id='word_1_562' title='bbox 2691 3461 2898 3522; x_wconf 83' lang='lat' dir='ltr'><strong>gestum</strong></span> <span class='ocrx_word' id='word_1_563' title='bbox 2930 3467 3051 3508; x_wconf 92' lang='lat' dir='ltr'><strong>esse</strong></span> <span class='ocrx_word' id='word_1_564' title='bbox 3081 3453 3332 3508; x_wconf 89' lang='lat' dir='ltr'><strong>nesciret.</strong></span> 
     </span>
    </p>
   </div>
   <div class='ocr_carea' id='block_1_93' title="bbox 2640 3565 3354 3624">
    <p class='ocr_par' dir='ltr' id='par_1_93' title="bbox 2640 3565 3354 3624">
     <span class='ocr_line' id='line_1_93' title="bbox 2640 3565 3354 3624; baseline 0.004 -4"><span class='ocrx_word' id='word_1_565' title='bbox 2640 3566 2702 3620; x_wconf 91' lang='lat' dir='ltr'><strong>D.</strong></span> <span class='ocrx_word' id='word_1_566' title='bbox 2743 3565 2856 3621; x_wconf 88' lang='lat' dir='ltr'><strong>VIII</strong></span> <span class='ocrx_word' id='word_1_567' title='bbox 2894 3567 3053 3624; x_wconf 88' lang='lat' dir='ltr'><strong>IDUS</strong></span> <span class='ocrx_word' id='word_1_568' title='bbox 3094 3568 3354 3624; x_wconf 81' lang='lat' dir='ltr'><strong>MARTII.</strong></span> 
     </span>
    </p>
   </div>
   <div class='ocr_carea' id='block_1_94' title="bbox 2831 3656 3147 3746">
    <p class='ocr_par' dir='ltr' id='par_1_94' title="bbox 2831 3656 3147 3746">
     <span class='ocr_line' id='line_1_94' title="bbox 2831 3656 3147 3746; baseline -0.003 -34"><span class='ocrx_word' id='word_1_569' title='bbox 2831 3725 2848 3746; x_wconf 45' lang='grc' dir='ltr'><strong>τ</strong></span> <span class='ocrx_word' id='word_1_570' title='bbox 2865 3657 2919 3728; x_wconf 84' lang='lat'><strong>(8</strong></span> <span class='ocrx_word' id='word_1_571' title='bbox 2958 3656 3147 3730; x_wconf 77' lang='lat' dir='ltr'><strong>Mart.)</strong></span> 
     </span>
    </p>
   </div>
   <div class='ocr_carea' id='block_1_95' title="bbox 2283 3769 3789 3842">
    <p class='ocr_par' dir='ltr' id='par_1_95' title="bbox 2283 3769 3789 3842">
     <span class='ocr_line' id='line_1_95' title="bbox 2283 3769 3789 3842; baseline 0.003 -18"><span class='ocrx_word' id='word_1_572' title='bbox 2283 3782 2305 3809; x_wconf 75' lang='grc' dir='ltr'><strong>ε</strong></span> <span class='ocrx_word' id='word_1_573' title='bbox 2347 3769 2500 3842; x_wconf 88' lang='lat' dir='ltr'><strong>Apud</strong></span> <span class='ocrx_word' id='word_1_574' title='bbox 2524 3770 2936 3842; x_wconf 79' lang='lat' dir='ltr'><strong>Carthaginem,</strong></span> <span class='ocrx_word' id='word_1_575' title='bbox 2967 3772 3139 3826; x_wconf 86' lang='lat' dir='ltr'><strong>sancti</strong></span> <span class='ocrx_word' id='word_1_576' title='bbox 3177 3771 3375 3838; x_wconf 90' lang='lat' dir='ltr'><strong>Pontii,</strong></span> <span class='ocrx_word' id='word_1_577' title='bbox 3405 3773 3618 3829; x_wconf 81' lang='lat' dir='ltr'><strong>diaconi</strong></span> <span class='ocrx_word' id='word_1_578' title='bbox 3651 3775 3789 3830; x_wconf 85' lang='lat' dir='ltr'><strong>beati</strong></span> 
     </span>
    </p>
   </div>
   <div class='ocr_carea' id='block_1_96' title="bbox 2210 3861 3794 3936">
    <p class='ocr_par' dir='ltr' id='par_1_96' title="bbox 2210 3861 3794 3936">
     <span class='ocr_line' id='line_1_96' title="bbox 2210 3861 3794 3936; baseline 0.003 -20"><span class='ocrx_word' id='word_1_579' title='bbox 2210 3861 2462 3932; x_wconf 88' lang='lat' dir='ltr'><strong>Cypriani</strong></span> <span class='ocrx_word' id='word_1_580' title='bbox 2493 3862 2753 3932; x_wconf 87' lang='lat' dir='ltr'><strong>episcopi,</strong></span> <span class='ocrx_word' id='word_1_581' title='bbox 2780 3863 2872 3932; x_wconf 91' lang='lat' dir='ltr'><strong>qui</strong></span> <span class='ocrx_word' id='word_1_582' title='bbox 2901 3877 3072 3932; x_wconf 89' lang='lat' dir='ltr'><strong>usque</strong></span> <span class='ocrx_word' id='word_1_583' title='bbox 3113 3863 3181 3918; x_wconf 91' lang='lat' dir='ltr'><strong>ad</strong></span> <span class='ocrx_word' id='word_1_584' title='bbox 3220 3865 3360 3918; x_wconf 90' lang='lat' dir='ltr'><strong>dicm</strong></span> <span class='ocrx_word' id='word_1_585' title='bbox 3387 3867 3657 3936; x_wconf 88' lang='lat' dir='ltr'><strong>passionis</strong></span> <span class='ocrx_word' id='word_1_586' title='bbox 3683 3866 3794 3934; x_wconf 85' lang='lat' dir='ltr'><strong>ejus</strong></span> 
     </span>
    </p>
   </div>
   <div class='ocr_carea' id='block_1_97' title="bbox 2211 3952 3794 4024">
    <p class='ocr_par' dir='ltr' id='par_1_97' title="bbox 2211 3952 3794 4024">
     <span class='ocr_line' id='line_1_97' title="bbox 2211 3952 3794 4024; baseline 0.003 -18"><span class='ocrx_word' id='word_1_587' title='bbox 2211 3967 2332 4006; x_wconf 90' lang='lat' dir='ltr'><strong>cum</strong></span> <span class='ocrx_word' id='word_1_588' title='bbox 2365 3952 2480 4022; x_wconf 85' lang='lat' dir='ltr'><strong>ipso</strong></span> <span class='ocrx_word' id='word_1_589' title='bbox 2505 3952 2755 4007; x_wconf 80' lang='lat' dir='ltr'><strong>exsilium</strong></span> <span class='ocrx_word' id='word_1_590' title='bbox 2785 3953 3080 4018; x_wconf 67' lang='lat' dir='ltr'><strong>sustinens,</strong></span> <span class='ocrx_word' id='word_1_591' title='bbox 3109 3956 3384 4024; x_wconf 84' lang='lat' dir='ltr'><strong>egregium</strong></span> <span class='ocrx_word' id='word_1_592' title='bbox 3417 3957 3666 4012; x_wconf 82' lang='lat' dir='ltr'><strong>volumen</strong></span> <span class='ocrx_word' id='word_1_593' title='bbox 3709 3956 3794 4010; x_wconf 76' lang='lat' dir='ltr'><strong>Vi-</strong></span> 
     </span>
    </p>
   </div>
   <div class='ocr_carea' id='block_1_98' title="bbox 2210 4044 3792 4117">
    <p class='ocr_par' dir='ltr' id='par_1_98' title="bbox 2210 4044 3792 4117">
     <span class='ocr_line' id='line_1_98' title="bbox 2210 4044 3792 4117; baseline 0.004 -21"><span class='ocrx_word' id='word_1_594' title='bbox 2210 4052 2277 4097; x_wconf 73' lang='lat' dir='ltr'><strong>tu:</strong></span> <span class='ocrx_word' id='word_1_595' title='bbox 2321 4053 2376 4098; x_wconf 90' lang='lat' dir='ltr'><strong>et</strong></span> <span class='ocrx_word' id='word_1_596' title='bbox 2421 4044 2688 4114; x_wconf 88' lang='lat' dir='ltr'><strong>passionis</strong></span> <span class='ocrx_word' id='word_1_597' title='bbox 2733 4044 2902 4114; x_wconf 89' lang='lat' dir='ltr'><strong>ipsius</strong></span> <span class='ocrx_word' id='word_1_598' title='bbox 2947 4045 3184 4115; x_wconf 90' lang='lat' dir='ltr'><strong>reliquit,</strong></span> <span class='ocrx_word' id='word_1_599' title='bbox 3223 4057 3386 4117; x_wconf 86' lang='lat' dir='ltr'><strong>atque</strong></span> <span class='ocrx_word' id='word_1_600' title='bbox 3415 4049 3698 4103; x_wconf 92' lang='lat' dir='ltr'><strong>Dominum</strong></span> <span class='ocrx_word' id='word_1_601' title='bbox 3743 4049 3792 4102; x_wconf 90' lang='lat' dir='ltr'><strong>in</strong></span> 
     </span>
    </p>
   </div>
   <div class='ocr_carea' id='block_1_99' title="bbox 2209 4137 3793 4208">
    <p class='ocr_par' dir='ltr' id='par_1_99' title="bbox 2209 4137 3793 4208">
     <span class='ocr_line' id='line_1_99' title="bbox 2209 4137 3793 4208; baseline 0.004 -18"><span class='ocrx_word' id='word_1_602' title='bbox 2209 4137 2554 4207; x_wconf 87' lang='lat' dir='ltr'><strong>passiouibus</strong></span> <span class='ocrx_word' id='word_1_603' title='bbox 2603 4137 2715 4192; x_wconf 88' lang='lat' dir='ltr'><strong>suis</strong></span> <span class='ocrx_word' id='word_1_604' title='bbox 2757 4152 2972 4207; x_wconf 86' lang='lat' dir='ltr'><strong>semper</strong></span> <span class='ocrx_word' id='word_1_605' title='bbox 3013 4138 3340 4208; x_wconf 86' lang='lat' dir='ltr'><strong>glorilicans,</strong></span> <span class='ocrx_word' id='word_1_606' title='bbox 3383 4157 3637 4197; x_wconf 90' lang='lat' dir='ltr'><strong>coronam</strong></span> <span class='ocrx_word' id='word_1_607' title='bbox 3677 4143 3793 4196; x_wconf 67' lang='lat' dir='ltr'><strong>vitae</strong></span> 
     </span>
    </p>
   </div>
   <div class='ocr_carea' id='block_1_100' title="bbox 2209 4229 2528 4297">
    <p class='ocr_par' dir='ltr' id='par_1_100' title="bbox 2209 4229 2528 4297">
     <span class='ocr_line' id='line_1_100' title="bbox 2209 4229 2528 4297; baseline 0.003 -16"><span class='ocrx_word' id='word_1_608' title='bbox 2209 4229 2528 4297; x_wconf 88' lang='lat' dir='ltr'><strong>promeruit.</strong></span> 
     </span>
    </p>
   </div>
   <div class='ocr_carea' id='block_1_101' title="bbox 2664 4319 3359 4377">
    <p class='ocr_par' dir='ltr' id='par_1_101' title="bbox 2664 4319 3359 4377">
     <span class='ocr_line' id='line_1_101' title="bbox 2664 4319 3359 4377; baseline 0.006 -4"><span class='ocrx_word' id='word_1_609' title='bbox 2664 4320 2726 4374; x_wconf 87' lang='lat' dir='ltr'><strong>E.</strong></span> <span class='ocrx_word' id='word_1_610' title='bbox 2773 4319 2861 4374; x_wconf 80' lang='lat' dir='ltr'><strong>VII</strong></span> <span class='ocrx_word' id='word_1_611' title='bbox 2901 4321 3060 4376; x_wconf 88' lang='lat' dir='ltr'><strong>IDUS</strong></span> <span class='ocrx_word' id='word_1_612' title='bbox 3102 4321 3359 4377; x_wconf 66' lang='lat' dir='ltr'><strong>MAR&#39;I‘II.</strong></span> 
     </span>
    </p>
   </div>
   <div class='ocr_carea' id='block_1_102' title="bbox 2889 4415 3175 4487">
    <p class='ocr_par' dir='ltr' id='par_1_102' title="bbox 2889 4415 3175 4487">
     <span class='ocr_line' id='line_1_102' title="bbox 2889 4415 3175 4487; baseline -0.003 -17"><span class='ocrx_word' id='word_1_613' title='bbox 2889 4416 2943 4485; x_wconf 92' lang='lat'><strong>(9</strong></span> <span class='ocrx_word' id='word_1_614' title='bbox 2987 4415 3175 4487; x_wconf 80' lang='lat' dir='ltr'><strong>Mart.)</strong></span> 
     </span>
    </p>
   </div>
   <div class='ocr_carea' id='block_1_103' title="bbox 2277 4501 3794 4581">
    <p class='ocr_par' dir='ltr' id='par_1_103' title="bbox 2277 4501 3794 4581">
     <span class='ocr_line' id='line_1_103' title="bbox 2277 4501 3794 4581; baseline 0.005 -25"><span class='ocrx_word' id='word_1_615' title='bbox 2277 4501 2304 4541; x_wconf 75' lang='grc' dir='ltr'><strong><em>ἀ</em></strong></span> <span class='ocrx_word' id='word_1_616' title='bbox 2336 4503 2491 4574; x_wconf 84' lang='lat' dir='ltr'><strong>Apud</strong></span> <span class='ocrx_word' id='word_1_617' title='bbox 2523 4506 2819 4575; x_wconf 67' lang='lat' dir='ltr'><strong>hyssenam</strong></span> <span class='ocrx_word' id='word_1_618' title='bbox 2857 4506 3155 4571; x_wconf 85' lang='lat' dir='ltr'><strong>civitatem,</strong></span> <span class='ocrx_word' id='word_1_619' title='bbox 3196 4509 3368 4563; x_wconf 90' lang='lat' dir='ltr'><strong>sancti</strong></span> <span class='ocrx_word' id='word_1_620' title='bbox 3403 4509 3645 4580; x_wconf 72' lang='lat' dir='ltr'><strong>Gregorii</strong></span> <span class='ocrx_word' id='word_1_621' title='bbox 3687 4513 3794 4581; x_wconf 83' lang='lat' dir='ltr'><strong>epi-</strong></span> 
     </span>
    </p>
   </div>
   <div class='ocr_carea' id='block_1_104' title="bbox 2211 4594 3790 4666">
    <p class='ocr_par' dir='ltr' id='par_1_104' title="bbox 2211 4594 3790 4666">
     <span class='ocr_line' id='line_1_104' title="bbox 2211 4594 3790 4666; baseline 0.004 -16"><span class='ocrx_word' id='word_1_622' title='bbox 2211 4595 2377 4664; x_wconf 90' lang='lat' dir='ltr'><strong>scopi,</strong></span> <span class='ocrx_word' id='word_1_623' title='bbox 2421 4594 2604 4650; x_wconf 82' lang='lat' dir='ltr'><strong>fratris</strong></span> <span class='ocrx_word' id='word_1_624' title='bbox 2639 4595 2781 4652; x_wconf 87' lang='lat' dir='ltr'><strong>beati</strong></span> <span class='ocrx_word' id='word_1_625' title='bbox 2827 4597 3007 4652; x_wconf 91' lang='lat' dir='ltr'><strong>Basilii</strong></span> <span class='ocrx_word' id='word_1_626' title='bbox 3049 4597 3431 4666; x_wconf 75' lang='lat' dir='ltr'><strong>Cmsareensis,</strong></span> <span class='ocrx_word' id='word_1_627' title='bbox 3472 4602 3572 4656; x_wconf 91' lang='lat' dir='ltr'><strong>viri</strong></span> <span class='ocrx_word' id='word_1_628' title='bbox 3601 4603 3790 4657; x_wconf 83' lang='lat' dir='ltr'><strong>doctis-</strong></span> 
     </span>
    </p>
   </div>
   <div class='ocr_carea' id='block_1_105' title="bbox 2211 4685 3074 4755">
    <p class='ocr_par' dir='ltr' id='par_1_105' title="bbox 2211 4685 3074 4755">
     <span class='ocr_line' id='line_1_105' title="bbox 2211 4685 3074 4755; baseline 0.001 -15"><span class='ocrx_word' id='word_1_629' title='bbox 2211 4685 2332 4740; x_wconf 89' lang='lat' dir='ltr'><strong>simi</strong></span> <span class='ocrx_word' id='word_1_630' title='bbox 2359 4695 2413 4740; x_wconf 88' lang='lat' dir='ltr'><strong>et</strong></span> <span class='ocrx_word' id='word_1_631' title='bbox 2436 4685 2740 4755; x_wconf 89' lang='lat' dir='ltr'><strong>eloquentia</strong></span> <span class='ocrx_word' id='word_1_632' title='bbox 2765 4687 3074 4743; x_wconf 88' lang='lat' dir='ltr'><strong>clarissimi.</strong></span> 
     </span>
    </p>
   </div>
   <div class='ocr_carea' id='block_1_106' title="bbox 2282 4779 3788 4857">
    <p class='ocr_par' dir='ltr' id='par_1_106' title="bbox 2282 4779 3788 4857">
     <span class='ocr_line' id='line_1_106' title="bbox 2282 4779 3788 4857; baseline 0.005 -24"><span class='ocrx_word' id='word_1_633' title='bbox 2282 4779 2437 4849; x_wconf 86' lang='lat' dir='ltr'><strong>Apud</strong></span> <span class='ocrx_word' id='word_1_634' title='bbox 2476 4780 2858 4846; x_wconf 90' lang='lat' dir='ltr'><strong>Barcinonam,</strong></span> <span class='ocrx_word' id='word_1_635' title='bbox 2901 4784 3074 4837; x_wconf 91' lang='lat' dir='ltr'><strong>sancti</strong></span> <span class='ocrx_word' id='word_1_636' title='bbox 3121 4783 3334 4838; x_wconf 83' lang='lat' dir='ltr'><strong>Paciani</strong></span> <span class='ocrx_word' id='word_1_637' title='bbox 3383 4786 3638 4857; x_wconf 85' lang='lat' dir='ltr'><strong>episcopi,</strong></span> <span class='ocrx_word' id='word_1_638' title='bbox 3684 4797 3788 4840; x_wconf 88' lang='lat' dir='ltr'><strong>tam</strong></span> 
     </span>
    </p>
   </div>
   <div class='ocr_carea' id='block_1_107' title="bbox 2211 4869 3787 4943">
    <p class='ocr_par' dir='ltr' id='par_1_107' title="bbox 2211 4869 3787 4943">
     <span class='ocr_line' id='line_1_107' title="bbox 2211 4869 3787 4943; baseline 0.005 -22"><span class='ocrx_word' id='word_1_639' title='bbox 2211 4869 2319 4922; x_wconf 87' lang='lat' dir='ltr'><strong>vita</strong></span> <span class='ocrx_word' id='word_1_640' title='bbox 2343 4885 2502 4939; x_wconf 88' lang='lat' dir='ltr'><strong>quam</strong></span> <span class='ocrx_word' id='word_1_641' title='bbox 2531 4885 2779 4925; x_wconf 92' lang='lat' dir='ltr'><strong>sermone</strong></span> <span class='ocrx_word' id='word_1_642' title='bbox 2807 4871 2960 4937; x_wconf 88' lang='lat' dir='ltr'><strong>clari,</strong></span> <span class='ocrx_word' id='word_1_643' title='bbox 2993 4873 3083 4941; x_wconf 91' lang='lat' dir='ltr'><strong>qui</strong></span> <span class='ocrx_word' id='word_1_644' title='bbox 3111 4875 3312 4943; x_wconf 87' lang='lat' dir='ltr'><strong>optima</strong></span> <span class='ocrx_word' id='word_1_645' title='bbox 3341 4885 3620 4931; x_wconf 89' lang='lat' dir='ltr'><strong>senectute</strong></span> <span class='ocrx_word' id='word_1_646' title='bbox 3645 4891 3787 4930; x_wconf 86' lang='lat' dir='ltr'><strong>mor-</strong></span> 
     </span>
    </p>
   </div>
   <div class='ocr_carea' id='block_1_108' title="bbox 2213 4958 3591 5035">
    <p class='ocr_par' dir='ltr' id='par_1_108' title="bbox 2213 4958 3591 5035">
     <span class='ocr_line' id='line_1_108' title="bbox 2213 4958 3591 5035; baseline 0.005 -25"><span class='ocrx_word' id='word_1_647' title='bbox 2213 4965 2334 5012; x_wconf 89' lang='lat' dir='ltr'><strong>tuus</strong></span> <span class='ocrx_word' id='word_1_648' title='bbox 2357 4966 2460 5022; x_wconf 88' lang='lat' dir='ltr'><strong>est,</strong></span> <span class='ocrx_word' id='word_1_649' title='bbox 2491 4958 2774 5014; x_wconf 86' lang='lat' dir='ltr'><strong>Theodosii</strong></span> <span class='ocrx_word' id='word_1_650' title='bbox 2799 4961 3056 5031; x_wconf 89' lang='lat' dir='ltr'><strong>principis</strong></span> <span class='ocrx_word' id='word_1_651' title='bbox 3086 4971 3328 5033; x_wconf 89' lang='lat' dir='ltr'><strong>tempore</strong></span> <span class='ocrx_word' id='word_1_652' title='bbox 3357 4964 3410 5018; x_wconf 93' lang='lat' dir='ltr'><strong>in</strong></span> <span class='ocrx_word' id='word_1_653' title='bbox 3438 4979 3591 5035; x_wconf 88' lang='lat' dir='ltr'><strong>pace.</strong></span> 
     </span>
    </p>
   </div>
   <div class='ocr_carea' id='block_1_109' title="bbox 2669 5093 3328 5151">
    <p class='ocr_par' dir='ltr' id='par_1_109' title="bbox 2669 5093 3328 5151">
     <span class='ocr_line' id='line_1_109' title="bbox 2669 5093 3328 5151; baseline 0.006 -5"><span class='ocrx_word' id='word_1_654' title='bbox 2669 5093 2729 5146; x_wconf 89' lang='lat' dir='ltr'><strong>F.</strong></span> <span class='ocrx_word' id='word_1_655' title='bbox 2773 5093 2834 5148; x_wconf 83' lang='lat' dir='ltr'><strong>VI</strong></span> <span class='ocrx_word' id='word_1_656' title='bbox 2876 5094 3036 5150; x_wconf 87' lang='lat' dir='ltr'><strong>IDUS</strong></span> <span class='ocrx_word' id='word_1_657' title='bbox 3073 5095 3328 5151; x_wconf 77' lang='lat' dir='ltr'><strong>MART&quot;.</strong></span> 
     </span>
    </p>
   </div>
   <div class='ocr_carea' id='block_1_110' title="bbox 2845 5185 3148 5256">
    <p class='ocr_par' dir='ltr' id='par_1_110' title="bbox 2845 5185 3148 5256">
     <span class='ocr_line' id='line_1_110' title="bbox 2845 5185 3148 5256; baseline 0 -17"><span class='ocrx_word' id='word_1_658' title='bbox 2845 5185 2935 5253; x_wconf 84' lang='lat'><strong>(10</strong></span> <span class='ocrx_word' id='word_1_659' title='bbox 2963 5186 3148 5256; x_wconf 81' lang='lat' dir='ltr'><strong>Mart.)</strong></span> 
     </span>
    </p>
   </div>
   <div class='ocr_carea' id='block_1_111' title="bbox 2284 5297 3785 5370">
    <p class='ocr_par' dir='ltr' id='par_1_111' title="bbox 2284 5297 3785 5370">
     <span class='ocr_line' id='line_1_111' title="bbox 2284 5297 3785 5370; baseline -0.001 -19"><span class='ocrx_word' id='word_1_660' title='bbox 2284 5309 2306 5337; x_wconf 73' lang='grc' dir='ltr'><strong>ο</strong></span> <span class='ocrx_word' id='word_1_661' title='bbox 2345 5297 2551 5354; x_wconf 88' lang='lat' dir='ltr'><strong>Natalis</strong></span> <span class='ocrx_word' id='word_1_662' title='bbox 2587 5307 2897 5352; x_wconf 90' lang='lat' dir='ltr'><strong>sanctorum</strong></span> <span class='ocrx_word' id='word_1_663' title='bbox 2939 5308 3236 5370; x_wconf 89' lang='lat' dir='ltr'><strong>martyrum</strong></span> <span class='ocrx_word' id='word_1_664' title='bbox 3265 5299 3558 5352; x_wconf 78' lang='lat' dir='ltr'><strong>Alexandri</strong></span> <span class='ocrx_word' id='word_1_665' title='bbox 3589 5306 3640 5352; x_wconf 89' lang='lat' dir='ltr'><strong>et</strong></span> <span class='ocrx_word' id='word_1_666' title='bbox 3672 5297 3785 5350; x_wconf 85' lang='lat' dir='ltr'><strong>Caii</strong></span> 
     </span>
    </p>
   </div>
   <div class='ocr_carea' id='block_1_112' title="bbox 2209 5387 3786 5460">
    <p class='ocr_par' dir='ltr' id='par_1_112' title="bbox 2209 5387 3786 5460">
     <span class='ocr_line' id='line_1_112' title="bbox 2209 5387 3786 5460; baseline -0.003 -16"><span class='ocrx_word' id='word_1_667' title='bbox 2209 5391 2274 5444; x_wconf 90' lang='lat' dir='ltr'><strong>de</strong></span> <span class='ocrx_word' id='word_1_668' title='bbox 2298 5389 2580 5452; x_wconf 85' lang='lat' dir='ltr'><strong>Eumenia,</strong></span> <span class='ocrx_word' id='word_1_669' title='bbox 2611 5389 2700 5458; x_wconf 92' lang='lat' dir='ltr'><strong>qui</strong></span> <span class='ocrx_word' id='word_1_670' title='bbox 2723 5390 2862 5457; x_wconf 88' lang='lat' dir='ltr'><strong>apud</strong></span> <span class='ocrx_word' id='word_1_671' title='bbox 2889 5389 3192 5458; x_wconf 85' lang='lat' dir='ltr'><strong>Apamiam,</strong></span> <span class='ocrx_word' id='word_1_672' title='bbox 3221 5390 3596 5460; x_wconf 82' lang='lat' dir='ltr'><strong>persecutione</strong></span> <span class='ocrx_word' id='word_1_673' title='bbox 3623 5387 3786 5440; x_wconf 83' lang='lat' dir='ltr'><strong>Anto-</strong></span> 
     </span>
    </p>
   </div>
   <div class='ocr_carea' id='block_1_113' title="bbox 2206 5475 3787 5550">
    <p class='ocr_par' dir='ltr' id='par_1_113' title="bbox 2206 5475 3787 5550">
     <span class='ocr_line' id='line_1_113' title="bbox 2206 5475 3787 5550; baseline -0.004 -14"><span class='ocrx_word' id='word_1_674' title='bbox 2206 5482 2318 5536; x_wconf 91' lang='lat' dir='ltr'><strong>nini</strong></span> <span class='ocrx_word' id='word_1_675' title='bbox 2341 5482 2480 5538; x_wconf 88' lang='lat' dir='ltr'><strong>.Veri</strong></span> <span class='ocrx_word' id='word_1_676' title='bbox 2510 5482 2768 5536; x_wconf 81' lang='lat' dir='ltr'><strong>martyrio</strong></span> <span class='ocrx_word' id='word_1_677' title='bbox 2801 5482 3043 5536; x_wconf 87' lang='lat' dir='ltr'><strong>coronati</strong></span> <span class='ocrx_word' id='word_1_678' title='bbox 3069 5491 3207 5537; x_wconf 86' lang='lat' dir='ltr'><strong>sunt.</strong></span> <span class='ocrx_word' id='word_1_679' title='bbox 3244 5480 3446 5537; x_wconf 89' lang='lat' dir='ltr'><strong>Scribit</strong></span> <span class='ocrx_word' id='word_1_680' title='bbox 3474 5475 3787 5550; x_wconf 87' lang='lat' dir='ltr'><strong>Apollinaris</strong></span> 
     </span>
    </p>
   </div>
   <div class='ocr_carea' id='block_1_114' title="bbox 2277 5615 2978 5684">
    <p class='ocr_par' dir='ltr' id='par_1_114' title="bbox 2277 5615 2978 5684">
     <span class='ocr_line' id='line_1_114' title="bbox 2277 5615 2978 5684; baseline 0.001 -15"><span class='ocrx_word' id='word_1_681' title='bbox 2277 5615 2302 5655; x_wconf 77' lang='grc' dir='ltr'>ἀ</span> <span class='ocrx_word' id='word_1_682' title='bbox 2336 5615 2556 5671; x_wconf 90' lang='lat' dir='ltr'><strong>Ilieron.</strong></span> <span class='ocrx_word' id='word_1_683' title='bbox 2589 5631 2751 5684; x_wconf 87' lang='lat' dir='ltr'><strong>supra</strong></span> <span class='ocrx_word' id='word_1_684' title='bbox 2777 5631 2825 5670; x_wconf 92' lang='lat' dir='ltr'><strong>c.</strong></span> <span class='ocrx_word' id='word_1_685' title='bbox 2860 5616 2978 5670; x_wconf 74' lang='lat' dir='ltr'><strong>I28.</strong></span> 
     </span>
    </p>
   </div>
   <div class='ocr_carea' id='block_1_115' title="bbox 2283 5686 2883 5751">
    <p class='ocr_par' dir='ltr' id='par_1_115' title="bbox 2283 5686 2883 5751">
     <span class='ocr_line' id='line_1_115' title="bbox 2283 5686 2883 5751; baseline 0 -11"><span class='ocrx_word' id='word_1_686' title='bbox 2283 5698 2306 5725; x_wconf 87' lang='lat'><strong><em>°</em></strong></span> <span class='ocrx_word' id='word_1_687' title='bbox 2336 5686 2528 5741; x_wconf 87' lang='lat' dir='ltr'><strong>Euseb.</strong></span> <span class='ocrx_word' id='word_1_688' title='bbox 2561 5687 2596 5738; x_wconf 94' lang='lat' dir='ltr'><strong>l.</strong></span> <span class='ocrx_word' id='word_1_689' title='bbox 2630 5701 2683 5751; x_wconf 93' lang='lat' dir='ltr'><strong>v,</strong></span> <span class='ocrx_word' id='word_1_690' title='bbox 2718 5702 2764 5740; x_wconf 77' lang='grc' dir='ltr'><strong>ρ.</strong></span> <span class='ocrx_word' id='word_1_691' title='bbox 2798 5687 2883 5740; x_wconf 72' lang='grc'><strong>15.</strong></span> 
     </span>
    </p>
   </div>
  </div>
