3962 6366
158 389 283 447 ιδγ

812 380 1412 440 MARTYROLOGIUM
1452 380 1594 438 CUM
1632 376 2161 471 ADDlTAMlﬂNTlS.
2195 357 2271 421 ί-
2309 379 2514 437 MENS.
2559 380 2769 437 MART.

3293 446 3302 456 ,
3319 386 3424 445 251)

161 502 627 577 Ilieropolytanus
668 500 977 572 episcopus,
1016 498 1070 553 in
1111 497 1249 553 libro
1278 497 1563 551 adversum
1600 492 1757 550 Cata-
1783 498 1832 557 Α
1858 510 1986 548 num
2013 494 2252 549 inclinari
2278 496 2325 550 si
2351 496 2575 561 viveret,
2612 496 2802 553 tollens
2828 511 2950 553 eum
2979 512 3139 570 super
3174 501 3428 560 humeros

199 592 431 650 brveas.

203 611 275 650 nr
352 611 431 649 as.

160 612 199 668 Ρ
236 611 575 763 lggperside,
614 680 812 737 natalis
852 686 1164 735 sanctorum
1198 684 1495 748 martyrum
1535 690 1759 730 numero

163 775 536 847 quadraginta
561 773 810 828 duorum.

641 875 706 958 ο.
748 901 795 957 v
827 898 986 956 mus
1025 898 1280 953 MART“.

777 1097 781 1101 .
820 1014 905 1086 (11
938 1012 1127 1082 Mart.)

244 1145 281 1176 ι
310 1129 468 1202 Apud
511 1128 777 1185 Sebasten
806 1126 1075 1183 Armenia’
1114 1125 1359 1191 minoris,
1390 1125 1586 1181 natalis
1623 1140 1758 1195 qua-

169 1222 428 1292 draginta
456 1219 708 1284 militum,
740 1227 980 1287 tempore
1008 1215 1198 1271 Licinii
1223 1214 1382 1285 regis,
1409 1213 1509 1269 sub
1534 1214 1761 1284 praeside

170 1311 486 1384 Agricolao.
519 1308 622 1377 Qui
651 1316 773 1379 post
798 1305 1011 1363 vincula
1035 1314 1086 1361 et
1112 1319 1358 1361 carceres
1380 1304 1759 1369 creberrimos,

171 1414 300 1475 post
343 1418 513 1460 caesas
556 1401 822 1471 lapidibus
864 1398 1051 1463 facies,
1095 1397 1243 1453 missi
1284 1406 1404 1453 sunt
1437 1397 1492 1452 in
1513 1406 1762 1469 stagnum

173 1493 269 1547 ubi
303 1491 426 1563 gelu
471 1490 762 1546 constricta
808 1502 1035 1559 corpora
1070 1502 1257 1543 eorum
1297 1495 1455 1541 nocte
1491 1487 1763 1558 dirumpe-

174 1582 397 1638 bantur.
426 1579 577 1635 Unus
601 1588 780 1633 autem
802 1578 869 1632 de
889 1591 1115 1632 numero
1137 1576 1517 1646 quadraginta,
1539 1574 1763 1632 eﬂ'ectus

176 1672 558 1744 pusillanimis,
589 1670 799 1741 refugit’
821 1669 889 1725 ad
932 1669 1211 1733 balneum;
1255 1676 1311 1724 et
1345 1683 1468 1723 mox
1495 1675 1553 1723 ut
1588 1667 1764 1739 attigit

185 1764 441 1828 calorem,
490 1762 672 1818 statim
714 1760 982 1816 resolutus
1023 1760 1259 1816 reddidit
1300 1760 1571 1830 spiritum.
1609 1758 1759 1827 Quod

186 1855 430 1952 videntes
459 1853 664 1952 caeteri,
684 1853 758 1952 .iu
795 1852 982 1908 laudes
1010 1852 1392 1952 omnipotentis
1420 1850 1538 1917 Dei,
1575 1860 1761 1952 sancto
1793 1855 1837 1914 Β
1934 1850 1965 1926 δ
2100 1850 2416 1952 Ιιιηὸέθέηῆ,

180 1948 391 2019 Spiritu
409 1946 719 2010 confortati,
743 1952 1056 2015 eruperunt.
1081 1944 1149 1999 Et
1168 1944 1311 2000 circa
1334 1943 1522 1998 horam
1548 1944 1765 2005 tertiam

181 2040 360 2094 noctis
385 2037 715 2108 resplenduit
740 2037 886 2091 velut
906 2036 985 2092 sol
1008 2036 1188 2092 lumen
1219 2036 1435 2092 fervens
1457 2050 1619 2105 super
1646 2051 1762 2102 eos,

180 2139 236 2186 et
263 2129 464 2200 glacies
492 2128 752 2184 dissoluta
783 2135 892 2183 est.
921 2126 1091 2183 Porro
1128 2128 1220 2198 qui
1251 2143 1343 2183 eos
1374 2127 1762 2192 custodiebant,

183 2236 374 2276 somno
404 2220 790 2290 gravabantur,
822 2218 1197 2274 clavicularius
1229 2228 1434 2274 tantum
1461 2220 1606 2275 solus
1633 2219 1769 2291 vigi-

182 2310 348 2365 labat.
390 2309 493 2377 Qui
539 2309 766 2365 audiens
811 2324 906 2364 eos
940 2317 1180 2375 orantes,
1222 2309 1518 2379 vidensque
1564 2318 1765 2364 tantam

180 2399 382 2465 lucem,
418 2407 579 2469 atque
612 2399 840 2468 glaciem
873 2398 1126 2464 solutam,
1160 2399 1452 2470 respiciens
1489 2401 1632 2454 unde
1673 2413 1766 2454 or-

184 2503 303 2547 tum
338 2491 431 2546 lux
475 2493 588 2560 ipsa
630 2491 875 2557 haberet,
911 2490 1047 2545 vidit
1078 2505 1242 2559 super
1283 2497 1498 2545 sanctos
1540 2505 1769 2545 coronas

188 2582 569 2637 descendentes
591 2596 816 2636 numero
842 2580 1060 2651 triginta
1087 2596 1299 2636 novem.
1325 2580 1603 2650 Coepitque
1624 2581 1768 2653 cogi-

192 2685 314 2728 tare
339 2688 541 2737 secum,
569 2672 751 2728 dicens
777 2689 790 2726 :
818 2670 1184 2743 Quadraginta
1215 2680 1361 2735 sunt,
1389 2670 1546 2725 unius
1569 2684 1769 2725 corona

191 2764 285 2817 ubi
336 2763 464 2816 est?
507 2760 950 2834 Expergefaciens
998 2762 1178 2832 itaque
1222 2761 1459 2830 reliquos
1498 2758 1765 2826 custodes,

180 2853 431 2929 projecit‘
453 2855 766 2911 vestimenta
800 2870 897 2910 sua
929 2854 981 2909 in
1010 2854 1177 2909 facies
1202 2868 1413 2918 eorum,
1452 2861 1505 2908 et
1532 2852 1771 2909 exsilivit

184 2949 243 3003 in
298 2956 579 3019 stagnum,
621 2945 857 3001 clamans
898 2954 952 3001 et
1001 2945 1186 3001 dicens
1219 2964 1231 2999 :
1260 2943 1598 3001 Christianus
1629 2961 1767 3013 sum,

184 3038 527 3094 Christianus
574 3054 712 3093 sum.
755 3037 908 3093 Mane
952 3046 1130 3091 autem
1168 3037 1311 3091 facto
1346 3035 1649 3107 impiissimi
1687 3044 1770 3107 ty-

187 3131 343 3186 ranni
371 3129 631 3184 satellites
658 3130 978 3188 invenerunt
1003 3127 1406 3183 clavicularium
1435 3128 1607 3198 ipsum
1639 3142 1769 3183 con-

188 3231 531 3275 numeratum
562 3218 911 3291 martyribus,
941 3218 1081 3273 unde
1112 3234 1249 3273 unus
1288 3217 1580 3273 ceciderat.
1610 3216 1770 3273 Cum-
1799 3213 1844 3276 C

187 3325 294 3381 que
318 3325 449 3365 vere
490 3308 711 3383 fidelem.
743 3324 865 3364 eum
894 3308 1305 3379 comperissent,
1339 3308 1558 3364 eosdem
1585 3321 1774 3363 omnes

188 3410 397 3457 tractos
424 3398 492 3456 ad
518 3401 688 3467 littus,
726 3399 933 3456 baculis
966 3414 1125 3454 crura
1156 3413 1343 3454 eorum
1374 3396 1771 3467 confregerunt,

190 3499 356 3561 atque
392 3490 469 3544 ita
516 3487 836 3560 crurifragio
878 3488 1196 3560 martyrium
1242 3493 1772 3543 consummaverunt.

266 3582 496 3636 Nomina
523 3597 652 3637 vero
690 3581 880 3635 horum
922 3589 1220 3652 martyrum
1252 3579 1367 3636 haec
1400 3585 1566 3633 sunt:
1593 3576 1772 3631 Domi-

198 3674 399 3739 tianus,
440 3673 730 3738 Eunoicus,
772 3671 1063 3739 Sisinnius,
1104 3669 1403 3737 Heraclius,
1448 3667 1776 3735 Alexander,

201 3763 451 3830 Joannes,
486 3764 759 3828 Claudius,
789 3762 1136 3826 Athanasius,
1173 3761 1389 3827 Valens,
1419 3759 1630 3825 Helian,
1669 3758 1780 3814 Me-

200 3855 357 3919 liton,
389 3854 681 3921 Hccditius,
721 3855 999 3920 Achatius,
1048 3851 1323 3917 Vibianus,
1355 3849 1559 3917 llelius,
1604 3849 1781 3911 Theo-

197 3945 380 4010 dulus,
410 3942 664 4025 Cyriljus,
707 3942 939 4007 Flavius,
980 3941 1327 4006 Severianus,
1360 3940 1583 4010 Cyrion,
1629 3938 1782 3995 Vale-

194 4036 338 4102 rius,
377 4030 644 4099 Chudion,
682 4034 972 4099 Sacerdon,
1006 4033 1244 4099 Priscus,
1273 4032 1587 4103 Eutychius,
1624 4031 1784 4086 Sma-

194 4128 421 4198 ragdus,
456 4126 832 4191 Philoctimon,
862 4125 1069 4190 Aetius,
1106 4122 1390 4189 Micallius,
1419 4121 1779 4189 Lisimachus,

197 4220 466 4285 Domnus,
507 4218 851 4289 Theophilus,
904 4217 1222 4288 Euthycius,
1267 4214 1519 4278 Xantius,
1558 4213 1782 4286 Aggius,

193 4312 484 4377 Leontius,
517 4310 721 4375 Ysitus,
750 4309 931 4376 Caius,
962 4308 1285 4381 Gorgonius,
1318 4307 1610 4365 Candidus.
1640 4307 1785 4375 Quo-

196 4420 325 4460 rum
356 4419 492 4458 unus
520 4402 735 4457 Meliten
771 4403 988 4457 nomine
1022 4416 1146 4456 cum
1181 4408 1324 4456 esset
1348 4401 1588 4455 omnium
1624 4408 1786 4455 aetate

186 4497 403 4569 jnnior,
430 4504 484 4549 et
505 4495 756 4550 cruribus
779 4493 963 4549 fractis
983 4493 1159 4547 adhuc
1180 4491 1567 4562 supcrviveret,
1591 4491 1789 4548 timens

1858 600 1984 639 suos
2008 584 2144 645 virili
2168 599 2350 654 gressu
2370 587 2694 656 sequebatur
2715 586 2978 642 vehicula.
3006 586 3247 660 Cumque
3266 590 3430 650 ferre-

1858 682 1944 731 tur
1977 689 2130 745 puer,
2177 674 2319 729 inter
2359 674 2637 745 amplexus
2683 684 2957 733 maternos
3000 678 3236 734 animam
3285 681 3426 739 coalo
3504 748 3509 752 _

1858 767 2109 825 reddidit.
2140 766 2573 840 Perveniensque
2596 769 2790 825 mulier
2815 771 2884 826 ad
2906 771 3083 827 locum
3108 772 3198 827 ubi
3221 783 3433 829 sancto-

1858 871 1979 910 rum
2026 871 2253 927 corpora
2296 859 2705 926 cremabantur,
2749 859 3036 929 superjecit
3084 876 3207 917 ossa
3262 862 3432 934 ipsius

1859 960 2021 1015 super
2057 961 2180 1001 ossa
2214 955 2534 1020 martyrum,
2571 956 2631 1003 ut
2664 957 2840 1004 morte
2874 952 3037 1005 etiam
3072 959 3127 1006 et
3159 951 3433 1022 sepultura

1860 1036 2187 1108 martyribus
2213 1039 2530 1095 sociaretur.
2557 1038 2844 1095 Combusta
2868 1047 2993 1095 sunt
3021 1041 3184 1112 igitur
3206 1056 3431 1112 corpora

1860 1139 2066 1192 eorum,
2104 1135 2157 1183 et
2194 1127 2250 1181 in
2282 1126 2499 1182 ﬂuvium
2526 1126 2781 1198 projecta.
2812 1126 2916 1184 Sed
2949 1130 3129 1186 divina
3161 1131 3437 1200 dispensa-

1864 1215 2008 1271 tione
2030 1217 2270 1286 reliquiae
2288 1232 2475 1273 eorum
2496 1218 2722 1290 integrae
2740 1227 2865 1274 sunt
2884 1228 3129 1290 repertae,
3153 1228 3208 1276 et
3231 1221 3438 1277 honore

1864 1307 2024 1377 digno
2049 1308 2296 1365 conditas.

2325 1419 2388 1474 A.
2430 1419 2498 1476 lV
2535 1418 2694 1476 IDUS
2727 1420 2984 1477 MART".

2492 1513 2584 1585 (l2
2616 1513 2806 1584 Mart.)

1936 1625 1958 1653 ο
1989 1612 2194 1679 Romae,
2225 1612 2504 1669 beatorum
2534 1612 2868 1684 pontificum,
2907 1613 3175 1684 Gregorii,
3206 1615 3441 1672 doctoris

1863 1713 1921 1763 et
1941 1707 2170 1777 apostoli
2196 1706 2512 1778 Anglorum,
2554 1708 2644 1778 qui
2677 1707 2816 1765 sedit
2854 1708 2927 1763 ibi
2959 1724 3129 1765 annos
3161 1711 3445 1778 tredecim,

1864 1810 2076 1851 menses
2096 1811 2213 1862 sex,
2241 1797 2354 1852 dies
2378 1797 2585 1853 decem.

2459 1888 2549 1957 qui
2587 1888 2729 1944 rexit
2762 1889 3057 1945 Ecclesiam
3088 1906 3259 1947 annos
3288 1893 3445 1963 quin-

1869 1978 2044 2033 decim
2081 1992 2296 2034 menses
2319 1978 2472 2045 duos,
2496 1978 2611 2035 dies
2639 1996 2804 2035 unum
2825 1990 2883 2036 et
2906 1981 3115 2051 viginti.

1946 2082 1970 2110 ο
1997 2071 2154 2140 Apud
2200 2069 2597 2138 Nicomediam,
2650 2072 2793 2145 beati
2842 2072 2990 2128 Petri
3030 2074 3307 2146 martyris,
3357 2075 3451 2144 qui

1870 2176 2011 2217 unus
2046 2159 2147 2216 fuit
2172 2174 2240 2217 ex
2269 2160 2524 2217 Dorothei
2564 2170 2617 2216 et
2646 2160 2902 2233 Gorgonii
2931 2171 3229 2234 martyrum
3256 2164 3453 2219 sodali-

1870 2252 1989 2316 bus,
2018 2253 2111 2322 qui
2137 2253 2193 2309 in
2218 2252 2466 2308 cubiculo
2494 2251 2639 2323 regis
2666 2261 2839 2309 erant.
2869 2252 2968 2309 llic
2987 2253 3209 2325 jubente
3237 2255 3453 2312 Diocle-
3492 2314 3505 2321 κ

1873 2342 2044 2407 tiano,
2075 2356 2142 2409 eo
2171 2341 2313 2411 quod
2337 2342 2404 2398 de
2445 2341 2725 2398 immensis
2749 2342 3003 2415 martyris
3030 2342 3206 2399 sancti
3237 2344 3455 2401 nomine

1872 2432 2148 2504 suppliciis
2186 2432 2407 2489 liberius
2444 2441 2780 2499 causaretur,
2812 2433 2866 2490 in
2907 2435 3144 2490 medium
3182 2436 3453 2502 educitur,

1873 2533 2035 2594 atque
2079 2524 2360 2581 immolare
2410 2524 2766 2595 compellitur.
2817 2525 3111 2594 Abnuens,
3158 2527 3456 2599 imperatur

1874 2614 2105 2686 appendi
2136 2624 2191 2671 et
2225 2614 2408 2688 ﬂagris
2436 2623 2549 2671 toto
2576 2610 2803 2687 corpOre
2831 2615 3035 2673 laniari
3065 2636 3080 2674 :
3109 2618 3358 2674 videlicet
3394 2628 3460 2676 ut

1874 2709 2076 2766 doloris
2104 2708 2427 2765 necessitate
2452 2706 2676 2775 faceret,
2704 2707 2847 2779 quod
2875 2708 3292 2780 praecipiebatur
3317 2710 3458 2766 invi-

1875 2810 1983 2858 tus.
2033 2801 2103 2856 At
2141 2799 2230 2855 ille
2263 2814 2387 2856 cum
2416 2785 2660 2855 mane'ret
2686 2799 2992 2863 immobilis,
3027 2800 3324 2856 visceribus
3340 2800 3457 2871 jam

1874 2895 2013 2968 pelle
2034 2894 2267 2957 nudatis,
2290 2891 2514 2961 iubetur
2533 2899 2688 2949 aceto
2709 2901 2766 2951 et
2786 2892 2897 2957 sale
2918 2891 3186 2963 perfundi.
3212 2892 3458 2964 Cumque

1875 2986 2039 3044 etiam
2079 2985 2134 3041 id
2169 2984 2425 3040 tormenti
2456 2999 2625 3055 genus
2654 2990 2964 3040 constanter
2991 2998 3057 3040 ac
3078 2983 3291 3040 fortiter
3320 2984 3456 3040 tole-

1875 3085 2072 3144 rasset,
2101 3076 2359 3133 craticula
2395 3072 2582 3147 prunis
2607 3076 2961 3131 subterstrata
2997 3075 3124 3147 poni
3147 3075 3366 3145 jubetur
3402 3077 3461 3132 in

1876 3170 2075 3236 medio,
2118 3168 2297 3240 ibique
2347 3167 2491 3239 quod
2531 3166 2799 3238 reliquum
2842 3165 3019 3223 fuerat
3058 3168 3114 3223 in
3143 3167 3461 3224 verberibus

1875 3261 2136 3332 assumpti
2181 3258 2425 3331 corporis
2463 3259 2785 3330 superponi;
2824 3266 2880 3314 et
2920 3273 3028 3314 non
3075 3258 3144 3312 ad
3183 3259 3418 3314 subitum
3442 3299 3458 3325 ,

1874 3352 1969 3408 sed
1989 3366 2205 3407 sensum
2229 3349 2596 3421 paulatimque
2617 3349 2901 3416 succendi;
2931 3363 3039 3420 quo
3065 3346 3273 3404 scilicet
3297 3361 3461 3417 poena

1874 3441 2235 3512 protelaretur
2271 3440 2329 3495 in
2352 3438 2590 3510 longum.
2631 3437 2872 3511 Cumque
2895 3438 3131 3493 ministri
3167 3436 3458 3504 scelerum,

1877 3534 2001 3589 hinc
2029 3533 2188 3588 modo
2210 3546 2429 3602 corpus,
2449 3529 2610 3586 modo
2631 3530 2755 3586 inde
2776 3538 3076 3595 versantes,
3098 3544 3196 3599 per
3216 3528 3461 3585 membra
3527 3519 3530 3527 ’

1876 3624 2084 3697 singula
2128 3640 2319 3696 poenas
2363 3623 2682 3693 inciperent,
2726 3632 2782 3679 et
2816 3621 3074 3692 supplicia
3112 3630 3458 3686 renovarent,

1877 3724 2160 3788 sperantes
2201 3716 2270 3771 ab
2296 3729 2360 3771 eo
2384 3713 2579 3771 elicere
2604 3728 2663 3770 se
2689 3728 2848 3785 posse
2876 3728 3222 3777 consensum,
3252 3712 3341 3768 ille
3370 3713 3463 3767 (ir-

1878 3827 2000 3868 mus
2025 3811 2081 3866 in
2112 3809 2237 3877 fide,
2267 3818 2324 3865 et
2346 3808 2501 3880 quasi
2529 3808 2585 3864 in
2615 3822 2710 3879 spe
2740 3806 3072 3877 consumptis
3102 3803 3216 3874 jam
3253 3812 3308 3859 et
3338 3805 3464 3876 igne

1878 3903 2133 3961 resolutis
2174 3901 2430 3959 carnibus
2479 3900 2624 3967 suis,
2671 3898 2919 3955 ultimum
2961 3896 3212 3968 spiritum
3256 3895 3310 3951 in
3359 3895 3465 3951 fide

1880 3998 2034 4055 laetus
2054 3996 2291 4053 exhalat.
2316 3994 2433 4052 Tali
2459 3993 2651 4051 Petrus
2685 3994 2810 4065 (hoc
2839 3992 2984 4049 enim
3010 3999 3067 4048 et
3097 4004 3294 4046 nomen
3324 3987 3464 4060 ejus)

1881 4089 2144 4162 martyrio
2172 4087 2479 4154 decoratus,
2502 4100 2632 4143 vere
2653 4072 2802 4143 Petri
2829 4085 3038 4141 exstitit
3060 4091 3115 4139 et
3146 4083 3267 4167 fidei
3292 4082 3466 4138 haeres

1885 4190 1939 4238 et
1965 4180 2217 4237 nominis.
2240 4234 2243 4237 .

1951 4273 2083 4328 ltem
2106 4271 2447 4337 Nicomediae,
2472 4269 2666 4327 natalis
2688 4278 2998 4326 sanctorum
3019 4267 3228 4340 Egduni
3250 4266 3471 4337 presby-

1887 4367 1987 4421 teri
2013 4373 2069 4422 et
2096 4365 2322 4422 aliorum
2350 4373 2578 4436 septem,
2616 4364 2707 4434 qui
2739 4364 2927 4419 diebus
2953 4362 3180 4436 singulis
3219 4358 3465 4416 sutl'ocati

1886 4467 2012 4515 sunt
2037 4466 2095 4513 ιιι
2119 4457 2331 4513 caeteris
2362 4466 2539 4511 metus
2560 4456 2914 4511 incuteretur.

197 4545 518 4647 beatissima
547 4595 717 4642 mater
735 4588 875 4658 ejus,
905 4602 1024 4658 qua:
1059 4545 1388 4657 martyribus
1423 4585 1692 4652 adstabat,
1722 4600 1791 4640 ne
1817 4566 1868 4628 Ῑ)
1963 4550 2163 4607 anem
2194 4549 2301 4615 die’
2330 4548 2517 4621 passm
2547 4547 2719 4604 sane“
2742 4545 3093 4637 Muimmam
3124 4553 3397 4614 manyns'

198 4684 260 4737 in
281 4680 611 4736 cruciatibus
637 4679 909 4744 deﬁceret,
932 4676 1076 4733 virili
1099 4678 1280 4733 animo
1300 4678 1622 4733 hortabatur
1645 4675 1794 4745 eum”,

198 4777 394 4833 dicens
433 4792 447 4829 :
482 4773 606 4838 Fili,
634 4773 900 4829 modicum
925 4771 1160 4839 sustine;
1193 4785 1318 4826 ecce
1342 4770 1587 4826 Christus
1617 4771 1683 4827 ad
1706 4771 1796 4841 ja-

202 4882 374 4924 nuam
398 4874 506 4922 stat
539 4862 797 4933 adiuvans
823 4871 893 4919 te.
918 4862 1161 4933 Cumque
1185 4862 1214 4902 ι’
1240 4869 1546 4917 sanctorum
1569 4874 1798 4931 corpora

205 4956 424 5021 birotis,
452 4954 506 5010 id
546 4963 632 5011 est
673 4953 955 5025 plaustris,
988 4951 1326 5023 superposita
1369 4949 1572 5005 ferrent
1608 4949 1675 5003 ad
1719 4948 1800 5003 in-

210 5046 549 5101 cendendum
576 5045 809 5100 ministri
846 5044 1063 5109 diaboli,
1092 5043 1282 5098 videns
1306 5042 1393 5113 pia
1423 5049 1594 5096 mater
1617 5040 1791 5096 solum

214 5140 387 5195 filium
417 5140 684 5206 relictum,
716 5155 876 5209 quem
924 5138 1157 5193 ministri
1198 5137 1265 5190 ad
1302 5136 1404 5190 hoc
1444 5134 1792 5203 reliquerant,

213 5231 345 5300 quia
380 5229 668 5300 sperabant
711 5228 829 5300 ejus
866 5229 1105 5283 animum
1144 5242 1302 5299 posse
1340 5225 1564 5280 culturis
1600 5225 1796 5280 (ιπηιο-

819 5334 849 5356 ἢ

288 5376 319 5405 ει
341 5364 504 5418 Basil.
528 5364 717 5419 ltomil.
747 5364 838 5418 20.

288 5434 320 5474 ι)
362 5434 927 5513 ὃᾳηειοειιηιηςοφονᾳ
960 5432 1158 5513 birotis,
1194 5429 1250 5499 id
1292 5438 1365 5483 est
1393 5426 1667 5513 plaustris,
1709 5441 1801 5513 stt-

208 5505 502 5579 perpositq.
549 5494 849 5579 EXplicatio
896 5505 1024 5579 haec
1053 5494 1524 5579 birothrum,'_qu;e
1571 5494 1797 5566 Vulgata

209 5570 431 5640 deerat,
458 5574 533 5629 ita
567 5570 661 5629 era
698 5574 752 5629 in
790 5588 921 5628 mss.
957 5572 1177 5632 Birota,
1206 5570 1437 5640 vehiculi
1480 5583 1667 5640 genus,
1696 5581 1796 5620 no-

212 5661 346 5701 men
379 5638 535 5699 suum
570 5660 601 5699 a
644 5645 854 5699 duabus
895 5644 1031 5698 rotis
1058 5643 1303 5696 sortitur.
1334 5638 1475 5692 Infra
1504 5638 1668 5691 etiam
1701 5651 1795 5690 oc-

211 5715 395 5771 currit
430 5729 527 5770 xm
557 5713 722 5781 Junii,
750 5715 841 5770 ubi
873 5729 979 5769 non
1004 5713 1192 5776 birota,
1221 5710 1313 5767 sed
1341 5708 1520 5781 bii-olis
1554 5706 1754 5762 dicitur
1781 5720 1794 5756 :

216 5784 296 5840 Et
326 5801 419 5855 per
462 5796 659 5841 noctem
686 5777 739 5841 in
770 5784 932 5840 birote
958 5782 1195 5854 perduxit
1238 5780 1308 5834 ad
1345 5777 1592 5833 casellam
1623 5793 1796 5831 suam.

2356 4660 2419 4717 Β.
2458 4662 2522 4718 ιιι
2555 4660 2714 4718 mus
2750 4632 3009 4714 Maura.

2534 4750 2626 4824 (is
2652 4750 2840 4823 Mart.)

1969 4867 2122 4937 Apud
2166 4865 2554 4931 Nicomediam,
2602 4864 2798 4920 natalis
2832 4871 3143 4920 sanctorum
3178 4861 3475 4918 Macedonii

1901 4957 2242 5030 presbyterii,
2268 4965 2323 5012 et
2340 4956 2580 5011 Patritiae
2599 4955 2786 5011 uxoris
2806 4955 2944 5026 ejus,
2973 4962 3028 5009 et
3056 4952 3179 5008 lilia:
3200 4951 3472 5009 Modestae.
3560 5016 3567 5021 ι

1967 5048 2131 5105 Nieea
2155 5049 2392 5123 civitate,
2428 5056 2740 5104 sanctorum
2770 5058 3068 5119 martyrum
3105 5044 3388 5101 Theuseta
3420 5053 3479 5099 et

1898 5139 2088 5194 llorris
2136 5138 2234 5194 ﬁlii
2276 5136 2410 5208 ejus,
2458 5136 2788 5203 Theodorte,
2825 5135 3235 5209 Nymphodotaa,
3288 5131 3474 5195 Marci,

1899 5230 2130 5297 Arabiae,
2167 5229 2260 5300 qui
2282 5244 2471 5285 omnes
2497 5228 2607 5300 igni
2634 5228 2817 5284 traditi
2850 5235 2996 5283 sunt.

1903 5362 2103 5418 Mentio
2135 5364 2250 5433 ejus
2276 5362 2330 5417 in
2355 5360 2484 5433 Cod.
2508 5358 2711 5433 Theod.
2739 5359 2802 5412 de
2828 5358 2983 5413 Cura.
3005 5354 3148 5433 pubi.
3173 5344 3209 5405 :'
3226 5368 3246 5403 ι
3275 5348 3479 5432 Statui-

1904 5449 2026 5488 mus
2079 5427 2256 5489 rhedm
2303 5431 2449 5486 mille
2500 5429 2675 5500 pondo
2724 5427 3092 5482 tantummodo
3147 5427 3473 5489 surerponi,

1897 5503 2088 5558 birotae
2115 5504 2367 5568 ducenta,
2392 5499 2589 5555 veredo
2612 5499 2848 5569 triginta.
2884 5518 2903 5569 ι

1974 5584 1995 5613 ο
2022 5574 2219 5629 Pontif.
2244 5567 2364 5640 cap.
2389 5570 2477 5625 65.
2505 5569 2599 5624 Er:
2629 5567 2844 5640 ἐξῆραν.
2878 5567 2928 5621 l.

1969 5643 1997 5683 ἀ
2026 5643 2225 5697 Pontif.
2252 5633 2368 5712 cap.
2400 5640 2489 5694 41.
2520 5640 2614 5693 ιιδι
2646 5633 2919 5712 latiorem.
2949 5633 2990 5689 1.

1975 5726 1999 5753 ε
2024 5714 2247 5778 Euseb.,
2274 5709 2366 5769 lib.
2393 5726 2512 5776 vui,
2543 5725 2660 5779 cap.
2686 5709 2737 5764 6.
