3962 6366
570 378 678 435 250
1563 378 1621 417 δ.
1645 378 1762 414 tun

949 463 1010 520 C.
1045 458 1274 518 PRIDIE
1308 454 1467 513 IDUS
1504 450 1762 509 MARTII.

1211 552 1303 623 (tt
1327 547 1516 619 um.)

642 649 851 717 Romz,
872 646 1055 721 passio
1068 650 1381 702 sanctorum
1403 644 1704 709 martyrum
1725 631 2082 704 quadraginta
2102 638 2159 685 et

574 757 782 821 septem
808 758 834 787 ι
865 744 955 815 qui
981 739 1235 812 baptizati
1258 745 1386 792 sunt
1425 751 1455 789 a
1490 734 1651 789 beato
1691 731 1865 821 Petro
1883 728 2154 821 apostolo,

574 818 700 908 cum
727 844 1002 890 teneretur
1022 831 1165 886 idem
1189 824 1465 897 apostolus
1493 824 1547 878 in
1579 820 1825 878 custodia
1850 818 2156 874 Mamurtini

574 942 697 983 eum
724 921 1031 995 coapostolo
1053 934 1151 976 suo
1174 916 1343 973 Paulo
1370 914 1461 970 ubi
1492 927 1686 969 novem
1717 926 1931 966 menses
1955 909 2157 964 detenti

575 1027 720 1071 sunt.
763 1014 864 1081 Qui
894 1026 1085 1068 omnes
1124 1010 1225 1065 sub
1252 1006 1601 1064 devotissima
1642 1003 1766 1059 ﬁdei
1794 1000 2157 1064 confessione,

572 1108 879 1164 Neroniano
903 1103 1082 1178 gladio
1107 1100 1411 1171 consumpti
1443 1106 1587 1156 sunt.

1047 1215 1113 1271 D.
1154 1210 1381 1270 IDIBUS
1417 1207 1672 1267 MART“.

1209 1303 1302 1375 (ιδ
1331 1301 1522 1374 Mart.)

639 1397 670 1440 δ
709 1397 915 1463 Romae,
965 1393 1246 1451 Zachariae
1290 1389 1587 1465 pontiﬁcis,
1638 1390 1731 1460 qui
1782 1387 1966 1443 Romae
2018 1384 2158 1441 sedit

573 1505 747 1546 annos
773 1491 984 1545 decem.

641 1577 796 1648 Apud
848 1575 1286 1632 Thessalonicam
1344 1573 1651 1632 civitatem.
1704 1568 1901 1623 natalis
1954 1575 2157 1621 sancta:

567 1669 847 1731 Matronae,
895 1681 1015 1737 quae
1049 1681 1171 1721 cum
1208 1673 1355 1721 esset
1380 1662 1647 1718 Plautina:
1674 1660 1954 1732 cujusdam
1983 1657 2157 1712 viduas

565 1760 779 1823 ancilla,
808 1768 864 1814 et
890 1758 1103 1815 occulte
1128 1758 1405 1813 Christum
1433 1755 1636 1821 colens,
1669 1752 1912 1823 quotidie
1941 1750 2155 1805 furtivis

563 1851 901 1908 orationibus
945 1850 1229 1907 ecclesiam
1282 1848 1684 1918 frequentaret,
1736 1844 2070 1915 deprehensa
2121 1856 2152 1896 a

564 1944 782 2000 domina
813 1958 932 2008 sua,
961 1951 1017 1999 et
1047 1942 1101 1996 in
1131 1955 1356 1998 scamno
1381 1949 1606 1995 extensa
1636 1947 1690 1993 et
1720 1937 1907 2008 ligata,
1934 1942 1989 1990 et
2016 1948 2155 2004 pene

563 2049 737 2105 usque
760 2035 828 2089 ad
849 2042 1079 2089 mortem
1106 2030 1397 2103 ﬂagellata,
1419 2039 1583 2100 atque
1605 2029 1677 2083 ita
1697 2028 1873 2083 vincta
1898 2026 1951 2080 in
1974 2039 2154 2081 scam-

565 2138 660 2191 no,
686 2122 989 2196 obsignatis
1016 2122 1430 2195 diligentissime
1462 2118 1666 2188 januis.
1694 2134 1795 2190 per
1831 2125 2041 2172 noctem
2068 2129 2147 2170 re-

565 2216 715 2281 licta,
747 2215 819 2271 ibi
845 2216 933 2272 die
969 2214 1141 2270 altero
1180 2213 1440 2268 divinitus
1465 2211 1664 2276 soluta,
1699 2224 1764 2265 ac
1799 2224 1921 2264 cum
1946 2205 2152 2278 ingenti

564 2306 680 2364 oris
720 2307 892 2378 gratia
937 2323 1103 2362 orans
1149 2305 1365 2361 inventa
1422 2312 1524 2358 est.
1576 2302 1920 2371 Rursumque
1975 2299 2155 2353 nervis

1563 360 1621 417 3.
1645 355 1894 414 Αἰ)οΝιὸ
1926 347 2356 410 ARCIIIEI‘ISC.
2396 342 2804 401 VIENNENSIS

2186 357 2356 405 t'IS‘C.
2401 357 2804 401 “nummus
3673 357 3750 414 uo

2181 448 2230 506 Α
2254 439 2418 502 seris,
2443 438 2536 507 qui
2562 435 2771 506 primus
2794 432 2992 488 ibidem
3012 429 3285 487 Christum
3321 436 3675 508 evangelizavit.

2327 531 2529 587 Eodem
2562 530 2672 593 die,
2706 527 2904 583 natalis
2931 532 3134 580 sancta:
3157 522 3432 583 Gertrudis
3448 529 3655 602 virginis.

2675 637 2744 695 (ἓ.
2786 635 2882 692 XV
2920 635 3076 691 ΚΑΙ..
3119 634 3399 692 APRILIS.

2886 725 2978 796 (18
3009 724 3197 791 Hart.)

2328 833 2352 861 ε
2384 818 2593 874 Natalis
2617 819 2788 873 sancti
2816 815 3105 871 Alexandri
3135 816 3388 886 episcopi,
3416 819 3500 888 qui
3525 821 3583 877 de
3602 822 3756 895 Cappa.

2256 913 2412 968 docia
2450 912 2669 967 civitate
2694 924 2790 964 sua
2814 907 3057 970 veniens,
3085 921 3207 960 cum
3236 906 3491 963 desiderio
3513 922 3754 972 sanctorum

2257 1002 2498 1069 locorum
2531 998 2926 1070 Jcrosolymam
2955 1004 3226 1068 pergeret,
3247 1005 3301 1053 et
3324 997 3583 1056 Narcissus
3604 1005 3756 1073 cpisco-

2257 1108 2357 1164 pus
2392 1091 2630 1163 ejnsdem
2665 1090 2815 1145 urbis
2836 1086 2952 1156 jam
2983 1101 3148 1143 senex
3179 1096 3385 1159 regeret
3412 1088 3694 1158 Ecclesiam;
3721 1107 3759 1151 et

2258 1186 2358 1256 ipsi
2405 1183 2679 1247 Narcisso,
2714 1190 2771 1237 et
2812 1180 2997 1236 multis
3036 1179 3351 1235 clericorum
3392 1180 3499 1250 ejus
3531 1184 3757 1241 revelatum

2255 1285 2362 1343 est,
2390 1275 2558 1331 altera
2590 1273 2677 1328 die
2707 1286 2867 1327 mane
2893 1270 3102 1325 intrare
3138 1269 3462 1340 episcopum,
3495 1272 3576 1341 qui
3601 1271 3759 1339 adjutur

2256 1362 2609 1422 sacerdotalis
2664 1360 2939 1417 cathedra:
2977 1373 3098 1414 esse
3144 1357 3383 1413 deberet.
3430 1357 3597 1428 Itaque
3632 1376 3679 1415 re
3707 1363 3757 1416 ita

2258 1454 2545 1527 completa,
2576 1452 2911 1524 utpraedieta
2938 1450 3136 1515 fuerat,
3161 1449 3368 1510 cunctis
3394 1450 3444 1503 in
3474 1448 3703 1506 Palmstina
3722 1454 3759 1505 in

2257 1563 2425 1604 unum
2463 1545 2827 1618 congregatis,
2867 1543 3146 1598 adnitente
3178 1540 3262 1596 vel
3293 1542 3513 1597 maxime
3552 1540 3758 1608 Narcisso,

2256 1638 2721 1710 Jerosolymitana:
2749 1633 2994 1691 ecclesize
3026 1648 3152 1688 cum
3190 1646 3257 1688 co
3285 1631 3660 1702 gubernaculum
3695 1647 3758 1686 su-

2258 1732 2450 1804 scepit.
2510 1729 2723 1799 Quique
2761 1716 3136 1800 persecutione
3185 1725 3366 1791 Decii,
3404 1740 3514 1780 cum
3553 1724 3647 1793 jam
3678 1725 3759 1779 lon-

2259 1839 2420 1897 gmva:
2453 1825 2631 1879 aetatis
2674 1820 2983 1876 veneranda
3016 1817 3220 1873 canitie
3244 1817 3580 1888 prtefulgeret,
3622 1816 3758 1871 ductus

2255 1916 2591 1978 Cursaream,
2643 1920 2700 1968 et
2750 1911 2971 1968 clausus
3022 1924 3275 1973 carcere,
3329 1909 3396 1964 ob
3443 1907 3757 1964 confessionem

2255 2010 2457 2070 Christi
2483 2007 2750 2081 martyrio
2777 2015 3070 2063 coronatus
3091 2014 3197 2061 est.

2685 2119 2751 2176 Α.
2781 2117 2899 2174 XIV
2928 2117 3097 2173 ΚΑΒ.
3128 2115 3419 2172 APRILIS.

2325 2305 2482 2378 Apud
2511 2304 2879 2360 Penarensem
2893 2212 3352 2366 (Labillflttliaiﬂe
3408 2300 3538 2355 beati
3576 2295 3757 2359 Joannis,

564 2400 749 2455 crudis
775 2399 827 2454 in
856 2398 1047 2454 eodem
1068 2412 1290 2452 scamno
1311 2395 1627 2459 constricta,
1649 2402 1705 2449 et
1726 2391 1856 2447 loris
1876 2402 2152 2461 quousque

2255 2413 2464 2470 magna:
2508 2395 2817 2453 sanctitatis
2846 2395 2971 2461 viri,
2999 2396 3091 2465 qui
3143 2395 3214 2450 de
3249 2392 3398 2466 Syria
3427 2390 3651 2446 oriundus
3672 2401 3755 2454 per-

562 2489 961 2544 obmutesceret
987 2502 1125 2543 caesa
1153 2496 1255 2548 est,
1292 2486 1472 2556 ibique
1502 2499 1602 2554 per
1630 2483 1865 2538 triduum
1904 2479 2152 2550 obsigna-

2257 2490 2405 2546 venit
2433 2489 2502 2544 ad
2549 2486 2780 2542 Italiam.
2830 2484 3077 2555 Cumque
3130 2492 3398 2556 quaereret
3425 2481 3581 2536 locum
3603 2477 3756 2533 habita-

561 2579 636 2635 tis
675 2577 860 2647 januis
902 2578 1109 2633 relicta.
1160 2578 1325 2632 Facta
1371 2584 1551 2631 autem
1591 2575 1679 2629 die
1724 2574 1906 2636 tertia,
1957 2571 2152 2625 iterum

2256 2581 2420 2638 tionis
2469 2596 2603 2646 suae,
2634 2578 2937 2635 orationem
2986 2577 3127 2633 fudit
3156 2578 3226 2633 ad
3264 2576 3533 2632 Dominum
3563 2589 3574 2624 :
3599 2568 3660 2624 Te
3695 2566 3758 2621 de-

562 2671 735 2725 soluta
769 2670 1048 2733 divinitus,
1085 2677 1142 2724 et
1165 2683 1330 2723 orans
1352 2668 1566 2741 inventa
1592 2672 1696 2719 est.
1728 2662 1886 2717 {l‘unc
1916 2659 2155 2716 robustis
2253 2687 2470 2743 ιιι-θεον,
2496 2670 2744 2736 nomine,
2772 2667 2866 2739 qui
2893 2667 3078 2722 lumen
3123 2680 3189 2722 es
3220 2681 3424 2728 verum,
3456 2662 3496 2718 si
3517 2669 3757 2732 prosperum

561 2755 796 2813 fustibus
807 2773 979 2828 usque
1000 2758 1067 2811 ad
1085 2768 1310 2813 mortem
1334 2771 1493 2818 caesa,
1517 2755 1572 2809 in
1596 2752 1935 2809 confessione
1950 2749 2152 2807 Christi
2254 2760 2393 2821 facis
2434 2765 2538 2820 ίιει-
2564 2778 2745 2818 meum
2764 2803 2780 2829 ’
2809 2762 2915 2818 hoc
2942 2762 3076 2816 mihi
3109 2760 3336 2831 signum
3373 2758 3462 2811 ﬁat
3491 2774 3503 2808 ε
3529 2752 3759 2837 “Ricuon

561 2849 936 2921 incorruptum
962 2850 1212 2919 spiritum
1253 2846 1508 2902 reddidit.

969 2958 1032 3013 E.
1070 2957 1212 3013 XVII
1249 2957 1407 3012 KAL.
1444 2953 1734 3011 APRILIS.

1198 3046 1288 3117 (ιϐ
1318 3045 1506 3116 Mart.)

2249 2856 2624 2921 utnbulavero,
2653 2856 2698 2911 si
2729 2854 3054 2925 psalterium
3091 2868 3274 2907 meum
3327 2849 3532 2910 dedero,
3554 2852 3599 2899 et
3625 2839 3759 2896 eadem

2142 2968 2145 2971 '
2250 2950 2341 3004 die
2369 2948 2500 3004 mihi
2528 2946 2804 3002 redditum
2849 2944 3034 3007 fuerit,
3066 2944 3142 2999 ibi
3172 2945 3245 2998 sit
3291 2934 3644 3012 permansionis
3668 2941 3760 2985 mea

2252 3040 2422 3094 locus.
2473 3038 2700 3092 Factum
2731 3045 2836 3091 est.
2891 3036 3115 3105 Recepit
3161 3051 3285 3089 eum
3317 3030 3535 3101 hospitio
3576 3033 3760 3081 matrona

636 3140 838 3204 Romae,
864 3138 1041 3194 natale
1065 3108 1238 3194 saucii
1262 3108 1497 3210 Cyriaci,
1526 3136 1618 3208 qui
1645 3143 1766 3206 post
1789 3134 2004 3208 longam
2027 3150 2148 3192 car-
2172 3147 2221 3212 ο
2251 3130 2519 3200 quaedam,
2550 3129 2636 3184 cui
2685 3128 2768 3181 vir
2797 3127 2892 3183 Dei
2916 3126 3235 3197 psalterium
3266 3138 3419 3179 suum
3457 3117 3613 3181 dedit;
3637 3108 3761 3211 requi-

563 3232 706 3289 ceris
743 3231 1184 3296 macerationem,
1223 3244 1382 3299 quam
1414 3229 1515 3284 sub
1544 3227 1869 3282 Maximiano
1908 3227 2149 3298 pertulit,

563 3339 688 3380 eum
714 3323 955 3380 Sisinnio
976 3323 1308 3377 condiacono
1329 3334 1444 3384 suo,
1473 3328 1529 3374 et
1554 3318 1875 3390 Smaragdo,
1894 3326 1949 3374 et
1978 3316 2153 3389 Largo

563 3425 687 3487 post
715 3415 880 3471 multa
919 3414 1060 3470 facta
1089 3414 1373 3480 miracula,
1412 3413 1467 3468 in
1511 3411 1705 3484 quibus
1747 3411 1912 3465 filiam
1944 3410 2152 3466 Diocle-

565 3506 698 3562 tiani
745 3505 1063 3573 Artemiam,
1114 3505 1282 3575 ipsius
1329 3513 1519 3575 rogatu
1562 3516 1594 3557 a
1628 3500 1893 3556 daemonio
1918 3500 2149 3564 curavit,

562 3612 629 3655 ac
667 3597 992 3668 baptizavit;
1042 3597 1209 3653 ﬁliam
1258 3610 1475 3668 quoque
1513 3592 1736 3665 Saporis
1777 3593 1919 3664 regis
1962 3590 2153 3647 Persae

562 3704 683 3743 rum
724 3687 959 3754 Jobiant,
988 3688 1185 3742 missus
1219 3685 1312 3740 illo
1344 3700 1442 3757 pro
1485 3684 1587 3740 hoc
1617 3683 1966 3747 Diocletiano,
1997 3696 2152 3751 aeque

563 3781 816 3837 liberavit
850 3796 881 3835 a
909 3778 1194 3845 darmonio,
1222 3793 1286 3833 ac
1316 3777 1609 3847 baptizavit
1636 3791 1757 3830 eum
1790 3775 1907 3844 ipso
1942 3789 2068 3843 rege
2096 3782 2153 3828 et

566 3877 689 3931 aliis
725 3874 1133 3946 quadringentis
1166 3889 1180 3925 :
1215 3870 1457 3941 triginta,
1498 3868 1714 3924 rediens
1756 3867 1986 3921 Romam
2028 3874 2153 3935 post

565 3978 796 4024 mortem
820 3965 1156 4029 Diocletiani,
1183 3973 1362 4019 tentus
1380 3974 1465 4019 eSt
1487 3964 1629 4023 inter
1652 3963 1786 4017 alios
1812 3962 2152 4017 Christianos

567 4074 599 4114 a
650 4058 761 4113 lilio
802 4055 918 4125 ejus
958 4054 1272 4120 Maximino,
1304 4063 1359 4109 et
1400 4054 1455 4108 in
1495 4052 1794 4108 custodiam
1837 4051 2057 4115 missus,
2086 4064 2152 4105 eo

567 4148 712 4219 quod
760 4162 1003 4203 sororem
1053 4162 1205 4202 suam
1251 4145 1615 4200 Christianam
1663 4142 1900 4198 fecisset.
1949 4141 2153 4197 Deinde

565 4241 823 4311 przeccpit
861 4248 921 4294 ut
957 4239 1044 4295 die
1088 4238 1448 4310 processionis
1488 4252 1599 4292 suae
1635 4237 1811 4293 nudus
1836 4235 2151 4306 catenisque

564 4331 853 4399 obligatus,
883 4338 1007 4385 ante
1033 4329 1253 4383 rhedam
1282 4327 1400 4397 ejus
1430 4328 1755 4382 traheretur.
1782 4325 1849 4380 Et
1875 4335 1997 4396 post
2024 4325 2147 4391 huc,

566 4424 791 4479 eductus
818 4424 886 4479 de
915 4436 1135 4478 carcere
1166 4436 1289 4477 cum
1332 4422 1493 4477 sociis
1535 4419 1725 4490 Largo,
1768 4416 2066 4489 Smaragdo
2097 4427 2152 4472 et

564 4504 970 4575 Crescentiano,
1013 4528 1109 4584 per
1151 4512 1470 4582 Carpasium
1524 4511 1808 4572 vicarium,
1859 4511 1977 4582 pice
2029 4511 2149 4565 reli-

570 4613 736 4673 quata
764 4612 928 4675 caput
963 4601 1082 4672 ejus
1109 4601 1386 4672 perfusum
1411 4612 1515 4658 est.
1547 4602 1614 4656 Et
1643 4617 1857 4657 rursum
1890 4613 2014 4671 post
2034 4600 2152 4656 dies

566 4704 821 4765 quatuor,
868 4694 1096 4749 eductus
1128 4693 1307 4748 denuo
1344 4692 1414 4748 de
1451 4706 1690 4757 carcere,
1732 4691 1786 4745 in
1825 4700 2031 4746 catasta
2058 4706 2153 4745 ex-

565 4799 770 4856 tentus,
815 4804 881 4845 ac
934 4796 1141 4844 tractus
1180 4791 1380 4854 nervis,
1425 4796 1481 4842 et
1532 4786 1762 4845 fustibus
1780 4802 1989 4849 caesus,
2027 4795 2153 4855 post

566 4879 686 4934 dies
733 4876 954 4945 iubente
993 4875 1321 4931 Maximiano
1357 4877 1533 4945 capite
1582 4884 1861 4928 truncatus
1903 4884 1985 4928 est
2026 4888 2150 4928 cum

564 4969 741 5040 Largo
787 4976 844 5023 et
876 4965 1175 5038 Smaragdo
1200 4974 1255 5022 et
1285 4966 1406 5022 aliis
1434 4964 1645 5036 viginti.
1678 4964 1951 5040 Scriptum
1984 4971 2066 5017 est
2097 4963 2149 5016 in

547 5036 735 5127 gestis
761 5057 998 5127 Marcelli
1028 5036 1186 5127 Papa:
1219 5056 1317 5127 (I6
1348 5055 1534 5128 lam).
1563 5055 1734 5111 Porro
1765 5036 2150 5125 ipso'tcmpore

564 5148 889 5203 Haximinns
919 5138 1191 5216 interfecit
1222 5162 1463 5203 sororem
1495 5162 1646 5201 suam
1675 5146 1994 5201 Artcntiam.

634 5240 765 5296 Item
806 5240 947 5318 apud
968 5240 1256 5321 .Viennam,
1286 5240 1458 5295 sancti
1487 5239 1630 5293 Isicii
1660 5239 1919 5307 episcopi.
1957 5306 1963 5313 _

992 5345 1055 5402 F.
1098 5346 1218 5403 XVI
1248 5346 1402 5402 BAL.
1432 5344 1720 5401 APRILIS.

1204 5437 1294 5508 (17
1325 5434 1516 5506 Hart.)

629 5524 686 5579 In
714 5525 915 5591 Scotia,
949 5528 1126 5583 natale
1157 5526 1328 5581 sancti
1359 5524 1576 5579 Patricii
1599 5521 1836 5593 episcopi
1861 5530 1916 5576 et
1940 5519 2149 5599 confes-

557 5735 590 5788 Ξ
629 5664 777 5788 inii):
830 5666 914 5720 his
969 5666 1021 5720 in
1073 5666 1326 5735 passm”
1382 5626 1627 5719 Ρτθδθδδί
1689 5671 1742 5718 et
1800 5661 2141 5759 Martinam.

2254 3223 2403 3287 sivit,
2429 3221 2588 3291 eique
2615 3234 2739 3274 mox
2786 3234 2817 3273 a
2847 3218 3074 3272 muliere
3111 3217 3375 3271 redditur.
3408 3209 3513 3266 Iioc
3552 3209 3694 3274 itaque
3712 3199 3759 3254 si-

2254 3327 2381 3383 gno,
2407 3319 2469 3365 ut
2509 3309 2803 3365 stationem
2832 3324 2985 3363 suam
3028 3308 3100 3362 ibi
3148 3309 3232 3363 vir
3258 3305 3350 3361 Dei
3380 3302 3581 3363 faceret,
3616 3291 3759 3350 conﬁr-

2254 3414 2462 3470 matur;
2494 3418 2558 3458 ac
2588 3401 2713 3457 inde
2748 3417 2854 3455 non
2884 3400 3045 3469 longe
3075 3398 3196 3468 plus
3239 3398 3477 3452 minusve
3511 3401 3647 3460 quam
3674 3383 3764 3470 duaf

2253 3511 2375 3551 rum
2426 3494 2745 3565 sagittarum
2801 3505 3163 3563 progressus,
3222 3486 3409 3544 habuit
3457 3478 3669 3551 angelum
3701 3469 3767 3526 Dei

2252 3585 2494 3650 obvium,
2525 3584 2616 3654 qui
2642 3583 2693 3640 ei
2727 3582 2864 3637 dixit
2893 3598 2909 3636 :
2942 3580 3109 3636 Serve
3141 3580 3260 3641 Dei,
3296 3580 3382 3633 hic
3408 3574 3497 3630 tibi
3538 3572 3663 3625 locus
3684 3576 3766 3634 per-

2255 3676 2553 3732 mansionis
2579 3690 2610 3729 a
2641 3673 2868 3730 Domino
2899 3673 3203 3744 parabitur.
3256 3670 3387 3725 Erat
3429 3674 3592 3720 autem
3618 3658 3763 3715 hiem.

2253 3777 2309 3822 et
2335 3766 2559 3822 sedebat
2588 3765 2673 3819 vir
2702 3764 2799 3819 Dei
2828 3762 2929 3819 sub
2955 3764 3171 3818 arbore.
3224 3763 3509 3817 \‘enatores
3546 3764 3653 3806 veno
3681 3757 3766 3800 cum

2256 3874 2352 3928 per
2378 3857 2552 3912 locum
2586 3855 2874 3911 transitum
2907 3855 3173 3918 facerent,
3208 3853 3459 3907 viderunt
3490 3858 3599 3899 eum
3627 3837 3767 3894 seden-

2257 3956 2386 4012 tem,
2416 3956 2580 4016 atque
2600 3946 2849 4001 arborem
2873 3944 3018 3999 illam
3042 3941 3195 4012 juxta
3228 3942 3375 3997 illum
3402 3937 3534 3992 foliis
3562 3929 3765 3985 vestitam-

2256 4035 2617 4106 liequirentes
2642 4042 2822 4089 autem
2847 4034 3022 4088 virum
3044 4033 3165 4102 quis
3190 4039 3359 4095 esset,
3384 4029 3452 4082 ob
3479 4018 3661 4080 Domini
3686 4027 3767 4069 scr-

2254 4126 2447 4180 vitium
2482 4140 2541 4181 se
2581 4125 2648 4179 de
2681 4124 3051 4180 ultramarinis
3100 4123 3347 4195 partibus
3384 4118 3570 4173 locisve
3594 4107 3769 4166 \‘cuis‘w.

2256 4217 2566 4287 murarique
2610 4216 2698 4272 hic
2742 4215 2877 4272 velle
2918 4215 3217 4285 respondit.
3260 4208 3618 4266 Nuntiantibus
3655 4197 3770 4268 igitur

2257 4309 2634 4378 illis,fatnaque
2657 4307 2823 4361 vitam
2840 4306 2983 4361 beati
3008 4306 3108 4360 viri
3131 4305 3344 4376 longius
3360 4304 3643 4371 spargente,
3659 4293 3765 4341 tam“

2257 4399 2558 4470 frequentia
2598 4398 2779 4469 populi
2808 4397 2902 4453 Dei
2947 4397 3309 4466 undequaque
3340 4393 3464 4447 illuc
3502 4378 3772 4471 advenittut

2179 4525 2230 4586 υ
2258 4501 2588 4548 monasterio
2637 4492 2776 4546 facto
2807 4495 3155 4561 congregatio
3185 4501 3383 4558 magna
3423 4488 3670 4586 servarunt

2254 4585 2414 4639 simul
2444 4582 2801 4639 habitantium
2845 4553 3119 4636 ibiviie'rct.
3153 4578 3254 4635 Ctti
3282 4553 3498 4648 prmfuit
3520 4561 3678 4622 multis
3698 4553 3772 4608 (Ια-

2254 4691 2347 4729 rus
2378 4675 2668 4729 virtutibus
2695 4674 2883 4727 beatus
2923 4669 3157 4726 Joannes
3205 4662 3555 4738 quadraginta
3599 4656 3774 4742 qltaluf'

2254 4778 2427 4819 annos
2473 4764 2823 4833 requiescens
2862 4762 2917 4816 in
2963 4774 3143 4830 pace:
3175 4756 3453 4828 depositus
3491 4754 3569 4804 est
3597 4733 3773 4834 sub‘die

2257 4870 2346 4909 xiv
2373 4853 2490 4908 Kal.
2521 4826 2784 4924 Aprilium
2832 4852 2885 4905 in
2917 4826 3037 4907 loco
3068 4850 3157 4906 ubi
3208 4826 3525 4920 praestantur
3571 4826 3773 4891 beneﬁcia

2257 4944 2348 4999 Dei
2380 4959 2549 5013 usque
2581 4944 2633 4997 in
2663 4942 2982 4997 hodiernum
3011 4942 3154 4995 diem
3628 5014 3641 5016 Α
3687 5011 3696 5016 _
3734 5005 3755 5016 ν,

2328 5011 2529 5091 Eodem
2567 5036 2653 5089 die
2697 5035 2838 5104 apud
2892 5033 3234 5099 Surrentum,
3267 5036 3568 5087 sanctorum
3615 5011 3772 5083 Quinti.

2255 5128 2521 5197 Quintilli,
2555 5127 2851 5195 Quartillae,
2888 5127 3074 5193 Marci,
3107 5141 3227 5181 cum
3262 5123 3381 5179 aliis
3410 5128 3608 5174 novem.

2675 5242 2733 5295 Β.
2780 5241 2893 5296 XIII
2929 5240 3083 5295 ΚΑΙ..
3121 5234 3409 5294 APRILIS.

2891 5332 2984 5405 (eo
3017 5331 3206 5402 Hart.)

2319 5429 2376 5484 In
2405 5429 2718 5491 Britanniis,
2746 5404 2921 5482 sancti
2947 5423 3254 5487 Chutberti,
3277 5418 3371 5492 qui
3395 5432 3461 5473 ex
3481 5404 3768 5496 anachorclf.

2247 5521 2504 5577 Ecclesite
2531 5517 2983 5574 Lindisfarnensis
3021 5516 3274 5579 antistes,
3304 5519 3470 5567 totam
3507 5501 3570 5557 ab
3596 5492 3769 5552 infantia

2320 5659 2349 5700 ι)
2376 5655 2575 5711 Pontif.
2601 5670 2719 5725 cap.
2749 5655 2841 5709 92.
3044 5724 3047 5725 ν
3151 5723 3161 5725 _
3458 5712 3469 5724 .
3552 5723 3563 5725 _
3597 5688 3749 5725 mm“;

2323 5691 2347 5768 ξ
2601 5691 2963 5792 if'¥§,2'.'7,9,
2993 5724 3081 5783 ιο,
3104 5723 3191 5780 29.
3219 5734 3286 5775 ex
3332 5712 3569 5774 versione
3597 5691 3767 5757 ilufliui-
