  <div class='ocr_page' id='page_1' title='image "/cluster/home/n/w/nwhite01/storage/ocr_20150623/123/hvd.32044011218062/138.png"; bbox 0 0 3962 6366; ppageno 0'>
   <div class='ocr_carea' id='block_1_1' title="bbox 181 398 298 453">
    <p class='ocr_par' dir='ltr' id='par_1_1' title="bbox 181 398 298 453">
     <span class='ocr_line' id='line_1_1' title="bbox 181 398 298 453; baseline 0.009 -1"><span class='ocrx_word' id='word_1_1' title='bbox 181 398 298 453; x_wconf 67' lang='grc'><strong>941</strong></span> 
     </span>
    </p>
   </div>
   <div class='ocr_carea' id='block_1_2' title="bbox 184 498 1859 581">
    <p class='ocr_par' dir='ltr' id='par_1_2' title="bbox 184 498 1859 581">
     <span class='ocr_line' id='line_1_2' title="bbox 184 498 1859 581; baseline -0.01 -15"><span class='ocrx_word' id='word_1_2' title='bbox 184 525 373 581; x_wconf 88' lang='lat' dir='ltr'><strong>usque</strong></span> <span class='ocrx_word' id='word_1_3' title='bbox 394 507 460 562; x_wconf 88' lang='lat' dir='ltr'><strong>ad</strong></span> <span class='ocrx_word' id='word_1_4' title='bbox 490 505 703 562; x_wconf 86' lang='lat' dir='ltr'><strong>senium</strong></span> <span class='ocrx_word' id='word_1_5' title='bbox 725 503 888 559; x_wconf 84' lang='lat' dir='ltr'><strong>vitam</strong></span> <span class='ocrx_word' id='word_1_6' title='bbox 919 502 1304 558; x_wconf 84' lang='lat' dir='ltr'><strong>miraculorum</strong></span> <span class='ocrx_word' id='word_1_7' title='bbox 1329 500 1496 573; x_wconf 88' lang='lat' dir='ltr'><strong>signis</strong></span> <span class='ocrx_word' id='word_1_8' title='bbox 1527 498 1781 569; x_wconf 75' lang='lat' dir='ltr'><strong>inclytam</strong></span> <span class='ocrx_word' id='word_1_9' title='bbox 1809 501 1859 558; x_wconf 79' lang='grc' dir='ltr'><strong>Α</strong></span> 
     </span>
    </p>
   </div>
   <div class='ocr_carea' id='block_1_3' title="bbox 183 593 1783 666">
    <p class='ocr_par' dir='ltr' id='par_1_3' title="bbox 183 593 1783 666">
     <span class='ocr_line' id='line_1_3' title="bbox 183 593 1783 666; baseline -0.008 -10"><span class='ocrx_word' id='word_1_10' title='bbox 183 601 372 656; x_wconf 77' lang='lat' dir='ltr'><strong>duxit.</strong></span> <span class='ocrx_word' id='word_1_11' title='bbox 421 595 586 666; x_wconf 85' lang='lat' dir='ltr'><strong>Cujus</strong></span> <span class='ocrx_word' id='word_1_12' title='bbox 633 595 761 651; x_wconf 87' lang='lat' dir='ltr'><strong>dum</strong></span> <span class='ocrx_word' id='word_1_13' title='bbox 807 593 1056 649; x_wconf 84' lang='lat' dir='ltr'><strong>undecim</strong></span> <span class='ocrx_word' id='word_1_14' title='bbox 1091 608 1262 648; x_wconf 90' lang='lat' dir='ltr'><strong>annos</strong></span> <span class='ocrx_word' id='word_1_15' title='bbox 1302 598 1547 645; x_wconf 86' lang='lat' dir='ltr'><strong>maneret</strong></span> <span class='ocrx_word' id='word_1_16' title='bbox 1585 603 1783 658; x_wconf 87' lang='lat' dir='ltr'><strong>corpus</strong></span> 
     </span>
    </p>
   </div>
   <div class='ocr_carea' id='block_1_4' title="bbox 182 681 1784 759">
    <p class='ocr_par' dir='ltr' id='par_1_4' title="bbox 182 681 1784 759">
     <span class='ocr_line' id='line_1_4' title="bbox 182 681 1784 759; baseline -0.011 -8"><span class='ocrx_word' id='word_1_17' title='bbox 182 697 499 758; x_wconf 81' lang='lat' dir='ltr'><strong>humatum,</strong></span> <span class='ocrx_word' id='word_1_18' title='bbox 532 692 905 759; x_wconf 89' lang='lat' dir='ltr'><strong>incorruptum</strong></span> <span class='ocrx_word' id='word_1_19' title='bbox 935 697 1058 756; x_wconf 90' lang='lat' dir='ltr'><strong>post</strong></span> <span class='ocrx_word' id='word_1_20' title='bbox 1087 686 1222 750; x_wconf 65' lang='lat' dir='ltr'><strong>haec,</strong></span> <span class='ocrx_word' id='word_1_21' title='bbox 1249 683 1402 754; x_wconf 89' lang='lat' dir='ltr'><strong>quasi</strong></span> <span class='ocrx_word' id='word_1_22' title='bbox 1428 683 1618 737; x_wconf 89' lang='lat' dir='ltr'><strong>eadem</strong></span> <span class='ocrx_word' id='word_1_23' title='bbox 1649 681 1784 735; x_wconf 87' lang='lat' dir='ltr'><strong>hora</strong></span> 
     </span>
    </p>
   </div>
   <div class='ocr_carea' id='block_1_5' title="bbox 181 775 1782 848">
    <p class='ocr_par' dir='ltr' id='par_1_5' title="bbox 181 775 1782 848">
     <span class='ocr_line' id='line_1_5' title="bbox 181 775 1782 848; baseline -0.008 -6"><span class='ocrx_word' id='word_1_24' title='bbox 181 786 534 848; x_wconf 85' lang='lat' dir='ltr'><strong>defunctum,</strong></span> <span class='ocrx_word' id='word_1_25' title='bbox 556 781 719 838; x_wconf 83' lang='lat' dir='ltr'><strong>simul</strong></span> <span class='ocrx_word' id='word_1_26' title='bbox 738 795 863 836; x_wconf 89' lang='lat' dir='ltr'><strong>eum</strong></span> <span class='ocrx_word' id='word_1_27' title='bbox 887 787 1037 834; x_wconf 86' lang='lat' dir='ltr'><strong>veste</strong></span> <span class='ocrx_word' id='word_1_28' title='bbox 1056 793 1161 848; x_wconf 88' lang='lat' dir='ltr'><strong>qua</strong></span> <span class='ocrx_word' id='word_1_29' title='bbox 1187 777 1489 847; x_wconf 87' lang='lat' dir='ltr'><strong>tegebatur,</strong></span> <span class='ocrx_word' id='word_1_30' title='bbox 1507 775 1782 829; x_wconf 88' lang='lat' dir='ltr'><strong>inventum</strong></span> 
     </span>
    </p>
   </div>
   <div class='ocr_carea' id='block_1_6' title="bbox 183 867 1495 949">
    <p class='ocr_par' dir='ltr' id='par_1_6' title="bbox 183 867 1495 949">
     <span class='ocr_line' id='line_1_6' title="bbox 183 867 1495 949; baseline -0.014 -11"><span class='ocrx_word' id='word_1_31' title='bbox 183 891 301 938; x_wconf 86' lang='lat' dir='ltr'><strong>est.</strong></span> <span class='ocrx_word' id='word_1_32' title='bbox 332 876 563 949; x_wconf 88' lang='lat' dir='ltr'><strong>Scripsit</strong></span> <span class='ocrx_word' id='word_1_33' title='bbox 592 875 734 930; x_wconf 90' lang='lat' dir='ltr'><strong>Beda</strong></span> <span class='ocrx_word' id='word_1_34' title='bbox 756 871 1040 944; x_wconf 85' lang='lat' dir='ltr'><strong>presbyter</strong></span> <span class='ocrx_word' id='word_1_35' title='bbox 1070 870 1135 923; x_wconf 91' lang='lat' dir='ltr'><strong>de</strong></span> <span class='ocrx_word' id='word_1_36' title='bbox 1154 867 1273 923; x_wconf 82' lang='lat' dir='ltr'><strong>Vita</strong></span> <span class='ocrx_word' id='word_1_37' title='bbox 1304 867 1495 936; x_wconf 84' lang='lat' dir='ltr'><strong>ipsius.</strong></span> 
     </span>
    </p>
   </div>
   <div class='ocr_carea' id='block_1_7' title="bbox 644 978 1336 1044">
    <p class='ocr_par' dir='ltr' id='par_1_7' title="bbox 644 978 1336 1044">
     <span class='ocr_line' id='line_1_7' title="bbox 644 978 1336 1044; baseline -0.014 0"><span class='ocrx_word' id='word_1_38' title='bbox 644 987 709 1044; x_wconf 69' lang='grc' dir='ltr'><strong>(ἒ.</strong></span> <span class='ocrx_word' id='word_1_39' title='bbox 739 984 831 1042; x_wconf 82' lang='lat' dir='ltr'><strong>XII</strong></span> <span class='ocrx_word' id='word_1_40' title='bbox 855 982 1011 1040; x_wconf 83' lang='lat' dir='ltr'><strong>KAL.</strong></span> <span class='ocrx_word' id='word_1_41' title='bbox 1049 978 1336 1036; x_wconf 75' lang='lat' dir='ltr'><strong>APRILIS.</strong></span> 
     </span>
    </p>
   </div>
   <div class='ocr_carea' id='block_1_8' title="bbox 835 1073 1149 1147">
    <p class='ocr_par' dir='ltr' id='par_1_8' title="bbox 835 1073 1149 1147">
     <span class='ocr_line' id='line_1_8' title="bbox 835 1073 1149 1147; baseline -0.019 -17"><span class='ocrx_word' id='word_1_42' title='bbox 835 1075 922 1147; x_wconf 78' lang='lat'><strong>(‘21</strong></span> <span class='ocrx_word' id='word_1_43' title='bbox 961 1073 1149 1143; x_wconf 76' lang='lat' dir='ltr'><strong>Mart.)</strong></span> 
     </span>
    </p>
   </div>
   <div class='ocr_carea' id='block_1_9' title="bbox 269 1177 1780 1270">
    <p class='ocr_par' dir='ltr' id='par_1_9' title="bbox 269 1177 1780 1270">
     <span class='ocr_line' id='line_1_9' title="bbox 269 1177 1780 1270; baseline -0.016 -14"><span class='ocrx_word' id='word_1_44' title='bbox 269 1199 425 1270; x_wconf 91' lang='lat' dir='ltr'><strong>Apud</strong></span> <span class='ocrx_word' id='word_1_45' title='bbox 469 1194 753 1252; x_wconf 90' lang='lat' dir='ltr'><strong>Cassinum</strong></span> <span class='ocrx_word' id='word_1_46' title='bbox 787 1198 1051 1250; x_wconf 88' lang='lat' dir='ltr'><strong>castrum,</strong></span> <span class='ocrx_word' id='word_1_47' title='bbox 1082 1184 1259 1240; x_wconf 88' lang='lat' dir='ltr'><strong>natale</strong></span> <span class='ocrx_word' id='word_1_48' title='bbox 1303 1183 1473 1239; x_wconf 84' lang='lat' dir='ltr'><strong>sancti</strong></span> <span class='ocrx_word' id='word_1_49' title='bbox 1506 1177 1780 1235; x_wconf 79' lang='lat' dir='ltr'><strong>Benedicti</strong></span> 
     </span>
    </p>
   </div>
   <div class='ocr_carea' id='block_1_10' title="bbox 184 1268 1783 1357">
    <p class='ocr_par' dir='ltr' id='par_1_10' title="bbox 184 1268 1783 1357">
     <span class='ocr_line' id='line_1_10' title="bbox 184 1268 1783 1357; baseline -0.019 -6"><span class='ocrx_word' id='word_1_50' title='bbox 184 1268 430 1355; x_wconf 74' lang='lat' dir='ltr'><strong>abbatis,</strong></span> <span class='ocrx_word' id='word_1_51' title='bbox 459 1288 614 1357; x_wconf 86' lang='lat' dir='ltr'><strong>cujus</strong></span> <span class='ocrx_word' id='word_1_52' title='bbox 660 1283 825 1338; x_wconf 89' lang='lat' dir='ltr'><strong>vitam</strong></span> <span class='ocrx_word' id='word_1_53' title='bbox 864 1278 1153 1334; x_wconf 74' lang='lat' dir='ltr'><strong>virtutibus</strong></span> <span class='ocrx_word' id='word_1_54' title='bbox 1192 1272 1552 1351; x_wconf 18' lang='lat' dir='ltr'><strong>etgmiraculis</strong></span> <span class='ocrx_word' id='word_1_55' title='bbox 1587 1268 1783 1342; x_wconf 81' lang='lat' dir='ltr'><strong>glorio-</strong></span> 
     </span>
    </p>
   </div>
   <div class='ocr_carea' id='block_1_11' title="bbox 187 1358 1782 1447">
    <p class='ocr_par' dir='ltr' id='par_1_11' title="bbox 187 1358 1782 1447">
     <span class='ocr_line' id='line_1_11' title="bbox 187 1358 1782 1447; baseline -0.018 -7"><span class='ocrx_word' id='word_1_56' title='bbox 187 1401 338 1447; x_wconf 88' lang='lat' dir='ltr'><strong>sam,</strong></span> <span class='ocrx_word' id='word_1_57' title='bbox 370 1382 424 1436; x_wconf 87' lang='lat' dir='ltr'><strong>in</strong></span> <span class='ocrx_word' id='word_1_58' title='bbox 458 1376 801 1446; x_wconf 70' lang='lat' dir='ltr'><strong>Dialogorum</strong></span> <span class='ocrx_word' id='word_1_59' title='bbox 828 1368 981 1425; x_wconf 86' lang='lat' dir='ltr'><strong>libris</strong></span> <span class='ocrx_word' id='word_1_60' title='bbox 1009 1367 1202 1422; x_wconf 85' lang='lat' dir='ltr'><strong>beatus</strong></span> <span class='ocrx_word' id='word_1_61' title='bbox 1244 1378 1382 1437; x_wconf 87' lang='lat' dir='ltr'><strong>papa</strong></span> <span class='ocrx_word' id='word_1_62' title='bbox 1411 1361 1601 1418; x_wconf 90' lang='lat' dir='ltr'><strong>scribit</strong></span> <span class='ocrx_word' id='word_1_63' title='bbox 1646 1358 1782 1413; x_wconf 84' lang='lat' dir='ltr'><strong>Gre.-</strong></span> 
     </span>
    </p>
   </div>
   <div class='ocr_carea' id='block_1_12' title="bbox 189 1476 466 1548">
    <p class='ocr_par' dir='ltr' id='par_1_12' title="bbox 189 1476 466 1548">
     <span class='ocr_line' id='line_1_12' title="bbox 189 1476 466 1548; baseline -0.029 -14"><span class='ocrx_word' id='word_1_64' title='bbox 189 1476 384 1548; x_wconf 84' lang='lat' dir='ltr'><strong>gorius</strong></span> <span class='ocrx_word' id='word_1_65' title='bbox 417 1485 466 1526; x_wconf 81' lang='grc' dir='ltr'>ι.</span> 
     </span>
    </p>
   </div>
   <div class='ocr_carea' id='block_1_13' title="bbox 265 1553 1445 1628">
    <p class='ocr_par' dir='ltr' id='par_1_13' title="bbox 265 1553 1445 1628">
     <span class='ocr_line' id='line_1_13' title="bbox 265 1553 1445 1628; baseline -0.015 -5"><span class='ocrx_word' id='word_1_66' title='bbox 265 1567 471 1623; x_wconf 83' lang='lat' dir='ltr'><strong>Eodem</strong></span> <span class='ocrx_word' id='word_1_67' title='bbox 497 1564 607 1628; x_wconf 88' lang='lat' dir='ltr'><strong>die,</strong></span> <span class='ocrx_word' id='word_1_68' title='bbox 635 1561 697 1615; x_wconf 84' lang='grc' dir='ltr'><strong>Β.</strong></span> <span class='ocrx_word' id='word_1_69' title='bbox 738 1556 1052 1627; x_wconf 85' lang='lat' dir='ltr'><strong>Serapionis</strong></span> <span class='ocrx_word' id='word_1_70' title='bbox 1084 1553 1445 1609; x_wconf 75' lang='lat' dir='ltr'><strong>anaeltorette.</strong></span> 
     </span>
    </p>
   </div>
   <div class='ocr_carea' id='block_1_14' title="bbox 264 1637 1782 1719">
    <p class='ocr_par' dir='ltr' id='par_1_14' title="bbox 264 1637 1782 1719">
     <span class='ocr_line' id='line_1_14' title="bbox 264 1637 1782 1719; baseline -0.013 -6"><span class='ocrx_word' id='word_1_71' title='bbox 264 1660 335 1714; x_wconf 81' lang='lat' dir='ltr'><strong>Et</strong></span> <span class='ocrx_word' id='word_1_72' title='bbox 364 1658 418 1711; x_wconf 93' lang='lat' dir='ltr'><strong>in</strong></span> <span class='ocrx_word' id='word_1_73' title='bbox 453 1652 728 1710; x_wconf 89' lang='lat' dir='ltr'><strong>territorio</strong></span> <span class='ocrx_word' id='word_1_74' title='bbox 772 1646 1138 1719; x_wconf 89' lang='lat' dir='ltr'><strong>Lugdunensi,</strong></span> <span class='ocrx_word' id='word_1_75' title='bbox 1169 1644 1341 1705; x_wconf 78' lang='lat' dir='ltr'><strong>sancti</strong></span> <span class='ocrx_word' id='word_1_76' title='bbox 1392 1638 1636 1712; x_wconf 87' lang='lat' dir='ltr'><strong>Lupicini</strong></span> <span class='ocrx_word' id='word_1_77' title='bbox 1686 1637 1782 1693; x_wconf 87' lang='lat' dir='ltr'><strong>ab-</strong></span> 
     </span>
    </p>
   </div>
   <div class='ocr_carea' id='block_1_15' title="bbox 193 1732 1781 1811">
    <p class='ocr_par' dir='ltr' id='par_1_15' title="bbox 193 1732 1781 1811">
     <span class='ocr_line' id='line_1_15' title="bbox 193 1732 1781 1811; baseline -0.014 -4"><span class='ocrx_word' id='word_1_78' title='bbox 193 1752 342 1807; x_wconf 84' lang='lat' dir='ltr'><strong>batis</strong></span> <span class='ocrx_word' id='word_1_79' title='bbox 380 1746 721 1806; x_wconf 81' lang='lat' dir='ltr'><strong>Jurensium,</strong></span> <span class='ocrx_word' id='word_1_80' title='bbox 751 1741 905 1811; x_wconf 87' lang='lat' dir='ltr'><strong>cujus</strong></span> <span class='ocrx_word' id='word_1_81' title='bbox 940 1740 1047 1794; x_wconf 88' lang='lat' dir='ltr'><strong>vita</strong></span> <span class='ocrx_word' id='word_1_82' title='bbox 1099 1735 1405 1793; x_wconf 82' lang='lat' dir='ltr'><strong>sanctitatis</strong></span> <span class='ocrx_word' id='word_1_83' title='bbox 1442 1744 1499 1789; x_wconf 91' lang='lat' dir='ltr'><strong>et</strong></span> <span class='ocrx_word' id='word_1_84' title='bbox 1546 1732 1781 1788; x_wconf 86' lang='lat' dir='ltr'><strong>miracu-</strong></span> 
     </span>
    </p>
   </div>
   <div class='ocr_carea' id='block_1_16' title="bbox 198 1805 1853 1913">
    <p class='ocr_par' dir='ltr' id='par_1_16' title="bbox 198 1805 1853 1913">
     <span class='ocr_line' id='line_1_16' title="bbox 198 1805 1853 1913; baseline -0.01 -18"><span class='ocrx_word' id='word_1_85' title='bbox 198 1805 375 1895; x_wconf 73' lang='lat' dir='ltr'><strong>lorum</strong></span> <span class='ocrx_word' id='word_1_86' title='bbox 421 1837 589 1908; x_wconf 78' lang='lat' dir='ltr'><strong>gloria</strong></span> <span class='ocrx_word' id='word_1_87' title='bbox 643 1805 867 1889; x_wconf 81' lang='lat' dir='ltr'><strong>illustris</strong></span> <span class='ocrx_word' id='word_1_88' title='bbox 906 1830 1025 1885; x_wconf 91' lang='lat' dir='ltr'><strong>fuit.</strong></span> <span class='ocrx_word' id='word_1_89' title='bbox 1071 1829 1281 1900; x_wconf 74' lang='lat' dir='ltr'><strong>Corpus</strong></span> <span class='ocrx_word' id='word_1_90' title='bbox 1323 1826 1441 1895; x_wconf 84' lang='lat' dir='ltr'><strong>ejus</strong></span> <span class='ocrx_word' id='word_1_91' title='bbox 1477 1826 1531 1879; x_wconf 93' lang='lat' dir='ltr'><strong>in</strong></span> <span class='ocrx_word' id='word_1_92' title='bbox 1579 1805 1853 1913; x_wconf 35' lang='lat' dir='ltr'><strong>finibus];</strong></span> 
     </span>
    </p>
   </div>
   <div class='ocr_carea' id='block_1_17' title="bbox 199 1911 1777 1994">
    <p class='ocr_par' dir='ltr' id='par_1_17' title="bbox 199 1911 1777 1994">
     <span class='ocr_line' id='line_1_17' title="bbox 199 1911 1777 1994; baseline -0.011 -7"><span class='ocrx_word' id='word_1_93' title='bbox 199 1929 607 1993; x_wconf 82' lang='lat' dir='ltr'><strong>Vesontionem,</strong></span> <span class='ocrx_word' id='word_1_94' title='bbox 640 1923 781 1994; x_wconf 87' lang='lat' dir='ltr'><strong>apud</strong></span> <span class='ocrx_word' id='word_1_95' title='bbox 811 1921 1158 1977; x_wconf 88' lang='lat' dir='ltr'><strong>Laoconense</strong></span> <span class='ocrx_word' id='word_1_96' title='bbox 1205 1915 1593 1974; x_wconf 89' lang='lat' dir='ltr'><strong>monasterium</strong></span> <span class='ocrx_word' id='word_1_97' title='bbox 1637 1911 1777 1970; x_wconf 86' lang='lat' dir='ltr'><strong>cele-</strong></span> 
     </span>
    </p>
   </div>
   <div class='ocr_carea' id='block_1_18' title="bbox 191 2024 406 2079">
    <p class='ocr_par' dir='ltr' id='par_1_18' title="bbox 191 2024 406 2079">
     <span class='ocr_line' id='line_1_18' title="bbox 191 2024 406 2079; baseline -0.023 0"><span class='ocrx_word' id='word_1_98' title='bbox 191 2024 406 2079; x_wconf 83' lang='lat' dir='ltr'><strong>bratur.</strong></span> 
     </span>
    </p>
   </div>
   <div class='ocr_carea' id='block_1_19' title="bbox 644 2102 1315 2163">
    <p class='ocr_par' dir='ltr' id='par_1_19' title="bbox 644 2102 1315 2163">
     <span class='ocr_line' id='line_1_19' title="bbox 644 2102 1315 2163; baseline -0.012 0"><span class='ocrx_word' id='word_1_99' title='bbox 644 2110 706 2163; x_wconf 93' lang='lat' dir='ltr'><strong>D.</strong></span> <span class='ocrx_word' id='word_1_100' title='bbox 739 2104 999 2162; x_wconf 68' lang='grc' dir='ltr'><strong>ΧΒΚΛΒ.</strong></span> <span class='ocrx_word' id='word_1_101' title='bbox 1030 2102 1315 2159; x_wconf 75' lang='lat' dir='ltr'><strong>APNLlS.</strong></span> 
     </span>
    </p>
   </div>
   <div class='ocr_carea' id='block_1_20' title="bbox 833 2193 1145 2267">
    <p class='ocr_par' dir='ltr' id='par_1_20' title="bbox 833 2193 1145 2267">
     <span class='ocr_line' id='line_1_20' title="bbox 833 2193 1145 2267; baseline -0.013 -16"><span class='ocrx_word' id='word_1_102' title='bbox 833 2197 932 2267; x_wconf 69' lang='grc'><strong>(29.-</strong></span> <span class='ocrx_word' id='word_1_103' title='bbox 956 2193 1145 2263; x_wconf 69' lang='lat' dir='ltr'><strong>Hart.)</strong></span> 
     </span>
    </p>
   </div>
   <div class='ocr_carea' id='block_1_21' title="bbox 268 2296 1782 2367">
    <p class='ocr_par' dir='ltr' id='par_1_21' title="bbox 268 2296 1782 2367">
     <span class='ocr_line' id='line_1_21' title="bbox 268 2296 1782 2367; baseline -0.01 0"><span class='ocrx_word' id='word_1_104' title='bbox 268 2315 296 2353; x_wconf 70' lang='grc' dir='ltr'>ι»</span> <span class='ocrx_word' id='word_1_105' title='bbox 330 2313 390 2366; x_wconf 88' lang='lat' dir='ltr'><strong>in</strong></span> <span class='ocrx_word' id='word_1_106' title='bbox 429 2308 617 2366; x_wconf 81' lang='lat' dir='ltr'><strong>Galliis</strong></span> <span class='ocrx_word' id='word_1_107' title='bbox 643 2306 863 2362; x_wconf 88' lang='lat' dir='ltr'><strong>civitate</strong></span> <span class='ocrx_word' id='word_1_108' title='bbox 889 2304 1169 2367; x_wconf 81' lang='lat' dir='ltr'><strong>Narbona,</strong></span> <span class='ocrx_word' id='word_1_109' title='bbox 1199 2300 1377 2356; x_wconf 90' lang='lat' dir='ltr'><strong>natale</strong></span> <span class='ocrx_word' id='word_1_110' title='bbox 1405 2298 1579 2354; x_wconf 87' lang='lat' dir='ltr'><strong>sancti</strong></span> <span class='ocrx_word' id='word_1_111' title='bbox 1630 2296 1782 2352; x_wconf 86' lang='lat' dir='ltr'><strong>Pauli</strong></span> 
     </span>
    </p>
   </div>
   <div class='ocr_carea' id='block_1_22' title="bbox 184 2392 1604 2476">
    <p class='ocr_par' dir='ltr' id='par_1_22' title="bbox 184 2392 1604 2476">
     <span class='ocr_line' id='line_1_22' title="bbox 184 2392 1604 2476; baseline -0.011 -16"><span class='ocrx_word' id='word_1_112' title='bbox 184 2403 432 2476; x_wconf 73' lang='lat' dir='ltr'><strong>episcopi</strong></span> <span class='ocrx_word' id='word_1_113' title='bbox 461 2410 517 2457; x_wconf 93' lang='lat' dir='ltr'><strong>et</strong></span> <span class='ocrx_word' id='word_1_114' title='bbox 550 2396 898 2461; x_wconf 87' lang='lat' dir='ltr'><strong>confessoris,</strong></span> <span class='ocrx_word' id='word_1_115' title='bbox 929 2394 1176 2465; x_wconf 88' lang='lat' dir='ltr'><strong>discipuli</strong></span> <span class='ocrx_word' id='word_1_116' title='bbox 1216 2392 1604 2463; x_wconf 84' lang='lat' dir='ltr'><strong>apostolorum.</strong></span> 
     </span>
    </p>
   </div>
   <div class='ocr_carea' id='block_1_23' title="bbox 658 2524 1309 2586">
    <p class='ocr_par' dir='ltr' id='par_1_23' title="bbox 658 2524 1309 2586">
     <span class='ocr_line' id='line_1_23' title="bbox 658 2524 1309 2586; baseline -0.009 0"><span class='ocrx_word' id='word_1_117' title='bbox 658 2531 722 2586; x_wconf 87' lang='lat' dir='ltr'><strong>E.</strong></span> <span class='ocrx_word' id='word_1_118' title='bbox 750 2529 798 2585; x_wconf 75' lang='grc' dir='ltr'>Χ</span> <span class='ocrx_word' id='word_1_119' title='bbox 826 2528 981 2585; x_wconf 79' lang='grc' dir='ltr'><strong>ΚΑΒ.</strong></span> <span class='ocrx_word' id='word_1_120' title='bbox 1021 2524 1309 2582; x_wconf 78' lang='lat' dir='ltr'><strong>APRILIS.</strong></span> 
     </span>
    </p>
   </div>
   <div class='ocr_carea' id='block_1_24' title="bbox 829 2616 1154 2691">
    <p class='ocr_par' dir='ltr' id='par_1_24' title="bbox 829 2616 1154 2691">
     <span class='ocr_line' id='line_1_24' title="bbox 829 2616 1154 2691; baseline -0.009 -18"><span class='ocrx_word' id='word_1_121' title='bbox 829 2617 922 2691; x_wconf 70' lang='lat'><strong>(23</strong></span> <span class='ocrx_word' id='word_1_122' title='bbox 957 2616 1154 2686; x_wconf 69' lang='lat' dir='ltr'><strong>Mam)</strong></span> 
     </span>
    </p>
   </div>
   <div class='ocr_carea' id='block_1_25' title="bbox 277 2721 1783 2799">
    <p class='ocr_par' dir='ltr' id='par_1_25' title="bbox 277 2721 1783 2799">
     <span class='ocr_line' id='line_1_25' title="bbox 277 2721 1783 2799; baseline -0.011 -8"><span class='ocrx_word' id='word_1_123' title='bbox 277 2749 302 2777; x_wconf 70' lang='grc' dir='ltr'>ε</span> <span class='ocrx_word' id='word_1_124' title='bbox 334 2736 391 2791; x_wconf 91' lang='lat' dir='ltr'><strong>in</strong></span> <span class='ocrx_word' id='word_1_125' title='bbox 421 2734 612 2795; x_wconf 82' lang='lat' dir='ltr'><strong>Africa,</strong></span> <span class='ocrx_word' id='word_1_126' title='bbox 635 2738 945 2788; x_wconf 88' lang='lat' dir='ltr'><strong>sanctorum</strong></span> <span class='ocrx_word' id='word_1_127' title='bbox 971 2736 1273 2799; x_wconf 89' lang='lat' dir='ltr'><strong>martyrum</strong></span> <span class='ocrx_word' id='word_1_128' title='bbox 1307 2721 1623 2787; x_wconf 85' lang='lat' dir='ltr'><strong>Victoriani,</strong></span> <span class='ocrx_word' id='word_1_129' title='bbox 1652 2722 1783 2776; x_wconf 79' lang='lat' dir='ltr'><strong>Fru-</strong></span> 
     </span>
    </p>
   </div>
   <div class='ocr_carea' id='block_1_26' title="bbox 196 2815 1781 2889">
    <p class='ocr_par' dir='ltr' id='par_1_26' title="bbox 196 2815 1781 2889">
     <span class='ocr_line' id='line_1_26' title="bbox 196 2815 1781 2889; baseline -0.014 -4"><span class='ocrx_word' id='word_1_130' title='bbox 196 2826 498 2889; x_wconf 86' lang='lat' dir='ltr'><strong>mentii,.et</strong></span> <span class='ocrx_word' id='word_1_131' title='bbox 529 2822 750 2877; x_wconf 85' lang='lat' dir='ltr'><strong>alterius</strong></span> <span class='ocrx_word' id='word_1_132' title='bbox 782 2817 1104 2883; x_wconf 87' lang='lat' dir='ltr'><strong>Frumentii,</strong></span> <span class='ocrx_word' id='word_1_133' title='bbox 1141 2824 1198 2872; x_wconf 87' lang='lat' dir='ltr'><strong>et</strong></span> <span class='ocrx_word' id='word_1_134' title='bbox 1239 2815 1465 2870; x_wconf 90' lang='lat' dir='ltr'><strong>duorum</strong></span> <span class='ocrx_word' id='word_1_135' title='bbox 1496 2825 1781 2884; x_wconf 88' lang='lat' dir='ltr'><strong>germano-</strong></span> 
     </span>
    </p>
   </div>
   <div class='ocr_carea' id='block_1_27' title="bbox 194 2900 1784 2986">
    <p class='ocr_par' dir='ltr' id='par_1_27' title="bbox 194 2900 1784 2986">
     <span class='ocr_line' id='line_1_27' title="bbox 194 2900 1784 2986; baseline -0.012 -13"><span class='ocrx_word' id='word_1_136' title='bbox 194 2935 339 2983; x_wconf 87' lang='lat' dir='ltr'><strong>rum,</strong></span> <span class='ocrx_word' id='word_1_137' title='bbox 362 2915 453 2986; x_wconf 88' lang='lat' dir='ltr'><strong>qui</strong></span> <span class='ocrx_word' id='word_1_138' title='bbox 482 2929 671 2970; x_wconf 89' lang='lat' dir='ltr'><strong>omnes</strong></span> <span class='ocrx_word' id='word_1_139' title='bbox 690 2908 1069 2984; x_wconf 89' lang='lat' dir='ltr'><strong>persecutione</strong></span> <span class='ocrx_word' id='word_1_140' title='bbox 1089 2905 1405 2968; x_wconf 77' lang='lat' dir='ltr'><strong>Vandalica,</strong></span> <span class='ocrx_word' id='word_1_141' title='bbox 1430 2903 1530 2959; x_wconf 90' lang='lat' dir='ltr'><strong>sub</strong></span> <span class='ocrx_word' id='word_1_142' title='bbox 1564 2900 1784 2956; x_wconf 82' lang='lat' dir='ltr'><strong>Hunno-</strong></span> 
     </span>
    </p>
   </div>
   <div class='ocr_carea' id='block_1_28' title="bbox 193 2992 1783 3075">
    <p class='ocr_par' dir='ltr' id='par_1_28' title="bbox 193 2992 1783 3075">
     <span class='ocr_line' id='line_1_28' title="bbox 193 2992 1783 3075; baseline -0.009 -13"><span class='ocrx_word' id='word_1_143' title='bbox 193 3009 308 3062; x_wconf 89' lang='lat' dir='ltr'><strong>rico</strong></span> <span class='ocrx_word' id='word_1_144' title='bbox 337 3020 463 3075; x_wconf 85' lang='lat' dir='ltr'><strong>rege</strong></span> <span class='ocrx_word' id='word_1_145' title='bbox 486 3004 687 3059; x_wconf 85' lang='lat' dir='ltr'><strong>Ariano</strong></span> <span class='ocrx_word' id='word_1_146' title='bbox 712 3002 853 3072; x_wconf 88' lang='lat' dir='ltr'><strong>apud</strong></span> <span class='ocrx_word' id='word_1_147' title='bbox 877 2999 1116 3056; x_wconf 84' lang='lat' dir='ltr'><strong>Africam</strong></span> <span class='ocrx_word' id='word_1_148' title='bbox 1135 3012 1236 3069; x_wconf 89' lang='lat' dir='ltr'><strong>pro</strong></span> <span class='ocrx_word' id='word_1_149' title='bbox 1265 2993 1569 3052; x_wconf 89' lang='lat' dir='ltr'><strong>constantia</strong></span> <span class='ocrx_word' id='word_1_150' title='bbox 1591 2992 1783 3048; x_wconf 88' lang='lat' dir='ltr'><strong>catho-</strong></span> 
     </span>
    </p>
   </div>
   <div class='ocr_carea' id='block_1_29' title="bbox 190 3082 1778 3181">
    <p class='ocr_par' dir='ltr' id='par_1_29' title="bbox 190 3082 1778 3181">
     <span class='ocr_line' id='line_1_29' title="bbox 190 3082 1778 3181; baseline -0.012 -25"><span class='ocrx_word' id='word_1_151' title='bbox 190 3101 310 3181; x_wconf 65' lang='lat' dir='ltr'><strong>lica:</strong></span> <span class='ocrx_word' id='word_1_152' title='bbox 333 3095 695 3153; x_wconf 80' lang='lat' dir='ltr'><strong>confessionis</strong></span> <span class='ocrx_word' id='word_1_153' title='bbox 719 3089 1131 3156; x_wconf 63' lang='lat' dir='ltr'><strong>immanissimis‘</strong></span> <span class='ocrx_word' id='word_1_154' title='bbox 1153 3086 1431 3159; x_wconf 87' lang='lat' dir='ltr'><strong>suppliciis</strong></span> <span class='ocrx_word' id='word_1_155' title='bbox 1452 3082 1778 3149; x_wconf 79' lang='lat' dir='ltr'><strong>excruciati,</strong></span> 
     </span>
    </p>
   </div>
   <div class='ocr_carea' id='block_1_30' title="bbox 189 3186 853 3262">
    <p class='ocr_par' dir='ltr' id='par_1_30' title="bbox 189 3186 853 3262">
     <span class='ocr_line' id='line_1_30' title="bbox 189 3186 853 3262; baseline -0.014 -17"><span class='ocrx_word' id='word_1_156' title='bbox 189 3191 406 3262; x_wconf 79' lang='lat' dir='ltr'><strong>egregie</strong></span> <span class='ocrx_word' id='word_1_157' title='bbox 430 3186 676 3246; x_wconf 89' lang='lat' dir='ltr'><strong>coronati</strong></span> <span class='ocrx_word' id='word_1_158' title='bbox 706 3192 853 3240; x_wconf 88' lang='lat' dir='ltr'><strong>sunt.</strong></span> 
     </span>
    </p>
   </div>
   <div class='ocr_carea' id='block_1_31' title="bbox 615 3289 1314 3354">
    <p class='ocr_par' dir='ltr' id='par_1_31' title="bbox 615 3289 1314 3354">
     <span class='ocr_line' id='line_1_31' title="bbox 615 3289 1314 3354; baseline -0.014 -1"><span class='ocrx_word' id='word_1_159' title='bbox 615 3296 679 3354; x_wconf 88' lang='lat' dir='ltr'><strong>F.</strong></span> <span class='ocrx_word' id='word_1_160' title='bbox 719 3294 790 3350; x_wconf 69' lang='grc' dir='ltr'>ιχ</span> <span class='ocrx_word' id='word_1_161' title='bbox 826 3293 985 3348; x_wconf 81' lang='grc' dir='ltr'><strong>ΚΑΒ.</strong></span> <span class='ocrx_word' id='word_1_162' title='bbox 1023 3289 1314 3347; x_wconf 81' lang='lat' dir='ltr'><strong>APRILIS.</strong></span> 
     </span>
    </p>
   </div>
   <div class='ocr_carea' id='block_1_32' title="bbox 801 3404 1104 3480">
    <p class='ocr_par' dir='ltr' id='par_1_32' title="bbox 801 3404 1104 3480">
     <span class='ocr_line' id='line_1_32' title="bbox 801 3404 1104 3480; baseline -0.013 -17"><span class='ocrx_word' id='word_1_163' title='bbox 801 3407 894 3480; x_wconf 73' lang='grc'><strong>(24</strong></span> <span class='ocrx_word' id='word_1_164' title='bbox 920 3404 1104 3478; x_wconf 69' lang='lat' dir='ltr'><strong>Mart.)</strong></span> 
     </span>
    </p>
   </div>
   <div class='ocr_carea' id='block_1_33' title="bbox 268 3511 1779 3597">
    <p class='ocr_par' dir='ltr' id='par_1_33' title="bbox 268 3511 1779 3597">
     <span class='ocr_line' id='line_1_33' title="bbox 268 3511 1779 3597; baseline -0.012 -13"><span class='ocrx_word' id='word_1_165' title='bbox 268 3531 474 3593; x_wconf 62' lang='lat' dir='ltr'><strong>Romae,</strong></span> <span class='ocrx_word' id='word_1_166' title='bbox 503 3524 684 3582; x_wconf 88' lang='lat' dir='ltr'><strong>natale</strong></span> <span class='ocrx_word' id='word_1_167' title='bbox 711 3523 883 3592; x_wconf 70' lang='lat' dir='ltr'><strong>sancti</strong></span> <span class='ocrx_word' id='word_1_168' title='bbox 902 3518 1169 3597; x_wconf 55' lang='lat' dir='ltr'><strong>Pignenii</strong></span> <span class='ocrx_word' id='word_1_169' title='bbox 1195 3515 1515 3588; x_wconf 86' lang='lat' dir='ltr'><strong>presbyteri.</strong></span> <span class='ocrx_word' id='word_1_170' title='bbox 1550 3513 1650 3568; x_wconf 83' lang='lat' dir='ltr'><strong>llic</strong></span> <span class='ocrx_word' id='word_1_171' title='bbox 1677 3511 1779 3568; x_wconf 80' lang='lat' dir='ltr'><strong>lu-</strong></span> 
     </span>
    </p>
   </div>
   <div class='ocr_carea' id='block_1_34' title="bbox 192 3603 1784 3687">
    <p class='ocr_par' dir='ltr' id='par_1_34' title="bbox 192 3603 1784 3687">
     <span class='ocr_line' id='line_1_34' title="bbox 192 3603 1784 3687; baseline -0.01 -13"><span class='ocrx_word' id='word_1_172' title='bbox 192 3621 398 3677; x_wconf 87' lang='lat' dir='ltr'><strong>lianum</strong></span> <span class='ocrx_word' id='word_1_173' title='bbox 427 3624 727 3687; x_wconf 85' lang='lat' dir='ltr'><strong>apostatem</strong></span> <span class='ocrx_word' id='word_1_174' title='bbox 775 3621 831 3670; x_wconf 91' lang='lat' dir='ltr'><strong>et</strong></span> <span class='ocrx_word' id='word_1_175' title='bbox 880 3611 1102 3682; x_wconf 90' lang='lat' dir='ltr'><strong>impium</strong></span> <span class='ocrx_word' id='word_1_176' title='bbox 1135 3625 1164 3663; x_wconf 93' lang='lat' dir='ltr'><strong>a</strong></span> <span class='ocrx_word' id='word_1_177' title='bbox 1214 3620 1380 3677; x_wconf 91' lang='lat' dir='ltr'><strong>puero</strong></span> <span class='ocrx_word' id='word_1_178' title='bbox 1433 3603 1676 3669; x_wconf 83' lang='lat' dir='ltr'><strong>nutrivit,</strong></span> <span class='ocrx_word' id='word_1_179' title='bbox 1727 3610 1784 3659; x_wconf 85' lang='lat' dir='ltr'><strong>et</strong></span> 
     </span>
    </p>
   </div>
   <div class='ocr_carea' id='block_1_35' title="bbox 196 3696 1782 3767">
    <p class='ocr_par' dir='ltr' id='par_1_35' title="bbox 196 3696 1782 3767">
     <span class='ocr_line' id='line_1_35' title="bbox 196 3696 1782 3767; baseline -0.01 -3"><span class='ocrx_word' id='word_1_180' title='bbox 196 3708 398 3764; x_wconf 87' lang='lat' dir='ltr'><strong>litteris</strong></span> <span class='ocrx_word' id='word_1_181' title='bbox 417 3707 578 3763; x_wconf 89' lang='lat' dir='ltr'><strong>etiam</strong></span> <span class='ocrx_word' id='word_1_182' title='bbox 607 3704 781 3760; x_wconf 89' lang='lat' dir='ltr'><strong>sacris</strong></span> <span class='ocrx_word' id='word_1_183' title='bbox 812 3701 1069 3759; x_wconf 89' lang='lat' dir='ltr'><strong>erudivit.</strong></span> <span class='ocrx_word' id='word_1_184' title='bbox 1104 3698 1210 3756; x_wconf 90' lang='lat' dir='ltr'><strong>Sed</strong></span> <span class='ocrx_word' id='word_1_185' title='bbox 1259 3696 1434 3754; x_wconf 88' lang='lat' dir='ltr'><strong>factus</strong></span> <span class='ocrx_word' id='word_1_186' title='bbox 1486 3697 1782 3767; x_wconf 87' lang='lat' dir='ltr'><strong>imperator</strong></span> 
     </span>
    </p>
   </div>
   <div class='ocr_carea' id='block_1_36' title="bbox 199 3786 1782 3868">
    <p class='ocr_par' dir='ltr' id='par_1_36' title="bbox 199 3786 1782 3868">
     <span class='ocr_line' id='line_1_36' title="bbox 199 3786 1782 3868; baseline -0.008 -14"><span class='ocrx_word' id='word_1_187' title='bbox 199 3798 465 3855; x_wconf 91' lang='lat' dir='ltr'><strong>culturam</strong></span> <span class='ocrx_word' id='word_1_188' title='bbox 508 3795 726 3868; x_wconf 87' lang='lat' dir='ltr'><strong>pietatis</strong></span> <span class='ocrx_word' id='word_1_189' title='bbox 772 3801 1059 3865; x_wconf 87' lang='lat' dir='ltr'><strong>postquam</strong></span> <span class='ocrx_word' id='word_1_190' title='bbox 1114 3790 1372 3860; x_wconf 90' lang='lat' dir='ltr'><strong>reliquit:</strong></span> <span class='ocrx_word' id='word_1_191' title='bbox 1409 3787 1594 3843; x_wconf 91' lang='lat' dir='ltr'><strong>audito</strong></span> <span class='ocrx_word' id='word_1_192' title='bbox 1638 3786 1782 3857; x_wconf 91' lang='lat' dir='ltr'><strong>quod</strong></span> 
     </span>
    </p>
   </div>
   <div class='ocr_carea' id='block_1_37' title="bbox 193 3876 1783 3960">
    <p class='ocr_par' dir='ltr' id='par_1_37' title="bbox 193 3876 1783 3960">
     <span class='ocr_line' id='line_1_37' title="bbox 193 3876 1783 3960; baseline -0.008 -18"><span class='ocrx_word' id='word_1_193' title='bbox 193 3904 427 3960; x_wconf 75' lang='lat' dir='ltr'><strong>mrpora</strong></span> <span class='ocrx_word' id='word_1_194' title='bbox 457 3895 768 3943; x_wconf 89' lang='lat' dir='ltr'><strong>sanctorum</strong></span> <span class='ocrx_word' id='word_1_195' title='bbox 798 3892 1118 3955; x_wconf 81' lang='lat' dir='ltr'><strong>martyrum,</strong></span> <span class='ocrx_word' id='word_1_196' title='bbox 1144 3881 1239 3951; x_wconf 89' lang='lat' dir='ltr'><strong>qui</strong></span> <span class='ocrx_word' id='word_1_197' title='bbox 1288 3879 1358 3934; x_wconf 91' lang='lat' dir='ltr'><strong>ab</strong></span> <span class='ocrx_word' id='word_1_198' title='bbox 1402 3894 1468 3934; x_wconf 85' lang='lat' dir='ltr'><strong>eo</strong></span> <span class='ocrx_word' id='word_1_199' title='bbox 1517 3876 1783 3933; x_wconf 82' lang='lat' dir='ltr'><strong>necaban-</strong></span> 
     </span>
    </p>
   </div>
   <div class='ocr_carea' id='block_1_38' title="bbox 196 3967 1783 4052">
    <p class='ocr_par' dir='ltr' id='par_1_38' title="bbox 196 3967 1783 4052">
     <span class='ocr_line' id='line_1_38' title="bbox 196 3967 1783 4052; baseline -0.01 -14"><span class='ocrx_word' id='word_1_200' title='bbox 196 3993 311 4049; x_wconf 90' lang='lat' dir='ltr'><strong>tur,</strong></span> <span class='ocrx_word' id='word_1_201' title='bbox 350 3981 490 4037; x_wconf 89' lang='lat' dir='ltr'><strong>idem</strong></span> <span class='ocrx_word' id='word_1_202' title='bbox 516 3977 828 4052; x_wconf 81' lang='lat' dir='ltr'><strong>Pigmenius</strong></span> <span class='ocrx_word' id='word_1_203' title='bbox 880 3973 1158 4052; x_wconf 77' lang='lat' dir='ltr'><strong>sepeliret,</strong></span> <span class='ocrx_word' id='word_1_204' title='bbox 1198 3971 1544 4027; x_wconf 88' lang='lat' dir='ltr'><strong>mandavitei</strong></span> <span class='ocrx_word' id='word_1_205' title='bbox 1570 3986 1586 4024; x_wconf 88' lang='lat'><strong>:</strong></span> <span class='ocrx_word' id='word_1_206' title='bbox 1610 3967 1783 4041; x_wconf 87' lang='lat' dir='ltr'><strong>Perge</strong></span> 
     </span>
    </p>
   </div>
   <div class='ocr_carea' id='block_1_39' title="bbox 192 4064 1779 4149">
    <p class='ocr_par' dir='ltr' id='par_1_39' title="bbox 192 4064 1779 4149">
     <span class='ocr_line' id='line_1_39' title="bbox 192 4064 1779 4149; baseline -0.008 -21"><span class='ocrx_word' id='word_1_207' title='bbox 192 4091 307 4145; x_wconf 89' lang='lat' dir='ltr'><strong>quo</strong></span> <span class='ocrx_word' id='word_1_208' title='bbox 326 4072 611 4139; x_wconf 81' lang='lat' dir='ltr'><strong>volueris;</strong></span> <span class='ocrx_word' id='word_1_209' title='bbox 649 4071 736 4127; x_wconf 87' lang='lat' dir='ltr'><strong>hic</strong></span> <span class='ocrx_word' id='word_1_210' title='bbox 783 4069 928 4125; x_wconf 89' lang='lat' dir='ltr'><strong>enim</strong></span> <span class='ocrx_word' id='word_1_211' title='bbox 974 4083 1081 4149; x_wconf 78' lang='lat' dir='ltr'><strong>non</strong></span> <span class='ocrx_word' id='word_1_212' title='bbox 1132 4065 1461 4122; x_wconf 88' lang='lat' dir='ltr'><strong>mercabitur</strong></span> <span class='ocrx_word' id='word_1_213' title='bbox 1507 4064 1617 4118; x_wconf 89' lang='lat' dir='ltr'><strong>vita</strong></span> <span class='ocrx_word' id='word_1_214' title='bbox 1666 4071 1779 4127; x_wconf 90' lang='lat' dir='ltr'><strong>tua,</strong></span> 
     </span>
    </p>
   </div>
   <div class='ocr_carea' id='block_1_40' title="bbox 193 4155 1819 4234">
    <p class='ocr_par' dir='ltr' id='par_1_40' title="bbox 193 4155 1819 4234">
     <span class='ocr_line' id='line_1_40' title="bbox 193 4155 1819 4234; baseline -0.01 -9"><span class='ocrx_word' id='word_1_215' title='bbox 193 4181 381 4225; x_wconf 87' lang='lat' dir='ltr'><strong>tamen</strong></span> <span class='ocrx_word' id='word_1_216' title='bbox 416 4166 650 4223; x_wconf 90' lang='lat' dir='ltr'><strong>servitiis</strong></span> <span class='ocrx_word' id='word_1_217' title='bbox 686 4166 791 4221; x_wconf 90' lang='lat' dir='ltr'><strong>tuis</strong></span> <span class='ocrx_word' id='word_1_218' title='bbox 810 4163 1089 4234; x_wconf 64' lang='lat' dir='ltr'><strong>praemium</strong></span> <span class='ocrx_word' id='word_1_219' title='bbox 1122 4160 1306 4225; x_wconf 86' lang='lat' dir='ltr'><strong>reddo,</strong></span> <span class='ocrx_word' id='word_1_220' title='bbox 1342 4175 1444 4214; x_wconf 90' lang='lat' dir='ltr'><strong>non</strong></span> <span class='ocrx_word' id='word_1_221' title='bbox 1485 4156 1601 4212; x_wconf 90' lang='lat' dir='ltr'><strong>tibi.</strong></span> <span class='ocrx_word' id='word_1_222' title='bbox 1633 4155 1819 4211; x_wconf 44' lang='lat' dir='ltr'><strong>&#39;l‘une.</strong></span> 
     </span>
    </p>
   </div>
   <div class='ocr_carea' id='block_1_41' title="bbox 191 4248 1783 4331">
    <p class='ocr_par' dir='ltr' id='par_1_41' title="bbox 191 4248 1783 4331">
     <span class='ocr_line' id='line_1_41' title="bbox 191 4248 1783 4331; baseline -0.011 -13"><span class='ocrx_word' id='word_1_223' title='bbox 191 4270 422 4319; x_wconf 83' lang='lat' dir='ltr'><strong>sanctus</strong></span> <span class='ocrx_word' id='word_1_224' title='bbox 446 4258 752 4331; x_wconf 88' lang='lat' dir='ltr'><strong>Pigmenius</strong></span> <span class='ocrx_word' id='word_1_225' title='bbox 780 4254 1020 4326; x_wconf 78' lang='lat' dir='ltr'><strong>perrexit</strong></span> <span class='ocrx_word' id='word_1_226' title='bbox 1047 4253 1115 4308; x_wconf 90' lang='lat' dir='ltr'><strong>ad</strong></span> <span class='ocrx_word' id='word_1_227' title='bbox 1151 4251 1449 4314; x_wconf 88' lang='lat' dir='ltr'><strong>Persidem,</strong></span> <span class='ocrx_word' id='word_1_228' title='bbox 1480 4248 1569 4304; x_wconf 92' lang='lat' dir='ltr'><strong>ubi</strong></span> <span class='ocrx_word' id='word_1_229' title='bbox 1595 4249 1783 4302; x_wconf 85' lang='lat' dir='ltr'><strong>demo-</strong></span> 
     </span>
    </p>
   </div>
   <div class='ocr_carea' id='block_1_42' title="bbox 194 4338 1786 4417">
    <p class='ocr_par' dir='ltr' id='par_1_42' title="bbox 194 4338 1786 4417">
     <span class='ocr_line' id='line_1_42' title="bbox 194 4338 1786 4417; baseline -0.009 -12"><span class='ocrx_word' id='word_1_230' title='bbox 194 4360 352 4406; x_wconf 85' lang='lat' dir='ltr'><strong>ratus</strong></span> <span class='ocrx_word' id='word_1_231' title='bbox 379 4363 552 4403; x_wconf 88' lang='lat' dir='ltr'><strong>aunos</strong></span> <span class='ocrx_word' id='word_1_232' title='bbox 573 4356 806 4417; x_wconf 90' lang='lat' dir='ltr'><strong>quatuor</strong></span> <span class='ocrx_word' id='word_1_233' title='bbox 825 4345 1004 4400; x_wconf 88' lang='lat' dir='ltr'><strong>iactus</strong></span> <span class='ocrx_word' id='word_1_234' title='bbox 1030 4350 1115 4398; x_wconf 90' lang='lat' dir='ltr'><strong>est</strong></span> <span class='ocrx_word' id='word_1_235' title='bbox 1147 4357 1340 4398; x_wconf 68' lang='lat' dir='ltr'><strong>eamus.</strong></span> <span class='ocrx_word' id='word_1_236' title='bbox 1368 4338 1495 4393; x_wconf 89' lang='lat' dir='ltr'><strong>inde</strong></span> <span class='ocrx_word' id='word_1_237' title='bbox 1536 4343 1786 4393; x_wconf 88' lang='lat' dir='ltr'><strong>monetur</strong></span> 
     </span>
    </p>
   </div>
   <div class='ocr_carea' id='block_1_43' title="bbox 192 4429 1787 4503">
    <p class='ocr_par' dir='ltr' id='par_1_43' title="bbox 192 4429 1787 4503">
     <span class='ocr_line' id='line_1_43' title="bbox 192 4429 1787 4503; baseline -0.01 -5"><span class='ocrx_word' id='word_1_238' title='bbox 192 4447 252 4500; x_wconf 88' lang='lat' dir='ltr'><strong>in</strong></span> <span class='ocrx_word' id='word_1_239' title='bbox 282 4442 490 4499; x_wconf 83' lang='lat' dir='ltr'><strong>somnis</strong></span> <span class='ocrx_word' id='word_1_240' title='bbox 516 4457 546 4495; x_wconf 88' lang='lat' dir='ltr'><strong>a</strong></span> <span class='ocrx_word' id='word_1_241' title='bbox 570 4440 816 4503; x_wconf 89' lang='lat' dir='ltr'><strong>Domino,</strong></span> <span class='ocrx_word' id='word_1_242' title='bbox 845 4447 912 4500; x_wconf 68' lang='lat' dir='ltr'><strong>utl</strong></span> <span class='ocrx_word' id='word_1_243' title='bbox 922 4442 1290 4503; x_wconf 71' lang='lat' dir='ltr'><strong>reverteretur</strong></span> <span class='ocrx_word' id='word_1_244' title='bbox 1323 4434 1570 4487; x_wconf 78' lang='lat' dir='ltr'><strong>Romam.</strong></span> <span class='ocrx_word' id='word_1_245' title='bbox 1626 4429 1787 4485; x_wconf 90' lang='lat' dir='ltr'><strong>Cum-</strong></span> 
     </span>
    </p>
   </div>
   <div class='ocr_carea' id='block_1_44' title="bbox 192 4519 1788 4605">
    <p class='ocr_par' dir='ltr' id='par_1_44' title="bbox 192 4519 1788 4605">
     <span class='ocr_line' id='line_1_44' title="bbox 192 4519 1788 4605; baseline -0.007 -20"><span class='ocrx_word' id='word_1_246' title='bbox 192 4550 307 4605; x_wconf 83' lang='lat' dir='ltr'><strong>quc</strong></span> <span class='ocrx_word' id='word_1_247' title='bbox 347 4540 467 4603; x_wconf 89' lang='lat' dir='ltr'><strong>post</strong></span> <span class='ocrx_word' id='word_1_248' title='bbox 495 4539 729 4601; x_wconf 86' lang='lat' dir='ltr'><strong>quatuor</strong></span> <span class='ocrx_word' id='word_1_249' title='bbox 773 4543 988 4593; x_wconf 78' lang='lat' dir='ltr'><strong>menses</strong></span> <span class='ocrx_word' id='word_1_250' title='bbox 1039 4540 1309 4590; x_wconf 87' lang='lat' dir='ltr'><strong>reversus,</strong></span> <span class='ocrx_word' id='word_1_251' title='bbox 1363 4523 1561 4579; x_wconf 91' lang='lat' dir='ltr'><strong>clivum</strong></span> <span class='ocrx_word' id='word_1_252' title='bbox 1605 4519 1788 4576; x_wconf 73' lang='lat' dir='ltr'><strong>Sacrze</strong></span> 
     </span>
    </p>
   </div>
   <div class='ocr_carea' id='block_1_45' title="bbox 192 4611 1790 4690">
    <p class='ocr_par' dir='ltr' id='par_1_45' title="bbox 192 4611 1790 4690">
     <span class='ocr_line' id='line_1_45' title="bbox 192 4611 1790 4690; baseline -0.008 -14"><span class='ocrx_word' id='word_1_253' title='bbox 192 4624 303 4675; x_wconf 68' lang='lat' dir='ltr'><strong>vim</strong></span> <span class='ocrx_word' id='word_1_254' title='bbox 326 4637 450 4675; x_wconf 90' lang='lat' dir='ltr'><strong>eum</strong></span> <span class='ocrx_word' id='word_1_255' title='bbox 474 4635 582 4675; x_wconf 90' lang='lat' dir='ltr'><strong>uno</strong></span> <span class='ocrx_word' id='word_1_256' title='bbox 628 4633 797 4690; x_wconf 90' lang='lat' dir='ltr'><strong>puero</strong></span> <span class='ocrx_word' id='word_1_257' title='bbox 858 4617 1052 4688; x_wconf 88' lang='lat' dir='ltr'><strong>stipem</strong></span> <span class='ocrx_word' id='word_1_258' title='bbox 1101 4614 1331 4685; x_wconf 87' lang='lat' dir='ltr'><strong>petendo</strong></span> <span class='ocrx_word' id='word_1_259' title='bbox 1378 4611 1790 4675; x_wconf 87' lang='lat' dir='ltr'><strong>conscenderet,</strong></span> 
     </span>
    </p>
   </div>
   <div class='ocr_carea' id='block_1_46' title="bbox 198 4700 1793 4773">
    <p class='ocr_par' dir='ltr' id='par_1_46' title="bbox 198 4700 1793 4773">
     <span class='ocr_line' id='line_1_46' title="bbox 198 4700 1793 4773; baseline -0.008 -6"><span class='ocrx_word' id='word_1_260' title='bbox 198 4714 410 4767; x_wconf 76' lang='lat' dir='ltr'><strong>factum</strong></span> <span class='ocrx_word' id='word_1_261' title='bbox 433 4720 516 4767; x_wconf 89' lang='lat' dir='ltr'><strong>est</strong></span> <span class='ocrx_word' id='word_1_262' title='bbox 550 4718 610 4765; x_wconf 92' lang='lat' dir='ltr'><strong>ut</strong></span> <span class='ocrx_word' id='word_1_263' title='bbox 636 4709 934 4768; x_wconf 81' lang='lat' dir='ltr'><strong>oﬂ‘enderet</strong></span> <span class='ocrx_word' id='word_1_264' title='bbox 973 4707 1246 4762; x_wconf 75' lang='lat' dir='ltr'><strong>lulianum</strong></span> <span class='ocrx_word' id='word_1_265' title='bbox 1296 4705 1680 4773; x_wconf 89' lang='lat' dir='ltr'><strong>imperatorem</strong></span> <span class='ocrx_word' id='word_1_266' title='bbox 1738 4700 1793 4754; x_wconf 90' lang='lat' dir='ltr'><strong>in</strong></span> 
     </span>
    </p>
   </div>
   <div class='ocr_carea' id='block_1_47' title="bbox 198 4789 1793 4864">
    <p class='ocr_par' dir='ltr' id='par_1_47' title="bbox 198 4789 1793 4864">
     <span class='ocr_line' id='line_1_47' title="bbox 198 4789 1793 4864; baseline -0.008 -9"><span class='ocrx_word' id='word_1_267' title='bbox 198 4801 373 4855; x_wconf 87' lang='lat' dir='ltr'><strong>rheda</strong></span> <span class='ocrx_word' id='word_1_268' title='bbox 404 4815 568 4856; x_wconf 89' lang='lat' dir='ltr'><strong>aurea</strong></span> <span class='ocrx_word' id='word_1_269' title='bbox 594 4800 892 4856; x_wconf 84' lang='lat' dir='ltr'><strong>sedentem.</strong></span> <span class='ocrx_word' id='word_1_270' title='bbox 922 4796 1025 4864; x_wconf 85' lang='lat' dir='ltr'><strong>Qui</strong></span> <span class='ocrx_word' id='word_1_271' title='bbox 1063 4796 1276 4850; x_wconf 90' lang='lat' dir='ltr'><strong>eminus</strong></span> <span class='ocrx_word' id='word_1_272' title='bbox 1299 4791 1638 4862; x_wconf 89' lang='lat' dir='ltr'><strong>conspiciens</strong></span> <span class='ocrx_word' id='word_1_273' title='bbox 1666 4789 1793 4859; x_wconf 83' lang='lat' dir='ltr'><strong>Pig-</strong></span> 
     </span>
    </p>
   </div>
   <div class='ocr_carea' id='block_1_48' title="bbox 202 4881 1794 4959">
    <p class='ocr_par' dir='ltr' id='par_1_48' title="bbox 202 4881 1794 4959">
     <span class='ocr_line' id='line_1_48' title="bbox 202 4881 1794 4959; baseline -0.009 -11"><span class='ocrx_word' id='word_1_274' title='bbox 202 4895 470 4957; x_wconf 88' lang='lat' dir='ltr'><strong>menium,</strong></span> <span class='ocrx_word' id='word_1_275' title='bbox 508 4893 688 4947; x_wconf 89' lang='lat' dir='ltr'><strong>vocari</strong></span> <span class='ocrx_word' id='word_1_276' title='bbox 727 4906 852 4945; x_wconf 91' lang='lat' dir='ltr'><strong>eum</strong></span> <span class='ocrx_word' id='word_1_277' title='bbox 895 4887 1152 4959; x_wconf 73' lang='lat' dir='ltr'><strong>prtecepit</strong></span> <span class='ocrx_word' id='word_1_278' title='bbox 1187 4886 1428 4955; x_wconf 80' lang='lat' dir='ltr'><strong>dixitque</strong></span> <span class='ocrx_word' id='word_1_279' title='bbox 1479 4884 1569 4938; x_wconf 91' lang='lat' dir='ltr'><strong>ei:</strong></span> <span class='ocrx_word' id='word_1_280' title='bbox 1609 4881 1794 4938; x_wconf 87' lang='lat' dir='ltr'><strong>Gloria</strong></span> 
     </span>
    </p>
   </div>
   <div class='ocr_carea' id='block_1_49' title="bbox 203 4971 1794 5052">
    <p class='ocr_par' dir='ltr' id='par_1_49' title="bbox 203 4971 1794 5052">
     <span class='ocr_line' id='line_1_49' title="bbox 203 4971 1794 5052; baseline -0.008 -16"><span class='ocrx_word' id='word_1_281' title='bbox 203 4983 291 5037; x_wconf 89' lang='lat' dir='ltr'><strong>dis</strong></span> <span class='ocrx_word' id='word_1_282' title='bbox 316 4981 626 5052; x_wconf 88' lang='lat' dir='ltr'><strong>deabusque</strong></span> <span class='ocrx_word' id='word_1_283' title='bbox 653 4982 807 5045; x_wconf 89' lang='lat' dir='ltr'><strong>meis,</strong></span> <span class='ocrx_word' id='word_1_284' title='bbox 839 4980 966 5050; x_wconf 89' lang='lat' dir='ltr'><strong>quia</strong></span> <span class='ocrx_word' id='word_1_285' title='bbox 999 4985 1051 5034; x_wconf 88' lang='lat' dir='ltr'><strong>te</strong></span> <span class='ocrx_word' id='word_1_286' title='bbox 1078 4977 1255 5035; x_wconf 88' lang='lat' dir='ltr'><strong>video.</strong></span> <span class='ocrx_word' id='word_1_287' title='bbox 1287 4974 1385 5031; x_wconf 89' lang='lat' dir='ltr'><strong>Cui</strong></span> <span class='ocrx_word' id='word_1_288' title='bbox 1421 4975 1505 5029; x_wconf 91' lang='lat' dir='ltr'><strong>vir</strong></span> <span class='ocrx_word' id='word_1_289' title='bbox 1533 4972 1628 5027; x_wconf 88' lang='lat' dir='ltr'><strong>Dei</strong></span> <span class='ocrx_word' id='word_1_290' title='bbox 1668 4971 1794 5042; x_wconf 84' lang='lat' dir='ltr'><strong>Pig-</strong></span> 
     </span>
    </p>
   </div>
   <div class='ocr_carea' id='block_1_50' title="bbox 206 5062 1797 5143">
    <p class='ocr_par' dir='ltr' id='par_1_50' title="bbox 206 5062 1797 5143">
     <span class='ocr_line' id='line_1_50' title="bbox 206 5062 1797 5143; baseline -0.008 -14"><span class='ocrx_word' id='word_1_291' title='bbox 206 5074 423 5129; x_wconf 80' lang='lat' dir='ltr'><strong>menius</strong></span> <span class='ocrx_word' id='word_1_292' title='bbox 461 5073 608 5128; x_wconf 90' lang='lat' dir='ltr'><strong>illico</strong></span> <span class='ocrx_word' id='word_1_293' title='bbox 649 5071 929 5143; x_wconf 87' lang='lat' dir='ltr'><strong>respondit</strong></span> <span class='ocrx_word' id='word_1_294' title='bbox 958 5084 972 5123; x_wconf 88' lang='lat'><strong>:</strong></span> <span class='ocrx_word' id='word_1_295' title='bbox 1005 5068 1186 5123; x_wconf 88' lang='lat' dir='ltr'><strong>Gloria</strong></span> <span class='ocrx_word' id='word_1_296' title='bbox 1240 5066 1467 5120; x_wconf 91' lang='lat' dir='ltr'><strong>Domino</strong></span> <span class='ocrx_word' id='word_1_297' title='bbox 1509 5078 1632 5119; x_wconf 89' lang='lat' dir='ltr'><strong>meo</strong></span> <span class='ocrx_word' id='word_1_298' title='bbox 1669 5062 1797 5117; x_wconf 82' lang='lat' dir='ltr'><strong>Jesu</strong></span> 
     </span>
    </p>
   </div>
   <div class='ocr_carea' id='block_1_51' title="bbox 205 5151 1800 5226">
    <p class='ocr_par' dir='ltr' id='par_1_51' title="bbox 205 5151 1800 5226">
     <span class='ocr_line' id='line_1_51' title="bbox 205 5151 1800 5226; baseline -0.006 -9"><span class='ocrx_word' id='word_1_299' title='bbox 205 5162 430 5217; x_wconf 80' lang='lat' dir='ltr'><strong>Christo</strong></span> <span class='ocrx_word' id='word_1_300' title='bbox 456 5161 735 5217; x_wconf 86' lang='lat' dir='ltr'><strong>Nazareno</strong></span> <span class='ocrx_word' id='word_1_301' title='bbox 762 5158 1045 5224; x_wconf 84' lang='lat' dir='ltr'><strong>eruciﬁxo,</strong></span> <span class='ocrx_word' id='word_1_302' title='bbox 1067 5157 1195 5226; x_wconf 89' lang='lat' dir='ltr'><strong>quia</strong></span> <span class='ocrx_word' id='word_1_303' title='bbox 1245 5163 1297 5210; x_wconf 87' lang='lat' dir='ltr'><strong>te</strong></span> <span class='ocrx_word' id='word_1_304' title='bbox 1349 5170 1458 5211; x_wconf 89' lang='lat' dir='ltr'><strong>non</strong></span> <span class='ocrx_word' id='word_1_305' title='bbox 1500 5151 1676 5208; x_wconf 85' lang='lat' dir='ltr'><strong>video.</strong></span> <span class='ocrx_word' id='word_1_306' title='bbox 1718 5152 1800 5207; x_wconf 85' lang='lat' dir='ltr'><strong>Ad</strong></span> 
     </span>
    </p>
   </div>
   <div class='ocr_carea' id='block_1_52' title="bbox 208 5247 1799 5323">
    <p class='ocr_par' dir='ltr' id='par_1_52' title="bbox 208 5247 1799 5323">
     <span class='ocr_line' id='line_1_52' title="bbox 208 5247 1799 5323; baseline -0.008 -15"><span class='ocrx_word' id='word_1_307' title='bbox 208 5255 354 5309; x_wconf 87' lang='lat' dir='ltr'><strong>bane</strong></span> <span class='ocrx_word' id='word_1_308' title='bbox 372 5268 559 5308; x_wconf 89' lang='lat' dir='ltr'><strong>vocem</strong></span> <span class='ocrx_word' id='word_1_309' title='bbox 588 5252 757 5307; x_wconf 89' lang='lat' dir='ltr'><strong>iratus</strong></span> <span class='ocrx_word' id='word_1_310' title='bbox 778 5249 1042 5313; x_wconf 79' lang='lat' dir='ltr'><strong>Julianus,</strong></span> <span class='ocrx_word' id='word_1_311' title='bbox 1072 5247 1235 5323; x_wconf 81' lang='lat' dir='ltr'><strong>jussit</strong></span> <span class='ocrx_word' id='word_1_312' title='bbox 1277 5261 1401 5301; x_wconf 89' lang='lat' dir='ltr'><strong>eum</strong></span> <span class='ocrx_word' id='word_1_313' title='bbox 1436 5260 1535 5315; x_wconf 90' lang='lat' dir='ltr'><strong>per</strong></span> <span class='ocrx_word' id='word_1_314' title='bbox 1581 5252 1799 5314; x_wconf 88' lang='lat' dir='ltr'><strong>pontem</strong></span> 
     </span>
    </p>
   </div>
   <div class='ocr_carea' id='block_1_53' title="bbox 210 5339 1802 5413">
    <p class='ocr_par' dir='ltr' id='par_1_53' title="bbox 210 5339 1802 5413">
     <span class='ocr_line' id='line_1_53' title="bbox 210 5339 1802 5413; baseline -0.007 -13"><span class='ocrx_word' id='word_1_315' title='bbox 210 5345 269 5400; x_wconf 91' lang='lat' dir='ltr'><strong>in</strong></span> <span class='ocrx_word' id='word_1_316' title='bbox 292 5342 533 5399; x_wconf 87' lang='lat' dir='ltr'><strong>Tiberim</strong></span> <span class='ocrx_word' id='word_1_317' title='bbox 562 5342 911 5413; x_wconf 78' lang='lat' dir='ltr'><strong>prteeipitari.</strong></span> <span class='ocrx_word' id='word_1_318' title='bbox 965 5339 1133 5409; x_wconf 84' lang='lat' dir='ltr'><strong>Cujus</strong></span> <span class='ocrx_word' id='word_1_319' title='bbox 1179 5353 1376 5408; x_wconf 90' lang='lat' dir='ltr'><strong>corpus</strong></span> <span class='ocrx_word' id='word_1_320' title='bbox 1419 5339 1696 5392; x_wconf 89' lang='lat' dir='ltr'><strong>inventum</strong></span> <span class='ocrx_word' id='word_1_321' title='bbox 1744 5344 1802 5390; x_wconf 90' lang='lat' dir='ltr'><strong>et</strong></span> 
     </span>
    </p>
   </div>
   <div class='ocr_carea' id='block_1_54' title="bbox 208 5426 1798 5503">
    <p class='ocr_par' dir='ltr' id='par_1_54' title="bbox 208 5426 1798 5503">
     <span class='ocr_line' id='line_1_54' title="bbox 208 5426 1798 5503; baseline -0.006 -14"><span class='ocrx_word' id='word_1_322' title='bbox 208 5432 521 5499; x_wconf 85' lang='lat' dir='ltr'><strong>collectum,</strong></span> <span class='ocrx_word' id='word_1_323' title='bbox 543 5432 809 5503; x_wconf 89' lang='lat' dir='ltr'><strong>sepultum</strong></span> <span class='ocrx_word' id='word_1_324' title='bbox 846 5440 932 5486; x_wconf 88' lang='lat' dir='ltr'><strong>est</strong></span> <span class='ocrx_word' id='word_1_325' title='bbox 961 5430 1014 5485; x_wconf 93' lang='lat' dir='ltr'><strong>in</strong></span> <span class='ocrx_word' id='word_1_326' title='bbox 1040 5429 1352 5486; x_wconf 72' lang='lat' dir='ltr'><strong>emmeterio</strong></span> <span class='ocrx_word' id='word_1_327' title='bbox 1374 5426 1641 5492; x_wconf 82' lang='lat' dir='ltr'><strong>Pontiani,</strong></span> <span class='ocrx_word' id='word_1_328' title='bbox 1691 5440 1798 5481; x_wconf 91' lang='lat' dir='ltr'><strong>non</strong></span> 
     </span>
    </p>
   </div>
   <div class='ocr_carea' id='block_1_55' title="bbox 208 5519 1217 5595">
    <p class='ocr_par' dir='ltr' id='par_1_55' title="bbox 208 5519 1217 5595">
     <span class='ocr_line' id='line_1_55' title="bbox 208 5519 1217 5595; baseline -0.005 -16"><span class='ocrx_word' id='word_1_329' title='bbox 208 5523 374 5595; x_wconf 82' lang='lat' dir='ltr'><strong>longe</strong></span> <span class='ocrx_word' id='word_1_330' title='bbox 400 5539 430 5577; x_wconf 90' lang='lat' dir='ltr'><strong>a</strong></span> <span class='ocrx_word' id='word_1_331' title='bbox 459 5523 663 5579; x_wconf 87' lang='lat' dir='ltr'><strong>sanctis</strong></span> <span class='ocrx_word' id='word_1_332' title='bbox 692 5519 882 5578; x_wconf 84' lang='lat' dir='ltr'><strong>Abdon</strong></span> <span class='ocrx_word' id='word_1_333' title='bbox 913 5528 970 5577; x_wconf 88' lang='lat' dir='ltr'><strong>et</strong></span> <span class='ocrx_word' id='word_1_334' title='bbox 989 5519 1217 5576; x_wconf 90' lang='lat' dir='ltr'><strong>Sennes.</strong></span> 
     </span>
    </p>
   </div>
   <div class='ocr_carea' id='block_1_56' title="bbox 288 5646 1799 5726">
    <p class='ocr_par' dir='ltr' id='par_1_56' title="bbox 288 5646 1799 5726">
     <span class='ocr_line' id='line_1_56' title="bbox 288 5646 1799 5726; baseline -0.006 -16"><span class='ocrx_word' id='word_1_335' title='bbox 288 5669 317 5698; x_wconf 76' lang='grc' dir='ltr'><strong>ι</strong></span> <span class='ocrx_word' id='word_1_336' title='bbox 350 5653 466 5726; x_wconf 64' lang='lat' dir='ltr'><strong>Lib.</strong></span> <span class='ocrx_word' id='word_1_337' title='bbox 506 5672 542 5726; x_wconf 86' lang='grc' dir='ltr'><strong>ιι</strong></span> <span class='ocrx_word' id='word_1_338' title='bbox 574 5655 779 5726; x_wconf 82' lang='lat' dir='ltr'><strong>Dialog.</strong></span> <span class='ocrx_word' id='word_1_339' title='bbox 811 5654 972 5726; x_wconf 80' lang='lat' dir='ltr'><strong>Greg.</strong></span> <span class='ocrx_word' id='word_1_340' title='bbox 1005 5653 1161 5716; x_wconf 90' lang='lat' dir='ltr'><strong>Tur.,</strong></span> <span class='ocrx_word' id='word_1_341' title='bbox 1192 5652 1256 5706; x_wconf 87' lang='lat' dir='ltr'><strong>de</strong></span> <span class='ocrx_word' id='word_1_342' title='bbox 1284 5652 1402 5707; x_wconf 82' lang='lat' dir='ltr'><strong>Vita</strong></span> <span class='ocrx_word' id='word_1_343' title='bbox 1432 5649 1559 5717; x_wconf 85' lang='lat' dir='ltr'><strong>PP.,</strong></span> <span class='ocrx_word' id='word_1_344' title='bbox 1593 5664 1710 5719; x_wconf 87' lang='lat' dir='ltr'><strong>cap.</strong></span> <span class='ocrx_word' id='word_1_345' title='bbox 1748 5646 1799 5702; x_wconf 86' lang='lat' dir='ltr'><strong>i.</strong></span> 
     </span>
    </p>
   </div>
   <div class='ocr_carea' id='block_1_57' title="bbox 290 5725 1210 5792">
    <p class='ocr_par' dir='ltr' id='par_1_57' title="bbox 290 5725 1210 5792">
     <span class='ocr_line' id='line_1_57' title="bbox 290 5725 1210 5792; baseline -0.007 -11"><span class='ocrx_word' id='word_1_346' title='bbox 290 5728 319 5767; x_wconf 68' lang='grc' dir='ltr'>δ</span> <span class='ocrx_word' id='word_1_347' title='bbox 353 5725 743 5781; x_wconf 84' lang='lat' dir='ltr'><strong>Videlibellum</strong></span> <span class='ocrx_word' id='word_1_348' title='bbox 764 5727 833 5779; x_wconf 83' lang='lat' dir='ltr'><strong>de</strong></span> <span class='ocrx_word' id='word_1_349' title='bbox 860 5725 999 5780; x_wconf 76' lang='lat' dir='ltr'><strong>FeSt.</strong></span> <span class='ocrx_word' id='word_1_350' title='bbox 1028 5726 1210 5792; x_wconf 78' lang='lat' dir='ltr'><strong>Apost.</strong></span> 
     </span>
    </p>
   </div>
   <div class='ocr_carea' id='block_1_58' title="bbox 297 5796 864 5854">
    <p class='ocr_par' dir='ltr' id='par_1_58' title="bbox 297 5796 864 5854">
     <span class='ocr_line' id='line_1_58' title="bbox 297 5796 864 5854; baseline -0.009 -2"><span class='ocrx_word' id='word_1_351' title='bbox 297 5808 319 5837; x_wconf 75' lang='grc' dir='ltr'><strong>ι</strong></span> <span class='ocrx_word' id='word_1_352' title='bbox 354 5796 538 5854; x_wconf 80' lang='lat' dir='ltr'><strong>Victor</strong></span> <span class='ocrx_word' id='word_1_353' title='bbox 562 5797 677 5851; x_wconf 86' lang='lat' dir='ltr'><strong>Afr.</strong></span> <span class='ocrx_word' id='word_1_354' title='bbox 716 5797 749 5850; x_wconf 92' lang='lat' dir='ltr'><strong>l.</strong></span> <span class='ocrx_word' id='word_1_355' title='bbox 786 5812 864 5851; x_wconf 87' lang='grc' dir='ltr'>ιιι.</span> 
     </span>
    </p>
   </div>
   <div class='ocr_carea' id='block_1_59' title="bbox 834 377 2800 447">
    <p class='ocr_par' dir='ltr' id='par_1_59' title="bbox 834 377 2800 447">
     <span class='ocr_line' id='line_1_59' title="bbox 834 377 2800 447; baseline -0.007 0"><span class='ocrx_word' id='word_1_356' title='bbox 834 386 1440 447; x_wconf 72' lang='grc' dir='ltr'><strong>ΜΑΒΤῖΒΟΒΟϐΙυΜ</strong></span> <span class='ocrx_word' id='word_1_357' title='bbox 1465 385 1613 444; x_wconf 75' lang='lat' dir='ltr'><strong>CUM</strong></span> <span class='ocrx_word' id='word_1_358' title='bbox 1651 382 2188 440; x_wconf 77' lang='lat' dir='ltr'><strong>ADDITAMENTIS.</strong></span> <span class='ocrx_word' id='word_1_359' title='bbox 2230 412 2299 423; x_wconf 91' lang='lat'><strong>—-</strong></span> <span class='ocrx_word' id='word_1_360' title='bbox 2339 380 2546 438; x_wconf 79' lang='lat' dir='ltr'><strong>MENS.</strong></span> <span class='ocrx_word' id='word_1_361' title='bbox 2588 377 2800 435; x_wconf 78' lang='lat' dir='ltr'><strong>MART.</strong></span> 
     </span>
    </p>
   </div>
   <div class='ocr_carea' id='block_1_60' title="bbox 3367 371 3472 427">
    <p class='ocr_par' dir='ltr' id='par_1_60' title="bbox 3367 371 3472 427">
     <span class='ocr_line' id='line_1_60' title="bbox 3367 371 3472 427; baseline -0.019 0"><span class='ocrx_word' id='word_1_362' title='bbox 3367 371 3472 427; x_wconf 64' lang='lat'><strong>28</strong></span> 
     </span>
    </p>
   </div>
   <div class='ocr_carea' id='block_1_61' title="bbox 2308 490 3041 552">
    <p class='ocr_par' dir='ltr' id='par_1_61' title="bbox 2308 490 3041 552">
     <span class='ocr_line' id='line_1_61' title="bbox 2308 490 3041 552; baseline -0.007 -1"><span class='ocrx_word' id='word_1_363' title='bbox 2308 496 2374 552; x_wconf 75' lang='grc' dir='ltr'><strong>α.</strong></span> <span class='ocrx_word' id='word_1_364' title='bbox 2417 495 2525 551; x_wconf 82' lang='lat' dir='ltr'><strong>Vill</strong></span> <span class='ocrx_word' id='word_1_365' title='bbox 2565 493 2720 551; x_wconf 83' lang='lat' dir='ltr'><strong>KAL.</strong></span> <span class='ocrx_word' id='word_1_366' title='bbox 2755 490 3041 548; x_wconf 76' lang='lat' dir='ltr'><strong>APRIIJS.</strong></span> 
     </span>
    </p>
   </div>
   <div class='ocr_carea' id='block_1_62' title="bbox 2592 586 2902 660">
    <p class='ocr_par' dir='ltr' id='par_1_62' title="bbox 2592 586 2902 660">
     <span class='ocr_line' id='line_1_62' title="bbox 2592 586 2902 660; baseline -0.013 -19"><span class='ocrx_word' id='word_1_367' title='bbox 2592 588 2685 660; x_wconf 71' lang='lat'><strong>(25</strong></span> <span class='ocrx_word' id='word_1_368' title='bbox 2715 586 2902 656; x_wconf 72' lang='lat' dir='ltr'><strong>Hart.)</strong></span> 
     </span>
    </p>
   </div>
   <div class='ocr_carea' id='block_1_63' title="bbox 1957 675 3469 748">
    <p class='ocr_par' dir='ltr' id='par_1_63' title="bbox 1957 675 3469 748">
     <span class='ocr_line' id='line_1_63' title="bbox 1957 675 3469 748; baseline 0.001 -15"><span class='ocrx_word' id='word_1_369' title='bbox 1957 679 2110 748; x_wconf 86' lang='lat' dir='ltr'><strong>Apud</strong></span> <span class='ocrx_word' id='word_1_370' title='bbox 2171 681 2444 735; x_wconf 86' lang='lat' dir='ltr'><strong>civitatem</strong></span> <span class='ocrx_word' id='word_1_371' title='bbox 2497 680 2731 738; x_wconf 66' lang='lat' dir='ltr'><strong>Galilaete</strong></span> <span class='ocrx_word' id='word_1_372' title='bbox 2769 678 3074 745; x_wconf 83' lang='lat' dir='ltr'><strong>Nazaretb,</strong></span> <span class='ocrx_word' id='word_1_373' title='bbox 3112 675 3469 734; x_wconf 79' lang='lat' dir='ltr'><strong>Annuntiatio</strong></span> 
     </span>
    </p>
   </div>
   <div class='ocr_carea' id='block_1_64' title="bbox 1886 771 2183 827">
    <p class='ocr_par' dir='ltr' id='par_1_64' title="bbox 1886 771 2183 827">
     <span class='ocr_line' id='line_1_64' title="bbox 1886 771 2183 827; baseline 0.003 -3"><span class='ocrx_word' id='word_1_374' title='bbox 1886 771 2183 827; x_wconf 89' lang='lat' dir='ltr'><strong>Dominica.</strong></span> 
     </span>
    </p>
   </div>
   <div class='ocr_carea' id='block_1_65' title="bbox 1956 859 3466 930">
    <p class='ocr_par' dir='ltr' id='par_1_65' title="bbox 1956 859 3466 930">
     <span class='ocr_line' id='line_1_65' title="bbox 1956 859 3466 930; baseline 0.002 -15"><span class='ocrx_word' id='word_1_375' title='bbox 1956 861 2025 916; x_wconf 83' lang='lat' dir='ltr'><strong>Et</strong></span> <span class='ocrx_word' id='word_1_376' title='bbox 2049 862 2102 916; x_wconf 91' lang='lat' dir='ltr'><strong>in</strong></span> <span class='ocrx_word' id='word_1_377' title='bbox 2131 861 2456 928; x_wconf 84' lang='lat' dir='ltr'><strong>Nicomedia,</strong></span> <span class='ocrx_word' id='word_1_378' title='bbox 2485 864 2681 919; x_wconf 89' lang='lat' dir='ltr'><strong>natalis</strong></span> <span class='ocrx_word' id='word_1_379' title='bbox 2731 863 2790 918; x_wconf 90' lang='lat' dir='ltr'><strong>S.</strong></span> <span class='ocrx_word' id='word_1_380' title='bbox 2836 862 3003 929; x_wconf 71' lang='lat' dir='ltr'><strong>Dulte,</strong></span> <span class='ocrx_word' id='word_1_381' title='bbox 3027 860 3237 919; x_wconf 72' lang='lat' dir='ltr'><strong>ancilla:</strong></span> <span class='ocrx_word' id='word_1_382' title='bbox 3257 859 3466 930; x_wconf 82' lang='lat' dir='ltr'><strong>militis,</strong></span> 
     </span>
    </p>
   </div>
   <div class='ocr_carea' id='block_1_66' title="bbox 1884 951 2739 1019">
    <p class='ocr_par' dir='ltr' id='par_1_66' title="bbox 1884 951 2739 1019">
     <span class='ocr_line' id='line_1_66' title="bbox 1884 951 2739 1019; baseline 0.006 -19"><span class='ocrx_word' id='word_1_383' title='bbox 1884 962 2007 1018; x_wconf 83' lang='lat' dir='ltr'><strong>quae</strong></span> <span class='ocrx_word' id='word_1_384' title='bbox 2032 965 2131 1019; x_wconf 92' lang='lat' dir='ltr'><strong>pro</strong></span> <span class='ocrx_word' id='word_1_385' title='bbox 2159 951 2408 1007; x_wconf 84' lang='lat' dir='ltr'><strong>castitate</strong></span> <span class='ocrx_word' id='word_1_386' title='bbox 2430 952 2609 1008; x_wconf 89' lang='lat' dir='ltr'><strong>occisa</strong></span> <span class='ocrx_word' id='word_1_387' title='bbox 2637 960 2739 1009; x_wconf 89' lang='lat' dir='ltr'><strong>est.</strong></span> 
     </span>
    </p>
   </div>
   <div class='ocr_carea' id='block_1_67' title="bbox 1956 1036 3472 1112">
    <p class='ocr_par' dir='ltr' id='par_1_67' title="bbox 1956 1036 3472 1112">
     <span class='ocr_line' id='line_1_67' title="bbox 1956 1036 3472 1112; baseline 0.005 -21"><span class='ocrx_word' id='word_1_388' title='bbox 1956 1036 2159 1105; x_wconf 68' lang='lat' dir='ltr'><strong>Romae,</strong></span> <span class='ocrx_word' id='word_1_389' title='bbox 2185 1041 2357 1097; x_wconf 88' lang='lat' dir='ltr'><strong>sancti</strong></span> <span class='ocrx_word' id='word_1_390' title='bbox 2383 1040 2571 1106; x_wconf 90' lang='lat' dir='ltr'><strong>Cirini,</strong></span> <span class='ocrx_word' id='word_1_391' title='bbox 2626 1042 2718 1112; x_wconf 86' lang='lat' dir='ltr'><strong>qui</strong></span> <span class='ocrx_word' id='word_1_392' title='bbox 2749 1040 3064 1097; x_wconf 79' lang='lat' dir='ltr'><strong>interfectus</strong></span> <span class='ocrx_word' id='word_1_393' title='bbox 3085 1056 3116 1096; x_wconf 88' lang='lat' dir='ltr'><strong>a</strong></span> <span class='ocrx_word' id='word_1_394' title='bbox 3145 1040 3389 1109; x_wconf 87' lang='lat' dir='ltr'><strong>Claudio,</strong></span> <span class='ocrx_word' id='word_1_395' title='bbox 3414 1052 3472 1098; x_wconf 85' lang='lat' dir='ltr'><strong>et</strong></span> 
     </span>
    </p>
   </div>
   <div class='ocr_carea' id='block_1_68' title="bbox 1884 1128 3472 1205">
    <p class='ocr_par' dir='ltr' id='par_1_68' title="bbox 1884 1128 3472 1205">
     <span class='ocr_line' id='line_1_68' title="bbox 1884 1128 3472 1205; baseline 0.005 -24"><span class='ocrx_word' id='word_1_396' title='bbox 1884 1128 1940 1182; x_wconf 90' lang='lat' dir='ltr'><strong>in</strong></span> <span class='ocrx_word' id='word_1_397' title='bbox 1969 1128 2205 1185; x_wconf 89' lang='lat' dir='ltr'><strong>Tiberim</strong></span> <span class='ocrx_word' id='word_1_398' title='bbox 2225 1131 2484 1202; x_wconf 87' lang='lat' dir='ltr'><strong>jactatus,</strong></span> <span class='ocrx_word' id='word_1_399' title='bbox 2525 1132 2578 1187; x_wconf 89' lang='lat' dir='ltr'><strong>in</strong></span> <span class='ocrx_word' id='word_1_400' title='bbox 2608 1132 2779 1189; x_wconf 90' lang='lat' dir='ltr'><strong>insula</strong></span> <span class='ocrx_word' id='word_1_401' title='bbox 2807 1132 3078 1205; x_wconf 87' lang='lat' dir='ltr'><strong>Lycaonia</strong></span> <span class='ocrx_word' id='word_1_402' title='bbox 3107 1133 3378 1200; x_wconf 89' lang='lat' dir='ltr'><strong>inventus,</strong></span> <span class='ocrx_word' id='word_1_403' title='bbox 3413 1141 3472 1188; x_wconf 84' lang='lat' dir='ltr'><strong>et</strong></span> 
     </span>
    </p>
   </div>
   <div class='ocr_carea' id='block_1_69' title="bbox 1886 1221 3469 1297">
    <p class='ocr_par' dir='ltr' id='par_1_69' title="bbox 1886 1221 3469 1297">
     <span class='ocr_line' id='line_1_69' title="bbox 1886 1221 3469 1297; baseline 0.006 -24"><span class='ocrx_word' id='word_1_404' title='bbox 1886 1221 1940 1274; x_wconf 92' lang='lat' dir='ltr'><strong>in</strong></span> <span class='ocrx_word' id='word_1_405' title='bbox 1983 1224 2295 1279; x_wconf 72' lang='lat' dir='ltr'><strong>etemeterio</strong></span> <span class='ocrx_word' id='word_1_406' title='bbox 2338 1223 2586 1281; x_wconf 87' lang='lat' dir='ltr'><strong>Pontiani</strong></span> <span class='ocrx_word' id='word_1_407' title='bbox 2633 1225 2881 1281; x_wconf 90' lang='lat' dir='ltr'><strong>conditus</strong></span> <span class='ocrx_word' id='word_1_408' title='bbox 2932 1233 3034 1281; x_wconf 87' lang='lat' dir='ltr'><strong>est.</strong></span> <span class='ocrx_word' id='word_1_409' title='bbox 3091 1223 3364 1297; x_wconf 88' lang='lat' dir='ltr'><strong>Scriptum</strong></span> <span class='ocrx_word' id='word_1_410' title='bbox 3413 1226 3469 1283; x_wconf 74' lang='lat' dir='ltr'><strong>in</strong></span> 
     </span>
    </p>
   </div>
   <div class='ocr_carea' id='block_1_70' title="bbox 1883 1312 2971 1388">
    <p class='ocr_par' dir='ltr' id='par_1_70' title="bbox 1883 1312 2971 1388">
     <span class='ocr_line' id='line_1_70' title="bbox 1883 1312 2971 1388; baseline 0.002 -22"><span class='ocrx_word' id='word_1_411' title='bbox 1883 1312 2139 1381; x_wconf 89' lang='lat' dir='ltr'><strong>passione</strong></span> <span class='ocrx_word' id='word_1_412' title='bbox 2164 1317 2333 1371; x_wconf 91' lang='lat' dir='ltr'><strong>sancti</strong></span> <span class='ocrx_word' id='word_1_413' title='bbox 2354 1314 2623 1372; x_wconf 81' lang='lat' dir='ltr'><strong>Valentini</strong></span> <span class='ocrx_word' id='word_1_414' title='bbox 2673 1315 2761 1388; x_wconf 85' lang='lat' dir='ltr'><strong>(li</strong></span> <span class='ocrx_word' id='word_1_415' title='bbox 2791 1314 2971 1386; x_wconf 85' lang='lat' dir='ltr'><strong>Febr.)</strong></span> 
     </span>
    </p>
   </div>
   <div class='ocr_carea' id='block_1_71' title="bbox 1956 1405 3467 1480">
    <p class='ocr_par' dir='ltr' id='par_1_71' title="bbox 1956 1405 3467 1480">
     <span class='ocr_line' id='line_1_71' title="bbox 1956 1405 3467 1480; baseline 0.001 -20"><span class='ocrx_word' id='word_1_416' title='bbox 1956 1405 2028 1460; x_wconf 89' lang='lat' dir='ltr'><strong>Et</strong></span> <span class='ocrx_word' id='word_1_417' title='bbox 2055 1408 2193 1477; x_wconf 90' lang='lat' dir='ltr'><strong>apud</strong></span> <span class='ocrx_word' id='word_1_418' title='bbox 2225 1406 2519 1480; x_wconf 86' lang='lat' dir='ltr'><strong>Syrmium,</strong></span> <span class='ocrx_word' id='word_1_419' title='bbox 2553 1408 2728 1464; x_wconf 89' lang='lat' dir='ltr'><strong>natale</strong></span> <span class='ocrx_word' id='word_1_420' title='bbox 2761 1408 2933 1464; x_wconf 91' lang='lat' dir='ltr'><strong>sancti</strong></span> <span class='ocrx_word' id='word_1_421' title='bbox 2973 1407 3162 1464; x_wconf 72' lang='lat' dir='ltr'><strong>lrenmi</strong></span> <span class='ocrx_word' id='word_1_422' title='bbox 3208 1407 3467 1478; x_wconf 85' lang='lat' dir='ltr'><strong>episcopi,</strong></span> 
     </span>
    </p>
   </div>
   <div class='ocr_carea' id='block_1_72' title="bbox 1884 1496 3470 1569">
    <p class='ocr_par' dir='ltr' id='par_1_72' title="bbox 1884 1496 3470 1569">
     <span class='ocr_line' id='line_1_72' title="bbox 1884 1496 3470 1569; baseline 0.001 -18"><span class='ocrx_word' id='word_1_423' title='bbox 1884 1496 1975 1565; x_wconf 88' lang='lat' dir='ltr'><strong>qui</strong></span> <span class='ocrx_word' id='word_1_424' title='bbox 2031 1505 2271 1568; x_wconf 87' lang='lat' dir='ltr'><strong>tempore</strong></span> <span class='ocrx_word' id='word_1_425' title='bbox 2316 1498 2625 1553; x_wconf 74' lang='lat' dir='ltr'><strong>Maximiani</strong></span> <span class='ocrx_word' id='word_1_426' title='bbox 2680 1498 3046 1569; x_wconf 87' lang='lat' dir='ltr'><strong>imperatoris,</strong></span> <span class='ocrx_word' id='word_1_427' title='bbox 3085 1498 3187 1553; x_wconf 89' lang='lat' dir='ltr'><strong>sub</strong></span> <span class='ocrx_word' id='word_1_428' title='bbox 3239 1496 3470 1566; x_wconf 64' lang='lat' dir='ltr'><strong>praeside</strong></span> 
     </span>
    </p>
   </div>
   <div class='ocr_carea' id='block_1_73' title="bbox 1883 1583 3471 1669">
    <p class='ocr_par' dir='ltr' id='par_1_73' title="bbox 1883 1583 3471 1669">
     <span class='ocr_line' id='line_1_73' title="bbox 1883 1583 3471 1669; baseline -0.004 -25"><span class='ocrx_word' id='word_1_429' title='bbox 1883 1588 2080 1669; x_wconf 77' lang='lat' dir='ltr'><strong>probo,</strong></span> <span class='ocrx_word' id='word_1_430' title='bbox 2110 1588 2287 1658; x_wconf 88' lang='lat' dir='ltr'><strong>primo</strong></span> <span class='ocrx_word' id='word_1_431' title='bbox 2308 1589 2591 1645; x_wconf 87' lang='lat' dir='ltr'><strong>tormentis</strong></span> <span class='ocrx_word' id='word_1_432' title='bbox 2645 1587 2927 1643; x_wconf 88' lang='lat' dir='ltr'><strong>acerrimis</strong></span> <span class='ocrx_word' id='word_1_433' title='bbox 2980 1595 3223 1648; x_wconf 79' lang='lat' dir='ltr'><strong>vexatus,</strong></span> <span class='ocrx_word' id='word_1_434' title='bbox 3274 1583 3471 1641; x_wconf 81' lang='lat' dir='ltr'><strong>deinde</strong></span> 
     </span>
    </p>
   </div>
   <div class='ocr_carea' id='block_1_74' title="bbox 1883 1675 3466 1748">
    <p class='ocr_par' dir='ltr' id='par_1_74' title="bbox 1883 1675 3466 1748">
     <span class='ocr_line' id='line_1_74' title="bbox 1883 1675 3466 1748; baseline -0.003 -14"><span class='ocrx_word' id='word_1_435' title='bbox 1883 1678 2074 1734; x_wconf 89' lang='lat' dir='ltr'><strong>diebus</strong></span> <span class='ocrx_word' id='word_1_436' title='bbox 2094 1677 2340 1748; x_wconf 91' lang='lat' dir='ltr'><strong>plurimis</strong></span> <span class='ocrx_word' id='word_1_437' title='bbox 2363 1679 2414 1733; x_wconf 90' lang='lat' dir='ltr'><strong>in</strong></span> <span class='ocrx_word' id='word_1_438' title='bbox 2439 1693 2659 1734; x_wconf 81' lang='lat' dir='ltr'><strong>carcere</strong></span> <span class='ocrx_word' id='word_1_439' title='bbox 2679 1680 2972 1744; x_wconf 90' lang='lat' dir='ltr'><strong>cruciatus,</strong></span> <span class='ocrx_word' id='word_1_440' title='bbox 3018 1676 3310 1734; x_wconf 87' lang='lat' dir='ltr'><strong>novissime</strong></span> <span class='ocrx_word' id='word_1_441' title='bbox 3369 1675 3466 1730; x_wconf 81' lang='lat' dir='ltr'><strong>ab-</strong></span> 
     </span>
    </p>
   </div>
   <div class='ocr_carea' id='block_1_75' title="bbox 1883 1771 2825 1841">
    <p class='ocr_par' dir='ltr' id='par_1_75' title="bbox 1883 1771 2825 1841">
     <span class='ocr_line' id='line_1_75' title="bbox 1883 1771 2825 1841; baseline -0.003 -15"><span class='ocrx_word' id='word_1_442' title='bbox 1883 1772 2053 1827; x_wconf 82' lang='lat' dir='ltr'><strong>scisso</strong></span> <span class='ocrx_word' id='word_1_443' title='bbox 2090 1771 2270 1841; x_wconf 87' lang='lat' dir='ltr'><strong>capite</strong></span> <span class='ocrx_word' id='word_1_444' title='bbox 2294 1779 2697 1826; x_wconf 84' lang='lat' dir='ltr'><strong>consummatus</strong></span> <span class='ocrx_word' id='word_1_445' title='bbox 2724 1784 2825 1825; x_wconf 85' lang='lat' dir='ltr'><strong>est.</strong></span> 
     </span>
    </p>
   </div>
   <div class='ocr_carea' id='block_1_76' title="bbox 2267 1883 2992 1945">
    <p class='ocr_par' dir='ltr' id='par_1_76' title="bbox 2267 1883 2992 1945">
     <span class='ocr_line' id='line_1_76' title="bbox 2267 1883 2992 1945; baseline -0.001 -7"><span class='ocrx_word' id='word_1_446' title='bbox 2267 1883 2333 1943; x_wconf 83' lang='lat' dir='ltr'><strong>A.</strong></span> <span class='ocrx_word' id='word_1_447' title='bbox 2375 1883 2485 1945; x_wconf 36' lang='lat' dir='ltr'><strong>Vl],</strong></span> <span class='ocrx_word' id='word_1_448' title='bbox 2503 1884 2658 1939; x_wconf 80' lang='grc' dir='ltr'><strong>ΚΑΒ.</strong></span> <span class='ocrx_word' id='word_1_449' title='bbox 2701 1883 2992 1939; x_wconf 76' lang='lat' dir='ltr'><strong>APiiiLIS.</strong></span> 
     </span>
    </p>
   </div>
   <div class='ocr_carea' id='block_1_77' title="bbox 2513 1973 2819 2046">
    <p class='ocr_par' dir='ltr' id='par_1_77' title="bbox 2513 1973 2819 2046">
     <span class='ocr_line' id='line_1_77' title="bbox 2513 1973 2819 2046; baseline 0 -17"><span class='ocrx_word' id='word_1_450' title='bbox 2513 1974 2605 2046; x_wconf 71' lang='grc'><strong>(26</strong></span> <span class='ocrx_word' id='word_1_451' title='bbox 2632 1973 2819 2045; x_wconf 78' lang='lat' dir='ltr'><strong>Mart.)</strong></span> 
     </span>
    </p>
   </div>
   <div class='ocr_carea' id='block_1_78' title="bbox 1846 2065 3469 2135">
    <p class='ocr_par' dir='ltr' id='par_1_78' title="bbox 1846 2065 3469 2135">
     <span class='ocr_line' id='line_1_78' title="bbox 1846 2065 3469 2135; baseline -0.001 -12"><span class='ocrx_word' id='word_1_452' title='bbox 1846 2126 1857 2132; x_wconf 53' lang='grc'><em>,</em></span> <span class='ocrx_word' id='word_1_453' title='bbox 1953 2068 2158 2135; x_wconf 68' lang='grc' dir='ltr'>ῐιοιιιω,</span> <span class='ocrx_word' id='word_1_454' title='bbox 2184 2067 2274 2124; x_wconf 89' lang='lat' dir='ltr'><strong>via</strong></span> <span class='ocrx_word' id='word_1_455' title='bbox 2308 2067 2603 2134; x_wconf 76' lang='lat' dir='ltr'><strong>Lavicana,</strong></span> <span class='ocrx_word' id='word_1_456' title='bbox 2632 2068 2688 2124; x_wconf 89' lang='lat' dir='ltr'><strong>in</strong></span> <span class='ocrx_word' id='word_1_457' title='bbox 2715 2067 3029 2129; x_wconf 73' lang='lat' dir='ltr'><strong>cmmeterio</strong></span> <span class='ocrx_word' id='word_1_458' title='bbox 3052 2065 3291 2135; x_wconf 79' lang='lat' dir='ltr'><strong>ejusdem</strong></span> <span class='ocrx_word' id='word_1_459' title='bbox 3316 2074 3469 2121; x_wconf 81' lang='lat' dir='ltr'><strong>nata-</strong></span> 
     </span>
    </p>
   </div>
   <div class='ocr_carea' id='block_1_79' title="bbox 1881 2157 3465 2231">
    <p class='ocr_par' dir='ltr' id='par_1_79' title="bbox 1881 2157 3465 2231">
     <span class='ocr_line' id='line_1_79' title="bbox 1881 2157 3465 2231; baseline -0.003 -15"><span class='ocrx_word' id='word_1_460' title='bbox 1881 2160 1948 2216; x_wconf 90' lang='lat' dir='ltr'><strong>lis</strong></span> <span class='ocrx_word' id='word_1_461' title='bbox 1983 2159 2042 2216; x_wconf 92' lang='lat' dir='ltr'><strong>S.</strong></span> <span class='ocrx_word' id='word_1_462' title='bbox 2076 2160 2301 2227; x_wconf 86' lang='lat' dir='ltr'><strong>Castuli,</strong></span> <span class='ocrx_word' id='word_1_463' title='bbox 2324 2161 2565 2231; x_wconf 86' lang='lat' dir='ltr'><strong>quicum</strong></span> <span class='ocrx_word' id='word_1_464' title='bbox 2584 2167 2731 2217; x_wconf 89' lang='lat' dir='ltr'><strong>esset</strong></span> <span class='ocrx_word' id='word_1_465' title='bbox 2750 2159 3002 2215; x_wconf 69' lang='lat' dir='ltr'><strong>statarius</strong></span> <span class='ocrx_word' id='word_1_466' title='bbox 3026 2157 3238 2229; x_wconf 87' lang='lat' dir='ltr'><strong>palatii,</strong></span> <span class='ocrx_word' id='word_1_467' title='bbox 3261 2166 3319 2214; x_wconf 88' lang='lat' dir='ltr'><strong>et</strong></span> <span class='ocrx_word' id='word_1_468' title='bbox 3364 2158 3465 2213; x_wconf 79' lang='lat' dir='ltr'><strong>lio-</strong></span> 
     </span>
    </p>
   </div>
   <div class='ocr_carea' id='block_1_80' title="bbox 1882 2247 3469 2323">
    <p class='ocr_par' dir='ltr' id='par_1_80' title="bbox 1882 2247 3469 2323">
     <span class='ocr_line' id='line_1_80' title="bbox 1882 2247 3469 2323; baseline -0.001 -19"><span class='ocrx_word' id='word_1_469' title='bbox 1882 2265 2006 2319; x_wconf 74' lang='lat' dir='ltr'><strong>spes</strong></span> <span class='ocrx_word' id='word_1_470' title='bbox 2028 2261 2365 2318; x_wconf 85' lang='lat' dir='ltr'><strong>sanctorum,</strong></span> <span class='ocrx_word' id='word_1_471' title='bbox 2388 2259 2448 2307; x_wconf 90' lang='grc' dir='ltr'><strong>ιιι</strong></span> <span class='ocrx_word' id='word_1_472' title='bbox 2474 2250 2531 2307; x_wconf 92' lang='lat' dir='ltr'><strong>in</strong></span> <span class='ocrx_word' id='word_1_473' title='bbox 2571 2251 2738 2323; x_wconf 88' lang='lat' dir='ltr'><strong>gestis</strong></span> <span class='ocrx_word' id='word_1_474' title='bbox 2798 2249 2861 2304; x_wconf 87' lang='grc' dir='ltr'><strong>Β.</strong></span> <span class='ocrx_word' id='word_1_475' title='bbox 2915 2247 3223 2305; x_wconf 89' lang='lat' dir='ltr'><strong>Sebastiani</strong></span> <span class='ocrx_word' id='word_1_476' title='bbox 3271 2248 3469 2320; x_wconf 75' lang='lat' dir='ltr'><strong>legitur</strong></span> 
     </span>
    </p>
   </div>
   <div class='ocr_carea' id='block_1_81' title="bbox 1883 2339 3466 2415">
    <p class='ocr_par' dir='ltr' id='par_1_81' title="bbox 1883 2339 3466 2415">
     <span class='ocr_line' id='line_1_81' title="bbox 1883 2339 3466 2415; baseline -0.001 -18"><span class='ocrx_word' id='word_1_477' title='bbox 1883 2342 1975 2414; x_wconf 74' lang='lat'><strong>(20</strong></span> <span class='ocrx_word' id='word_1_478' title='bbox 1997 2341 2175 2415; x_wconf 69' lang='lat' dir='ltr'><strong>1am),</strong></span> <span class='ocrx_word' id='word_1_479' title='bbox 2234 2358 2265 2398; x_wconf 90' lang='lat' dir='ltr'><strong>a</strong></span> <span class='ocrx_word' id='word_1_480' title='bbox 2291 2343 2733 2414; x_wconf 88' lang='lat' dir='ltr'><strong>persecutoribus</strong></span> <span class='ocrx_word' id='word_1_481' title='bbox 2756 2349 3020 2408; x_wconf 89' lang='lat' dir='ltr'><strong>arctatus,</strong></span> <span class='ocrx_word' id='word_1_482' title='bbox 3077 2349 3132 2396; x_wconf 91' lang='lat' dir='ltr'><strong>et</strong></span> <span class='ocrx_word' id='word_1_483' title='bbox 3176 2339 3336 2395; x_wconf 89' lang='lat' dir='ltr'><strong>tertio</strong></span> <span class='ocrx_word' id='word_1_484' title='bbox 3367 2355 3466 2411; x_wconf 83' lang='lat' dir='ltr'><strong>ap-</strong></span> 
     </span>
    </p>
   </div>
   <div class='ocr_carea' id='block_1_82' title="bbox 1883 2427 3469 2503">
    <p class='ocr_par' dir='ltr' id='par_1_82' title="bbox 1883 2427 3469 2503">
     <span class='ocr_line' id='line_1_82' title="bbox 1883 2427 3469 2503; baseline -0.001 -18"><span class='ocrx_word' id='word_1_485' title='bbox 1883 2445 2103 2501; x_wconf 89' lang='lat' dir='ltr'><strong>pensus,</strong></span> <span class='ocrx_word' id='word_1_486' title='bbox 2159 2431 2427 2503; x_wconf 87' lang='lat' dir='ltr'><strong>tertioque</strong></span> <span class='ocrx_word' id='word_1_487' title='bbox 2478 2431 2718 2499; x_wconf 77' lang='lat' dir='ltr'><strong>auditus,</strong></span> <span class='ocrx_word' id='word_1_488' title='bbox 2766 2430 2821 2485; x_wconf 91' lang='lat' dir='ltr'><strong>in</strong></span> <span class='ocrx_word' id='word_1_489' title='bbox 2860 2428 3200 2486; x_wconf 89' lang='lat' dir='ltr'><strong>confessione</strong></span> <span class='ocrx_word' id='word_1_490' title='bbox 3253 2427 3469 2485; x_wconf 88' lang='lat' dir='ltr'><strong>Domini</strong></span> 
     </span>
    </p>
   </div>
   <div class='ocr_carea' id='block_1_83' title="bbox 1881 2518 3472 2590">
    <p class='ocr_par' dir='ltr' id='par_1_83' title="bbox 1881 2518 3472 2590">
     <span class='ocr_line' id='line_1_83' title="bbox 1881 2518 3472 2590; baseline -0.003 -13"><span class='ocrx_word' id='word_1_491' title='bbox 1881 2535 2262 2590; x_wconf 85' lang='lat' dir='ltr'><strong>perseverans,</strong></span> <span class='ocrx_word' id='word_1_492' title='bbox 2292 2522 2492 2578; x_wconf 89' lang='lat' dir='ltr'><strong>missus</strong></span> <span class='ocrx_word' id='word_1_493' title='bbox 2520 2522 2682 2578; x_wconf 88' lang='lat' dir='ltr'><strong>estin</strong></span> <span class='ocrx_word' id='word_1_494' title='bbox 2727 2519 2966 2586; x_wconf 86' lang='lat' dir='ltr'><strong>foveam,</strong></span> <span class='ocrx_word' id='word_1_495' title='bbox 3007 2527 3064 2576; x_wconf 92' lang='lat' dir='ltr'><strong>et</strong></span> <span class='ocrx_word' id='word_1_496' title='bbox 3114 2518 3347 2575; x_wconf 87' lang='lat' dir='ltr'><strong>demissa</strong></span> <span class='ocrx_word' id='word_1_497' title='bbox 3386 2526 3472 2575; x_wconf 88' lang='lat' dir='ltr'><strong>est</strong></span> 
     </span>
    </p>
   </div>
   <div class='ocr_carea' id='block_1_84' title="bbox 1883 2608 3469 2682">
    <p class='ocr_par' dir='ltr' id='par_1_84' title="bbox 1883 2608 3469 2682">
     <span class='ocr_line' id='line_1_84' title="bbox 1883 2608 3469 2682; baseline 0.001 -16"><span class='ocrx_word' id='word_1_498' title='bbox 1883 2626 2047 2682; x_wconf 85' lang='lat' dir='ltr'><strong>super</strong></span> <span class='ocrx_word' id='word_1_499' title='bbox 2084 2628 2208 2668; x_wconf 91' lang='lat' dir='ltr'><strong>eum</strong></span> <span class='ocrx_word' id='word_1_500' title='bbox 2245 2627 2425 2670; x_wconf 85' lang='lat' dir='ltr'><strong>massa</strong></span> <span class='ocrx_word' id='word_1_501' title='bbox 2476 2612 2751 2669; x_wconf 79' lang='lat' dir='ltr'><strong>arenaria.</strong></span> <span class='ocrx_word' id='word_1_502' title='bbox 2779 2619 2944 2682; x_wconf 87' lang='lat' dir='ltr'><strong>atque</strong></span> <span class='ocrx_word' id='word_1_503' title='bbox 2991 2611 3069 2669; x_wconf 84' lang='lat' dir='ltr'><strong>ita</strong></span> <span class='ocrx_word' id='word_1_504' title='bbox 3128 2625 3251 2667; x_wconf 88' lang='lat' dir='ltr'><strong>cum</strong></span> <span class='ocrx_word' id='word_1_505' title='bbox 3290 2608 3469 2681; x_wconf 74' lang='lat' dir='ltr'><strong>palma</strong></span> 
     </span>
    </p>
   </div>
   <div class='ocr_carea' id='block_1_85' title="bbox 1883 2703 2843 2775">
    <p class='ocr_par' dir='ltr' id='par_1_85' title="bbox 1883 2703 2843 2775">
     <span class='ocr_line' id='line_1_85' title="bbox 1883 2703 2843 2775; baseline -0.001 -17"><span class='ocrx_word' id='word_1_506' title='bbox 1883 2704 2130 2775; x_wconf 85' lang='lat' dir='ltr'><strong>martyrii</strong></span> <span class='ocrx_word' id='word_1_507' title='bbox 2165 2704 2416 2775; x_wconf 77' lang='lat' dir='ltr'><strong>migravit</strong></span> <span class='ocrx_word' id='word_1_508' title='bbox 2442 2704 2512 2759; x_wconf 89' lang='lat' dir='ltr'><strong>ad</strong></span> <span class='ocrx_word' id='word_1_509' title='bbox 2545 2703 2843 2763; x_wconf 79' lang='lat' dir='ltr'><strong>Christum.</strong></span> 
     </span>
    </p>
   </div>
   <div class='ocr_carea' id='block_1_86' title="bbox 1955 2790 3470 2865">
    <p class='ocr_par' dir='ltr' id='par_1_86' title="bbox 1955 2790 3470 2865">
     <span class='ocr_line' id='line_1_86' title="bbox 1955 2790 3470 2865; baseline -0.001 -18"><span class='ocrx_word' id='word_1_510' title='bbox 1955 2791 2158 2848; x_wconf 86' lang='lat' dir='ltr'><strong>Eodem</strong></span> <span class='ocrx_word' id='word_1_511' title='bbox 2223 2793 2312 2849; x_wconf 93' lang='lat' dir='ltr'><strong>die</strong></span> <span class='ocrx_word' id='word_1_512' title='bbox 2367 2794 2507 2865; x_wconf 91' lang='lat' dir='ltr'><strong>apud</strong></span> <span class='ocrx_word' id='word_1_513' title='bbox 2547 2792 2879 2863; x_wconf 80' lang='lat' dir='ltr'><strong>Pentapolim</strong></span> <span class='ocrx_word' id='word_1_514' title='bbox 2932 2791 3116 2864; x_wconf 67' lang='lat' dir='ltr'><strong>Libym</strong></span> <span class='ocrx_word' id='word_1_515' title='bbox 3138 2831 3155 2858; x_wconf 90' lang='lat'><strong>,</strong></span> <span class='ocrx_word' id='word_1_516' title='bbox 3200 2790 3470 2848; x_wconf 86' lang='lat' dir='ltr'><strong>Theodori</strong></span> 
     </span>
    </p>
   </div>
   <div class='ocr_carea' id='block_1_87' title="bbox 1883 2884 3473 2957">
    <p class='ocr_par' dir='ltr' id='par_1_87' title="bbox 1883 2884 3473 2957">
     <span class='ocr_line' id='line_1_87' title="bbox 1883 2884 3473 2957; baseline 0.001 -18"><span class='ocrx_word' id='word_1_517' title='bbox 1883 2884 2140 2955; x_wconf 86' lang='lat' dir='ltr'><strong>episc0pi,</strong></span> <span class='ocrx_word' id='word_1_518' title='bbox 2187 2886 2371 2949; x_wconf 80' lang='lat' dir='ltr'><strong>irenaei</strong></span> <span class='ocrx_word' id='word_1_519' title='bbox 2400 2886 2633 2953; x_wconf 89' lang='lat' dir='ltr'><strong>diaconi,</strong></span> <span class='ocrx_word' id='word_1_520' title='bbox 2659 2886 2973 2957; x_wconf 89' lang='lat' dir='ltr'><strong>Serapionis</strong></span> <span class='ocrx_word' id='word_1_521' title='bbox 2993 2893 3049 2942; x_wconf 91' lang='lat' dir='ltr'><strong>et</strong></span> <span class='ocrx_word' id='word_1_522' title='bbox 3065 2884 3338 2942; x_wconf 85' lang='lat' dir='ltr'><strong>Ammonii</strong></span> <span class='ocrx_word' id='word_1_523' title='bbox 3393 2884 3473 2941; x_wconf 79' lang='lat' dir='ltr'><strong>le-</strong></span> 
     </span>
    </p>
   </div>
   <div class='ocr_carea' id='block_1_88' title="bbox 1883 2987 2114 3036">
    <p class='ocr_par' dir='ltr' id='par_1_88' title="bbox 1883 2987 2114 3036">
     <span class='ocr_line' id='line_1_88' title="bbox 1883 2987 2114 3036; baseline -0.022 0"><span class='ocrx_word' id='word_1_524' title='bbox 1883 2987 2114 3036; x_wconf 90' lang='lat' dir='ltr'><strong>ctorum.</strong></span> 
     </span>
    </p>
   </div>
   <div class='ocr_carea' id='block_1_89' title="bbox 1954 3066 3474 3142">
    <p class='ocr_par' dir='ltr' id='par_1_89' title="bbox 1954 3066 3474 3142">
     <span class='ocr_line' id='line_1_89' title="bbox 1954 3066 3474 3142; baseline 0.001 -20"><span class='ocrx_word' id='word_1_525' title='bbox 1954 3068 2182 3141; x_wconf 85' lang='lat' dir='ltr'><strong>Etapud</strong></span> <span class='ocrx_word' id='word_1_526' title='bbox 2214 3068 2511 3142; x_wconf 81' lang='lat' dir='ltr'><strong>Syrmium,</strong></span> <span class='ocrx_word' id='word_1_527' title='bbox 2540 3070 2722 3125; x_wconf 87' lang='lat' dir='ltr'><strong>natale</strong></span> <span class='ocrx_word' id='word_1_528' title='bbox 2745 3069 2917 3125; x_wconf 87' lang='lat' dir='ltr'><strong>sancti</strong></span> <span class='ocrx_word' id='word_1_529' title='bbox 2965 3068 3203 3124; x_wconf 80' lang='lat' dir='ltr'><strong>Montani</strong></span> <span class='ocrx_word' id='word_1_530' title='bbox 3250 3066 3474 3138; x_wconf 85' lang='lat' dir='ltr'><strong>presby-</strong></span> 
     </span>
    </p>
   </div>
   <div class='ocr_carea' id='block_1_90' title="bbox 1887 3157 3476 3231">
    <p class='ocr_par' dir='ltr' id='par_1_90' title="bbox 1887 3157 3476 3231">
     <span class='ocr_line' id='line_1_90' title="bbox 1887 3157 3476 3231; baseline 0.001 -18"><span class='ocrx_word' id='word_1_531' title='bbox 1887 3160 2008 3224; x_wconf 89' lang='lat' dir='ltr'><strong>teri,</strong></span> <span class='ocrx_word' id='word_1_532' title='bbox 2042 3162 2278 3231; x_wconf 89' lang='lat' dir='ltr'><strong>quieum</strong></span> <span class='ocrx_word' id='word_1_533' title='bbox 2302 3161 2534 3221; x_wconf 81' lang='lat' dir='ltr'><strong>Maxima</strong></span> <span class='ocrx_word' id='word_1_534' title='bbox 2559 3176 2728 3217; x_wconf 78' lang='lat' dir='ltr'><strong>uxore</strong></span> <span class='ocrx_word' id='word_1_535' title='bbox 2776 3176 2874 3217; x_wconf 90' lang='lat' dir='ltr'><strong>sua</strong></span> <span class='ocrx_word' id='word_1_536' title='bbox 2927 3168 3157 3227; x_wconf 90' lang='lat' dir='ltr'><strong>tentus,_</strong></span> <span class='ocrx_word' id='word_1_537' title='bbox 3187 3167 3244 3215; x_wconf 85' lang='lat' dir='ltr'><strong>et</strong></span> <span class='ocrx_word' id='word_1_538' title='bbox 3285 3159 3341 3214; x_wconf 93' lang='lat' dir='ltr'><strong>in</strong></span> <span class='ocrx_word' id='word_1_539' title='bbox 3382 3157 3476 3214; x_wconf 87' lang='lat' dir='ltr'><strong>ilu-</strong></span> 
     </span>
    </p>
   </div>
   <div class='ocr_carea' id='block_1_91' title="bbox 1890 3236 3473 3323">
    <p class='ocr_par' dir='ltr' id='par_1_91' title="bbox 1890 3236 3473 3323">
     <span class='ocr_line' id='line_1_91' title="bbox 1890 3236 3473 3323; baseline 0.003 -22"><span class='ocrx_word' id='word_1_540' title='bbox 1890 3249 2035 3304; x_wconf 88' lang='lat' dir='ltr'><strong>vium</strong></span> <span class='ocrx_word' id='word_1_541' title='bbox 2061 3251 2430 3322; x_wconf 72' lang='lat' dir='ltr'><strong>praecipitatus</strong></span> <span class='ocrx_word' id='word_1_542' title='bbox 2453 3261 2538 3308; x_wconf 89' lang='lat' dir='ltr'><strong>est</strong></span> <span class='ocrx_word' id='word_1_543' title='bbox 2560 3269 2576 3316; x_wconf 83' lang='lat'><strong>;</strong></span> <span class='ocrx_word' id='word_1_544' title='bbox 2608 3236 2836 3323; x_wconf 78' lang='lat' dir='ltr'><strong>corpora</strong></span> <span class='ocrx_word' id='word_1_545' title='bbox 2864 3265 3055 3307; x_wconf 89' lang='lat' dir='ltr'><strong>eorum</strong></span> <span class='ocrx_word' id='word_1_546' title='bbox 3078 3265 3222 3307; x_wconf 88' lang='lat' dir='ltr'><strong>nono</strong></span> <span class='ocrx_word' id='word_1_547' title='bbox 3248 3248 3318 3305; x_wconf 84' lang='lat' dir='ltr'><strong>ab</strong></span> <span class='ocrx_word' id='word_1_548' title='bbox 3340 3249 3473 3305; x_wconf 75' lang='lat' dir='ltr'><strong>urbe</strong></span> 
     </span>
    </p>
   </div>
   <div class='ocr_carea' id='block_1_92' title="bbox 1888 3338 2792 3415">
    <p class='ocr_par' dir='ltr' id='par_1_92' title="bbox 1888 3338 2792 3415">
     <span class='ocr_line' id='line_1_92' title="bbox 1888 3338 2792 3415; baseline 0.007 -22"><span class='ocrx_word' id='word_1_549' title='bbox 1888 3338 2061 3411; x_wconf 81' lang='lat' dir='ltr'><strong>lapide</strong></span> <span class='ocrx_word' id='word_1_550' title='bbox 2089 3341 2307 3403; x_wconf 89' lang='lat' dir='ltr'><strong>inventa</strong></span> <span class='ocrx_word' id='word_1_551' title='bbox 2332 3351 2390 3399; x_wconf 89' lang='lat' dir='ltr'><strong>et</strong></span> <span class='ocrx_word' id='word_1_552' title='bbox 2412 3344 2622 3415; x_wconf 89' lang='lat' dir='ltr'><strong>sepulta</strong></span> <span class='ocrx_word' id='word_1_553' title='bbox 2643 3352 2792 3401; x_wconf 88' lang='lat' dir='ltr'><strong>sunt.</strong></span> 
     </span>
    </p>
   </div>
   <div class='ocr_carea' id='block_1_93' title="bbox 2338 3456 3044 3535">
    <p class='ocr_par' dir='ltr' id='par_1_93' title="bbox 2338 3456 3044 3535">
     <span class='ocr_line' id='line_1_93' title="bbox 2338 3456 3044 3535; baseline 0 -21"><span class='ocrx_word' id='word_1_554' title='bbox 2338 3458 2396 3514; x_wconf 79' lang='grc' dir='ltr'><strong>Β.</strong></span> <span class='ocrx_word' id='word_1_555' title='bbox 2437 3457 2504 3535; x_wconf 84' lang='lat' dir='ltr'><strong>vt</strong></span> <span class='ocrx_word' id='word_1_556' title='bbox 2542 3456 2698 3513; x_wconf 79' lang='lat' dir='ltr'><strong>KAL.</strong></span> <span class='ocrx_word' id='word_1_557' title='bbox 2737 3457 3044 3515; x_wconf 63' lang='grc' dir='ltr'>Αριιιιιό..</span> 
     </span>
    </p>
   </div>
   <div class='ocr_carea' id='block_1_94' title="bbox 2513 3548 2824 3624">
    <p class='ocr_par' dir='ltr' id='par_1_94' title="bbox 2513 3548 2824 3624">
     <span class='ocr_line' id='line_1_94' title="bbox 2513 3548 2824 3624; baseline -0.013 -17"><span class='ocrx_word' id='word_1_558' title='bbox 2513 3550 2607 3624; x_wconf 70' lang='lat'><strong>(27</strong></span> <span class='ocrx_word' id='word_1_559' title='bbox 2635 3548 2824 3621; x_wconf 74' lang='grc' dir='ltr'>ιιατι.)</span> 
     </span>
    </p>
   </div>
   <div class='ocr_carea' id='block_1_95' title="bbox 1961 3650 3479 3728">
    <p class='ocr_par' dir='ltr' id='par_1_95' title="bbox 1961 3650 3479 3728">
     <span class='ocr_line' id='line_1_95' title="bbox 1961 3650 3479 3728; baseline -0.004 -19"><span class='ocrx_word' id='word_1_560' title='bbox 1961 3654 2116 3724; x_wconf 84' lang='lat' dir='ltr'><strong>Apud</strong></span> <span class='ocrx_word' id='word_1_561' title='bbox 2140 3654 2454 3728; x_wconf 66' lang='lat' dir='ltr'><strong>Egyptum,</strong></span> <span class='ocrx_word' id='word_1_562' title='bbox 2505 3653 2650 3708; x_wconf 85' lang='lat' dir='ltr'><strong>beati</strong></span> <span class='ocrx_word' id='word_1_563' title='bbox 2694 3650 2921 3707; x_wconf 85' lang='lat' dir='ltr'><strong>Joannis</strong></span> <span class='ocrx_word' id='word_1_564' title='bbox 2977 3650 3252 3715; x_wconf 63' lang='lat' dir='ltr'><strong>Eremitm,</strong></span> <span class='ocrx_word' id='word_1_565' title='bbox 3306 3650 3479 3704; x_wconf 87' lang='lat' dir='ltr'><strong>admi-</strong></span> 
     </span>
    </p>
   </div>
   <div class='ocr_carea' id='block_1_96' title="bbox 1892 3737 3474 3812">
    <p class='ocr_par' dir='ltr' id='par_1_96' title="bbox 1892 3737 3474 3812">
     <span class='ocr_line' id='line_1_96' title="bbox 1892 3737 3474 3812; baseline -0.008 -9"><span class='ocrx_word' id='word_1_566' title='bbox 1892 3746 2077 3803; x_wconf 64' lang='lat' dir='ltr'><strong>randae</strong></span> <span class='ocrx_word' id='word_1_567' title='bbox 2096 3744 2406 3801; x_wconf 85' lang='lat' dir='ltr'><strong>sanctitatis</strong></span> <span class='ocrx_word' id='word_1_568' title='bbox 2436 3743 2561 3811; x_wconf 91' lang='lat' dir='ltr'><strong>viri,</strong></span> <span class='ocrx_word' id='word_1_569' title='bbox 2593 3743 2685 3812; x_wconf 90' lang='lat' dir='ltr'><strong>qui</strong></span> <span class='ocrx_word' id='word_1_570' title='bbox 2707 3743 2874 3799; x_wconf 91' lang='lat' dir='ltr'><strong>etiam</strong></span> <span class='ocrx_word' id='word_1_571' title='bbox 2915 3739 3233 3811; x_wconf 83' lang='lat' dir='ltr'><strong>prophetico</strong></span> <span class='ocrx_word' id='word_1_572' title='bbox 3279 3737 3474 3808; x_wconf 91' lang='lat' dir='ltr'><strong>splritu</strong></span> 
     </span>
    </p>
   </div>
   <div class='ocr_carea' id='block_1_97' title="bbox 1890 3831 3477 3911">
    <p class='ocr_par' dir='ltr' id='par_1_97' title="bbox 1890 3831 3477 3911">
     <span class='ocr_line' id='line_1_97' title="bbox 1890 3831 3477 3911; baseline -0.004 -19"><span class='ocrx_word' id='word_1_573' title='bbox 1890 3840 2103 3911; x_wconf 86' lang='lat' dir='ltr'><strong>plenus,</strong></span> <span class='ocrx_word' id='word_1_574' title='bbox 2136 3837 2442 3894; x_wconf 88' lang='lat' dir='ltr'><strong>Theodosio</strong></span> <span class='ocrx_word' id='word_1_575' title='bbox 2495 3835 2807 3906; x_wconf 83' lang='lat' dir='ltr'><strong>imperatori</strong></span> <span class='ocrx_word' id='word_1_576' title='bbox 2862 3831 3351 3896; x_wconf 85' lang='lat' dir='ltr'><strong>Cbristianissimo,</strong></span> <span class='ocrx_word' id='word_1_577' title='bbox 3395 3831 3477 3885; x_wconf 83' lang='lat' dir='ltr'><strong>vi-</strong></span> 
     </span>
    </p>
   </div>
   <div class='ocr_carea' id='block_1_98' title="bbox 1889 3923 3082 4003">
    <p class='ocr_par' dir='ltr' id='par_1_98' title="bbox 1889 3923 3082 4003">
     <span class='ocr_line' id='line_1_98' title="bbox 1889 3923 3082 4003; baseline -0.01 -14"><span class='ocrx_word' id='word_1_578' title='bbox 1889 3932 2089 3989; x_wconf 91' lang='lat' dir='ltr'><strong>ctorias</strong></span> <span class='ocrx_word' id='word_1_579' title='bbox 2110 3931 2176 3987; x_wconf 83' lang='lat' dir='ltr'><strong>de</strong></span> <span class='ocrx_word' id='word_1_580' title='bbox 2199 3931 2442 4003; x_wconf 90' lang='lat' dir='ltr'><strong>tyrannis</strong></span> <span class='ocrx_word' id='word_1_581' title='bbox 2464 3929 2730 3985; x_wconf 77' lang='lat' dir='ltr'><strong>maximas</strong></span> <span class='ocrx_word' id='word_1_582' title='bbox 2751 3923 3039 3997; x_wconf 63' lang='lat' dir='ltr'><strong>praadixtit‘l</strong></span> <span class='ocrx_word' id='word_1_583' title='bbox 3068 3964 3082 3978; x_wconf 93' lang='lat'><strong>.</strong></span> 
     </span>
    </p>
   </div>
   <div class='ocr_carea' id='block_1_99' title="bbox 2351 4034 3018 4096">
    <p class='ocr_par' dir='ltr' id='par_1_99' title="bbox 2351 4034 3018 4096">
     <span class='ocr_line' id='line_1_99' title="bbox 2351 4034 3018 4096; baseline -0.01 -1"><span class='ocrx_word' id='word_1_584' title='bbox 2351 4037 2411 4095; x_wconf 89' lang='lat' dir='ltr'><strong>C.</strong></span> <span class='ocrx_word' id='word_1_585' title='bbox 2455 4039 2497 4096; x_wconf 83' lang='lat' dir='ltr'><strong>V</strong></span> <span class='ocrx_word' id='word_1_586' title='bbox 2535 4036 2689 4092; x_wconf 87' lang='lat' dir='ltr'><strong>KAL.</strong></span> <span class='ocrx_word' id='word_1_587' title='bbox 2731 4034 3018 4091; x_wconf 76' lang='lat' dir='ltr'><strong>APRILIS.</strong></span> 
     </span>
    </p>
   </div>
   <div class='ocr_carea' id='block_1_100' title="bbox 2531 4126 2876 4201">
    <p class='ocr_par' dir='ltr' id='par_1_100' title="bbox 2531 4126 2876 4201">
     <span class='ocr_line' id='line_1_100' title="bbox 2531 4126 2876 4201; baseline -0.017 -17"><span class='ocrx_word' id='word_1_588' title='bbox 2531 4128 2622 4201; x_wconf 73' lang='lat'><strong>(28</strong></span> <span class='ocrx_word' id='word_1_589' title='bbox 2654 4126 2841 4197; x_wconf 77' lang='lat' dir='ltr'><strong>Mart.)</strong></span> <span class='ocrx_word' id='word_1_590' title='bbox 2870 4195 2876 4200; x_wconf 17' lang='grc' dir='ltr'><strong>ς</strong></span> 
     </span>
    </p>
   </div>
   <div class='ocr_carea' id='block_1_101' title="bbox 1963 4239 3477 4316">
    <p class='ocr_par' dir='ltr' id='par_1_101' title="bbox 1963 4239 3477 4316">
     <span class='ocr_line' id='line_1_101' title="bbox 1963 4239 3477 4316; baseline -0.007 -16"><span class='ocrx_word' id='word_1_591' title='bbox 1963 4247 2115 4316; x_wconf 82' lang='lat' dir='ltr'><strong>Apud</strong></span> <span class='ocrx_word' id='word_1_592' title='bbox 2152 4243 2443 4300; x_wconf 66' lang='lat' dir='ltr'><strong>Caesariani</strong></span> <span class='ocrx_word' id='word_1_593' title='bbox 2477 4239 2781 4300; x_wconf 69' lang='lat' dir='ltr'><strong>Palestinre,</strong></span> <span class='ocrx_word' id='word_1_594' title='bbox 2822 4245 3132 4291; x_wconf 86' lang='lat' dir='ltr'><strong>sanctorqu</strong></span> <span class='ocrx_word' id='word_1_595' title='bbox 3178 4244 3477 4307; x_wconf 87' lang='lat' dir='ltr'><strong>martyrum</strong></span> 
     </span>
    </p>
   </div>
   <div class='ocr_carea' id='block_1_102' title="bbox 1890 4324 3481 4402">
    <p class='ocr_par' dir='ltr' id='par_1_102' title="bbox 1890 4324 3481 4402">
     <span class='ocr_line' id='line_1_102' title="bbox 1890 4324 3481 4402; baseline -0.006 -13"><span class='ocrx_word' id='word_1_596' title='bbox 1890 4335 2085 4402; x_wconf 81' lang='lat' dir='ltr'><strong>Prisci,</strong></span> <span class='ocrx_word' id='word_1_597' title='bbox 2110 4333 2326 4397; x_wconf 81' lang='lat' dir='ltr'><strong>Malehi,</strong></span> <span class='ocrx_word' id='word_1_598' title='bbox 2362 4338 2415 4386; x_wconf 90' lang='lat' dir='ltr'><strong>et</strong></span> <span class='ocrx_word' id='word_1_599' title='bbox 2458 4327 2749 4384; x_wconf 78' lang='lat' dir='ltr'><strong>Alexandri</strong></span> <span class='ocrx_word' id='word_1_600' title='bbox 2778 4347 2789 4380; x_wconf 91' lang='lat'><strong>:</strong></span> <span class='ocrx_word' id='word_1_601' title='bbox 2816 4327 2907 4396; x_wconf 88' lang='lat' dir='ltr'><strong>qui</strong></span> <span class='ocrx_word' id='word_1_602' title='bbox 2954 4324 3328 4396; x_wconf 89' lang='lat' dir='ltr'><strong>persecutione</strong></span> <span class='ocrx_word' id='word_1_603' title='bbox 3376 4324 3481 4380; x_wconf 87' lang='lat' dir='ltr'><strong>Va-</strong></span> 
     </span>
    </p>
   </div>
   <div class='ocr_carea' id='block_1_103' title="bbox 1898 4416 3480 4493">
    <p class='ocr_par' dir='ltr' id='par_1_103' title="bbox 1898 4416 3480 4493">
     <span class='ocr_line' id='line_1_103' title="bbox 1898 4416 3480 4493; baseline -0.006 -13"><span class='ocrx_word' id='word_1_604' title='bbox 1898 4427 2108 4493; x_wconf 89' lang='lat' dir='ltr'><strong>leriani,</strong></span> <span class='ocrx_word' id='word_1_605' title='bbox 2145 4440 2267 4480; x_wconf 89' lang='lat' dir='ltr'><strong>cum</strong></span> <span class='ocrx_word' id='word_1_606' title='bbox 2289 4421 2657 4477; x_wconf 87' lang='lat' dir='ltr'><strong>suburbanmn</strong></span> <span class='ocrx_word' id='word_1_607' title='bbox 2688 4418 2919 4489; x_wconf 84' lang='lat' dir='ltr'><strong>agellum</strong></span> <span class='ocrx_word' id='word_1_608' title='bbox 2955 4417 3277 4486; x_wconf 74' lang='lat' dir='ltr'><strong>supradicta:</strong></span> <span class='ocrx_word' id='word_1_609' title='bbox 3329 4416 3480 4471; x_wconf 87' lang='lat' dir='ltr'><strong>urbis</strong></span> 
     </span>
    </p>
   </div>
   <div class='ocr_carea' id='block_1_104' title="bbox 1898 4498 3484 4584">
    <p class='ocr_par' dir='ltr' id='par_1_104' title="bbox 1898 4498 3484 4584">
     <span class='ocr_line' id='line_1_104' title="bbox 1898 4498 3484 4584; baseline -0.008 -12"><span class='ocrx_word' id='word_1_610' title='bbox 1898 4518 2226 4580; x_wconf 81' lang='lat' dir='ltr'><strong>habitarent,</strong></span> <span class='ocrx_word' id='word_1_611' title='bbox 2260 4512 2499 4584; x_wconf 87' lang='lat' dir='ltr'><strong>atquein</strong></span> <span class='ocrx_word' id='word_1_612' title='bbox 2534 4525 2597 4564; x_wconf 91' lang='lat' dir='ltr'><strong>ea</strong></span> <span class='ocrx_word' id='word_1_613' title='bbox 2654 4498 2893 4563; x_wconf 70' lang='lat' dir='ltr'><strong>cmlestis</strong></span> <span class='ocrx_word' id='word_1_614' title='bbox 2933 4504 3179 4576; x_wconf 83' lang='lat' dir='ltr'><strong>martyrii</strong></span> <span class='ocrx_word' id='word_1_615' title='bbox 3221 4519 3484 4575; x_wconf 88' lang='lat' dir='ltr'><strong>propone-</strong></span> 
     </span>
    </p>
   </div>
   <div class='ocr_carea' id='block_1_105' title="bbox 1901 4593 3483 4666">
    <p class='ocr_par' dir='ltr' id='par_1_105' title="bbox 1901 4593 3483 4666">
     <span class='ocr_line' id='line_1_105' title="bbox 1901 4593 3483 4666; baseline -0.008 -4"><span class='ocrx_word' id='word_1_616' title='bbox 1901 4615 2089 4666; x_wconf 87' lang='lat' dir='ltr'><strong>rentur</strong></span> <span class='ocrx_word' id='word_1_617' title='bbox 2111 4618 2325 4660; x_wconf 71' lang='lat' dir='ltr'><strong>eoronte</strong></span> <span class='ocrx_word' id='word_1_618' title='bbox 2357 4618 2371 4655; x_wconf 92' lang='lat'>:</span> <span class='ocrx_word' id='word_1_619' title='bbox 2407 4599 2594 4654; x_wconf 89' lang='lat' dir='ltr'><strong>divino</strong></span> <span class='ocrx_word' id='word_1_620' title='bbox 2621 4597 2745 4653; x_wconf 85' lang='lat' dir='ltr'><strong>tidei</strong></span> <span class='ocrx_word' id='word_1_621' title='bbox 2796 4594 2977 4651; x_wconf 89' lang='lat' dir='ltr'><strong>calore</strong></span> <span class='ocrx_word' id='word_1_622' title='bbox 3016 4593 3285 4659; x_wconf 88' lang='lat' dir='ltr'><strong>succensi,</strong></span> <span class='ocrx_word' id='word_1_623' title='bbox 3340 4593 3483 4650; x_wconf 91' lang='lat' dir='ltr'><strong>ultro</strong></span> 
     </span>
    </p>
   </div>
   <div class='ocr_carea' id='block_1_106' title="bbox 1889 4682 3483 4768">
    <p class='ocr_par' dir='ltr' id='par_1_106' title="bbox 1889 4682 3483 4768">
     <span class='ocr_line' id='line_1_106' title="bbox 1889 4682 3483 4768; baseline -0.009 -14"><span class='ocrx_word' id='word_1_624' title='bbox 1889 4698 2128 4768; x_wconf 89' lang='lat' dir='ltr'><strong>judicem</strong></span> <span class='ocrx_word' id='word_1_625' title='bbox 2162 4695 2444 4757; x_wconf 89' lang='lat' dir='ltr'><strong>adeuntes,</strong></span> <span class='ocrx_word' id='word_1_626' title='bbox 2484 4704 2582 4746; x_wconf 89' lang='lat' dir='ltr'><strong>cur</strong></span> <span class='ocrx_word' id='word_1_627' title='bbox 2636 4682 2845 4744; x_wconf 85' lang='lat' dir='ltr'><strong>tantum</strong></span> <span class='ocrx_word' id='word_1_628' title='bbox 2897 4685 2950 4741; x_wconf 91' lang='lat' dir='ltr'><strong>in</strong></span> <span class='ocrx_word' id='word_1_629' title='bbox 2994 4685 3313 4756; x_wconf 89' lang='lat' dir='ltr'><strong>sanguinem</strong></span> <span class='ocrx_word' id='word_1_630' title='bbox 3363 4684 3483 4756; x_wconf 84' lang='lat' dir='ltr'><strong>pio-</strong></span> 
     </span>
    </p>
   </div>
   <div class='ocr_carea' id='block_1_107' title="bbox 1899 4776 3486 4854">
    <p class='ocr_par' dir='ltr' id='par_1_107' title="bbox 1899 4776 3486 4854">
     <span class='ocr_line' id='line_1_107' title="bbox 1899 4776 3486 4854; baseline -0.009 -9"><span class='ocrx_word' id='word_1_631' title='bbox 1899 4806 2015 4846; x_wconf 87' lang='lat' dir='ltr'><strong>rum</strong></span> <span class='ocrx_word' id='word_1_632' title='bbox 2053 4788 2355 4851; x_wconf 85' lang='lat' dir='ltr'><strong>desaeviret,</strong></span> <span class='ocrx_word' id='word_1_633' title='bbox 2398 4781 2700 4854; x_wconf 86' lang='lat' dir='ltr'><strong>objurgant.</strong></span> <span class='ocrx_word' id='word_1_634' title='bbox 2755 4778 2901 4848; x_wconf 87' lang='lat' dir='ltr'><strong>Quos</strong></span> <span class='ocrx_word' id='word_1_635' title='bbox 2925 4777 3013 4833; x_wconf 70' lang='lat' dir='ltr'><strong>ille</strong></span> <span class='ocrx_word' id='word_1_636' title='bbox 3067 4776 3343 4842; x_wconf 89' lang='lat' dir='ltr'><strong>continuo,</strong></span> <span class='ocrx_word' id='word_1_637' title='bbox 3385 4791 3486 4847; x_wconf 91' lang='lat' dir='ltr'><strong>pro</strong></span> 
     </span>
    </p>
   </div>
   <div class='ocr_carea' id='block_1_108' title="bbox 1898 4867 3198 4937">
    <p class='ocr_par' dir='ltr' id='par_1_108' title="bbox 1898 4867 3198 4937">
     <span class='ocr_line' id='line_1_108' title="bbox 1898 4867 3198 4937; baseline -0.013 -1"><span class='ocrx_word' id='word_1_638' title='bbox 1898 4879 2100 4935; x_wconf 87' lang='lat' dir='ltr'><strong>Christi</strong></span> <span class='ocrx_word' id='word_1_639' title='bbox 2119 4876 2355 4937; x_wconf 86' lang='lat' dir='ltr'><strong>nomine.</strong></span> <span class='ocrx_word' id='word_1_640' title='bbox 2380 4872 2571 4929; x_wconf 90' lang='lat' dir='ltr'><strong>bestiis</strong></span> <span class='ocrx_word' id='word_1_641' title='bbox 2593 4868 2816 4927; x_wconf 88' lang='lat' dir='ltr'><strong>tradidit</strong></span> <span class='ocrx_word' id='word_1_642' title='bbox 2840 4867 3198 4924; x_wconf 90' lang='lat' dir='ltr'><strong>devorandos.</strong></span> 
     </span>
    </p>
   </div>
   <div class='ocr_carea' id='block_1_109' title="bbox 1970 4954 3487 5038">
    <p class='ocr_par' dir='ltr' id='par_1_109' title="bbox 1970 4954 3487 5038">
     <span class='ocr_line' id='line_1_109' title="bbox 1970 4954 3487 5038; baseline -0.011 -14"><span class='ocrx_word' id='word_1_643' title='bbox 1970 4967 2038 5023; x_wconf 83' lang='lat' dir='ltr'><strong>Et</strong></span> <span class='ocrx_word' id='word_1_644' title='bbox 2070 4966 2212 5038; x_wconf 88' lang='lat' dir='ltr'><strong>apud</strong></span> <span class='ocrx_word' id='word_1_645' title='bbox 2239 4963 2430 5019; x_wconf 89' lang='lat' dir='ltr'><strong>urbem</strong></span> <span class='ocrx_word' id='word_1_646' title='bbox 2457 4958 2935 5021; x_wconf 89' lang='lat' dir='ltr'><strong>Cabillonensium,</strong></span> <span class='ocrx_word' id='word_1_647' title='bbox 2970 4956 3239 5028; x_wconf 89' lang='lat' dir='ltr'><strong>depositio</strong></span> <span class='ocrx_word' id='word_1_648' title='bbox 3277 4954 3487 5010; x_wconf 82' lang='lat' dir='ltr'><strong>Gunth-</strong></span> 
     </span>
    </p>
   </div>
   <div class='ocr_carea' id='block_1_110' title="bbox 1907 5046 3487 5130">
    <p class='ocr_par' dir='ltr' id='par_1_110' title="bbox 1907 5046 3487 5130">
     <span class='ocr_line' id='line_1_110' title="bbox 1907 5046 3487 5130; baseline -0.012 -12"><span class='ocrx_word' id='word_1_649' title='bbox 1907 5061 2063 5118; x_wconf 89' lang='lat' dir='ltr'><strong>ranni</strong></span> <span class='ocrx_word' id='word_1_650' title='bbox 2108 5057 2252 5130; x_wconf 85' lang='lat' dir='ltr'><strong>regis</strong></span> <span class='ocrx_word' id='word_1_651' title='bbox 2296 5053 2654 5119; x_wconf 79' lang='lat' dir='ltr'><strong>Francorum,</strong></span> <span class='ocrx_word' id='word_1_652' title='bbox 2701 5049 2805 5105; x_wconf 92' lang='lat' dir='ltr'><strong>viri</strong></span> <span class='ocrx_word' id='word_1_653' title='bbox 2848 5047 3108 5119; x_wconf 78' lang='lat' dir='ltr'><strong>religiosi,</strong></span> <span class='ocrx_word' id='word_1_654' title='bbox 3169 5047 3262 5116; x_wconf 88' lang='lat' dir='ltr'><strong>qui</strong></span> <span class='ocrx_word' id='word_1_655' title='bbox 3306 5046 3383 5101; x_wconf 90' lang='lat' dir='ltr'><strong>ita</strong></span> <span class='ocrx_word' id='word_1_656' title='bbox 3426 5060 3487 5100; x_wconf 88' lang='lat' dir='ltr'><strong>se</strong></span> 
     </span>
    </p>
   </div>
   <div class='ocr_carea' id='block_1_111' title="bbox 1904 5136 3463 5224">
    <p class='ocr_par' dir='ltr' id='par_1_111' title="bbox 1904 5136 3463 5224">
     <span class='ocr_line' id='line_1_111' title="bbox 1904 5136 3463 5224; baseline -0.013 -15"><span class='ocrx_word' id='word_1_657' title='bbox 1904 5147 2272 5224; x_wconf 88' lang='lat' dir='ltr'><strong>spiritualibus</strong></span> <span class='ocrx_word' id='word_1_658' title='bbox 2298 5143 2618 5201; x_wconf 41' lang='lat' dir='ltr'><strong>actionibus.</strong></span> <span class='ocrx_word' id='word_1_659' title='bbox 2643 5138 2991 5211; x_wconf 89' lang='lat' dir='ltr'><strong>maneipavit,</strong></span> <span class='ocrx_word' id='word_1_660' title='bbox 3038 5146 3102 5193; x_wconf 92' lang='lat' dir='ltr'><strong>ut</strong></span> <span class='ocrx_word' id='word_1_661' title='bbox 3146 5136 3347 5192; x_wconf 91' lang='lat' dir='ltr'><strong>relictis</strong></span> <span class='ocrx_word' id='word_1_662' title='bbox 3388 5150 3463 5190; x_wconf 60' lang='lat' dir='ltr'><strong>sae</strong></span> 
     </span>
    </p>
   </div>
   <div class='ocr_carea' id='block_1_112' title="bbox 1905 5225 3489 5313">
    <p class='ocr_par' dir='ltr' id='par_1_112' title="bbox 1905 5225 3489 5313">
     <span class='ocr_line' id='line_1_112' title="bbox 1905 5225 3489 5313; baseline -0.013 -13"><span class='ocrx_word' id='word_1_663' title='bbox 1905 5243 2011 5301; x_wconf 90' lang='lat' dir='ltr'><strong>culi</strong></span> <span class='ocrx_word' id='word_1_664' title='bbox 2039 5240 2271 5313; x_wconf 89' lang='lat' dir='ltr'><strong>pompis,</strong></span> <span class='ocrx_word' id='word_1_665' title='bbox 2297 5238 2580 5293; x_wconf 86' lang='lat' dir='ltr'><strong>thesauros</strong></span> <span class='ocrx_word' id='word_1_666' title='bbox 2623 5247 2752 5289; x_wconf 91' lang='lat' dir='ltr'><strong>suos</strong></span> <span class='ocrx_word' id='word_1_667' title='bbox 2781 5228 3026 5288; x_wconf 89' lang='lat' dir='ltr'><strong>ecclesiis</strong></span> <span class='ocrx_word' id='word_1_668' title='bbox 3064 5239 3121 5285; x_wconf 89' lang='lat' dir='ltr'><strong>et</strong></span> <span class='ocrx_word' id='word_1_669' title='bbox 3160 5225 3489 5298; x_wconf 81' lang='lat' dir='ltr'><strong>pauperibus</strong></span> 
     </span>
    </p>
   </div>
   <div class='ocr_carea' id='block_1_113' title="bbox 1906 5342 2177 5404">
    <p class='ocr_par' dir='ltr' id='par_1_113' title="bbox 1906 5342 2177 5404">
     <span class='ocr_line' id='line_1_113' title="bbox 1906 5342 2177 5404; baseline -0.015 -14"><span class='ocrx_word' id='word_1_670' title='bbox 1906 5342 2177 5404; x_wconf 80' lang='lat' dir='ltr'><strong>erogaret.</strong></span> 
     </span>
    </p>
   </div>
   <div class='ocr_carea' id='block_1_114' title="bbox 1983 5411 3484 5495">
    <p class='ocr_par' dir='ltr' id='par_1_114' title="bbox 1983 5411 3484 5495">
     <span class='ocr_line' id='line_1_114' title="bbox 1983 5411 3484 5495; baseline -0.016 -12"><span class='ocrx_word' id='word_1_671' title='bbox 1983 5440 2007 5467; x_wconf 74' lang='grc' dir='ltr'>ε</span> <span class='ocrx_word' id='word_1_672' title='bbox 2033 5427 2165 5482; x_wconf 89' lang='lat' dir='ltr'><strong>item</strong></span> <span class='ocrx_word' id='word_1_673' title='bbox 2192 5423 2330 5480; x_wconf 83' lang='lat' dir='ltr'><strong>Sixti</strong></span> <span class='ocrx_word' id='word_1_674' title='bbox 2358 5436 2531 5495; x_wconf 69' lang='lat' dir='ltr'><strong>papaa,</strong></span> <span class='ocrx_word' id='word_1_675' title='bbox 2581 5418 2673 5489; x_wconf 91' lang='lat' dir='ltr'><strong>qui</strong></span> <span class='ocrx_word' id='word_1_676' title='bbox 2706 5417 2894 5471; x_wconf 66' lang='lat' dir='ltr'><strong>Roma:</strong></span> <span class='ocrx_word' id='word_1_677' title='bbox 2936 5411 3077 5469; x_wconf 88' lang='lat' dir='ltr'><strong>sedit</strong></span> <span class='ocrx_word' id='word_1_678' title='bbox 3131 5422 3301 5463; x_wconf 88' lang='lat' dir='ltr'><strong>annos</strong></span> <span class='ocrx_word' id='word_1_679' title='bbox 3339 5415 3484 5461; x_wconf 88' lang='lat' dir='ltr'><strong>octo.</strong></span> 
     </span>
    </p>
   </div>
   <div class='ocr_carea' id='block_1_115' title="bbox 1907 5496 3489 5578">
    <p class='ocr_par' dir='ltr' id='par_1_115' title="bbox 1907 5496 3489 5578">
     <span class='ocr_line' id='line_1_115' title="bbox 1907 5496 3489 5578; baseline -0.016 -3"><span class='ocrx_word' id='word_1_680' title='bbox 1907 5521 2005 5576; x_wconf 85' lang='lat' dir='ltr'><strong>llic</strong></span> <span class='ocrx_word' id='word_1_681' title='bbox 2032 5518 2438 5575; x_wconf 89' lang='lat' dir='ltr'><strong>criminatorem</strong></span> <span class='ocrx_word' id='word_1_682' title='bbox 2464 5525 2642 5578; x_wconf 89' lang='lat' dir='ltr'><strong>suum,</strong></span> <span class='ocrx_word' id='word_1_683' title='bbox 2668 5509 2894 5563; x_wconf 88' lang='lat' dir='ltr'><strong>Bassum</strong></span> <span class='ocrx_word' id='word_1_684' title='bbox 2939 5501 3178 5568; x_wconf 83' lang='lat' dir='ltr'><strong>nomine,</strong></span> <span class='ocrx_word' id='word_1_685' title='bbox 3229 5506 3362 5553; x_wconf 90' lang='lat' dir='ltr'><strong>nutu</strong></span> <span class='ocrx_word' id='word_1_686' title='bbox 3402 5496 3489 5552; x_wconf 62' lang='lat' dir='ltr'><strong>di-</strong></span> 
     </span>
    </p>
   </div>
   <div class='ocr_carea' id='block_1_116' title="bbox 1977 5645 2569 5718">
    <p class='ocr_par' dir='ltr' id='par_1_116' title="bbox 1977 5645 2569 5718">
     <span class='ocr_line' id='line_1_116' title="bbox 1977 5645 2569 5718; baseline -0.014 -12"><span class='ocrx_word' id='word_1_687' title='bbox 1977 5653 2002 5692; x_wconf 73' lang='grc' dir='ltr'><em>ά</em></span> <span class='ocrx_word' id='word_1_688' title='bbox 2032 5645 2153 5706; x_wconf 77' lang='lat' dir='ltr'><strong>Ruf.</strong></span> <span class='ocrx_word' id='word_1_689' title='bbox 2181 5651 2215 5705; x_wconf 93' lang='lat' dir='ltr'><strong>I.</strong></span> <span class='ocrx_word' id='word_1_690' title='bbox 2248 5667 2309 5714; x_wconf 90' lang='lat' dir='ltr'><strong>ll,</strong></span> <span class='ocrx_word' id='word_1_691' title='bbox 2340 5645 2569 5718; x_wconf 41' lang='grc' dir='ltr'><strong>(πψτη).</strong></span> 
     </span>
    </p>
   </div>
   <div class='ocr_carea' id='block_1_117' title="bbox 1984 5711 2978 5778">
    <p class='ocr_par' dir='ltr' id='par_1_117' title="bbox 1984 5711 2978 5778">
     <span class='ocr_line' id='line_1_117' title="bbox 1984 5711 2978 5778; baseline -0.017 0"><span class='ocrx_word' id='word_1_692' title='bbox 1984 5736 2007 5763; x_wconf 77' lang='grc' dir='ltr'><strong><em>ο</em></strong></span> <span class='ocrx_word' id='word_1_693' title='bbox 2040 5711 2356 5778; x_wconf 82' lang='lat' dir='ltr'><strong>l’outificale</strong></span> <span class='ocrx_word' id='word_1_694' title='bbox 2384 5711 2430 5774; x_wconf 58' lang='lat' dir='ltr'><strong>c&#39;.</strong></span> <span class='ocrx_word' id='word_1_695' title='bbox 2450 5717 2538 5773; x_wconf 63' lang='lat'><strong>45.</strong></span> <span class='ocrx_word' id='word_1_696' title='bbox 2572 5715 2664 5770; x_wconf 85' lang='lat' dir='ltr'><strong>Est</strong></span> <span class='ocrx_word' id='word_1_697' title='bbox 2689 5711 2872 5767; x_wconf 79' lang='lat' dir='ltr'><strong>Sixtus</strong></span> <span class='ocrx_word' id='word_1_698' title='bbox 2901 5723 2978 5762; x_wconf 89' lang='grc' dir='ltr'>ιιι.</span> 
     </span>
    </p>
   </div>
  </div>
