  <div class='ocr_page' id='page_1' title='image "/cluster/home/n/w/nwhite01/storage/ocr_20150623/123/hvd.32044011218062/139.png"; bbox 0 0 3962 6366; ppageno 0'>
   <div class='ocr_carea' id='block_1_1' title="bbox 589 371 3770 462">
    <p class='ocr_par' dir='ltr' id='par_1_1' title="bbox 589 371 3770 462">
     <span class='ocr_line' id='line_1_1' title="bbox 589 371 3770 462; baseline 0.011 -35"><span class='ocrx_word' id='word_1_1' title='bbox 589 371 695 427; x_wconf 71' lang='grc' dir='ltr'><strong>2ιῦ</strong></span> <span class='ocrx_word' id='word_1_2' title='bbox 1228 386 1261 391; x_wconf 83' lang='grc'>”</span> <span class='ocrx_word' id='word_1_3' title='bbox 1549 378 1607 433; x_wconf 91' lang='lat' dir='ltr'><strong>S.</strong></span> <span class='ocrx_word' id='word_1_4' title='bbox 1654 378 1904 437; x_wconf 86' lang='lat' dir='ltr'><strong>ADONIS</strong></span> <span class='ocrx_word' id='word_1_5' title='bbox 1940 381 2364 441; x_wconf 81' lang='lat' dir='ltr'><strong>ARCHIEPISC.</strong></span> <span class='ocrx_word' id='word_1_6' title='bbox 2401 386 2809 445; x_wconf 74' lang='lat' dir='ltr'><strong>VIENNENSIS</strong></span> <span class='ocrx_word' id='word_1_7' title='bbox 3692 405 3770 462; x_wconf 68' lang='grc' dir='ltr'><strong>ΞΗ</strong></span> 
     </span>
    </p>
   </div>
   <div class='ocr_carea' id='block_1_2' title="bbox 581 485 3773 582">
    <p class='ocr_par' dir='ltr' id='par_1_2' title="bbox 581 485 3773 582">
     <span class='ocr_line' id='line_1_2' title="bbox 581 485 3773 582; baseline 0.011 -43"><span class='ocrx_word' id='word_1_8' title='bbox 581 485 708 541; x_wconf 86' lang='lat' dir='ltr'><strong>vino</strong></span> <span class='ocrx_word' id='word_1_9' title='bbox 738 492 1012 542; x_wconf 89' lang='lat' dir='ltr'><strong>mortuum</strong></span> <span class='ocrx_word' id='word_1_10' title='bbox 1054 487 1301 544; x_wconf 88' lang='lat' dir='ltr'><strong>manibus</strong></span> <span class='ocrx_word' id='word_1_11' title='bbox 1347 489 1458 545; x_wconf 91' lang='lat' dir='ltr'><strong>suis</strong></span> <span class='ocrx_word' id='word_1_12' title='bbox 1506 506 1627 546; x_wconf 91' lang='lat' dir='ltr'><strong>cum</strong></span> <span class='ocrx_word' id='word_1_13' title='bbox 1674 491 2080 550; x_wconf 78' lang='lat' dir='ltr'><strong>linteaminibus</strong></span> <span class='ocrx_word' id='word_1_14' title='bbox 2109 503 2164 550; x_wconf 92' lang='lat' dir='ltr'><strong>et</strong></span> <span class='ocrx_word' id='word_1_15' title='bbox 2189 500 2234 559; x_wconf 78' lang='grc' dir='ltr'><strong>Α</strong></span> <span class='ocrx_word' id='word_1_16' title='bbox 2265 510 2324 552; x_wconf 93' lang='lat' dir='ltr'><strong>es</strong></span> <span class='ocrx_word' id='word_1_17' title='bbox 2349 497 2674 557; x_wconf 89' lang='lat' dir='ltr'><strong>Alexandro.</strong></span> <span class='ocrx_word' id='word_1_18' title='bbox 2703 502 2845 559; x_wconf 79' lang='lat' dir='ltr'><strong>Dixit</strong></span> <span class='ocrx_word' id='word_1_19' title='bbox 2884 503 2932 559; x_wconf 90' lang='lat' dir='ltr'><strong>ei</strong></span> <span class='ocrx_word' id='word_1_20' title='bbox 2990 504 3245 573; x_wconf 83' lang='lat' dir='ltr'><strong>Quirinus</strong></span> <span class='ocrx_word' id='word_1_21' title='bbox 3287 522 3302 564; x_wconf 89' lang='lat'><strong>:</strong></span> <span class='ocrx_word' id='word_1_22' title='bbox 3342 509 3453 582; x_wconf 87' lang='lat' dir='ltr'><strong>Ego</strong></span> <span class='ocrx_word' id='word_1_23' title='bbox 3490 513 3773 578; x_wconf 87' lang='lat' dir='ltr'><strong>Christianus</strong></span> 
     </span>
    </p>
   </div>
   <div class='ocr_carea' id='block_1_3' title="bbox 582 575 3773 672">
    <p class='ocr_par' dir='ltr' id='par_1_3' title="bbox 582 575 3773 672">
     <span class='ocr_line' id='line_1_3' title="bbox 582 575 3773 672; baseline 0.012 -44"><span class='ocrx_word' id='word_1_24' title='bbox 582 575 917 633; x_wconf 86' lang='lat' dir='ltr'><strong>aromatihus</strong></span> <span class='ocrx_word' id='word_1_25' title='bbox 939 583 1200 646; x_wconf 86' lang='lat' dir='ltr'><strong>tractans,</strong></span> <span class='ocrx_word' id='word_1_26' title='bbox 1236 579 1479 651; x_wconf 90' lang='lat' dir='ltr'><strong>sepelivit</strong></span> <span class='ocrx_word' id='word_1_27' title='bbox 1511 583 1652 650; x_wconf 90' lang='lat' dir='ltr'><strong>apud</strong></span> <span class='ocrx_word' id='word_1_28' title='bbox 1671 581 1889 638; x_wconf 89' lang='lat' dir='ltr'><strong>beatum</strong></span> <span class='ocrx_word' id='word_1_29' title='bbox 1920 584 2160 640; x_wconf 90' lang='lat' dir='ltr'><strong>Petrum.</strong></span> <span class='ocrx_word' id='word_1_30' title='bbox 2264 605 2384 644; x_wconf 87' lang='lat' dir='ltr'><strong>sum</strong></span> <span class='ocrx_word' id='word_1_31' title='bbox 2422 589 2634 658; x_wconf 79' lang='lat' dir='ltr'><strong>factus;</strong></span> <span class='ocrx_word' id='word_1_32' title='bbox 2672 593 2754 649; x_wconf 89' lang='lat' dir='ltr'><strong>vis</strong></span> <span class='ocrx_word' id='word_1_33' title='bbox 2785 595 3053 663; x_wconf 91' lang='lat' dir='ltr'><strong>occidere,</strong></span> <span class='ocrx_word' id='word_1_34' title='bbox 3092 598 3178 653; x_wconf 91' lang='lat' dir='ltr'><strong>vis</strong></span> <span class='ocrx_word' id='word_1_35' title='bbox 3202 575 3473 672; x_wconf 66' lang='lat' dir='ltr'><strong>instigare,</strong></span> <span class='ocrx_word' id='word_1_36' title='bbox 3522 606 3593 661; x_wconf 90' lang='lat' dir='ltr'><strong>vis</strong></span> <span class='ocrx_word' id='word_1_37' title='bbox 3632 610 3773 668; x_wconf 80' lang='lat' dir='ltr'><strong>inreu-</strong></span> 
     </span>
    </p>
   </div>
   <div class='ocr_carea' id='block_1_4' title="bbox 1044 677 3769 760">
    <p class='ocr_par' dir='ltr' id='par_1_4' title="bbox 1044 677 3769 760">
     <span class='ocr_line' id='line_1_4' title="bbox 1044 677 3769 760; baseline 0.004 -26"><span class='ocrx_word' id='word_1_38' title='bbox 1044 691 1104 747; x_wconf 80' lang='grc' dir='ltr'><strong>ι),</strong></span> <span class='ocrx_word' id='word_1_39' title='bbox 1139 691 1208 749; x_wconf 79' lang='lat' dir='ltr'><strong>1v</strong></span> <span class='ocrx_word' id='word_1_40' title='bbox 1244 692 1400 749; x_wconf 65' lang='lat' dir='ltr'><strong>KAL,</strong></span> <span class='ocrx_word' id='word_1_41' title='bbox 1441 688 1753 752; x_wconf 33' lang='lat' dir='ltr'><strong>Apmus;</strong></span> <span class='ocrx_word' id='word_1_42' title='bbox 2261 677 2425 735; x_wconf 83' lang='lat' dir='ltr'><strong>dere?</strong></span> <span class='ocrx_word' id='word_1_43' title='bbox 2452 682 2594 737; x_wconf 85' lang='lat' dir='ltr'><strong>aliud</strong></span> <span class='ocrx_word' id='word_1_44' title='bbox 2624 699 2728 738; x_wconf 90' lang='lat' dir='ltr'><strong>non</strong></span> <span class='ocrx_word' id='word_1_45' title='bbox 2759 700 2871 739; x_wconf 88' lang='lat' dir='ltr'><strong>ero.</strong></span> <span class='ocrx_word' id='word_1_46' title='bbox 2904 685 3038 740; x_wconf 85' lang='lat' dir='ltr'><strong>Nam</strong></span> <span class='ocrx_word' id='word_1_47' title='bbox 3064 702 3252 744; x_wconf 89' lang='lat' dir='ltr'><strong>omnes</strong></span> <span class='ocrx_word' id='word_1_48' title='bbox 3280 692 3372 760; x_wconf 87' lang='lat' dir='ltr'><strong>qui</strong></span> <span class='ocrx_word' id='word_1_49' title='bbox 3419 697 3629 750; x_wconf 77' lang='lat' dir='ltr'><strong>erantin</strong></span> <span class='ocrx_word' id='word_1_50' title='bbox 3676 716 3769 754; x_wconf 85' lang='lat' dir='ltr'><strong>car-</strong></span> 
     </span>
    </p>
   </div>
   <div class='ocr_carea' id='block_1_5' title="bbox 1239 770 3770 859">
    <p class='ocr_par' dir='ltr' id='par_1_5' title="bbox 1239 770 3770 859">
     <span class='ocr_line' id='line_1_5' title="bbox 1239 770 3770 859; baseline 0.013 -48"><span class='ocrx_word' id='word_1_51' title='bbox 1239 783 1328 857; x_wconf 63' lang='lat'><strong>(29</strong></span> <span class='ocrx_word' id='word_1_52' title='bbox 1343 784 1532 859; x_wconf 52' lang='lat' dir='ltr'><strong>Mart.)</strong></span> <span class='ocrx_word' id='word_1_53' title='bbox 2260 783 2403 839; x_wconf 88' lang='lat' dir='ltr'><strong>cere,</strong></span> <span class='ocrx_word' id='word_1_54' title='bbox 2435 770 2536 827; x_wconf 87' lang='lat' dir='ltr'><strong>feci</strong></span> <span class='ocrx_word' id='word_1_55' title='bbox 2562 774 2677 829; x_wconf 90' lang='lat' dir='ltr'><strong>ﬁeri</strong></span> <span class='ocrx_word' id='word_1_56' title='bbox 2703 774 3058 842; x_wconf 88' lang='lat' dir='ltr'><strong>Christianos,</strong></span> <span class='ocrx_word' id='word_1_57' title='bbox 3081 788 3135 833; x_wconf 91' lang='lat' dir='ltr'><strong>et</strong></span> <span class='ocrx_word' id='word_1_58' title='bbox 3166 780 3339 836; x_wconf 89' lang='lat' dir='ltr'><strong>dimisi</strong></span> <span class='ocrx_word' id='word_1_59' title='bbox 3364 797 3476 849; x_wconf 90' lang='lat' dir='ltr'><strong>eos,</strong></span> <span class='ocrx_word' id='word_1_60' title='bbox 3504 787 3588 841; x_wconf 86' lang='lat' dir='ltr'><strong>sed</strong></span> <span class='ocrx_word' id='word_1_61' title='bbox 3626 789 3770 846; x_wconf 86' lang='lat' dir='ltr'><strong>nolue-</strong></span> 
     </span>
    </p>
   </div>
   <div class='ocr_carea' id='block_1_6' title="bbox 652 865 3768 953">
    <p class='ocr_par' dir='ltr' id='par_1_6' title="bbox 652 865 3768 953">
     <span class='ocr_line' id='line_1_6' title="bbox 652 865 3768 953; baseline 0.011 -51"><span class='ocrx_word' id='word_1_62' title='bbox 652 871 929 944; x_wconf 61' lang='lat' dir='ltr'><strong>Deposilio</strong></span> <span class='ocrx_word' id='word_1_63' title='bbox 962 874 1173 930; x_wconf 56' lang='lat' dir='ltr'><strong>abbatis</strong></span> <span class='ocrx_word' id='word_1_64' title='bbox 1221 874 1497 945; x_wconf 52' lang='lat' dir='ltr'><strong>Eustasii’</strong></span> <span class='ocrx_word' id='word_1_65' title='bbox 1537 880 1784 953; x_wconf 65' lang='lat' dir='ltr'><strong>discipuli</strong></span> <span class='ocrx_word' id='word_1_66' title='bbox 1836 885 2009 940; x_wconf 59' lang='lat' dir='ltr'><strong>sane“</strong></span> <span class='ocrx_word' id='word_1_67' title='bbox 2057 885 2160 941; x_wconf 63' lang='grc' dir='ltr'><strong>ρο,</strong></span> <span class='ocrx_word' id='word_1_68' title='bbox 2260 868 2385 953; x_wconf 80' lang='lat' dir='ltr'><strong>runt</strong></span> <span class='ocrx_word' id='word_1_69' title='bbox 2404 878 2632 932; x_wconf 82' lang='lat' dir='ltr'><strong>usquam</strong></span> <span class='ocrx_word' id='word_1_70' title='bbox 2662 865 2759 920; x_wconf 92' lang='lat' dir='ltr'><strong>ire.</strong></span> <span class='ocrx_word' id='word_1_71' title='bbox 2787 866 2962 924; x_wconf 86' lang='lat' dir='ltr'><strong>Iratus</strong></span> <span class='ocrx_word' id='word_1_72' title='bbox 2988 867 3330 941; x_wconf 81' lang='lat' dir='ltr'><strong>Aurelianus,</strong></span> <span class='ocrx_word' id='word_1_73' title='bbox 3372 873 3496 931; x_wconf 86' lang='lat' dir='ltr'><strong>fecit</strong></span> <span class='ocrx_word' id='word_1_74' title='bbox 3520 879 3564 932; x_wconf 89' lang='lat' dir='ltr'><strong>ei</strong></span> <span class='ocrx_word' id='word_1_75' title='bbox 3585 879 3768 950; x_wconf 83' lang='lat' dir='ltr'><strong>linguam</strong></span> 
     </span>
    </p>
   </div>
   <div class='ocr_carea' id='block_1_7' title="bbox 560 951 3767 1041">
    <p class='ocr_par' dir='ltr' id='par_1_7' title="bbox 560 951 3767 1041">
     <span class='ocr_line' id='line_1_7' title="bbox 560 951 3767 1041; baseline 0.008 -23"><span class='ocrx_word' id='word_1_76' title='bbox 560 963 847 1032; x_wconf 62' lang='lat' dir='ltr'><strong>,lumbani,</strong></span> <span class='ocrx_word' id='word_1_77' title='bbox 880 964 972 1035; x_wconf 88' lang='lat' dir='ltr'><strong>qui</strong></span> <span class='ocrx_word' id='word_1_78' title='bbox 1006 974 1161 1037; x_wconf 90' lang='lat' dir='ltr'><strong>pater</strong></span> <span class='ocrx_word' id='word_1_79' title='bbox 1185 966 1357 1024; x_wconf 84' lang='lat' dir='ltr'><strong>ferme</strong></span> <span class='ocrx_word' id='word_1_80' title='bbox 1374 951 1750 1029; x_wconf 79' lang='lat' dir='ltr'><strong>sexcentarum</strong></span> <span class='ocrx_word' id='word_1_81' title='bbox 1789 974 1999 1030; x_wconf 82' lang='lat' dir='ltr'><strong>exstitit</strong></span> <span class='ocrx_word' id='word_1_82' title='bbox 2040 990 2157 1032; x_wconf 86' lang='lat' dir='ltr'><strong>mo—</strong></span> <span class='ocrx_word' id='word_1_83' title='bbox 2257 951 2537 1022; x_wconf 50' lang='lat' dir='ltr'><strong>“memmi</strong></span> <span class='ocrx_word' id='word_1_84' title='bbox 2584 956 2776 1014; x_wconf 69' lang='lat' dir='ltr'><strong>deinde</strong></span> <span class='ocrx_word' id='word_1_85' title='bbox 2832 959 2886 1014; x_wconf 72' lang='grc' dir='ltr'><strong>ίη</strong></span> <span class='ocrx_word' id='word_1_86' title='bbox 2942 962 3169 1031; x_wconf 68' lang='grc' dir='ltr'><strong>θαυυῙθο</strong></span> <span class='ocrx_word' id='word_1_87' title='bbox 3218 968 3489 1037; x_wconf 71' lang='grc' dir='ltr'><strong>δυερθηάίο</strong></span> <span class='ocrx_word' id='word_1_88' title='bbox 3545 970 3645 1041; x_wconf 61' lang='lat' dir='ltr'><strong>Qui</strong></span> <span class='ocrx_word' id='word_1_89' title='bbox 3674 975 3767 1030; x_wconf 71' lang='lat' dir='ltr'><strong>dum</strong></span> 
     </span>
    </p>
   </div>
   <div class='ocr_carea' id='block_1_8' title="bbox 575 1045 3769 1134">
    <p class='ocr_par' dir='ltr' id='par_1_8' title="bbox 575 1045 3769 1134">
     <span class='ocr_line' id='line_1_8' title="bbox 575 1045 3769 1134; baseline 0.01 -47"><span class='ocrx_word' id='word_1_90' title='bbox 575 1055 894 1124; x_wconf 52' lang='lat' dir='ltr'><strong>“chorum,</strong></span> <span class='ocrx_word' id='word_1_91' title='bbox 947 1064 1002 1112; x_wconf 67' lang='grc' dir='ltr'><strong>ει</strong></span> <span class='ocrx_word' id='word_1_92' title='bbox 1028 1056 1153 1114; x_wconf 53' lang='lat' dir='ltr'><strong>vim</strong></span> <span class='ocrx_word' id='word_1_93' title='bbox 1174 1058 1462 1116; x_wconf 50' lang='lat' dir='ltr'><strong>sanctitate</strong></span> <span class='ocrx_word' id='word_1_94' title='bbox 1492 1062 1836 1134; x_wconf 48' lang='lat' dir='ltr'><strong>conspicuus,</strong></span> <span class='ocrx_word' id='word_1_95' title='bbox 1868 1064 2031 1122; x_wconf 53' lang='lat' dir='ltr'><strong>etiam</strong></span> <span class='ocrx_word' id='word_1_96' title='bbox 2052 1066 2153 1122; x_wconf 66' lang='lat' dir='ltr'><strong>mi_</strong></span> <span class='ocrx_word' id='word_1_97' title='bbox 2253 1045 2529 1102; x_wconf 86' lang='lat' dir='ltr'><strong>Aureliani</strong></span> <span class='ocrx_word' id='word_1_98' title='bbox 2565 1064 2672 1103; x_wconf 89' lang='lat' dir='ltr'><strong>non</strong></span> <span class='ocrx_word' id='word_1_99' title='bbox 2701 1051 2916 1106; x_wconf 89' lang='lat' dir='ltr'><strong>cederet</strong></span> <span class='ocrx_word' id='word_1_100' title='bbox 2946 1052 3181 1122; x_wconf 88' lang='lat' dir='ltr'><strong>injuriis,</strong></span> <span class='ocrx_word' id='word_1_101' title='bbox 3225 1055 3390 1126; x_wconf 87' lang='lat' dir='ltr'><strong>jussit</strong></span> <span class='ocrx_word' id='word_1_102' title='bbox 3447 1060 3494 1115; x_wconf 91' lang='lat' dir='ltr'><strong>ei</strong></span> <span class='ocrx_word' id='word_1_103' title='bbox 3533 1078 3696 1119; x_wconf 89' lang='lat' dir='ltr'><strong>manus</strong></span> <span class='ocrx_word' id='word_1_104' title='bbox 3730 1075 3769 1120; x_wconf 86' lang='lat' dir='ltr'><strong>et</strong></span> 
     </span>
    </p>
   </div>
   <div class='ocr_carea' id='block_1_9' title="bbox 575 1137 3767 1214">
    <p class='ocr_par' dir='ltr' id='par_1_9' title="bbox 575 1137 3767 1214">
     <span class='ocr_line' id='line_1_9' title="bbox 575 1137 3767 1214; baseline 0.008 -27"><span class='ocrx_word' id='word_1_105' title='bbox 575 1144 775 1200; x_wconf 67' lang='lat' dir='ltr'><strong>faculis</strong></span> <span class='ocrx_word' id='word_1_106' title='bbox 804 1145 1017 1202; x_wconf 67' lang='grc' dir='ltr'><strong>ειαι-ιιῖι,</strong></span> <span class='ocrx_word' id='word_1_107' title='bbox 2250 1137 2416 1208; x_wconf 86' lang='lat' dir='ltr'><strong>pedes</strong></span> <span class='ocrx_word' id='word_1_108' title='bbox 2441 1138 2683 1196; x_wconf 89' lang='lat' dir='ltr'><strong>abscindi</strong></span> <span class='ocrx_word' id='word_1_109' title='bbox 2716 1180 2733 1206; x_wconf 92' lang='lat'><strong>,</strong></span> <span class='ocrx_word' id='word_1_110' title='bbox 2780 1149 2835 1197; x_wconf 92' lang='lat' dir='ltr'><strong>et</strong></span> <span class='ocrx_word' id='word_1_111' title='bbox 2871 1142 2951 1197; x_wconf 90' lang='lat' dir='ltr'><strong>sic</strong></span> <span class='ocrx_word' id='word_1_112' title='bbox 2992 1158 3113 1199; x_wconf 89' lang='lat' dir='ltr'><strong>eum</strong></span> <span class='ocrx_word' id='word_1_113' title='bbox 3161 1146 3412 1204; x_wconf 80' lang='lat' dir='ltr'><strong>decollari</strong></span> <span class='ocrx_word' id='word_1_114' title='bbox 3441 1190 3456 1214; x_wconf 92' lang='lat'><strong>,</strong></span> <span class='ocrx_word' id='word_1_115' title='bbox 3505 1160 3555 1207; x_wconf 90' lang='lat' dir='ltr'><strong>et</strong></span> <span class='ocrx_word' id='word_1_116' title='bbox 3592 1154 3767 1212; x_wconf 86' lang='lat' dir='ltr'><strong>canibus</strong></span> 
     </span>
    </p>
   </div>
   <div class='ocr_carea' id='block_1_10' title="bbox 556 1224 3767 1311">
    <p class='ocr_par' dir='ltr' id='par_1_10' title="bbox 556 1224 3767 1311">
     <span class='ocr_line' id='line_1_10' title="bbox 556 1224 3767 1311; baseline 0.01 -41"><span class='ocrx_word' id='word_1_117' title='bbox 556 1232 559 1235; x_wconf 92' lang='grc'><strong>·</strong></span> <span class='ocrx_word' id='word_1_118' title='bbox 642 1247 671 1277; x_wconf 70' lang='grc' dir='ltr'><strong><em>ι</em></strong></span> <span class='ocrx_word' id='word_1_119' title='bbox 701 1236 905 1293; x_wconf 69' lang='lat' dir='ltr'><strong>Eodem</strong></span> <span class='ocrx_word' id='word_1_120' title='bbox 928 1238 1014 1294; x_wconf 65' lang='lat' dir='ltr'><strong>die</strong></span> <span class='ocrx_word' id='word_1_121' title='bbox 1057 1239 1198 1311; x_wconf 70' lang='lat' dir='ltr'><strong>apud</strong></span> <span class='ocrx_word' id='word_1_122' title='bbox 1239 1239 1478 1297; x_wconf 66' lang='lat' dir='ltr'><strong>Africam</strong></span> <span class='ocrx_word' id='word_1_123' title='bbox 1529 1252 1842 1300; x_wconf 54' lang='lat' dir='ltr'><strong>sanctorum</strong></span> <span class='ocrx_word' id='word_1_124' title='bbox 1880 1246 2152 1305; x_wconf 61' lang='grc' dir='ltr'><strong>οοητθεεο,</strong></span> <span class='ocrx_word' id='word_1_125' title='bbox 2251 1224 2438 1297; x_wconf 84' lang='lat' dir='ltr'><strong>projici</strong></span> <span class='ocrx_word' id='word_1_126' title='bbox 2474 1245 2487 1282; x_wconf 91' lang='lat'><strong>:</strong></span> <span class='ocrx_word' id='word_1_127' title='bbox 2525 1229 2623 1285; x_wconf 86' lang='lat' dir='ltr'><strong>sed</strong></span> <span class='ocrx_word' id='word_1_128' title='bbox 2648 1229 2944 1287; x_wconf 86' lang='lat' dir='ltr'><strong>Christiani</strong></span> <span class='ocrx_word' id='word_1_129' title='bbox 2982 1249 3179 1306; x_wconf 91' lang='lat' dir='ltr'><strong>corpus</strong></span> <span class='ocrx_word' id='word_1_130' title='bbox 3210 1238 3329 1308; x_wconf 84' lang='lat' dir='ltr'><strong>ejus</strong></span> <span class='ocrx_word' id='word_1_131' title='bbox 3373 1248 3597 1310; x_wconf 87' lang='lat' dir='ltr'><strong>raptum,</strong></span> <span class='ocrx_word' id='word_1_132' title='bbox 3630 1245 3676 1299; x_wconf 92' lang='lat' dir='ltr'><strong>in</strong></span> <span class='ocrx_word' id='word_1_133' title='bbox 3703 1247 3767 1302; x_wconf 88' lang='lat' dir='ltr'><strong>via</strong></span> 
     </span>
    </p>
   </div>
   <div class='ocr_carea' id='block_1_11' title="bbox 570 1316 2134 1410">
    <p class='ocr_par' dir='ltr' id='par_1_11' title="bbox 570 1324 2134 1410">
     <span class='ocr_line' id='line_1_11' title="bbox 570 1324 2134 1410; baseline 0.01 -32"><span class='ocrx_word' id='word_1_134' title='bbox 570 1337 693 1379; x_wconf 88' lang='lat' dir='ltr'><strong>rum</strong></span> <span class='ocrx_word' id='word_1_135' title='bbox 743 1324 1103 1398; x_wconf 86' lang='lat' dir='ltr'><strong>Armogastis,</strong></span> <span class='ocrx_word' id='word_1_136' title='bbox 1150 1328 1470 1400; x_wconf 87' lang='lat' dir='ltr'><strong>Archinimi,</strong></span> <span class='ocrx_word' id='word_1_137' title='bbox 1525 1341 1580 1390; x_wconf 88' lang='lat' dir='ltr'><strong>et</strong></span> <span class='ocrx_word' id='word_1_138' title='bbox 1629 1334 1807 1408; x_wconf 86' lang='lat' dir='ltr'><strong>Satyri</strong></span> <span class='ocrx_word' id='word_1_139' title='bbox 1838 1353 1852 1391; x_wconf 90' lang='lat'><strong>:</strong></span> <span class='ocrx_word' id='word_1_140' title='bbox 1880 1337 1972 1408; x_wconf 92' lang='lat' dir='ltr'><strong>qui</strong></span> <span class='ocrx_word' id='word_1_141' title='bbox 2007 1340 2134 1410; x_wconf 78' lang='lat' dir='ltr'><strong>apuc&#39;</strong></span> 
     </span>
    </p>
   </div>
   <div class='ocr_carea' id='block_1_12' title="bbox 2002 1316 3566 1410">
    <p class='ocr_par' dir='ltr' id='par_1_12' title="bbox 2007 1316 3566 1410">
     <span class='ocr_line' id='line_1_12' title="bbox 2007 1316 3566 1410; baseline 0.011 -39"><span class='ocrx_word' id='word_1_142' title='bbox 2007 1339 2147 1410; x_wconf 66' lang='lat' dir='ltr'><strong>apud</strong></span> <span class='ocrx_word' id='word_1_143' title='bbox 2249 1316 2418 1389; x_wconf 87' lang='lat' dir='ltr'><strong>Appia</strong></span> <span class='ocrx_word' id='word_1_144' title='bbox 2440 1321 2787 1390; x_wconf 86' lang='lat' dir='ltr'><strong>sepelierunt,</strong></span> <span class='ocrx_word' id='word_1_145' title='bbox 2813 1323 2866 1379; x_wconf 92' lang='lat' dir='ltr'><strong>in</strong></span> <span class='ocrx_word' id='word_1_146' title='bbox 2894 1328 3208 1385; x_wconf 72' lang='lat' dir='ltr'><strong>cmmeterio</strong></span> <span class='ocrx_word' id='word_1_147' title='bbox 3245 1329 3566 1388; x_wconf 81' lang='lat' dir='ltr'><strong>Praetextati.</strong></span> 
     </span>
    </p>
   </div>
   <div class='ocr_carea' id='block_1_13' title="bbox 567 1412 3437 1577">
    <p class='ocr_par' dir='ltr' id='par_1_13' title="bbox 567 1412 3437 1577">
     <span class='ocr_line' id='line_1_13' title="bbox 568 1412 3437 1540; baseline 0.01 -73"><span class='ocrx_word' id='word_1_148' title='bbox 568 1412 808 1517; x_wconf 75' lang='lat' dir='ltr'><strong>Africam</strong></span> <span class='ocrx_word' id='word_1_149' title='bbox 875 1424 1119 1489; x_wconf 91' lang='lat' dir='ltr'><strong>tempore</strong></span> <span class='ocrx_word' id='word_1_150' title='bbox 1181 1418 1481 1479; x_wconf 72' lang='lat' dir='ltr'><strong>Vandalicm</strong></span> <span class='ocrx_word' id='word_1_151' title='bbox 1549 1427 1977 1512; x_wconf 80' lang='lat' dir='ltr'><strong>persecutionis,</strong></span> <span class='ocrx_word' id='word_1_152' title='bbox 2046 1428 2147 1487; x_wconf 86' lang='lat' dir='ltr'><strong>sub</strong></span> <span class='ocrx_word' id='word_1_153' title='bbox 2615 1476 2676 1531; x_wconf 49' lang='grc' dir='ltr'><strong>Ε..</strong></span> <span class='ocrx_word' id='word_1_154' title='bbox 2718 1476 2946 1535; x_wconf 73' lang='lat' dir='ltr'><strong>PmmE</strong></span> <span class='ocrx_word' id='word_1_155' title='bbox 2975 1481 3130 1537; x_wconf 40' lang='grc' dir='ltr'><strong>ΚΑΙ..</strong></span> <span class='ocrx_word' id='word_1_156' title='bbox 3171 1482 3437 1540; x_wconf 45' lang='lat' dir='ltr'><strong>Apmuu</strong></span> 
     </span>
     <span class='ocr_line' id='line_1_14' title="bbox 567 1502 2147 1577; baseline 0.01 -17"><span class='ocrx_word' id='word_1_157' title='bbox 567 1502 848 1560; x_wconf 84' lang='lat' dir='ltr'><strong>Getsertco</strong></span> <span class='ocrx_word' id='word_1_158' title='bbox 874 1520 1001 1577; x_wconf 88' lang='lat' dir='ltr'><strong>rege</strong></span> <span class='ocrx_word' id='word_1_159' title='bbox 1030 1507 1235 1565; x_wconf 90' lang='lat' dir='ltr'><strong>Ariano</strong></span> <span class='ocrx_word' id='word_1_160' title='bbox 1257 1524 1381 1566; x_wconf 91' lang='lat' dir='ltr'><strong>cum</strong></span> <span class='ocrx_word' id='word_1_161' title='bbox 1411 1521 1593 1569; x_wconf 89' lang='lat' dir='ltr'><strong>essent</strong></span> <span class='ocrx_word' id='word_1_162' title='bbox 1622 1513 1952 1572; x_wconf 86' lang='lat' dir='ltr'><strong>lucidissima</strong></span> <span class='ocrx_word' id='word_1_163' title='bbox 1982 1534 2147 1575; x_wconf 81' lang='lat' dir='ltr'><strong>mem-</strong></span> 
     </span>
    </p>
   </div>
   <div class='ocr_carea' id='block_1_14' title="bbox 565 1591 2129 1672">
    <p class='ocr_par' dir='ltr' id='par_1_14' title="bbox 565 1591 2129 1672">
     <span class='ocr_line' id='line_1_15' title="bbox 565 1591 2129 1672; baseline 0.011 -23"><span class='ocrx_word' id='word_1_164' title='bbox 565 1591 665 1649; x_wconf 88' lang='lat' dir='ltr'><strong>bra</strong></span> <span class='ocrx_word' id='word_1_165' title='bbox 690 1593 944 1652; x_wconf 66' lang='lat' dir='ltr'><strong>Ecclesia:</strong></span> <span class='ocrx_word' id='word_1_166' title='bbox 979 1596 1202 1668; x_wconf 86' lang='lat' dir='ltr'><strong>Christi,</strong></span> <span class='ocrx_word' id='word_1_167' title='bbox 1235 1612 1289 1656; x_wconf 88' lang='lat' dir='ltr'><strong>et</strong></span> <span class='ocrx_word' id='word_1_168' title='bbox 1344 1604 1664 1672; x_wconf 76' lang='lat' dir='ltr'><strong>pravitatem</strong></span> <span class='ocrx_word' id='word_1_169' title='bbox 1710 1605 2036 1665; x_wconf 83' lang='lat' dir='ltr'><strong>Arianorum</strong></span> <span class='ocrx_word' id='word_1_170' title='bbox 2080 1611 2129 1666; x_wconf 87' lang='lat' dir='ltr'><strong>li-</strong></span> 
     </span>
    </p>
   </div>
   <div class='ocr_carea' id='block_1_15' title="bbox 1620 1591 3184 1672">
    <p class='ocr_par' dir='ltr' id='par_1_15' title="bbox 1620 1592 3184 1667">
     <span class='ocr_line' id='line_1_16' title="bbox 1620 1592 3184 1667; baseline 0.009 -7"><span class='ocrx_word' id='word_1_171' title='bbox 1620 1620 1664 1660; x_wconf 91' lang='lat' dir='ltr'><strong>m</strong></span> <span class='ocrx_word' id='word_1_172' title='bbox 1710 1605 2036 1665; x_wconf 83' lang='lat' dir='ltr'><strong>Arianorum</strong></span> <span class='ocrx_word' id='word_1_173' title='bbox 2080 1611 2144 1666; x_wconf 86' lang='lat' dir='ltr'><strong>li-</strong></span> <span class='ocrx_word' id='word_1_174' title='bbox 2291 1604 2294 1608; x_wconf 45' lang='grc'>“</span> <span class='ocrx_word' id='word_1_175' title='bbox 2890 1592 2973 1663; x_wconf 72' lang='grc'><strong>(51</strong></span> <span class='ocrx_word' id='word_1_176' title='bbox 3005 1592 3184 1667; x_wconf 60' lang='grc' dir='ltr'><strong>Μἀπ’)</strong></span> 
     </span>
    </p>
   </div>
   <div class='ocr_carea' id='block_1_16' title="bbox 566 1684 3759 1776">
    <p class='ocr_par' dir='ltr' id='par_1_16' title="bbox 566 1684 3759 1776">
     <span class='ocr_line' id='line_1_17' title="bbox 566 1684 3759 1776; baseline 0.009 -37"><span class='ocrx_word' id='word_1_177' title='bbox 566 1684 777 1741; x_wconf 90' lang='lat' dir='ltr'><strong>bertate</strong></span> <span class='ocrx_word' id='word_1_178' title='bbox 812 1686 1070 1745; x_wconf 90' lang='lat' dir='ltr'><strong>catholica</strong></span> <span class='ocrx_word' id='word_1_179' title='bbox 1090 1689 1404 1762; x_wconf 81' lang='lat' dir='ltr'><strong>frequenter</strong></span> <span class='ocrx_word' id='word_1_180' title='bbox 1432 1705 1737 1766; x_wconf 80' lang='lat' dir='ltr'><strong>arguerent,</strong></span> <span class='ocrx_word' id='word_1_181' title='bbox 1791 1713 1889 1769; x_wconf 91' lang='lat' dir='ltr'><strong>pro</strong></span> <span class='ocrx_word' id='word_1_182' title='bbox 1932 1701 2140 1759; x_wconf 86' lang='lat' dir='ltr'><strong>confes-</strong></span> <span class='ocrx_word' id='word_1_183' title='bbox 2312 1698 2517 1768; x_wconf 77' lang='lat' dir='ltr'><strong>Romae,</strong></span> <span class='ocrx_word' id='word_1_184' title='bbox 2548 1702 2727 1758; x_wconf 88' lang='lat' dir='ltr'><strong>natale</strong></span> <span class='ocrx_word' id='word_1_185' title='bbox 2753 1713 2954 1761; x_wconf 66' lang='lat' dir='ltr'><strong>sanctae</strong></span> <span class='ocrx_word' id='word_1_186' title='bbox 3001 1705 3254 1773; x_wconf 73' lang='lat' dir='ltr'><strong>Balbinaz,</strong></span> <span class='ocrx_word' id='word_1_187' title='bbox 3284 1708 3406 1764; x_wconf 65' lang='lat' dir='ltr'><strong>ﬁliae</strong></span> <span class='ocrx_word' id='word_1_188' title='bbox 3431 1709 3622 1776; x_wconf 85' lang='lat' dir='ltr'><strong>Quirini</strong></span> <span class='ocrx_word' id='word_1_189' title='bbox 3653 1727 3759 1767; x_wconf 74' lang='lat' dir='ltr'><strong>inar~</strong></span> 
     </span>
    </p>
   </div>
   <div class='ocr_carea' id='block_1_17' title="bbox 566 1774 3755 1869">
    <p class='ocr_par' dir='ltr' id='par_1_17' title="bbox 566 1774 3755 1869">
     <span class='ocr_line' id='line_1_18' title="bbox 566 1774 3755 1869; baseline 0.008 -41"><span class='ocrx_word' id='word_1_190' title='bbox 566 1774 719 1831; x_wconf 89' lang='lat' dir='ltr'><strong>sione</strong></span> <span class='ocrx_word' id='word_1_191' title='bbox 747 1777 1009 1845; x_wconf 80' lang='lat' dir='ltr'><strong>veritatis,</strong></span> <span class='ocrx_word' id='word_1_192' title='bbox 1054 1782 1223 1837; x_wconf 90' lang='lat' dir='ltr'><strong>multa</strong></span> <span class='ocrx_word' id='word_1_193' title='bbox 1268 1793 1324 1839; x_wconf 95' lang='lat' dir='ltr'><strong>et</strong></span> <span class='ocrx_word' id='word_1_194' title='bbox 1361 1787 1546 1856; x_wconf 78' lang='lat' dir='ltr'><strong>gravia</strong></span> <span class='ocrx_word' id='word_1_195' title='bbox 1588 1790 1831 1859; x_wconf 89' lang='lat' dir='ltr'><strong>perpessi</strong></span> <span class='ocrx_word' id='word_1_196' title='bbox 1877 1793 2137 1864; x_wconf 82' lang='lat' dir='ltr'><strong>supplicia</strong></span> <span class='ocrx_word' id='word_1_197' title='bbox 2174 1861 2216 1869; x_wconf 90' lang='lat'><em>_</em></span> <span class='ocrx_word' id='word_1_198' title='bbox 2246 1790 2531 1863; x_wconf 69' lang='lat' dir='ltr'><strong>tyris.&#39;Qui</strong></span> <span class='ocrx_word' id='word_1_199' title='bbox 2552 1792 2744 1850; x_wconf 88' lang='lat' dir='ltr'><strong>beatus</strong></span> <span class='ocrx_word' id='word_1_200' title='bbox 2775 1805 2982 1869; x_wconf 86' lang='lat' dir='ltr'><strong>martyr</strong></span> <span class='ocrx_word' id='word_1_201' title='bbox 3007 1797 3199 1854; x_wconf 89' lang='lat' dir='ltr'><strong>tollens</strong></span> <span class='ocrx_word' id='word_1_202' title='bbox 3215 1799 3394 1854; x_wconf 89' lang='lat' dir='ltr'><strong>boiam</strong></span> <span class='ocrx_word' id='word_1_203' title='bbox 3417 1774 3480 1855; x_wconf 82' lang='lat' dir='ltr'><strong>de</strong></span> <span class='ocrx_word' id='word_1_204' title='bbox 3503 1800 3627 1856; x_wconf 86' lang='lat' dir='ltr'><strong>collo</strong></span> <span class='ocrx_word' id='word_1_205' title='bbox 3662 1801 3755 1854; x_wconf 81' lang='lat' dir='ltr'><strong>Ale-</strong></span> 
     </span>
    </p>
   </div>
   <div class='ocr_carea' id='block_1_18' title="bbox 565 1861 3760 1959">
    <p class='ocr_par' dir='ltr' id='par_1_18' title="bbox 565 1861 3760 1959">
     <span class='ocr_line' id='line_1_19' title="bbox 565 1861 3760 1959; baseline 0.009 -44"><span class='ocrx_word' id='word_1_206' title='bbox 565 1868 726 1933; x_wconf 89' lang='lat' dir='ltr'><strong>atque</strong></span> <span class='ocrx_word' id='word_1_207' title='bbox 774 1868 1083 1936; x_wconf 90' lang='lat' dir='ltr'><strong>opprobria,</strong></span> <span class='ocrx_word' id='word_1_208' title='bbox 1117 1886 1335 1927; x_wconf 89' lang='lat' dir='ltr'><strong>cursum</strong></span> <span class='ocrx_word' id='word_1_209' title='bbox 1362 1873 1581 1945; x_wconf 78' lang='lat' dir='ltr'><strong>gloriosi</strong></span> <span class='ocrx_word' id='word_1_210' title='bbox 1604 1880 1917 1937; x_wconf 87' lang='lat' dir='ltr'><strong>certaminis</strong></span> <span class='ocrx_word' id='word_1_211' title='bbox 1941 1861 2146 1954; x_wconf 24' lang='lat' dir='ltr'><strong>“iinple-</strong></span> <span class='ocrx_word' id='word_1_212' title='bbox 2174 1861 2221 1921; x_wconf 78' lang='grc' dir='ltr'><strong><em>Β</em></strong></span> <span class='ocrx_word' id='word_1_213' title='bbox 2250 1861 2445 1938; x_wconf 74' lang='lat' dir='ltr'><strong>xandri</strong></span> <span class='ocrx_word' id='word_1_214' title='bbox 2468 1898 2622 1956; x_wconf 62' lang='lat' dir='ltr'><strong>papa!</strong></span> <span class='ocrx_word' id='word_1_215' title='bbox 2649 1861 2942 1941; x_wconf 80' lang='lat' dir='ltr'><strong>secundum</strong></span> <span class='ocrx_word' id='word_1_216' title='bbox 2960 1886 3260 1957; x_wconf 74' lang='lat' dir='ltr'><strong>iussionem</strong></span> <span class='ocrx_word' id='word_1_217' title='bbox 3287 1888 3422 1959; x_wconf 89' lang='lat' dir='ltr'><strong>ejus,</strong></span> <span class='ocrx_word' id='word_1_218' title='bbox 3453 1904 3566 1945; x_wconf 88' lang='lat' dir='ltr'><strong>cum</strong></span> <span class='ocrx_word' id='word_1_219' title='bbox 3617 1904 3760 1959; x_wconf 81' lang='lat' dir='ltr'><strong>perge-</strong></span> 
     </span>
    </p>
   </div>
   <div class='ocr_carea' id='block_1_19' title="bbox 562 1962 3757 2049">
    <p class='ocr_par' dir='ltr' id='par_1_19' title="bbox 562 1962 3757 2049">
     <span class='ocr_line' id='line_1_20' title="bbox 562 1962 3757 2049; baseline 0.008 -42"><span class='ocrx_word' id='word_1_220' title='bbox 562 1962 777 2010; x_wconf 89' lang='lat' dir='ltr'><strong>verunt.</strong></span> <span class='ocrx_word' id='word_1_221' title='bbox 2249 1983 2333 2030; x_wconf 89' lang='lat' dir='ltr'><strong>ret</strong></span> <span class='ocrx_word' id='word_1_222' title='bbox 2368 1982 2427 2029; x_wconf 89' lang='lat' dir='ltr'><strong>ut</strong></span> <span class='ocrx_word' id='word_1_223' title='bbox 2454 1974 2592 2030; x_wconf 91' lang='lat' dir='ltr'><strong>collo</strong></span> <span class='ocrx_word' id='word_1_224' title='bbox 2629 1974 2752 2032; x_wconf 74' lang='lat' dir='ltr'><strong>ﬁlia:</strong></span> <span class='ocrx_word' id='word_1_225' title='bbox 2776 1991 2887 2031; x_wconf 89' lang='lat' dir='ltr'><strong>suae</strong></span> <span class='ocrx_word' id='word_1_226' title='bbox 2912 1984 3176 2033; x_wconf 87' lang='lat' dir='ltr'><strong>strumam</strong></span> <span class='ocrx_word' id='word_1_227' title='bbox 3226 1978 3473 2035; x_wconf 86' lang='lat' dir='ltr'><strong>habentis</strong></span> <span class='ocrx_word' id='word_1_228' title='bbox 3503 1979 3757 2049; x_wconf 71' lang='lat' dir='ltr'><strong>imponeret,</strong></span> 
     </span>
    </p>
   </div>
   <div class='ocr_carea' id='block_1_20' title="bbox 553 2050 3759 2140">
    <p class='ocr_par' dir='ltr' id='par_1_20' title="bbox 553 2050 3759 2140">
     <span class='ocr_line' id='line_1_21' title="bbox 553 2050 3759 2140; baseline 0.007 -39"><span class='ocrx_word' id='word_1_229' title='bbox 553 2060 559 2066; x_wconf 89' lang='grc'><strong>·</strong></span> <span class='ocrx_word' id='word_1_230' title='bbox 989 2050 1051 2105; x_wconf 83' lang='grc' dir='ltr'>Ε.</span> <span class='ocrx_word' id='word_1_231' title='bbox 1092 2051 1157 2106; x_wconf 93' lang='lat' dir='ltr'><strong>lll</strong></span> <span class='ocrx_word' id='word_1_232' title='bbox 1197 2053 1352 2109; x_wconf 85' lang='lat' dir='ltr'><strong>KAL.</strong></span> <span class='ocrx_word' id='word_1_233' title='bbox 1390 2055 1677 2115; x_wconf 76' lang='lat' dir='ltr'><strong>APRlLlS.</strong></span> <span class='ocrx_word' id='word_1_234' title='bbox 2244 2081 2374 2122; x_wconf 88' lang='lat' dir='ltr'><strong>ecce</strong></span> <span class='ocrx_word' id='word_1_235' title='bbox 2396 2065 2572 2122; x_wconf 89' lang='lat' dir='ltr'><strong>subito</strong></span> <span class='ocrx_word' id='word_1_236' title='bbox 2598 2082 2733 2137; x_wconf 89' lang='lat' dir='ltr'><strong>puer</strong></span> <span class='ocrx_word' id='word_1_237' title='bbox 2771 2082 2892 2123; x_wconf 89' lang='lat' dir='ltr'><strong>cum</strong></span> <span class='ocrx_word' id='word_1_238' title='bbox 2941 2067 3115 2124; x_wconf 82' lang='lat' dir='ltr'><strong>facula</strong></span> <span class='ocrx_word' id='word_1_239' title='bbox 3167 2070 3459 2140; x_wconf 87' lang='lat' dir='ltr'><strong>apparuit:</strong></span> <span class='ocrx_word' id='word_1_240' title='bbox 3490 2084 3630 2140; x_wconf 90' lang='lat' dir='ltr'><strong>quem</strong></span> <span class='ocrx_word' id='word_1_241' title='bbox 3666 2084 3759 2125; x_wconf 87' lang='lat' dir='ltr'><strong>con-</strong></span> 
     </span>
    </p>
   </div>
   <div class='ocr_carea' id='block_1_21' title="bbox 1202 2144 3754 2232">
    <p class='ocr_par' dir='ltr' id='par_1_21' title="bbox 1202 2144 3754 2232">
     <span class='ocr_line' id='line_1_22' title="bbox 1202 2144 3754 2232; baseline -0 -17"><span class='ocrx_word' id='word_1_242' title='bbox 1202 2144 1295 2215; x_wconf 74' lang='lat'><strong>(50</strong></span> <span class='ocrx_word' id='word_1_243' title='bbox 1310 2144 1498 2220; x_wconf 74' lang='grc' dir='ltr'><strong>Μανεο)</strong></span> <span class='ocrx_word' id='word_1_244' title='bbox 2247 2165 2355 2212; x_wconf 91' lang='lat' dir='ltr'><strong>stat</strong></span> <span class='ocrx_word' id='word_1_245' title='bbox 2375 2156 2620 2229; x_wconf 82' lang='lat' dir='ltr'><strong>angelum</strong></span> <span class='ocrx_word' id='word_1_246' title='bbox 2646 2158 2739 2213; x_wconf 90' lang='lat' dir='ltr'><strong>Dei</strong></span> <span class='ocrx_word' id='word_1_247' title='bbox 2772 2158 2935 2214; x_wconf 85' lang='lat' dir='ltr'><strong>fuisse</strong></span> <span class='ocrx_word' id='word_1_248' title='bbox 2959 2168 3015 2215; x_wconf 91' lang='lat' dir='ltr'><strong>et</strong></span> <span class='ocrx_word' id='word_1_249' title='bbox 3036 2159 3187 2216; x_wconf 87' lang='lat' dir='ltr'><strong>venit</strong></span> <span class='ocrx_word' id='word_1_250' title='bbox 3206 2160 3275 2215; x_wconf 92' lang='lat' dir='ltr'><strong>ad</strong></span> <span class='ocrx_word' id='word_1_251' title='bbox 3316 2160 3561 2232; x_wconf 88' lang='lat' dir='ltr'><strong>puellam,</strong></span> <span class='ocrx_word' id='word_1_252' title='bbox 3584 2160 3754 2216; x_wconf 86' lang='lat' dir='ltr'><strong>dicens:</strong></span> 
     </span>
    </p>
   </div>
   <div class='ocr_carea' id='block_1_22' title="bbox 636 2224 3757 2323">
    <p class='ocr_par' dir='ltr' id='par_1_22' title="bbox 636 2224 3757 2323">
     <span class='ocr_line' id='line_1_23' title="bbox 636 2224 3757 2323; baseline 0.008 -44"><span class='ocrx_word' id='word_1_253' title='bbox 636 2224 839 2295; x_wconf 81' lang='lat' dir='ltr'><strong>Romae,</strong></span> <span class='ocrx_word' id='word_1_254' title='bbox 866 2229 1044 2285; x_wconf 87' lang='lat' dir='ltr'><strong>natale</strong></span> <span class='ocrx_word' id='word_1_255' title='bbox 1073 2232 1242 2287; x_wconf 88' lang='lat' dir='ltr'><strong>sancti</strong></span> <span class='ocrx_word' id='word_1_256' title='bbox 1266 2231 1473 2300; x_wconf 81' lang='lat' dir='ltr'><strong>Quirini</strong></span> <span class='ocrx_word' id='word_1_257' title='bbox 1497 2235 1544 2304; x_wconf 64' lang='grc' dir='ltr'><strong>δ,</strong></span> <span class='ocrx_word' id='word_1_258' title='bbox 1572 2238 1772 2296; x_wconf 90' lang='lat' dir='ltr'><strong>tribuni</strong></span> <span class='ocrx_word' id='word_1_259' title='bbox 1794 2252 1849 2298; x_wconf 91' lang='lat' dir='ltr'><strong>et</strong></span> <span class='ocrx_word' id='word_1_260' title='bbox 1867 2245 2141 2315; x_wconf 83' lang='lat' dir='ltr'><strong>martyris,</strong></span> <span class='ocrx_word' id='word_1_261' title='bbox 2247 2245 2408 2301; x_wconf 89' lang='lat' dir='ltr'><strong>Salva</strong></span> <span class='ocrx_word' id='word_1_262' title='bbox 2433 2224 2570 2313; x_wconf 75' lang='lat' dir='ltr'><strong>esto,</strong></span> <span class='ocrx_word' id='word_1_263' title='bbox 2594 2254 2650 2303; x_wconf 89' lang='lat' dir='ltr'><strong>et</strong></span> <span class='ocrx_word' id='word_1_264' title='bbox 2669 2247 2723 2302; x_wconf 91' lang='lat' dir='ltr'><strong>in</strong></span> <span class='ocrx_word' id='word_1_265' title='bbox 2744 2248 3051 2321; x_wconf 82' lang='lat' dir='ltr'><strong>virginitate</strong></span> <span class='ocrx_word' id='word_1_266' title='bbox 3084 2258 3176 2306; x_wconf 89' lang='lat' dir='ltr'><strong>tua</strong></span> <span class='ocrx_word' id='word_1_267' title='bbox 3200 2224 3475 2322; x_wconf 82' lang='lat' dir='ltr'><strong>permane,</strong></span> <span class='ocrx_word' id='word_1_268' title='bbox 3517 2224 3567 2309; x_wconf 87' lang='lat' dir='ltr'><strong>et</strong></span> <span class='ocrx_word' id='word_1_269' title='bbox 3605 2266 3684 2323; x_wconf 86' lang='lat' dir='ltr'><strong>ego</strong></span> <span class='ocrx_word' id='word_1_270' title='bbox 3721 2260 3757 2305; x_wconf 83' lang='lat' dir='ltr'><strong>te</strong></span> 
     </span>
    </p>
   </div>
   <div class='ocr_carea' id='block_1_23' title="bbox 563 2316 3755 2413">
    <p class='ocr_par' dir='ltr' id='par_1_23' title="bbox 563 2316 3755 2413">
     <span class='ocr_line' id='line_1_24' title="bbox 563 2316 3755 2413; baseline 0.008 -42"><span class='ocrx_word' id='word_1_271' title='bbox 563 2316 665 2373; x_wconf 88' lang='lat' dir='ltr'><strong>sub</strong></span> <span class='ocrx_word' id='word_1_272' title='bbox 687 2316 920 2388; x_wconf 89' lang='lat' dir='ltr'><strong>Trajano</strong></span> <span class='ocrx_word' id='word_1_273' title='bbox 946 2321 1273 2392; x_wconf 86' lang='lat' dir='ltr'><strong>imperatore</strong></span> <span class='ocrx_word' id='word_1_274' title='bbox 1303 2341 1316 2379; x_wconf 89' lang='lat'><strong>:</strong></span> <span class='ocrx_word' id='word_1_275' title='bbox 1341 2326 1431 2396; x_wconf 87' lang='lat' dir='ltr'><strong>qui</strong></span> <span class='ocrx_word' id='word_1_276' title='bbox 1458 2342 1582 2383; x_wconf 89' lang='lat' dir='ltr'><strong>cum</strong></span> <span class='ocrx_word' id='word_1_277' title='bbox 1607 2344 1674 2386; x_wconf 79' lang='lat' dir='ltr'><strong>ex</strong></span> <span class='ocrx_word' id='word_1_278' title='bbox 1718 2342 1987 2404; x_wconf 77' lang='lat' dir='ltr'><strong>praecepto</strong></span> <span class='ocrx_word' id='word_1_279' title='bbox 2029 2336 2145 2406; x_wconf 88' lang='lat' dir='ltr'><strong>ejus</strong></span> <span class='ocrx_word' id='word_1_280' title='bbox 2246 2328 2440 2392; x_wconf 74' lang='lat' dir='ltr'><strong>faciam</strong></span> <span class='ocrx_word' id='word_1_281' title='bbox 2468 2337 2651 2394; x_wconf 87' lang='lat' dir='ltr'><strong>videre</strong></span> <span class='ocrx_word' id='word_1_282' title='bbox 2686 2316 2942 2410; x_wconf 74' lang='lat' dir='ltr'><strong>sponsum</strong></span> <span class='ocrx_word' id='word_1_283' title='bbox 2984 2348 3156 2407; x_wconf 89' lang='lat' dir='ltr'><strong>tuum,</strong></span> <span class='ocrx_word' id='word_1_284' title='bbox 3213 2343 3309 2412; x_wconf 89' lang='lat' dir='ltr'><strong>qui</strong></span> <span class='ocrx_word' id='word_1_285' title='bbox 3353 2358 3449 2413; x_wconf 88' lang='lat' dir='ltr'><strong>pro</strong></span> <span class='ocrx_word' id='word_1_286' title='bbox 3498 2356 3656 2398; x_wconf 85' lang='lat' dir='ltr'><strong>amore</strong></span> <span class='ocrx_word' id='word_1_287' title='bbox 3691 2349 3755 2396; x_wconf 89' lang='lat' dir='ltr'><strong>tuo</strong></span> 
     </span>
    </p>
   </div>
   <div class='ocr_carea' id='block_1_24' title="bbox 560 2407 3757 2505">
    <p class='ocr_par' dir='ltr' id='par_1_24' title="bbox 560 2407 3757 2505">
     <span class='ocr_line' id='line_1_25' title="bbox 560 2407 3757 2505; baseline 0.007 -43"><span class='ocrx_word' id='word_1_288' title='bbox 560 2407 780 2463; x_wconf 88' lang='lat' dir='ltr'><strong>beatum</strong></span> <span class='ocrx_word' id='word_1_289' title='bbox 801 2409 1167 2469; x_wconf 84' lang='lat' dir='ltr'><strong>Alexandrum</strong></span> <span class='ocrx_word' id='word_1_290' title='bbox 1218 2430 1414 2486; x_wconf 87' lang='lat' dir='ltr'><strong>papam</strong></span> <span class='ocrx_word' id='word_1_291' title='bbox 1461 2418 1517 2487; x_wconf 79' lang='grc'><strong>(5</strong></span> <span class='ocrx_word' id='word_1_292' title='bbox 1552 2418 1731 2493; x_wconf 79' lang='lat' dir='ltr'><strong>Maii),</strong></span> <span class='ocrx_word' id='word_1_293' title='bbox 1785 2431 1839 2479; x_wconf 90' lang='lat' dir='ltr'><strong>et</strong></span> <span class='ocrx_word' id='word_1_294' title='bbox 1892 2424 2142 2482; x_wconf 84' lang='lat' dir='ltr'><strong>Hcrmem</strong></span> <span class='ocrx_word' id='word_1_295' title='bbox 2245 2427 2563 2499; x_wconf 84' lang='lat' dir='ltr'><strong>sanguinem</strong></span> <span class='ocrx_word' id='word_1_296' title='bbox 2600 2407 2756 2485; x_wconf 83' lang='lat' dir='ltr'><strong>suum</strong></span> <span class='ocrx_word' id='word_1_297' title='bbox 2786 2428 2940 2486; x_wconf 82' lang='lat' dir='ltr'><strong>fudit.</strong></span> <span class='ocrx_word' id='word_1_298' title='bbox 3003 2407 3540 2505; x_wconf 49' lang='lat' dir='ltr'><strong>Perveni—ens-igitur</strong></span> <span class='ocrx_word' id='word_1_299' title='bbox 3566 2442 3691 2503; x_wconf 84' lang='lat' dir='ltr'><strong>pater</strong></span> <span class='ocrx_word' id='word_1_300' title='bbox 3714 2441 3757 2485; x_wconf 86' lang='lat' dir='ltr'><strong>ut</strong></span> 
     </span>
    </p>
   </div>
   <div class='ocr_carea' id='block_1_25' title="bbox 564 2498 3756 2591">
    <p class='ocr_par' dir='ltr' id='par_1_25' title="bbox 564 2498 3756 2591">
     <span class='ocr_line' id='line_1_26' title="bbox 564 2498 3756 2591; baseline 0.006 -37"><span class='ocrx_word' id='word_1_301' title='bbox 564 2498 880 2569; x_wconf 65' lang='lat' dir='ltr'><strong>praefectum</strong></span> <span class='ocrx_word' id='word_1_302' title='bbox 909 2503 961 2559; x_wconf 93' lang='lat' dir='ltr'><strong>in</strong></span> <span class='ocrx_word' id='word_1_303' title='bbox 980 2504 1192 2561; x_wconf 87' lang='lat' dir='ltr'><strong>vincula</strong></span> <span class='ocrx_word' id='word_1_304' title='bbox 1215 2508 1555 2578; x_wconf 77' lang='lat' dir='ltr'><strong>conjecisset,</strong></span> <span class='ocrx_word' id='word_1_305' title='bbox 1604 2513 1938 2587; x_wconf 84' lang='lat' dir='ltr'><strong>haberetque</strong></span> <span class='ocrx_word' id='word_1_306' title='bbox 1979 2517 2141 2589; x_wconf 80' lang='lat' dir='ltr'><strong>tiliam</strong></span> <span class='ocrx_word' id='word_1_307' title='bbox 2245 2498 2550 2588; x_wconf 78' lang='lat' dir='ltr'><strong>perliceret,</strong></span> <span class='ocrx_word' id='word_1_308' title='bbox 2577 2520 2722 2589; x_wconf 87' lang='lat' dir='ltr'><strong>quod</strong></span> <span class='ocrx_word' id='word_1_309' title='bbox 2744 2520 2811 2576; x_wconf 90' lang='lat' dir='ltr'><strong>de</strong></span> <span class='ocrx_word' id='word_1_310' title='bbox 2829 2520 2952 2576; x_wconf 89' lang='lat' dir='ltr'><strong>boia</strong></span> <span class='ocrx_word' id='word_1_311' title='bbox 2989 2522 3039 2576; x_wconf 94' lang='lat' dir='ltr'><strong>ei</strong></span> <span class='ocrx_word' id='word_1_312' title='bbox 3062 2520 3273 2591; x_wconf 89' lang='lat' dir='ltr'><strong>jussum</strong></span> <span class='ocrx_word' id='word_1_313' title='bbox 3307 2498 3496 2587; x_wconf 65' lang='lat' dir='ltr'><strong>fuerat,</strong></span> <span class='ocrx_word' id='word_1_314' title='bbox 3528 2498 3650 2577; x_wconf 82' lang='lat' dir='ltr'><strong>videt</strong></span> <span class='ocrx_word' id='word_1_315' title='bbox 3692 2535 3756 2575; x_wconf 85' lang='lat' dir='ltr'><strong>su-</strong></span> 
     </span>
    </p>
   </div>
   <div class='ocr_carea' id='block_1_26' title="bbox 563 2589 3755 2683">
    <p class='ocr_par' dir='ltr' id='par_1_26' title="bbox 563 2589 3755 2683">
     <span class='ocr_line' id='line_1_27' title="bbox 563 2589 3755 2683; baseline 0.007 -39"><span class='ocrx_word' id='word_1_316' title='bbox 563 2589 725 2659; x_wconf 85' lang='lat' dir='ltr'><strong>cujus</strong></span> <span class='ocrx_word' id='word_1_317' title='bbox 745 2592 940 2648; x_wconf 89' lang='lat' dir='ltr'><strong>collum</strong></span> <span class='ocrx_word' id='word_1_318' title='bbox 977 2603 1183 2652; x_wconf 90' lang='lat' dir='ltr'><strong>struma</strong></span> <span class='ocrx_word' id='word_1_319' title='bbox 1213 2598 1665 2671; x_wconf 86' lang='lat' dir='ltr'><strong>circumdederat,</strong></span> <span class='ocrx_word' id='word_1_320' title='bbox 1697 2605 1894 2662; x_wconf 89' lang='lat' dir='ltr'><strong>auditis</strong></span> <span class='ocrx_word' id='word_1_321' title='bbox 1948 2608 2143 2665; x_wconf 84' lang='lat' dir='ltr'><strong>exhor—</strong></span> <span class='ocrx_word' id='word_1_322' title='bbox 2241 2610 2354 2666; x_wconf 90' lang='lat' dir='ltr'><strong>bito</strong></span> <span class='ocrx_word' id='word_1_323' title='bbox 2376 2609 2539 2665; x_wconf 84' lang='lat' dir='ltr'><strong>ﬁliam</strong></span> <span class='ocrx_word' id='word_1_324' title='bbox 2564 2627 2716 2667; x_wconf 89' lang='lat' dir='ltr'><strong>suam</strong></span> <span class='ocrx_word' id='word_1_325' title='bbox 2745 2626 2954 2680; x_wconf 89' lang='lat' dir='ltr'><strong>sanam,</strong></span> <span class='ocrx_word' id='word_1_326' title='bbox 3010 2627 3131 2683; x_wconf 87' lang='lat' dir='ltr'><strong>quae</strong></span> <span class='ocrx_word' id='word_1_327' title='bbox 3180 2614 3517 2683; x_wconf 89' lang='lat' dir='ltr'><strong>postmodum</strong></span> <span class='ocrx_word' id='word_1_328' title='bbox 3551 2627 3579 2667; x_wconf 91' lang='lat' dir='ltr'><strong>a</strong></span> <span class='ocrx_word' id='word_1_329' title='bbox 3613 2620 3755 2667; x_wconf 90' lang='lat' dir='ltr'><strong>sancto</strong></span> 
     </span>
    </p>
   </div>
   <div class='ocr_carea' id='block_1_27' title="bbox 562 2681 3751 2774">
    <p class='ocr_par' dir='ltr' id='par_1_27' title="bbox 562 2681 3751 2774">
     <span class='ocr_line' id='line_1_28' title="bbox 562 2681 3751 2774; baseline 0.006 -39"><span class='ocrx_word' id='word_1_330' title='bbox 562 2681 856 2739; x_wconf 84' lang='lat' dir='ltr'><strong>tationibus</strong></span> <span class='ocrx_word' id='word_1_331' title='bbox 872 2685 1017 2741; x_wconf 90' lang='lat' dir='ltr'><strong>beati</strong></span> <span class='ocrx_word' id='word_1_332' title='bbox 1032 2686 1243 2744; x_wconf 65' lang='lat' dir='ltr'><strong>Hermae</strong></span> <span class='ocrx_word' id='word_1_333' title='bbox 1266 2688 1333 2747; x_wconf 91' lang='lat' dir='ltr'><strong>de</strong></span> <span class='ocrx_word' id='word_1_334' title='bbox 1354 2690 1460 2748; x_wconf 85' lang='lat' dir='ltr'><strong>ﬁde</strong></span> <span class='ocrx_word' id='word_1_335' title='bbox 1483 2693 1705 2762; x_wconf 88' lang='lat' dir='ltr'><strong>Christi,</strong></span> <span class='ocrx_word' id='word_1_336' title='bbox 1725 2699 1922 2754; x_wconf 90' lang='lat' dir='ltr'><strong>etvisis</strong></span> <span class='ocrx_word' id='word_1_337' title='bbox 1948 2699 2138 2771; x_wconf 80' lang='lat' dir='ltr'><strong>signis,</strong></span> <span class='ocrx_word' id='word_1_338' title='bbox 2241 2701 2547 2759; x_wconf 87' lang='lat' dir='ltr'><strong>Alexandro</strong></span> <span class='ocrx_word' id='word_1_339' title='bbox 2569 2703 2837 2774; x_wconf 84' lang='lat' dir='ltr'><strong>baptizata</strong></span> <span class='ocrx_word' id='word_1_340' title='bbox 2861 2711 2964 2770; x_wconf 90' lang='lat' dir='ltr'><strong>est,</strong></span> <span class='ocrx_word' id='word_1_341' title='bbox 2988 2681 3043 2760; x_wconf 72' lang='lat' dir='ltr'><strong>et</strong></span> <span class='ocrx_word' id='word_1_342' title='bbox 3081 2681 3348 2760; x_wconf 75' lang='lat' dir='ltr'><strong>instructa</strong></span> <span class='ocrx_word' id='word_1_343' title='bbox 3400 2704 3452 2759; x_wconf 90' lang='lat' dir='ltr'><strong>in</strong></span> <span class='ocrx_word' id='word_1_344' title='bbox 3483 2703 3751 2773; x_wconf 81' lang='lat' dir='ltr'><strong>virginitate,</strong></span> 
     </span>
    </p>
   </div>
   <div class='ocr_carea' id='block_1_28' title="bbox 556 2775 3751 2866">
    <p class='ocr_par' dir='ltr' id='par_1_28' title="bbox 556 2775 3751 2866">
     <span class='ocr_line' id='line_1_29' title="bbox 556 2775 3751 2866; baseline 0.006 -38"><span class='ocrx_word' id='word_1_345' title='bbox 556 2780 683 2843; x_wconf 70' lang='lat' dir='ltr'><strong>&#39;quae</strong></span> <span class='ocrx_word' id='word_1_346' title='bbox 710 2775 851 2832; x_wconf 92' lang='lat' dir='ltr'><strong>Dens</strong></span> <span class='ocrx_word' id='word_1_347' title='bbox 879 2778 934 2833; x_wconf 92' lang='lat' dir='ltr'><strong>in</strong></span> <span class='ocrx_word' id='word_1_348' title='bbox 958 2781 1285 2853; x_wconf 87' lang='lat' dir='ltr'><strong>martyribus</strong></span> <span class='ocrx_word' id='word_1_349' title='bbox 1335 2784 1448 2841; x_wconf 89' lang='lat' dir='ltr'><strong>suis</strong></span> <span class='ocrx_word' id='word_1_350' title='bbox 1484 2786 1791 2845; x_wconf 87' lang='lat' dir='ltr'><strong>Alexandro</strong></span> <span class='ocrx_word' id='word_1_351' title='bbox 1833 2798 1887 2846; x_wconf 87' lang='lat' dir='ltr'><strong>et</strong></span> <span class='ocrx_word' id='word_1_352' title='bbox 1942 2790 2142 2849; x_wconf 83' lang='lat' dir='ltr'><strong>Ilerme</strong></span> <span class='ocrx_word' id='word_1_353' title='bbox 2240 2790 2400 2861; x_wconf 88' lang='lat' dir='ltr'><strong>plena</strong></span> <span class='ocrx_word' id='word_1_354' title='bbox 2424 2790 2679 2861; x_wconf 87' lang='lat' dir='ltr'><strong>operibus</strong></span> <span class='ocrx_word' id='word_1_355' title='bbox 2706 2793 2862 2848; x_wconf 87' lang='lat' dir='ltr'><strong>bonis</strong></span> <span class='ocrx_word' id='word_1_356' title='bbox 2890 2794 3204 2865; x_wconf 85' lang='lat' dir='ltr'><strong>permansit.</strong></span> <span class='ocrx_word' id='word_1_357' title='bbox 3236 2794 3337 2850; x_wconf 91' lang='lat' dir='ltr'><strong>Cui</strong></span> <span class='ocrx_word' id='word_1_358' title='bbox 3365 2809 3500 2866; x_wconf 64' lang='lat' dir='ltr'><strong>sape</strong></span> <span class='ocrx_word' id='word_1_359' title='bbox 3542 2792 3751 2849; x_wconf 85' lang='lat' dir='ltr'><strong>osculanti</strong></span> 
     </span>
    </p>
   </div>
   <div class='ocr_carea' id='block_1_29' title="bbox 560 2865 3749 2952">
    <p class='ocr_par' dir='ltr' id='par_1_29' title="bbox 560 2865 3749 2952">
     <span class='ocr_line' id='line_1_30' title="bbox 560 2865 3749 2952; baseline 0.005 -32"><span class='ocrx_word' id='word_1_360' title='bbox 560 2865 902 2933; x_wconf 88' lang='lat' dir='ltr'><strong>operabatur,</strong></span> <span class='ocrx_word' id='word_1_361' title='bbox 939 2869 1113 2939; x_wconf 87' lang='lat' dir='ltr'><strong>ipsam</strong></span> <span class='ocrx_word' id='word_1_362' title='bbox 1134 2874 1380 2930; x_wconf 89' lang='lat' dir='ltr'><strong>eamdem</strong></span> <span class='ocrx_word' id='word_1_363' title='bbox 1412 2876 1579 2934; x_wconf 87' lang='lat' dir='ltr'><strong>ﬁliam</strong></span> <span class='ocrx_word' id='word_1_364' title='bbox 1632 2896 1787 2936; x_wconf 87' lang='lat' dir='ltr'><strong>suam</strong></span> <span class='ocrx_word' id='word_1_365' title='bbox 1826 2883 2022 2943; x_wconf 83' lang='lat' dir='ltr'><strong>obtulit</strong></span> <span class='ocrx_word' id='word_1_366' title='bbox 2071 2888 2137 2943; x_wconf 79' lang='lat' dir='ltr'><strong>ad</strong></span> <span class='ocrx_word' id='word_1_367' title='bbox 2237 2881 2418 2936; x_wconf 90' lang='lat' dir='ltr'><strong>boiam</strong></span> <span class='ocrx_word' id='word_1_368' title='bbox 2446 2882 2615 2952; x_wconf 85' lang='lat' dir='ltr'><strong>ipsam</strong></span> <span class='ocrx_word' id='word_1_369' title='bbox 2643 2882 2705 2938; x_wconf 89' lang='lat' dir='ltr'><strong>B.</strong></span> <span class='ocrx_word' id='word_1_370' title='bbox 2743 2883 3033 2940; x_wconf 84' lang='lat' dir='ltr'><strong>Alexandri</strong></span> <span class='ocrx_word' id='word_1_371' title='bbox 3058 2885 3194 2941; x_wconf 82' lang='lat' dir='ltr'><strong>dixit</strong></span> <span class='ocrx_word' id='word_1_372' title='bbox 3219 2865 3450 2942; x_wconf 85' lang='lat' dir='ltr'><strong>sanctus</strong></span> <span class='ocrx_word' id='word_1_373' title='bbox 3477 2883 3749 2940; x_wconf 80' lang='lat' dir='ltr'><strong>Alexander:</strong></span> 
     </span>
    </p>
   </div>
   <div class='ocr_carea' id='block_1_30' title="bbox 561 2957 2125 3047">
    <p class='ocr_par' dir='ltr' id='par_1_30' title="bbox 561 2957 2125 3047">
     <span class='ocr_line' id='line_1_31' title="bbox 561 2957 2125 3047; baseline 0.016 -37"><span class='ocrx_word' id='word_1_374' title='bbox 561 2957 879 3047; x_wconf 82' lang='lat' dir='ltr'><strong>sanandum.</strong></span> <span class='ocrx_word' id='word_1_375' title='bbox 916 2959 1015 3016; x_wconf 92' lang='lat' dir='ltr'><strong>Cui</strong></span> <span class='ocrx_word' id='word_1_376' title='bbox 1037 2962 1171 3018; x_wconf 86' lang='lat' dir='ltr'><strong>dixit</strong></span> <span class='ocrx_word' id='word_1_377' title='bbox 1191 2963 1252 3018; x_wconf 85' lang='grc' dir='ltr'>Β.</span> <span class='ocrx_word' id='word_1_378' title='bbox 1282 2965 1624 3026; x_wconf 83' lang='lat' dir='ltr'><strong>Alexander:</strong></span> <span class='ocrx_word' id='word_1_379' title='bbox 1652 2972 1801 3029; x_wconf 88' lang='lat' dir='ltr'><strong>Tolle</strong></span> <span class='ocrx_word' id='word_1_380' title='bbox 1847 2977 2026 3033; x_wconf 87' lang='lat' dir='ltr'><strong>boiam</strong></span> <span class='ocrx_word' id='word_1_381' title='bbox 2073 2977 2125 3036; x_wconf 75' lang='lat' dir='ltr'><strong>dt</strong></span> 
     </span>
    </p>
   </div>
   <div class='ocr_carea' id='block_1_31' title="bbox 2190 2957 3754 3047">
    <p class='ocr_par' dir='ltr' id='par_1_31' title="bbox 2240 2968 3754 3047">
     <span class='ocr_line' id='line_1_32' title="bbox 2240 2968 3754 3047; baseline 0.002 -23"><span class='ocrx_word' id='word_1_382' title='bbox 2240 2968 2435 3026; x_wconf 89' lang='lat' dir='ltr'><strong>Desine</strong></span> <span class='ocrx_word' id='word_1_383' title='bbox 2481 2974 2623 3028; x_wconf 87' lang='lat' dir='ltr'><strong>hanc</strong></span> <span class='ocrx_word' id='word_1_384' title='bbox 2648 2974 2825 3029; x_wconf 89' lang='lat' dir='ltr'><strong>boiam</strong></span> <span class='ocrx_word' id='word_1_385' title='bbox 2848 2975 3101 3042; x_wconf 86' lang='lat' dir='ltr'><strong>osculari,</strong></span> <span class='ocrx_word' id='word_1_386' title='bbox 3129 2977 3223 3031; x_wconf 90' lang='lat' dir='ltr'><strong>sed</strong></span> <span class='ocrx_word' id='word_1_387' title='bbox 3251 2977 3430 3047; x_wconf 88' lang='lat' dir='ltr'><strong>potius</strong></span> <span class='ocrx_word' id='word_1_388' title='bbox 3464 2975 3653 3045; x_wconf 88' lang='lat' dir='ltr'><strong>require</strong></span> <span class='ocrx_word' id='word_1_389' title='bbox 3684 2973 3754 3028; x_wconf 89' lang='lat' dir='ltr'><strong>Do-</strong></span> 
     </span>
    </p>
   </div>
   <div class='ocr_carea' id='block_1_32' title="bbox 563 3044 3757 3139">
    <p class='ocr_par' dir='ltr' id='par_1_32' title="bbox 563 3044 3757 3139">
     <span class='ocr_line' id='line_1_33' title="bbox 563 3044 3757 3139; baseline 0.004 -34"><span class='ocrx_word' id='word_1_390' title='bbox 563 3044 702 3102; x_wconf 83' lang='lat' dir='ltr'><strong>collo</strong></span> <span class='ocrx_word' id='word_1_391' title='bbox 724 3062 865 3116; x_wconf 87' lang='lat' dir='ltr'><strong>meo,</strong></span> <span class='ocrx_word' id='word_1_392' title='bbox 905 3057 960 3104; x_wconf 85' lang='lat' dir='ltr'><strong>et</strong></span> <span class='ocrx_word' id='word_1_393' title='bbox 998 3051 1212 3123; x_wconf 89' lang='lat' dir='ltr'><strong>impone</strong></span> <span class='ocrx_word' id='word_1_394' title='bbox 1241 3056 1311 3111; x_wconf 89' lang='lat' dir='ltr'><strong>ei.</strong></span> <span class='ocrx_word' id='word_1_395' title='bbox 1337 3056 1489 3125; x_wconf 85' lang='lat' dir='ltr'><strong>Quod</strong></span> <span class='ocrx_word' id='word_1_396' title='bbox 1511 3076 1631 3117; x_wconf 90' lang='lat' dir='ltr'><strong>cum</strong></span> <span class='ocrx_word' id='word_1_397' title='bbox 1661 3067 2140 3139; x_wconf 66' lang='lat' dir='ltr'><strong>obedienrerpater</strong></span> <span class='ocrx_word' id='word_1_398' title='bbox 2239 3062 2369 3117; x_wconf 91' lang='lat' dir='ltr'><strong>mini</strong></span> <span class='ocrx_word' id='word_1_399' title='bbox 2402 3066 2505 3118; x_wconf 89' lang='lat' dir='ltr'><strong>mei</strong></span> <span class='ocrx_word' id='word_1_400' title='bbox 2530 3064 2675 3121; x_wconf 88' lang='lat' dir='ltr'><strong>Petri</strong></span> <span class='ocrx_word' id='word_1_401' title='bbox 2696 3052 2936 3132; x_wconf 80' lang='lat' dir='ltr'><strong>vincula,</strong></span> <span class='ocrx_word' id='word_1_402' title='bbox 2978 3076 3034 3122; x_wconf 89' lang='lat' dir='ltr'><strong>et</strong></span> <span class='ocrx_word' id='word_1_403' title='bbox 3062 3082 3127 3122; x_wconf 83' lang='lat' dir='ltr'><strong>ea</strong></span> <span class='ocrx_word' id='word_1_404' title='bbox 3164 3044 3438 3124; x_wconf 76' lang='lat' dir='ltr'><strong>osculare.</strong></span> <span class='ocrx_word' id='word_1_405' title='bbox 3488 3044 3621 3123; x_wconf 81' lang='lat' dir='ltr'><strong>Tunc</strong></span> <span class='ocrx_word' id='word_1_406' title='bbox 3646 3064 3757 3121; x_wconf 84' lang='lat' dir='ltr'><strong>dedit</strong></span> 
     </span>
    </p>
   </div>
   <div class='ocr_carea' id='block_1_33' title="bbox 563 3134 3754 3230">
    <p class='ocr_par' dir='ltr' id='par_1_33' title="bbox 563 3134 3754 3230">
     <span class='ocr_line' id='line_1_34' title="bbox 563 3134 3754 3230; baseline 0.008 -41"><span class='ocrx_word' id='word_1_407' title='bbox 563 3134 681 3205; x_wconf 84' lang='lat' dir='ltr'><strong>ejus</strong></span> <span class='ocrx_word' id='word_1_408' title='bbox 715 3149 1125 3209; x_wconf 79' lang='lat' dir='ltr'><strong>exsequeretur,</strong></span> <span class='ocrx_word' id='word_1_409' title='bbox 1174 3144 1355 3201; x_wconf 90' lang='lat' dir='ltr'><strong>divino</strong></span> <span class='ocrx_word' id='word_1_410' title='bbox 1400 3157 1531 3205; x_wconf 92' lang='lat' dir='ltr'><strong>nutu</strong></span> <span class='ocrx_word' id='word_1_411' title='bbox 1583 3152 1760 3210; x_wconf 89' lang='lat' dir='ltr'><strong>subito</strong></span> <span class='ocrx_word' id='word_1_412' title='bbox 1806 3134 2001 3212; x_wconf 72' lang='lat' dir='ltr'><strong>sanata</strong></span> <span class='ocrx_word' id='word_1_413' title='bbox 2031 3167 2132 3219; x_wconf 88' lang='lat' dir='ltr'><strong>est.</strong></span> <span class='ocrx_word' id='word_1_414' title='bbox 2167 3211 2209 3230; x_wconf 61' lang='grc' dir='ltr'>η</span> <span class='ocrx_word' id='word_1_415' title='bbox 2240 3168 2482 3224; x_wconf 87' lang='lat' dir='ltr'><strong>operam,</strong></span> <span class='ocrx_word' id='word_1_416' title='bbox 2505 3165 2558 3213; x_wconf 92' lang='lat' dir='ltr'><strong>ct</strong></span> <span class='ocrx_word' id='word_1_417' title='bbox 2589 3173 2800 3214; x_wconf 91' lang='lat' dir='ltr'><strong>summo</strong></span> <span class='ocrx_word' id='word_1_418' title='bbox 2828 3158 3005 3215; x_wconf 87' lang='lat' dir='ltr'><strong>studio</strong></span> <span class='ocrx_word' id='word_1_419' title='bbox 3029 3170 3151 3229; x_wconf 91' lang='lat' dir='ltr'><strong>post</strong></span> <span class='ocrx_word' id='word_1_420' title='bbox 3190 3161 3516 3218; x_wconf 87' lang='lat' dir='ltr'><strong>desiderium</strong></span> <span class='ocrx_word' id='word_1_421' title='bbox 3558 3173 3754 3230; x_wconf 81' lang='lat' dir='ltr'><strong>magnum</strong></span> 
     </span>
    </p>
   </div>
   <div class='ocr_carea' id='block_1_34' title="bbox 563 3227 3754 3323">
    <p class='ocr_par' dir='ltr' id='par_1_34' title="bbox 563 3227 3754 3323">
     <span class='ocr_line' id='line_1_35' title="bbox 563 3227 3754 3323; baseline 0.006 -40"><span class='ocrx_word' id='word_1_422' title='bbox 563 3227 874 3287; x_wconf 86' lang='lat' dir='ltr'><strong>Vocabatur</strong></span> <span class='ocrx_word' id='word_1_423' title='bbox 899 3242 1077 3290; x_wconf 89' lang='lat' dir='ltr'><strong>autem</strong></span> <span class='ocrx_word' id='word_1_424' title='bbox 1106 3236 1221 3306; x_wconf 90' lang='lat' dir='ltr'><strong>ipsa</strong></span> <span class='ocrx_word' id='word_1_425' title='bbox 1244 3236 1465 3296; x_wconf 88' lang='lat' dir='ltr'><strong>Balbina</strong></span> <span class='ocrx_word' id='word_1_426' title='bbox 1501 3261 1514 3296; x_wconf 91' lang='lat'>:</span> <span class='ocrx_word' id='word_1_427' title='bbox 1548 3252 1707 3315; x_wconf 88' lang='lat' dir='ltr'><strong>atque</strong></span> <span class='ocrx_word' id='word_1_428' title='bbox 1738 3246 1813 3301; x_wconf 89' lang='lat' dir='ltr'><strong>ita</strong></span> <span class='ocrx_word' id='word_1_429' title='bbox 1839 3258 1997 3320; x_wconf 87' lang='lat' dir='ltr'><strong>pater</strong></span> <span class='ocrx_word' id='word_1_430' title='bbox 2022 3251 2139 3323; x_wconf 84' lang='lat' dir='ltr'><strong>ejus</strong></span> <span class='ocrx_word' id='word_1_431' title='bbox 2164 3227 2210 3274; x_wconf 64' lang='grc' dir='ltr'>υ</span> <span class='ocrx_word' id='word_1_432' title='bbox 2241 3248 2487 3317; x_wconf 87' lang='lat' dir='ltr'><strong>pervenit</strong></span> <span class='ocrx_word' id='word_1_433' title='bbox 2511 3249 2577 3304; x_wconf 90' lang='lat' dir='ltr'><strong>ad</strong></span> <span class='ocrx_word' id='word_1_434' title='bbox 2609 3249 2698 3305; x_wconf 91' lang='lat' dir='ltr'><strong>illa</strong></span> <span class='ocrx_word' id='word_1_435' title='bbox 2732 3227 3061 3320; x_wconf 85' lang='lat' dir='ltr'><strong>tradiditque</strong></span> <span class='ocrx_word' id='word_1_436' title='bbox 3097 3250 3156 3307; x_wconf 91' lang='lat' dir='ltr'><strong>S.</strong></span> <span class='ocrx_word' id='word_1_437' title='bbox 3194 3252 3492 3309; x_wconf 84' lang='lat' dir='ltr'><strong>Theodorae</strong></span> <span class='ocrx_word' id='word_1_438' title='bbox 3525 3227 3754 3322; x_wconf 86' lang='lat' dir='ltr'><strong>religiosis-</strong></span> 
     </span>
    </p>
   </div>
   <div class='ocr_carea' id='block_1_35' title="bbox 565 3317 3754 3412">
    <p class='ocr_par' dir='ltr' id='par_1_35' title="bbox 565 3317 3754 3412">
     <span class='ocr_line' id='line_1_36' title="bbox 565 3317 3754 3412; baseline 0.006 -39"><span class='ocrx_word' id='word_1_439' title='bbox 565 3317 823 3385; x_wconf 90' lang='lat' dir='ltr'><strong>Quirinus</strong></span> <span class='ocrx_word' id='word_1_440' title='bbox 867 3330 922 3377; x_wconf 90' lang='lat' dir='ltr'><strong>et</strong></span> <span class='ocrx_word' id='word_1_441' title='bbox 942 3323 1079 3394; x_wconf 87' lang='lat' dir='ltr'><strong>ipsa,</strong></span> <span class='ocrx_word' id='word_1_442' title='bbox 1104 3340 1228 3382; x_wconf 88' lang='lat' dir='ltr'><strong>cum</strong></span> <span class='ocrx_word' id='word_1_443' title='bbox 1251 3329 1517 3388; x_wconf 88' lang='lat' dir='ltr'><strong>universis</strong></span> <span class='ocrx_word' id='word_1_444' title='bbox 1550 3336 1641 3404; x_wconf 90' lang='lat' dir='ltr'><strong>qui</strong></span> <span class='ocrx_word' id='word_1_445' title='bbox 1674 3336 1727 3392; x_wconf 87' lang='lat' dir='ltr'><strong>in</strong></span> <span class='ocrx_word' id='word_1_446' title='bbox 1771 3317 2014 3396; x_wconf 74' lang='lat' dir='ltr'><strong>custodia</strong></span> <span class='ocrx_word' id='word_1_447' title='bbox 2049 3317 2136 3398; x_wconf 72' lang='lat' dir='ltr'><strong>te-</strong></span> <span class='ocrx_word' id='word_1_448' title='bbox 2241 3336 2388 3392; x_wconf 76' lang='lat' dir='ltr'><strong>sima:</strong></span> <span class='ocrx_word' id='word_1_449' title='bbox 2412 3336 2648 3407; x_wconf 80' lang='lat' dir='ltr'><strong>feminae,</strong></span> <span class='ocrx_word' id='word_1_450' title='bbox 2685 3341 2855 3395; x_wconf 89' lang='lat' dir='ltr'><strong>sorori</strong></span> <span class='ocrx_word' id='word_1_451' title='bbox 2886 3339 2942 3396; x_wconf 86' lang='lat' dir='ltr'><strong>S.</strong></span> <span class='ocrx_word' id='word_1_452' title='bbox 2968 3341 3237 3398; x_wconf 81' lang='lat' dir='ltr'><strong>Hermetis</strong></span> <span class='ocrx_word' id='word_1_453' title='bbox 3260 3342 3503 3412; x_wconf 83' lang='lat' dir='ltr'><strong>praefecti</strong></span> <span class='ocrx_word' id='word_1_454' title='bbox 3526 3350 3575 3397; x_wconf 87' lang='lat' dir='ltr'><strong>et</strong></span> <span class='ocrx_word' id='word_1_455' title='bbox 3602 3346 3754 3407; x_wconf 76' lang='lat' dir='ltr'><strong>marty-</strong></span> 
     </span>
    </p>
   </div>
   <div class='ocr_carea' id='block_1_36' title="bbox 564 3412 3753 3502">
    <p class='ocr_par' dir='ltr' id='par_1_36' title="bbox 564 3412 3753 3502">
     <span class='ocr_line' id='line_1_37' title="bbox 564 3412 3753 3502; baseline 0.006 -36"><span class='ocrx_word' id='word_1_456' title='bbox 564 3412 852 3480; x_wconf 88' lang='lat' dir='ltr'><strong>nehantur,</strong></span> <span class='ocrx_word' id='word_1_457' title='bbox 878 3417 1132 3486; x_wconf 90' lang='lat' dir='ltr'><strong>omnique</strong></span> <span class='ocrx_word' id='word_1_458' title='bbox 1149 3419 1306 3475; x_wconf 81' lang='lat' dir='ltr'><strong>domo</strong></span> <span class='ocrx_word' id='word_1_459' title='bbox 1331 3423 1775 3496; x_wconf 73' lang='lat' dir='ltr'><strong>sua,liaptizatus</strong></span> <span class='ocrx_word' id='word_1_460' title='bbox 1824 3440 1925 3486; x_wconf 91' lang='lat' dir='ltr'><strong>est.</strong></span> <span class='ocrx_word' id='word_1_461' title='bbox 1983 3432 2136 3500; x_wconf 82' lang='lat' dir='ltr'><strong>Quod</strong></span> <span class='ocrx_word' id='word_1_462' title='bbox 2241 3426 2336 3482; x_wconf 77' lang='grc' dir='ltr'><strong>ι’Ῑε-</strong></span> <span class='ocrx_word' id='word_1_463' title='bbox 2366 3427 2480 3498; x_wconf 79' lang='lat' dir='ltr'><strong>lpsa</strong></span> <span class='ocrx_word' id='word_1_464' title='bbox 2519 3435 2650 3484; x_wconf 72' lang='lat' dir='ltr'><strong>vero</strong></span> <span class='ocrx_word' id='word_1_465' title='bbox 2704 3433 2856 3502; x_wconf 75' lang='lat' dir='ltr'><strong>virgo</strong></span> <span class='ocrx_word' id='word_1_466' title='bbox 2902 3429 3123 3486; x_wconf 85' lang='lat' dir='ltr'><strong>Balbina</strong></span> <span class='ocrx_word' id='word_1_467' title='bbox 3173 3442 3301 3502; x_wconf 88' lang='lat' dir='ltr'><strong>post</strong></span> <span class='ocrx_word' id='word_1_468' title='bbox 3336 3433 3588 3489; x_wconf 89' lang='lat' dir='ltr'><strong>devictum</strong></span> <span class='ocrx_word' id='word_1_469' title='bbox 3619 3425 3753 3484; x_wconf 67' lang='lat' dir='ltr'><strong>seculi</strong></span> 
     </span>
    </p>
   </div>
   <div class='ocr_carea' id='block_1_37' title="bbox 565 3506 3755 3593">
    <p class='ocr_par' dir='ltr' id='par_1_37' title="bbox 565 3506 3755 3593">
     <span class='ocr_line' id='line_1_38' title="bbox 565 3506 3755 3593; baseline 0.004 -35"><span class='ocrx_word' id='word_1_470' title='bbox 565 3512 627 3559; x_wconf 93' lang='lat' dir='ltr'><strong>ut</strong></span> <span class='ocrx_word' id='word_1_471' title='bbox 685 3506 951 3563; x_wconf 87' lang='lat' dir='ltr'><strong>nuntiavit</strong></span> <span class='ocrx_word' id='word_1_472' title='bbox 1012 3508 1523 3571; x_wconf 88' lang='lat' dir='ltr'><strong>Commentariensis</strong></span> <span class='ocrx_word' id='word_1_473' title='bbox 1579 3518 1870 3576; x_wconf 88' lang='lat' dir='ltr'><strong>Aureliano</strong></span> <span class='ocrx_word' id='word_1_474' title='bbox 1942 3522 2135 3593; x_wconf 84' lang='lat' dir='ltr'><strong>judici,</strong></span> <span class='ocrx_word' id='word_1_475' title='bbox 2240 3517 2397 3587; x_wconf 91' lang='lat' dir='ltr'><strong>hujus</strong></span> <span class='ocrx_word' id='word_1_476' title='bbox 2425 3534 2663 3587; x_wconf 88' lang='lat' dir='ltr'><strong>cursum,</strong></span> <span class='ocrx_word' id='word_1_477' title='bbox 2703 3522 2960 3592; x_wconf 89' lang='lat' dir='ltr'><strong>sepelitur</strong></span> <span class='ocrx_word' id='word_1_478' title='bbox 2977 3521 3130 3591; x_wconf 85' lang='lat' dir='ltr'><strong>juxta</strong></span> <span class='ocrx_word' id='word_1_479' title='bbox 3159 3531 3373 3592; x_wconf 89' lang='lat' dir='ltr'><strong>patrem</strong></span> <span class='ocrx_word' id='word_1_480' title='bbox 3421 3536 3566 3580; x_wconf 89' lang='lat' dir='ltr'><strong>suum</strong></span> <span class='ocrx_word' id='word_1_481' title='bbox 3605 3524 3755 3586; x_wconf 79' lang='lat' dir='ltr'><strong>marty-</strong></span> 
     </span>
    </p>
   </div>
   <div class='ocr_carea' id='block_1_38' title="bbox 564 3594 3787 3686">
    <p class='ocr_par' dir='ltr' id='par_1_38' title="bbox 564 3594 3787 3686">
     <span class='ocr_line' id='line_1_39' title="bbox 564 3594 3787 3686; baseline 0.005 -39"><span class='ocrx_word' id='word_1_482' title='bbox 564 3594 737 3650; x_wconf 89' lang='lat' dir='ltr'><strong>iratus</strong></span> <span class='ocrx_word' id='word_1_483' title='bbox 754 3595 917 3666; x_wconf 88' lang='lat' dir='ltr'><strong>jussit</strong></span> <span class='ocrx_word' id='word_1_484' title='bbox 954 3598 1146 3655; x_wconf 88' lang='lat' dir='ltr'><strong>adduci</strong></span> <span class='ocrx_word' id='word_1_485' title='bbox 1176 3599 1456 3668; x_wconf 90' lang='lat' dir='ltr'><strong>Quirinum</strong></span> <span class='ocrx_word' id='word_1_486' title='bbox 1487 3606 1553 3661; x_wconf 85' lang='lat' dir='ltr'><strong>ad</strong></span> <span class='ocrx_word' id='word_1_487' title='bbox 1577 3623 1658 3674; x_wconf 88' lang='lat' dir='ltr'><strong>se,</strong></span> <span class='ocrx_word' id='word_1_488' title='bbox 1686 3619 1739 3665; x_wconf 90' lang='lat' dir='ltr'><strong>et</strong></span> <span class='ocrx_word' id='word_1_489' title='bbox 1771 3610 1976 3668; x_wconf 86' lang='lat' dir='ltr'><strong>dixitei</strong></span> <span class='ocrx_word' id='word_1_490' title='bbox 1996 3614 2137 3686; x_wconf 87' lang='lat' dir='ltr'><strong>:Ego</strong></span> <span class='ocrx_word' id='word_1_491' title='bbox 2240 3627 2352 3667; x_wconf 86' lang='lat' dir='ltr'><strong>rem</strong></span> <span class='ocrx_word' id='word_1_492' title='bbox 2388 3611 2695 3681; x_wconf 87' lang='lat' dir='ltr'><strong>Quirinum,</strong></span> <span class='ocrx_word' id='word_1_493' title='bbox 2735 3614 2819 3669; x_wconf 87' lang='lat' dir='ltr'><strong>via</strong></span> <span class='ocrx_word' id='word_1_494' title='bbox 2850 3614 3038 3685; x_wconf 86' lang='lat' dir='ltr'><strong>Appia,</strong></span> <span class='ocrx_word' id='word_1_495' title='bbox 3080 3616 3132 3670; x_wconf 90' lang='lat' dir='ltr'><strong>in</strong></span> <span class='ocrx_word' id='word_1_496' title='bbox 3159 3616 3473 3671; x_wconf 85' lang='lat' dir='ltr'><strong>coemeterio</strong></span> <span class='ocrx_word' id='word_1_497' title='bbox 3506 3605 3752 3670; x_wconf 62' lang='lat' dir='ltr'><strong>Praetextati</strong></span> <span class='ocrx_word' id='word_1_498' title='bbox 3782 3653 3787 3659; x_wconf 82' lang='lat'><strong>.</strong></span> 
     </span>
    </p>
   </div>
   <div class='ocr_carea' id='block_1_39' title="bbox 563 3684 2672 3776">
    <p class='ocr_par' dir='ltr' id='par_1_39' title="bbox 563 3684 2672 3776">
     <span class='ocr_line' id='line_1_40' title="bbox 563 3684 2672 3776; baseline 0.012 -40"><span class='ocrx_word' id='word_1_499' title='bbox 563 3691 616 3737; x_wconf 89' lang='lat' dir='ltr'><strong>te</strong></span> <span class='ocrx_word' id='word_1_500' title='bbox 634 3684 789 3754; x_wconf 87' lang='lat' dir='ltr'><strong>quasi</strong></span> <span class='ocrx_word' id='word_1_501' title='bbox 815 3685 983 3741; x_wconf 91' lang='lat' dir='ltr'><strong>ﬁlium</strong></span> <span class='ocrx_word' id='word_1_502' title='bbox 1005 3686 1202 3756; x_wconf 81' lang='lat' dir='ltr'><strong>dilexi;</strong></span> <span class='ocrx_word' id='word_1_503' title='bbox 1229 3699 1283 3745; x_wconf 92' lang='lat' dir='ltr'><strong>tu</strong></span> <span class='ocrx_word' id='word_1_504' title='bbox 1305 3700 1484 3749; x_wconf 88' lang='lat' dir='ltr'><strong>autem</strong></span> <span class='ocrx_word' id='word_1_505' title='bbox 1507 3694 1722 3753; x_wconf 89' lang='lat' dir='ltr'><strong>irrisisti</strong></span> <span class='ocrx_word' id='word_1_506' title='bbox 1743 3714 1846 3767; x_wconf 88' lang='lat' dir='ltr'><strong>me,</strong></span> <span class='ocrx_word' id='word_1_507' title='bbox 1875 3684 2131 3774; x_wconf 81' lang='lat' dir='ltr'><strong>deceptus</strong></span> <span class='ocrx_word' id='word_1_508' title='bbox 2240 3722 2276 3761; x_wconf 90' lang='lat' dir='ltr'><strong>ll</strong></span> <span class='ocrx_word' id='word_1_509' title='bbox 2310 3705 2423 3761; x_wconf 82' lang='lat' dir='ltr'><strong>Kal.</strong></span> <span class='ocrx_word' id='word_1_510' title='bbox 2456 3706 2672 3776; x_wconf 82' lang='lat' dir='ltr'><strong>Aprilis.</strong></span> 
     </span>
    </p>
   </div>
   <div class='ocr_carea' id='block_1_40' title="bbox 632 3815 3287 3912">
    <p class='ocr_par' dir='ltr' id='par_1_40' title="bbox 632 3815 3287 3912">
     <span class='ocr_line' id='line_1_41' title="bbox 632 3815 3287 3912; baseline 0.009 -43"><span class='ocrx_word' id='word_1_511' title='bbox 632 3828 658 3855; x_wconf 71' lang='grc' dir='ltr'><strong>δ</strong></span> <span class='ocrx_word' id='word_1_512' title='bbox 694 3815 897 3872; x_wconf 79' lang='lat' dir='ltr'><strong>Victor.</strong></span> <span class='ocrx_word' id='word_1_513' title='bbox 927 3816 1039 3872; x_wconf 83' lang='lat' dir='ltr'><strong>Afr.</strong></span> <span class='ocrx_word' id='word_1_514' title='bbox 1067 3817 1167 3873; x_wconf 85' lang='lat' dir='ltr'><strong>sub</strong></span> <span class='ocrx_word' id='word_1_515' title='bbox 1195 3821 1356 3876; x_wconf 89' lang='lat' dir='ltr'><strong>ﬁnem</strong></span> <span class='ocrx_word' id='word_1_516' title='bbox 1389 3823 1425 3877; x_wconf 93' lang='lat' dir='ltr'><strong>l.</strong></span> <span class='ocrx_word' id='word_1_517' title='bbox 1453 3840 1470 3879; x_wconf 82' lang='grc' dir='ltr'>ι</span> <span class='ocrx_word' id='word_1_518' title='bbox 2313 3839 2340 3878; x_wconf 74' lang='grc' dir='ltr'><strong>ιι</strong></span> <span class='ocrx_word' id='word_1_519' title='bbox 2364 3839 2439 3894; x_wconf 91' lang='lat' dir='ltr'><strong>De</strong></span> <span class='ocrx_word' id='word_1_520' title='bbox 2461 3853 2528 3894; x_wconf 90' lang='lat' dir='ltr'><strong>eo</strong></span> <span class='ocrx_word' id='word_1_521' title='bbox 2551 3839 2602 3892; x_wconf 93' lang='lat' dir='ltr'><strong>in</strong></span> <span class='ocrx_word' id='word_1_522' title='bbox 2623 3840 2788 3910; x_wconf 84' lang='lat' dir='ltr'><strong>gestis</strong></span> <span class='ocrx_word' id='word_1_523' title='bbox 2823 3836 3082 3896; x_wconf 86' lang='lat' dir='ltr'><strong>Alexand.</strong></span> <span class='ocrx_word' id='word_1_524' title='bbox 3112 3854 3287 3912; x_wconf 83' lang='lat' dir='ltr'><strong>papae.</strong></span> 
     </span>
    </p>
   </div>
   <div class='ocr_carea' id='block_1_41' title="bbox 558 3976 3743 4020">
    <p class='ocr_par' dir='ltr' id='par_1_41' title="bbox 558 3976 3743 4020">
     <span class='ocr_line' id='line_1_42' title="bbox 558 3976 3743 4020; baseline 0.008 -33"><span class='ocrx_word' id='word_1_525' title='bbox 558 3976 3743 4020; x_wconf 49' lang='grc' dir='ltr'>...Ψ-,Μ</span> 
     </span>
    </p>
   </div>
   <div class='ocr_carea' id='block_1_42' title="bbox 1809 4118 2550 4180">
    <p class='ocr_par' dir='ltr' id='par_1_42' title="bbox 1809 4118 2550 4180">
     <span class='ocr_line' id='line_1_43' title="bbox 1809 4118 2550 4180; baseline 0.007 -6"><span class='ocrx_word' id='word_1_526' title='bbox 1809 4118 2105 4176; x_wconf 71' lang='grc' dir='ltr'><strong>ΙᾸΤΑΝΙίΕ</strong></span> <span class='ocrx_word' id='word_1_527' title='bbox 2142 4119 2550 4180; x_wconf 62' lang='grc' dir='ltr'><strong>ιΝῡΙΕΕΝΒᾸΕ.</strong></span> 
     </span>
    </p>
   </div>
   <div class='ocr_carea' id='block_1_43' title="bbox 1766 4294 2615 4376">
    <p class='ocr_par' dir='ltr' id='par_1_43' title="bbox 1766 4294 2615 4376">
     <span class='ocr_line' id='line_1_44' title="bbox 1766 4294 2615 4376; baseline 0.006 -5"><span class='ocrx_word' id='word_1_528' title='bbox 1766 4294 2138 4373; x_wconf 85' lang='lat' dir='ltr'><strong>MENSIS</strong></span> <span class='ocrx_word' id='word_1_529' title='bbox 2213 4297 2615 4376; x_wconf 81' lang='lat' dir='ltr'><strong>APRILIS</strong></span> 
     </span>
    </p>
   </div>
   <div class='ocr_carea' id='block_1_44' title="bbox 1588 4482 2848 4545">
    <p class='ocr_par' dir='ltr' id='par_1_44' title="bbox 1588 4482 2848 4545">
     <span class='ocr_line' id='line_1_45' title="bbox 1588 4482 2848 4545; baseline 0.008 -19"><span class='ocrx_word' id='word_1_530' title='bbox 1588 4482 1797 4528; x_wconf 75' lang='lat' dir='ltr'><strong>BABET</strong></span> <span class='ocrx_word' id='word_1_531' title='bbox 1837 4485 1977 4530; x_wconf 85' lang='lat' dir='ltr'><strong>DIES</strong></span> <span class='ocrx_word' id='word_1_532' title='bbox 2018 4487 2178 4545; x_wconf 69' lang='lat' dir='ltr'><strong>XXX;</strong></span> <span class='ocrx_word' id='word_1_533' title='bbox 2226 4490 2391 4533; x_wconf 72' lang='lat' dir='ltr'><strong>LUNA</strong></span> <span class='ocrx_word' id='word_1_534' title='bbox 2438 4490 2626 4545; x_wconf 81' lang='lat' dir='ltr'><strong>VERO,</strong></span> <span class='ocrx_word' id='word_1_535' title='bbox 2673 4492 2848 4536; x_wconf 74' lang='lat' dir='ltr'><strong>XXIX.</strong></span> 
     </span>
    </p>
   </div>
   <div class='ocr_carea' id='block_1_45' title="bbox 1048 4738 3379 4813">
    <p class='ocr_par' dir='ltr' id='par_1_45' title="bbox 1048 4738 3379 4813">
     <span class='ocr_line' id='line_1_46' title="bbox 1048 4738 3379 4813; baseline 0.005 -20"><span class='ocrx_word' id='word_1_536' title='bbox 1048 4738 1114 4795; x_wconf 70' lang='grc' dir='ltr'><strong>(ἰ.</strong></span> <span class='ocrx_word' id='word_1_537' title='bbox 1153 4740 1308 4795; x_wconf 75' lang='lat' dir='ltr'><strong>KAL.</strong></span> <span class='ocrx_word' id='word_1_538' title='bbox 1339 4742 1607 4799; x_wconf 84' lang='lat' dir='ltr'><strong>APRILIS</strong></span> <span class='ocrx_word' id='word_1_539' title='bbox 2150 4753 2203 4813; x_wconf 85' lang='lat'><strong>1)</strong></span> <span class='ocrx_word' id='word_1_540' title='bbox 2629 4749 2694 4803; x_wconf 89' lang='lat' dir='ltr'><strong>A.</strong></span> <span class='ocrx_word' id='word_1_541' title='bbox 2738 4749 2805 4807; x_wconf 85' lang='lat' dir='ltr'><strong>IV</strong></span> <span class='ocrx_word' id='word_1_542' title='bbox 2840 4749 3068 4806; x_wconf 85' lang='lat' dir='ltr'><strong>NONAS</strong></span> <span class='ocrx_word' id='word_1_543' title='bbox 3092 4748 3379 4805; x_wconf 77' lang='lat' dir='ltr'><strong>APRILIS.</strong></span> 
     </span>
    </p>
   </div>
   <div class='ocr_carea' id='block_1_46' title="bbox 1208 4832 3146 4912">
    <p class='ocr_par' dir='ltr' id='par_1_46' title="bbox 1208 4832 3146 4912">
     <span class='ocr_line' id='line_1_47' title="bbox 1208 4832 3146 4912; baseline -0.006 -7"><span class='ocrx_word' id='word_1_544' title='bbox 1208 4832 1258 4904; x_wconf 84' lang='grc' dir='ltr'><strong>(ι</strong></span> <span class='ocrx_word' id='word_1_545' title='bbox 1308 4833 1462 4905; x_wconf 61' lang='lat' dir='ltr'><strong>Arn)</strong></span> <span class='ocrx_word' id='word_1_546' title='bbox 2878 4842 2934 4911; x_wconf 67' lang='grc' dir='ltr'><strong>(ε</strong></span> <span class='ocrx_word' id='word_1_547' title='bbox 2992 4841 3146 4912; x_wconf 82' lang='lat' dir='ltr'><strong>Apr.)</strong></span> 
     </span>
    </p>
   </div>
   <div class='ocr_carea' id='block_1_47' title="bbox 624 4921 3747 5002">
    <p class='ocr_par' dir='ltr' id='par_1_47' title="bbox 624 4921 3747 5002">
     <span class='ocr_line' id='line_1_48' title="bbox 624 4921 3747 5002; baseline 0.007 -28"><span class='ocrx_word' id='word_1_548' title='bbox 624 4921 829 4988; x_wconf 70' lang='lat' dir='ltr'><strong>Rouize,</strong></span> <span class='ocrx_word' id='word_1_549' title='bbox 856 4922 1179 4979; x_wconf 68' lang='lat' dir='ltr'><strong>beatissima:</strong></span> <span class='ocrx_word' id='word_1_550' title='bbox 1209 4924 1504 4982; x_wconf 74' lang='lat' dir='ltr'><strong>Theodore.-</strong></span> <span class='ocrx_word' id='word_1_551' title='bbox 1551 4938 1601 4993; x_wconf 74' lang='grc' dir='ltr'><strong>α,</strong></span> <span class='ocrx_word' id='word_1_552' title='bbox 1633 4928 1838 4985; x_wconf 87' lang='lat' dir='ltr'><strong>sororis</strong></span> <span class='ocrx_word' id='word_1_553' title='bbox 1879 4928 2128 4987; x_wconf 87' lang='lat' dir='ltr'><strong>illustris-</strong></span> <span class='ocrx_word' id='word_1_554' title='bbox 2302 4932 2507 4989; x_wconf 75' lang='lat' dir='ltr'><strong>Nitalis</strong></span> <span class='ocrx_word' id='word_1_555' title='bbox 2547 4932 2605 4988; x_wconf 89' lang='lat' dir='ltr'><strong>S.</strong></span> <span class='ocrx_word' id='word_1_556' title='bbox 2635 4931 2850 5000; x_wconf 87' lang='lat' dir='ltr'><strong>Nicetii,</strong></span> <span class='ocrx_word' id='word_1_557' title='bbox 2881 4931 3256 5002; x_wconf 86' lang='lat' dir='ltr'><strong>Lugdunensis</strong></span> <span class='ocrx_word' id='word_1_558' title='bbox 3291 4930 3542 5002; x_wconf 72' lang='lat' dir='ltr'><strong>episcopi.</strong></span> <span class='ocrx_word' id='word_1_559' title='bbox 3567 4936 3696 4993; x_wconf 70' lang='lat' dir='ltr'><strong>cuius</strong></span> <span class='ocrx_word' id='word_1_560' title='bbox 3710 4924 3747 4973; x_wconf 73' lang='grc' dir='ltr'><strong>θ’</strong></span> 
     </span>
    </p>
   </div>
   <div class='ocr_carea' id='block_1_48' title="bbox 540 5009 3749 5092">
    <p class='ocr_par' dir='ltr' id='par_1_48' title="bbox 540 5009 3749 5092">
     <span class='ocr_line' id='line_1_49' title="bbox 540 5009 3749 5092; baseline 0.004 -29"><span class='ocrx_word' id='word_1_561' title='bbox 540 5009 674 5064; x_wconf 80' lang='lat' dir='ltr'><strong>simi</strong></span> <span class='ocrx_word' id='word_1_562' title='bbox 697 5011 949 5082; x_wconf 87' lang='lat' dir='ltr'><strong>martyris</strong></span> <span class='ocrx_word' id='word_1_563' title='bbox 974 5011 1245 5069; x_wconf 86' lang='lat' dir='ltr'><strong>Hermetis</strong></span> <span class='ocrx_word' id='word_1_564' title='bbox 1265 5028 1428 5084; x_wconf 88' lang='lat' dir='ltr'><strong>quam</strong></span> <span class='ocrx_word' id='word_1_565' title='bbox 1447 5014 1639 5071; x_wconf 87' lang='lat' dir='ltr'><strong>beatus</strong></span> <span class='ocrx_word' id='word_1_566' title='bbox 1660 5016 1965 5074; x_wconf 84' lang='lat' dir='ltr'><strong>Alexander</strong></span> <span class='ocrx_word' id='word_1_567' title='bbox 1991 5033 2127 5089; x_wconf 89' lang='lat' dir='ltr'><strong>papa</strong></span> <span class='ocrx_word' id='word_1_568' title='bbox 2229 5024 2339 5079; x_wconf 88' lang='lat' dir='ltr'><strong>vita</strong></span> <span class='ocrx_word' id='word_1_569' title='bbox 2380 5023 2655 5079; x_wconf 81' lang='lat' dir='ltr'><strong>miraculis</strong></span> <span class='ocrx_word' id='word_1_570' title='bbox 2683 5023 2899 5089; x_wconf 91' lang='lat' dir='ltr'><strong>claruit,</strong></span> <span class='ocrx_word' id='word_1_571' title='bbox 2925 5034 2980 5078; x_wconf 87' lang='lat' dir='ltr'><strong>et</strong></span> <span class='ocrx_word' id='word_1_572' title='bbox 3007 5023 3242 5092; x_wconf 90' lang='lat' dir='ltr'><strong>pretiosa</strong></span> <span class='ocrx_word' id='word_1_573' title='bbox 3277 5035 3425 5081; x_wconf 82' lang='lat' dir='ltr'><strong>mors</strong></span> <span class='ocrx_word' id='word_1_574' title='bbox 3450 5012 3749 5075; x_wconf 65' lang='lat' dir='ltr'><strong>nihilominus</strong></span> 
     </span>
    </p>
   </div>
   <div class='ocr_carea' id='block_1_49' title="bbox 550 5103 2960 5186">
    <p class='ocr_par' dir='ltr' id='par_1_49' title="bbox 550 5103 2960 5186">
     <span class='ocr_line' id='line_1_50' title="bbox 550 5103 2960 5186; baseline 0.005 -31"><span class='ocrx_word' id='word_1_575' title='bbox 550 5109 606 5155; x_wconf 89' lang='lat' dir='ltr'><strong>et</strong></span> <span class='ocrx_word' id='word_1_576' title='bbox 633 5111 839 5175; x_wconf 85' lang='lat' dir='ltr'><strong>martyr</strong></span> <span class='ocrx_word' id='word_1_577' title='bbox 866 5103 1141 5170; x_wconf 82' lang='lat' dir='ltr'><strong>instruxit,</strong></span> <span class='ocrx_word' id='word_1_578' title='bbox 1174 5106 1482 5175; x_wconf 79' lang='lat' dir='ltr'><strong>baptizavit,</strong></span> <span class='ocrx_word' id='word_1_579' title='bbox 1514 5115 1677 5178; x_wconf 88' lang='lat' dir='ltr'><strong>atque</strong></span> <span class='ocrx_word' id='word_1_580' title='bbox 1704 5110 1757 5164; x_wconf 93' lang='lat' dir='ltr'><strong>in</strong></span> <span class='ocrx_word' id='word_1_581' title='bbox 1785 5110 1888 5166; x_wconf 87' lang='lat' dir='ltr'><strong>ﬁde</strong></span> <span class='ocrx_word' id='word_1_582' title='bbox 1922 5109 2125 5168; x_wconf 88' lang='lat' dir='ltr'><strong>Christi</strong></span> <span class='ocrx_word' id='word_1_583' title='bbox 2228 5113 2506 5169; x_wconf 89' lang='lat' dir='ltr'><strong>miraculis</strong></span> <span class='ocrx_word' id='word_1_584' title='bbox 2534 5114 2960 5186; x_wconf 87' lang='lat' dir='ltr'><strong>commendatur.</strong></span> 
     </span>
    </p>
   </div>
   <div class='ocr_carea' id='block_1_50' title="bbox 548 5192 3748 5276">
    <p class='ocr_par' dir='ltr' id='par_1_50' title="bbox 548 5192 3748 5276">
     <span class='ocr_line' id='line_1_51' title="bbox 548 5192 3748 5276; baseline 0.003 -29"><span class='ocrx_word' id='word_1_585' title='bbox 548 5192 751 5248; x_wconf 86' lang='lat' dir='ltr'><strong>docuit.</strong></span> <span class='ocrx_word' id='word_1_586' title='bbox 786 5192 914 5260; x_wconf 85' lang='lat' dir='ltr'><strong>Quae</strong></span> <span class='ocrx_word' id='word_1_587' title='bbox 935 5196 1034 5252; x_wconf 89' lang='lat' dir='ltr'><strong>sub</strong></span> <span class='ocrx_word' id='word_1_588' title='bbox 1060 5194 1351 5253; x_wconf 85' lang='lat' dir='ltr'><strong>Aureliano</strong></span> <span class='ocrx_word' id='word_1_589' title='bbox 1373 5197 1701 5270; x_wconf 87' lang='lat' dir='ltr'><strong>imperatore</strong></span> <span class='ocrx_word' id='word_1_590' title='bbox 1731 5202 2118 5272; x_wconf 86' lang='lat' dir='ltr'><strong>martyrizavit.</strong></span> <span class='ocrx_word' id='word_1_591' title='bbox 2298 5207 2327 5247; x_wconf 66' lang='grc' dir='ltr'><strong>ι)</strong></span> <span class='ocrx_word' id='word_1_592' title='bbox 2357 5206 2425 5261; x_wconf 86' lang='lat' dir='ltr'><strong>Et</strong></span> <span class='ocrx_word' id='word_1_593' title='bbox 2454 5207 2593 5276; x_wconf 84' lang='lat' dir='ltr'><strong>apud</strong></span> <span class='ocrx_word' id='word_1_594' title='bbox 2625 5205 2927 5262; x_wconf 85' lang='lat' dir='ltr'><strong>Caesaream</strong></span> <span class='ocrx_word' id='word_1_595' title='bbox 2958 5204 3342 5275; x_wconf 86' lang='lat' dir='ltr'><strong>Cappadociae,</strong></span> <span class='ocrx_word' id='word_1_596' title='bbox 3370 5215 3544 5273; x_wconf 81' lang='lat' dir='ltr'><strong>passm</strong></span> <span class='ocrx_word' id='word_1_597' title='bbox 3586 5196 3748 5251; x_wconf 50' lang='lat' dir='ltr'><strong>58M”:</strong></span> 
     </span>
    </p>
   </div>
   <div class='ocr_carea' id='block_1_51' title="bbox 550 5282 3745 5366">
    <p class='ocr_par' dir='ltr' id='par_1_51' title="bbox 550 5282 3745 5366">
     <span class='ocr_line' id='line_1_52' title="bbox 550 5282 3745 5366; baseline 0.004 -29"><span class='ocrx_word' id='word_1_598' title='bbox 550 5282 768 5354; x_wconf 87' lang='lat' dir='ltr'><strong>Sepulta</strong></span> <span class='ocrx_word' id='word_1_599' title='bbox 792 5284 945 5356; x_wconf 83' lang='lat' dir='ltr'><strong>juxta</strong></span> <span class='ocrx_word' id='word_1_600' title='bbox 973 5286 1195 5342; x_wconf 77' lang='lat' dir='ltr'><strong>fratrem</strong></span> <span class='ocrx_word' id='word_1_601' title='bbox 1232 5304 1388 5344; x_wconf 91' lang='lat' dir='ltr'><strong>suum</strong></span> <span class='ocrx_word' id='word_1_602' title='bbox 1418 5299 1735 5362; x_wconf 90' lang='lat' dir='ltr'><strong>martyrem,</strong></span> <span class='ocrx_word' id='word_1_603' title='bbox 1764 5292 1853 5346; x_wconf 86' lang='lat' dir='ltr'><strong>via</strong></span> <span class='ocrx_word' id='word_1_604' title='bbox 1895 5290 2117 5359; x_wconf 87' lang='lat' dir='ltr'><strong>Salaria,</strong></span> <span class='ocrx_word' id='word_1_605' title='bbox 2229 5295 2543 5352; x_wconf 61' lang='lat' dir='ltr'><strong>Theodosia:</strong></span> <span class='ocrx_word' id='word_1_606' title='bbox 2582 5294 2806 5366; x_wconf 82' lang='lat' dir='ltr'><strong>virginis</strong></span> <span class='ocrx_word' id='word_1_607' title='bbox 2839 5313 2850 5349; x_wconf 91' lang='lat'>:</span> <span class='ocrx_word' id='word_1_608' title='bbox 2881 5310 3000 5365; x_wconf 71' lang='lat' dir='ltr'><strong>qua:</strong></span> <span class='ocrx_word' id='word_1_609' title='bbox 3025 5303 3269 5366; x_wconf 86' lang='lat' dir='ltr'><strong>tempore</strong></span> <span class='ocrx_word' id='word_1_610' title='bbox 3306 5284 3627 5350; x_wconf 65' lang='lat' dir='ltr'><strong>Diocletiani.</strong></span> <span class='ocrx_word' id='word_1_611' title='bbox 3651 5290 3745 5336; x_wconf 67' lang='lat' dir='ltr'><strong>cum</strong></span> 
     </span>
    </p>
   </div>
   <div class='ocr_carea' id='block_1_52' title="bbox 547 5368 3745 5453">
    <p class='ocr_par' dir='ltr' id='par_1_52' title="bbox 547 5368 3745 5453">
     <span class='ocr_line' id='line_1_53' title="bbox 547 5368 3745 5453; baseline 0.002 -25"><span class='ocrx_word' id='word_1_612' title='bbox 547 5389 655 5431; x_wconf 86' lang='lat' dir='ltr'><strong>non</strong></span> <span class='ocrx_word' id='word_1_613' title='bbox 679 5376 836 5447; x_wconf 90' lang='lat' dir='ltr'><strong>longe</strong></span> <span class='ocrx_word' id='word_1_614' title='bbox 866 5377 936 5432; x_wconf 91' lang='lat' dir='ltr'><strong>ab</strong></span> <span class='ocrx_word' id='word_1_615' title='bbox 963 5377 1099 5435; x_wconf 90' lang='lat' dir='ltr'><strong>urbe</strong></span> <span class='ocrx_word' id='word_1_616' title='bbox 1126 5378 1317 5434; x_wconf 84' lang='lat' dir='ltr'><strong>Roma.</strong></span> <span class='ocrx_word' id='word_1_617' title='bbox 2228 5394 2373 5443; x_wconf 86' lang='lat' dir='ltr'><strong>esset</strong></span> <span class='ocrx_word' id='word_1_618' title='bbox 2422 5401 2688 5442; x_wconf 90' lang='lat' dir='ltr'><strong>annorum</strong></span> <span class='ocrx_word' id='word_1_619' title='bbox 2722 5386 3041 5453; x_wconf 87' lang='lat' dir='ltr'><strong>octodecim,</strong></span> <span class='ocrx_word' id='word_1_620' title='bbox 3072 5384 3219 5442; x_wconf 87' lang='lat' dir='ltr'><strong>ultro</strong></span> <span class='ocrx_word' id='word_1_621' title='bbox 3254 5400 3314 5441; x_wconf 86' lang='lat' dir='ltr'><strong>se</strong></span> <span class='ocrx_word' id='word_1_622' title='bbox 3358 5380 3550 5441; x_wconf 87' lang='lat' dir='ltr'><strong>sanctis</strong></span> <span class='ocrx_word' id='word_1_623' title='bbox 3576 5368 3745 5431; x_wconf 70' lang='grc' dir='ltr'><strong>οοιιῐθδο</strong></span> 
     </span>
    </p>
   </div>
   <div class='ocr_carea' id='block_1_53' title="bbox 621 5465 3745 5545">
    <p class='ocr_par' dir='ltr' id='par_1_53' title="bbox 621 5465 3745 5545">
     <span class='ocr_line' id='line_1_54' title="bbox 621 5465 3745 5545; baseline 0.005 -24"><span class='ocrx_word' id='word_1_624' title='bbox 621 5465 824 5523; x_wconf 88' lang='lat' dir='ltr'><strong>Eodem</strong></span> <span class='ocrx_word' id='word_1_625' title='bbox 850 5468 935 5523; x_wconf 92' lang='lat' dir='ltr'><strong>die</strong></span> <span class='ocrx_word' id='word_1_626' title='bbox 962 5468 1021 5524; x_wconf 89' lang='lat' dir='ltr'><strong>S.</strong></span> <span class='ocrx_word' id='word_1_627' title='bbox 1058 5467 1305 5525; x_wconf 83' lang='lat' dir='ltr'><strong>Venantii</strong></span> <span class='ocrx_word' id='word_1_628' title='bbox 1334 5470 1568 5542; x_wconf 87' lang='lat' dir='ltr'><strong>episcopi</strong></span> <span class='ocrx_word' id='word_1_629' title='bbox 1597 5480 1654 5527; x_wconf 92' lang='lat' dir='ltr'><strong>et</strong></span> <span class='ocrx_word' id='word_1_630' title='bbox 1683 5473 1956 5544; x_wconf 83' lang='lat' dir='ltr'><strong>martyris.</strong></span> <span class='ocrx_word' id='word_1_631' title='bbox 2232 5477 2447 5533; x_wconf 82' lang='lat' dir='ltr'><strong>scribus</strong></span> <span class='ocrx_word' id='word_1_632' title='bbox 2476 5479 2528 5532; x_wconf 90' lang='lat' dir='ltr'><strong>in</strong></span> <span class='ocrx_word' id='word_1_633' title='bbox 2565 5478 2805 5532; x_wconf 88' lang='lat' dir='ltr'><strong>custodia</strong></span> <span class='ocrx_word' id='word_1_634' title='bbox 2864 5478 3115 5545; x_wconf 77' lang='lat' dir='ltr'><strong>socians,,</strong></span> <span class='ocrx_word' id='word_1_635' title='bbox 3131 5487 3277 5534; x_wconf 89' lang='lat' dir='ltr'><strong>tenta</strong></span> <span class='ocrx_word' id='word_1_636' title='bbox 3319 5477 3388 5534; x_wconf 90' lang='lat' dir='ltr'><strong>ab</strong></span> <span class='ocrx_word' id='word_1_637' title='bbox 3408 5473 3609 5531; x_wconf 87' lang='lat' dir='ltr'><strong>Urbano</strong></span> <span class='ocrx_word' id='word_1_638' title='bbox 3638 5474 3745 5535; x_wconf 62' lang='lat' dir='ltr'><strong>Pm&#39;</strong></span> 
     </span>
    </p>
   </div>
   <div class='ocr_carea' id='block_1_54' title="bbox 621 5553 3741 5638">
    <p class='ocr_par' dir='ltr' id='par_1_54' title="bbox 621 5553 3741 5638">
     <span class='ocr_line' id='line_1_55' title="bbox 621 5553 3741 5638; baseline -0 -31"><span class='ocrx_word' id='word_1_639' title='bbox 621 5553 688 5608; x_wconf 84' lang='lat' dir='ltr'><strong>Et</strong></span> <span class='ocrx_word' id='word_1_640' title='bbox 711 5555 765 5610; x_wconf 91' lang='lat' dir='ltr'><strong>in</strong></span> <span class='ocrx_word' id='word_1_641' title='bbox 812 5572 948 5628; x_wconf 88' lang='lat' dir='ltr'><strong>pago</strong></span> <span class='ocrx_word' id='word_1_642' title='bbox 990 5557 1349 5623; x_wconf 85' lang='lat' dir='ltr'><strong>Wimnoensi,</strong></span> <span class='ocrx_word' id='word_1_643' title='bbox 1396 5561 1567 5616; x_wconf 85' lang='lat' dir='ltr'><strong>sancti</strong></span> <span class='ocrx_word' id='word_1_644' title='bbox 1613 5559 1869 5617; x_wconf 86' lang='lat' dir='ltr'><strong>Walarici</strong></span> <span class='ocrx_word' id='word_1_645' title='bbox 1914 5562 2126 5621; x_wconf 81' lang='lat' dir='ltr'><strong>confes-</strong></span> <span class='ocrx_word' id='word_1_646' title='bbox 2231 5566 2389 5630; x_wconf 78' lang='lat' dir='ltr'><strong>lecto,</strong></span> <span class='ocrx_word' id='word_1_647' title='bbox 2422 5578 2478 5623; x_wconf 89' lang='lat' dir='ltr'><strong>et</strong></span> <span class='ocrx_word' id='word_1_648' title='bbox 2512 5568 2563 5623; x_wconf 92' lang='lat' dir='ltr'><strong>in</strong></span> <span class='ocrx_word' id='word_1_649' title='bbox 2604 5569 2831 5638; x_wconf 91' lang='lat' dir='ltr'><strong>equuleo</strong></span> <span class='ocrx_word' id='word_1_650' title='bbox 2874 5570 3145 5635; x_wconf 87' lang='lat' dir='ltr'><strong>cruciata;</strong></span> <span class='ocrx_word' id='word_1_651' title='bbox 3173 5568 3364 5625; x_wconf 83' lang='lat' dir='ltr'><strong>deinde</strong></span> <span class='ocrx_word' id='word_1_652' title='bbox 3399 5564 3535 5621; x_wconf 82' lang='lat' dir='ltr'><strong>ferro</strong></span> <span class='ocrx_word' id='word_1_653' title='bbox 3568 5559 3741 5614; x_wconf 78' lang='lat' dir='ltr'><strong>onusta.</strong></span> 
     </span>
    </p>
   </div>
   <div class='ocr_carea' id='block_1_55' title="bbox 548 5639 3740 5727">
    <p class='ocr_par' dir='ltr' id='par_1_55' title="bbox 548 5639 3740 5727">
     <span class='ocr_line' id='line_1_56' title="bbox 548 5639 3740 5727; baseline 0 -27"><span class='ocrx_word' id='word_1_654' title='bbox 548 5647 710 5710; x_wconf 68' lang='lat' dir='ltr'><strong>noris,</strong></span> <span class='ocrx_word' id='word_1_655' title='bbox 740 5647 893 5715; x_wconf 89' lang='lat' dir='ltr'><strong>cujus</strong></span> <span class='ocrx_word' id='word_1_656' title='bbox 921 5650 1225 5721; x_wconf 89' lang='lat' dir='ltr'><strong>sepulcrum</strong></span> <span class='ocrx_word' id='word_1_657' title='bbox 1249 5652 1453 5708; x_wconf 81' lang='lat' dir='ltr'><strong>crebris</strong></span> <span class='ocrx_word' id='word_1_658' title='bbox 1501 5653 1776 5711; x_wconf 85' lang='lat' dir='ltr'><strong>miraculis</strong></span> <span class='ocrx_word' id='word_1_659' title='bbox 1800 5654 2118 5712; x_wconf 89' lang='lat' dir='ltr'><strong>illustratur.</strong></span> <span class='ocrx_word' id='word_1_660' title='bbox 2228 5669 2282 5716; x_wconf 89' lang='lat' dir='ltr'><strong>et</strong></span> <span class='ocrx_word' id='word_1_661' title='bbox 2310 5660 2362 5714; x_wconf 88' lang='lat' dir='ltr'><strong>in</strong></span> <span class='ocrx_word' id='word_1_662' title='bbox 2392 5675 2665 5715; x_wconf 85' lang='lat' dir='ltr'><strong>carcerem</strong></span> <span class='ocrx_word' id='word_1_663' title='bbox 2693 5669 2837 5716; x_wconf 83' lang='lat' dir='ltr'><strong>trusa</strong></span> <span class='ocrx_word' id='word_1_664' title='bbox 2867 5680 2879 5715; x_wconf 93' lang='lat'>:</span> <span class='ocrx_word' id='word_1_665' title='bbox 2914 5661 2984 5717; x_wconf 91' lang='lat' dir='ltr'><strong>ibi</strong></span> <span class='ocrx_word' id='word_1_666' title='bbox 3008 5662 3203 5718; x_wconf 86' lang='lat' dir='ltr'><strong>virtute</strong></span> <span class='ocrx_word' id='word_1_667' title='bbox 3228 5660 3345 5727; x_wconf 89' lang='lat' dir='ltr'><strong>Dei,</strong></span> <span class='ocrx_word' id='word_1_668' title='bbox 3370 5654 3539 5715; x_wconf 86' lang='lat' dir='ltr'><strong>omnia</strong></span> <span class='ocrx_word' id='word_1_669' title='bbox 3571 5639 3740 5706; x_wconf 69' lang='lat' dir='ltr'><strong>vinculit</strong></span> 
     </span>
    </p>
   </div>
   <div class='ocr_carea' id='block_1_56' title="bbox 621 5760 2964 5836">
    <p class='ocr_par' dir='ltr' id='par_1_56' title="bbox 621 5760 2964 5836">
     <span class='ocr_line' id='line_1_57' title="bbox 621 5760 2964 5836; baseline 0.005 -23"><span class='ocrx_word' id='word_1_670' title='bbox 621 5772 646 5800; x_wconf 78' lang='grc' dir='ltr'>ι</span> <span class='ocrx_word' id='word_1_671' title='bbox 686 5760 759 5815; x_wconf 81' lang='lat' dir='ltr'><strong>De</strong></span> <span class='ocrx_word' id='word_1_672' title='bbox 787 5776 848 5816; x_wconf 84' lang='lat' dir='ltr'><strong>ea</strong></span> <span class='ocrx_word' id='word_1_673' title='bbox 875 5763 925 5817; x_wconf 89' lang='lat' dir='ltr'><strong>in</strong></span> <span class='ocrx_word' id='word_1_674' title='bbox 957 5765 1126 5833; x_wconf 83' lang='lat' dir='ltr'><strong>gestis</strong></span> <span class='ocrx_word' id='word_1_675' title='bbox 1160 5764 1309 5819; x_wconf 79' lang='lat' dir='ltr'><strong>Alex.</strong></span> <span class='ocrx_word' id='word_1_676' title='bbox 1344 5764 1522 5836; x_wconf 70' lang='lat' dir='ltr'><strong>Papae.</strong></span> <span class='ocrx_word' id='word_1_677' title='bbox 2298 5771 2323 5809; x_wconf 62' lang='grc' dir='ltr'><strong>ι’</strong></span> <span class='ocrx_word' id='word_1_678' title='bbox 2360 5771 2552 5825; x_wconf 66' lang='lat' dir='ltr'><strong>Euseb.</strong></span> <span class='ocrx_word' id='word_1_679' title='bbox 2590 5771 2623 5824; x_wconf 93' lang='grc' dir='ltr'>Ι.</span> <span class='ocrx_word' id='word_1_680' title='bbox 2655 5787 2771 5835; x_wconf 82' lang='lat' dir='ltr'><strong>vm,</strong></span> <span class='ocrx_word' id='word_1_681' title='bbox 2798 5787 2846 5827; x_wconf 88' lang='lat' dir='ltr'><strong>c.</strong></span> <span class='ocrx_word' id='word_1_682' title='bbox 2881 5772 2964 5826; x_wconf 79' lang='lat' dir='ltr'><strong>l7.</strong></span> 
     </span>
    </p>
   </div>
  </div>
