3962 6366
180 386 310 440 263

184 501 328 569 ejus
353 497 595 564 disrupta
629 501 776 548 sunt.
809 492 938 548 Post
968 494 1084 548 haec
1115 508 1248 549 saxo
1287 493 1524 564 alligata,
1559 492 1613 545 in
1644 505 1794 546 mare
1824 493 1872 553 Α

184 605 387 646 mersa
435 597 549 651 est;
591 585 685 641 sed
737 599 860 639 mox
910 584 1181 640 littoribus
1232 584 1513 640 incolumis
1561 582 1791 650 reddita,

186 681 403 738 bestiis
454 680 509 734 in
544 677 908 746 amphileatro
935 675 1216 747 projectte,
1247 684 1302 732 et
1345 675 1412 731 ab
1452 675 1536 730 his
1567 676 1790 742 intacta,

187 773 528 845 martyrium
561 771 756 843 capitis
785 771 1090 826 abscisione
1119 771 1279 841 digne
1307 769 1617 839 complevit.

647 882 708 938 B.
739 883 804 939 III
837 881 1061 939 NONAS
1089 880 1376 936 APRILIS.

868 976 924 1046 (δ
961 975 1113 1046 Apr.)
1309 973 1312 976 ‘

278 1091 720 1156 Thessalonicae,
768 1089 964 1144 natalis
1013 1088 1113 1144 SS.
1166 1087 1434 1158 virgimun
1493 1085 1691 1157 Agapis
1744 1093 1798 1140 et

193 1187 454 1246 Chionim
481 1228 495 1252 ,
530 1186 630 1242 sub
672 1183 1009 1240 Diocletiano
1052 1201 1064 1236 :
1099 1198 1220 1252 quae
1249 1182 1424 1253 primo
1471 1179 1526 1236 in
1578 1195 1796 1236 carcere

196 1286 520 1344 maceratae,
559 1283 681 1348 post
716 1275 770 1330 in
797 1275 972 1346 ignem
1005 1275 1184 1329 missae
1226 1283 1375 1337 sunt,
1403 1272 1495 1327 sed
1525 1271 1738 1326 intactae
1765 1286 1795 1325 a

195 1371 467 1436 ﬂammis,
492 1377 614 1440 post
636 1367 937 1424 orationem
958 1366 1024 1422 ad
1051 1365 1340 1422 Dominum
1364 1363 1560 1422 fusam.
1586 1362 1796 1418 animas

201 1462 588 1518 reddiderunt.

275 1556 438 1625 Apud
479 1553 783 1624 Scythiam,
809 1552 1030 1608 civitate
1071 1551 1255 1606 Tomis
1302 1548 1496 1604 natalis
1522 1547 1623 1604 SS.
1657 1547 1795 1601 Eva-

206 1650 313 1721 grii
346 1656 400 1703 et
430 1646 672 1716 Benigni.

287 1739 436 1810 Apud
467 1737 888 1792 Tauromenium
918 1736 1136 1800 Siciliae,
1169 1735 1226 1791 S.
1257 1733 1549 1791 Pancratii.

551 1851 610 1907 C.
644 1849 869 1905 PRIDIE
896 1848 1124 1905 NONAS
1152 1849 1440 1905 APRILIS.

898 1943 951 2013 (4
983 1943 1134 2012 Apr.)

280 2055 584 2116 Mediolani.
616 2054 882 2124 depositio
908 2053 972 2107 Β.
1004 2051 1277 2108 Ambrosii
1307 2053 1543 2122 episcopi
1581 2062 1636 2106 et
1665 2067 1795 2107 con-

209 2148 457 2213 fessoris,
489 2147 643 2218 cujus
681 2147 882 2211 studio,
917 2145 1061 2200 inter
1086 2153 1280 2201 caetera
1311 2145 1570 2201 doctrinae
1602 2153 1658 2199 et
1694 2145 1796 2198 mi-

205 2243 517 2298 raculorum
560 2241 814 2310 insignia,
845 2248 1089 2311 tempore
1115 2241 1331 2296 Arianae
1383 2241 1647 2312 perﬁdiae,
1679 2247 1789 2297 tota

206 2335 357 2392 Italia
390 2335 458 2392 ad
488 2333 819 2392 Catholicam
852 2349 1112 2391 conversa
1145 2335 1304 2392 fidem
1340 2343 1441 2391 est.

677 2449 740 2502 D.
784 2446 986 2503 NONIS
1019 2447 1307 2503 APRILIS.

869 2541 924 2612 (5
951 2540 1103 2610 Apr.)

288 2653 700 2718 Thessalonica,
731 2653 930 2708 natalis
960 2653 1020 2708 S.
1052 2653 1226 2709 Irenis
1248 2652 1496 2722 virginis,
1519 2667 1639 2722 quae
1668 2661 1791 2721 post

213 2743 557 2798 tolerantiam
586 2743 839 2809 carceris,
868 2745 1062 2814 sagitta
1095 2757 1352 2814 percussa
1381 2751 1464 2797 est
1490 2757 1518 2796 a
1546 2741 1790 2796 Sisinnio

207 2832 410 2885 comite
459 2833 556 2886 sub
595 2848 700 2902 quo
737 2841 789 2888 et
840 2849 1055 2890 sorores
1101 2834 1218 2906 ejus
1271 2833 1430 2891 simul
1476 2832 1691 2906 Agapes
1738 2840 1794 2888 et

205 2921 433 2976 Chionia
465 2924 970 2994 martyrizaverunt.

273 3012 406 3066 Item
439 3012 581 3082 apud
630 3012 943 3084 Egyptum.
973 3013 1170 3071 natalis
1222 3012 1321 3070 SS.
1373 3014 1670 3079 Martianar,
1699 3009 1790 3067 Ni-

203 3100 420 3155 canoris
448 3109 502 3154 et
529 3100 816 3170 Apollonii.

265 3192 420 3263 Apud
453 3191 752 3248 Cmsarcam
778 3192 978 3265 Lycim,
1013 3194 1210 3250 natalis
1239 3193 1296 3250 S.
1333 3194 1640 3266 Amphiani.

653 3305 715 3360 Fr.
750 3306 856 3361 VIII
883 3306 1040 3363 IDUS
1067 3307 1354 3363 APRILIS.

879 3399 934 3470 (6
965 3399 1117 3472 Apin)

274 3527 301 3555 ι
340 3514 525 3569 Roma:
553 3515 610 3570 S.
651 3514 789 3570 Sixti
831 3531 982 3586 papae
1010 3525 1064 3570 et
1092 3517 1367 3587 martyris,
1397 3515 1486 3585 qui
1519 3515 1660 3570 rexit
1686 3515 1789 3572 Ec-

202 3601 424 3657 clesiam
483 3619 654 3660 annos
705 3604 917 3670 decem,
951 3620 1167 3661 menses
1214 3605 1370 3667 duos,
1405 3604 1546 3660 diem
1597 3620 1785 3660 unum.

205 3690 406 3748 Passus
453 3705 536 3750 est
580 3704 760 3750 autem
795 3695 1130 3765 temporibus
1161 3695 1385 3750 Adriani
1419 3694 1784 3765 imperatoris.

638 3809 700 3863 F.
735 3809 821 3863 VII
852 3808 1012 3864 IDUS
1052 3808 1341 3865 APRILIS.

882 3898 935 3969 (7
963 3897 1114 3970 Αρνο)

272 4007 523 4079 Egesippi
564 3991 664 4062 viri
711 4007 1057 4074 sanctissimi,
1091 4009 1180 4078 qui
1213 4010 1423 4065 vicinus
1463 4010 1787 4080 apostolico-

194 4114 323 4155 rum
370 4108 667 4169 temporum
695 4100 724 4166 ,'
753 4115 943 4156 omnes
986 4117 1015 4156 a
1063 4102 1316 4172 passione
1354 4102 1566 4158 Domini
1612 4118 1784 4174 usque

194 4191 470 4246 ndpsuam
513 4199 724 4247 aetatem
777 4191 1278 4249 Ecclesiasticorum
1334 4202 1550 4249 actuum
1596 4204 1784 4251 texens

192 4282 481 4348 historias,
510 4283 786 4353 multaque
833 4286 899 4339 ad
943 4286 1229 4342 utilitatem
1280 4287 1572 4360 legentium
1617 4289 1782 4359 perti-

192 4373 408 4439 nentia,
438 4373 562 4430 hinc
611 4374 734 4428 inde
769 4389 1124 4448 congregans,
1154 4377 1587 4448 quinquelibros
1633 4393 1782 4433 com-

189 4461 400 4531 posuit,
433 4477 682 4518 sermone
731 4462 996 4534 simplici,
1030 4473 1090 4520 ut
1135 4481 1362 4536 quorum
1394 4467 1558 4521 vitam
1609 4475 1780 4522 secta-

851 381 1456 439 MARTYROLOGIUM
1491 378 1636 436 CUM
1661 374 2202 432 ADDI'I‘AMENTIS.
2234 405 2302 415 ——
2345 374 2556 428 MENS.
2595 373 2822 428 APRIL.

1815 3188 1862 3252 C

3374 373 3480 428 246

2337 489 2402 544 G.
2445 487 2508 542 γι
2548 487 2707 543 IDUS
2745 487 3031 542 APRILIS.

2571 581 2625 650 (8
2653 579 2806 649 Αρνο)

1969 671 2240 738 Turonis,
2291 673 2463 727 sancti
2512 672 2764 744 Perpetui
2815 675 3087 746 episcopi,
3151 676 3480 732 admirandae

1899 764 2202 818 sanctitatis
2244 763 2383 826 viri,
2428 765 2582 834 cujus
2617 779 2779 834 opera
2820 766 3074 837 templum
3119 782 3281 836 super
3321 783 3481 824 vene-

1899 857 2066 910 randa
2098 871 2220 911 ossa
2266 856 2408 911 beati
2456 856 2672 912 Martini
2719 859 2979 930 episcopi,
3016 859 3317 929 perfectum
3360 871 3475 927 cst;

1899 946 2156 1017 cujusque
2201 963 2416 1003 sacrum
2463 964 2659 1020 corpus
2692 951 2759 1007 de
2814 952 2930 1008 loco
2965 954 3058 1008 ubi
3108 955 3343 1025 primum
3391 964 3480 1012 tu-

1899 1039 2155 1094 mulatum
2195 1040 2390 1107 fuerat,
2421 1041 2488 1096 ad
2524 1041 2698 1097 locum
2725 1045 2815 1098 ubi
2843 1060 2987 1101 nunc
3031 1047 3296 1117 condigne
3322 1061 3481 1103 vene-

1899 1140 2065 1186 ratur.
2102 1131 2422 1186 translatum
2448 1139 2503 1186 et
2528 1133 2862 1188 reconditum
2894 1143 2997 1191 est.

2344 1244 2410 1299 A.
2453 1245 2498 1300 ν
2536 1245 2696 1302 IDUS
2732 1246 3024 1303 APRILIS.

2563 1341 2617 1412 (9
2643 1343 2797 1412 Apr.)

1965 1433 2120 1502 Apud
2153 1431 2443 1487 Sirmium.
2478 1433 2670 1487 natalis
2709 1443 2912 1503 septem
2955 1434 3246 1504 virginum,
3275 1450 3392 1504 quzc
3426 1451 3477 1488 tu

1897 1537 2062 1579 unuut
2091 1532 2404 1577 meruerunt
2432 1523 2680 1579 coronari
2711 1523 2902 1593 quinto
2942 1523 3064 1578 Idus
3083 1523 3301 1594 Aprilis.

1965 1612 2117 1683 Apud
2145 1613 2521 1678 Antiochiam,
2555 1613 2724 1668 sancti
2769 1611 3025 1668 Prochori
3063 1613 3273 1668 diaconi
3303 1624 3350 1678 ε,
3386 1610 3481 1684 qui

1895 1721 2034 1762 unus
2056 1703 2157 1760 fuit
2181 1700 2246 1760 de
2277 1713 2484 1776 septem
2508 1705 2717 1776 primis.

2339 1819 2396 1873 Β.
2441 1819 2507 1874 IV
2547 1817 2708 1876 IDUS
2746 1819 3034 1874 APRILIS.

2545 1908 2635 1982 (to
2672 1909 2825 1981 Apr.)

1972 2001 2269 2057 Ezechielis
2295 2002 2588 2072 prophetae.

1968 2093 2035 2148 Et
2057 2093 2206 2162 apud
2222 2093 2476 2158 Romam,
2501 2093 2781 2148 beatorum
2805 2100 3103 2164 martyrum
3126 2090 3479 2162 plurimorum

1899 2200 2035 2255 quos
2081 2185 2276 2242 beatus
2314 2183 2620 2241 Alexander
2658 2198 2796 2255 papa
2834 2193 2890 2238 et
2934 2192 3143 2253 martyr
3184 2182 3480 2252 baptizavit

1899 2291 2021 2332 cum
2064 2284 2336 2331 teneretur
2375 2276 2428 2330 in
2463 2266 2717 2340 carcere,
2766 2285 2820 2329 et
2868 2273 2966 2343 ipsi
3008 2271 3233 2344 relegati
3277 2271 3483 2343 pariter

1895 2382 2020 2422 cum
2066 2367 2175 2421 illo.
2228 2366 2338 2422 Hos
2380 2380 2570 2422 omnes
2613 2362 2938 2420 Aurelianus
2983 2364 3302 2434 imperator,
3352 2361 3478 2416 navi

1897 2467 2124 2512 vetusta:
2174 2458 2477 2528 impositos,
2527 2457 2579 2512 in
2629 2455 2796 2511 altum
2827 2470 2979 2510 mare
3028 2453 3240 2520 deduci,
3285 2461 3341 2508 et
3371 2453 3481 2508 illic

1901 2549 2036 2603 collo
2060 2549 2238 2618 ligatis
2259 2549 2545 2620 lapidibus,
2571 2549 2743 2620 mergi
2775 2549 2826 2604 in
2849 2547 3173 2619 profundum
3205 2546 3372 2603 maris
3399 2543 3478 2602 fe—

1897 2641 1970 2697 cit
1999 2651 2194 2712 quarto
2222 2641 2346 2698 Idus
2367 2640 2588 2713 Aprilis.

2355 2753 2416 2810 C.
2458 2752 2522 2809 III
2557 2752 2716 2810 IDUS
2751 2753 3039 2813 APRILIS.

2559 2847 2643 2919 (lt
2678 2846 2831 2918 Apr.)

1967 2942 2117 3012 Αριιο
2145 2939 2386 3007 Cretam,
2418 2939 2552 2995 urbe
2583 2938 2866 3010 Cortynae,
2913 2937 3056 2992 beati
3084 2934 3313 3006 Philippi
3364 2934 3476 3006 epi-

1894 3034 2062 3104 scopi,
2094 3035 2184 3104 qui
2224 3033 2332 3088 vita
2368 3040 2425 3089 et
2461 3032 2706 3088 doctrina
2741 3032 2955 3098 claruit,
3000 3031 3333 3104 temporibus
3359 3029 3473 3086 An-

1896 3124 2066 3180 tonini
2091 3124 2237 3192 Veri,
2271 3133 2324 3181 et
2349 3123 2502 3179 Lucii
2523 3123 2726 3179 Aurelii
2752 3122 3032 3181 Commodi
3063 3124 3470 3196 imperatorum.

2257 3259 2319 3315 D.
2353 3258 2578 3315 PRIDIE
2616 3257 2778 3314 IDUS
2817 3257 3107 3314 APRILIS.

2551 3349 2643 3420 (te
2674 3348 2829 3420 Apr.)

1961 3445 2188 3515 (Pontif.
2218 3458 2335 3513 cap.
2364 3444 2478 3514 56.)
2509 3445 2693 3500 Roma:
2719 3443 2804 3499 via
2837 3443 3052 3500 Aurelia
3083 3443 3338 3500 milliario
3371 3451 3473 3500 ter-

1891 3539 1987 3602 tio,
2026 3537 2079 3592 in
2110 3537 2430 3592 caemeterio
2460 3537 2736 3608 Calepodii
2781 3536 2959 3592 natale
2994 3536 3166 3592 sancti
3195 3535 3322 3592 Julii
3361 3537 3474 3607 epi-

1889 3631 2038 3700 scopi
2067 3639 2121 3686 et
2145 3629 2496 3696 confessoris,
2535 3631 2626 3700 qui
2656 3630 2755 3684 sub
2777 3629 3099 3685 Constantio
3128 3629 3331 3684 Ariano
3362 3629 3473 3684 lilio

1888 3718 2245 3782 Constantini,
2290 3718 2474 3773 decem
2510 3733 2723 3774 menses
2758 3717 3135 3774 tribulationes
3183 3726 3239 3773 et
3278 3719 3470 3773 exsilia

1887 3826 2174 3883 perpessus
2205 3829 2218 3865 :
2249 3818 2368 3881 post
2396 3808 2512 3879 ejus
2539 3817 2792 3875 mortem,
2824 3824 2947 3864 cum
2979 3824 3174 3881 magna
3204 3807 3372 3880 gloria
3402 3809 3469 3863 ad

1887 3919 2040 3960 suam
2072 3903 2254 3959 sedem
2290 3917 2540 3957 reversus
2567 3909 2670 3958 est.

2348 4016 2408 4070 Ε.
2450 4015 2674 4072 IDIBUS
2711 4013 3000 4071 APRILIS.

2548 4105 2640 4176 (ιδ
2664 4105 2816 4176 Apr.)

1959 4195 2176 4265 (Euseb.
2219 4201 2357 4260 LIV,
2390 4209 2439 4250 c.
2475 4194 2587 4262 14.)
2630 4194 2786 4266 Apud
2835 4194 3156 4265 Pergamum
3187 4193 3330 4250 Asiae
3378 4209 3466 4249 ur-

1884 4289 2028 4353 bem,
2077 4287 2272 4343 natalis
2319 4295 2634 4342 sanctorum
2678 4287 2835 4358 Carpi
2885 4288 3122 4359 episc0pi
3171 4296 3227 4344 et
3265 4286 3467 4358 Papirii

1884 4378 2112 4441 diaconi,
2146 4387 2198 4432 et
2225 4376 2577 4448 Agathonicae
2606 4377 2822 4447 optima:
2856 4376 3090 4440 feminae,
3131 4381 3467 4444 altarumque

1883 4469 2174 4524 multarum
2203 4483 2322 4537 qua:
2349 4466 2590 4538 probatis
2626 4465 3060 4523 confessionibus
3089 4464 3347 4535 martyris
3373 4480 3466 4520 co-

194 4553 380 4617 batur,
411 4552 620 4608 dicendi
651 4569 864 4624 quoque
892 4557 1222 4625 exprimeret
1249 4557 1640 4612 characterem.
1680 4558 1778 4612 As—
1805 4542 1856 4601 Ῐ)
1883 4570 2088 4614 renatae
2130 4566 2274 4614 sunt.
2311 4557 2446 4613 Cum
2479 4558 2674 4627 quibus
2711 4566 2767 4614 et
2801 4558 2894 4623 vir~
2926 4557 3190 4612 mirabilis
3219 4554 3463 4611 Justinus

191 4642 333 4694 serit
359 4657 416 4695 se
446 4644 658 4698 venisse
707 4646 806 4700 sub
844 4645 1070 4701 Aniceto
1111 4644 1360 4708 Romam,
1391 4647 1482 4715 qui
1531 4646 1774 4702 decimus
1880 4653 2250 4723 philosophus,
2281 4651 2370 4720 qui
2411 4649 2596 4704 habitu
2625 4665 2841 4719 quoque
2885 4649 3324 4720 philosophorum
3375 4651 3460 4703 in-

189 4739 320 4801 post
351 4732 567 4787 Petrum
600 4735 886 4806 episcopus
931 4736 1054 4802 fuit,
1097 4745 1153 4792 et
1194 4752 1572 4808 perseverasse
1605 4753 1773 4809 usque
1883 4742 2096 4802 cedens,
2143 4755 2242 4811 pro
2278 4737 2537 4810 religione
2584 4739 2787 4794 Christi
2825 4739 3115 4809 plurimum
3171 4739 3457 4804 laboravit,

193 4825 262 4878 ad
294 4824 661 4880 Eleutherium
707 4826 943 4894 ejusdem
969 4828 1120 4883 urbis
1161 4829 1492 4900 episcopum,
1522 4829 1610 4898 qui
1637 4829 1772 4883 Ani-
1882 4833 2168 4896 intantum,
2216 4829 2565 4884 utAntonino
2588 4824 2686 4884 Pio
2714 4837 2768 4884 et
2793 4829 2916 4884 tiliis
2965 4829 3101 4900 ejus,
3131 4837 3184 4885 et.
3211 4828 3458 4894 Senatui,

190 4916 591 4986 cetiquondam
619 4918 878 4973 diaconus
898 4918 1092 4974 fuerat.
1117 4920 1288 4976 Isdem
1315 4934 1530 4990 quoque
1553 4919 1775 4990 Egesip—
1879 4921 2076 4976 librum
2110 4927 2297 4975 contra
2339 4927 2526 4988 gentes
2569 4918 2828 4990 scriptum
2873 4918 3046 4985 daret,
3076 4902 3478 4990 ignominiam-3

184 5027 298 5082 pus
326 5011 379 5064 in
404 5011 555 5066 libris
584 5013 695 5066 suis
733 5013 900 5067 refert
931 5013 996 5067 de
1023 5013 1434 5068 conversatione
1462 5026 1580 5077 sua,
1607 5027 1769 5081 quam
1883 5029 1987 5084 que
2015 5012 2205 5069 Cruois
2228 5027 2334 5066 non
2363 5010 2729 5065 erubesceret.
2756 5009 3000 5078 Cumque
3015 5009 3127 5079 jam
3154 5011 3452 5065 secundum

181 5099 440 5156 habuita
466 5101 648 5169 gentili
669 5102 1008 5172 philosophia
1038 5103 1086 5156 ι’.
1139 5102 1279 5156 Nam
1322 5111 1368 5156 et
1399 5119 1491 5173 ego
1518 5104 1644 5172 ipse,
1683 5103 1768 5156 in-
1871 5105 2068 5161 librum
2117 5103 2520 5158 successoribus
2587 5099 2794 5171 praefati
2845 5101 3186 5171 imperatoris
3212 5141 3227 5165 ,
3289 5101 3339 5155 id
3374 5111 3459 5156 est

180 5191 330 5261 quit,
373 5194 522 5247 sectis
562 5193 838 5263 platanicis
885 5195 1154 5250 institutus
1179 5236 1192 5260 ,
1243 5195 1464 5250 audiens
1515 5195 1770 5265 infamari
1870 5195 2143 5249 Antonino
2172 5192 2314 5248 Vero
2362 5199 2416 5245 et
2442 5191 2661 5246 Aurelio
2687 5189 3005 5254 Commodo,
3044 5206 3141 5261 pro
3175 5185 3452 5257 religionis

181 5280 539 5348 Christianos,
571 5293 618 5337 et
647 5285 824 5339 videns
855 5301 940 5339 eos
970 5285 1256 5355 impavidos
1287 5285 1356 5338 ad
1380 5285 1766 5356 suscipiendam
1796 5323 1798 5326 μ
1871 5297 2070 5341 nostra:
2098 5283 2409 5340 defensione
2441 5281 2790 5352 perrexisset,
2825 5279 3314 5337 remunerationem
3347 5276 3453 5331 lin-

178 5383 430 5439 mortem,
463 5385 618 5445 atque
647 5393 796 5432 omne
824 5377 1136 5447 supplicium
1175 5376 1505 5432 tolerandum
1534 5419 1549 5443 ,
1597 5379 1768 5432 consi-
1871 5391 1988 5447 gum
2011 5375 2202 5439 fidelis,
2228 5373 2471 5444 martyrii
2504 5388 2701 5428 munus
2723 5371 2947 5443 accepit.

179 5464 438 5518 derabam
471 5467 609 5535 quod
630 5467 960 5538 impossibile
998 5478 1125 5524 esset
1165 5467 1217 5521 in
1249 5467 1452 5522 malitia
1488 5484 1574 5522 eos
1617 5477 1664 5521 et
1713 5468 1766 5521 in
1902 5501 1905 5504 -
1955 5467 2073 5536 (Id..
2105 5463 2258 5529 ibid.,
2306 5479 2355 5518 c.
2387 5464 2419 5519 8
2445 5472 2500 5517 et
2523 5461 2636 5530 II.)
2668 5462 2822 5534 Apud
2865 5461 3202 5533 Hispaniam,
3256 5456 3454 5513 natalis

180 5556 405 5612 libidine
440 5560 754 5614 conversari.
1871 5557 2040 5614 sancti
2067 5554 2469 5627 iIerminigiIdi,
2516 5569 2677 5625 quem
2725 5562 2878 5625 pater
2919 5553 3056 5624 ejus,
3105 5548 3451 5626 Leovigildus

1871 5729 1918 5767 ρ.
1945 5675 2090 5773 ε,ἰο
2123 5718 2175 5764 et
2205 5709 2286 5763 ιε.

261 5725 284 5750 ει
319 5712 649 5777 Pontificale,
680 5729 726 5768 c.
758 5715 812 5769 8.
843 5713 936 5769 Est
964 5711 1122 5784 Sixt.|
1871 5729 1918 5767 c.
1945 5711 1996 5773 8,
2029 5711 2090 5764 I0
2123 5718 2175 5764 et
2205 5711 2286 5763 I2.

261 5782 286 5820 ι’
331 5782 544 5838 Ilieron.
580 5785 645 5840 dc
689 5784 887 5848 Script.
939 5785 1083 5840 Eccl.
1131 5801 1180 5841 c.
1207 5785 1296 5839 ‘22.
1350 5784 1544 5839 Euseb.
1601 5783 1634 5837 Ι.
1686 5799 1760 5848 tv,
1943 5794 1962 5819 ε
2013 5781 2141 5834 Vide
2172 5777 2405 5834 libellum
2437 5779 2500 5833 de
2528 5778 2673 5834 Fest.
2710 5776 2894 5848 Apost.

261 5782 286 5820 ι’
331 5782 544 5838 Ilii-ron.
580 5785 645 5840 de
689 5784 887 5855 Script.
939 5782 1296 5841 Ecclﬁcﬂ‘l.
1350 5784 1544 5839 Euseb.
1601 5783 1634 5837 I.
1686 5799 1760 5849 tv,
