3962 6366
549 401 652 457 2i?

1533 411 1590 467 S.
1630 410 1880 471 ADONIS
1917 416 2338 473 ARCIIIEPISC.
2382 417 2783 479 VIENNENSIS

3693 434 3807 491 248

548 515 805 583 Arianus,
832 516 1133 577 Gothorum
1156 534 1268 586 rex,
1300 524 1370 577 ob
1411 522 1533 579 lidei
1567 523 1859 583 Catholicae
1902 529 2117 585 confes-
2146 531 2195 591 Α
2222 536 2279 584 et
2304 530 2576 601 rapientes
2608 533 2661 587 in
2685 550 2840 591 suum
2875 537 3207 593 territorium
3239 540 3649 598 transtulerunt.
3690 544 3805 600 la-

549 609 775 676 sionem,
804 611 1269 685 inexpugnabilem
1295 617 1500 684 videns,
1525 618 1577 673 in
1601 634 1896 687 carcerem,
1920 631 1976 677 et
1997 622 2117 677 vin-

549 700 672 757 cula
720 701 982 772 coniecit;
1021 705 1108 761 ubi
1140 715 1295 761 nocte
1339 717 1525 765 sancta
1551 709 1844 768 Dominicae
1869 726 2114 768 resurre-

546 793 762 859 ctionis,
781 793 934 864 jussu
975 798 1163 868 perﬁdi
1186 798 1373 869 patris,
1403 801 1576 857 securi
1612 817 1901 877 percussus
1932 804 1985 859 in
2028 819 2119 860 ca-

545 883 678 955 pite,
705 902 927 958 regnum
956 889 1174 945 cteleste
1196 905 1295 961 pro
1326 899 1562 958 terreno,
1593 909 1685 949 rex
1716 902 1771 950 et
1795 904 2000 967 martyr
2035 896 2115 951 in-

549 978 727 1033 travit.
776 977 975 1035 Scribit
1009 982 1197 1043 beatus
1236 982 1377 1059 Papa
1404 984 1694 1057 Gregorius
1739 986 1797 1058 (l.
1832 1003 1889 1043 Ill
1946 987 2111 1052 Dial.,

544 1080 596 1122 c.
619 1067 731 1139 51).

930 1163 990 1217 F.
1021 1163 1183 1220 XVIII
1223 1165 1517 1224 KALEND.
1560 1168 1722 1227 MAII.

1199 1259 1289 1330 (tt
1318 1261 1471 1332 Apr.)

610 1360 797 1419 Romae
823 1364 907 1420 via
934 1366 1130 1438 Appia,
1161 1369 1215 1424 in
1252 1354 1564 1430 cmmeterio
1592 1373 1924 1444 Praetextati,
1956 1385 2113 1443 nata-

538 1452 606 1508 lis
640 1462 947 1512 sanctorum
984 1466 1281 1531 martyrum
1308 1462 1557 1531 Tiburtii,
1586 1464 1877 1535 Valeriani,
1921 1477 1978 1523 et
2002 1468 2111 1524 Ma-

539 1545 671 1600 ximi
698 1556 723 1586 ι
753 1545 853 1602 sub
878 1547 1159 1607 Almachio
1197 1552 1453 1622 prtefecto
1497 1570 1725 1626 quorum
1757 1558 1916 1629 primi
1956 1556 2112 1614 fusti-

539 1634 643 1690 bus
676 1636 821 1702 (επεὶ,
848 1644 903 1693 et
927 1638 1103 1709 gladio
1136 1651 1263 1697 sunt
1285 1645 1524 1712 percussi
1554 1644 1644 1717 (22
1670 1646 1854 1718 Nam),
1887 1646 2112 1704 ultimus

540 1734 652 1780 tam
692 1726 784 1782 diu
837 1728 904 1784 ad
935 1729 1238 1801 plumbatas
1278 1734 1594 1791 verberatus
1640 1737 1810 1794 donec
1859 1739 2107 1808 spiritum

538 1818 807 1877 redderet.

607 1908 948 1978 Interamnxc,
976 1914 1148 1968 sancti
1173 1914 1386 1972 Proculi
1415 1919 1682 1989 martyris.

606 1997 738 2053 Item
783 2010 983 2057 sanctae
1007 2002 1226 2059 Domnte
1257 2005 1507 2077 virginis,
1538 2023 1661 2065 cum
1690 2011 1853 2067 sociis
1880 2012 2104 2082 virgini-

535 2089 640 2145 bus
664 2101 957 2149 coronatae.

607 2181 760 2252 Apud
790 2183 1192 2254 Alexandriam,
1239 2191 1409 2247 sancti
1434 2190 1725 2249 Frontonis
1752 2194 1982 2259 abbatis,
2007 2212 2103 2252 cu-

536 2271 621 2341 ius
652 2274 759 2329 vita
788 2276 994 2332 exstitit
1022 2280 1310 2337 sanctitate
1338 2291 1392 2337 et
1419 2283 1694 2340 miraculis
1721 2284 1976 2357 gloriosa.

932 2408 997 2464 G.
1045 2407 1182 2466 XVII
1222 2408 1512 2469 KALEND.
1557 2412 1717 2470 MAI].

1186 2501 1278 2574 (t5
1308 2503 1461 2577 Apr.)

608 2610 664 2665 In
698 2612 916 2668 civitate
939 2612 1194 2679 Cordnla,
1222 2614 1417 2685 natalis
1444 2626 1753 2685 sanctorum
1774 2619 2104 2696 Olympiadis

530 2714 587 2761 et
605 2699 824 2755 Maximi
865 2700 892 2740 δ
929 2700 1209 2768 nobilium,
1253 2703 1343 2779 qui
1387 2703 1614 2774 iubente.
1649 2705 1811 2763 Decio
1876 2707 2106 2764 fustibus

530 2791 679 2850 caesi.
708 2798 765 2845 ct
790 2789 980 2846 deinde
1009 2790 1320 2861 plumbatis,
1347 2796 1414 2849 ad
1438 2794 1684 2851 ultimum
1716 2797 1892 2867 capita
1915 2813 2102 2854 eorum

530 2881 813 2941 securibus
849 2888 1021 2948 tonsa,
1050 2883 1222 2938 donec
1247 2884 1558 2942 emitterent
1584 2887 1854 2957 spiritum.

603 2969 736 3025 Item
764 2970 817 3025 in
842 2970 1115 3042 Hispaniis
1139 2973 1229 3043 (l0
1252 2972 1411 3046 Aug.)
1434 2964 1651 3031 civitate
1670 2977 2101 3049 Caesaraugusta,

532 3057 727 3112 natalis
760 3069 1068 3115 sanctorum
1096 3062 1393 3118 octodecim
1421 3072 1739 3137 martyrum,
1768 3067 1971 3139 Optati,
2001 3069 2106 3124 Lu-

532 3149 705 3217 perci,
737 3149 1009 3216 Successi,
1058 3150 1338 3218 Martialis,
1393 3153 1617 3219 Urbani,
1667 3155 1837 3221 Iulii,‘
1867 3158 2105 3225 Quincti-

2223 634 2413 676 ronem
2454 633 2654 688 autem,
2704 625 2872 682 misso
2931 629 3108 685 amico
3150 645 3268 696 suo,
3318 633 3536 688 nomine
3574 633 3800 707 Turgio,

2214 711 2379 781 jussit
2424 714 2564 770 idem
2605 717 2930 774 Aurelianus
2976 719 3122 786 duci,
3170 729 3226 775 et
3269 735 3402 778 saxo
3454 723 3659 794 ingenti
3707 740 3806 796 op-

2220 803 2401 873 primi.
2436 803 2541 860 Sed
2575 815 2888 879 protegente
2914 808 3162 876 Domino,
3191 810 3245 865 in
3276 811 3421 867 nullo
3449 826 3574 868 eum
3601 812 3803 870 laedere

2221 903 2531 961 potuerunt.
2579 894 2748 962 Quem
2785 897 3090 954 consularis
3133 909 3355 970 accepto
3404 899 3475 955 ab
3498 900 3801 959 Aureliam

2218 993 2488 1054 praecepto
2526 984 2818 1054 interfecit,
2845 1003 3148 1061 corpusque
3190 988 3306 1059 ejus
3333 989 3681 1049 Christianus
3705 1008 3802 1063 po-

2218 1072 2378 1142 pulus
2407 1075 2606 1145 rapuit,
2637 1085 2692 1132 et
2722 1079 2992 1151 condigne
3013 1082 3218 1137 honore
3239 1084 3503 1153 sepelivit.

2638 1189 2704 1243 Α.
2738 1188 2855 1247 XVI
2881 1192 3177 1249 KALEND.
3208 1195 3373 1252 MAII.

2871 1285 2961 1355 (16
2989 1284 3143 1356 Apr.)

2287 1390 2439 1461 Apud
2478 1391 2817 1461 Corinthum,
2841 1394 3046 1451 Callisti
3076 1403 3132 1453 et
3165 1396 3358 1456 Carisii
3386 1413 3509 1456 cum
3537 1398 3665 1459 aliis
3711 1417 3796 1459 se-

2213 1491 2384 1553 ptem,
2414 1485 2656 1541 omnium
2688 1486 2741 1541 in
2766 1501 2918 1543 mare
2944 1503 3267 1545 mersorum.

2639 1597 2699 1653 Β.
2726 1598 2822 1653 XV
2859 1599 3155 1656 KALEND.
3198 1600 3364 1657 MAII.

2865 1688 2951 1761 (l7
2976 1690 3128 1762 Apr.)

2281 1796 2439 1869 Apup
2459 1798 2726 1867 Africam,
2754 1800 2935 1857 natale
2963 1799 3022 1857 S.
3050 1800 3353 1873 Mappalici,
3383 1804 3475 1874 qui
3512 1818 3642 1860 cum
3669 1805 3791 1863 aliis

2134 1898 2183 1959 Β
2208 1886 2453 1958 pluribus
2481 1891 2740 1961 martyrio
2767 1900 3058 1947 coronatus
3085 1900 3189 1948 est.
3221 1892 3424 1949 Scribit
3463 1894 3525 1949 Β.
3548 1893 3787 1967 Cmpria-

2208 1995 2311 2037 nus
2333 1980 2360 2021 «ι
2395 1982 2447 2036 in
2488 1983 2714 2054 epistola
2744 1985 2815 2040 ad
2843 1993 3111 2057 martyres
3148 1994 3205 2041 et
3231 1986 3571 2045 confessores
3594 1988 3673 2045 de
3698 1989 3785 2046 illo

2207 2070 2310 2127 hoc
2338 2072 2526 2129 modo:
2562 2071 2674 2128 Vox
2695 2075 2850 2145 plena
2877 2074 3078 2146 Spiritu
3103 2073 3159 2132 S.
3183 2076 3248 2132 de
3270 2078 3518 2149 martyris
3542 2095 3635 2133 ore
3658 2095 3783 2149 pro-

2206 2161 2368 2232 rupit,
2385 2179 2502 2217 cum
2518 2160 2846 2235 Happalicus
2868 2165 3195 2239 beatissimus
3217 2168 3354 2222 inter
3371 2169 3643 2223 cruciatus
3662 2185 3784 2223 suos

2203 2250 2504 2321 proconsuli
2529 2251 2721 2307 diceret
2741 2269 2760 2306 :
2784 2252 2996 2310 Videbis
3023 2270 3141 2309 cras
3169 2270 3407 2326 agonem.
3438 2255 3506 2309 Et
3527 2257 3675 2326 quod
3697 2257 3785 2312 ille

2205 2355 2324 2393 cum
2352 2340 2561 2396 virtutis
2582 2358 2645 2396 ac
2665 2342 2791 2411 ﬁdei
2817 2343 3110 2399 testimonio
3134 2344 3290 2410 dixit,
3315 2343 3574 2400 Dominus
3600 2345 3785 2416 imple-

2205 2433 2296 2486 vit.
2326 2432 2477 2504 Agon
2497 2432 2716 2490 caelestis
2753 2435 3031 2503 exlribitus,
3061 2444 3109 2491 et
3138 2434 3233 2491 Dei
3274 2452 3455 2491 servus
3500 2438 3557 2491 in
3597 2439 3783 2508 agonis

2202 2523 2445 2592 promissi
2494 2524 2773 2580 certamine
2810 2536 3090 2581 coronatus
3137 2535 3235 2581 est.
3284 2526 3354 2582 Et
3400 2536 3523 2598 post
3564 2544 3779 2599 pauca:

2210 2610 2364 2680 Hunc
2408 2613 2569 2684 igitur
2606 2630 2828 2685 agonem
2877 2632 2971 2685 per
3004 2617 3279 2688 prophetas
3317 2628 3438 2673 ante
3471 2619 3782 2690 prwdictuns

2203 2718 2295 2773 per
2351 2700 2634 2758 Dominum
2690 2706 3068 2772 commissum,
3115 2723 3208 2777 per
3265 2707 3529 2778 apostolos
3557 2718 3781 2778 gestum,

2208 2792 2536 2865 Mappalicus
2576 2806 2745 2853 suaet
2779 2796 3096 2871 collegarum
3143 2815 3358 2859 suorum
3402 2800 3634 2865 nomine,
3664 2816 3784 2871 pro-

2207 2886 2411 2941 consuli
2457 2889 2792 2957 repromisit:
2816 2905 2926 2943 nec,
2953 2887 3140 2959 fefellit
3170 2890 3226 2944 in
3266 2890 3522 2960 promisso
3555 2906 3659 2944 suo
3686 2904 3783 2947 eos

2205 2977 2375 3047 ﬁdelis
2396 2995 2418 3045 ;
2437 2995 2666 3050 pugnam
2692 2996 2850 3051 quam
2875 2980 3171 3051 spopondit,
3196 2979 3445 3047 exhibuit,
3473 2990 3523 3035 et
3546 2980 3779 3050 palmam

2205 3086 2364 3142 quam
2388 3071 2601 3139 meruit,
2631 3073 2848 3142 accepit.
2873 3071 3044 3126 Istum
3078 3088 3215 3125 nunc
3240 3071 3597 3126 beatissimum
3632 3087 3778 3126 mar-

2206 3171 2401 3232 tyrem,
2452 3170 2501 3217 et
2539 3161 2670 3217 alios
2709 3163 2987 3233 participes
3035 3163 3268 3233 ejusdem
3310 3163 3700 3234 congressionis
3732 3173 3780 3218 et

533 3238 688 3303 Iiani,
729 3239 901 3295 Publii
931 3241 1252 3308 Frontonis,
1304 3243 1518 3311 Felicis,
1571 3246 1864 3321 Caeciliani,
1924 3249 2098 3318 Evoti,
2129 3251 2175 3315 C
2208 3257 2439 3323 comites,
2466 3257 2522 3312 in
2548 3256 2652 3326 fide
2679 3256 2911 3323 stabiles,
2938 3257 2992 3311 in
3021 3256 3200 3313 dolore
3234 3259 3508 3328 patientes,
3534 3258 3596 3312 in
3634 3275 3775 3329 quc-

532 3328 832 3393 Primitivi,
883 3330 1177 3401 Apodemi,
1225 3341 1282 3393 et
1332 3334 1663 3404 reliquorum
1712 3347 1963 3411 quatuor,
2011 3344 2102 3411 qui

532 3432 724 3475 omnes
751 3417 1028 3477 Saturnini
1055 3424 1225 3488 vocati
1256 3424 1579 3490 referuntur.
2044 3418 2049 3425 δ

599 3510 756 3580 Apud
788 3509 1018 3578 Italiam,
1051 3513 1228 3572 natale
1257 3524 1567 3580 sanctorum
1597 3529 1894 3593 martyrum
1927 3523 2101 3579 Maro-

531 3600 615 3655 nis
642 3600 984 3673 Eutychetis,
1011 3613 1067 3675 et
1092 3604 1350 3673 Victorini
1375 3620 1397 3651 ο
1427 3625 1439 3662 :
1462 3610 1552 3679 qui
1584 3625 1705 3673 eum
1739 3613 1895 3669 beata
1919 3613 2100 3674 Flavia

531 3688 803 3759 Domitilla
849 3693 991 3763 apud
1033 3694 1264 3762 insulam
1287 3695 1536 3763 Pontiam
1581 3699 1798 3772 longum
1844 3703 2101 3764 ducentes

528 3783 798 3853 exsilium,
822 3800 1054 3857 eamque
1085 3788 1138 3843 in
1158 3788 1357 3846 Christi
1378 3791 1716 3850 confessione
1741 3796 1832 3864 pio
1858 3795 2101 3854 foventes

528 3876 749 3943 solatio,
790 3878 988 3932 invidia
1019 3888 1181 3950 atque
1212 3882 1565 3941 insectatione
1588 3885 1863 3944 Aureliani
1894 3890 2097 3960 sponsi,

528 3976 581 4020 ct
602 3969 968 4036 persecutoris
995 3968 1135 4047 ejus,
1159 3986 1319 4041 quem
1354 3973 1445 4028 illa
1471 3975 1540 4031 ob
1561 3974 1834 4035 Christum
1865 3991 2103 4039 contem-

529 4068 736 4128 pserat,
784 4062 1123 4129 postmodum
1169 4078 1200 4117 a
1242 4065 1482 4136 principe
1525 4066 1699 4125 Nerva
1735 4072 1908 4128 eidem
1930 4074 2101 4132 Aure—

530 4148 678 4203 liano
718 4149 771 4204 in
811 4150 1129 4207 servitutem
1174 4155 1356 4217 traditi
1391 4167 1532 4214 sunt.
1575 4160 1721 4228 Quos
1751 4163 1838 4220 ille
1864 4166 2098 4234 primum

528 4238 684 4306 quasi
733 4254 917 4296 servos
939 4255 1036 4312 per
1064 4257 1159 4298 sua
1182 4246 1382 4320 praedia
1419 4248 1657 4322 singulos
1685 4254 1889 4322 divisit,
1914 4258 2100 4326 jussit-

527 4343 632 4398 que
658 4344 750 4385 eos
782 4338 979 4388 terram
1009 4331 1194 4390 fodere
1221 4351 1318 4406 per
1345 4347 1511 4401 totum
1536 4340 1700 4419 diem,
1729 4345 1796 4400 ad
1818 4362 2097 4418 vesperam

528 4434 658 4475 vero
701 4421 1021 4478 cantabrum
1053 4426 1399 4483 manducare.
1451 4428 1653 4487 Deinde
1684 4448 1804 4508 cum
1837 4436 2098 4506 plurimos

528 4512 595 4565 ad
632 4511 792 4568 [idem
821 4512 1023 4570 Christi
1054 4526 1449 4584 converterent,
1488 4530 1543 4576 et
1573 4523 1828 4597 populum
1872 4528 2095 4585 creden-

529 4602 661 4658 tium
692 4606 1033 4678 ampliarent,
1076 4611 1314 4681 repletus
1366 4613 1444 4668 ira
1497 4629 1527 4668 a
1555 4615 1790 4683 diabolo,
1827 4619 1976 4687 misit
2002 4623 2094 4695 qui
2121 4600 2174 4661 ἶ)

529 4696 680 4751 vario
721 4714 917 4769 genere
944 4716 1229 4772 poenarum
1269 4704 1639 4774 interﬁcerent
1673 4722 1787 4771 eos.
1831 4711 1967 4787 Nam
1988 4713 2096 4783 Eu-

530 4786 708 4844 tichcn
746 4788 799 4844 in
827 4791 1005 4846 media
1030 4793 1117 4847 via
1149 4802 1255 4849 tam
1289 4796 1378 4866 diu
1410 4798 1539 4854 caedi
1563 4795 1750 4867 jussit,
1781 4801 1954 4873 donec
1988 4805 2098 4874 spi-

530 4879 692 4943 ritum
715 4880 1013 4947 exhalaret.
1068 4884 1235 4955 Cujus
1258 4902 1455 4959 corpus
1486 4889 1661 4959 rapuit
1688 4891 1917 4961 populus
1944 4892 2098 4949 Chri-

527 4969 847 5035 stianorum.
903 4971 1239 5041 Victorinum
1282 4992 1411 5032 vero
1448 4980 1590 5048 apud
1624 4995 1747 5047 eum
1796 4982 1972 5039 locum
2005 4984 2097 5054 qui

526 5060 750 5117 Cotilias
799 5062 1116 5134 appellatur,
1153 5067 1241 5129 ubi
1279 5077 1531 5139 patentes
1577 5086 1730 5143 aquae
1762 5083 2016 5139 entanant
2044 5087 2099 5133 et

527 5148 847 5219 sulphurea},
872 5153 1047 5224 capite
1069 5155 1319 5227 deorsum
1340 5174 1439 5229 per
1460 5161 1624 5217 horas
1646 5171 1756 5219 tres
1779 5180 2097 5241 suspensum

526 5242 699 5298 teneri
736 5241 916 5311 jussit.
970 5245 1123 5315 Quod
1169 5264 1291 5317 cum
1341 5267 1436 5321 per
1483 5254 1717 5310 triduum
1751 5272 1849 5327 pro
1883 5259 2099 5325 nomine

526 5336 727 5392 Christi
758 5354 949 5408 passus
977 5340 1189 5409 luisset,
1219 5345 1470 5415 migravit
1506 5347 1571 5402 ad
1597 5348 1902 5405 Dominum.
1931 5352 2096 5407 Cum-

526 5445 633 5499 que
667 5446 773 5486 una
798 5431 885 5486 die
904 5432 1061 5503 jussu
1090 5435 1364 5501 Aureliani
1393 5452 1587 5511 corpus
1617 5438 1733 5507 ejus
1762 5441 2096 5498 inhumatum

520 5519 813 5596 iacuisset,
844 5534 1108 5598 venerunt
1131 5526 1537 5587 Amiternenses
1565 5531 1744 5605 populi
1783 5531 2097 5600 Christiani,

600 5670 625 5697 ι
665 5658 740 5714 De
766 5659 872 5726 his,
901 5662 954 5715 in
981 5663 1149 5726 gestis
1172 5664 1422 5720 Czeciliae.

606 5727 633 5766 ι)
672 5727 878 5795 Deliis,
902 5731 955 5785 in
984 5727 1105 5788 Vita
1142 5733 1200 5787 S.
1232 5734 1527 5792 Laurentii.

602 5809 622 5837 ε
666 5796 741 5855 De
770 5798 873 5866 his,
913 5802 964 5857 in
993 5801 1111 5859 Vita
1144 5803 1300 5861 Nerei
1339 5816 1388 5862 et
1416 5807 1661 5865 Achillei.

2205 3347 2371 3402 stione
2396 3348 2635 3415 victores,
2659 3358 2714 3403 ut
2735 3350 2907 3404 ca'teri
2928 3365 3130 3421 quoque
3165 3349 3428 3404 sectemini
3452 3359 3499 3404 et
3532 3359 3660 3418 opto
3688 3366 3779 3419 po-

2204 3438 2332 3492 riter
2367 3448 2416 3492 et
2453 3440 2738 3493 exhortor:
2777 3448 2833 3493 ut
2862 3456 2991 3510 quos
3031 3440 3291 3494 vinculum
3329 3440 3698 3510 confessionis,
3729 3448 3776 3494 et

2202 3530 2483 3600 hospitium
2526 3532 2751 3586 carceris
2787 3530 2946 3586 simul
2978 3531 3199 3601 junxit,‘
3215 3531 3407 3601 jungat
3453 3531 3615 3586 etiam
3659 3545 3780 3584 cono

2203 3620 2482 3675 summatio
2519 3622 2745 3686 virtutis,
2770 3632 2818 3675 et
2844 3637 3035 3676 corona
3069 3621 3304 3675 celestis.

2274 3710 2428 3779 Apud
2443 3711 2806 3776 Antiochiam,
2838 3711 3031 3767 natalis
3060 3718 3369 3767 sanctorum
3392 3711 3534 3769 Petri
3560 3708 3777 3769 diaconi

2202 3810 2256 3854 et
2283 3798 2654 3870 Hermogenis.

2271 3886 2423 3960 Apud
2441 3889 2730 3956 Viennam,
2761 3890 2933 3946 sancti
2951 3890 3269 3964 Pantagathi
3298 3893 3554 3963 episcopi.

2581 4002 2643 4058 C.
2686 4002 2801 4059 XIV
2841 4002 3208 4062 KALENDAS
3246 4005 3409 4060 MAII.

2851 4096 2941 4167 (I8
2968 4097 3121 4169 Apr.)

2270 4186 2425 4257 Apud
2449 4186 2750 4244 Messanam
2787 4189 2910 4261 tal.,
2932 4188 3213 4261 Misenam]
3247 4190 3454 4261 Apulia:
3471 4192 3778 4260 civitatem,

2201 4277 2398 4333 natalis
2418 4286 2727 4333 sanctorum
2777 4288 3076 4351 martyrum
3096 4280 3396 4336 Eleutherii
3420 4281 3690 4352 episcOpi,
3725 4294 3779 4339 et

2198 4367 2411 4423 Antbim
2455 4367 2574 4440 Lal.,
2603 4368 2926 4443 Evanthiaa.]
2983 4372 3174 4428 matris
3220 4370 3383 4440 ejus:
3430 4373 3520 4442 qui
3570 4362 3779 4431 beatus

2199 4460 2484 4531 episcopus
2511 4475 2637 4516 cum
2678 4468 2827 4518 esset
2869 4471 2925 4519 et
2955 4462 3314 4518 sanctimonia
3347 4462 3491 4529 vitze,
3520 4471 3576 4519 et
3600 4464 3779 4520 mira-

2199 4550 2442 4606 culorum
2483 4550 2682 4607 virtute
2722 4551 2970 4619 illustris,
3015 4554 3117 4609 sub
3142 4553 3379 4610 Adriano
3419 4554 3693 4625 principe,
3727 4556 3779 4610 in

2200 4639 2553 4696 concessione
2580 4639 2801 4707 Christi,
2826 4640 3025 4696 lectum
3051 4640 3287 4699 ferreum
3331 4642 3578 4713 ignitum,
3602 4645 3777 4700 crati-

2199 4730 2396 4797 culam,
2424 4739 2479 4787 et
2520 4733 2846 4803 sartaginem
2872 4733 3022 4799 oleo,
3074 4735 3196 4803 pice
3224 4750 3290 4791 ac
3331 4735 3511 4791 resina
3553 4734 3778 4792 ferven-

2201 4834 2656 4892 tem,‘superans,
2705 4822 2951 4880 leonibus
2997 4839 3212 4894 quoque
3257 4826 3551 4896 proiectus,
3579 4826 3682 4882 sed
3711 4826 3778 4882 ab

2200 4918 2285 4973 his
2313 4915 2531 4981 ill-.csus,
2582 4915 2894 4982 novissime,
2944 4931 3050 4971 una
3099 4933 3222 4973 cum
3251 4926 3447 4986 matre,
3474 4917 3654 4989 gladio
3689 4918 3778 4990 ju-

2202 5009 2437 5079 gulatur.

2276 5097 2522 5166 (Euseb.,
2564 5097 2659 5153 lib.
2688 5112 2744 5163 v,
2796 5095 3080 5164 c.20,2l,
3107 5096 3347 5169 RulliniL)
3403 5097 3538 5154 Item
3582 5098 3777 5155 eodem

2205 5191 2292 5245 die
2315 5189 2518 5256 Romae,
2557 5189 2731 5245 sancti
2757 5188 3027 5258 Apollonii
3053 5175 3334 5255 senatoris,
3361 5190 3453 5261 qui
3487 5190 3587 5246 sub
3609 5188 3779 5246 Com-

2206 5281 2364 5337 modo
2409 5281 2651 5350 principe
2696 5295 2727 5335 a
2768 5293 2924 5336 servo
2964 5281 3209 5350 proditus
3247 5280 3391 5350 quod
3438 5279 3780 5336 Christianus

2204 5377 2366 5433 esset,
2396 5369 2688 5439 imperatus
2712 5376 2774 5422 ut
2798 5368 3060 5433 rationem
3087 5369 3208 5428 ﬁdei
3244 5384 3356 5425 sua:
3383 5369 3651 5436 redderet,
3696 5371 3780 5425 in-

2203 5458 2354 5527 signe
2393 5456 2640 5512 volumen
2666 5457 2989 5526 composuit,
3017 5459 3162 5529 quod
3206 5459 3265 5517 in
3298 5467 3493 5516 senatu
3523 5457 3671 5529 legit.
3711 5458 3781 5514 Et

2203 5549 2552 5605 nihilominus
2591 5550 2860 5606 sententia
2908 5560 3149 5618 senatus,
3194 5565 3292 5621 pro
3335 5551 3554 5608 Christo
3600 5550 3780 5620 capite

2277 5680 2301 5717 ἀ
2343 5681 2529 5759 Cypr._,
2561 5681 2717 5759 epist.
2746 5684 2799 5738 9.
2861 5684 2990 5739 Item
3017 5682 3266 5753 Luciani,
3312 5684 3484 5758 Epist.
3514 5684 3609 5752 22,
3637 5685 3777 5759 apud

2206 5751 2452 5809 eumdem
2483 5752 2547 5805 de
2569 5752 2749 5808 sociis.
