3962 6366
144 377 272 434 249

797 368 1398 426 MARTYROLOGIUM
1435 369 1579 426 οωι
1619 368 2154 428 ADDI'l'AMENTIS.
2178 403 2244 419 -ι
2287 374 2495 432 MENS.
2535 376 2762 432 APRIL.

3325 397 3435 458 250

146 496 455 543 truncatus
479 493 593 540 est:
625 482 794 536 veleri
838 486 978 564 apyd
1006 495 1100 536 eos
1131 480 1408 536 obtinente
1437 479 1574 548 lege,
1621 481 1745 534 abs-
1777 481 1823 538 A
1853 481 1905 536 in
1930 481 2131 537 Christi
2177 487 2486 541 testimonio
2537 487 2825 543 immobilis
2870 489 3200 557 persisteret,
3239 492 3432 562 jussus

147 592 269 647 que
305 576 588 646 negatione
616 588 722 627 non
744 571 939 626 dimitti
965 571 1320 635 Christianos,
1349 570 1440 639 qui
1485 569 1655 625 semel
1681 570 1750 624 ad

148 681 360 722 eorum
378 664 642 733 judicium
668 662 924 731 pertracti
951 670 1157 716 essent.

225 755 298 810 In
326 754 574 809 Laubaco
603 751 932 807 monasterio
973 751 1233 805 transitus
1274 749 1449 805 sancti
1479 748 1747 814 Ursmari,

150 843 407 914 episcOpi
438 851 493 896 et
518 839 866 896 confessoris.
895 825 930 858 ⁵

596 954 659 1008 D.
700 951 812 1006 XIII
848 949 1143 1007 KALEND.
1174 951 1336 1006 MAII.

826 1044 917 1114 (A19
947 1043 1098 1114 Apr.)

226 1139 294 1195 In
322 1135 611 1203 Armenia,
630 1134 844 1189 civitate
889 1132 1150 1198 Militana,
1199 1131 1394 1186 natalis
1436 1139 1747 1186 sanctorum

155 1229 540 1299 Ilerinogenis,
571 1226 705 1291 Caii,
738 1225 1004 1296 Expediti,
1029 1224 1341 1290 Aristonici,
1368 1223 1510 1289 Rufi,
1535 1222 1746 1298 Galate,

157 1339 272 1377 una
301 1322 390 1376 die
418 1328 826 1376 coronatorum.

233 1416 580 1472 Caucoliberi
633 1413 940 1485 Hispaniae,
1003 1415 1198 1470 natalis
1261 1415 1432 1474 sancti
1477 1415 1745 1475 Vincentii

159 1507 449 1575 martyris.

236 1597 393 1667 Apud
422 1595 760 1660 Corinthum,
803 1595 974 1654 sancti
1006 1594 1264 1662 Timonis,
1294 1595 1360 1652 de
1391 1595 1495 1658 illis
1539 1603 1743 1666 septem

167 1689 488 1748 diaconibus
516 1687 709 1759 primis
732 1685 870 1757 (Act.
901 1686 1000 1756 vt).

593 1819 656 1873 E.
697 1818 789 1873 XII
830 1817 1124 1873 KALEND.
1158 1817 1322 1873 MAII.

821 1909 912 1980 (eo
940 1909 1090 1979 Apr.)

239 2005 447 2068 Romae,
479 2001 654 2058 sancti
687 2001 921 2056 Victoris
969 2000 1224 2070 episcopi,
1273 2000 1364 2068 qui
1413 2000 1606 2055 tertius
1651 2000 1744 2053 de-

169 2097 342 2151 cimus
384 2105 507 2165 post
559 2095 776 2148 beatum
829 2091 1051 2146 Petrum
1111 2103 1137 2130 ι
1167 2130 1182 2155 ,
1244 2091 1380 2145 rexit
1443 2090 1740 2145 Ecclesiam

1854 582 1936 627 est
1963 590 2086 628 cum
2116 577 2367 631 omnibus
2398 579 2600 646 pariter
2630 579 2882 634 decollari
2910 596 2926 635 :
2957 581 3032 635 ita
3076 591 3135 638 ut
3162 598 3287 638 cum
3318 599 3424 639 cae-

1855 667 1953 720 teri
1979 667 2374 736 jugularentur,
2401 678 2627 730 astaret.
2653 679 2705 726 et
2745 672 2860 744 ipse
2883 673 3102 730 ultimus
3129 677 3428 732 trucidare-

1854 764 1959 809 tur.
2009 755 2252 825 Cumque
2292 773 2482 814 omnes
2509 761 2608 814 sub
2639 758 2756 828 ejus
2797 771 3018 830 aspectu
3066 763 3426 832 caederentur,

1851 854 1906 900 et
1959 845 2044 900 ille
2099 846 2338 918 singulos
2382 850 2621 918 paternis
2663 852 3133 907 exhortationibus
3176 853 3428 910 alacriter

1851 935 2220 999 confortaret,
2261 948 2503 992 extremo
2550 938 2754 994 lictoris
2798 941 2904 994 ictu
2951 951 3006 995 et
3056 942 3172 1011 ipse
3212 958 3428 999 occum-

1848 1027 2004 1092 bcns,
2053 1029 2286 1097 palmam
2334 1030 2576 1100 martyrii
2627 1031 2849 1099 adeptus
2896 1041 2996 1086 est.
3053 1033 3186 1089 Erat
3243 1043 3426 1094 autem

1849 1129 1998 1174 sexta
2047 1119 2178 1174 feria
2211 1121 2522 1189 septimanaa
2549 1120 2767 1188 majoris
2803 1123 2854 1176 in
2882 1138 2986 1192 qua
3013 1132 3140 1178 ante
3166 1125 3427 1181 Resurre-

1848 1211 2046 1266 ctionis
2066 1210 2412 1265 festivitatem
2443 1227 2618 1268 annua
2641 1212 2839 1274 Christi
2863 1213 3136 1268 Passionis
3163 1215 3424 1269 memoria

1848 1301 2172 1366 celebratur.
2223 1301 2377 1358 Passi
2407 1311 2533 1358 sunt
2563 1318 2684 1357 cum
2720 1318 2785 1358 eo
2827 1305 2990 1360 etiam
3019 1303 3305 1359 Ustazadis
3334 1319 3428 1358 eu-
3502 1349 3508 1357 .

1846 1395 2057 1449 nuchus
2085 1393 2340 1448 nutritius
2364 1394 2505 1464 regis
2534 1402 2586 1447 et
2614 1393 2786 1462 major
2817 1396 2976 1465 regite
2999 1395 3209 1458 domus,
3241 1402 3293 1448 et
3317 1394 3426 1448 Ah-

1847 1483 2008 1548 della,
2043 1495 2204 1553 atque
2227 1484 2484 1550 Ananias,
2517 1484 2852 1539 venerabiles
2880 1499 3038 1539 senes
3063 1500 3078 1548 ;
3105 1493 3160 1538 et
3183 1484 3424 1539 Pusitius

1847 1576 2095 1645 princeps
2126 1574 2396 1629 artificum
2433 1575 2714 1645 regalium,
2747 1591 2811 1631 eo
2845 1577 2987 1646 quod
3018 1577 3204 1630 videns
3234 1575 3426 1645 praefa-

1850 1674 1958 1718 tum
1995 1679 2176 1720 senem
2199 1664 2464 1718 Anauiam
2488 1665 2587 1718 sub
2611 1665 2716 1718 ictu
2747 1665 2904 1732 gladii
2943 1673 3282 1729 trementem,
3325 1679 3422 1719 ex-

1846 1755 2159 1809 clamaverit
2193 1754 2544 1817 confidenter,
2575 1754 2795 1808 dicens:
2837 1753 3141 1817 Paululum,
3172 1770 3205 1808 ο
3233 1769 3419 1819 senex,

1769 1831 1816 1889 Β
1847 1844 2035 1905 claude
2062 1844 2269 1908 oculos.
2298 1853 2352 1898 et
2387 1859 2610 1898 securus
2649 1853 2764 1898 esto
2789 1861 2802 1909 ;
2841 1860 2964 1898 mox
2992 1844 3191 1898 Christi
3219 1843 3425 1898 videbis

1848 1944 2144 2005 aspectum.
2196 1935 2331 1988 Filia
2366 1949 2578 2005 quoque
2606 1933 2843 2004 ejusdem
2870 1934 3058 1990 Pusitii
3089 1935 3240 2006 virgo
3269 1951 3424 1990 sacra

1844 2029 2001 2084 sin'ml
2030 2037 2306 2098 perempta
2333 2037 2434 2082 est.

1913 2120 2067 2190 Apud
2097 2120 2502 2184 Alexandriam,
2535 2119 2730 2175 natalis
2773 2128 3081 2175 sanctorum
3116 2117 3423 2184 Fortunati,

170 2186 323 2239 annis
350 2186 558 2249 decem,
589 2191 646 2238 et
669 2183 770 2238 sub
794 2181 995 2236 Severo
1015 2180 1258 2251 principe
1289 2180 1551 2251 martyrio
1594 2194 1744 2235 coro-

1861 2180 2092 2264 iratoris
2131 2210 2454 2282 presbyteri,
2490 2180 2710 2269 raucis.
2744 2210 2930 2277 Silvii,
2958 2210 3182 2276 Vitalis,
3232 2210 3323 2280 qui
3369 2180 3424 2263 in

166 2286 348 2330 ιιιιιυτ.

239 2364 372 2418 Item
396 2364 602 2430 Romae,
631 2371 939 2419 sanctorum
974 2372 1276 2441 martyrum
1297 2361 1512 2434 Sulpitii
1542 2369 1596 2417 et
1619 2361 1745 2418 Ser-

167 2453 354 2507 viliani
385 2455 434 2518 b,
461 2454 550 2522 qui
578 2453 955 2522 praedicatione
980 2461 1032 2508 et
1056 2452 1329 2507 miraculis
1352 2453 1521 2508 beatte
1551 2452 1747 2506 Flaviae
1783 2453 1792 2458 “

170 2544 459 2599 Domitilla:
485 2547 550 2599 ad
580 2545 734 2599 (idem
758 2543 954 2606 Christi
985 2544 1228 2600 conversi
1267 2553 1392 2597 sunt
1415 2543 1554 2614 (qua:
1581 2543 1744 2597 etiam

175 2649 406 2703 sponsas
428 2651 609 2690 eorum
630 2635 964 2689 Theodoram
990 2643 1044 2688 et
1063 2635 1468 2704 Euphrosynam
1501 2634 1566 2687 ad
1595 2649 1745 2704 spem

174 2729 302 2784 Vitae
341 2737 572 2792 aeternae,
603 2736 654 2782 et
681 2726 1137 2796 perseverantiam
1184 2733 1384 2781 sancta:
1422 2725 1747 2797 virginitatis

169 2821 377 2874 lucrata
427 2816 620 2888 fuerat)
671 2818 1044 2888 persecutione
1092 2816 1320 2879 Taiadi,
1371 2831 1494 2870 cum
1543 2815 1746 2871 nollent

168 2911 326 2972 idolis
377 2908 691 2972 immolare,
745 2924 774 2962 a
817 2907 1070 2978 przefecto
1119 2907 1277 2963 Urbis
1323 2909 1533 2962 Aniano
1571 2908 1749 2976 capite

166 3001 290 3056 caesi
344 3007 487 3054 sunt.
541 2999 778 3066 Quorum
826 3015 1053 3069 corpora
1103 2998 1394 3054 Christiani
1445 2999 1746 3070 rapientes,

168 3097 470 3162 posuerunt
513 3089 569 3143 in
611 3090 814 3159 praedio
856 3104 1069 3156 eorum,
1113 3090 1197 3143 via
1227 3089 1440 3154 Latina,
1491 3089 1745 3155 milliaria

170 3185 428 3240 secundo.

236 3275 423 3345 (Greg.
463 3273 594 3328 Tur.
643 3274 706 3328 de
740 3271 824 3327 Gl.
858 3275 1081 3345 confess.
1132 3288 1251 3346 cap.
1274 3274 1385 3347 69.)
1431 3274 1629 3331 Eodem
1661 3275 1747 3338 die

170 3367 223 3420 in
265 3364 458 3421 Galliis
504 3366 723 3420 civitate
766 3365 1174 3432 Ebredunensi,
1237 3367 1408 3422 sancti
1453 3367 1748 3423 Marcellini

169 3457 333 3528 primi
361 3457 602 3527 ejusdem
633 3457 784 3512 urbis
813 3458 1048 3528 episcopi
1088 3469 1142 3512 et
1171 3459 1519 3524 confessoris,
1547 3459 1637 3528 qui
1668 3459 1748 3519 di-

168 3551 294 3604 vino
318 3547 498 3616 jussu,
529 3562 650 3602 cum
678 3550 878 3603 sanctis
910 3549 1069 3604 sociis
1085 3548 1372 3604 Vincentio
1402 3558 1456 3604 et
1485 3549 1749 3605 Domnino

170 3657 239 3696 ex
268 3641 452 3696 Africa
481 3641 725 3705 veniens,
741 3640 1029 3694 maximam
1059 3648 1266 3708 partem
1291 3639 1506 3708 Alpium
1540 3639 1748 3693 mariti-

177 3748 388 3787 marum
433 3740 486 3787 et
532 3731 698 3802 signis
751 3731 1102 3794 admirandis,
1149 3730 1342 3799 quibus
1381 3745 1549 3800 usque
1587 3729 1749 3784 hodie

172 3823 420 3894 refulget,
458 3827 524 3880 ad
555 3826 711 3880 ﬁdem
738 3825 941 3880 Christi
979 3826 1263 3890 convertit,
1297 3827 1370 3880 ita
1400 3835 1457 3879 ut
1485 3825 1748 3894 baptiste-

171 3917 339 3981 rium,
367 3917 509 3986 quod
541 3917 652 3986 ipse
681 3917 820 3986 apud
855 3917 1132 3986 przefatam
1176 3919 1365 3971 urbem
1409 3915 1669 3980 condidit,
1697 3915 1749 3969 in

170 4008 537 4062 sacrosanctis
562 4007 840 4062 Paschalis
881 4006 1003 4062 festi
1049 4006 1266 4074 vigiliis,
1299 4005 1479 4060 divina
1530 4004 1747 4069 virtute,

165 4097 399 4166 singulis
426 4098 580 4152 annis
609 4098 761 4166 aquis
799 4096 992 4151 subitis
1013 4095 1320 4160 iuundetur,
1349 4102 1402 4148 et
1426 4108 1522 4164 per
1545 4102 1748 4162 septem

165 4187 415 4254 ejusdem
461 4185 816 4240 solemnitatis
864 4185 996 4249 dies,
1045 4183 1218 4254 gratia
1264 4181 1594 4236 exuberante
1631 4196 1751 4250 per-

167 4284 412 4332 maneat.
447 4273 792 4335 Venerabiles
823 4273 953 4328 socii
985 4272 1100 4341 ejus
1133 4272 1272 4343 apud
1297 4271 1627 4326 Diniensium
1662 4286 1753 4324 ur-

169 4369 298 4422 bem
332 4366 553 4433 conditi,
603 4365 850 4437 gloriosis
896 4350 1246 4426 nihilominus
1290 4361 1563 4416 miraculis
1610 4375 1752 4415 com-

168 4460 520 4516 mentiantur.

624 4569 686 4626 F.
717 4569 790 4630 XI
833 4567 1124 4624 KALEND.
1168 4566 1331 4632 MAII.

827 4660 909 4723 (21
944 4659 1093 4730 Apr.)

247 4753 513 4825 (Cassiod.
549 4753 640 4808 lib.
674 4768 712 4806 ιι
738 4751 941 4808 Hister.
973 4749 1118 4821 trip.)
1145 4748 1297 4818 Apud
1324 4745 1620 4811 Persidem,
1650 4761 1749 4799 na-

171 4847 307 4901 talis
352 4845 524 4899 sancti
574 4843 842 4898 Simeonis
890 4843 1130 4914 episcopi
1178 4841 1437 4896 Seleucia:
1484 4847 1538 4894 et
1572 4836 1750 4893 Ctesi-

171 4936 420 5007 phontis,
461 4934 718 5005 regalium
767 4933 1046 4988 civitatum
1075 4932 1200 5001 :qui
1248 4930 1621 5001 persecutione
1649 4927 1751 4982 Sa-

169 5026 328 5099 poris
357 5026 499 5093 regis
527 5025 833 5092 Persarum,
855 5024 1079 5092 jubente
1110 5025 1295 5079 eodem
1338 5032 1582 5093 tyranno,
1607 5035 1754 5075 com-

172 5116 504 5186 prehensus,
534 5114 784 5183 ferroque
816 5122 1064 5177 onustus,
1087 5127 1230 5178 cum,
1249 5111 1448 5181 iniquis
1480 5109 1757 5166 tribunali-

169 5209 284 5263 bus
324 5206 596 5261 exhibitas
641 5207 706 5261 de
749 5205 977 5259 Domino
1005 5204 1130 5259 Jesu
1156 5203 1372 5258 Christo
1420 5217 1550 5257 voce
1585 5199 1754 5254 libera

171 5311 259 5351 ac
277 5296 712 5350 constantissima
754 5303 1074 5359 testaretur,
1111 5292 1344 5362 primum
1374 5289 1632 5345 carcerali
1665 5303 1755 5342 er-

172 5389 396 5462 gastulo
426 5403 550 5444 cum
599 5387 720 5444 aliis
761 5397 996 5452 centum,
1053 5401 1084 5438 e
1123 5383 1316 5455 quibus
1361 5381 1452 5436 alii
1499 5379 1755 5450 epiSCOpi,

173 5481 279 5538 alii
310 5489 465 5536 erant
494 5478 827 5550 presbyteri,
857 5477 944 5530 alii
985 5477 1321 5531 diversorum
1364 5471 1610 5526 ordinum
1654 5469 1760 5524 cle-
1819 5485 1823 5490 '

177 5571 307 5635 rici,
337 5569 494 5639 longo
522 5580 761 5639 tempore
800 5576 1103 5622 maceratus
1133 5573 1230 5620 est.
1284 5563 1602 5628 Novissime,
1637 5577 1757 5616 cum

263 5694 285 5721 ³
331 5681 461 5735 Vide
485 5680 720 5734 libellum
749 5680 816 5733 de
838 5679 1136 5733 Festivitat.
1167 5679 1351 5748 Apost.

263 5755 290 5793 ι»
330 5752 405 5807 De
437 5753 520 5806 his
551 5751 788 5821 ingestis
819 5749 974 5804 Nerei
1004 5749 1227 5804 Achilci.

1845 2312 2062 2355 carcere
2098 2299 2438 2373 quieverunt.

2297 2433 2362 2490 G.
2396 2434 2440 2491 Χ
2480 2433 2776 2490 KALEND.
2809 2434 2973 2491 MAI].

2500 2545 2590 2615 (ea
2619 2545 2773 2616 Apr.)

1919 2649 2102 2704 Romae
2143 2650 2231 2704 via
2256 2650 2452 2720 Appia,
2482 2651 2537 2705 in
2577 2651 2892 2706 cmmeterio
2920 2650 3125 2706 Callisti
3149 2662 3198 2712 ε.
3250 2652 3424 2707 sancti

1847 2740 1962 2796 Caii
2014 2758 2202 2812 papte,
2253 2744 2346 2812 qui
2394 2759 2516 2798 cum
2565 2743 2863 2798 Ecclesiam
2920 2744 3168 2798 undecim
3228 2757 3422 2808 annos,

1848 2847 2064 2886 menses
2108 2841 2360 2902 quatuor,
2390 2833 2505 2888 dies
2553 2833 2832 2887 duodecim
2872 2834 3120 2896 rexisset,
3159 2832 3422 2903 martyrio

1849 2932 2138 2978 cci-enatus
2165 2933 2248 2977 est
2277 2925 2376 2978 sub
2403 2923 2734 2978 Diocletiano
2764 2923 3026 2993 principe.
3053 2921 3246 2976 Frater
3273 2935 3424 2975 nam-

1849 3029 1952 3083 que
1981 3013 2099 3082 ejus
2139 3013 2328 3068 beatus
2352 3012 2614 3068 Gabinius
2656 3015 2962 3083 presbyter,
3005 3014 3057 3066 in
3086 3012 3268 3066 multis
3312 3009 3424 3066 cla-

1850 3104 2078 3158 rissimis
2099 3104 2462 3174 passionibus,
2489 3102 2601 3172 jam
2631 3103 2845 3156 ﬁnierat
2895 3102 3223 3172 triumphum
3253 3101 3425 3156 victo-

1771 3179 1816 3241 C
1849 3194 1943 3247 riae
1969 3209 2098 3258 sure,
2131 3193 2230 3248 sub
2261 3193 2450 3250 eodem
2502 3194 2668 3262 impio
2714 3193 2976 3263 principe,
3008 3192 3292 3248 undecimo
3320 3191 3426 3246 Ka-

1850 3281 2036 3337 lendas
2063 3282 2304 3337 Martias.
2767 3285 2783 3356 ξ

1921 3371 2186 3441 (Cassiod.
2240 3372 2334 3426 lib.
2362 3386 2423 3424 tu
2456 3370 2658 3425 Hister.
2695 3371 2817 3439 trip.
2853 3384 2902 3425 c.
2933 3369 3034 3439 2.),
3067 3367 3221 3438 Apud
3247 3367 3424 3423 Persi-

1850 3465 1990 3528 dem,
2023 3471 2330 3518 sanctorum
2353 3470 2649 3533 martyrum
2680 3461 3055 3531 plurimorum,
3085 3459 3178 3530 qui
3204 3458 3429 3527 jubente

1852 3553 2056 3624 Sapore
2091 3554 2380 3631 Persarum
2425 3569 2588 3624 rege,
2639 3566 2818 3607 annuo
2861 3553 2946 3607 die
2995 3566 3105 3620 quo
3159 3549 3428 3619 passionis

1851 3643 2143 3700 Dominiae
2189 3643 2450 3698 memoria
2501 3643 2827 3707 celebratur,
2859 3657 2955 3712 per
2992 3650 3157 3696 totam
3190 3639 3428 3694 Persidis

1852 3735 2122 3806 regionem
2168 3734 2322 3799 tanti,
2376 3748 2438 3788 ac
2489 3747 2586 3801 pro
2612 3731 2810 3787 Christi
2860 3731 3077 3784 nomine
3120 3728 3298 3798 gladio
3335 3727 3427 3797 ju-

1851 3829 2014 3898 gulati
2042 3838 2187 3882 sunt.
2234 3827 2291 3881 lu
2321 3842 2428 3896 quo
2457 3825 2577 3879 fidei
2615 3824 2912 3879 certamine
2943 3836 3134 3892 passus
3159 3829 3243 3875 est
3273 3819 3428 3876 Meli-

1851 3919 1962 3980 sius
1992 3918 2296 3988 episcopus,
2330 3915 2619 3971 sanctitate
2649 3925 2704 3969 ct
2731 3913 3114 3968 miraculorum
3149 3911 3320 3982 gloria
3349 3910 3430 3963 in-

1851 4009 2056 4080 signis;
2082 4007 2394 4077 Acepsimas
2419 4020 2632 4076 quoque
2658 4004 2942 4075 episcopus
2969 4012 3089 4058 cum
3114 4001 3430 4072 presbytero
3457 4013 3460 4016 ‘

1852 4117 1948 4156 suo
1975 4100 2193 4161 Iacobo,
2226 4109 2280 4156 et
2300 4099 2510 4154 Mareas
2539 4107 2594 4155 et
2618 4098 2772 4152 llicor
2796 4095 3145 4151 nihilominus
3169 4092 3429 4164 episcopi,

1851 4205 1974 4246 cum
2023 4189 2235 4244 clericis
2281 4189 2393 4244 fere
2433 4189 2700 4255 ducentis,
2733 4197 2787 4242 et
2815 4187 3204 4257 quinquaginta
3233 4200 3421 4242 mona-

1853 4281 1992 4345 chis,
2039 4287 2094 4334 et
2123 4278 2352 4334 sacratis
2392 4278 2690 4348 virginibus
2732 4277 3002 4347 plurimis,
3051 4278 3195 4331 inter
3219 4290 3354 4344 quas
3377 4283 3434 4331 et

1855 4371 2125 4425 Simeonis
2172 4369 2408 4439 episcopi
2461 4384 2704 4423 sororem
2757 4367 2978 4423 nomine
3003 4367 3274 4420 Tarbuam
3306 4380 3432 4422 cum

1853 4464 2172 4534 pedissequa
2219 4477 2338 4526 sua,
2368 4461 2644 4530 stipitibus
2686 4459 2988 4529 alligautes,
3025 4470 3284 4527 serraque
3330 4455 3434 4511 tin-

1777 4531 1826 4590 Ῑ)
1854 4531 2063 4619 dentes,
2093 4551 2463 4608 crudelissime
2497 4559 2850 4607 necaverunt.

1924 4643 2123 4698 Eodem
2155 4642 2242 4696 die
2281 4642 2335 4695 in
2362 4639 2594 4696 Cordula
2627 4639 2865 4704 civitate,
2894 4647 3093 4694 natans
3122 4645 3434 4693 sanctorum

1853 4735 2147 4798 Parmenii,
2179 4732 2494 4797 Helimenae,
2535 4742 2592 4786 et
2623 4731 2925 4802 Chrysoteli
2967 4732 3432 4802 presbyterorum,

1855 4835 1910 4881 et
1935 4825 2093 4880 Luca:
2122 4833 2177 4880 et
2201 4823 2352 4878 Μυιῆ
2378 4824 2730 4878 diaconorum
2755 4822 2821 4876 de
2847 4821 3159 4892 Babylonia.
3191 4819 3433 4888 Quorum

1853 4919 2058 4988 primus
2098 4917 2324 4988 prtecisa
2379 4915 2543 4970 etiam
2602 4913 2785 4985 lingua
2837 4915 3176 4985 loquebatur.
3233 4913 3434 4969 Omnes

1853 5009 2029 5081 primo
2060 5009 2112 5063 in
2142 5007 2369 5077 equuleo
2394 5006 2661 5076 suspensi,
2685 5013 2736 5062 et
2776 5007 3005 5061 nexibus
3029 5005 3241 5060 attracti
3270 5012 3431 5071 sunt;

1855 5103 1978 5158 dein
2009 5102 2224 5156 laminis
2255 5100 2572 5156 ardentibus
2595 5099 2740 5155 circa
2770 5098 2939 5153 latera
2971 5097 3255 5169 appositis,
3281 5104 3433 5150 ustu-

1858 5193 1952 5247 lati
1978 5201 2032 5247 et
2059 5191 2328 5264 unguibus
2381 5190 2628 5256 lacerati,
2667 5205 2732 5245 ac
2762 5189 3011 5244 ultimum
3043 5183 3430 5259 gladin_truci-'

1859 5284 1968 5340 dati
2003 5293 2148 5348 sunt,
2176 5290 2442 5354 praesente
2471 5289 2814 5352 persecutore
2836 5279 3023 5333 Decio.
3075 5277 3345 5346 Scriptum
3375 5272 3430 5327 in

1859 5375 2110 5445 passione
2144 5374 2315 5429 sancti
2341 5371 2621 5428 Laurentii
2653 5369 2744 5442 (10
2774 5369 2959 5440 Aug.).

1931 5471 2112 5542 (Greg.
2147 5468 2275 5523 Tur.
2305 5468 2366 5522 de
2395 5465 2581 5521 Gloria
2610 5464 2799 5529 Mart,
2826 5478 2875 5517 c.
2905 5461 3018 5531 64.)
3065 5461 3130 5514 Et
3174 5456 3431 5526 ungduno

1862 5564 2048 5619 Galliae
2079 5562 2270 5616 natalis
2295 5560 2465 5615 sancti
2491 5556 2734 5628 Epipodii
2763 5553 3037 5623 martyris,
3067 5551 3156 5621 qui
3181 5564 3433 5621 persecu-

1937 5683 1957 5710 ε
2005 5672 2078 5724 De
2128 5673 2226 5725 hoc
2267 5678 2416 5737 gesta
2463 5663 2763 5721 Sebastiani
2813 5671 2863 5716 et
2896 5660 3158 5717 Susanna:
3179 5659 3428 5729 Aug..Il.

1866 5741 2198 5808 Pontiﬁcan
2237 5756 2351 5808 cap.
2384 5739 2472 5792 ‘29.
