  <div class='ocr_page' id='page_1' title='image "/cluster/home/n/w/nwhite01/storage/ocr_20150623/123/hvd.32044011218062/143.png"; bbox 0 0 3962 6366; ppageno 0'>
   <div class='ocr_carea' id='block_1_1' title="bbox 498 380 596 435">
    <p class='ocr_par' dir='ltr' id='par_1_1' title="bbox 498 380 596 435">
     <span class='ocr_line' id='line_1_1' title="bbox 498 380 596 435; baseline -0.031 0"><span class='ocrx_word' id='word_1_1' title='bbox 498 380 596 435; x_wconf 74' lang='grc'><strong>251</strong></span> 
     </span>
    </p>
   </div>
   <div class='ocr_carea' id='block_1_2' title="bbox 1494 364 2761 427">
    <p class='ocr_par' dir='ltr' id='par_1_2' title="bbox 1494 364 2761 427">
     <span class='ocr_line' id='line_1_2' title="bbox 1494 364 2761 427; baseline -0.003 -1"><span class='ocrx_word' id='word_1_2' title='bbox 1494 373 1552 427; x_wconf 89' lang='lat' dir='ltr'><strong>S.</strong></span> <span class='ocrx_word' id='word_1_3' title='bbox 1594 370 1846 426; x_wconf 82' lang='lat' dir='ltr'><strong>ADONIS</strong></span> <span class='ocrx_word' id='word_1_4' title='bbox 1882 366 2308 425; x_wconf 78' lang='lat' dir='ltr'><strong>AllClllEPlSC.</strong></span> <span class='ocrx_word' id='word_1_5' title='bbox 2357 364 2761 422; x_wconf 71' lang='lat' dir='ltr'><strong>VIENNENSIS</strong></span> 
     </span>
    </p>
   </div>
   <div class='ocr_carea' id='block_1_3' title="bbox 501 477 3779 558">
    <p class='ocr_par' dir='ltr' id='par_1_3' title="bbox 501 477 3779 558">
     <span class='ocr_line' id='line_1_3' title="bbox 501 477 3779 558; baseline -0.004 -11"><span class='ocrx_word' id='word_1_6' title='bbox 501 493 648 547; x_wconf 98' lang='lat' dir='ltr'><strong>tione</strong></span> <span class='ocrx_word' id='word_1_7' title='bbox 674 489 929 545; x_wconf 89' lang='lat' dir='ltr'><strong>Antonini</strong></span> <span class='ocrx_word' id='word_1_8' title='bbox 957 488 1106 554; x_wconf 81' lang='lat' dir='ltr'><strong>Veri,</strong></span> <span class='ocrx_word' id='word_1_9' title='bbox 1132 495 1255 558; x_wconf 91' lang='lat' dir='ltr'><strong>post</strong></span> <span class='ocrx_word' id='word_1_10' title='bbox 1281 487 1542 558; x_wconf 87' lang='lat' dir='ltr'><strong>gloriosos</strong></span> <span class='ocrx_word' id='word_1_11' title='bbox 1568 486 1923 555; x_wconf 70' lang='lat' dir='ltr'><strong>quadraginta</strong></span> <span class='ocrx_word' id='word_1_12' title='bbox 1953 492 2075 538; x_wconf 86' lang='lat' dir='ltr'><strong>octo</strong></span> <span class='ocrx_word' id='word_1_13' title='bbox 2108 485 2150 541; x_wconf 83' lang='lat' dir='ltr'><strong>A</strong></span> <span class='ocrx_word' id='word_1_14' title='bbox 2252 480 2450 535; x_wconf 81' lang='lat' dir='ltr'><strong>Eodem</strong></span> <span class='ocrx_word' id='word_1_15' title='bbox 2482 480 2567 534; x_wconf 89' lang='lat' dir='ltr'><strong>die</strong></span> <span class='ocrx_word' id='word_1_16' title='bbox 2601 478 2805 545; x_wconf 70' lang='lat' dir='ltr'><strong>nonne,</strong></span> <span class='ocrx_word' id='word_1_17' title='bbox 2834 478 3018 534; x_wconf 85' lang='lat' dir='ltr'><strong>litania</strong></span> <span class='ocrx_word' id='word_1_18' title='bbox 3049 479 3241 551; x_wconf 83' lang='lat' dir='ltr'><strong>major,</strong></span> <span class='ocrx_word' id='word_1_19' title='bbox 3279 479 3347 535; x_wconf 90' lang='lat' dir='ltr'><strong>ad</strong></span> <span class='ocrx_word' id='word_1_20' title='bbox 3379 486 3628 534; x_wconf 86' lang='lat' dir='ltr'><strong>sanctum</strong></span> <span class='ocrx_word' id='word_1_21' title='bbox 3657 477 3779 535; x_wconf 85' lang='lat' dir='ltr'><strong>Pe—</strong></span> 
     </span>
    </p>
   </div>
   <div class='ocr_carea' id='block_1_4' title="bbox 500 575 2074 652">
    <p class='ocr_par' dir='ltr' id='par_1_4' title="bbox 500 575 2074 652">
     <span class='ocr_line' id='line_1_4' title="bbox 500 575 2074 652; baseline -0.006 -16"><span class='ocrx_word' id='word_1_22' title='bbox 500 589 801 652; x_wconf 82' lang='lat' dir='ltr'><strong>ntartyrum</strong></span> <span class='ocrx_word' id='word_1_23' title='bbox 851 593 1071 651; x_wconf 81' lang='lat' dir='ltr'><strong>agones,</strong></span> <span class='ocrx_word' id='word_1_24' title='bbox 1102 578 1193 647; x_wconf 89' lang='lat' dir='ltr'><strong>qui</strong></span> <span class='ocrx_word' id='word_1_25' title='bbox 1246 577 1304 633; x_wconf 94' lang='lat' dir='ltr'><strong>in</strong></span> <span class='ocrx_word' id='word_1_26' title='bbox 1332 576 1519 631; x_wconf 90' lang='lat' dir='ltr'><strong>eadem</strong></span> <span class='ocrx_word' id='word_1_27' title='bbox 1556 576 1689 631; x_wconf 89' lang='lat' dir='ltr'><strong>urbe</strong></span> <span class='ocrx_word' id='word_1_28' title='bbox 1735 575 1878 645; x_wconf 87' lang='lat' dir='ltr'><strong>passi</strong></span> <span class='ocrx_word' id='word_1_29' title='bbox 1922 583 2074 638; x_wconf 89' lang='lat' dir='ltr'><strong>sunt,</strong></span> 
     </span>
    </p>
   </div>
   <div class='ocr_carea' id='block_1_5' title="bbox 501 667 2077 739">
    <p class='ocr_par' dir='ltr' id='par_1_5' title="bbox 501 667 2077 739">
     <span class='ocr_line' id='line_1_5' title="bbox 501 667 2077 739; baseline -0.006 -9"><span class='ocrx_word' id='word_1_30' title='bbox 501 690 624 731; x_wconf 90' lang='lat' dir='ltr'><strong>cum</strong></span> <span class='ocrx_word' id='word_1_31' title='bbox 655 672 967 728; x_wconf 83' lang='lat' dir='ltr'><strong>Alexandro</strong></span> <span class='ocrx_word' id='word_1_32' title='bbox 996 670 1318 726; x_wconf 86' lang='lat' dir='ltr'><strong>charissimo</strong></span> <span class='ocrx_word' id='word_1_33' title='bbox 1341 667 1544 739; x_wconf 78' lang='lat' dir='ltr'><strong>collega</strong></span> <span class='ocrx_word' id='word_1_34' title='bbox 1573 676 1775 733; x_wconf 91' lang='lat' dir='ltr'><strong>tentus,</strong></span> <span class='ocrx_word' id='word_1_35' title='bbox 1803 667 1918 736; x_wconf 90' lang='lat' dir='ltr'><strong>ipso</strong></span> <span class='ocrx_word' id='word_1_36' title='bbox 1946 667 2077 721; x_wconf 81' lang='lat' dir='ltr'><strong>inte-</strong></span> 
     </span>
    </p>
   </div>
   <div class='ocr_carea' id='block_1_6' title="bbox 502 762 2075 831">
    <p class='ocr_par' dir='ltr' id='par_1_6' title="bbox 502 762 2075 831">
     <span class='ocr_line' id='line_1_6' title="bbox 502 762 2075 831; baseline -0.006 -8"><span class='ocrx_word' id='word_1_37' title='bbox 502 768 603 823; x_wconf 90' lang='lat' dir='ltr'><strong>rim</strong></span> <span class='ocrx_word' id='word_1_38' title='bbox 655 767 708 821; x_wconf 92' lang='lat' dir='ltr'><strong>in</strong></span> <span class='ocrx_word' id='word_1_39' title='bbox 756 779 1031 821; x_wconf 83' lang='lat' dir='ltr'><strong>carcerem</strong></span> <span class='ocrx_word' id='word_1_40' title='bbox 1077 773 1246 826; x_wconf 91' lang='lat' dir='ltr'><strong>truso,</strong></span> <span class='ocrx_word' id='word_1_41' title='bbox 1290 763 1465 831; x_wconf 88' lang='lat' dir='ltr'><strong>primo</strong></span> <span class='ocrx_word' id='word_1_42' title='bbox 1508 777 1569 817; x_wconf 93' lang='lat' dir='ltr'><strong>os</strong></span> <span class='ocrx_word' id='word_1_43' title='bbox 1617 762 1749 816; x_wconf 89' lang='lat' dir='ltr'><strong>diris</strong></span> <span class='ocrx_word' id='word_1_44' title='bbox 1774 776 2075 831; x_wconf 81' lang='lat' dir='ltr'><strong>pugnorum</strong></span> 
     </span>
    </p>
   </div>
   <div class='ocr_carea' id='block_1_7' title="bbox 502 853 2075 922">
    <p class='ocr_par' dir='ltr' id='par_1_7' title="bbox 502 853 2075 922">
     <span class='ocr_line' id='line_1_7' title="bbox 502 853 2075 922; baseline -0.005 -10"><span class='ocrx_word' id='word_1_45' title='bbox 502 857 697 912; x_wconf 90' lang='lat' dir='ltr'><strong>ictibus</strong></span> <span class='ocrx_word' id='word_1_46' title='bbox 738 870 929 919; x_wconf 63' lang='lat' dir='ltr'><strong>caesus,</strong></span> <span class='ocrx_word' id='word_1_47' title='bbox 966 854 1161 908; x_wconf 90' lang='lat' dir='ltr'><strong>deinde</strong></span> <span class='ocrx_word' id='word_1_48' title='bbox 1203 853 1414 922; x_wconf 88' lang='lat' dir='ltr'><strong>equulei</strong></span> <span class='ocrx_word' id='word_1_49' title='bbox 1465 853 1782 908; x_wconf 79' lang='lat' dir='ltr'><strong>extensione</strong></span> <span class='ocrx_word' id='word_1_50' title='bbox 1828 862 2075 915; x_wconf 78' lang='lat' dir='ltr'><strong>vexatus,</strong></span> 
     </span>
    </p>
   </div>
   <div class='ocr_carea' id='block_1_8' title="bbox 502 940 2074 1015">
    <p class='ocr_par' dir='ltr' id='par_1_8' title="bbox 502 940 2074 1015">
     <span class='ocr_line' id='line_1_8' title="bbox 502 940 2074 1015; baseline -0.004 -14"><span class='ocrx_word' id='word_1_51' title='bbox 502 954 789 1015; x_wconf 75' lang='lat' dir='ltr'><strong>postremo</strong></span> <span class='ocrx_word' id='word_1_52' title='bbox 820 942 1137 1013; x_wconf 79' lang='lat' dir='ltr'><strong>martyrium</strong></span> <span class='ocrx_word' id='word_1_53' title='bbox 1173 941 1365 1011; x_wconf 80' lang='lat' dir='ltr'><strong>capitis</strong></span> <span class='ocrx_word' id='word_1_54' title='bbox 1410 940 1717 996; x_wconf 89' lang='lat' dir='ltr'><strong>abscisione</strong></span> <span class='ocrx_word' id='word_1_55' title='bbox 1767 942 2074 1011; x_wconf 73' lang='lat' dir='ltr'><strong>complevit.</strong></span> 
     </span>
    </p>
   </div>
   <div class='ocr_carea' id='block_1_9' title="bbox 524 1032 1969 1103">
    <p class='ocr_par' dir='ltr' id='par_1_9' title="bbox 524 1032 1969 1103">
     <span class='ocr_line' id='line_1_9' title="bbox 524 1032 1969 1103; baseline -0.003 -14"><span class='ocrx_word' id='word_1_56' title='bbox 524 1052 529 1055; x_wconf 69' lang='lat'>‘</span> <span class='ocrx_word' id='word_1_57' title='bbox 572 1035 812 1099; x_wconf 71' lang='lat' dir='ltr'><strong>Viennae,</strong></span> <span class='ocrx_word' id='word_1_58' title='bbox 842 1034 1012 1089; x_wconf 83' lang='lat' dir='ltr'><strong>sancti</strong></span> <span class='ocrx_word' id='word_1_59' title='bbox 1041 1032 1240 1087; x_wconf 69' lang='lat' dir='ltr'><strong>Iuliani</strong></span> <span class='ocrx_word' id='word_1_60' title='bbox 1266 1033 1503 1103; x_wconf 87' lang='lat' dir='ltr'><strong>episcopi</strong></span> <span class='ocrx_word' id='word_1_61' title='bbox 1545 1041 1599 1087; x_wconf 87' lang='lat' dir='ltr'><strong>et</strong></span> <span class='ocrx_word' id='word_1_62' title='bbox 1624 1032 1969 1088; x_wconf 87' lang='lat' dir='ltr'><strong>confessoris.</strong></span> 
     </span>
    </p>
   </div>
   <div class='ocr_carea' id='block_1_10' title="bbox 945 1138 1635 1196">
    <p class='ocr_par' dir='ltr' id='par_1_10' title="bbox 945 1138 1635 1196">
     <span class='ocr_line' id='line_1_10' title="bbox 945 1138 1635 1196; baseline -0.001 0"><span class='ocrx_word' id='word_1_63' title='bbox 945 1142 1011 1196; x_wconf 87' lang='lat' dir='ltr'><strong>A.</strong></span> <span class='ocrx_word' id='word_1_64' title='bbox 1046 1141 1118 1196; x_wconf 85' lang='lat' dir='ltr'><strong>IX</strong></span> <span class='ocrx_word' id='word_1_65' title='bbox 1145 1138 1438 1196; x_wconf 83' lang='lat' dir='ltr'><strong>KALEND.</strong></span> <span class='ocrx_word' id='word_1_66' title='bbox 1476 1140 1635 1195; x_wconf 83' lang='lat' dir='ltr'><strong>MAII.</strong></span> 
     </span>
    </p>
   </div>
   <div class='ocr_carea' id='block_1_11' title="bbox 1108 1219 1430 1303">
    <p class='ocr_par' dir='ltr' id='par_1_11' title="bbox 1108 1219 1430 1303">
     <span class='ocr_line' id='line_1_11' title="bbox 1108 1219 1430 1303; baseline -0.003 -18"><span class='ocrx_word' id='word_1_67' title='bbox 1108 1219 1133 1244; x_wconf 86' lang='grc'><strong><em>⁸</em></strong></span> <span class='ocrx_word' id='word_1_68' title='bbox 1163 1231 1255 1303; x_wconf 79' lang='lat'><strong>(9.5</strong></span> <span class='ocrx_word' id='word_1_69' title='bbox 1278 1230 1430 1302; x_wconf 82' lang='lat' dir='ltr'><strong>Apr.)</strong></span> 
     </span>
    </p>
   </div>
   <div class='ocr_carea' id='block_1_12' title="bbox 571 1341 2078 1417">
    <p class='ocr_par' dir='ltr' id='par_1_12' title="bbox 571 1341 2078 1417">
     <span class='ocr_line' id='line_1_12' title="bbox 571 1341 2078 1417; baseline -0.002 -17"><span class='ocrx_word' id='word_1_70' title='bbox 571 1344 729 1417; x_wconf 90' lang='lat' dir='ltr'><strong>(Dist.</strong></span> <span class='ocrx_word' id='word_1_71' title='bbox 760 1345 849 1411; x_wconf 80' lang='grc'><strong>15,</strong></span> <span class='ocrx_word' id='word_1_72' title='bbox 880 1359 930 1400; x_wconf 90' lang='lat' dir='ltr'><strong>c.</strong></span> <span class='ocrx_word' id='word_1_73' title='bbox 960 1342 1158 1400; x_wconf 79' lang='lat' dir='ltr'><strong>Sancta</strong></span> <span class='ocrx_word' id='word_1_74' title='bbox 1181 1341 1327 1397; x_wconf 84' lang='lat' dir='ltr'><strong>Eccl.</strong></span> <span class='ocrx_word' id='word_1_75' title='bbox 1364 1341 1542 1412; x_wconf 82' lang='lat' dir='ltr'><strong>Rom.)</strong></span> <span class='ocrx_word' id='word_1_76' title='bbox 1582 1342 1639 1397; x_wconf 89' lang='lat' dir='ltr'><strong>In</strong></span> <span class='ocrx_word' id='word_1_77' title='bbox 1668 1342 1913 1410; x_wconf 83' lang='lat' dir='ltr'><strong>Perside,</strong></span> <span class='ocrx_word' id='word_1_78' title='bbox 1949 1343 2078 1398; x_wconf 91' lang='lat' dir='ltr'><strong>civi-</strong></span> 
     </span>
    </p>
   </div>
   <div class='ocr_carea' id='block_1_13' title="bbox 501 1430 2078 1505">
    <p class='ocr_par' dir='ltr' id='par_1_13' title="bbox 501 1430 2078 1505">
     <span class='ocr_line' id='line_1_13' title="bbox 501 1430 2078 1505; baseline -0.001 -15"><span class='ocrx_word' id='word_1_79' title='bbox 501 1444 611 1490; x_wconf 85' lang='lat' dir='ltr'><strong>tate</strong></span> <span class='ocrx_word' id='word_1_80' title='bbox 644 1434 912 1505; x_wconf 86' lang='lat' dir='ltr'><strong>Diospoli,</strong></span> <span class='ocrx_word' id='word_1_81' title='bbox 939 1435 1121 1504; x_wconf 88' lang='lat' dir='ltr'><strong>passio</strong></span> <span class='ocrx_word' id='word_1_82' title='bbox 1163 1433 1338 1488; x_wconf 87' lang='lat' dir='ltr'><strong>sancti</strong></span> <span class='ocrx_word' id='word_1_83' title='bbox 1363 1430 1582 1504; x_wconf 89' lang='lat' dir='ltr'><strong>Georgii</strong></span> <span class='ocrx_word' id='word_1_84' title='bbox 1623 1433 1902 1505; x_wconf 75' lang='lat' dir='ltr'><strong>martyris,</strong></span> <span class='ocrx_word' id='word_1_85' title='bbox 1927 1432 2078 1502; x_wconf 86' lang='lat' dir='ltr'><strong>cujus</strong></span> 
     </span>
    </p>
   </div>
   <div class='ocr_carea' id='block_1_14' title="bbox 500 1525 2080 1598">
    <p class='ocr_par' dir='ltr' id='par_1_14' title="bbox 500 1525 2080 1598">
     <span class='ocr_line' id='line_1_14' title="bbox 500 1525 2080 1598; baseline -0.001 -17"><span class='ocrx_word' id='word_1_86' title='bbox 500 1535 650 1598; x_wconf 90' lang='lat' dir='ltr'><strong>gesta</strong></span> <span class='ocrx_word' id='word_1_87' title='bbox 679 1527 947 1597; x_wconf 88' lang='lat' dir='ltr'><strong>passionis</strong></span> <span class='ocrx_word' id='word_1_88' title='bbox 972 1526 1076 1581; x_wconf 87' lang='lat' dir='ltr'><strong>etsi</strong></span> <span class='ocrx_word' id='word_1_89' title='bbox 1118 1526 1262 1580; x_wconf 89' lang='lat' dir='ltr'><strong>inter</strong></span> <span class='ocrx_word' id='word_1_90' title='bbox 1289 1525 1629 1596; x_wconf 89' lang='lat' dir='ltr'><strong>apocryphas</strong></span> <span class='ocrx_word' id='word_1_91' title='bbox 1655 1534 2080 1582; x_wconf 85' lang='lat' dir='ltr'><strong>connumeratur</strong></span> 
     </span>
    </p>
   </div>
   <div class='ocr_carea' id='block_1_15' title="bbox 503 1616 2079 1689">
    <p class='ocr_par' dir='ltr' id='par_1_15' title="bbox 503 1616 2079 1689">
     <span class='ocr_line' id='line_1_15' title="bbox 503 1616 2079 1689; baseline -0.001 -16"><span class='ocrx_word' id='word_1_92' title='bbox 503 1620 819 1688; x_wconf 87' lang='lat' dir='ltr'><strong>scripturas,</strong></span> <span class='ocrx_word' id='word_1_93' title='bbox 846 1629 1023 1673; x_wconf 88' lang='lat' dir='ltr'><strong>tamen</strong></span> <span class='ocrx_word' id='word_1_94' title='bbox 1050 1617 1470 1673; x_wconf 85' lang='lat' dir='ltr'><strong>illustrissimum</strong></span> <span class='ocrx_word' id='word_1_95' title='bbox 1500 1618 1824 1689; x_wconf 88' lang='lat' dir='ltr'><strong>martyrium</strong></span> <span class='ocrx_word' id='word_1_96' title='bbox 1853 1616 1971 1687; x_wconf 80' lang='lat' dir='ltr'><strong>ejus</strong></span> <span class='ocrx_word' id='word_1_97' title='bbox 1998 1618 2079 1672; x_wconf 53' lang='lat' dir='ltr'><strong>in-</strong></span> 
     </span>
    </p>
   </div>
   <div class='ocr_carea' id='block_1_16' title="bbox 506 1705 2113 1779">
    <p class='ocr_par' dir='ltr' id='par_1_16' title="bbox 506 1705 2113 1779">
     <span class='ocr_line' id='line_1_16' title="bbox 506 1705 2113 1779; baseline 0 -18"><span class='ocrx_word' id='word_1_98' title='bbox 506 1715 592 1764; x_wconf 89' lang='lat' dir='ltr'><strong>ter</strong></span> <span class='ocrx_word' id='word_1_99' title='bbox 631 1723 863 1763; x_wconf 86' lang='lat' dir='ltr'><strong>coronas</strong></span> <span class='ocrx_word' id='word_1_100' title='bbox 905 1715 1210 1779; x_wconf 85' lang='lat' dir='ltr'><strong>martyrum</strong></span> <span class='ocrx_word' id='word_1_101' title='bbox 1254 1705 1500 1762; x_wconf 87' lang='lat' dir='ltr'><strong>Ecclesia</strong></span> <span class='ocrx_word' id='word_1_102' title='bbox 1557 1705 1653 1762; x_wconf 88' lang='lat' dir='ltr'><strong>Dei</strong></span> <span class='ocrx_word' id='word_1_103' title='bbox 1702 1705 2113 1772; x_wconf 78' lang='lat' dir='ltr'><strong>venerabiliter,</strong></span> 
     </span>
    </p>
   </div>
   <div class='ocr_carea' id='block_1_17' title="bbox 2110 1799 3778 1893">
    <p class='ocr_par' dir='ltr' id='par_1_17' title="bbox 2110 1799 3778 1893">
     <span class='ocr_line' id='line_1_17' title="bbox 2110 1799 3778 1893; baseline -0.002 -37"><span class='ocrx_word' id='word_1_104' title='bbox 2110 1834 2158 1893; x_wconf 76' lang='grc' dir='ltr'><strong>Β</strong></span> <span class='ocrx_word' id='word_1_105' title='bbox 2186 1816 2310 1856; x_wconf 90' lang='lat' dir='ltr'><strong>eum</strong></span> <span class='ocrx_word' id='word_1_106' title='bbox 2352 1800 2598 1867; x_wconf 89' lang='lat' dir='ltr'><strong>Claudio,</strong></span> <span class='ocrx_word' id='word_1_107' title='bbox 2632 1799 2833 1872; x_wconf 86' lang='lat' dir='ltr'><strong>Cyrino</strong></span> <span class='ocrx_word' id='word_1_108' title='bbox 2861 1808 2915 1855; x_wconf 91' lang='lat' dir='ltr'><strong>et</strong></span> <span class='ocrx_word' id='word_1_109' title='bbox 2936 1799 3233 1864; x_wconf 82' lang='lat' dir='ltr'><strong>Antonino,</strong></span> <span class='ocrx_word' id='word_1_110' title='bbox 3265 1799 3443 1870; x_wconf 86' lang='lat' dir='ltr'><strong>capite</strong></span> <span class='ocrx_word' id='word_1_111' title='bbox 3486 1807 3778 1853; x_wconf 86' lang='lat' dir='ltr'><strong>truncatus</strong></span> 
     </span>
    </p>
   </div>
   <div class='ocr_carea' id='block_1_18' title="bbox 505 1798 755 1853">
    <p class='ocr_par' dir='ltr' id='par_1_18' title="bbox 505 1798 755 1853">
     <span class='ocr_line' id='line_1_18' title="bbox 505 1798 755 1853; baseline -0.004 -2"><span class='ocrx_word' id='word_1_112' title='bbox 505 1798 755 1853; x_wconf 76' lang='lat' dir='ltr'><strong>honorat.</strong></span> 
     </span>
    </p>
   </div>
   <div class='ocr_carea' id='block_1_19' title="bbox 573 1887 2083 1956">
    <p class='ocr_par' dir='ltr' id='par_1_19' title="bbox 573 1887 2083 1956">
     <span class='ocr_line' id='line_1_19' title="bbox 573 1887 2083 1956; baseline 0.001 -14"><span class='ocrx_word' id='word_1_113' title='bbox 573 1887 629 1942; x_wconf 88' lang='lat' dir='ltr'><strong>lu</strong></span> <span class='ocrx_word' id='word_1_114' title='bbox 674 1887 884 1955; x_wconf 87' lang='lat' dir='ltr'><strong>Galliis,</strong></span> <span class='ocrx_word' id='word_1_115' title='bbox 928 1890 1148 1944; x_wconf 87' lang='lat' dir='ltr'><strong>civitate</strong></span> <span class='ocrx_word' id='word_1_116' title='bbox 1196 1888 1475 1956; x_wconf 86' lang='lat' dir='ltr'><strong>Valentia,</strong></span> <span class='ocrx_word' id='word_1_117' title='bbox 1528 1889 1726 1946; x_wconf 86' lang='lat' dir='ltr'><strong>natalis</strong></span> <span class='ocrx_word' id='word_1_118' title='bbox 1770 1898 2083 1945; x_wconf 89' lang='lat' dir='ltr'><strong>sanctorum</strong></span> 
     </span>
    </p>
   </div>
   <div class='ocr_carea' id='block_1_20' title="bbox 502 1976 2080 2049">
    <p class='ocr_par' dir='ltr' id='par_1_20' title="bbox 502 1976 2080 2049">
     <span class='ocr_line' id='line_1_20' title="bbox 502 1976 2080 2049; baseline 0.001 -17"><span class='ocrx_word' id='word_1_119' title='bbox 502 1976 701 2033; x_wconf 86' lang='lat' dir='ltr'><strong>Felicis</strong></span> <span class='ocrx_word' id='word_1_120' title='bbox 725 1980 1048 2049; x_wconf 85' lang='lat' dir='ltr'><strong>presbyteri,</strong></span> <span class='ocrx_word' id='word_1_121' title='bbox 1065 1979 1345 2034; x_wconf 88' lang='lat' dir='ltr'><strong>Fortunati</strong></span> <span class='ocrx_word' id='word_1_122' title='bbox 1371 1989 1426 2035; x_wconf 92' lang='lat' dir='ltr'><strong>et</strong></span> <span class='ocrx_word' id='word_1_123' title='bbox 1450 1979 1679 2035; x_wconf 89' lang='lat' dir='ltr'><strong>Achillei</strong></span> <span class='ocrx_word' id='word_1_124' title='bbox 1707 1981 2080 2045; x_wconf 88' lang='lat' dir='ltr'><strong>diaeonorum,</strong></span> 
     </span>
    </p>
   </div>
   <div class='ocr_carea' id='block_1_21' title="bbox 506 2070 2085 2142">
    <p class='ocr_par' dir='ltr' id='par_1_21' title="bbox 506 2070 2085 2142">
     <span class='ocr_line' id='line_1_21' title="bbox 506 2070 2085 2142; baseline 0.001 -18"><span class='ocrx_word' id='word_1_125' title='bbox 506 2071 597 2139; x_wconf 88' lang='lat' dir='ltr'><strong>qui</strong></span> <span class='ocrx_word' id='word_1_126' title='bbox 630 2086 659 2125; x_wconf 94' lang='lat' dir='ltr'><strong>a</strong></span> <span class='ocrx_word' id='word_1_127' title='bbox 688 2071 846 2125; x_wconf 91' lang='lat' dir='ltr'><strong>beato</strong></span> <span class='ocrx_word' id='word_1_128' title='bbox 876 2070 1079 2126; x_wconf 63' lang='lat' dir='ltr'><strong>Irenaro</strong></span> <span class='ocrx_word' id='word_1_129' title='bbox 1101 2070 1444 2142; x_wconf 87' lang='lat' dir='ltr'><strong>Lugdunensi</strong></span> <span class='ocrx_word' id='word_1_130' title='bbox 1479 2071 1732 2141; x_wconf 89' lang='lat' dir='ltr'><strong>episcopo</strong></span> <span class='ocrx_word' id='word_1_131' title='bbox 1763 2080 1819 2126; x_wconf 91' lang='lat' dir='ltr'><strong>et</strong></span> <span class='ocrx_word' id='word_1_132' title='bbox 1845 2079 2085 2142; x_wconf 79' lang='lat' dir='ltr'><strong>martyre</strong></span> 
     </span>
    </p>
   </div>
   <div class='ocr_carea' id='block_1_22' title="bbox 442 2162 2085 2235">
    <p class='ocr_par' dir='ltr' id='par_1_22' title="bbox 442 2162 2085 2235">
     <span class='ocr_line' id='line_1_22' title="bbox 442 2162 2085 2235; baseline 0.004 -22"><span class='ocrx_word' id='word_1_133' title='bbox 442 2206 451 2213; x_wconf 96' lang='lat'><strong>.</strong></span> <span class='ocrx_word' id='word_1_134' title='bbox 507 2162 575 2219; x_wconf 87' lang='lat' dir='ltr'><strong>ad</strong></span> <span class='ocrx_word' id='word_1_135' title='bbox 603 2164 1002 2235; x_wconf 71' lang='lat' dir='ltr'><strong>prtedicandum</strong></span> <span class='ocrx_word' id='word_1_136' title='bbox 1037 2166 1258 2221; x_wconf 83' lang='lat' dir='ltr'><strong>verbum</strong></span> <span class='ocrx_word' id='word_1_137' title='bbox 1290 2166 1386 2220; x_wconf 91' lang='lat' dir='ltr'><strong>Dei</strong></span> <span class='ocrx_word' id='word_1_138' title='bbox 1416 2164 1588 2230; x_wconf 89' lang='lat' dir='ltr'><strong>missi,</strong></span> <span class='ocrx_word' id='word_1_139' title='bbox 1617 2180 1739 2221; x_wconf 91' lang='lat' dir='ltr'><strong>cum</strong></span> <span class='ocrx_word' id='word_1_140' title='bbox 1788 2164 2085 2219; x_wconf 77' lang='lat' dir='ltr'><strong>maximam</strong></span> 
     </span>
    </p>
   </div>
   <div class='ocr_carea' id='block_1_23' title="bbox 506 2255 2085 2327">
    <p class='ocr_par' dir='ltr' id='par_1_23' title="bbox 506 2255 2085 2327">
     <span class='ocr_line' id='line_1_23' title="bbox 506 2255 2085 2327; baseline 0.001 -17"><span class='ocrx_word' id='word_1_141' title='bbox 506 2264 713 2327; x_wconf 90' lang='lat' dir='ltr'><strong>partem</strong></span> <span class='ocrx_word' id='word_1_142' title='bbox 742 2257 1064 2325; x_wconf 66' lang='lat' dir='ltr'><strong>supradictae</strong></span> <span class='ocrx_word' id='word_1_143' title='bbox 1092 2256 1242 2311; x_wconf 90' lang='lat' dir='ltr'><strong>urbis</strong></span> <span class='ocrx_word' id='word_1_144' title='bbox 1273 2257 1339 2310; x_wconf 88' lang='lat' dir='ltr'><strong>ad</strong></span> <span class='ocrx_word' id='word_1_145' title='bbox 1370 2257 1527 2311; x_wconf 82' lang='lat' dir='ltr'><strong>fidem</strong></span> <span class='ocrx_word' id='word_1_146' title='bbox 1555 2255 1754 2311; x_wconf 84' lang='lat' dir='ltr'><strong>Christi</strong></span> <span class='ocrx_word' id='word_1_147' title='bbox 1787 2256 2085 2311; x_wconf 86' lang='lat' dir='ltr'><strong>convertis-</strong></span> 
     </span>
    </p>
   </div>
   <div class='ocr_carea' id='block_1_24' title="bbox 508 2346 2087 2414">
    <p class='ocr_par' dir='ltr' id='par_1_24' title="bbox 508 2346 2087 2414">
     <span class='ocr_line' id='line_1_24' title="bbox 508 2346 2087 2414; baseline 0 -11"><span class='ocrx_word' id='word_1_148' title='bbox 508 2356 648 2414; x_wconf 87' lang='lat' dir='ltr'><strong>sent,</strong></span> <span class='ocrx_word' id='word_1_149' title='bbox 681 2363 710 2401; x_wconf 87' lang='lat' dir='ltr'><strong>a</strong></span> <span class='ocrx_word' id='word_1_150' title='bbox 746 2348 880 2402; x_wconf 90' lang='lat' dir='ltr'><strong>duce</strong></span> <span class='ocrx_word' id='word_1_151' title='bbox 902 2346 1153 2402; x_wconf 89' lang='lat' dir='ltr'><strong>Cornelio</strong></span> <span class='ocrx_word' id='word_1_152' title='bbox 1176 2348 1229 2401; x_wconf 92' lang='lat' dir='ltr'><strong>in</strong></span> <span class='ocrx_word' id='word_1_153' title='bbox 1254 2362 1529 2403; x_wconf 88' lang='lat' dir='ltr'><strong>carcerem</strong></span> <span class='ocrx_word' id='word_1_154' title='bbox 1560 2347 1724 2412; x_wconf 91' lang='lat' dir='ltr'><strong>trusi;</strong></span> <span class='ocrx_word' id='word_1_155' title='bbox 1759 2348 1881 2402; x_wconf 91' lang='lat' dir='ltr'><strong>dein</strong></span> <span class='ocrx_word' id='word_1_156' title='bbox 1915 2347 2087 2403; x_wconf 90' lang='lat' dir='ltr'><strong>duris-</strong></span> 
     </span>
    </p>
   </div>
   <div class='ocr_carea' id='block_1_25' title="bbox 507 2436 2080 2507">
    <p class='ocr_par' dir='ltr' id='par_1_25' title="bbox 507 2436 2080 2507">
     <span class='ocr_line' id='line_1_25' title="bbox 507 2436 2080 2507; baseline -0.001 -15"><span class='ocrx_word' id='word_1_157' title='bbox 507 2438 645 2492; x_wconf 89' lang='lat' dir='ltr'><strong>sima</strong></span> <span class='ocrx_word' id='word_1_158' title='bbox 689 2453 977 2493; x_wconf 85' lang='lat' dir='ltr'><strong>nervorum</strong></span> <span class='ocrx_word' id='word_1_159' title='bbox 1022 2436 1381 2507; x_wconf 82' lang='lat' dir='ltr'><strong>flagellatione</strong></span> <span class='ocrx_word' id='word_1_160' title='bbox 1425 2437 1725 2492; x_wconf 85' lang='lat' dir='ltr'><strong>diutissime</strong></span> <span class='ocrx_word' id='word_1_161' title='bbox 1780 2436 2080 2503; x_wconf 87' lang='lat' dir='ltr'><strong>verberati;</strong></span> 
     </span>
    </p>
   </div>
   <div class='ocr_carea' id='block_1_26' title="bbox 506 2528 2089 2600">
    <p class='ocr_par' dir='ltr' id='par_1_26' title="bbox 506 2528 2089 2600">
     <span class='ocr_line' id='line_1_26' title="bbox 506 2528 2089 2600; baseline -0.001 -16"><span class='ocrx_word' id='word_1_162' title='bbox 506 2538 629 2600; x_wconf 91' lang='lat' dir='ltr'><strong>post</strong></span> <span class='ocrx_word' id='word_1_163' title='bbox 655 2530 817 2585; x_wconf 89' lang='lat' dir='ltr'><strong>etiam</strong></span> <span class='ocrx_word' id='word_1_164' title='bbox 844 2530 1098 2586; x_wconf 87' lang='lat' dir='ltr'><strong>revinctis</strong></span> <span class='ocrx_word' id='word_1_165' title='bbox 1124 2539 1247 2600; x_wconf 92' lang='lat' dir='ltr'><strong>post</strong></span> <span class='ocrx_word' id='word_1_166' title='bbox 1270 2538 1419 2600; x_wconf 89' lang='lat' dir='ltr'><strong>terga</strong></span> <span class='ocrx_word' id='word_1_167' title='bbox 1442 2528 1709 2594; x_wconf 82' lang='lat' dir='ltr'><strong>manibus,</strong></span> <span class='ocrx_word' id='word_1_168' title='bbox 1734 2528 2089 2598; x_wconf 89' lang='lat' dir='ltr'><strong>cruribusque</strong></span> 
     </span>
    </p>
   </div>
   <div class='ocr_carea' id='block_1_27' title="bbox 508 2608 2088 2693">
    <p class='ocr_par' dir='ltr' id='par_1_27' title="bbox 508 2608 2088 2693">
     <span class='ocr_line' id='line_1_27' title="bbox 508 2608 2088 2693; baseline -0.001 -17"><span class='ocrx_word' id='word_1_169' title='bbox 508 2620 823 2693; x_wconf 75' lang='lat' dir='ltr'><strong>contractis,</strong></span> <span class='ocrx_word' id='word_1_170' title='bbox 851 2622 998 2677; x_wconf 89' lang='lat' dir='ltr'><strong>circa</strong></span> <span class='ocrx_word' id='word_1_171' title='bbox 1029 2630 1268 2676; x_wconf 88' lang='lat' dir='ltr'><strong>rotarum</strong></span> <span class='ocrx_word' id='word_1_172' title='bbox 1312 2620 1634 2691; x_wconf 83' lang='lat' dir='ltr'><strong>vertiginem</strong></span> <span class='ocrx_word' id='word_1_173' title='bbox 1666 2608 1903 2685; x_wconf 83' lang='lat' dir='ltr'><strong>astricti,</strong></span> <span class='ocrx_word' id='word_1_174' title='bbox 1952 2619 2088 2674; x_wconf 88' lang='lat' dir='ltr'><strong>fumi</strong></span> 
     </span>
    </p>
   </div>
   <div class='ocr_carea' id='block_1_28' title="bbox 508 2711 2091 2784">
    <p class='ocr_par' dir='ltr' id='par_1_28' title="bbox 508 2711 2091 2784">
     <span class='ocr_line' id='line_1_28' title="bbox 508 2711 2091 2784; baseline -0.001 -18"><span class='ocrx_word' id='word_1_175' title='bbox 508 2727 724 2784; x_wconf 88' lang='lat' dir='ltr'><strong>quoque</strong></span> <span class='ocrx_word' id='word_1_176' title='bbox 762 2712 1120 2768; x_wconf 86' lang='lat' dir='ltr'><strong>amaritudine</strong></span> <span class='ocrx_word' id='word_1_177' title='bbox 1172 2712 1469 2784; x_wconf 90' lang='lat' dir='ltr'><strong>supposita,</strong></span> <span class='ocrx_word' id='word_1_178' title='bbox 1502 2712 1588 2768; x_wconf 90' lang='lat' dir='ltr'><strong>die</strong></span> <span class='ocrx_word' id='word_1_179' title='bbox 1616 2727 1678 2767; x_wconf 90' lang='lat' dir='ltr'><strong>ac</strong></span> <span class='ocrx_word' id='word_1_180' title='bbox 1707 2720 1867 2767; x_wconf 89' lang='lat' dir='ltr'><strong>nocte</strong></span> <span class='ocrx_word' id='word_1_181' title='bbox 1916 2711 2091 2766; x_wconf 87' lang='lat' dir='ltr'><strong>conti-</strong></span> 
     </span>
    </p>
   </div>
   <div class='ocr_carea' id='block_1_29' title="bbox 508 2802 2090 2873">
    <p class='ocr_par' dir='ltr' id='par_1_29' title="bbox 508 2802 2090 2873">
     <span class='ocr_line' id='line_1_29' title="bbox 508 2802 2090 2873; baseline -0.001 -16"><span class='ocrx_word' id='word_1_182' title='bbox 508 2812 674 2858; x_wconf 89' lang='lat' dir='ltr'><strong>nuata</strong></span> <span class='ocrx_word' id='word_1_183' title='bbox 718 2802 931 2873; x_wconf 91' lang='lat' dir='ltr'><strong>equulei</strong></span> <span class='ocrx_word' id='word_1_184' title='bbox 984 2803 1304 2859; x_wconf 76' lang='lat' dir='ltr'><strong>extensione</strong></span> <span class='ocrx_word' id='word_1_185' title='bbox 1353 2803 1619 2871; x_wconf 80' lang='lat' dir='ltr'><strong>suspensi,</strong></span> <span class='ocrx_word' id='word_1_186' title='bbox 1668 2802 1735 2857; x_wconf 88' lang='lat' dir='ltr'><strong>ad</strong></span> <span class='ocrx_word' id='word_1_187' title='bbox 1786 2810 2090 2856; x_wconf 82' lang='lat' dir='ltr'><strong>extremum</strong></span> 
     </span>
    </p>
   </div>
   <div class='ocr_carea' id='block_1_30' title="bbox 508 2896 1248 2968">
    <p class='ocr_par' dir='ltr' id='par_1_30' title="bbox 508 2896 1248 2968">
     <span class='ocr_line' id='line_1_30' title="bbox 508 2896 1248 2968; baseline 0 -19"><span class='ocrx_word' id='word_1_188' title='bbox 508 2896 687 2968; x_wconf 78' lang='lat' dir='ltr'><strong>gladio</strong></span> <span class='ocrx_word' id='word_1_189' title='bbox 714 2897 1071 2952; x_wconf 86' lang='lat' dir='ltr'><strong>consummati</strong></span> <span class='ocrx_word' id='word_1_190' title='bbox 1100 2904 1248 2950; x_wconf 91' lang='lat' dir='ltr'><strong>sunt.</strong></span> 
     </span>
    </p>
   </div>
   <div class='ocr_carea' id='block_1_31' title="bbox 581 2982 2094 3053">
    <p class='ocr_par' dir='ltr' id='par_1_31' title="bbox 581 2982 2094 3053">
     <span class='ocr_line' id='line_1_31' title="bbox 581 2982 2094 3053; baseline -0.001 -15"><span class='ocrx_word' id='word_1_191' title='bbox 581 2984 641 3040; x_wconf 88' lang='lat' dir='ltr'><strong>In</strong></span> <span class='ocrx_word' id='word_1_192' title='bbox 684 2984 1000 3040; x_wconf 87' lang='lat' dir='ltr'><strong>Fontanclla</strong></span> <span class='ocrx_word' id='word_1_193' title='bbox 1036 2984 1387 3049; x_wconf 90' lang='lat' dir='ltr'><strong>monasterio,</strong></span> <span class='ocrx_word' id='word_1_194' title='bbox 1435 2985 1607 3039; x_wconf 87' lang='lat' dir='ltr'><strong>sancti</strong></span> <span class='ocrx_word' id='word_1_195' title='bbox 1628 2982 2094 3053; x_wconf 79' lang='lat' dir='ltr'><strong>Wulfrannicpi-</strong></span> 
     </span>
    </p>
   </div>
   <div class='ocr_carea' id='block_1_32' title="bbox 512 3074 1854 3147">
    <p class='ocr_par' dir='ltr' id='par_1_32' title="bbox 512 3074 1854 3147">
     <span class='ocr_line' id='line_1_32' title="bbox 512 3074 1854 3147; baseline -0.004 -15"><span class='ocrx_word' id='word_1_196' title='bbox 512 3076 685 3147; x_wconf 88' lang='lat' dir='ltr'><strong>scopi,</strong></span> <span class='ocrx_word' id='word_1_197' title='bbox 714 3075 1045 3147; x_wconf 67' lang='lat' dir='ltr'><strong>praeclariin</strong></span> <span class='ocrx_word' id='word_1_198' title='bbox 1077 3075 1355 3130; x_wconf 88' lang='lat' dir='ltr'><strong>miraculis</strong></span> <span class='ocrx_word' id='word_1_199' title='bbox 1377 3084 1430 3130; x_wconf 90' lang='lat' dir='ltr'><strong>et</strong></span> <span class='ocrx_word' id='word_1_200' title='bbox 1452 3074 1700 3129; x_wconf 88' lang='lat' dir='ltr'><strong>doctrina</strong></span> <span class='ocrx_word' id='word_1_201' title='bbox 1730 3075 1854 3128; x_wconf 90' lang='lat' dir='ltr'><strong>viri.</strong></span> 
     </span>
    </p>
   </div>
   <div class='ocr_carea' id='block_1_33' title="bbox 933 3185 1685 3243">
    <p class='ocr_par' dir='ltr' id='par_1_33' title="bbox 933 3185 1685 3243">
     <span class='ocr_line' id='line_1_33' title="bbox 933 3185 1685 3243; baseline -0.003 -1"><span class='ocrx_word' id='word_1_202' title='bbox 933 3189 993 3242; x_wconf 87' lang='grc' dir='ltr'><strong>Β.</strong></span> <span class='ocrx_word' id='word_1_203' title='bbox 1034 3187 1146 3241; x_wconf 71' lang='lat' dir='ltr'><strong>Vill</strong></span> <span class='ocrx_word' id='word_1_204' title='bbox 1184 3186 1480 3243; x_wconf 86' lang='lat' dir='ltr'><strong>KALEND.</strong></span> <span class='ocrx_word' id='word_1_205' title='bbox 1523 3185 1685 3241; x_wconf 82' lang='lat' dir='ltr'><strong>MA&quot;.</strong></span> 
     </span>
    </p>
   </div>
   <div class='ocr_carea' id='block_1_34' title="bbox 1167 3277 1442 3349">
    <p class='ocr_par' dir='ltr' id='par_1_34' title="bbox 1167 3277 1442 3349">
     <span class='ocr_line' id='line_1_34' title="bbox 1167 3277 1442 3349; baseline -0.004 -18"><span class='ocrx_word' id='word_1_206' title='bbox 1167 3277 1258 3346; x_wconf 73' lang='lat' dir='ltr'><strong>(et</strong></span> <span class='ocrx_word' id='word_1_207' title='bbox 1290 3277 1442 3349; x_wconf 85' lang='lat' dir='ltr'><strong>Apr.)</strong></span> 
     </span>
    </p>
   </div>
   <div class='ocr_carea' id='block_1_35' title="bbox 589 3367 2092 3441">
    <p class='ocr_par' dir='ltr' id='par_1_35' title="bbox 589 3367 2092 3441">
     <span class='ocr_line' id='line_1_35' title="bbox 589 3367 2092 3441; baseline 0.003 -19"><span class='ocrx_word' id='word_1_208' title='bbox 589 3367 852 3437; x_wconf 81' lang='lat' dir='ltr'><strong>Lugdune</strong></span> <span class='ocrx_word' id='word_1_209' title='bbox 896 3367 1104 3431; x_wconf 75' lang='lat' dir='ltr'><strong>Calliae,</strong></span> <span class='ocrx_word' id='word_1_210' title='bbox 1154 3367 1355 3423; x_wconf 88' lang='lat' dir='ltr'><strong>natalis</strong></span> <span class='ocrx_word' id='word_1_211' title='bbox 1403 3369 1579 3424; x_wconf 88' lang='lat' dir='ltr'><strong>sancti</strong></span> <span class='ocrx_word' id='word_1_212' title='bbox 1625 3368 1946 3436; x_wconf 83' lang='lat' dir='ltr'><strong>Alexandri,</strong></span> <span class='ocrx_word' id='word_1_213' title='bbox 2000 3372 2092 3441; x_wconf 86' lang='lat' dir='ltr'><strong>qui</strong></span> 
     </span>
    </p>
   </div>
   <div class='ocr_carea' id='block_1_36' title="bbox 517 3458 2095 3530">
    <p class='ocr_par' dir='ltr' id='par_1_36' title="bbox 517 3458 2095 3530">
     <span class='ocr_line' id='line_1_36' title="bbox 517 3458 2095 3530; baseline 0.002 -16"><span class='ocrx_word' id='word_1_214' title='bbox 517 3459 680 3514; x_wconf 88' lang='lat' dir='ltr'><strong>tertio</strong></span> <span class='ocrx_word' id='word_1_215' title='bbox 711 3467 835 3529; x_wconf 88' lang='lat' dir='ltr'><strong>post</strong></span> <span class='ocrx_word' id='word_1_216' title='bbox 860 3459 1165 3529; x_wconf 88' lang='lat' dir='ltr'><strong>passionem</strong></span> <span class='ocrx_word' id='word_1_217' title='bbox 1193 3458 1436 3529; x_wconf 81' lang='lat' dir='ltr'><strong>Epipodii</strong></span> <span class='ocrx_word' id='word_1_218' title='bbox 1469 3460 1555 3515; x_wconf 90' lang='lat' dir='ltr'><strong>die</strong></span> <span class='ocrx_word' id='word_1_219' title='bbox 1581 3462 1878 3530; x_wconf 89' lang='lat' dir='ltr'><strong>productus</strong></span> <span class='ocrx_word' id='word_1_220' title='bbox 1915 3477 1947 3517; x_wconf 91' lang='lat' dir='ltr'><strong>e</strong></span> <span class='ocrx_word' id='word_1_221' title='bbox 1975 3477 2095 3517; x_wconf 85' lang='lat' dir='ltr'><strong>car-</strong></span> 
     </span>
    </p>
   </div>
   <div class='ocr_carea' id='block_1_37' title="bbox 517 3550 2090 3620">
    <p class='ocr_par' dir='ltr' id='par_1_37' title="bbox 517 3550 2090 3620">
     <span class='ocr_line' id='line_1_37' title="bbox 517 3550 2090 3620; baseline 0.002 -15"><span class='ocrx_word' id='word_1_222' title='bbox 517 3564 663 3615; x_wconf 87' lang='lat' dir='ltr'><strong>cere,</strong></span> <span class='ocrx_word' id='word_1_223' title='bbox 690 3552 864 3619; x_wconf 90' lang='lat' dir='ltr'><strong>primo</strong></span> <span class='ocrx_word' id='word_1_224' title='bbox 888 3552 959 3603; x_wconf 88' lang='lat' dir='ltr'><strong>ita</strong></span> <span class='ocrx_word' id='word_1_225' title='bbox 976 3550 1206 3606; x_wconf 86' lang='lat' dir='ltr'><strong>laniatus</strong></span> <span class='ocrx_word' id='word_1_226' title='bbox 1227 3558 1310 3605; x_wconf 91' lang='lat' dir='ltr'><strong>est</strong></span> <span class='ocrx_word' id='word_1_227' title='bbox 1327 3551 1641 3607; x_wconf 88' lang='lat' dir='ltr'><strong>crudelitate</strong></span> <span class='ocrx_word' id='word_1_228' title='bbox 1664 3552 2090 3620; x_wconf 87' lang='lat' dir='ltr'><strong>verberantium,</strong></span> 
     </span>
    </p>
   </div>
   <div class='ocr_carea' id='block_1_38' title="bbox 518 3640 2096 3712">
    <p class='ocr_par' dir='ltr' id='par_1_38' title="bbox 518 3640 2096 3712">
     <span class='ocr_line' id='line_1_38' title="bbox 518 3640 2096 3712; baseline 0.005 -18"><span class='ocrx_word' id='word_1_229' title='bbox 518 3649 576 3694; x_wconf 91' lang='lat' dir='ltr'><strong>ut</strong></span> <span class='ocrx_word' id='word_1_230' title='bbox 602 3649 750 3695; x_wconf 89' lang='lat' dir='ltr'><strong>crate</strong></span> <span class='ocrx_word' id='word_1_231' title='bbox 778 3640 950 3695; x_wconf 89' lang='lat' dir='ltr'><strong>soluta</strong></span> <span class='ocrx_word' id='word_1_232' title='bbox 976 3650 1271 3706; x_wconf 87' lang='lat' dir='ltr'><strong>costarum,</strong></span> <span class='ocrx_word' id='word_1_233' title='bbox 1303 3641 1592 3712; x_wconf 79' lang='lat' dir='ltr'><strong>patefactis</strong></span> <span class='ocrx_word' id='word_1_234' title='bbox 1637 3643 1958 3711; x_wconf 87' lang='lat' dir='ltr'><strong>visceribus,</strong></span> <span class='ocrx_word' id='word_1_235' title='bbox 2008 3661 2096 3702; x_wconf 87' lang='lat' dir='ltr'><strong>se-</strong></span> 
     </span>
    </p>
   </div>
   <div class='ocr_carea' id='block_1_39' title="bbox 519 3732 2099 3807">
    <p class='ocr_par' dir='ltr' id='par_1_39' title="bbox 519 3732 2099 3807">
     <span class='ocr_line' id='line_1_39' title="bbox 519 3732 2099 3807; baseline 0.005 -22"><span class='ocrx_word' id='word_1_236' title='bbox 519 3738 666 3786; x_wconf 90' lang='lat' dir='ltr'><strong>creta</strong></span> <span class='ocrx_word' id='word_1_237' title='bbox 714 3732 907 3786; x_wconf 82' lang='lat' dir='ltr'><strong>animae</strong></span> <span class='ocrx_word' id='word_1_238' title='bbox 947 3734 1332 3802; x_wconf 88' lang='lat' dir='ltr'><strong>panderentur.</strong></span> <span class='ocrx_word' id='word_1_239' title='bbox 1367 3735 1499 3790; x_wconf 91' lang='lat' dir='ltr'><strong>Dein</strong></span> <span class='ocrx_word' id='word_1_240' title='bbox 1530 3737 1709 3792; x_wconf 83' lang='lat' dir='ltr'><strong>crucis</strong></span> <span class='ocrx_word' id='word_1_241' title='bbox 1740 3735 1931 3793; x_wconf 84' lang='lat' dir='ltr'><strong>atlixus</strong></span> <span class='ocrx_word' id='word_1_242' title='bbox 1961 3739 2099 3807; x_wconf 85' lang='lat' dir='ltr'><strong>pati-</strong></span> 
     </span>
    </p>
   </div>
   <div class='ocr_carea' id='block_1_40' title="bbox 516 3821 2101 3894">
    <p class='ocr_par' dir='ltr' id='par_1_40' title="bbox 516 3821 2101 3894">
     <span class='ocr_line' id='line_1_40' title="bbox 516 3821 2101 3894; baseline 0.005 -18"><span class='ocrx_word' id='word_1_243' title='bbox 516 3821 665 3885; x_wconf 86' lang='lat' dir='ltr'><strong>bulo,</strong></span> <span class='ocrx_word' id='word_1_244' title='bbox 694 3823 908 3877; x_wconf 87' lang='lat' dir='ltr'><strong>beatum</strong></span> <span class='ocrx_word' id='word_1_245' title='bbox 936 3823 1182 3894; x_wconf 90' lang='lat' dir='ltr'><strong>spiritum</strong></span> <span class='ocrx_word' id='word_1_246' title='bbox 1208 3825 1547 3881; x_wconf 83' lang='lat' dir='ltr'><strong>exanimatus</strong></span> <span class='ocrx_word' id='word_1_247' title='bbox 1567 3826 1766 3881; x_wconf 90' lang='lat' dir='ltr'><strong>emisit.</strong></span> <span class='ocrx_word' id='word_1_248' title='bbox 1796 3827 1947 3884; x_wconf 90' lang='lat' dir='ltr'><strong>Passi</strong></span> <span class='ocrx_word' id='word_1_249' title='bbox 1975 3839 2101 3884; x_wconf 90' lang='lat' dir='ltr'><strong>sunt</strong></span> 
     </span>
    </p>
   </div>
   <div class='ocr_carea' id='block_1_41' title="bbox 519 3913 2099 3989">
    <p class='ocr_par' dir='ltr' id='par_1_41' title="bbox 519 3913 2099 3989">
     <span class='ocr_line' id='line_1_41' title="bbox 519 3913 2099 3989; baseline 0.004 -22"><span class='ocrx_word' id='word_1_250' title='bbox 519 3927 641 3967; x_wconf 89' lang='lat' dir='ltr'><strong>cum</strong></span> <span class='ocrx_word' id='word_1_251' title='bbox 693 3927 759 3968; x_wconf 90' lang='lat' dir='ltr'><strong>eo</strong></span> <span class='ocrx_word' id='word_1_252' title='bbox 807 3922 863 3968; x_wconf 92' lang='lat' dir='ltr'><strong>et</strong></span> <span class='ocrx_word' id='word_1_253' title='bbox 888 3913 979 3967; x_wconf 91' lang='lat' dir='ltr'><strong>alii</strong></span> <span class='ocrx_word' id='word_1_254' title='bbox 1032 3929 1259 3969; x_wconf 90' lang='lat' dir='ltr'><strong>numero</strong></span> <span class='ocrx_word' id='word_1_255' title='bbox 1312 3916 1530 3985; x_wconf 83' lang='lat' dir='ltr'><strong>triginta</strong></span> <span class='ocrx_word' id='word_1_256' title='bbox 1585 3926 1838 3986; x_wconf 89' lang='lat' dir='ltr'><strong>quatuor.</strong></span> <span class='ocrx_word' id='word_1_257' title='bbox 1892 3918 2099 3989; x_wconf 89' lang='lat' dir='ltr'><strong>Sepulti</strong></span> 
     </span>
    </p>
   </div>
   <div class='ocr_carea' id='block_1_42' title="bbox 521 3988 2100 4079">
    <p class='ocr_par' dir='ltr' id='par_1_42' title="bbox 521 3988 2100 4079">
     <span class='ocr_line' id='line_1_42' title="bbox 521 3988 2100 4079; baseline 0.005 -22"><span class='ocrx_word' id='word_1_258' title='bbox 521 4003 682 4059; x_wconf 86' lang='lat' dir='ltr'><strong>ambo</strong></span> <span class='ocrx_word' id='word_1_259' title='bbox 724 4018 789 4058; x_wconf 79' lang='lat' dir='ltr'><strong>ex</strong></span> <span class='ocrx_word' id='word_1_260' title='bbox 843 4012 1071 4073; x_wconf 85' lang='lat' dir='ltr'><strong>utroque</strong></span> <span class='ocrx_word' id='word_1_261' title='bbox 1099 4004 1287 4059; x_wconf 87' lang='lat' dir='ltr'><strong>altaris</strong></span> <span class='ocrx_word' id='word_1_262' title='bbox 1331 4005 1522 4072; x_wconf 87' lang='lat' dir='ltr'><strong>latere,</strong></span> <span class='ocrx_word' id='word_1_263' title='bbox 1557 4007 1608 4060; x_wconf 91' lang='lat' dir='ltr'><strong>in</strong></span> <span class='ocrx_word' id='word_1_264' title='bbox 1639 3988 1849 4079; x_wconf 83' lang='lat' dir='ltr'><strong>crypta,</strong></span> <span class='ocrx_word' id='word_1_265' title='bbox 1885 3988 2006 4079; x_wconf 72' lang='lat' dir='ltr'><strong>quae</strong></span> <span class='ocrx_word' id='word_1_266' title='bbox 2047 4010 2100 4065; x_wconf 91' lang='lat' dir='ltr'><strong>in</strong></span> 
     </span>
    </p>
   </div>
   <div class='ocr_carea' id='block_1_43' title="bbox 519 4092 2103 4169">
    <p class='ocr_par' dir='ltr' id='par_1_43' title="bbox 519 4092 2103 4169">
     <span class='ocr_line' id='line_1_43' title="bbox 519 4092 2103 4169; baseline 0.004 -21"><span class='ocrx_word' id='word_1_267' title='bbox 519 4092 656 4148; x_wconf 88' lang='lat' dir='ltr'><strong>colle</strong></span> <span class='ocrx_word' id='word_1_268' title='bbox 695 4095 1036 4163; x_wconf 84' lang='lat' dir='ltr'><strong>superposito</strong></span> <span class='ocrx_word' id='word_1_269' title='bbox 1076 4093 1303 4160; x_wconf 86' lang='lat' dir='ltr'><strong>civitati,</strong></span> <span class='ocrx_word' id='word_1_270' title='bbox 1331 4094 1560 4165; x_wconf 90' lang='lat' dir='ltr'><strong>pulchro</strong></span> <span class='ocrx_word' id='word_1_271' title='bbox 1596 4104 1651 4151; x_wconf 91' lang='lat' dir='ltr'><strong>et</strong></span> <span class='ocrx_word' id='word_1_272' title='bbox 1688 4100 1910 4167; x_wconf 87' lang='lat' dir='ltr'><strong>antiquo</strong></span> <span class='ocrx_word' id='word_1_273' title='bbox 1941 4114 2103 4169; x_wconf 87' lang='lat' dir='ltr'><strong>opere</strong></span> 
     </span>
    </p>
   </div>
   <div class='ocr_carea' id='block_1_44' title="bbox 521 4190 818 4237">
    <p class='ocr_par' dir='ltr' id='par_1_44' title="bbox 521 4190 818 4237">
     <span class='ocr_line' id='line_1_44' title="bbox 521 4190 818 4237; baseline 0 -1"><span class='ocrx_word' id='word_1_274' title='bbox 521 4190 818 4237; x_wconf 81' lang='lat' dir='ltr'><strong>exstructa.</strong></span> 
     </span>
    </p>
   </div>
   <div class='ocr_carea' id='block_1_45' title="bbox 594 4274 2100 4349">
    <p class='ocr_par' dir='ltr' id='par_1_45' title="bbox 594 4274 2100 4349">
     <span class='ocr_line' id='line_1_45' title="bbox 594 4274 2100 4349; baseline 0.007 -21"><span class='ocrx_word' id='word_1_275' title='bbox 594 4274 783 4346; x_wconf 86' lang='lat' dir='ltr'><strong>(Beda,</strong></span> <span class='ocrx_word' id='word_1_276' title='bbox 814 4275 850 4329; x_wconf 84' lang='grc' dir='ltr'><strong>Ι.</strong></span> <span class='ocrx_word' id='word_1_277' title='bbox 881 4291 898 4330; x_wconf 90' lang='lat' dir='ltr'><strong>l</strong></span> <span class='ocrx_word' id='word_1_278' title='bbox 945 4276 1148 4332; x_wconf 79' lang='lat' dir='ltr'><strong>Hister.</strong></span> <span class='ocrx_word' id='word_1_279' title='bbox 1181 4276 1360 4349; x_wconf 83' lang='lat' dir='ltr'><strong>Ang!.,</strong></span> <span class='ocrx_word' id='word_1_280' title='bbox 1393 4294 1443 4334; x_wconf 93' lang='lat' dir='ltr'><strong>c.</strong></span> <span class='ocrx_word' id='word_1_281' title='bbox 1472 4279 1545 4334; x_wconf 76' lang='lat'><strong>20</strong></span> <span class='ocrx_word' id='word_1_282' title='bbox 1567 4289 1621 4336; x_wconf 93' lang='lat' dir='ltr'><strong>et</strong></span> <span class='ocrx_word' id='word_1_283' title='bbox 1656 4280 1726 4335; x_wconf 82' lang='lat'><strong>50</strong></span> <span class='ocrx_word' id='word_1_284' title='bbox 1747 4322 1761 4345; x_wconf 92' lang='lat'><strong>,</strong></span> <span class='ocrx_word' id='word_1_285' title='bbox 1793 4292 1848 4337; x_wconf 93' lang='lat' dir='ltr'><strong>et</strong></span> <span class='ocrx_word' id='word_1_286' title='bbox 1872 4281 1909 4335; x_wconf 86' lang='grc' dir='ltr'><strong>Ι.</strong></span> <span class='ocrx_word' id='word_1_287' title='bbox 1944 4298 2025 4348; x_wconf 87' lang='lat' dir='ltr'><strong>ttt,</strong></span> <span class='ocrx_word' id='word_1_288' title='bbox 2050 4299 2100 4338; x_wconf 92' lang='lat' dir='ltr'><strong>c.</strong></span> 
     </span>
    </p>
   </div>
   <div class='ocr_carea' id='block_1_46' title="bbox 519 4364 2103 4445">
    <p class='ocr_par' dir='ltr' id='par_1_46' title="bbox 519 4364 2103 4445">
     <span class='ocr_line' id='line_1_46' title="bbox 519 4364 2103 4445; baseline 0.006 -26"><span class='ocrx_word' id='word_1_289' title='bbox 519 4364 556 4419; x_wconf 82' lang='lat'><strong>2</strong></span> <span class='ocrx_word' id='word_1_290' title='bbox 602 4375 659 4420; x_wconf 89' lang='lat' dir='ltr'><strong>et</strong></span> <span class='ocrx_word' id='word_1_291' title='bbox 704 4365 882 4437; x_wconf 89' lang='lat' dir='ltr'><strong>seqq.)</strong></span> <span class='ocrx_word' id='word_1_292' title='bbox 940 4366 1138 4423; x_wconf 90' lang='lat' dir='ltr'><strong>Eodem</strong></span> <span class='ocrx_word' id='word_1_293' title='bbox 1183 4369 1591 4441; x_wconf 89' lang='lat' dir='ltr'><strong>die,depositio</strong></span> <span class='ocrx_word' id='word_1_294' title='bbox 1636 4371 1821 4428; x_wconf 80' lang='lat' dir='ltr'><strong>Melliti</strong></span> <span class='ocrx_word' id='word_1_295' title='bbox 1867 4374 2103 4445; x_wconf 88' lang='lat' dir='ltr'><strong>episcopi</strong></span> 
     </span>
    </p>
   </div>
   <div class='ocr_carea' id='block_1_47' title="bbox 523 4455 2098 4538">
    <p class='ocr_par' dir='ltr' id='par_1_47' title="bbox 523 4455 2098 4538">
     <span class='ocr_line' id='line_1_47' title="bbox 523 4455 2098 4538; baseline 0.007 -28"><span class='ocrx_word' id='word_1_296' title='bbox 523 4457 576 4511; x_wconf 92' lang='lat' dir='ltr'><strong>in</strong></span> <span class='ocrx_word' id='word_1_297' title='bbox 603 4455 903 4525; x_wconf 86' lang='lat' dir='ltr'><strong>Britannia,</strong></span> <span class='ocrx_word' id='word_1_298' title='bbox 920 4460 1011 4530; x_wconf 87' lang='lat' dir='ltr'><strong>qui</strong></span> <span class='ocrx_word' id='word_1_299' title='bbox 1038 4461 1227 4517; x_wconf 90' lang='lat' dir='ltr'><strong>tertius</strong></span> <span class='ocrx_word' id='word_1_300' title='bbox 1247 4473 1367 4534; x_wconf 91' lang='lat' dir='ltr'><strong>post</strong></span> <span class='ocrx_word' id='word_1_301' title='bbox 1387 4464 1745 4536; x_wconf 83' lang='lat' dir='ltr'><strong>Augustinum</strong></span> <span class='ocrx_word' id='word_1_302' title='bbox 1769 4467 2098 4538; x_wconf 87' lang='lat' dir='ltr'><strong>episcopum,</strong></span> 
     </span>
    </p>
   </div>
   <div class='ocr_carea' id='block_1_48' title="bbox 513 4522 2180 4626">
    <p class='ocr_par' dir='ltr' id='par_1_48' title="bbox 513 4522 2180 4626">
     <span class='ocr_line' id='line_1_48' title="bbox 513 4522 2180 4626; baseline 0.006 -23"><span class='ocrx_word' id='word_1_303' title='bbox 513 4522 986 4606; x_wconf 44' lang='lat' dir='ltr'><strong>&#39;Dorovern‘ensem</strong></span> <span class='ocrx_word' id='word_1_304' title='bbox 1014 4552 1299 4608; x_wconf 90' lang='lat' dir='ltr'><strong>ecclesiam</strong></span> <span class='ocrx_word' id='word_1_305' title='bbox 1331 4556 1595 4626; x_wconf 89' lang='lat' dir='ltr'><strong>suscepit,</strong></span> <span class='ocrx_word' id='word_1_306' title='bbox 1624 4571 1786 4626; x_wconf 90' lang='lat' dir='ltr'><strong>quam</strong></span> <span class='ocrx_word' id='word_1_307' title='bbox 1831 4559 1969 4615; x_wconf 85' lang='lat' dir='ltr'><strong>rexit</strong></span> <span class='ocrx_word' id='word_1_308' title='bbox 2000 4574 2099 4612; x_wconf 89' lang='lat' dir='ltr'><strong>an-</strong></span> <span class='ocrx_word' id='word_1_309' title='bbox 2133 4537 2180 4596; x_wconf 81' lang='grc' dir='ltr'><strong>Ῑ)</strong></span> 
     </span>
    </p>
   </div>
   <div class='ocr_carea' id='block_1_49' title="bbox 523 4639 2102 4715">
    <p class='ocr_par' dir='ltr' id='par_1_49' title="bbox 523 4639 2102 4715">
     <span class='ocr_line' id='line_1_49' title="bbox 523 4639 2102 4715; baseline 0.009 -23"><span class='ocrx_word' id='word_1_310' title='bbox 523 4653 633 4715; x_wconf 31' lang='lat' dir='ltr'><strong>nos.</strong></span> <span class='ocrx_word' id='word_1_311' title='bbox 657 4639 939 4711; x_wconf 88' lang='lat' dir='ltr'><strong>quinque;</strong></span> <span class='ocrx_word' id='word_1_312' title='bbox 990 4643 1229 4714; x_wconf 89' lang='lat' dir='ltr'><strong>sepultus</strong></span> <span class='ocrx_word' id='word_1_313' title='bbox 1273 4646 1329 4701; x_wconf 89' lang='lat' dir='ltr'><strong>in</strong></span> <span class='ocrx_word' id='word_1_314' title='bbox 1378 4649 1727 4712; x_wconf 88' lang='lat' dir='ltr'><strong>monasterio,</strong></span> <span class='ocrx_word' id='word_1_315' title='bbox 1778 4650 1831 4704; x_wconf 89' lang='lat' dir='ltr'><strong>in</strong></span> <span class='ocrx_word' id='word_1_316' title='bbox 1871 4651 2102 4708; x_wconf 89' lang='lat' dir='ltr'><strong>ecclesia</strong></span> 
     </span>
    </p>
   </div>
   <div class='ocr_carea' id='block_1_50' title="bbox 524 4730 2098 4806">
    <p class='ocr_par' dir='ltr' id='par_1_50' title="bbox 524 4730 2098 4806">
     <span class='ocr_line' id='line_1_50' title="bbox 524 4730 2098 4806; baseline 0.008 -21"><span class='ocrx_word' id='word_1_317' title='bbox 524 4731 671 4786; x_wconf 86' lang='lat' dir='ltr'><strong>beati</strong></span> <span class='ocrx_word' id='word_1_318' title='bbox 700 4730 845 4788; x_wconf 89' lang='lat' dir='ltr'><strong>Petri</strong></span> <span class='ocrx_word' id='word_1_319' title='bbox 881 4744 1071 4791; x_wconf 89' lang='lat' dir='ltr'><strong>octavo</strong></span> <span class='ocrx_word' id='word_1_320' title='bbox 1096 4736 1366 4794; x_wconf 87' lang='lat' dir='ltr'><strong>Kalendas</strong></span> <span class='ocrx_word' id='word_1_321' title='bbox 1406 4738 1619 4806; x_wconf 84' lang='lat' dir='ltr'><strong>Martii,</strong></span> <span class='ocrx_word' id='word_1_322' title='bbox 1652 4755 1796 4796; x_wconf 91' lang='lat' dir='ltr'><strong>anno</strong></span> <span class='ocrx_word' id='word_1_323' title='bbox 1822 4743 1889 4796; x_wconf 90' lang='lat' dir='ltr'><strong>ab</strong></span> <span class='ocrx_word' id='word_1_324' title='bbox 1919 4742 2098 4798; x_wconf 88' lang='lat' dir='ltr'><strong>lucar-</strong></span> 
     </span>
    </p>
   </div>
   <div class='ocr_carea' id='block_1_51' title="bbox 526 4823 1928 4903">
    <p class='ocr_par' dir='ltr' id='par_1_51' title="bbox 526 4823 1928 4903">
     <span class='ocr_line' id='line_1_51' title="bbox 526 4823 1928 4903; baseline 0.009 -26"><span class='ocrx_word' id='word_1_325' title='bbox 526 4823 746 4881; x_wconf 87' lang='lat' dir='ltr'><strong>natione</strong></span> <span class='ocrx_word' id='word_1_326' title='bbox 774 4824 986 4882; x_wconf 87' lang='lat' dir='ltr'><strong>Domini</strong></span> <span class='ocrx_word' id='word_1_327' title='bbox 1013 4829 1405 4886; x_wconf 83' lang='lat' dir='ltr'><strong>sexcentesimo</strong></span> <span class='ocrx_word' id='word_1_328' title='bbox 1427 4830 1687 4903; x_wconf 83' lang='lat' dir='ltr'><strong>vigesimo</strong></span> <span class='ocrx_word' id='word_1_329' title='bbox 1716 4842 1928 4903; x_wconf 89' lang='lat' dir='ltr'><strong>quarto.</strong></span> 
     </span>
    </p>
   </div>
   <div class='ocr_carea' id='block_1_52' title="bbox 954 4944 1672 5002">
    <p class='ocr_par' dir='ltr' id='par_1_52' title="bbox 954 4944 1672 5002">
     <span class='ocr_line' id='line_1_52' title="bbox 954 4944 1672 5002; baseline 0.001 -2"><span class='ocrx_word' id='word_1_330' title='bbox 954 4944 1013 5000; x_wconf 89' lang='lat' dir='ltr'><strong>C.</strong></span> <span class='ocrx_word' id='word_1_331' title='bbox 1046 4944 1138 4999; x_wconf 68' lang='lat' dir='ltr'><strong>VII</strong></span> <span class='ocrx_word' id='word_1_332' title='bbox 1177 4945 1471 5001; x_wconf 79' lang='lat' dir='ltr'><strong>KALEND.</strong></span> <span class='ocrx_word' id='word_1_333' title='bbox 1508 4946 1672 5002; x_wconf 77' lang='lat' dir='ltr'><strong>MAI].</strong></span> 
     </span>
    </p>
   </div>
   <div class='ocr_carea' id='block_1_53' title="bbox 1179 5038 1450 5111">
    <p class='ocr_par' dir='ltr' id='par_1_53' title="bbox 1179 5038 1450 5111">
     <span class='ocr_line' id='line_1_53' title="bbox 1179 5038 1450 5111; baseline 0.004 -19"><span class='ocrx_word' id='word_1_334' title='bbox 1179 5038 1270 5109; x_wconf 75' lang='lat' dir='ltr'><strong>(es</strong></span> <span class='ocrx_word' id='word_1_335' title='bbox 1299 5039 1450 5111; x_wconf 81' lang='lat' dir='ltr'><strong>Apr.)</strong></span> 
     </span>
    </p>
   </div>
   <div class='ocr_carea' id='block_1_54' title="bbox 597 5127 2108 5204">
    <p class='ocr_par' dir='ltr' id='par_1_54' title="bbox 597 5127 2108 5204">
     <span class='ocr_line' id='line_1_54' title="bbox 597 5127 2108 5204; baseline 0.003 -22"><span class='ocrx_word' id='word_1_336' title='bbox 597 5127 753 5201; x_wconf 86' lang='lat' dir='ltr'><strong>Apud</strong></span> <span class='ocrx_word' id='word_1_337' title='bbox 796 5129 1203 5196; x_wconf 84' lang='lat' dir='ltr'><strong>Alexandriam,</strong></span> <span class='ocrx_word' id='word_1_338' title='bbox 1232 5132 1408 5188; x_wconf 88' lang='lat' dir='ltr'><strong>natale</strong></span> <span class='ocrx_word' id='word_1_339' title='bbox 1449 5132 1623 5189; x_wconf 90' lang='lat' dir='ltr'><strong>sancti</strong></span> <span class='ocrx_word' id='word_1_340' title='bbox 1671 5131 1834 5188; x_wconf 82' lang='lat' dir='ltr'><strong>Marci</strong></span> <span class='ocrx_word' id='word_1_341' title='bbox 1878 5146 2108 5204; x_wconf 82' lang='lat' dir='ltr'><strong>evange-</strong></span> 
     </span>
    </p>
   </div>
   <div class='ocr_carea' id='block_1_55' title="bbox 529 5215 2111 5293">
    <p class='ocr_par' dir='ltr' id='par_1_55' title="bbox 529 5215 2111 5293">
     <span class='ocr_line' id='line_1_55' title="bbox 529 5215 2111 5293; baseline 0.005 -21"><span class='ocrx_word' id='word_1_342' title='bbox 529 5215 669 5274; x_wconf 76' lang='lat' dir='ltr'><strong>lista:</strong></span> <span class='ocrx_word' id='word_1_343' title='bbox 699 5231 749 5286; x_wconf 81' lang='grc' dir='ltr'><strong>ι,</strong></span> <span class='ocrx_word' id='word_1_344' title='bbox 778 5220 871 5292; x_wconf 91' lang='lat' dir='ltr'><strong>qui</strong></span> <span class='ocrx_word' id='word_1_345' title='bbox 902 5229 1108 5291; x_wconf 88' lang='lat' dir='ltr'><strong>martyr</strong></span> <span class='ocrx_word' id='word_1_346' title='bbox 1154 5220 1457 5286; x_wconf 87' lang='lat' dir='ltr'><strong>defunctus,</strong></span> <span class='ocrx_word' id='word_1_347' title='bbox 1492 5223 1733 5293; x_wconf 89' lang='lat' dir='ltr'><strong>sepultus</strong></span> <span class='ocrx_word' id='word_1_348' title='bbox 1761 5230 1845 5277; x_wconf 89' lang='lat' dir='ltr'><strong>est</strong></span> <span class='ocrx_word' id='word_1_349' title='bbox 1895 5222 1949 5275; x_wconf 93' lang='lat' dir='ltr'><strong>in</strong></span> <span class='ocrx_word' id='word_1_350' title='bbox 1992 5222 2111 5279; x_wconf 90' lang='lat' dir='ltr'><strong>loco</strong></span> 
     </span>
    </p>
   </div>
   <div class='ocr_carea' id='block_1_56' title="bbox 530 5308 2110 5383">
    <p class='ocr_par' dir='ltr' id='par_1_56' title="bbox 530 5308 2110 5383">
     <span class='ocr_line' id='line_1_56' title="bbox 530 5308 2110 5383; baseline 0.003 -19"><span class='ocrx_word' id='word_1_351' title='bbox 530 5308 727 5381; x_wconf 88' lang='lat' dir='ltr'><strong>lapidis</strong></span> <span class='ocrx_word' id='word_1_352' title='bbox 755 5310 924 5368; x_wconf 84' lang='lat' dir='ltr'><strong>excisi</strong></span> <span class='ocrx_word' id='word_1_353' title='bbox 949 5326 1071 5367; x_wconf 89' lang='lat' dir='ltr'><strong>cum</strong></span> <span class='ocrx_word' id='word_1_354' title='bbox 1115 5311 1306 5383; x_wconf 86' lang='lat' dir='ltr'><strong>gloria.</strong></span> <span class='ocrx_word' id='word_1_355' title='bbox 1336 5310 1696 5368; x_wconf 88' lang='lat' dir='ltr'><strong>Ordinaverat</strong></span> <span class='ocrx_word' id='word_1_356' title='bbox 1722 5322 1899 5367; x_wconf 91' lang='lat' dir='ltr'><strong>autem</strong></span> <span class='ocrx_word' id='word_1_357' title='bbox 1931 5328 2029 5383; x_wconf 92' lang='lat' dir='ltr'><strong>pro</strong></span> <span class='ocrx_word' id='word_1_358' title='bbox 2054 5328 2110 5368; x_wconf 91' lang='lat' dir='ltr'><strong>se</strong></span> 
     </span>
    </p>
   </div>
   <div class='ocr_carea' id='block_1_57' title="bbox 533 5402 2110 5477">
    <p class='ocr_par' dir='ltr' id='par_1_57' title="bbox 533 5402 2110 5477">
     <span class='ocr_line' id='line_1_57' title="bbox 533 5402 2110 5477; baseline 0.001 -19"><span class='ocrx_word' id='word_1_359' title='bbox 533 5402 871 5462; x_wconf 75' lang='lat' dir='ltr'><strong>Alexandria:</strong></span> <span class='ocrx_word' id='word_1_360' title='bbox 899 5405 1209 5476; x_wconf 88' lang='lat' dir='ltr'><strong>episcopum</strong></span> <span class='ocrx_word' id='word_1_361' title='bbox 1246 5403 1537 5472; x_wconf 89' lang='lat' dir='ltr'><strong>Aniauum,</strong></span> <span class='ocrx_word' id='word_1_362' title='bbox 1564 5404 1683 5460; x_wconf 89' lang='lat' dir='ltr'><strong>aliis</strong></span> <span class='ocrx_word' id='word_1_363' title='bbox 1714 5404 1928 5477; x_wconf 86' lang='lat' dir='ltr'><strong>quoque</strong></span> <span class='ocrx_word' id='word_1_364' title='bbox 1953 5404 2110 5476; x_wconf 82' lang='lat' dir='ltr'><strong>longe</strong></span> 
     </span>
    </p>
   </div>
   <div class='ocr_carea' id='block_1_58' title="bbox 532 5497 2111 5572">
    <p class='ocr_par' dir='ltr' id='par_1_58' title="bbox 532 5497 2111 5572">
     <span class='ocr_line' id='line_1_58' title="bbox 532 5497 2111 5572; baseline 0.003 -22"><span class='ocrx_word' id='word_1_365' title='bbox 532 5497 747 5569; x_wconf 83' lang='lat' dir='ltr'><strong>lateque</strong></span> <span class='ocrx_word' id='word_1_366' title='bbox 788 5498 1034 5555; x_wconf 81' lang='lat' dir='ltr'><strong>ccclesiis</strong></span> <span class='ocrx_word' id='word_1_367' title='bbox 1080 5499 1393 5570; x_wconf 90' lang='lat' dir='ltr'><strong>episcopos,</strong></span> <span class='ocrx_word' id='word_1_368' title='bbox 1440 5499 1807 5572; x_wconf 86' lang='lat' dir='ltr'><strong>presbyteros,</strong></span> <span class='ocrx_word' id='word_1_369' title='bbox 1856 5497 2111 5554; x_wconf 88' lang='lat' dir='ltr'><strong>diaconos</strong></span> 
     </span>
    </p>
   </div>
   <div class='ocr_carea' id='block_1_59' title="bbox 538 5586 776 5647">
    <p class='ocr_par' dir='ltr' id='par_1_59' title="bbox 538 5586 776 5647">
     <span class='ocr_line' id='line_1_59' title="bbox 538 5586 776 5647; baseline 0.008 -3"><span class='ocrx_word' id='word_1_370' title='bbox 538 5586 776 5647; x_wconf 83' lang='lat' dir='ltr'><strong>dederat.</strong></span> 
     </span>
    </p>
   </div>
   <div class='ocr_carea' id='block_1_60' title="bbox 610 5776 1525 5849">
    <p class='ocr_par' dir='ltr' id='par_1_60' title="bbox 610 5776 1525 5849">
     <span class='ocr_line' id='line_1_60' title="bbox 610 5776 1525 5849; baseline 0.002 -18"><span class='ocrx_word' id='word_1_371' title='bbox 610 5792 636 5821; x_wconf 71' lang='grc' dir='ltr'>ι</span> <span class='ocrx_word' id='word_1_372' title='bbox 662 5777 1041 5836; x_wconf 75' lang='lat' dir='ltr'><strong>Videlibellum</strong></span> <span class='ocrx_word' id='word_1_373' title='bbox 1070 5780 1134 5837; x_wconf 86' lang='lat' dir='ltr'><strong>de</strong></span> <span class='ocrx_word' id='word_1_374' title='bbox 1163 5779 1310 5837; x_wconf 84' lang='lat' dir='ltr'><strong>Fest.</strong></span> <span class='ocrx_word' id='word_1_375' title='bbox 1338 5776 1525 5849; x_wconf 84' lang='lat' dir='ltr'><strong>Apost.</strong></span> 
     </span>
    </p>
   </div>
   <div class='ocr_carea' id='block_1_61' title="bbox 2179 581 2341 626">
    <p class='ocr_par' dir='ltr' id='par_1_61' title="bbox 2179 581 2341 626">
     <span class='ocr_line' id='line_1_61' title="bbox 2179 581 2341 626; baseline -0.006 0"><span class='ocrx_word' id='word_1_376' title='bbox 2179 581 2341 626; x_wconf 75' lang='lat' dir='ltr'><strong>ll&#39;lllll.</strong></span> 
     </span>
    </p>
   </div>
   <div class='ocr_carea' id='block_1_62' title="bbox 2248 656 3776 743">
    <p class='ocr_par' dir='ltr' id='par_1_62' title="bbox 2248 656 3776 743">
     <span class='ocr_line' id='line_1_62' title="bbox 2248 656 3776 743; baseline 0.002 -27"><span class='ocrx_word' id='word_1_377' title='bbox 2248 662 2401 733; x_wconf 85' lang='lat' dir='ltr'><strong>Apud</strong></span> <span class='ocrx_word' id='word_1_378' title='bbox 2436 664 2728 743; x_wconf 79' lang='lat' dir='ltr'><strong>Viennam,</strong></span> <span class='ocrx_word' id='word_1_379' title='bbox 2762 656 2932 721; x_wconf 87' lang='lat' dir='ltr'><strong>sancti</strong></span> <span class='ocrx_word' id='word_1_380' title='bbox 2979 663 3238 720; x_wconf 89' lang='lat' dir='ltr'><strong>Clarentii</strong></span> <span class='ocrx_word' id='word_1_381' title='bbox 3284 663 3523 735; x_wconf 80' lang='lat' dir='ltr'><strong>episcOpi</strong></span> <span class='ocrx_word' id='word_1_382' title='bbox 3550 670 3606 719; x_wconf 89' lang='lat' dir='ltr'><strong>et</strong></span> <span class='ocrx_word' id='word_1_383' title='bbox 3629 668 3776 719; x_wconf 71' lang='lat' dir='ltr'><strong>edn-</strong></span> 
     </span>
    </p>
   </div>
   <div class='ocr_carea' id='block_1_63' title="bbox 2178 752 2417 808">
    <p class='ocr_par' dir='ltr' id='par_1_63' title="bbox 2178 752 2417 808">
     <span class='ocr_line' id='line_1_63' title="bbox 2178 752 2417 808; baseline 0.008 -2"><span class='ocrx_word' id='word_1_384' title='bbox 2178 752 2417 808; x_wconf 80' lang='lat' dir='ltr'><strong>fessoris.</strong></span> 
     </span>
    </p>
   </div>
   <div class='ocr_carea' id='block_1_64' title="bbox 2615 807 3320 923">
    <p class='ocr_par' dir='ltr' id='par_1_64' title="bbox 2615 807 3320 923">
     <span class='ocr_line' id='line_1_64' title="bbox 2615 807 3320 923; baseline -0.004 0"><span class='ocrx_word' id='word_1_385' title='bbox 2615 866 2682 923; x_wconf 83' lang='lat' dir='ltr'><strong>D.</strong></span> <span class='ocrx_word' id='word_1_386' title='bbox 2715 866 2781 922; x_wconf 82' lang='lat' dir='ltr'><strong>Vl</strong></span> <span class='ocrx_word' id='word_1_387' title='bbox 2821 807 3116 921; x_wconf 51' lang='lat' dir='ltr'><strong>KALE§D.</strong></span> <span class='ocrx_word' id='word_1_388' title='bbox 3158 866 3320 921; x_wconf 83' lang='lat' dir='ltr'><strong>MA&quot;.</strong></span> 
     </span>
    </p>
   </div>
   <div class='ocr_carea' id='block_1_65' title="bbox 2830 956 3116 1027">
    <p class='ocr_par' dir='ltr' id='par_1_65' title="bbox 2830 956 3116 1027">
     <span class='ocr_line' id='line_1_65' title="bbox 2830 956 3116 1027; baseline 0 -17"><span class='ocrx_word' id='word_1_389' title='bbox 2830 956 2926 1027; x_wconf 74' lang='lat' dir='ltr'><strong>(es</strong></span> <span class='ocrx_word' id='word_1_390' title='bbox 2963 956 3116 1027; x_wconf 78' lang='lat' dir='ltr'><strong>Apr.)</strong></span> 
     </span>
    </p>
   </div>
   <div class='ocr_carea' id='block_1_66' title="bbox 2253 1066 3778 1141">
    <p class='ocr_par' dir='ltr' id='par_1_66' title="bbox 2253 1066 3778 1141">
     <span class='ocr_line' id='line_1_66' title="bbox 2253 1066 3778 1141; baseline 0.003 -22"><span class='ocrx_word' id='word_1_391' title='bbox 2253 1067 2612 1141; x_wconf 79' lang='lat' dir='ltr'><strong>(Pontiﬁcale,</strong></span> <span class='ocrx_word' id='word_1_392' title='bbox 2635 1082 2755 1137; x_wconf 92' lang='lat' dir='ltr'><strong>cap.</strong></span> <span class='ocrx_word' id='word_1_393' title='bbox 2780 1068 2860 1140; x_wconf 81' lang='lat'><strong>‘5.)</strong></span> <span class='ocrx_word' id='word_1_394' title='bbox 2882 1066 3087 1133; x_wconf 81' lang='lat' dir='ltr'><strong>Romae,</strong></span> <span class='ocrx_word' id='word_1_395' title='bbox 3109 1067 3309 1122; x_wconf 89' lang='lat' dir='ltr'><strong>natalis</strong></span> <span class='ocrx_word' id='word_1_396' title='bbox 3323 1066 3495 1121; x_wconf 89' lang='lat' dir='ltr'><strong>sancti</strong></span> <span class='ocrx_word' id='word_1_397' title='bbox 3520 1067 3778 1123; x_wconf 88' lang='lat' dir='ltr'><strong>Anacleti</strong></span> 
     </span>
    </p>
   </div>
   <div class='ocr_carea' id='block_1_67' title="bbox 2179 1158 3778 1232">
    <p class='ocr_par' dir='ltr' id='par_1_67' title="bbox 2179 1158 3778 1232">
     <span class='ocr_line' id='line_1_67' title="bbox 2179 1158 3778 1232; baseline -0.001 -19"><span class='ocrx_word' id='word_1_398' title='bbox 2179 1175 2349 1232; x_wconf 76' lang='lat' dir='ltr'><strong>papae,</strong></span> <span class='ocrx_word' id='word_1_399' title='bbox 2375 1159 2466 1230; x_wconf 89' lang='lat' dir='ltr'><strong>qui</strong></span> <span class='ocrx_word' id='word_1_400' title='bbox 2496 1160 2764 1215; x_wconf 89' lang='lat' dir='ltr'><strong>secundus</strong></span> <span class='ocrx_word' id='word_1_401' title='bbox 2787 1170 2907 1230; x_wconf 91' lang='lat' dir='ltr'><strong>post</strong></span> <span class='ocrx_word' id='word_1_402' title='bbox 2934 1159 3153 1215; x_wconf 89' lang='lat' dir='ltr'><strong>beatum</strong></span> <span class='ocrx_word' id='word_1_403' title='bbox 3175 1158 3418 1224; x_wconf 87' lang='lat' dir='ltr'><strong>Petrum,</strong></span> <span class='ocrx_word' id='word_1_404' title='bbox 3448 1168 3573 1213; x_wconf 84' lang='lat' dir='ltr'><strong>cum</strong></span> <span class='ocrx_word' id='word_1_405' title='bbox 3599 1159 3778 1213; x_wconf 78' lang='lat' dir='ltr'><strong>rexis-</strong></span> 
     </span>
    </p>
   </div>
   <div class='ocr_carea' id='block_1_68' title="bbox 2180 1250 3776 1322">
    <p class='ocr_par' dir='ltr' id='par_1_68' title="bbox 2180 1250 3776 1322">
     <span class='ocr_line' id='line_1_68' title="bbox 2180 1250 3776 1322; baseline -0.001 -15"><span class='ocrx_word' id='word_1_406' title='bbox 2180 1259 2262 1307; x_wconf 88' lang='lat' dir='ltr'><strong>set</strong></span> <span class='ocrx_word' id='word_1_407' title='bbox 2301 1251 2599 1306; x_wconf 80' lang='lat' dir='ltr'><strong>Ecclesiam</strong></span> <span class='ocrx_word' id='word_1_408' title='bbox 2647 1251 2805 1308; x_wconf 88' lang='lat' dir='ltr'><strong>annis</strong></span> <span class='ocrx_word' id='word_1_409' title='bbox 2834 1251 3141 1318; x_wconf 89' lang='lat' dir='ltr'><strong>duodecim,</strong></span> <span class='ocrx_word' id='word_1_410' title='bbox 3170 1250 3551 1322; x_wconf 86' lang='lat' dir='ltr'><strong>persecutione</strong></span> <span class='ocrx_word' id='word_1_411' title='bbox 3585 1250 3776 1305; x_wconf 83' lang='lat' dir='ltr'><strong>Domi-</strong></span> 
     </span>
    </p>
   </div>
   <div class='ocr_carea' id='block_1_69' title="bbox 2181 1342 3353 1413">
    <p class='ocr_par' dir='ltr' id='par_1_69' title="bbox 2181 1342 3353 1413">
     <span class='ocr_line' id='line_1_69' title="bbox 2181 1342 3353 1413; baseline -0.001 -16"><span class='ocrx_word' id='word_1_412' title='bbox 2181 1342 2311 1397; x_wconf 92' lang='lat' dir='ltr'><strong>tiani</strong></span> <span class='ocrx_word' id='word_1_413' title='bbox 2342 1342 2602 1413; x_wconf 88' lang='lat' dir='ltr'><strong>martyrio</strong></span> <span class='ocrx_word' id='word_1_414' title='bbox 2633 1352 2923 1398; x_wconf 85' lang='lat' dir='ltr'><strong>coronatus</strong></span> <span class='ocrx_word' id='word_1_415' title='bbox 2950 1351 3055 1398; x_wconf 89' lang='lat' dir='ltr'><strong>est.</strong></span> <span class='ocrx_word' id='word_1_416' title='bbox 3352 1382 3353 1385; x_wconf 58' lang='grc' dir='ltr'><strong>η</strong></span> 
     </span>
    </p>
   </div>
   <div class='ocr_carea' id='block_1_70' title="bbox 2254 1430 3777 1505">
    <p class='ocr_par' dir='ltr' id='par_1_70' title="bbox 2254 1430 3777 1505">
     <span class='ocr_line' id='line_1_70' title="bbox 2254 1430 3777 1505; baseline -0.001 -20"><span class='ocrx_word' id='word_1_417' title='bbox 2254 1430 2509 1505; x_wconf 57' lang='lat' dir='ltr'><strong>(Pontif,</strong></span> <span class='ocrx_word' id='word_1_418' title='bbox 2539 1447 2587 1488; x_wconf 91' lang='lat' dir='ltr'><strong>c.</strong></span> <span class='ocrx_word' id='word_1_419' title='bbox 2619 1432 2733 1503; x_wconf 80' lang='grc'><strong>50.)</strong></span> <span class='ocrx_word' id='word_1_420' title='bbox 2770 1432 2890 1502; x_wconf 87' lang='lat' dir='ltr'><strong>Ipso</strong></span> <span class='ocrx_word' id='word_1_421' title='bbox 2933 1432 3040 1498; x_wconf 92' lang='lat' dir='ltr'><strong>die,</strong></span> <span class='ocrx_word' id='word_1_422' title='bbox 3066 1432 3237 1487; x_wconf 91' lang='lat' dir='ltr'><strong>sancti</strong></span> <span class='ocrx_word' id='word_1_423' title='bbox 3268 1431 3566 1488; x_wconf 83' lang='lat' dir='ltr'><strong>Marcellini</strong></span> <span class='ocrx_word' id='word_1_424' title='bbox 3594 1444 3777 1499; x_wconf 59' lang='lat' dir='ltr'><strong>papa,</strong></span> 
     </span>
    </p>
   </div>
   <div class='ocr_carea' id='block_1_71' title="bbox 2182 1524 3781 1597">
    <p class='ocr_par' dir='ltr' id='par_1_71' title="bbox 2182 1524 3781 1597">
     <span class='ocr_line' id='line_1_71' title="bbox 2182 1524 3781 1597; baseline -0.003 -18"><span class='ocrx_word' id='word_1_425' title='bbox 2182 1526 2426 1597; x_wconf 91' lang='lat' dir='ltr'><strong>quicum</strong></span> <span class='ocrx_word' id='word_1_426' title='bbox 2460 1526 2752 1580; x_wconf 85' lang='lat' dir='ltr'><strong>Ecclesiam</strong></span> <span class='ocrx_word' id='word_1_427' title='bbox 2795 1540 2986 1580; x_wconf 85' lang='lat' dir='ltr'><strong>novem</strong></span> <span class='ocrx_word' id='word_1_428' title='bbox 3016 1524 3172 1579; x_wconf 91' lang='lat' dir='ltr'><strong>annis</strong></span> <span class='ocrx_word' id='word_1_429' title='bbox 3214 1532 3269 1580; x_wconf 92' lang='lat' dir='ltr'><strong>et</strong></span> <span class='ocrx_word' id='word_1_430' title='bbox 3317 1525 3598 1580; x_wconf 86' lang='lat' dir='ltr'><strong>mensibus</strong></span> <span class='ocrx_word' id='word_1_431' title='bbox 3640 1536 3781 1592; x_wconf 84' lang='lat' dir='ltr'><strong>qua-</strong></span> 
     </span>
    </p>
   </div>
   <div class='ocr_carea' id='block_1_72' title="bbox 2183 1615 3778 1689">
    <p class='ocr_par' dir='ltr' id='par_1_72' title="bbox 2183 1615 3778 1689">
     <span class='ocr_line' id='line_1_72' title="bbox 2183 1615 3778 1689; baseline -0.001 -16"><span class='ocrx_word' id='word_1_432' title='bbox 2183 1628 2306 1674; x_wconf 87' lang='lat' dir='ltr'><strong>tuor</strong></span> <span class='ocrx_word' id='word_1_433' title='bbox 2333 1619 2595 1683; x_wconf 78' lang='lat' dir='ltr'><strong>rexisset,</strong></span> <span class='ocrx_word' id='word_1_434' title='bbox 2625 1618 2957 1689; x_wconf 80' lang='lat' dir='ltr'><strong>temporibus</strong></span> <span class='ocrx_word' id='word_1_435' title='bbox 3000 1616 3318 1672; x_wconf 90' lang='lat' dir='ltr'><strong>Diocletiani</strong></span> <span class='ocrx_word' id='word_1_436' title='bbox 3349 1625 3405 1672; x_wconf 91' lang='lat' dir='ltr'><strong>et</strong></span> <span class='ocrx_word' id='word_1_437' title='bbox 3432 1615 3778 1683; x_wconf 78' lang='lat' dir='ltr'><strong>Maximiani,</strong></span> 
     </span>
    </p>
   </div>
   <div class='ocr_carea' id='block_1_73' title="bbox 2185 1706 3777 1780">
    <p class='ocr_par' dir='ltr' id='par_1_73' title="bbox 2185 1706 3777 1780">
     <span class='ocr_line' id='line_1_73' title="bbox 2185 1706 3777 1780; baseline -0.003 -16"><span class='ocrx_word' id='word_1_438' title='bbox 2185 1710 2253 1765; x_wconf 91' lang='lat' dir='ltr'><strong>ab</strong></span> <span class='ocrx_word' id='word_1_439' title='bbox 2282 1709 2468 1765; x_wconf 90' lang='lat' dir='ltr'><strong>eodem</strong></span> <span class='ocrx_word' id='word_1_440' title='bbox 2512 1709 2878 1774; x_wconf 89' lang='lat' dir='ltr'><strong>Diocletiano,</strong></span> <span class='ocrx_word' id='word_1_441' title='bbox 2910 1724 3009 1780; x_wconf 91' lang='lat' dir='ltr'><strong>pro</strong></span> <span class='ocrx_word' id='word_1_442' title='bbox 3056 1706 3397 1764; x_wconf 81' lang='lat' dir='ltr'><strong>confessione</strong></span> <span class='ocrx_word' id='word_1_443' title='bbox 3443 1722 3589 1762; x_wconf 72' lang='lat' dir='ltr'><strong>verze</strong></span> <span class='ocrx_word' id='word_1_444' title='bbox 3625 1706 3777 1773; x_wconf 84' lang='lat' dir='ltr'><strong>fidei,</strong></span> 
     </span>
    </p>
   </div>
   <div class='ocr_carea' id='block_1_74' title="bbox 2186 1888 3779 1971">
    <p class='ocr_par' dir='ltr' id='par_1_74' title="bbox 2186 1888 3779 1971">
     <span class='ocr_line' id='line_1_74' title="bbox 2186 1888 3779 1971; baseline -0.004 -23"><span class='ocrx_word' id='word_1_445' title='bbox 2186 1900 2291 1959; x_wconf 92' lang='lat' dir='ltr'><strong>est,</strong></span> <span class='ocrx_word' id='word_1_446' title='bbox 2336 1902 2390 1948; x_wconf 91' lang='lat' dir='ltr'><strong>et</strong></span> <span class='ocrx_word' id='word_1_447' title='bbox 2433 1900 2553 1963; x_wconf 90' lang='lat' dir='ltr'><strong>post</strong></span> <span class='ocrx_word' id='word_1_448' title='bbox 2599 1892 2713 1947; x_wconf 89' lang='lat' dir='ltr'><strong>dies</strong></span> <span class='ocrx_word' id='word_1_449' title='bbox 2764 1891 2986 1962; x_wconf 86' lang='lat' dir='ltr'><strong>triginta</strong></span> <span class='ocrx_word' id='word_1_450' title='bbox 3014 1899 3080 1971; x_wconf 37' lang='lat' dir='ltr'><strong>et.</strong></span> <span class='ocrx_word' id='word_1_451' title='bbox 3099 1890 3357 1960; x_wconf 90' lang='lat' dir='ltr'><strong>quinque,</strong></span> <span class='ocrx_word' id='word_1_452' title='bbox 3406 1888 3656 1959; x_wconf 81' lang='lat' dir='ltr'><strong>sepultus</strong></span> <span class='ocrx_word' id='word_1_453' title='bbox 3689 1889 3779 1942; x_wconf 81' lang='lat' dir='ltr'><strong>via</strong></span> 
     </span>
    </p>
   </div>
   <div class='ocr_carea' id='block_1_75' title="bbox 2189 1980 3782 2051">
    <p class='ocr_par' dir='ltr' id='par_1_75' title="bbox 2189 1980 3782 2051">
     <span class='ocr_line' id='line_1_75' title="bbox 2189 1980 3782 2051; baseline -0.003 -13"><span class='ocrx_word' id='word_1_454' title='bbox 2189 1981 2420 2050; x_wconf 89' lang='lat' dir='ltr'><strong>Salaria,</strong></span> <span class='ocrx_word' id='word_1_455' title='bbox 2447 1983 2500 2038; x_wconf 92' lang='lat' dir='ltr'><strong>in</strong></span> <span class='ocrx_word' id='word_1_456' title='bbox 2538 1982 2805 2048; x_wconf 86' lang='lat' dir='ltr'><strong>cubiculo,</strong></span> <span class='ocrx_word' id='word_1_457' title='bbox 2830 1999 2860 2037; x_wconf 91' lang='lat' dir='ltr'><strong>a</strong></span> <span class='ocrx_word' id='word_1_458' title='bbox 2894 1981 3147 2038; x_wconf 84' lang='lat' dir='ltr'><strong>Marcello</strong></span> <span class='ocrx_word' id='word_1_459' title='bbox 3175 1981 3496 2051; x_wconf 88' lang='lat' dir='ltr'><strong>presbytero</strong></span> <span class='ocrx_word' id='word_1_460' title='bbox 3523 1987 3581 2033; x_wconf 90' lang='lat' dir='ltr'><strong>et</strong></span> <span class='ocrx_word' id='word_1_461' title='bbox 3606 1994 3638 2034; x_wconf 89' lang='lat' dir='ltr'><strong>a</strong></span> <span class='ocrx_word' id='word_1_462' title='bbox 3666 1980 3782 2033; x_wconf 85' lang='lat' dir='ltr'><strong>dia-</strong></span> 
     </span>
    </p>
   </div>
   <div class='ocr_carea' id='block_1_76' title="bbox 2188 2073 3778 2148">
    <p class='ocr_par' dir='ltr' id='par_1_76' title="bbox 2188 2073 3778 2148">
     <span class='ocr_line' id='line_1_76' title="bbox 2188 2073 3778 2148; baseline -0.004 -16"><span class='ocrx_word' id='word_1_463' title='bbox 2188 2076 2417 2133; x_wconf 91' lang='lat' dir='ltr'><strong>conibus</strong></span> <span class='ocrx_word' id='word_1_464' title='bbox 2441 2092 2562 2132; x_wconf 91' lang='lat' dir='ltr'><strong>eum</strong></span> <span class='ocrx_word' id='word_1_465' title='bbox 2589 2076 2825 2148; x_wconf 85' lang='lat' dir='ltr'><strong>hymnis.</strong></span> <span class='ocrx_word' id='word_1_466' title='bbox 2859 2075 2978 2144; x_wconf 82' lang='lat' dir='ltr'><strong>Quo</strong></span> <span class='ocrx_word' id='word_1_467' title='bbox 3007 2085 3249 2145; x_wconf 89' lang='lat' dir='ltr'><strong>tempore</strong></span> <span class='ocrx_word' id='word_1_468' title='bbox 3288 2073 3392 2128; x_wconf 84' lang='lat' dir='ltr'><strong>fuit</strong></span> <span class='ocrx_word' id='word_1_469' title='bbox 3420 2088 3618 2142; x_wconf 87' lang='lat' dir='ltr'><strong>magna</strong></span> <span class='ocrx_word' id='word_1_470' title='bbox 3642 2087 3778 2144; x_wconf 84' lang='lat' dir='ltr'><strong>per-</strong></span> 
     </span>
    </p>
   </div>
   <div class='ocr_carea' id='block_1_77' title="bbox 2187 2167 3781 2235">
    <p class='ocr_par' dir='ltr' id='par_1_77' title="bbox 2187 2167 3781 2235">
     <span class='ocr_line' id='line_1_77' title="bbox 2187 2167 3781 2235; baseline -0.003 -10"><span class='ocrx_word' id='word_1_471' title='bbox 2187 2170 2412 2235; x_wconf 85' lang='lat' dir='ltr'><strong>secutio,</strong></span> <span class='ocrx_word' id='word_1_472' title='bbox 2438 2169 2511 2224; x_wconf 91' lang='lat' dir='ltr'><strong>ita</strong></span> <span class='ocrx_word' id='word_1_473' title='bbox 2541 2176 2601 2223; x_wconf 84' lang='lat' dir='ltr'><strong>ut</strong></span> <span class='ocrx_word' id='word_1_474' title='bbox 2631 2169 2773 2224; x_wconf 87' lang='lat' dir='ltr'><strong>intra</strong></span> <span class='ocrx_word' id='word_1_475' title='bbox 2800 2184 2967 2222; x_wconf 89' lang='lat' dir='ltr'><strong>unum</strong></span> <span class='ocrx_word' id='word_1_476' title='bbox 3004 2183 3243 2223; x_wconf 88' lang='lat' dir='ltr'><strong>mensem</strong></span> <span class='ocrx_word' id='word_1_477' title='bbox 3266 2167 3452 2223; x_wconf 90' lang='lat' dir='ltr'><strong>decem</strong></span> <span class='ocrx_word' id='word_1_478' title='bbox 3485 2174 3539 2222; x_wconf 88' lang='lat' dir='ltr'><strong>et</strong></span> <span class='ocrx_word' id='word_1_479' title='bbox 3563 2177 3781 2222; x_wconf 76' lang='lat' dir='ltr'><strong>sentem</strong></span> 
     </span>
    </p>
   </div>
   <div class='ocr_carea' id='block_1_78' title="bbox 2188 2261 3087 2333">
    <p class='ocr_par' dir='ltr' id='par_1_78' title="bbox 2188 2261 3087 2333">
     <span class='ocr_line' id='line_1_78' title="bbox 2188 2261 3087 2333; baseline -0.001 -16"><span class='ocrx_word' id='word_1_480' title='bbox 2188 2261 2355 2318; x_wconf 87' lang='lat' dir='ltr'><strong>millia</strong></span> <span class='ocrx_word' id='word_1_481' title='bbox 2384 2262 2646 2333; x_wconf 86' lang='lat' dir='ltr'><strong>martyrio</strong></span> <span class='ocrx_word' id='word_1_482' title='bbox 2676 2270 3087 2317; x_wconf 86' lang='lat' dir='ltr'><strong>coronarentur.</strong></span> 
     </span>
    </p>
   </div>
   <div class='ocr_carea' id='block_1_79' title="bbox 2640 2369 3317 2426">
    <p class='ocr_par' dir='ltr' id='par_1_79' title="bbox 2640 2369 3317 2426">
     <span class='ocr_line' id='line_1_79' title="bbox 2640 2369 3317 2426; baseline -0.004 0"><span class='ocrx_word' id='word_1_483' title='bbox 2640 2371 2700 2426; x_wconf 85' lang='lat' dir='ltr'><strong>E.</strong></span> <span class='ocrx_word' id='word_1_484' title='bbox 2737 2370 2781 2425; x_wconf 76' lang='grc' dir='ltr'>ν</span> <span class='ocrx_word' id='word_1_485' title='bbox 2814 2370 3111 2426; x_wconf 84' lang='lat' dir='ltr'><strong>KALEND.</strong></span> <span class='ocrx_word' id='word_1_486' title='bbox 3155 2369 3317 2426; x_wconf 82' lang='lat' dir='ltr'><strong>MA&quot;.</strong></span> 
     </span>
    </p>
   </div>
   <div class='ocr_carea' id='block_1_80' title="bbox 2837 2462 3116 2535">
    <p class='ocr_par' dir='ltr' id='par_1_80' title="bbox 2837 2462 3116 2535">
     <span class='ocr_line' id='line_1_80' title="bbox 2837 2462 3116 2535; baseline -0.007 -17"><span class='ocrx_word' id='word_1_487' title='bbox 2837 2462 2926 2535; x_wconf 78' lang='lat'><strong>(27</strong></span> <span class='ocrx_word' id='word_1_488' title='bbox 2961 2464 3116 2535; x_wconf 77' lang='lat' dir='ltr'><strong>Apr.)</strong></span> 
     </span>
    </p>
   </div>
   <div class='ocr_carea' id='block_1_81' title="bbox 2262 2551 3783 2629">
    <p class='ocr_par' dir='ltr' id='par_1_81' title="bbox 2262 2551 3783 2629">
     <span class='ocr_line' id='line_1_81' title="bbox 2262 2551 3783 2629; baseline -0.003 -20"><span class='ocrx_word' id='word_1_489' title='bbox 2262 2554 2509 2629; x_wconf 60' lang='lat' dir='ltr'><strong>(Pomm,</strong></span> <span class='ocrx_word' id='word_1_490' title='bbox 2539 2570 2587 2610; x_wconf 92' lang='lat' dir='ltr'><strong>c.</strong></span> <span class='ocrx_word' id='word_1_491' title='bbox 2619 2552 2733 2625; x_wconf 71' lang='lat'><strong>40.)</strong></span> <span class='ocrx_word' id='word_1_492' title='bbox 2756 2552 2965 2611; x_wconf 70' lang='lat' dir='ltr'><strong>Romze.</strong></span> <span class='ocrx_word' id='word_1_493' title='bbox 2986 2553 3158 2608; x_wconf 88' lang='lat' dir='ltr'><strong>sancti</strong></span> <span class='ocrx_word' id='word_1_494' title='bbox 3183 2551 3456 2607; x_wconf 87' lang='lat' dir='ltr'><strong>Anastasii</strong></span> <span class='ocrx_word' id='word_1_495' title='bbox 3487 2566 3663 2622; x_wconf 59' lang='lat' dir='ltr'><strong>papae,</strong></span> <span class='ocrx_word' id='word_1_496' title='bbox 3692 2551 3783 2621; x_wconf 83' lang='lat' dir='ltr'><strong>qui</strong></span> 
     </span>
    </p>
   </div>
   <div class='ocr_carea' id='block_1_82' title="bbox 2190 2645 3065 2709">
    <p class='ocr_par' dir='ltr' id='par_1_82' title="bbox 2190 2645 3065 2709">
     <span class='ocr_line' id='line_1_82' title="bbox 2190 2645 3065 2709; baseline -0.008 -5"><span class='ocrx_word' id='word_1_497' title='bbox 2190 2650 2329 2705; x_wconf 90' lang='lat' dir='ltr'><strong>sedit</strong></span> <span class='ocrx_word' id='word_1_498' title='bbox 2359 2662 2529 2702; x_wconf 91' lang='lat' dir='ltr'><strong>annos</strong></span> <span class='ocrx_word' id='word_1_499' title='bbox 2561 2654 2691 2709; x_wconf 91' lang='lat' dir='ltr'><strong>tres,</strong></span> <span class='ocrx_word' id='word_1_500' title='bbox 2718 2645 2831 2700; x_wconf 88' lang='lat' dir='ltr'><strong>dies</strong></span> <span class='ocrx_word' id='word_1_501' title='bbox 2860 2645 3065 2700; x_wconf 82' lang='lat' dir='ltr'><strong>decem.</strong></span> 
     </span>
    </p>
   </div>
   <div class='ocr_carea' id='block_1_83' title="bbox 2258 2732 3779 2812">
    <p class='ocr_par' dir='ltr' id='par_1_83' title="bbox 2258 2732 3779 2812">
     <span class='ocr_line' id='line_1_83' title="bbox 2258 2732 3779 2812; baseline -0.005 -17"><span class='ocrx_word' id='word_1_502' title='bbox 2258 2739 2413 2812; x_wconf 88' lang='lat' dir='ltr'><strong>Apud</strong></span> <span class='ocrx_word' id='word_1_503' title='bbox 2444 2732 2828 2799; x_wconf 83' lang='lat' dir='ltr'><strong>Nicomediam,</strong></span> <span class='ocrx_word' id='word_1_504' title='bbox 2854 2736 3049 2791; x_wconf 87' lang='lat' dir='ltr'><strong>natalis</strong></span> <span class='ocrx_word' id='word_1_505' title='bbox 3069 2735 3241 2791; x_wconf 89' lang='lat' dir='ltr'><strong>sancti</strong></span> <span class='ocrx_word' id='word_1_506' title='bbox 3268 2734 3509 2789; x_wconf 87' lang='lat' dir='ltr'><strong>Antbimi</strong></span> <span class='ocrx_word' id='word_1_507' title='bbox 3532 2734 3779 2805; x_wconf 89' lang='lat' dir='ltr'><strong>episcopi</strong></span> 
     </span>
    </p>
   </div>
   <div class='ocr_carea' id='block_1_84' title="bbox 2191 2824 3781 2902">
    <p class='ocr_par' dir='ltr' id='par_1_84' title="bbox 2191 2824 3781 2902">
     <span class='ocr_line' id='line_1_84' title="bbox 2191 2824 3781 2902; baseline -0.006 -13"><span class='ocrx_word' id='word_1_508' title='bbox 2191 2841 2245 2889; x_wconf 91' lang='lat' dir='ltr'><strong>et</strong></span> <span class='ocrx_word' id='word_1_509' title='bbox 2273 2830 2549 2902; x_wconf 90' lang='lat' dir='ltr'><strong>martyris,</strong></span> <span class='ocrx_word' id='word_1_510' title='bbox 2580 2830 2633 2883; x_wconf 91' lang='lat' dir='ltr'><strong>in</strong></span> <span class='ocrx_word' id='word_1_511' title='bbox 2668 2828 2946 2900; x_wconf 84' lang='lat' dir='ltr'><strong>memoriis</strong></span> <span class='ocrx_word' id='word_1_512' title='bbox 2983 2826 3193 2896; x_wconf 88' lang='lat' dir='ltr'><strong>piorum</strong></span> <span class='ocrx_word' id='word_1_513' title='bbox 3241 2824 3495 2898; x_wconf 72' lang='lat' dir='ltr'><strong>fulgentis</strong></span> <span class='ocrx_word' id='word_1_514' title='bbox 3520 2825 3577 2879; x_wconf 90' lang='lat' dir='ltr'><strong>in</strong></span> <span class='ocrx_word' id='word_1_515' title='bbox 3612 2839 3781 2897; x_wconf 79' lang='lat' dir='ltr'><strong>regno</strong></span> 
     </span>
    </p>
   </div>
   <div class='ocr_carea' id='block_1_85' title="bbox 2191 2915 3785 2990">
    <p class='ocr_par' dir='ltr' id='par_1_85' title="bbox 2191 2915 3785 2990">
     <span class='ocr_line' id='line_1_85' title="bbox 2191 2915 3785 2990; baseline -0.006 -11"><span class='ocrx_word' id='word_1_516' title='bbox 2191 2920 2414 2979; x_wconf 86' lang='lat' dir='ltr'><strong>Christi.</strong></span> <span class='ocrx_word' id='word_1_517' title='bbox 2448 2921 2543 2976; x_wconf 90' lang='lat' dir='ltr'><strong>Hic</strong></span> <span class='ocrx_word' id='word_1_518' title='bbox 2580 2919 2957 2990; x_wconf 88' lang='lat' dir='ltr'><strong>persecutione</strong></span> <span class='ocrx_word' id='word_1_519' title='bbox 2994 2915 3337 2982; x_wconf 88' lang='lat' dir='ltr'><strong>Diocletiani,</strong></span> <span class='ocrx_word' id='word_1_520' title='bbox 3367 2917 3438 2971; x_wconf 88' lang='lat' dir='ltr'><strong>ob</strong></span> <span class='ocrx_word' id='word_1_521' title='bbox 3480 2915 3785 2971; x_wconf 88' lang='lat' dir='ltr'><strong>confessio-</strong></span> 
     </span>
    </p>
   </div>
   <div class='ocr_carea' id='block_1_86' title="bbox 2192 3004 3786 3080">
    <p class='ocr_par' dir='ltr' id='par_1_86' title="bbox 2192 3004 3786 3080">
     <span class='ocr_line' id='line_1_86' title="bbox 2192 3004 3786 3080; baseline -0.004 -13"><span class='ocrx_word' id='word_1_522' title='bbox 2192 3027 2315 3068; x_wconf 91' lang='lat' dir='ltr'><strong>nem</strong></span> <span class='ocrx_word' id='word_1_523' title='bbox 2338 3012 2564 3075; x_wconf 87' lang='lat' dir='ltr'><strong>Christi,</strong></span> <span class='ocrx_word' id='word_1_524' title='bbox 2594 3009 2838 3080; x_wconf 84' lang='lat' dir='ltr'><strong>martyrii</strong></span> <span class='ocrx_word' id='word_1_525' title='bbox 2867 3007 3096 3079; x_wconf 84' lang='lat' dir='ltr'><strong>gloriam</strong></span> <span class='ocrx_word' id='word_1_526' title='bbox 3135 3006 3332 3077; x_wconf 90' lang='lat' dir='ltr'><strong>capitis</strong></span> <span class='ocrx_word' id='word_1_527' title='bbox 3358 3004 3786 3062; x_wconf 88' lang='lat' dir='ltr'><strong>obtruncatione</strong></span> 
     </span>
    </p>
   </div>
   <div class='ocr_carea' id='block_1_87' title="bbox 2193 3092 3787 3171">
    <p class='ocr_par' dir='ltr' id='par_1_87' title="bbox 2193 3092 3787 3171">
     <span class='ocr_line' id='line_1_87' title="bbox 2193 3092 3787 3171; baseline -0.008 -14"><span class='ocrx_word' id='word_1_528' title='bbox 2193 3102 2449 3171; x_wconf 88' lang='lat' dir='ltr'><strong>suscepit.</strong></span> <span class='ocrx_word' id='word_1_529' title='bbox 2501 3099 2671 3168; x_wconf 85' lang='lat' dir='ltr'><strong>Quem</strong></span> <span class='ocrx_word' id='word_1_530' title='bbox 2725 3107 2982 3167; x_wconf 87' lang='lat' dir='ltr'><strong>tanquam</strong></span> <span class='ocrx_word' id='word_1_531' title='bbox 3031 3098 3229 3152; x_wconf 89' lang='lat' dir='ltr'><strong>bonum</strong></span> <span class='ocrx_word' id='word_1_532' title='bbox 3281 3103 3585 3165; x_wconf 89' lang='lat' dir='ltr'><strong>pastorem,</strong></span> <span class='ocrx_word' id='word_1_533' title='bbox 3628 3092 3787 3146; x_wconf 85' lang='lat' dir='ltr'><strong>viam</strong></span> 
     </span>
    </p>
   </div>
   <div class='ocr_carea' id='block_1_88' title="bbox 2120 3182 3785 3265">
    <p class='ocr_par' dir='ltr' id='par_1_88' title="bbox 2120 3182 3785 3265">
     <span class='ocr_line' id='line_1_88' title="bbox 2120 3182 3785 3265; baseline -0.005 -19"><span class='ocrx_word' id='word_1_534' title='bbox 2120 3182 2167 3246; x_wconf 88' lang='lat' dir='ltr'><strong>C</strong></span> <span class='ocrx_word' id='word_1_535' title='bbox 2198 3194 2442 3265; x_wconf 88' lang='lat' dir='ltr'><strong>martyrii</strong></span> <span class='ocrx_word' id='word_1_536' title='bbox 2468 3199 2820 3264; x_wconf 68' lang='lat' dir='ltr'><strong>praeeuntem,</strong></span> <span class='ocrx_word' id='word_1_537' title='bbox 2852 3190 3104 3245; x_wconf 88' lang='lat' dir='ltr'><strong>universa</strong></span> <span class='ocrx_word' id='word_1_538' title='bbox 3138 3202 3274 3259; x_wconf 90' lang='lat' dir='ltr'><strong>pene</strong></span> <span class='ocrx_word' id='word_1_539' title='bbox 3303 3187 3484 3258; x_wconf 87' lang='lat' dir='ltr'><strong>gregis</strong></span> <span class='ocrx_word' id='word_1_540' title='bbox 3511 3184 3593 3241; x_wconf 91' lang='lat' dir='ltr'><strong>sui</strong></span> <span class='ocrx_word' id='word_1_541' title='bbox 3633 3184 3785 3238; x_wconf 86' lang='lat' dir='ltr'><strong>mul-</strong></span> 
     </span>
    </p>
   </div>
   <div class='ocr_carea' id='block_1_89' title="bbox 2197 3274 3784 3349">
    <p class='ocr_par' dir='ltr' id='par_1_89' title="bbox 2197 3274 3784 3349">
     <span class='ocr_line' id='line_1_89' title="bbox 2197 3274 3784 3349; baseline -0.008 -11"><span class='ocrx_word' id='word_1_542' title='bbox 2197 3283 2368 3338; x_wconf 89' lang='lat' dir='ltr'><strong>titudo</strong></span> <span class='ocrx_word' id='word_1_543' title='bbox 2408 3290 2594 3337; x_wconf 91' lang='lat' dir='ltr'><strong>secuta</strong></span> <span class='ocrx_word' id='word_1_544' title='bbox 2624 3288 2741 3345; x_wconf 85' lang='lat' dir='ltr'><strong>est;</strong></span> <span class='ocrx_word' id='word_1_545' title='bbox 2775 3293 3003 3349; x_wconf 87' lang='lat' dir='ltr'><strong>quorum</strong></span> <span class='ocrx_word' id='word_1_546' title='bbox 3032 3276 3172 3331; x_wconf 90' lang='lat' dir='ltr'><strong>alios</strong></span> <span class='ocrx_word' id='word_1_547' title='bbox 3202 3274 3458 3346; x_wconf 83' lang='lat' dir='ltr'><strong>praefatus</strong></span> <span class='ocrx_word' id='word_1_548' title='bbox 3484 3284 3784 3346; x_wconf 85' lang='lat' dir='ltr'><strong>tyrannus,</strong></span> 
     </span>
    </p>
   </div>
   <div class='ocr_carea' id='block_1_90' title="bbox 2194 3354 3787 3436">
    <p class='ocr_par' dir='ltr' id='par_1_90' title="bbox 2194 3354 3787 3436">
     <span class='ocr_line' id='line_1_90' title="bbox 2194 3354 3787 3436; baseline -0.008 -6"><span class='ocrx_word' id='word_1_549' title='bbox 2194 3374 2439 3430; x_wconf 88' lang='lat' dir='ltr'><strong>eamdem</strong></span> <span class='ocrx_word' id='word_1_550' title='bbox 2486 3372 2762 3427; x_wconf 87' lang='lat' dir='ltr'><strong>civitatem</strong></span> <span class='ocrx_word' id='word_1_551' title='bbox 2809 3377 2937 3424; x_wconf 91' lang='lat' dir='ltr'><strong>tunc</strong></span> <span class='ocrx_word' id='word_1_552' title='bbox 2989 3366 3247 3436; x_wconf 85' lang='lat' dir='ltr'><strong>temporis</strong></span> <span class='ocrx_word' id='word_1_553' title='bbox 3296 3354 3567 3429; x_wconf 87' lang='lat' dir='ltr'><strong>residens,</strong></span> <span class='ocrx_word' id='word_1_554' title='bbox 3601 3361 3787 3434; x_wconf 79' lang='lat' dir='ltr'><strong>gladio</strong></span> 
     </span>
    </p>
   </div>
   <div class='ocr_carea' id='block_1_91' title="bbox 2195 3454 3791 3534">
    <p class='ocr_par' dir='ltr' id='par_1_91' title="bbox 2195 3454 3791 3534">
     <span class='ocr_line' id='line_1_91' title="bbox 2195 3454 3791 3534; baseline -0.009 -11"><span class='ocrx_word' id='word_1_555' title='bbox 2195 3465 2532 3533; x_wconf 90' lang='lat' dir='ltr'><strong>obtruncari,</strong></span> <span class='ocrx_word' id='word_1_556' title='bbox 2562 3464 2695 3519; x_wconf 89' lang='lat' dir='ltr'><strong>alios</strong></span> <span class='ocrx_word' id='word_1_557' title='bbox 2726 3462 2941 3534; x_wconf 88' lang='lat' dir='ltr'><strong>ignibus</strong></span> <span class='ocrx_word' id='word_1_558' title='bbox 2969 3458 3288 3531; x_wconf 83' lang='lat' dir='ltr'><strong>conflagrari</strong></span> <span class='ocrx_word' id='word_1_559' title='bbox 3308 3500 3322 3525; x_wconf 96' lang='lat'><strong>,</strong></span> <span class='ocrx_word' id='word_1_560' title='bbox 3354 3458 3487 3513; x_wconf 88' lang='lat' dir='ltr'><strong>alios</strong></span> <span class='ocrx_word' id='word_1_561' title='bbox 3516 3454 3791 3510; x_wconf 84' lang='lat' dir='ltr'><strong>naviculis</strong></span> 
     </span>
    </p>
   </div>
   <div class='ocr_carea' id='block_1_92' title="bbox 2196 3546 3789 3631">
    <p class='ocr_par' dir='ltr' id='par_1_92' title="bbox 2196 3546 3789 3631">
     <span class='ocr_line' id='line_1_92' title="bbox 2196 3546 3789 3631; baseline -0.008 -16"><span class='ocrx_word' id='word_1_562' title='bbox 2196 3560 2477 3631; x_wconf 91' lang='lat' dir='ltr'><strong>impositos</strong></span> <span class='ocrx_word' id='word_1_563' title='bbox 2520 3557 2713 3627; x_wconf 84' lang='lat' dir='ltr'><strong>pelago</strong></span> <span class='ocrx_word' id='word_1_564' title='bbox 2737 3553 2981 3625; x_wconf 85' lang='lat' dir='ltr'><strong>immergi</strong></span> <span class='ocrx_word' id='word_1_565' title='bbox 3007 3551 3153 3609; x_wconf 90' lang='lat' dir='ltr'><strong>fecit.</strong></span> <span class='ocrx_word' id='word_1_566' title='bbox 3186 3551 3320 3623; x_wconf 82' lang='lat' dir='ltr'><strong>Ipsis</strong></span> <span class='ocrx_word' id='word_1_567' title='bbox 3344 3548 3579 3605; x_wconf 84' lang='lat' dir='ltr'><strong>fidelium</strong></span> <span class='ocrx_word' id='word_1_568' title='bbox 3604 3546 3789 3602; x_wconf 81' lang='lat' dir='ltr'><strong>turbis</strong></span> 
     </span>
    </p>
   </div>
   <div class='ocr_carea' id='block_1_93' title="bbox 2198 3640 3791 3721">
    <p class='ocr_par' dir='ltr' id='par_1_93' title="bbox 2198 3640 3791 3721">
     <span class='ocr_line' id='line_1_93' title="bbox 2198 3640 3791 3721; baseline -0.009 -15"><span class='ocrx_word' id='word_1_569' title='bbox 2198 3660 2350 3707; x_wconf 87' lang='lat' dir='ltr'><strong>tanto</strong></span> <span class='ocrx_word' id='word_1_570' title='bbox 2380 3664 2476 3721; x_wconf 91' lang='lat' dir='ltr'><strong>per</strong></span> <span class='ocrx_word' id='word_1_571' title='bbox 2507 3648 2596 3703; x_wconf 90' lang='lat' dir='ltr'><strong>Dei</strong></span> <span class='ocrx_word' id='word_1_572' title='bbox 2623 3647 2851 3718; x_wconf 87' lang='lat' dir='ltr'><strong>gratiam</strong></span> <span class='ocrx_word' id='word_1_573' title='bbox 2882 3645 3004 3701; x_wconf 83' lang='lat' dir='ltr'><strong>fidei</strong></span> <span class='ocrx_word' id='word_1_574' title='bbox 3045 3644 3167 3716; x_wconf 85' lang='lat' dir='ltr'><strong>igne</strong></span> <span class='ocrx_word' id='word_1_575' title='bbox 3202 3640 3568 3703; x_wconf 78' lang='lat' dir='ltr'><strong>inflammatis,</strong></span> <span class='ocrx_word' id='word_1_576' title='bbox 3595 3647 3657 3693; x_wconf 87' lang='lat' dir='ltr'><strong>ut</strong></span> <span class='ocrx_word' id='word_1_577' title='bbox 3684 3652 3791 3692; x_wconf 83' lang='lat' dir='ltr'><strong>nec</strong></span> 
     </span>
    </p>
   </div>
   <div class='ocr_carea' id='block_1_94' title="bbox 2200 3730 3791 3815">
    <p class='ocr_par' dir='ltr' id='par_1_94' title="bbox 2200 3730 3791 3815">
     <span class='ocr_line' id='line_1_94' title="bbox 2200 3730 3791 3815; baseline -0.011 -15"><span class='ocrx_word' id='word_1_578' title='bbox 2200 3742 2521 3815; x_wconf 84' lang='lat' dir='ltr'><strong>interrogari</strong></span> <span class='ocrx_word' id='word_1_579' title='bbox 2563 3756 2623 3797; x_wconf 88' lang='lat' dir='ltr'><strong>se</strong></span> <span class='ocrx_word' id='word_1_580' title='bbox 2662 3746 2998 3811; x_wconf 88' lang='lat' dir='ltr'><strong>paterentur,</strong></span> <span class='ocrx_word' id='word_1_581' title='bbox 3025 3737 3120 3792; x_wconf 92' lang='lat' dir='ltr'><strong>sed</strong></span> <span class='ocrx_word' id='word_1_582' title='bbox 3159 3735 3303 3790; x_wconf 92' lang='lat' dir='ltr'><strong>ultro</strong></span> <span class='ocrx_word' id='word_1_583' title='bbox 3343 3733 3397 3788; x_wconf 90' lang='lat' dir='ltr'><strong>in</strong></span> <span class='ocrx_word' id='word_1_584' title='bbox 3437 3731 3689 3786; x_wconf 83' lang='lat' dir='ltr'><strong>ﬂammas</strong></span> <span class='ocrx_word' id='word_1_585' title='bbox 3721 3730 3791 3784; x_wconf 52' lang='lat' dir='ltr'><strong>ire</strong></span> 
     </span>
    </p>
   </div>
   <div class='ocr_carea' id='block_1_95' title="bbox 2200 3829 3786 3906">
    <p class='ocr_par' dir='ltr' id='par_1_95' title="bbox 2200 3829 3786 3906">
     <span class='ocr_line' id='line_1_95' title="bbox 2200 3829 3786 3906; baseline -0.011 -11"><span class='ocrx_word' id='word_1_586' title='bbox 2200 3848 2440 3906; x_wconf 87' lang='lat' dir='ltr'><strong>ruerent,</strong></span> <span class='ocrx_word' id='word_1_587' title='bbox 2466 3838 2549 3893; x_wconf 86' lang='lat' dir='ltr'><strong>vel</strong></span> <span class='ocrx_word' id='word_1_588' title='bbox 2580 3835 2910 3893; x_wconf 71' lang='lat' dir='ltr'><strong>cmdentibus</strong></span> <span class='ocrx_word' id='word_1_589' title='bbox 2932 3833 3125 3905; x_wconf 83' lang='lat' dir='ltr'><strong>gladiis</strong></span> <span class='ocrx_word' id='word_1_590' title='bbox 3151 3831 3395 3887; x_wconf 86' lang='lat' dir='ltr'><strong>cervices</strong></span> <span class='ocrx_word' id='word_1_591' title='bbox 3420 3829 3786 3900; x_wconf 72' lang='lat' dir='ltr'><strong>obiectarent.</strong></span> 
     </span>
    </p>
   </div>
   <div class='ocr_carea' id='block_1_96' title="bbox 2202 3916 3787 4001">
    <p class='ocr_par' dir='ltr' id='par_1_96' title="bbox 2202 3916 3787 4001">
     <span class='ocr_line' id='line_1_96' title="bbox 2202 3916 3787 4001; baseline -0.01 -16"><span class='ocrx_word' id='word_1_592' title='bbox 2202 3930 2475 4001; x_wconf 87' lang='lat' dir='ltr'><strong>Scriptum</strong></span> <span class='ocrx_word' id='word_1_593' title='bbox 2499 3937 2580 3984; x_wconf 88' lang='lat' dir='ltr'><strong>est</strong></span> <span class='ocrx_word' id='word_1_594' title='bbox 2603 3929 2657 3983; x_wconf 93' lang='lat' dir='ltr'><strong>in</strong></span> <span class='ocrx_word' id='word_1_595' title='bbox 2683 3925 3050 3982; x_wconf 90' lang='lat' dir='ltr'><strong>ecclesiastica</strong></span> <span class='ocrx_word' id='word_1_596' title='bbox 3073 3921 3308 3978; x_wconf 85' lang='lat' dir='ltr'><strong>Historia</strong></span> <span class='ocrx_word' id='word_1_597' title='bbox 3332 3920 3425 3976; x_wconf 92' lang='lat' dir='ltr'><strong>lib.</strong></span> <span class='ocrx_word' id='word_1_598' title='bbox 3446 3933 3539 3974; x_wconf 83' lang='lat' dir='ltr'><strong>vrn</strong></span> <span class='ocrx_word' id='word_1_599' title='bbox 3556 3916 3787 3989; x_wconf 74' lang='lat' dir='ltr'><strong>(Euseb.</strong></span> 
     </span>
    </p>
   </div>
   <div class='ocr_carea' id='block_1_97' title="bbox 2202 4018 2504 4088">
    <p class='ocr_par' dir='ltr' id='par_1_97' title="bbox 2202 4018 2504 4088">
     <span class='ocr_line' id='line_1_97' title="bbox 2202 4018 2504 4088; baseline -0.003 -15"><span class='ocrx_word' id='word_1_600' title='bbox 2202 4036 2319 4086; x_wconf 87' lang='lat' dir='ltr'><strong>vtu,</strong></span> <span class='ocrx_word' id='word_1_601' title='bbox 2350 4035 2395 4075; x_wconf 93' lang='lat' dir='ltr'><strong>c.</strong></span> <span class='ocrx_word' id='word_1_602' title='bbox 2429 4018 2504 4088; x_wconf 89' lang='grc'><strong>6).</strong></span> 
     </span>
    </p>
   </div>
   <div class='ocr_carea' id='block_1_98' title="bbox 2635 4123 3335 4184">
    <p class='ocr_par' dir='ltr' id='par_1_98' title="bbox 2635 4123 3335 4184">
     <span class='ocr_line' id='line_1_98' title="bbox 2635 4123 3335 4184; baseline -0.009 0"><span class='ocrx_word' id='word_1_603' title='bbox 2635 4128 2697 4184; x_wconf 84' lang='lat' dir='ltr'><strong>F.</strong></span> <span class='ocrx_word' id='word_1_604' title='bbox 2729 4128 2797 4184; x_wconf 78' lang='grc' dir='ltr'><strong><em>Ν</em></strong></span> <span class='ocrx_word' id='word_1_605' title='bbox 2834 4126 3129 4183; x_wconf 79' lang='lat' dir='ltr'><strong>KALEND.</strong></span> <span class='ocrx_word' id='word_1_606' title='bbox 3174 4123 3335 4180; x_wconf 83' lang='lat' dir='ltr'><strong>MAII.</strong></span> 
     </span>
    </p>
   </div>
   <div class='ocr_carea' id='block_1_99' title="bbox 2859 4217 3135 4291">
    <p class='ocr_par' dir='ltr' id='par_1_99' title="bbox 2859 4217 3135 4291">
     <span class='ocr_line' id='line_1_99' title="bbox 2859 4217 3135 4291; baseline -0.014 -16"><span class='ocrx_word' id='word_1_607' title='bbox 2859 4219 2948 4291; x_wconf 76' lang='lat'><strong>(28</strong></span> <span class='ocrx_word' id='word_1_608' title='bbox 2983 4217 3135 4290; x_wconf 83' lang='lat' dir='ltr'><strong>Apr.)</strong></span> 
     </span>
    </p>
   </div>
   <div class='ocr_carea' id='block_1_100' title="bbox 2274 4302 3791 4384">
    <p class='ocr_par' dir='ltr' id='par_1_100' title="bbox 2274 4302 3791 4384">
     <span class='ocr_line' id='line_1_100' title="bbox 2274 4302 3791 4384; baseline -0.011 -15"><span class='ocrx_word' id='word_1_609' title='bbox 2274 4314 2430 4384; x_wconf 86' lang='lat' dir='ltr'><strong>Apud</strong></span> <span class='ocrx_word' id='word_1_610' title='bbox 2476 4313 2815 4377; x_wconf 75' lang='lat' dir='ltr'><strong>Ravennam,</strong></span> <span class='ocrx_word' id='word_1_611' title='bbox 2842 4309 3023 4365; x_wconf 89' lang='lat' dir='ltr'><strong>natale</strong></span> <span class='ocrx_word' id='word_1_612' title='bbox 3063 4307 3237 4364; x_wconf 89' lang='lat' dir='ltr'><strong>sancti</strong></span> <span class='ocrx_word' id='word_1_613' title='bbox 3285 4304 3471 4359; x_wconf 84' lang='lat' dir='ltr'><strong>Vitalis</strong></span> <span class='ocrx_word' id='word_1_614' title='bbox 3507 4302 3791 4372; x_wconf 79' lang='lat' dir='ltr'><strong>martyris,</strong></span> 
     </span>
    </p>
   </div>
   <div class='ocr_carea' id='block_1_101' title="bbox 2205 4391 3794 4477">
    <p class='ocr_par' dir='ltr' id='par_1_101' title="bbox 2205 4391 3794 4477">
     <span class='ocr_line' id='line_1_101' title="bbox 2205 4391 3794 4477; baseline -0.011 -16"><span class='ocrx_word' id='word_1_615' title='bbox 2205 4407 2379 4477; x_wconf 86' lang='lat' dir='ltr'><strong>patris</strong></span> <span class='ocrx_word' id='word_1_616' title='bbox 2422 4414 2733 4460; x_wconf 89' lang='lat' dir='ltr'><strong>sanctorum</strong></span> <span class='ocrx_word' id='word_1_617' title='bbox 2765 4399 3011 4457; x_wconf 89' lang='lat' dir='ltr'><strong>Gervasii</strong></span> <span class='ocrx_word' id='word_1_618' title='bbox 3036 4407 3093 4455; x_wconf 88' lang='lat' dir='ltr'><strong>et</strong></span> <span class='ocrx_word' id='word_1_619' title='bbox 3119 4395 3350 4456; x_wconf 86' lang='lat' dir='ltr'><strong>Protasii</strong></span> <span class='ocrx_word' id='word_1_620' title='bbox 3379 4412 3391 4450; x_wconf 93' lang='lat'><strong>:</strong></span> <span class='ocrx_word' id='word_1_621' title='bbox 3426 4394 3516 4465; x_wconf 88' lang='lat' dir='ltr'><strong>qui</strong></span> <span class='ocrx_word' id='word_1_622' title='bbox 3545 4391 3794 4447; x_wconf 72' lang='lat' dir='ltr'><strong>militans</strong></span> 
     </span>
    </p>
   </div>
   <div class='ocr_carea' id='block_1_102' title="bbox 2206 4479 3795 4565">
    <p class='ocr_par' dir='ltr' id='par_1_102' title="bbox 2206 4479 3795 4565">
     <span class='ocr_line' id='line_1_102' title="bbox 2206 4479 3795 4565; baseline -0.013 -12"><span class='ocrx_word' id='word_1_623' title='bbox 2206 4513 2329 4553; x_wconf 90' lang='lat' dir='ltr'><strong>cum</strong></span> <span class='ocrx_word' id='word_1_624' title='bbox 2374 4495 2598 4550; x_wconf 90' lang='lat' dir='ltr'><strong>Paulino</strong></span> <span class='ocrx_word' id='word_1_625' title='bbox 2641 4493 2853 4565; x_wconf 84' lang='lat' dir='ltr'><strong>judice,</strong></span> <span class='ocrx_word' id='word_1_626' title='bbox 2886 4491 3197 4545; x_wconf 85' lang='lat' dir='ltr'><strong>Ravennam</strong></span> <span class='ocrx_word' id='word_1_627' title='bbox 3247 4487 3521 4556; x_wconf 86' lang='lat' dir='ltr'><strong>ingressus</strong></span> <span class='ocrx_word' id='word_1_628' title='bbox 3566 4489 3677 4536; x_wconf 90' lang='lat' dir='ltr'><strong>est.</strong></span> <span class='ocrx_word' id='word_1_629' title='bbox 3731 4479 3795 4534; x_wconf 84' lang='lat' dir='ltr'><strong>Et</strong></span> 
     </span>
    </p>
   </div>
   <div class='ocr_carea' id='block_1_103' title="bbox 2206 4571 3793 4651">
    <p class='ocr_par' dir='ltr' id='par_1_103' title="bbox 2206 4571 3793 4651">
     <span class='ocr_line' id='line_1_103' title="bbox 2206 4571 3793 4651; baseline -0.013 -8"><span class='ocrx_word' id='word_1_630' title='bbox 2206 4604 2328 4643; x_wconf 89' lang='lat' dir='ltr'><strong>cum</strong></span> <span class='ocrx_word' id='word_1_631' title='bbox 2360 4586 2567 4640; x_wconf 88' lang='lat' dir='ltr'><strong>videret</strong></span> <span class='ocrx_word' id='word_1_632' title='bbox 2610 4583 2665 4638; x_wconf 92' lang='lat' dir='ltr'><strong>in</strong></span> <span class='ocrx_word' id='word_1_633' title='bbox 2711 4589 3003 4651; x_wconf 88' lang='lat' dir='ltr'><strong>conspectu</strong></span> <span class='ocrx_word' id='word_1_634' title='bbox 3039 4576 3241 4647; x_wconf 89' lang='lat' dir='ltr'><strong>judicis</strong></span> <span class='ocrx_word' id='word_1_635' title='bbox 3288 4576 3370 4629; x_wconf 90' lang='lat' dir='ltr'><strong>sui</strong></span> <span class='ocrx_word' id='word_1_636' title='bbox 3415 4571 3793 4627; x_wconf 86' lang='lat' dir='ltr'><strong>Christianqu</strong></span> 
     </span>
    </p>
   </div>
   <div class='ocr_carea' id='block_1_104' title="bbox 2207 4662 3792 4740">
    <p class='ocr_par' dir='ltr' id='par_1_104' title="bbox 2207 4662 3792 4740">
     <span class='ocr_line' id='line_1_104' title="bbox 2207 4662 3792 4740; baseline -0.012 -5"><span class='ocrx_word' id='word_1_637' title='bbox 2207 4679 2423 4735; x_wconf 88' lang='lat' dir='ltr'><strong>nomine</strong></span> <span class='ocrx_word' id='word_1_638' title='bbox 2449 4676 2773 4740; x_wconf 89' lang='lat' dir='ltr'><strong>Ursicinum,</strong></span> <span class='ocrx_word' id='word_1_639' title='bbox 2796 4682 2911 4729; x_wconf 90' lang='lat' dir='ltr'><strong>arte</strong></span> <span class='ocrx_word' id='word_1_640' title='bbox 2937 4671 3227 4734; x_wconf 88' lang='lat' dir='ltr'><strong>medicum,</strong></span> <span class='ocrx_word' id='word_1_641' title='bbox 3250 4666 3467 4721; x_wconf 90' lang='lat' dir='ltr'><strong>natione</strong></span> <span class='ocrx_word' id='word_1_642' title='bbox 3486 4662 3792 4734; x_wconf 86' lang='lat' dir='ltr'><strong>Ligurium,</strong></span> 
     </span>
    </p>
   </div>
   <div class='ocr_carea' id='block_1_105' title="bbox 2207 4756 3792 4844">
    <p class='ocr_par' dir='ltr' id='par_1_105' title="bbox 2207 4756 3792 4844">
     <span class='ocr_line' id='line_1_105' title="bbox 2207 4756 3792 4844; baseline -0.013 -15"><span class='ocrx_word' id='word_1_643' title='bbox 2207 4781 2329 4844; x_wconf 91' lang='lat' dir='ltr'><strong>post</strong></span> <span class='ocrx_word' id='word_1_644' title='bbox 2350 4770 2510 4825; x_wconf 89' lang='lat' dir='ltr'><strong>nimia</strong></span> <span class='ocrx_word' id='word_1_645' title='bbox 2537 4776 2800 4824; x_wconf 92' lang='lat' dir='ltr'><strong>tormenta</strong></span> <span class='ocrx_word' id='word_1_646' title='bbox 2827 4763 3115 4836; x_wconf 88' lang='lat' dir='ltr'><strong>capitalem</strong></span> <span class='ocrx_word' id='word_1_647' title='bbox 3141 4761 3415 4831; x_wconf 87' lang='lat' dir='ltr'><strong>accepisse</strong></span> <span class='ocrx_word' id='word_1_648' title='bbox 3436 4756 3792 4820; x_wconf 86' lang='lat' dir='ltr'><strong>sententiam,</strong></span> 
     </span>
    </p>
   </div>
   <div class='ocr_carea' id='block_1_106' title="bbox 2208 4844 3794 4927">
    <p class='ocr_par' dir='ltr' id='par_1_106' title="bbox 2208 4844 3794 4927">
     <span class='ocr_line' id='line_1_106' title="bbox 2208 4844 3794 4927; baseline -0.013 -8"><span class='ocrx_word' id='word_1_649' title='bbox 2208 4873 2262 4919; x_wconf 88' lang='lat' dir='ltr'><strong>et</strong></span> <span class='ocrx_word' id='word_1_650' title='bbox 2289 4877 2410 4917; x_wconf 90' lang='lat' dir='ltr'><strong>cum</strong></span> <span class='ocrx_word' id='word_1_651' title='bbox 2435 4859 2673 4915; x_wconf 87' lang='lat' dir='ltr'><strong>venisset</strong></span> <span class='ocrx_word' id='word_1_652' title='bbox 2711 4857 2776 4911; x_wconf 90' lang='lat' dir='ltr'><strong>ad</strong></span> <span class='ocrx_word' id='word_1_653' title='bbox 2806 4855 3039 4927; x_wconf 90' lang='lat' dir='ltr'><strong>palmam</strong></span> <span class='ocrx_word' id='word_1_654' title='bbox 3079 4860 3135 4908; x_wconf 89' lang='lat' dir='ltr'><strong>et</strong></span> <span class='ocrx_word' id='word_1_655' title='bbox 3168 4849 3492 4921; x_wconf 73' lang='lat' dir='ltr'><strong>expavisset,</strong></span> <span class='ocrx_word' id='word_1_656' title='bbox 3518 4844 3794 4901; x_wconf 77' lang='lat' dir='ltr'><strong>exclama-</strong></span> 
     </span>
    </p>
   </div>
   <div class='ocr_carea' id='block_1_107' title="bbox 2207 4937 3795 5016">
    <p class='ocr_par' dir='ltr' id='par_1_107' title="bbox 2207 4937 3795 5016">
     <span class='ocr_line' id='line_1_107' title="bbox 2207 4937 3795 5016; baseline -0.013 -7"><span class='ocrx_word' id='word_1_657' title='bbox 2207 4951 2483 5016; x_wconf 81' lang='lat' dir='ltr'><strong>vitzNoli,</strong></span> <span class='ocrx_word' id='word_1_658' title='bbox 2534 4949 2661 5015; x_wconf 87' lang='lat' dir='ltr'><strong>noli,</strong></span> <span class='ocrx_word' id='word_1_659' title='bbox 2718 4948 2963 5004; x_wconf 89' lang='lat' dir='ltr'><strong>Ursicine</strong></span> <span class='ocrx_word' id='word_1_660' title='bbox 3003 4943 3242 5007; x_wconf 89' lang='lat' dir='ltr'><strong>medice,</strong></span> <span class='ocrx_word' id='word_1_661' title='bbox 3273 4940 3365 5010; x_wconf 91' lang='lat' dir='ltr'><strong>qui</strong></span> <span class='ocrx_word' id='word_1_662' title='bbox 3413 4937 3549 4992; x_wconf 89' lang='lat' dir='ltr'><strong>alios</strong></span> <span class='ocrx_word' id='word_1_663' title='bbox 3593 4949 3795 4990; x_wconf 85' lang='lat' dir='ltr'><strong>curare</strong></span> 
     </span>
    </p>
   </div>
   <div class='ocr_carea' id='block_1_108' title="bbox 2208 5022 3790 5110">
    <p class='ocr_par' dir='ltr' id='par_1_108' title="bbox 2208 5022 3790 5110">
     <span class='ocr_line' id='line_1_108' title="bbox 2208 5022 3790 5110; baseline -0.015 -10"><span class='ocrx_word' id='word_1_664' title='bbox 2208 5041 2506 5107; x_wconf 86' lang='lat' dir='ltr'><strong>consuesti,</strong></span> <span class='ocrx_word' id='word_1_665' title='bbox 2536 5048 2588 5095; x_wconf 89' lang='lat' dir='ltr'><strong>te</strong></span> <span class='ocrx_word' id='word_1_666' title='bbox 2612 5039 2785 5110; x_wconf 90' lang='lat' dir='ltr'><strong>ipsum</strong></span> <span class='ocrx_word' id='word_1_667' title='bbox 2812 5045 3027 5090; x_wconf 70' lang='lat' dir='ltr'><strong>reternre</strong></span> <span class='ocrx_word' id='word_1_668' title='bbox 3051 5030 3243 5088; x_wconf 87' lang='lat' dir='ltr'><strong>mortis</strong></span> <span class='ocrx_word' id='word_1_669' title='bbox 3254 5027 3441 5100; x_wconf 89' lang='lat' dir='ltr'><strong>jaculo</strong></span> <span class='ocrx_word' id='word_1_670' title='bbox 3465 5022 3790 5079; x_wconf 85' lang='lat' dir='ltr'><strong>vulnerare!</strong></span> 
     </span>
    </p>
   </div>
   <div class='ocr_carea' id='block_1_109' title="bbox 2211 5117 3789 5207">
    <p class='ocr_par' dir='ltr' id='par_1_109' title="bbox 2211 5117 3789 5207">
     <span class='ocr_line' id='line_1_109' title="bbox 2211 5117 3789 5207; baseline -0.017 -13"><span class='ocrx_word' id='word_1_671' title='bbox 2211 5139 2277 5194; x_wconf 81' lang='lat' dir='ltr'><strong>Et</strong></span> <span class='ocrx_word' id='word_1_672' title='bbox 2302 5137 2392 5207; x_wconf 90' lang='lat' dir='ltr'><strong>qui</strong></span> <span class='ocrx_word' id='word_1_673' title='bbox 2421 5149 2516 5206; x_wconf 90' lang='lat' dir='ltr'><strong>per</strong></span> <span class='ocrx_word' id='word_1_674' title='bbox 2544 5131 2826 5204; x_wconf 90' lang='lat' dir='ltr'><strong>passiones</strong></span> <span class='ocrx_word' id='word_1_675' title='bbox 2868 5128 3063 5183; x_wconf 89' lang='lat' dir='ltr'><strong>nimias</strong></span> <span class='ocrx_word' id='word_1_676' title='bbox 3092 5121 3289 5181; x_wconf 88' lang='lat' dir='ltr'><strong>venisti</strong></span> <span class='ocrx_word' id='word_1_677' title='bbox 3316 5119 3383 5175; x_wconf 91' lang='lat' dir='ltr'><strong>ad</strong></span> <span class='ocrx_word' id='word_1_678' title='bbox 3409 5117 3664 5190; x_wconf 86' lang='lat' dir='ltr'><strong>palmam,</strong></span> <span class='ocrx_word' id='word_1_679' title='bbox 3695 5129 3789 5170; x_wconf 86' lang='lat' dir='ltr'><strong>eo-</strong></span> 
     </span>
    </p>
   </div>
   <div class='ocr_carea' id='block_1_110' title="bbox 2212 5207 3798 5294">
    <p class='ocr_par' dir='ltr' id='par_1_110' title="bbox 2212 5207 3798 5294">
     <span class='ocr_line' id='line_1_110' title="bbox 2212 5207 3798 5294; baseline -0.018 -8"><span class='ocrx_word' id='word_1_680' title='bbox 2212 5244 2399 5286; x_wconf 88' lang='lat' dir='ltr'><strong>rouam</strong></span> <span class='ocrx_word' id='word_1_681' title='bbox 2450 5226 2533 5281; x_wconf 87' lang='lat' dir='ltr'><strong>vis</strong></span> <span class='ocrx_word' id='word_1_682' title='bbox 2581 5223 2804 5294; x_wconf 88' lang='lat' dir='ltr'><strong>perdere</strong></span> <span class='ocrx_word' id='word_1_683' title='bbox 2843 5236 2873 5275; x_wconf 92' lang='lat' dir='ltr'><strong>a</strong></span> <span class='ocrx_word' id='word_1_684' title='bbox 2916 5218 3144 5275; x_wconf 88' lang='lat' dir='ltr'><strong>Domino</strong></span> <span class='ocrx_word' id='word_1_685' title='bbox 3187 5209 3588 5286; x_wconf 66' lang='lat' dir='ltr'><strong>praeparatam?</strong></span> <span class='ocrx_word' id='word_1_686' title='bbox 3615 5207 3798 5276; x_wconf 85' lang='lat' dir='ltr'><strong>thue</strong></span> 
     </span>
    </p>
   </div>
   <div class='ocr_carea' id='block_1_111' title="bbox 2214 5297 3792 5392">
    <p class='ocr_par' dir='ltr' id='par_1_111' title="bbox 2214 5297 3792 5392">
     <span class='ocr_line' id='line_1_111' title="bbox 2214 5297 3792 5392; baseline -0.018 -15"><span class='ocrx_word' id='word_1_687' title='bbox 2214 5318 2532 5392; x_wconf 85' lang='lat' dir='ltr'><strong>martyrium</strong></span> <span class='ocrx_word' id='word_1_688' title='bbox 2586 5311 2983 5370; x_wconf 89' lang='lat' dir='ltr'><strong>consummavit</strong></span> <span class='ocrx_word' id='word_1_689' title='bbox 3036 5310 3179 5365; x_wconf 89' lang='lat' dir='ltr'><strong>idem</strong></span> <span class='ocrx_word' id='word_1_690' title='bbox 3230 5302 3555 5392; x_wconf 67' lang='lat' dir='ltr'><strong>Ursicinus_,</strong></span> <span class='ocrx_word' id='word_1_691' title='bbox 3606 5297 3792 5353; x_wconf 86' lang='lat' dir='ltr'><strong>statim</strong></span> 
     </span>
    </p>
   </div>
   <div class='ocr_carea' id='block_1_112' title="bbox 2216 5389 3798 5475">
    <p class='ocr_par' dir='ltr' id='par_1_112' title="bbox 2216 5389 3798 5475">
     <span class='ocr_line' id='line_1_112' title="bbox 2216 5389 3798 5475; baseline -0.018 -6"><span class='ocrx_word' id='word_1_692' title='bbox 2216 5389 2409 5469; x_wconf 84' lang='lat' dir='ltr'><strong>beatus</strong></span> <span class='ocrx_word' id='word_1_693' title='bbox 2450 5407 2644 5463; x_wconf 68' lang='lat' dir='ltr'><strong>\‘italis</strong></span> <span class='ocrx_word' id='word_1_694' title='bbox 2688 5420 2884 5475; x_wconf 90' lang='lat' dir='ltr'><strong>corpus</strong></span> <span class='ocrx_word' id='word_1_695' title='bbox 2911 5400 3027 5471; x_wconf 80' lang='lat' dir='ltr'><strong>ejus</strong></span> <span class='ocrx_word' id='word_1_696' title='bbox 3065 5399 3279 5470; x_wconf 87' lang='lat' dir='ltr'><strong>rapiens</strong></span> <span class='ocrx_word' id='word_1_697' title='bbox 3324 5395 3469 5450; x_wconf 84' lang='lat' dir='ltr'><strong>intra</strong></span> <span class='ocrx_word' id='word_1_698' title='bbox 3511 5389 3798 5445; x_wconf 80' lang='lat' dir='ltr'><strong>Ravenna-</strong></span> 
     </span>
    </p>
   </div>
   <div class='ocr_carea' id='block_1_113' title="bbox 2220 5479 3794 5569">
    <p class='ocr_par' dir='ltr' id='par_1_113' title="bbox 2220 5479 3794 5569">
     <span class='ocr_line' id='line_1_113' title="bbox 2220 5479 3794 5569; baseline -0.017 -11"><span class='ocrx_word' id='word_1_699' title='bbox 2220 5505 2353 5559; x_wconf 92' lang='lat' dir='ltr'><strong>tium</strong></span> <span class='ocrx_word' id='word_1_700' title='bbox 2400 5500 2586 5556; x_wconf 89' lang='lat' dir='ltr'><strong>urbem</strong></span> <span class='ocrx_word' id='word_1_701' title='bbox 2632 5495 2899 5569; x_wconf 89' lang='lat' dir='ltr'><strong>sepelivit,</strong></span> <span class='ocrx_word' id='word_1_702' title='bbox 2923 5493 2989 5549; x_wconf 90' lang='lat' dir='ltr'><strong>ad</strong></span> <span class='ocrx_word' id='word_1_703' title='bbox 3020 5491 3257 5562; x_wconf 89' lang='lat' dir='ltr'><strong>judicem</strong></span> <span class='ocrx_word' id='word_1_704' title='bbox 3281 5485 3425 5541; x_wconf 88' lang='lat' dir='ltr'><strong>ultra</strong></span> <span class='ocrx_word' id='word_1_705' title='bbox 3453 5479 3642 5538; x_wconf 89' lang='lat' dir='ltr'><strong>venire</strong></span> <span class='ocrx_word' id='word_1_706' title='bbox 3664 5492 3794 5569; x_wconf 37' lang='lat' dir='ltr'><strong>coni</strong></span> 
     </span>
    </p>
   </div>
   <div class='ocr_carea' id='block_1_114' title="bbox 2220 5566 3795 5656">
    <p class='ocr_par' dir='ltr' id='par_1_114' title="bbox 2220 5566 3795 5656">
     <span class='ocr_line' id='line_1_114' title="bbox 2220 5566 3795 5656; baseline -0.02 -6"><span class='ocrx_word' id='word_1_707' title='bbox 2220 5605 2485 5650; x_wconf 86' lang='lat' dir='ltr'><strong>temnens.</strong></span> <span class='ocrx_word' id='word_1_708' title='bbox 2534 5566 2737 5647; x_wconf 84' lang='lat' dir='ltr'><strong>Tentus</strong></span> <span class='ocrx_word' id='word_1_709' title='bbox 2779 5588 2961 5656; x_wconf 86' lang='lat' dir='ltr'><strong>itaque</strong></span> <span class='ocrx_word' id='word_1_710' title='bbox 2989 5599 3019 5638; x_wconf 90' lang='lat' dir='ltr'><strong>a</strong></span> <span class='ocrx_word' id='word_1_711' title='bbox 3046 5579 3275 5638; x_wconf 79' lang='lat' dir='ltr'><strong>Paulino</strong></span> <span class='ocrx_word' id='word_1_712' title='bbox 3310 5572 3580 5634; x_wconf 87' lang='lat' dir='ltr'><strong>consulari</strong></span> <span class='ocrx_word' id='word_1_713' title='bbox 3630 5569 3701 5624; x_wconf 87' lang='lat' dir='ltr'><strong>ob</strong></span> <span class='ocrx_word' id='word_1_714' title='bbox 3742 5566 3795 5621; x_wconf 90' lang='lat' dir='ltr'><strong>id</strong></span> 
     </span>
    </p>
   </div>
   <div class='ocr_carea' id='block_1_115' title="bbox 3652 362 3883 420">
    <p class='ocr_par' dir='ltr' id='par_1_115' title="bbox 3652 362 3883 420">
     <span class='ocr_line' id='line_1_115' title="bbox 3652 362 3883 420; baseline -0.009 0"><span class='ocrx_word' id='word_1_715' title='bbox 3652 362 3883 420; x_wconf 51' lang='grc' dir='ltr'><strong>ξων</strong></span> 
     </span>
    </p>
   </div>
  </div>
