3962 6366
132 385 254 442 253

806 385 1408 445 MARTYROLOGIUM
1444 388 1588 445 CUM
1629 386 2162 452 ADDITAMENTIS.
2194 394 2504 453 ——'MENS.
2543 399 2682 453 MAI.

3256 426 3263 433 η
3291 402 3396 459 254

132 499 386 555 maxime
406 537 423 563 ,
482 496 607 566 quia
656 494 940 565 praefatum
992 497 1300 553 Ursicinum
1352 499 1405 553 in
1459 496 1727 567 passionis
1754 500 1801 559 A
1830 504 2107 571 gentilium
2144 522 2285 563 caeco
2316 507 2497 562 furore
2522 517 2578 563 et
2618 508 2807 565 ciliciis
2835 512 3156 569 militaribus
3183 516 3250 571 ad
3279 523 3393 572 tene

137 603 328 659 agone
349 586 585 658 positum
611 587 724 642 suis
755 587 1223 643 exhortationibus
1246 588 1577 651 roborasset,
1602 593 1726 656 post

137 678 366 750 equulei
394 684 658 732 tormenta
677 678 861 748 jussus
888 687 972 733 est
999 679 1216 749 perduci
1248 679 1315 733 ad
1341 678 1593 748 palmam.
1622 675 1727 730 Lo-

126 786 251 827 .cus
289 777 466 824 autem
496 768 586 823 ubi
624 768 1030 824 decollabantur
1078 770 1369 825 Christiani
1409 770 1513 825 hoc
1561 768 1724 823 habe-

142 864 249 918 bat
275 860 624 926 vocabulum,
655 876 721 917 eo
748 862 890 931 quod
922 863 1140 917 arbores
1167 862 1359 933 palma:
1388 862 1494 917 illic
1520 868 1721 916 essent.

147 952 219 1006 Et
244 952 387 1006 facta
420 951 577 1006 fovea
605 965 883 1022 quousque
928 952 1447 1023 invenireturaqua,
1478 951 1552 1007 ibi
1583 949 1728 1019 supi-

148 1056 255 1096 nus
303 1040 606 1109 depositus,
629 1051 686 1096 et
715 1048 859 1095 terra
903 1056 968 1096 ac
1014 1042 1279 1111 lapidibus
1307 1057 1596 1113 oppressus
1622 1054 1723 1099 est.

146 1130 362 1200 Conjux
406 1143 622 1199 quoque
665 1129 782 1199 ejus
831 1129 1068 1197 Valeria,
1096 1146 1217 1186 cum
1265 1140 1631 1188 reverteretur
1659 1133 1725 1188 ad

149 1222 345 1276 urbem
371 1218 866 1286 Mediolanensium,
894 1218 1127 1291 Sylvano
1154 1221 1525 1276 sacriﬁcantes
1550 1222 1729 1277 incur-

149 1313 255 1377 rit;
282 1325 518 1380 cumque
549 1326 669 1366 eam
695 1311 1023 1382 deponcntes
1046 1313 1111 1367 de
1148 1313 1417 1384 sagmario
1446 1314 1729 1367 hortaren-

148 1414 243 1459 tur
263 1406 335 1459 de
365 1403 660 1460 idolothitis
704 1404 1049 1470 manducare,
1080 1419 1182 1460 nec
1222 1405 1323 1461 sibi
1369 1406 1588 1462 omnino
1614 1405 1731 1461 lici-

151 1504 269 1552 tum
300 1504 616 1561 testaretur,
645 1494 769 1565 quia
798 1508 942 1552 esset
982 1481 1321 1564 Christiana;
1363 1498 1528 1552 nimia
1554 1500 1623 1554 ab
1650 1498 1729 1553 eis

153 1588 301 1643 aede
348 1595 582 1642 mactata
629 1595 731 1653 est,
759 1596 819 1642 ut
857 1588 946 1642 vix
990 1589 1317 1645 seminecem
1360 1588 1442 1644 sui
1486 1589 1731 1646 homines

140 1691 277 1763 eam
304 1677 371 1732 ad
393 1675 843 1732 Mediolanensem
863 1679 1051 1734 urbem
1074 1680 1454 1749 perducerent.
1493 1679 1623 1749 Qua:
1649 1679 1732 1735 in-

160 1763 244 1820 fra
267 1765 484 1821 biduum
512 1765 764 1836 migravit
791 1768 860 1822 ad
891 1767 1198 1824 Dominum.

225 1856 568 1912 Alexandriae
602 1869 652 1924 ι,
682 1858 860 1913 natale
908 1869 1111 1915 sancta:
1140 1862 1433 1917 Tlteodorze
1482 1862 1724 1934 virginis,
1757 1841 1803 1901 Β

158 1964 276 2020 qua:
300 1948 608 2004 sacrificare
635 1957 1005 2014 contemnens,
1027 1951 1082 2006 in
1107 1951 1334 2021 lupanar
1356 1953 1574 2020 tradita,
1596 1953 1731 2009 miro

160 2042 251 2097 Dei
282 2041 466 2096 favore
489 2049 670 2111 erepta
695 2051 799 2097 est.
838 2042 1062 2098 Astante
1087 2045 1283 2113 quippe
1303 2043 1413 2113 jam
1444 2045 1513 2099 ad
1533 2045 1729 2100 ostium

161 2131 366 2195 cellulae
394 2128 736 2185 multitudine
762 2130 1019 2200 juvenum
1066 2131 1479 2202 impudicorum,
1510 2141 1732 2203 repente

163 2223 383 2292 quidam
428 2237 494 2277 ex
526 2220 807 2285 fratribus,
839 2220 1096 2293 Didymus
1128 2223 1366 2289 nomine,
1394 2222 1580 2293 plenus
1605 2223 1727 2286 (ide,

161 2312 418 2366 divinitus
446 2311 771 2382 inspiratus,
802 2319 1015 2383 sumpto
1044 2312 1263 2367 militari
1294 2311 1501 2377 habitu,
1525 2313 1732 2383 primus

160 2402 386 2471 lupanar
409 2401 619 2470 irrupit,
653 2409 708 2455 et
733 2410 932 2457 sanctas
961 2402 1154 2474 virgini
1181 2418 1278 2458 cur
1312 2403 1549 2459 venisset
1571 2418 1733 2473 expo-

161 2506 321 2556 nens,
351 2490 428 2545 illi
472 2490 730 2546 militares
774 2491 999 2561 imponit
1043 2492 1293 2556 exuvias,
1328 2492 1440 2562 ipse
1481 2491 1731 2563 virginali

164 2590 322 2638 veste
350 2584 604 2638 induitur.
641 2584 732 2641 Sic
759 2585 911 2656 virgo
947 2602 1184 2658 egressa,
1209 2595 1263 2642 et
1289 2602 1320 2641 a
1353 2586 1499 2641 nullo
1529 2587 1728 2657 agnita,

167 2674 239 2728 ad
267 2673 535 2731 civitatem
564 2676 767 2748 fugiens
793 2679 984 2734 evasit.
1018 2678 1276 2750 Didymus
1319 2679 1533 2749 praesidi
1575 2678 1732 2733 exhi-

163 2763 335 2830 bitus,
359 2773 412 2820 et
434 2779 587 2821 omne
607 2765 807 2822 factum
829 2776 1142 2824 constanter
1162 2781 1451 2837 exponens,
1479 2766 1735 2821 Christia-

162 2875 292 2914 num
322 2875 382 2915 se
409 2875 527 2916 esse
552 2860 862 2927 confessus,
892 2861 1103 2917 absciso
1145 2860 1322 2930 capite
1352 2860 1464 2932 igni
1507 2859 1733 2915 traditus

162 2957 266 3005 est.
292 2948 460 3004 Beata
482 2964 695 3022 quoque
718 2951 888 3021 virgo,
918 2966 1036 3022 qua:
1062 2966 1159 3021 pro
1196 2951 1395 3005 tuenda
1425 2949 1734 3021 virginitate

144 3053 229 3109 ex
260 3039 503 3110 lupanari
539 3041 767 3113 fugerat,
802 3056 986 3097 amore
1011 3056 1224 3097 corona:
1247 3040 1500 3096 continuo
1525 3041 1591 3095 ad
1617 3048 1729 3095 sta-

164 3129 307 3185 dium
335 3146 598 3203 regressa,
626 3132 785 3189 simul
807 3148 929 3189 cum
952 3133 1178 3202 Didyme
1196 3136 1550 3204 percussa,'et
1575 3132 1732 3190 simul

166 3229 246 3276 081.
273 3233 557 3276 coronata.

234 3313 438 3369 Eodem
461 3314 547 3369 die
572 3314 903 3386 Aphrodisii,
926 3314 1199 3387 Carilippi,
1221 3314 1410 3386 Agapii
1438 3323 1491 3370 et
1518 3314 1736 3371 Eusebii
1804 3310 1807 3313 ’

170 3418 252 3456 ma
262 3414 338 3472 rty
351 3418 469 3457 rum
478 3442 492 3455 .

235 3493 370 3546 item
398 3493 450 3547 in
482 3492 777 3559 Pannonia,
809 3493 980 3548 sancti
1014 3491 1268 3548 Pollionis
1297 3492 1571 3564 martyris.

604 3599 670 3656 ϐ.
709 3600 773 3656 Ill
808 3600 1099 3655 KALEND.
1137 3599 1300 3654 MAI].

820 3691 908 3763 (29
946 3692 1097 3761 Apr.)

248 3781 400 3852 Apud
459 3782 741 3851 Paphum,
789 3781 1009 3853 Tyebici
1070 3783 1434 3853 apostolorum
1496 3781 1739 3853 discipuli

171 3872 336 3944 (Ep/2.
363 3887 446 3936 vt;
475 3870 537 3925 II
566 3871 698 3926 Tim.
738 3871 835 3944 tv).

240 3963 296 4016 La
345 3961 591 4018 Numidia
641 3965 780 4035 apud
824 3963 1163 4021 Cirthensem
1212 3966 1503 4032 coloniam,
1546 3967 1742 4023 natalis

165 4061 482 4108 sanctorum
510 4062 804 4126 martyrum
833 4054 1023 4126 Agapii
1052 4066 1108 4111 et
1142 4057 1435 4112 Secundini
1462 4058 1742 4129 episcopo-

164 4160 291 4199 rum
350 4161 365 4197 :
416 4144 508 4215 qui
569 4144 944 4214 persecutione
993 4145 1308 4213 Valeriani,
1356 4156 1478 4217 post
1527 4148 1743 4217 longum

163 4232 425 4288 exsilium
454 4232 591 4301 apud
615 4231 895 4303 prmfatam
924 4233 1127 4297 urbem,
1155 4234 1208 4289 in
1229 4249 1334 4305 qua
1361 4244 1487 4289 tunc
1512 4235 1745 4291 maxime

140 4380 145 4385 ’
239 4398 266 4426 ε
296 4384 516 4452 Ambr.,
548 4384 643 4441 lib.
673 4401 709 4440 ιι
734 4386 799 4441 de
819 4383 1027 4442 Virrio.
1057 4385 1218 4442 habet
1244 4386 1562 4444 Antiochiae.

1828 595 2042 649 tandam
2087 595 2357 667 justorum
2408 598 2563 653 ﬁdem
2613 601 2789 657 rabies
2840 602 3037 658 diaboli
3088 604 3395 663 infestantis

1826 689 2088 756 inhiabat,
2118 707 2186 747 ex
2214 691 2409 748 illustri
2439 695 2740 751 sacerdotio
2772 695 2946 752 effecti
2977 707 3104 753 sunt
3130 708 3393 771 martyres

1825 782 2061 854 gloriosi.
2110 785 2262 841 Passi
2306 796 2430 842 sunt
2469 788 2522 842 in
2569 805 2755 844 eorum
2804 790 3028 860 collegio
3070 790 3395 849 {Emilianus

1825 874 1998 938 miles,
2031 875 2266 931 Tertulla
2307 886 2361 932 et
2385 877 2616 933 Antonia
2663 896 2831 936 sacrae
2865 882 3136 953 virgines,
3167 892 3222 938 et
3246 898 3396 954 qum-

1825 964 1949 1020 dam
1971 966 2163 1022 mulier
2188 983 2307 1023 cum
2334 968 2448 1023 suis
2477 970 2722 1040 geminis.

2161 1091 2239 1155 'A.
2286 1100 2510 1157 PRIDIE
2549 1102 2841 1159 KALEND.
2882 1105 3043 1161 MAII.

2470 1212 2560 1283 (δυ
2596 1215 2749 1285 Apr.)

1897 1324 2098 1381 Natalis
2126 1335 2431 1383 sanctorum
2479 1338 2774 1401 martyrum
2817 1331 3042 1387 Mariani
3087 1343 3141 1388 et
3186 1333 3393 1402 Jacobi,

1827 1418 1857 1471 .b
1880 1433 2106 1488 quorum
2152 1420 2301 1491 prior
2329 1419 2517 1484 lector,
2560 1423 2828 1489 posterior
2870 1423 3128 1480 diaconus
3163 1434 3301 1481 erat.
3329 1427 3398 1482 Et

1828 1523 1949 1563 cum
1977 1508 2297 1579 jampridem
2333 1509 2705 1567 infestationes
2734 1513 2978 1569 Deciana:
3004 1517 3397 1584 persecutionis

1827 1596 1883 1653 in
1931 1597 2269 1653 confessione
2314 1599 2513 1655 Christi
2562 1601 2814 1657 evicisset
2862 1588 3399 1671 Marianus,iteru’m

1828 1703 1949 1742 cum
1973 1688 2298 1744 charissima
2326 1689 2527 1759 collega
2555 1697 2734 1747 tentus
2761 1702 2864 1757 est,
2893 1695 3033 1762 apud
3062 1694 3401 1751 Cirthensem

1829 1777 2114 1833 coloniam.
2164 1778 2265 1833 Ubi
2305 1788 2428 1849 post
2468 1781 2587 1836 dira
2617 1790 2671 1839 et
2701 1784 2969 1852 exquisita
3014 1784 3274 1855 supplicia
3304 1786 3403 1854 (ita

1831 1875 1891 1922 ut
1916 1866 2186 1926 Marianus
2210 1884 2307 1940 per
2337 1887 2575 1928 summos
2602 1873 2780 1943 apices
2805 1876 3058 1944 pollicum
3084 1890 3401 1946 suspensus,

1832 1965 1890 2013 ut
1908 1958 2059 2028 gravi
2089 1959 2324 2028 pondere
2351 1962 2576 2030 pedibus
2601 1964 2852 2031 innexus,
2880 1965 3256 2021 crudelissime
3286 1974 3401 2021 tor-

1831 2053 2107 2123 queretur)
2138 2054 2226 2109 diu
2266 2056 2319 2110 in
2349 2071 2567 2113 carcere
2601 2061 2856 2115 macerati
2894 2069 3039 2116 sunt.
3072 2060 3178 2117 Sed
3207 2062 3405 2118 divinis

1830 2143 2249 2200 revelationibus
2288 2145 2606 2201 mirabiliter
2626 2149 2936 2216 confortati,
2960 2150 3148 2205 deinde
3170 2151 3402 2207 Lambe-

1832 2235 2060 2291 sitanam
2107 2237 2291 2291 urbem
2341 2238 2531 2293 directi
2581 2239 2647 2293 ad
2697 2241 3013 2309 praesidem,
3065 2243 3139 2297 ibi
3190 2258 3403 2298 rursum

1831 2324 1989 2397 longo
2018 2333 2256 2395 tempore
2284 2327 2545 2381 carcerali
2592 2328 2864 2398 ergastulo
2909 2330 3199 2401 mancipati
3245 2339 3401 2397 sunt;

1831 2420 1926 2474 sed
1955 2420 2149 2474 iterum
2180 2419 2377 2473 divinis
2400 2420 2822 2476 revelationibus
2853 2421 3087 2489 allevati,
3112 2423 3403 2479 novissime

1831 2523 1951 2564 cum
1978 2508 2161 2565 multis
2197 2508 2319 2564 aliis
2346 2510 2522 2580 gladio
2546 2513 2901 2567 consummati
2935 2522 3075 2568 sunt.

1902 2598 2147 2671 (Gregor.
2192 2598 2320 2654 Tur.
2366 2600 2430 2654 de
2465 2598 2647 2655 Gloria
2687 2610 2942 2672 martyr.,
2976 2618 3027 2657 c.
3059 2602 3172 2670 56.)
3200 2602 3399 2657 Eodem

1832 2690 1918 2747 die
1942 2692 2083 2761 apud
2117 2691 2387 2745 civitatem
2424 2690 2712 2758 Sautonas,
2738 2693 2931 2748 natalis
2957 2694 3127 2748 sancti
3153 2679 3403 2763 Eutropi‘s

1831 2783 2104 2856 martyris,
2135 2784 2227 2854 qui
2255 2799 2286 2838 a
2319 2783 2477 2839 beato
2503 2782 2775 2839 Clemente
2804 2785 3055 2855 episcopo
3082 2784 3319 2839 directus
3346 2783 3402 2837 in

1831 2873 2058 2939 Gallias;
2093 2876 2161 2930 ab
2187 2874 2373 2931 eodem
2417 2874 2577 2929 etiam
2622 2874 2944 2943 pontiﬁcalis
2986 2875 3190 2930 ordinis
3230 2875 3409 2945 gratia

1833 2974 2211 3030 consecratus,
2241 2964 2460 3034 impleto
2487 2964 2648 3033 hujus
2677 2963 2836 3020 oﬂicii
2862 2965 3072 3033 ordine,
3101 2974 3319 3037 peracta
3350 2966 3404 3021 in

1833 3053 2122 3110 incredulis
2146 3054 2544 3126 praedicatione,
2576 3054 2977 3126 insurgentibus
3006 3055 3246 3124 paganis,
3272 3069 3408 3124 quos

1837 3155 2027 3202 auctor
2070 3146 2283 3201 invidia:
2329 3145 2551 3201 credere
2588 3161 2692 3201 non
2734 3146 2999 3216 permisit,
3048 3144 3187 3201 illiso
3230 3146 3408 3217 capite

1839 3236 2011 3292 victor
2030 3236 2299 3290 occubuit.
2333 3235 2574 3305 Denique
2599 3244 2721 3304 post
2743 3235 2906 3290 multa
2928 3251 3189 3292 annorum
3211 3237 3405 3307 spatia,

1838 3340 1961 3381 cum
2005 3325 2273 3380 Palladius
2318 3326 2557 3395 ejusdem
2588 3326 2739 3382 urbis
2769 3328 3067 3399 episcopus,
3095 3338 3152 3384 et
3196 3344 3317 3385 cum
3344 3342 3410 3384 eo

1838 3414 1929 3470 alii
1973 3414 2073 3469 viri
2105 3414 2220 3479 Dei,
2250 3429 2444 3484 corpus
2488 3413 2622 3482 ejus,
2651 3415 2814 3471 debiti
2866 3418 3086 3473 honoris
3130 3418 3320 3488 gratia,
3351 3418 3407 3472 in

1837 3505 2112 3560 basilicam
2143 3520 2333 3559 novam
2364 3505 2745 3573 transferrent,
2774 3517 3013 3563 reserato
3055 3509 3409 3580 sarcophago,

1839 3595 2185 3668 contemplati
2232 3603 2356 3651 sunt
2398 3595 2706 3651 cicatricem
2750 3597 2962 3666 capitis,
3014 3612 3121 3667 qua
3167 3597 3221 3652 in
3258 3611 3414 3668 parte

1840 3688 2074 3745 deﬁxum
2126 3688 2298 3742 fuerat
2337 3688 2540 3744 securis
2591 3703 2837 3744 acumen.
2879 3688 3122 3760 Cumque
3166 3690 3414 3760 sequenti

1841 3787 1997 3834 nocte
2036 3779 2353 3835 stravissent
2400 3779 2709 3836 sacerdotes
2748 3781 2990 3835 membra
3034 3780 3219 3851 quieti,
3251 3796 3419 3852 appa-.

1841 3867 1949 3922 ruit
1994 3866 2074 3923 eis
2112 3882 2207 3937 per
2249 3867 2447 3933 visum,
2492 3867 2677 3923 dicens
2702 3886 2714 3923 :
2738 3867 3056 3926 Cicatricem
3094 3884 3255 3940 quam
3287 3884 3415 3925 con-

1844 3956 2082 4027 templati
2125 3957 2256 4012 estis
2282 3957 2334 4011 in
2361 3956 2556 4027 capite,
2583 3956 2780 4014 scitote
2816 3973 2906 4015 me
2942 3973 3038 4030 per
3065 3972 3190 4015 ean:
3211 3967 3416 4029 marty-

1843 4050 1982 4103 rium
2010 4063 2430 4104 consummasse.

1911 4138 2068 4211 Apud
2093 4139 2299 4205 Asiam,
2320 4139 2501 4210 passio
2526 4139 2699 4195 sancti
2722 4138 2939 4195 Maximi
2969 4139 3244 4211 martyris,
3264 4138 3418 4210 cujus

1842 4240 1993 4305 gesta
2021 4233 2305 4288 habentur.
2840 4244 2845 4249 ·

1846 4392 1850 4397 ’
1916 4390 1945 4431 ιι
1977 4390 2053 4446 De
2074 4389 2162 4445 his
2190 4388 2246 4444 in
2276 4389 2442 4444 "estis
2466 4397 2775 4445 sanctorum
2806 4388 3029 4445 Mariani
3053 4397 3108 4445 et
3127 4386 3333 4444 Jacobi.

1408 4671 1712 4729 LITANIA'I
1746 4671 2158 4730 lNDlCENDJE.

1432 4843 1807 4922 MENSIS
1881 4843 2062 4922 MAI
2079 4841 2202 4921 US

1172 5032 1380 5074 HABET
1422 5032 1562 5074 DIES
1606 5033 1810 5090 XXXI;
1858 5033 2020 5075 LUNA
2063 5031 2251 5086 VERO,
2289 5031 2450 5074 XXX.

662 5285 723 5342 B.
765 5285 1057 5343 KALEND.
1095 5286 1253 5344 MAI].

832 5380 880 5451 (ι
924 5379 1099 5453 Maii.)

237 5469 495 5526 Jeremize
515 5473 804 5543 prophetae.

244 5562 320 5616 Et
366 5561 554 5617 natalis
597 5563 956 5634 apostolorum
1006 5562 1234 5636 Philippi
1282 5574 1336 5620 ct
1384 5564 1568 5621 Jacobi
1599 5578 1622 5606 ιι
1657 5564 1750 5619 lilii

250 5753 281 5783 ι
310 5740 445 5809 Vide
469 5741 700 5797 libellum
731 5742 796 5797 de
827 5741 972 5797 Fest.
1002 5743 1189 5811 Apost.

1857 5291 2037 5350 Mariae
2074 5310 2194 5364 qua:
2221 5294 2323 5348 fuit
2365 5309 2519 5350 soror
2562 5294 2751 5352 reatris
2788 5295 3021 5362 Domini,
3048 5292 3189 5349 unde
3227 5291 3423 5348 fratres

1859 5383 2067 5439 Domini
2096 5386 2432 5441 dicebantur.

1928 5476 1983 5530 In
2008 5475 2192 5532 Galliis
2221 5476 2495 5531 territorio
2519 5476 2839 5540 Vivariensi,
2874 5476 2925 5529 iu
2951 5475 3069 5530 loco
3089 5473 3177 5543 qui
3204 5479 3424 5527 vocatus

1858 5577 1940 5624 est
1986 5569 2279 5639 antiquitus
2324 5569 2592 5639 gentibus,
2642 5556 2812 5624 sancti
2864 5566 3046 5621 Ancoli
3090 5562 3422 5630 subdiaconi,
