3962 6366
585 301 653 357 55
1316 270 1325 283 ’
1546 300 1605 357 s.
1643 300 1894 359 Aoorus
1934 282 2369 362 An'cmsrtsc.
2414 304 2821 365 VIENNENSIS

546 408 707 464 quem
735 393 883 451 misit
900 394 968 449 ab
988 393 1210 452 Oriente
1235 403 1453 452 sanctus
1476 395 1803 467 Polyearpus
1824 412 1947 453 cum
1967 395 2127 454 Beato
2152 404 2202 460 Α
2230 402 2586 470 grammatico
2600 401 2930 458 sufﬁcienter
2946 402 3275 460 Athanasius
3295 402 3483 461 fuisset
3497 404 3826 477 instructus,

547 485 786 558 Benigno
812 498 866 542 et
886 487 1167 544 Andochio
1189 488 1544 560 presbyteris,
1562 498 1616 544 et
1636 488 1849 560 Thyrso
1877 490 2128 555 diacono,

548 576 614 630 ad
643 577 1043 646 praedicandum
1074 578 1297 634 verbum
1328 579 1420 634 Dei
1445 579 1498 632 in
1525 578 1781 635 Calliam.
1808 578 1973 651 Cujus
1995 593 2131 649 pm-

545 666 820 722 dicatione
841 667 1025 723 Caesar
1054 668 1287 725 Severus
1311 679 1608 741 comperta,
1637 671 1870 741 spinosis
1895 669 2131 728 fustibus

548 759 923 816 crudelissime
948 760 1271 833 flagellatum
1297 763 1350 816 in
1374 777 1651 819 carcerem
1677 762 1819 819 trudi
1850 762 2127 833 praecepit,

547 861 602 906 et
649 850 752 906 alia
795 852 882 907 die
919 853 1237 922 productum
1294 870 1418 909 cum
1469 855 1677 911 videret
1728 854 1974 925 superari
2022 869 2131 910 non

544 957 723 1014 posse,
746 941 909 1011 jussit
937 943 1004 998 ad
1031 934 1441 1001 similitudinem
1472 946 1634 1018 gladii
1684 947 1750 1003 de
1777 946 1923 1019 ligno
1953 946 2133 1002 duris-

544 1034 683 1090 simo
723 1049 906 1089 ensem
942 1034 1081 1100 ﬁeri,
1112 1045 1169 1091 et
1213 1037 1269 1092 in
1311 1038 1491 1094 crucis
1536 1039 1755 1093 modum
1804 1046 1965 1108 caput
2013 1038 2132 1109 ejus

543 1124 737 1179 scindi.
787 1125 940 1193 Quod
984 1140 1108 1180 cum
1156 1126 1356 1182 factum
1404 1127 1614 1193 fuisset,
1649 1127 1783 1184 eliso
1829 1128 1884 1184 in
1930 1135 2130 1185 terram

542 1219 782 1282 cerebro,
816 1219 1049 1290 gloriosa
1080 1221 1581 1277 morte.translatus
1611 1229 1715 1277 est.

612 1309 743 1365 item
778 1309 998 1365 civitate
1042 1309 1364 1375 Sedunensi,
1395 1311 1516 1368 loco
1553 1311 1798 1382 Agauno,
1828 1309 2008 1381 passio
2040 1308 2128 1364 Si-

540 1401 808 1472 gismundi
837 1402 979 1473 regis
1002 1401 1094 1457 ﬁlii
1117 1402 1475 1468 Gundebaldi,
1500 1403 1643 1474 regis
1666 1402 2125 1474 Burgundionum.

542 1493 797 1561 Quicum
839 1511 898 1550 se
937 1504 1187 1551 cerneret
1227 1511 1337 1551 non
1377 1509 1536 1565 posse
1581 1493 1806 1549 Francis
1852 1493 2129 1558 resistere,

542 1583 689 1640 solus
735 1584 967 1654 fugiens,
1015 1600 1171 1639 coma
1227 1585 1513 1653 deposita,
1559 1583 1802 1639 habitum
1851 1580 2129 1651 religionis

539 1677 796 1746 suscepit,
818 1684 874 1731 et
892 1674 1136 1745 jejuniis,
1164 1675 1363 1747 vigiliis
1382 1690 1447 1731 ac
1466 1673 1804 1730 orationibus
1831 1672 1920 1729 die
1946 1680 2131 1726 nocte-

2232 494 2489 549 continuo
2535 502 2789 565 tanquam
2834 495 2991 552 fidele
3034 496 3248 551 Domini
3294 498 3771 567 commendatum,
3797 516 3829 557 ι

2231 586 2545 656 parentibus
2594 587 2896 643 restituitur
2936 588 3231 656 sacerdoti,
3272 604 3339 646 ac
3383 590 3550 647 veluti
3597 591 3831 653 Samuel

2233 676 2452 747 quidam
2494 677 2549 733 in
2592 678 2792 749 templo
2837 678 3049 734 Domini
3096 681 3367 748 nutritur;
3397 690 3454 737 et
3488 683 3558 738 ab
3584 697 3659 740 eo
3705 699 3830 755 per.

2231 775 2393 838 gente
2431 770 2499 824 ad
2540 777 2726 840 patres
2765 770 2819 825 in
2865 779 3147 828 senectute
3187 772 3349 839 bona,
3392 773 3461 829 ad
3492 776 3827 845 portandum

2232 867 2354 928 post
2382 874 2441 915 se
2466 860 2655 931 Ephod
2684 862 3020 918 sacerdotale
3062 863 3334 936 deligitur.
3384 864 3557 937 Hujus
3600 867 3745 921 tanti
3773 868 3825 923 in

2235 949 2472 1006 Ecclesia
2490 965 2590 1021 pro
2616 951 2737 1007 ﬁdei
2762 952 3074 1025 integritate
3095 969 3296 1025 agones
3315 954 3555 1023 fuerunt,
3572 965 3641 1012 ut
3662 958 3825 1013 etiam

2230 1043 2301 1098 de
2329 1044 2432 1099 hoc
2463 1044 2712 1100 videatur
2735 1045 2939 1101 dictum
2965 1061 3086 1102 esse
3112 1047 3241 1102 illud
3264 1048 3407 1117 quod
3429 1048 3701 1118 scriptum
3723 1057 3824 1115 est,

2232 1133 2346 1204 Ego
2381 1137 2519 1188 enim
2552 1136 2823 1190 ostendam
2856 1138 2903 1190 ei
2931 1146 3184 1207 quantum
3211 1154 3307 1208 pro
3334 1139 3541 1203 nomine
3562 1154 3685 1193 meo
3709 1155 3824 1194 eum

2230 1226 2342 1294 pali
2370 1235 2602 1295 oporteat
2629 1224 2679 1298 (1
2706 1226 2835 1298 Reg.
2859 1243 2913 1296 1;
2940 1229 3054 1282 Act.
3082 1228 3182 1300 ιι).
3207 1228 3266 1284 lu
3289 1227 3448 1298 hujus
3472 1230 3682 1286 etenim
3708 1245 3826 1302 per-

2210 1314 2539 1372 secutiones
2585 1315 2873 1373 universus
2915 1316 3219 1387 coniuravit
3260 1320 3429 1385 orbis,
3460 1328 3521 1376 et
3561 1324 3825 1378 commoti

2233 1415 2361 1462 sunt
2384 1407 2656 1479 principes
2683 1418 2876 1473 terrae:
2901 1422 3111 1487 gentes,
3143 1426 3332 1483 regna,
3371 1413 3657 1470 exercitus
3683 1414 3825 1472 coie-

2232 1511 2361 1556 runt
2389 1501 2647 1558 adversus
2667 1516 2824 1568 eum;
2855 1503 3158 1573 multasque
3180 1503 3507 1560 Arianorum
3529 1520 3823 1576 perpessa

2232 1593 2478 1660 insidias,
2505 1601 2617 1650 toto
2659 1594 2792 1649 orbe
2837 1592 3098 1666 profugus
3128 1594 3339 1666 agitur;
3371 1594 3551 1650 nullus
3580 1603 3735 1651 tutus
3759 1596 3820 1650 ad

2232 1683 2504 1738 latendum
2528 1691 2809 1753 supererat
2821 1682 3241 1749 locus.Tribuni,
3257 1684 3555 1754 praepositi,
3572 1685 3818 1751 comites,

537 1783 645 1837 (Ille
686 1783 909 1835 vacans.
948 1777 1138 1839 0391118
1180 1783 1213 1823 ει
1257 1767 1484 1824 Ρηηοίε
1528 1775 1614 1823 εει
1665 1782 1789 1822 Cum
1842 1778 2013 1820 uxore
2061 1779 2127 1819 ac
2156 1777 2202 1837 B
2229 1775 2499 1830 exercitus
2526 1790 2740 1855 quoque
2769 1777 2837 1832 ad
2867 1776 3297 1847 investigandum
3338 1792 3460 1833 eum
3502 1788 3816 1834 moventur.

542 1854 701 1920 ﬁliis,
733 1856 785 1912 in
815 1866 1145 1928 puteumque
1186 1857 1467 1914 demersus
1510 1857 1781 1914 occubuit.
1824 1856 1955 1911 Post
1996 1869 2127 1910 vero

542 1944 725 1999 abbati
762 1945 974 2000 cuidam
1004 1946 1296 2013 revelatus,
1323 1955 1378 2002 et
1404 1947 1473 2002 ab
1510 1961 1576 2002 eo
1603 1953 1920 2002 reverenter
1948 1942 2127 2001 secul-

538 2036 833 2101 tus,etiam
863 2037 1138 2093 miraculis
1165 2037 1382 2093 claruit.

1009 2194 1072 2251 C.
1115 2193 1179 2249 Vl
1229 2193 1459 2251 NONAS
1498 2192 1661 2248 MAIl.

1190 2308 1250 2379 (ε
1288 2308 1468 2379 Maii.)

609 2419 859 2494 (Hieron.
887 2421 952 2477 de
982 2420 1178 2493 Script.
1210 2423 1337 2477 εισι.
1359 2462 1375 2489 ,
1403 2437 1454 2478 c.
1488 2422 1575 2478 l5.
1609 2420 1748 2477 Buff.
1783 2420 1819 2475 l.
1855 2435 1896 2487 ι,
1925 2433 1974 2476 c.
2008 2417 2123 2490 14.)

544 2514 752 2569 Natalis
778 2515 953 2571 sancti
982 2515 1155 2586 patris
1189 2515 1360 2571 nostri
1408 2515 1713 2579 Athanasii,
1742 2513 2124 2570 Alexandrinae

534 2604 686 2660 urbis
714 2605 951 2677 episcOpi
980 2614 1036 2662 et
1071 2605 1418 2663 confessoris.
1452 2604 1554 2673 Qui
1587 2605 1754 2660 multa
1797 2603 2123 2660 Arianorum

531 2709 821 2765 perpessus
852 2695 1096 2763 insidiis,
1126 2696 1542 2767 quadragesimo
1569 2705 1625 2751 et
1650 2702 1808 2752 sexto
1851 2708 1992 2748 anno
2036 2706 2124 2748 sa-

532 2785 761 2840 cerdotii
787 2785 892 2851 sui,
916 2795 1039 2857 post
1057 2786 1258 2842 multos
1273 2800 1491 2857 agones,
1516 2784 1822 2855 multasque
1848 2782 2122 2855 patientiae

533 2889 799 2941 coronas,
835 2876 1041 2946 quievit
1070 2877 1124 2931 in
1153 2891 1305 2946 pace.
1353 2875 1452 2931 Hie
1492 2877 1578 2931 vir
1622 2877 1766 2932 acris
1813 2874 2035 2947 ingenii,
2066 2880 2122 2928 et

534 2963 925 3019 ecclesiasticis
955 2965 1184 3035 negotiis
1224 2966 1469 3035 apprime
1516 2966 1746 3036 vigilans
1787 2965 1908 3020 fuit.
1952 2962 2122 3034 Hujus

532 3054 689 3125 origo
712 3064 767 3109 et
788 3070 818 3109 a
846 3071 1016 3126 puero
1041 3055 1330 3123 institutio,
1355 3055 1444 3111 tali
1472 3060 1631 3112 modo
1654 3065 1942 3112 narratur:
1960 3056 2121 3112 Tem-

2231 1864 2396 1940 (Buff.
2433 1867 2527 1923 lib.
2558 1884 2598 1933 ι,
2628 1884 2677 1925 c.
2724 1868 2790 1923 18
2814 1879 2869 1924 et
2895 1868 3006 1938 l9.)
3037 1869 3242 1925 Edictis
3272 1870 3648 1940 imperialibus
3673 1888 3818 1942 pra:-

2228 1957 2337 2012 mia
2367 1955 2698 2014 delatoribus
2720 1954 3112 2029 proponuntur,
3138 1959 3181 2014 si
3205 1959 3327 2029 quis
3346 1960 3529 2014 vivum
3557 1962 3819 2027 maxime,

2229 2052 2315 2107 sin
2346 2052 2526 2107 minus
2553 2061 2700 2108 certe
2725 2062 2890 2124 caput
2914 2053 3197 2110 Athanasii
3226 2053 3529 2110 detulisset.
3576 2054 3655 2109 ita
3690 2055 3820 2111 totis

2230 2142 2386 2211 regni
2409 2142 2616 2198 viribus
2644 2142 2844 2199 frustra
2870 2143 3132 2200 adversus
3154 2160 3276 2202 eum
3300 2144 3412 2217 (cui
3438 2146 3584 2201 Deus
3606 2145 3819 2216 aderat)

2229 2234 2560 2288 certabatur.
2602 2233 2824 2296 interea,
2858 2250 2954 2291 sex
2993 2236 3267 2291 continuis
3297 2236 3455 2291 anuis
3485 2238 3558 2291 ita
3592 2238 3819 2293 latuisse

2228 2322 2406 2377 fertur
2426 2324 2480 2379 in
2508 2324 2626 2379 lacu
2649 2325 2898 2382 cisterna:
2923 2341 3029 2382 non
3058 2328 3306 2384 habentis
3329 2344 3545 2407 aquam,
3566 2338 3625 2383 ut
3644 2329 3816 2384 solem

2228 2430 2503 2485 nunquam
2538 2416 2751 2473 viderit.
2799 2418 2907 2474 Sed
2936 2435 3060 2475 cum
3094 2418 3208 2490 jam
3247 2420 3361 2485 sibij
3388 2420 3595 2483 nullum
3632 2420 3815 2478 locum

2230 2512 2401 2559 tutum
2449 2505 2659 2562 videret
2688 2508 2957 2579 (proditus
3002 2508 3266 2580 siquidem
3308 2509 3487 2566 fuerat
3514 2526 3614 2581 per
3637 2512 3815 2566 ancil-

2226 2593 2356 2659 lam,
2382 2610 2502 2665 quae
2541 2595 2654 2651 sola
2700 2596 2915 2653 conscia
2941 2605 3058 2654 erat
3096 2598 3435 2654 dominorum
3477 2582 3699 2667 officiis,
3727 2602 3815 2671 qui

2226 2690 2275 2744 ei
2323 2689 2558 2746 latebras
2589 2691 2989 2765 praebuerant),
3019 2694 3086 2747 ad
3117 2691 3468 2748 Constantem
3512 2693 3812 2749 Galliarum

2225 2780 2521 2852 principem
2555 2782 2721 2852 fugit;
2755 2798 2786 2837 a
2812 2799 2921 2853 quo
2949 2783 3082 2839 satis
3109 2783 3407 2839 honoriﬁce
3451 2783 3815 2855 religioseque

2226 2880 2508 2941 susceptus
2536 2881 2639 2926 est.
2682 2871 2891 2942 Quique
2920 2888 3083 2928 causa
3110 2874 3246 2943 ejus,
3276 2888 3439 2943 quam
3477 2871 3617 2927 fama
3652 2889 3811 2929 com-

2226 2968 2463 3033 pererat,
2488 2960 2798 3032 diligentius
2842 2963 3078 3034 cognita,
3106 2963 3296 3018 scribit
3324 2963 3393 3017 ad
3428 2962 3682 3028 fratrem,
3721 2979 3815 3033 pro

2228 3062 2377 3111 certo
2411 3056 2740 3125 comperisse
2793 3057 2935 3126 quod
2984 3057 3236 3111 sacerdos
3280 3056 3370 3111 Dei
3403 3055 3815 3111 summi‘Atha-

532 3156 667 3212 pore
706 3159 816 3214 quo
851 3145 996 3215 apud
1042 3144 1425 3201 Alexandriam
1472 3146 1621 3201 Petri
1668 3148 1926 3218 martyris
1974 3147 2119 3202 diem
2149 3133 2194 3194 C
2229 3146 2413 3201 nasius
2446 3144 2643 3215 injuste
2690 3145 2926 3218 fugatus,
2959 3146 3146 3202 exsilia
3193 3155 3488 3217 pateretur.
3533 3145 3816 3201 Reversus

533 3229 839 3288 Alexander
884 3234 1170 3304 episcopus
1199 3236 1429 3306 agebat,
1457 3251 1581 3291 cum
1631 3245 1754 3306 post
1794 3237 2008 3308 expleta
2035 3252 2125 3293 so-

535 3318 737 3374 lemnia
794 3330 1159 3378 conventuros
1213 3324 1282 3377 ad
1333 3324 1639 3379 convivium
1687 3340 1845 3381 suum
1894 3326 2124 3382 clericos

532 3417 893 3479 exspectaret,
923 3411 977 3466 in
1015 3411 1134 3467 loco
1177 3413 1317 3467 mari
1346 3413 1525 3470 vicino
1555 3414 1700 3471 videt
1735 3414 1948 3471 eminus
1985 3431 2121 3487 pue-

532 3511 716 3552 rorum
746 3514 909 3571 super
932 3516 1084 3557 oram
1109 3501 1276 3558 maris
1302 3502 1507 3570 ludum,
1540 3503 1868 3560 imitantium
1899 3505 1981 3577 (ut
2003 3505 2120 3560 ﬁeri

533 3590 690 3663 solet)
713 3593 1043 3664 episcopum,
1076 3604 1239 3665 atque
1263 3609 1328 3650 ea
1357 3609 1478 3665 quae
1503 3595 1558 3650 in
1586 3595 1835 3651 ecclesiis
1863 3596 1976 3667 geri
2002 3610 2120 3651 mos

530 3688 635 3737 est.
683 3681 792 3738 Sed
827 3699 950 3739 cum
997 3684 1237 3739 intentus
1285 3684 1494 3740 diutino
1526 3698 1721 3754 pueros
1766 3686 2120 3755 inspectaret,

533 3771 678 3827 videt
698 3773 766 3828 ab
788 3773 872 3829 his
893 3774 1006 3845 geri
1027 3775 1192 3829 etiam
1212 3774 1507 3830 secretiora
1527 3775 1772 3844 quaedam
1795 3784 1850 3832 et
1870 3777 2115 3848 mystica.

529 3861 907 3931 Perturbatus,
940 3866 1086 3921 illico
1115 3868 1297 3922 vocari
1323 3867 1391 3921 ad
1418 3882 1476 3921 se
1500 3867 1728 3922 clericos
1751 3866 1923 3937 jubet,
1953 3878 2119 3939 atque

529 3954 609 4009 eis
660 3954 790 4025 quid
816 3956 1028 4011 eminus
1086 3957 1201 4025 ipse
1247 3957 1455 4012 videret
1487 3958 1741 4017 ostendit.
1790 3958 1927 4014 Tum
1969 3959 2120 4016 abire

529 4059 641 4108 eos,
669 4052 725 4099 et
749 4047 1173 4116 comprehensos
1200 4047 1267 4102 ad
1302 4063 1361 4104 sc
1387 4047 1653 4104 adducere
1690 4066 1882 4106 omnes
1920 4066 2120 4121 pueros

528 4134 777 4204 imperat.
826 4135 1067 4208 Cumque
1113 4139 1387 4206 adessent,
1420 4141 1545 4210 quis
1582 4142 1663 4197 cis
1704 4142 1881 4208 ludus,
1907 4143 2117 4214 etquid

527 4223 784 4295 egissent,
818 4226 900 4282 vel
928 4228 1198 4297 quomodo
1226 4236 1600 4299 percontatur.
1647 4229 1725 4285 illi
1756 4231 1838 4304 (ut
1863 4231 1987 4287 talis
2016 4232 2115 4287 ha-

527 4316 617 4373 bet
640 4319 793 4389 aetas)
825 4320 1003 4389 pavidi
1030 4337 1226 4392 negare
1252 4322 1450 4392 primo.
1478 4322 1613 4378 Dein
1638 4337 1753 4378 rem
1782 4331 1990 4395 gestam
2013 4339 2115 4395 per

524 4408 773 4464 ordinem
802 4412 1075 4481 pandunt,
1106 4422 1160 4468 et
1199 4413 1502 4484 baptizatos
1526 4431 1557 4470 a
1588 4430 1647 4470 se
1673 4415 1936 4486 quosdam
1966 4426 2114 4473 cate-

2228 3234 2412 3305 itaque
2457 3236 2523 3290 ad
2564 3236 2938 3292 Constantium
2986 3251 3108 3291 cum
3142 3236 3361 3303 litteris,
3403 3236 3471 3291 ad
3505 3234 3816 3291 Ecclesiam

2227 3342 2381 3383 suam
2421 3327 2755 3399 permittitur
2796 3328 2896 3383 ire.
2947 3327 3015 3383 Et
3042 3343 3231 3383 rursus
3257 3336 3378 3397 post
3405 3336 3631 3382 mortem
3668 3327 3815 3381 illius

2229 3420 2461 3492 fugatus,
2488 3436 2658 3491 usque
2685 3419 2753 3475 ad
2798 3418 3065 3475 Joviniani
3095 3420 3381 3491 imperium
3414 3419 3571 3482 latuit
3593 3433 3675 3484 λεί
3705 3436 3813 3491 quo

2226 3512 2524 3568 honoriﬁce
2552 3522 2608 3566 et
2632 3511 3042 3567 oﬁiciosissimis
3072 3512 3268 3568 litteris
3307 3511 3598 3581 requisitos
3629 3512 3815 3568 eccle-

2223 3605 2426 3660 siarum
2474 3605 2950 3675 diSponendarnm,
2982 3605 3094 3676 jam
3150 3613 3383 3661 statutus
3428 3605 3481 3659 in
3531 3603 3669 3660 sede
3718 3621 3815 3659 sua

2224 3698 2431 3766 accepit
2456 3705 2802 3766 potestatem.
2833 3697 3063 3753 Moritur
3088 3696 3531 3767 Valentinianiet
3557 3696 3814 3755 Valentis

2223 3785 2610 3853 imperatorum
2636 3795 2894 3855 tempore.

2295 3877 2494 3932 Eodem
2533 3878 2643 3943 die,
2687 3879 2882 3933 natalis
2927 3887 3238 3934 sanctorum
3271 3878 3645 3934 Saturuiui'ct
3678 3879 3814 3936 Neo-

2219 3967 2379 4037 polis.
2408 3967 2500 4023 oui
2531 3967 2583 4023 in
2613 3982 2833 4024 carcere
2865 3969 3267 4038 requicvcrunt.

2706 4101 2769 4155 D.
2814 4103 2854 4158 V
2895 4100 3124 4164 NONAS
3161 4100 3321 4156 MAI].

2868 4211 2925 4283 (δ
2964 4211 3142 4282 Maii.)

2284 4319 2671 4392 Jerosolymis,
2702 4321 2944 4377 inventio
2996 4329 3200 4379 sanctae
3248 4320 3430 4376 crucis
3477 4321 3549 4375 ab
3596 4318 3814 4379 Helena

2218 4412 2422 4482 regina,
2453 4413 2553 4467 sub
2596 4411 2952 4468 Constantino
2997 4411 3260 4483 principe,
3289 4410 3447 4482 cujus
3473 4418 3532 4465 et
3562 4411 3687 4480 ipsa
3719 4428 3816 4468 ex-

525 4502 823 4557 ebumcuos
874 4502 1228 4571 conﬁtentur,
1272 4519 1370 4573 per
1424 4504 1816 4571 Athanasium,
1849 4506 1942 4575 qui
2000 4506 2112 4561 ludi
2141 4487 2191 4546 Ι)
2215 4500 2353 4555 stitit
2376 4508 2568 4557 mater.
2599 4501 2928 4557 inventionis
2955 4511 3134 4556 autem
3159 4500 3379 4571 pretiosi
3407 4500 3538 4570 ligni
3569 4500 3812 4556 historia

524 4589 668 4646 illius
714 4592 938 4660 puerilis
967 4593 1251 4663 episc0pus
1280 4592 1460 4647 fuerat
1500 4594 1808 4649 simulatus.
1843 4594 1979 4649 Tum
2021 4594 2112 4651 ille

523 4684 810 4755 diligenter
834 4686 1113 4757 inquirens
1141 4687 1210 4741 ab
1236 4686 1321 4742 bis
1348 4687 1440 4756 qui
1478 4686 1737 4756 baptizati
1766 4686 2106 4752 dicebantur,

520 4776 652 4845 quid
683 4776 999 4845 interrogati
1029 4777 1247 4844 fuerint,
1275 4777 1471 4849 quidve
1515 4777 1918 4848 responderint,
1946 4778 2109 4841 simul

520 4873 578 4921 et
611 4865 681 4920 ab
718 4881 784 4922 eo
824 4867 915 4938 qui
967 4867 1437 4938 interrogaverat:
1464 4867 1556 4923 ubi
1595 4868 1777 4934 videt,
1810 4867 2107 4924 secundum

522 4954 797 5024 religionis
826 4966 1025 5012 nostra:
1064 4958 1226 5012 ritum
1265 4966 1459 5013 cuncta
1497 4967 1785 5013 constare.
1813 4957 2111 5014 collocutus

521 5061 645 5101 cum
676 5046 908 5102 concilio
936 5047 1257 5104 clericorum
1296 5049 1554 5105 statuisse
1585 5050 1821 5105 traditur
1850 5048 1955 5104 illis
1983 5049 2107 5119 qui-

521 5137 624 5192 bus
648 5137 870 5209 integris
893 5138 1402 5209 iuterrogationibus
1422 5147 1477 5195 et
1501 5139 1943 5210 responsionibus
1967 5154 2108 5210 aqua

522 5224 700 5285 fuerat
746 5228 941 5297 infusa,
989 5230 1175 5286 iterari
1217 5231 1544 5302 baptismum
1589 5246 1695 5287 non
1745 5231 1966 5298 debere,
2010 5232 2107 5288 sed

520 5319 800 5391 adimpleri
820 5336 883 5376 ea
907 5337 1026 5391 qua:
1040 5337 1070 5376 a
1089 5320 1460 5378 sacerdotibus
1482 5335 1600 5376 mos
1620 5329 1724 5377 est.
1748 5321 2104 5377 Athanasium

527 5423 653 5465 vero
683 5418 847 5480 atque
871 5425 966 5466 eos
990 5426 1126 5482 quos
1162 5410 1315 5466 ludus
1344 5410 1448 5467 iste
1481 5410 1564 5467 vel
1592 5412 1936 5483 presbyteros
1956 5411 2103 5467 visus

523 5499 702 5555 fuerat
729 5502 811 5556 vel
843 5503 1143 5568 ministros,
1167 5503 1477 5558 convocatis
1505 5502 1851 5573 parentibus,
1880 5504 1980 5558 sub
2009 5504 2103 5559 Dei

523 5590 881 5647 obtestatione
906 5608 1001 5648 eos
1031 5593 1196 5648 tradit
1242 5591 1500 5648 Ecclesiae
1546 5593 1882 5650 nutriendos.
1928 5593 2102 5652 Parvo

438 5756 444 5762 ι
525 5689 704 5738 autem
752 5692 939 5741 exacto
982 5694 1251 5757 tempore,
1282 5701 1404 5744 cum
1432 5702 1461 5742 a
1492 5687 1705 5745 notario
1735 5686 1961 5761 integre,
1992 5696 2045 5744 et
2070 5704 2101 5744 a

2213 4592 2433 4662 cognitu
2458 4591 2618 4662 digna
2641 4592 2715 4647 ita
2740 4607 2800 4648 se
2814 4593 2978 4647 habet
3006 4610 3018 4646 :
3041 4591 3338 4655 Adrianus,
3362 4591 3454 4661 qui
3475 4590 3813 4646 undecimus

2213 4680 2398 4737 Cmsar
2423 4690 2477 4736 et
2502 4683 2797 4752 imperator
2817 4681 3004 4736 Roma:
3031 4688 3175 4748 erat,
3200 4680 3525 4735 existimans
3553 4695 3617 4735 sc
3644 4680 3811 4737 ﬁdem

2212 4773 2582 4830 Christianam
2614 4773 2716 4829 loci
2747 4772 2942 4843 injuria
2968 4780 3376 4844 perempturum
3399 4813 3414 4837 ,
3442 4772 3498 4826 in
3529 4772 3654 4828 loco
3683 4789 3816 4831 nas.

2212 4864 2382 4919 sionis
2424 4863 2776 4919 simulacrum
2810 4862 2959 4919 Jovis
2991 4863 3353 4919 consecravit.
3402 4862 3468 4916 Et
3517 4863 3807 4919 Bethleem

2212 4952 2475 5008 Adonidis
2501 4952 2627 5007 f'ano
2664 4953 2950 5025 profanata
2976 4962 3078 5017 est,
3114 4961 3172 5007 ut
3201 4952 3357 5022 quasi
3406 4953 3563 5008 radix
3589 4964 3645 5007 et
3682 4954 3814 5009 fun-

2213 5045 2522 5099 damentum
2553 5042 2810 5099 Ecclesia:
2839 5043 3138 5109 tolleretur,
3167 5043 3211 5097 si
3255 5044 3310 5096 iu
3351 5042 3437 5096 his
3478 5040 3617 5097 locis
3660 5042 3812 5096 idola

2211 5136 2520 5192 colerentur
2566 5136 2619 5190 in
2648 5136 2844 5205 quibus
2883 5136 3130 5191 Christus
3167 5144 3326 5190 natus
3361 5144 3445 5189 cst
3485 5143 3546 5189 ut
3580 5144 3811 5206 patere-

2215 5237 2319 5293 tur,
2345 5243 2538 5299 passus
2565 5236 2733 5283 estut
2779 5236 3111 5299 resurgeret,
3147 5227 3387 5282 surrexit
3425 5233 3486 5280 ut
3524 5238 3810 5297 regnaret,

2205 5319 2370 5390 judex
2420 5318 2505 5374 vel
2550 5335 2644 5374 rex
2682 5316 2971 5387 judicaret.
3019 5318 3079 5372 lu
3120 5318 3399 5373 Bethleem
3444 5331 3663 5388 quoque
3708 5318 3811 5373 ubi

2211 5420 2504 5483 agnoverat
2533 5411 2632 5465 bos
2672 5424 3040 5480 possessorem
3069 5426 3225 5465 suum
3254 5409 3390 5479 (Isa.
3426 5409 3489 5477 I),
3529 5418 3586 5463 et
3610 5410 3813 5465 asinus

2208 5516 2448 5572 praesepe
2477 5502 2688 5557 Domini
2724 5500 2831 5567 sui,
2858 5501 2930 5555 ibi
2961 5500 3233 5572 principes
3259 5500 3540 5555 hominum
3566 5500 3811 5558 inﬁciati

2210 5594 2543 5649 Salvatorcm
2574 5593 2809 5660 Domini,
2843 5594 3069 5650 infames
3109 5594 3386 5649 hominum
3427 5609 3641 5650 amores
3681 5611 3811 5649 mo-

2212 5704 2405 5757 resque
2443 5688 2744 5744 coluerunt.
2789 5685 3007 5743 l‘rodita
3050 5703 3187 5743 novo
3219 5687 3395 5744 sidere
3428 5688 3575 5759 regis
3605 5690 3811 5746 teter-ni
