3962 6366
136 372 276 431 957

862 373 1467 432 ΜΑΙιΤΥιιοιοϐιυΜ
1507 373 1649 430 CUM
1685 369 2227 427 ADDITAMENTIS.
2252 403 2319 412 —
2353 372 2558 459 MEES.
2596 372 2757 428 MAil.

3336 373 3443 432 258

138 491 259 546 ubi
294 487 569 547 cunabula
597 487 869 560 supplices
893 502 1016 543 cum
1046 489 1160 544 suis
1178 489 1371 560 opibus
1398 489 1759 545 adoraverant
1783 491 1837 552 Α
1859 482 1979 538 loco
2012 481 2392 538 testificatione
2432 482 2749 538 confirmata
2800 491 2903 539 est.
2931 483 3098 540 iussit
3131 483 3293 551 illico,
3343 498 3438 537 ur-

139 578 437 645 Chaldzci,
466 580 545 637 ibi
569 578 828 635 barbaras
858 577 1109 633 libidines
1139 586 1491 635 sacraverunt
1525 577 1759 633 Romani

144 669 395 740 (Each.
442 670 561 741 vn).
612 668 714 725 Ubi
758 676 947 724 natum
983 667 1321 725 Salvatorem
1357 683 1482 724 cum
1516 667 1757 724 exercitu

142 762 503 834 Angelorum
545 759 865 816 concinente
884 800 899 827 ,
929 758 1136 815 caelesti
1165 759 1360 829 gaudio
1388 759 1758 814 salutaverant

144 851 445 908 illustrata
469 857 630 905 nocte
656 856 924 919 pastores,
950 847 1022 902 ibi
1044 845 1271 903 Veneris
1294 846 1556 902 amasium
1586 846 1760 902 mistze

147 942 447 1000 semiviris
466 940 725 1010 planxere
749 939 1084 994 meretrices.
1116 936 1260 992 Proh
1280 936 1467 993 dolori
1497 950 1617 1007 quae
1645 935 1759 1006 pie.

153 1044 254 1089 tas
291 1030 743 1094 bominum,banc
770 1028 1104 1099 impietatem
1145 1040 1502 1098 compensare
1525 1025 1754 1098 poterit!

153 1127 266 1182 ubi
302 1140 458 1183 sacra
483 1123 598 1180 nati
638 1121 939 1178 Saivatoris
965 1120 1192 1176 infantia
1222 1104 1484 1191 vagierat,
1510 1118 1619 1174 illic
1646 1117 1756 1173 Ve-

157 1218 326 1273 neris
370 1216 610 1271 lamenta
646 1213 963 1285 fingentium
1004 1212 1221 1269 lascivis
1260 1211 1514 1277 luctibus,
1542 1210 1759 1267 infamis

159 1308 314 1362 ritus
342 1305 582 1362 ululabat
603 1321 620 1371 ;
643 1312 698 1359 et
721 1304 811 1358 ubi
835 1304 999 1373 Virgo
1022 1309 1329 1373 pepererat,
1355 1301 1582 1357 adulteri
1610 1300 1758 1356 cole-

159 1398 399 1452 bantur.
447 1394 647 1450 Mansit
674 1394 777 1449 hoc
806 1392 986 1448 seculi
1015 1392 1212 1463 prioris
1253 1388 1404 1446 nefas
1431 1392 1484 1446 in
1515 1400 1758 1461 tempora

163 1486 535 1550 Constantini,
567 1485 660 1557 qui
689 1485 940 1555 princeps
968 1494 1028 1538 ut
1058 1492 1201 1539 esset
1240 1483 1569 1554 principibus
1598 1481 1755 1537 Chri—

165 1576 392 1640 stianis,
417 1591 524 1630 non
550 1574 720 1645 magis
743 1588 838 1629 sua
864 1587 1026 1642 quam
1050 1572 1243 1627 matris
1272 1571 1489 1627 iielena:
1516 1569 1620 1626 fide
1652 1584 1760 1625 me-

169 1667 306 1721 ruit.
337 1667 469 1732 Quae
497 1663 701 1728 divino,
729 1670 789 1716 ut
813 1662 990 1718 exitus
1015 1660 1199 1716 docuit
1222 1660 1487 1731 inspirata
1509 1659 1754 1724 consilio,

173 1762 338 1822 rogat
387 1751 553 1806 filium
600 1760 661 1806 ut
706 1751 807 1807 sibi
850 1749 1159 1805 facultatem
1208 1750 1359 1805 daret
1408 1758 1604 1806 cuncta
1650 1749 1759 1806 illic

1857 580 2017 645 gente
2045 572 2161 628 sine
2187 572 2351 627 dubio
2378 581 2651 642 conceptae
2682 572 3026 629 revelationis
3057 573 3317 629 instinctu
3335 615 3348 641 ,
3379 572 3434 626 in

1855 661 2032 734 ipsum
2082 661 2259 716 locum
2304 675 2525 731 operam
2555 659 2808 717 fossionis
2850 661 3089 731 accingi;
3141 673 3439 733 parataque

1856 765 1984 806 mox
2012 750 2211 806 civium
2236 751 2438 821 pariter
2465 761 2521 805 et
2555 751 2776 806 militari
2802 767 2987 818 manu,
3017 752 3166 808 brevi
3194 753 3434 809 laborem

1856 843 2013 899 istius
2063 842 2356 898 moiitionis
2408 843 2609 908 hausit,
2659 850 2713 899 et
2759 851 2950 899 contra
2992 858 3141 912 spem
3172 846 3436 912 omnium,

1857 934 1952 991 sed
2013 934 2309 989 secundum
2355 934 2526 1003 ipsius
2575 943 2782 993 tantum
2841 935 3038 1004 reginae
3089 935 3268 1001 fidem,
3331 938 3436 991 alta

1857 1024 2136 1094 egestione
2178 1023 2435 1077 reseratis
2479 1030 2635 1077 terra:
2666 1021 2887 1088 finibus,
2916 1023 3110 1078 abditae
3140 1024 3317 1078 crucis
3342 1040 3436 1078 ar-

1857 1127 1993 1169 cana
2043 1120 2351 1181 patuerunt.
2393 1110 2500 1167 Sed
2539 1127 2660 1166 cum
2717 1119 2829 1168 tres
2879 1113 3087 1183 pariter
3129 1127 3342 1180 cruces,
3373 1123 3435 1169 ut

1857 1204 2131 1275 quondam
2177 1203 2297 1258 fixa:
2336 1203 2565 1259 Domino
2607 1211 2663 1259 et
2690 1203 2990 1259 latronibus
3027 1212 3319 1271 stererant,
3343 1220 3433 1260 re-

1857 1303 2025 1365 perta:
2074 1293 2318 1360 fuissent,
2367 1294 2653 1365 gratulatio
2702 1302 3038 1365 repertarum
3075 1297 3240 1367 coepit
3272 1297 3433 1352 anxia

1858 1379 2193 1441 dubitatione
2218 1383 2473 1440 confundi
2506 1403 2518 1438 :
2541 1383 2689 1455 justo
2719 1386 2931 1456 piorum
2960 1394 3125 1451 metu,
3178 1401 3247 1441 ne
3274 1387 3433 1442 forsi-

1857 1481 1951 1527 tan
1986 1482 2080 1527 aut
2107 1487 2206 1542 pro
2237 1486 2398 1527 cruce
2421 1471 2635 1528 Domini
2672 1472 2970 1544 patibulum
3015 1474 3244 1530 latronis
3273 1474 3437 1545 elige-

1859 1573 2001 1630 rent,
2036 1575 2131 1619 aut
2164 1564 2400 1620 salutare
2441 1564 2644 1636 lignum
2698 1580 2798 1635 pro
2826 1565 3008 1636 stipite
3056 1565 3282 1622 latronis
3304 1566 3440 1637 abji-

1859 1654 2050 1711 ciendo
2096 1654 2377 1710 violarent.
2410 1653 2612 1709 Aderat
2657 1656 2878 1724 quidem
2919 1663 2973 1710 et
3004 1654 3189 1711 titulus
3219 1655 3305 1711 ille
3342 1653 3435 1725 qui

1860 1748 2064 1805 Graecis
2093 1757 2148 1803 et
2192 1747 2401 1804 Latinis
2448 1757 2609 1818 atque
2654 1746 2935 1803 Hebraicis
2963 1746 3158 1804 litteris
3200 1763 3230 1802 a
3261 1747 3434 1803 Pilato

171 1843 294 1896 loca
326 1840 619 1896 Dominicis
649 1841 908 1910 impressa
940 1839 1198 1911 vestigiis,
1223 1847 1280 1895 et
1305 1838 1606 1896 divinorum
1629 1854 1757 1911 erga
1790 1832 1833 1892 Β
1860 1839 2038 1894 fuerat
2068 1840 2427 1909 conscriptus,
2463 1839 2555 1895 sed
2583 1853 2684 1895 nec
2719 1838 2831 1909 ipse
2862 1839 2997 1894 satis
3028 1839 3303 1895 evidenter
3334 1839 3438 1894 Do—

169 1945 274 1985 nos
300 1945 525 2000 operum
551 1928 762 1999 signata
792 1929 1153 1984 monumentis
1173 1943 1406 2001 purgare
1422 1970 1438 1996 ,
1468 1930 1759 1987 destructis

174 2020 392 2090 templis
420 2027 475 2075 et
509 2018 688 2084 idolis,
719 2019 788 2073 ab
812 2018 960 2073 omni
981 2018 1220 2088 profante
1253 2018 1544 2088 impietatis
1573 2030 1758 2075 conta-

175 2113 282 2183 gio,
311 2119 366 2166 et
400 2109 644 2183 religioni
671 2125 783 2165 suae
809 2110 1033 2165 reddere
1053 2150 1068 2176 ,
1100 2118 1158 2164 ut
1184 2109 1425 2166 Ecclesia
1457 2111 1671 2167 tandem
1700 2113 1755 2166 in

175 2211 322 2256 terra
364 2200 592 2272 originis
621 2216 732 2256 sua:
756 2200 1142 2256 celebraretur.
1176 2201 1360 2272 itaque
1382 2211 1630 2273 prompto
1660 2202 1755 2257 filii

171 2295 519 2366 imperatoris
568 2308 814 2358 assensu,
855 2301 1026 2348 mater
1066 2303 1315 2365 augusta,
1353 2294 1639 2365 patefactis
1686 2296 1755 2351 ad

170 2403 338 2457 opera
366 2395 552 2443 sancta
581 2387 870 2452 thesauris,
904 2395 1015 2442 toto
1036 2387 1202 2443 abusa
1230 2387 1363 2444 fisco
1394 2396 1496 2455 est,
1526 2397 1755 2460 quanto-

172 2494 283 2548 quc
331 2491 544 2548 sumptu
594 2488 756 2548 atque
794 2477 940 2545 cultu
982 2477 1166 2549 regina
1215 2486 1427 2550 poterat
1456 2488 1510 2535 et
1564 2478 1752 2553 religio

179 2571 488 2636 suadebat,
534 2572 808 2631 aedificetis
858 2571 1133 2637 basilicis,
1188 2573 1428 2627 contexit
1473 2573 1655 2627 omnia
1700 2582 1755 2627 et

180 2661 423 2716 excoluit
470 2662 615 2727 loca,
664 2661 714 2716 in
775 2663 972 2732 quibus
1030 2661 1289 2717 salutaria
1352 2663 1506 2717 nobis
1553 2671 1754 2733 myste-

176 2751 259 2804 ria
284 2751 497 2821 pietatis
520 2767 645 2813 sure,
674 2750 1079 2816 incarnationis,
1102 2761 1158 2806 et
1180 2751 1462 2822 passionis,
1489 2761 1544 2806 et
1572 2767 1752 2807 resur-

172 2841 455 2905 rectionis,
505 2850 667 2912 atque
712 2842 1044 2898 ascensionis
1098 2844 1451 2898 sacramentis
1495 2842 1753 2899 Dominus

171 2935 486 3004 redemptor
512 2933 845 3005 impleverat.
879 2932 1075 2988 Mirum
1104 2949 1233 2990 vero
1263 2935 1406 2989 inter
1432 2936 1576 2998 haec,
1610 2936 1752 3005 quod

172 3025 227 3080 in
257 3024 483 3081 basilica
527 3025 879 3091 ascensionis,
911 3025 1062 3081 locus
1098 3025 1187 3080 ille
1227 3035 1430 3082 tantum
1463 3029 1530 3083 de
1555 3044 1662 3099 quo
1698 3028 1750 3082 in

172 3115 316 3171 nube
369 3124 651 3185 susceptus
694 3116 958 3182 ascendit,
1006 3117 1275 3187 captivam
1319 3117 1375 3173 in
1427 3133 1525 3173 sua
1586 3132 1751 3174 carne

1858 1930 2043 1986 minici
2067 1930 2329 2002 prodebat
2368 1932 2521 2003 signa
2549 1930 2790 2002 patibuli.
2820 1930 3077 2003 Respexit
3123 1931 3242 2002 pias
3269 1932 3438 1987 fideli-

1858 2029 1941 2076 ter
1970 2023 2313 2076 :rstuantium
2341 2037 2500 2078 curas
2526 2023 2800 2088 Dominus,
2835 2032 2892 2079 et
2932 2023 3035 2095 ipsi
3061 2024 3425 2094 potissimum,

1856 2128 1977 2184 qua:
2006 2121 2115 2168 tam
2138 2112 2241 2182 pite
2267 2113 2650 2169 sollicitudinis
2677 2113 2929 2184 princeps
2959 2123 3100 2179 erat,
3126 2114 3286 2186 hujus
3311 2130 3440 2169 con—

1856 2205 1963 2261 silii
2012 2205 2190 2261 iumen
2250 2205 2464 2271 infudit,
2523 2214 2582 2261 ut
2636 2205 2871 2276 aliquem
2927 2221 3115 2262 recens
3164 2215 3437 2262 mortuum

1855 2297 2056 2368 inquiri
2087 2308 2144 2353 et
2170 2297 2360 2353 inferri
2385 2298 2621 2369 juberet.
2667 2296 2933 2352 Macarius
2974 2312 3072 2367 per
3115 2297 3256 2352 idem
3294 2307 3435 2353 tem-

1854 2402 1955 2457 pus
2007 2386 2441 2443 ecclesiae-illius
2494 2388 2779 2459 episcopus
2830 2401 3067 2456 prmscns
3120 2395 3258 2442 erat.
3325 2388 3434 2443 Nec

1854 2492 2027 2543 mora,
2058 2478 2282 2533 verbum
2319 2476 2545 2543 factum,
2593 2478 2828 2533 cadaver
2869 2477 3076 2532 illatum
3118 2485 3219 2532 est.
3264 2477 3436 2549 Depo-

1852 2568 2001 2624 nitur
2030 2565 2233 2636 jaccnti
2257 2583 2363 2622 una
2404 2568 2471 2622 de
2506 2568 2776 2633 crucibus,
2818 2568 3139 2623 admovetur
3163 2578 3215 2622 et
3241 2568 3432 2634 altera,

1850 2659 1945 2714 sed
1976 2673 2162 2715 eorum
2196 2657 2340 2728 ligna
2372 2672 2518 2713 mors
2542 2657 2763 2727 sprevit.
2797 2657 3076 2712 Postremo
3103 2658 3429 2714 dominicam
3520 2713 3529 2724 ,

1853 2766 2066 2807 crucem
2124 2751 2306 2822 prodit
2360 2752 2725 2816 resurrectio,
2777 2761 2831 2806 et
2878 2752 2946 2807 ad
2995 2753 3250 2809 salutaris
3299 2754 3431 2824 ligni

1851 2850 2078 2907 tactum,
2112 2850 2283 2898 morte
2321 2841 2567 2913 profuga,
2596 2841 2775 2898 fumus
2802 2857 3110 2909 excussum,
3150 2854 3204 2899 et
3232 2860 3432 2915 corpus

1851 2943 2093 2989 erectum
2122 2943 2235 3000 est;
2268 2932 2706 3003 tremefactisque
2751 2935 3079 3000 viventibus,
3116 2935 3261 2990 stetit
3291 2951 3434 2990 mor-

1854 3032 2012 3088 tuus;
2040 3032 2095 3078 et
2126 3013 2466 3090 funebribus,
2496 3033 2558 3078 ut
2605 3023 2841 3078 Lazarus
2870 3026 3139 3095 quondam
3158 3066 3172 3091 ,
3208 3026 3436 3082 vinculis

1852 3116 2157 3187 expeditus,
2213 3115 2357 3172 illico
2405 3115 2548 3171 inter
2599 3123 2934 3184 spectatores
2985 3129 3112 3171 suos
3164 3115 3436 3171 redivivus

172 3207 376 3262 ducens
398 3207 773 3278 captivitatem
802 3217 1040 3263 nostram
1072 3210 1232 3281 (Eph.
1258 3209 1355 3280 iv),
1400 3209 1473 3265 ita
1502 3219 1750 3267 sacratus
1778 3197 1823 3260 C
1855 3207 2095 3263 incessit.
2124 3208 2265 3280 Ergo
2291 3224 2421 3264 crux
2448 3207 2662 3263 Domini
2695 3217 2775 3263 tot
2816 3216 3004 3278 operta
3052 3209 3303 3265 aetatibus
3377 3216 3434 3262 et

173 3297 371 3353 divinis
398 3297 641 3367 vestigiis
671 3298 869 3353 dicitur
905 3308 964 3353 ut
1005 3315 1277 3369 nunquam
1304 3300 1410 3372 tegi
1455 3314 1747 3366 marmore,

171 3400 265 3445 aut
292 3390 466 3461 paviri
518 3389 640 3462 [ηις.
672 3388 877 3461 paveri]
908 3389 1195 3460 receperit,
1222 3404 1438 3459 semper
1484 3390 1747 3456 excussis,

170 3479 286 3534 solo
324 3487 778 3549 respuente,'qum
822 3494 1015 3533 manus
1064 3477 1362 3534 adornandi
1409 3478 1587 3533 studio
1633 3485 1750 3531 ten-

171 3568 312 3623 tavit
361 3582 631 3639 apponere
679 3566 850 3638 (Paul.
898 3569 1106 3636 cxxxi).
1159 3565 1343 3636 itaque
1379 3565 1432 3620 in
1469 3574 1585 3621 toto
1613 3564 1752 3619 basi-

172 3654 295 3708 licae
319 3654 491 3724 spatio
516 3654 664 3710 solus
687 3654 740 3709 in
772 3654 854 3710 sui
888 3654 1108 3723 cespitis
1137 3653 1317 3724 specie
1336 3653 1518 3709 virens
1545 3667 1754 3724 perma-

177 3754 295 3809 net,
339 3753 394 3799 ct
432 3745 748 3816 impressam
780 3747 1083 3801 divinorum
1121 3746 1314 3816 pedum
1348 3747 1752 3801 venerationem

171 3835 370 3893 calcati
433 3836 545 3892 Deo
598 3836 836 3906 pulveris
895 3835 1177 3907 perspicua
1226 3834 1388 3892 simul
1439 3842 1494 3891 et
1546 3834 1752 3905 attigua

168 3927 563 3982 venerantibus
593 3940 759 3982 arena
804 3935 1112 3991 conservat,
1141 3934 1201 3980 ut
1232 3940 1360 3981 vere
1389 3925 1497 3981 dici
1538 3924 1749 3997 possit:

165 4016 532 4073 Adoravimus
560 4016 614 4071 in
643 4017 763 4073 loco
789 4017 877 4071 ubi
905 4024 1168 4072 steterunt
1196 4017 1359 4086 pedes
1386 4016 1523 4088 ejus.
1547 4016 1753 4089 Regina

166 4109 258 4166 i'la
292 4108 634 4175 venerabilis,
675 4118 735 4164 ut
764 4111 910 4164 venit
951 4109 1359 4179 Jemsolymain,
1390 4110 1674 4180 diligenter
1699 4119 1755 4166 et

163 4209 258 4277 pie
289 4207 426 4262 locis
472 4207 580 4262 illic
607 4217 660 4263 et
695 4205 838 4263 circa
888 4201 1141 4263 oum‘ibus
1186 4201 1490 4263 divinorum
1535 4201 1751 4264 curiosa

164 4299 488 4370 insignium,
519 4307 576 4354 et
620 4299 790 4355 oculis
835 4299 1052 4354 haurire
1092 4298 1326 4369 gestiens
1373 4297 1556 4363 fidem,
1590 4314 1752 4369 quam

164 4390 278 4460 piis
307 4389 531 4445 auribus
557 4387 859 4459 litterisque
888 4397 1241 4459 perceperat,
1289 4404 1506 4446 crucem
1541 4390 1753 4445 Domini

165 4478 573 4534 studiosissime
604 4480 922 4550 perquirere
966 4480 1159 4536 adorsa
1207 4489 1310 4535 est.
1343 4480 1450 4536 Sed
1494 4496 1613 4551 qnze
1667 4481 1753 4536 via

1851 3297 2051 3354 Iudaeis
2073 3299 2126 3353 in
2160 3309 2400 3369 tempore
2428 3298 2697 3369 passionis
2725 3299 3064 3365 abscondita,
3109 3314 3281 3370 neque
3305 3313 3437 3369 gen-

1852 3388 1997 3443 tibus
2019 3388 2072 3442 in
2098 3387 2457 3445 mdiﬂcatione
2503 3387 2636 3457 fani,
2668 3399 2866 3445 terram
2895 3390 3010 3445 sine
3037 3391 3198 3446 dubio
3242 3391 3308 3445 ad
3356 3391 3438 3461 ip-

1851 3493 1967 3533 sam
1997 3477 2257 3535 fabricam
2299 3481 2663 3550 egerentibus,
2714 3480 2949 3535 revelata
2972 3521 2988 3546 ,
3040 3497 3216 3538 nonne
3253 3482 3432 3537 divina

1851 3586 2013 3626 manu
2037 3570 2213 3635 latuit,
2240 3578 2300 3624 ut
2322 3586 2464 3625 nunc
2488 3570 2837 3633 inveniretur,
2865 3586 2988 3626 cum
3014 3572 3261 3643 religiose
3285 3587 3431 3642 qua:-

1852 3661 2099 3717 reretur?
2125 3659 2201 3715 ita
2228 3668 2286 3714 ut
2312 3675 2528 3715 crucem
2565 3660 2765 3715 Clu-isti
2810 3660 3018 3726 decuit,
3064 3662 3432 3732 experimento

1852 3750 2263 3807 resurrectionis
2293 3750 2507 3805 inventa
2552 3758 2606 3804 et
2649 3750 2872 3820 probata
2907 3767 3038 3805 crux
3083 3750 3282 3806 Christi
3328 3762 3457 3818 cst,-

1854 3842 2121 3914 dignoquc
2149 3858 2270 3899 mox
2303 3841 2506 3897 ambitu
2534 3848 2883 3897 consecratur
2904 3880 2920 3907 ,
2970 3840 3185 3896 condita
3224 3840 3279 3895 in
3307 3854 3434 3911 pas-

1854 3934 2022 3989 sionis
2047 3933 2164 3990 loco
2193 3934 2435 3999 basilica,
2479 3948 2600 4005 quae
2645 3932 2850 3989 auratis
2876 3940 3126 4018 coruscat
3161 3932 3433 4002 laqueari-

1852 4023 1977 4087 bus,
2002 4032 2057 4078 et
2087 4023 2266 4078 aureis
2296 4023 2449 4078 dives
2480 4021 2767 4088 altaribus,
2807 4035 3009 4077 arcano
3038 4022 3325 4092 repositam
3348 4037 3436 4078 sa-

1856 4116 2036 4172 crario
2079 4116 2255 4171 crucis
2282 4126 2491 4185 partem
2520 4123 2723 4180 servat,
2757 4129 2921 4185 quam
2954 4114 3125 4172 thecis
3165 4115 3436 4187 argenteis
3496 4127 3501 4131 ‘

1857 4204 2297 4283 incomparabilis
2333 4205 2438 4260 fide
2484 4205 2668 4280 regina
2715 4202 2990 4266 conditam
3017 4206 3301 4278 derelieuit
3335 4206 3433 4266 ibi.

1855 4302 2098 4372 Namque
2142 4310 2348 4372 partem
2381 4297 2549 4371 ipsius
2583 4301 2713 4371 ligni
2761 4299 3015 4355 salutaris
3062 4300 3251 4357 detulit
3301 4300 3434 4368 filio,

1856 4410 2017 4465 quam
2048 4394 2332 4464 episcopus
2373 4392 2522 4448 urbis
2567 4392 2683 4460 ejus
2726 4392 3035 4461 quotannis,
3065 4407 3188 4448 cum
3231 4392 3439 4449 Pascha

1858 4485 2071 4542 Domini
2114 4485 2307 4554 agitur,
2359 4482 2688 4540 adorandam
2741 4472 2977 4553 populo,
3026 4482 3276 4553 princeps
3322 4483 3438 4554 ipse

165 4573 259 4629 vei
310 4573 450 4629 ratio
495 4572 801 4628 inveniendi
832 4578 1098 4639 subesset,
1150 4587 1274 4629 cum
1315 4571 1479 4643 judex
1527 4573 1753 4631 idoneus
1779 4560 1832 4622 D
1862 4576 2232 4633 venerantium
2283 4574 2500 4644 promit.
2550 4571 2736 4643 Neque
2778 4580 2975 4643 praeter
3003 4573 3144 4628 hanc
3167 4572 3306 4629 diem
3333 4590 3439 4645 qua

168 4680 337 4722 nemo
364 4664 596 4720 inveniri
622 4675 824 4734 posset,
857 4664 945 4720 ubi
972 4665 1289 4722 memoriam
1316 4674 1369 4720 et
1403 4679 1593 4721 curam
1623 4666 1752 4722 reli-

166 4754 342 4827 giosa:
369 4754 715 4810 conscientia:
734 4754 819 4808 vel
836 4754 1211 4823 observantiae,
1235 4763 1289 4810 et
1314 4756 1608 4827 antiquitas
1630 4757 1751 4828 aevi,

166 4857 229 4901 et
250 4845 652 4917 superstitionis
679 4846 858 4917 impia:
896 4848 1225 4905 diuturnitas
1267 4848 1622 4915 abolevisset?
1652 4851 1754 4906 Ve-

170 4951 300 4992 rum
325 4936 442 5006 ipso
461 4936 702 4992 omnium
731 4943 787 4993 et
816 4937 975 4993 terris
999 4946 1053 4993 et
1080 4939 1275 4995 animis
1296 4951 1605 5010 opertorum
1626 4956 1753 4996 con-

170 5030 293 5087 scio
315 5038 372 5086 et
410 5038 551 5086 teste
574 5029 825 5097 Domino,
874 5030 1048 5087 fidelis
1081 5032 1274 5107 mulier
1312 5042 1559 5099 sanctum
1585 5034 1754 5104 Spiri-

172 5131 295 5176 tum
322 5135 421 5192 per
452 5120 704 5177 affectum
733 5121 883 5193 pium
913 5123 1130 5179 meruit.
1159 5124 1277 5192 Quo
1304 5126 1598 5196 aspirante,
1627 5142 1754 5183 cum

174 5225 297 5266 rem
324 5211 394 5266 ab
438 5211 674 5267 humana
704 5212 1033 5269 conscientia
1063 5214 1322 5273 divinitus
1355 5225 1616 5272 remotam
1644 5216 1757 5273 fru-

175 5308 294 5355 stra
325 5299 553 5371 diligens
595 5300 935 5371 requisisset,
986 5300 1054 5358 de
1085 5301 1205 5359 loco
1251 5312 1461 5359 tantum
1490 5305 1759 5376 passionis

176 5391 384 5448 artior
408 5391 523 5448 ﬁeri
554 5393 779 5450 studuit.
802 5393 989 5466 Itaque
1011 5410 1116 5452 non
1138 5396 1314 5453 solum
1339 5397 1408 5454 de
1434 5397 1756 5456 Christianis

177 5482 431 5541 doctrina
467 5491 526 5537 et
560 5484 846 5540 sanctitate
873 5485 1063 5557 plenos
1093 5488 1259 5554 viros,
1308 5489 1401 5546 sed
1449 5498 1505 5545 et
1548 5491 1614 5546 de
1662 5488 1756 5546 Ju-

180 5572 317 5629 daais
349 5570 705 5642 peritissimos
734 5585 794 5630 ut
819 5577 1048 5647 propria:
1075 5576 1201 5648 (qua
1231 5580 1415 5636 miseri
1436 5590 1492 5636 et
1515 5581 1755 5651 glorian-

181 5660 296 5732 tur)
350 5662 641 5731 impietatis
685 5664 889 5720 indiccs
939 5668 1273 5737 exquisivit,
1325 5680 1379 5724 et
1437 5671 1641 5727 accitos
1700 5672 1755 5726 ir.

180 5749 572 5813 Jerosoiymam
624 5755 988 5824 congregavit.
1043 5755 1179 5812 Tum
1235 5759 1473 5813 omnium
1533 5777 1637 5815 una
1693 5762 1756 5816 de

1859 4668 2039 4724 crucis
2065 4666 2232 4739 ipsius
2258 4664 2572 4737 mysterium
2599 4664 2922 4729 celebratur,
2948 4664 3064 4735 ipsa
3094 4663 3234 4736 (quae
3260 4679 3441 4739 sacra-

1859 4769 2163 4816 mentorum
2189 4772 2349 4813 causa
2372 4757 2475 4825 est)
2507 4756 2661 4826 quasi
2688 4754 2957 4826 quoddam
2992 4771 3160 4812 sacra:
3178 4756 3437 4813 solemni-

1861 4851 1988 4905 tatis
2017 4849 2227 4919 insigne
2251 4846 2523 4919 profertur
2574 4864 2587 4900 :
2619 4846 2722 4902 nisi
2749 4846 3020 4902 interdum
3049 4845 3437 4919 religiosissimi

1859 4942 2160 5013 postulent,
2210 4940 2305 5010 qui
2352 4940 2454 4995 bac
2509 4947 2717 4994 tantum
2776 4954 2939 4995 causa
2984 4937 3076 4994 illo
3123 4939 3439 5012 perigrinati

1860 5031 2202 5105 advenerim,
2230 5038 2293 5085 ut
2335 5029 2436 5085 sibi
2467 5026 2585 5098 ejus
2620 5028 2902 5095 revelatio,
2945 5029 3100 5099 quasi
3128 5029 3183 5085 in
3205 5030 3437 5100 pretium

1860 5126 2168 5197 longinqua:
2210 5123 2663 5195 peregrinationis
2712 5122 3016 5190 deferatur;
3072 5123 3216 5194 quod
3264 5122 3437 5179 solum

1859 5217 2097 5290 episcopi
2122 5216 2383 5273 beneficio
2403 5215 2639 5271 obtineri
2666 5213 2866 5270 ferunt.
2890 5213 3020 5283 Qua:
3042 5213 3259 5283 quidem
3279 5229 3434 5277 crux,

1863 5310 1917 5365 in
1947 5308 2177 5363 materia
2203 5308 2480 5364 insensata
2517 5306 2627 5361 vim
2664 5306 2840 5361 vivam
2876 5314 3088 5371 tenens,
3115 5305 3189 5361 ita
3231 5319 3298 5359 ex
3344 5303 3438 5360 illo

1864 5406 2109 5469 tempore
2131 5397 2436 5454 innumeris
2460 5411 2596 5469 pene
2615 5398 2853 5467 quotidie
2874 5396 3154 5452 hominum
3188 5399 3328 5452 votis
3374 5395 3437 5451 li-

1862 5504 2026 5560 gnum
2048 5504 2204 5544 suum
2225 5489 2551 5552 commodat,
2573 5495 2634 5543 ut
2660 5488 3041 5543 detrimentum
3084 5500 3190 5540 non
3213 5485 3434 5549 sentiat,

1858 5589 1914 5636 et
1953 5580 2107 5650 quasi
2156 5581 2359 5635 intacta
2411 5588 2769 5651 permaneat;
2823 5577 3065 5647 quotidie
3101 5577 3317 5633 dividua
3346 5594 3431 5634 su-

1861 5671 2146 5733 mcntibus,
2187 5681 2242 5726 et
2278 5687 2494 5741 semper
2520 5681 2631 5727 tota
2668 5669 3068 5726 venerantibus.
3117 5667 3224 5725 Sed
3277 5670 3437 5725 istam

1864 5762 2249 5833 imputribiiem
2281 5763 2537 5819 virtutem
2574 5770 2630 5820 et
2658 5759 3137 5818 indestruetibilem
3182 5759 3434 5817 solidita-
