3962 6366
567 401 674 457 259

1565 398 1616 455 S.
1657 396 1909 454 ΑΙ)οΝιὸ
1943 394 2373 452 ARClllEPlSC.
2418 396 2824 453 VIENNENSIS

3722 406 3821 465 2‘30

565 522 698 579 tem,
726 513 792 569 de
821 513 964 569 illius
1012 511 1479 586 profecto'carnis
1514 512 1775 583 sanguine
1817 510 1974 576 bibit,
2021 526 2140 581 qua:
2168 520 2216 580 Α
2244 511 2415 567 donec
2435 511 3066 582 deﬁceret.'Hujusmodi
3115 516 3222 573 ﬁne
3265 519 3350 574 vir
3403 529 3626 578 sanctus
3679 539 3821 582 mar.

566 619 728 678 passa
760 613 1007 669 mortem,
1043 617 1147 657 non
1168 602 1304 657 vidit
1336 602 1759 670 corruptionem.
1795 600 1989 655 Clavos
2017 616 2152 670 quo.

571 710 728 765 que,‘
762 695 961 764 quibus
1019 708 1216 763 corpus
1279 692 1606 747 dominicum
1669 690 1846 746 fuerat
1907 691 2146 756 allixum,

567 786 756 840 eadem
801 782 1125 838 venerabilis
1183 780 1367 851 regina
1404 781 1643 850 portavit
1693 780 1762 835 ad
1829 779 2019 834 ﬁlium.
2051 780 2150 850 .Ex

571 877 769 946 quibus
824 874 915 928 ille
962 873 1145 927 frenos
1192 872 1515 941 composuit,
1552 871 1746 940 quibus
1793 878 2036 924 uteretur
2078 870 2144 924 ad

571 967 804 1033 bellum;
832 974 886 1021 et
915 980 977 1020 ex
1013 964 1133 1019 aliis
1169 963 1402 1033 galeam,
1433 963 1783 1018 nihilominus
1816 962 1941 1017 belli
1964 962 2151 1017 usibus

571 1067 779 1127 aptam.

638 1145 802 1217 (Ruﬁ.
832 1145 922 1200 lib.
950 1160 991 1209 ι,
1029 1159 1149 1214 cap.
1186 1143 1239 1199 8.
1274 1142 1611 1213 Pontiﬁcale,
1636 1159 1685 1199 c.
1717 1141 1794 1211 7.)
1836 1141 2035 1198 Eodem
2064 1141 2153 1198 die

566 1237 751 1293 Romae
805 1236 892 1290 via
944 1233 1300 1298 Numentana,
1350 1234 1600 1288 milliario
1656 1234 1923 1303 septimo,
1975 1232 2150 1287 sancti

563 1326 855 1383 Alexandri
883 1339 907 1366 α
936 1340 1101 1395 papae,
1138 1341 1259 1380 cum
1286 1324 1512 1379 Eventio
1549 1334 1603 1380 et
1628 1324 1903 1379 Theodulo
1930 1325 2152 1395 presby-

566 1420 699 1475 teris
723 1413 822 1474 sub
867 1416 1098 1485 Trajano
1127 1417 1394 1487 principe,
1438 1415 1627 1472 Judice
1674 1415 2002 1469 Aureliano:
2058 1414 2151 1484 qui

567 1510 828 1565 Romana:
873 1507 1128 1562 Ecclesim
1180 1507 1575 1578 episcopatum,
1625 1506 1844 1575 quintus
1894 1513 2016 1575 post
2056 1504 2154 1560 Pe-

569 1606 738 1663 trum,
771 1598 1127 1652 tenuitannos
1143 1598 1349 1659 decem,
1372 1610 1585 1652 menses
1613 1596 1772 1662 duos,
1795 1596 1913 1650 dies
1941 1596 2147 1661 decem,

571 1699 626 1745 et
664 1691 950 1746 sanctitate
996 1688 1461 1759 incomparabilis,
1509 1688 1612 1742 ﬁde
1646 1686 1997 1752 clarissimus,
2029 1700 2145 1740 ma-

566 1783 770 1837 ximam
803 1790 1010 1850 partem
1044 1789 1357 1835 senatorum
1384 1778 1548 1835 Urbis
1571 1778 1840 1833 convertit
1877 1778 1943 1831 ad
1969 1776 2150 1832 Domi-

566 1886 718 1925 num.
751 1869 851 1937 Qui
886 1870 1248 1940 postmodum,
1274 1868 1497 1938 jubente
1519 1866 1753 1936 Trajano
1784 1867 2049 1938 principe,
2076 1869 2143 1924 ab
2179 1874 2221 1933 Β

566 1961 859 2015 Aureliano
888 1960 1085 2015 comite
1122 1960 1402 2028 utriusque
1435 1958 1660 2024 militiaa,
1696 1959 1905 2013 carceri
1942 1960 2147 2014 manci-

563 2061 741 2124 patus,
772 2063 894 2122 post
947 2052 1210 2122 stupenda
1251 2062 1306 2105 et
1351 2051 1533 2105 divina
1582 2051 1863 2117 miracula,
1915 2051 2004 2107 ubi
2049 2068 2148 2122 per

562 2158 812 2214 puerum,
842 2142 934 2212 qui
989 2142 1220 2195 faculam
1273 2138 1483 2195 ferebat
1529 2141 1830 2206 ardentem,
1868 2155 1899 2194 e
1929 2155 2148 2195 carcere

565 2244 835 2290 nocturno
859 2233 1075 2288 silentio
1105 2248 1202 2302 per
1227 2231 1522 2287 fenestram
1560 2236 1808 2299 eductus,
1834 2234 1901 2287 ad
1928 2234 2147 2289 domum

565 2321 776 2390 Quirini
820 2322 1043 2387 tribuni,
1087 2322 1177 2377 ubi
1229 2321 1418 2377 beatus
1457 2321 1685 2378 Hermes
1709 2322 1996 2392 praefectus
2048 2323 2147 2379 sub

568 2412 812 2468 custodia
844 2412 1147 2476 tenebatur,
1174 2411 1521 2481 perducitur;
1549 2419 1604 2466 et
1640 2421 1926 2483 postquam
1959 2420 2149 2469 sanata

568 2513 654 2560 est
682 2503 787 2557 lilia
808 2502 979 2573 ipsius
1007 2502 1239 2570 Quirini,
1268 2502 1489 2557 Balbina
1521 2504 1759 2569 nomine,
1785 2512 1839 2558 et
1867 2504 1981 2574 ipse
2011 2503 2144 2570 Qui-

564 2596 718 2651 rinus
746 2610 1040 2650 conversus
1068 2595 1322 2664 baptismi
1356 2596 1585 2666 gratiam
1613 2596 1965 2660 desideravit,
1994 2604 2148 2666 post-

563 2701 669 2756 que
708 2685 1083 2741 liberationem
1129 2694 1185 2740 et
1236 2687 1658 2755 baptizationem
1712 2701 1901 2742 eorum
1938 2728 1953 2753 ,
2008 2702 2147 2756 quos

560 2779 792 2835 vinculis
831 2786 1069 2833 arctatos
1100 2778 1153 2832 in
1195 2793 1414 2833 carcere
1437 2778 1695 2846 Quirinus
1725 2778 1837 2849 ipse
1866 2787 2144 2846 tenuerat,

562 2871 705 2927 inter
753 2887 887 2941 quos
925 2872 1058 2925 duos
1104 2885 1320 2940 quoque
1366 2871 1744 2925 sanctissimos
1792 2871 2145 2942 presbyteros

562 2962 707 3017 inter
746 2977 869 3017 reos
924 2961 1344 3026 constrinxerat,
1393 2961 1673 3016 Evcntium
1712 2975 1767 3027 et
1812 2962 2147 3018 Theodulum

564 3053 656 3122 qui
685 3052 749 3106 de
779 3051 1000 3106 Oriente
1025 3060 1318 3118 venerant;
1353 3058 1472 3121 post
1522 3051 1623 3105 ista
1651 3051 1854 3116 omnia,
1885 3062 1941 3107 et
1966 3053 2010 3107 si
2040 3066 2148 3123 qua

565 3154 692 3197 sunt
718 3142 822 3196 alia
853 3142 1234 3198 venerabiliter
1263 3143 1329 3197 ab
1351 3158 1416 3197 eo
1438 3152 1609 3213 gesta,
1639 3143 1932 3200 Aureliano
1959 3143 2145 3199 comiti

564 3234 787 3299 iterum,
829 3232 1075 3302 principe
1107 3232 1281 3287 adhuc
1307 3232 1541 3303 Trajano
1569 3233 1853 3304 (siquidem
1875 3234 2143 3289 Adrianus
2172 3227 2216 3291 C

563 3324 803 3379 nondum
856 3322 1194 3391 imperabat),
1228 3321 1500 3376 exhibitus
1537 3328 1619 3375 est
1649 3321 1807 3376 simul
1854 3337 1975 3376 cum
2017 3322 2149 3393 ipsis

569 3414 749 3470 beatis
782 3412 1375 3483 duobuspresbyteris;
1427 3412 1706 3482 primoque
1755 3413 1807 3467 in
1860 3413 2148 3482 equuleum

564 3503 794 3569 levatus,
819 3513 871 3558 et
902 3511 1074 3559 tortus
1105 3502 1320 3573 ungulis
1346 3543 1361 3567 ,
1398 3512 1561 3572 atque
1603 3502 1938 3573 lampadibus
1981 3511 2150 3558 attra~

566 3602 744 3647 ctatus
772 3592 1090 3664 gravissime
1128 3590 1246 3644 fuit.
1290 3590 1531 3661 Cumque
1559 3591 1735 3647 nullas
1763 3593 1916 3647 daret
1965 3607 2144 3659 voces,

571 3684 709 3740 dixit
733 3686 782 3740 ei
803 3684 1124 3739 Aurelianus
1161 3701 1174 3737 :
1204 3684 1382 3751 Quare
1412 3684 1607 3738 taces?
1638 3682 1872 3740 Sanctus
1902 3684 2146 3740 Alexan-

566 3775 664 3831 der
694 3776 1006 3846 respondit:
1035 3774 1169 3842 Quia
1223 3783 1461 3845 tempore
1501 3775 1763 3830 orationis
1805 3775 2150 3834 Christianus

566 3865 730 3921 homo
755 3882 876 3921 cum
918 3865 1025 3921 Deo
1056 3865 1311 3936 loquitur.
1328 3866 1582 3935 Deposito
1606 3876 1783 3921 autem
1811 3866 2148 3935 Alexandro,

559 3953 726 4023 jussit
759 3955 954 4023 impius
975 3955 1140 4025 judex
1176 3954 1430 4025 applicari
1465 3955 1750 4009 Eventium
1798 3965 1852 4011 et
1896 3958 2148 4014 Theodu-

563 4045 695 4107 lum,
722 4055 772 4100 et
816 4046 1171 4115 interrogavit
1208 4048 1424 4101 beatum
1447 4047 1812 4103 Alexandrum
1840 4066 1853 4103 :
1893 4050 1994 4119 Qui
2024 4062 2152 4107 sunt

565 4137 694 4192 isti?
741 4135 941 4192 Beatus
982 4137 1286 4193 Alexander
1331 4139 1467 4194 dixit
1518 4158 1531 4194 :
1585 4141 1758 4198 Ambo
1796 4143 1895 4198 viri
1933 4144 2146 4211 sancti,

571 4231 732 4288 ambo
768 4233 1091 4303 presbyteri.
1135 4233 1286 4290 Tunc
1313 4251 1605 4291 conversus
1635 4238 1701 4292 ad
1736 4239 1952 4293 beatum
1976 4239 2152 4294 Even-

566 4323 723 4388 tium,
763 4320 929 4390 judex
968 4322 1319 4394 interrogavit
1369 4340 1492 4380 eum
1529 4344 1542 4380 :
1586 4326 1812 4393 Quando
1870 4329 2044 4385 factus
2090 4346 2151 4385 es

568 4412 961 4469 Christianus?
1015 4413 1112 4470 Cui
1169 4415 1360 4472 beatus
1414 4417 1671 4474 Eventius
1721 4437 1734 4474 :
1781 4420 1922 4477 Ante
1981 4437 2151 4477 annos

567 4506 906 4576 septuaginta
936 4515 990 4561 et
1017 4521 1279 4561 annorum
1311 4509 1562 4563 undecim
1594 4525 1712 4564 sum
1746 4511 2068 4581 baptizatus,
2096 4522 2150 4567 cl.

2250 602 2456 671 tyrium
2480 617 2636 657 suum
2668 602 2979 671 complevit.
3021 603 3207 661 Sancti
3247 616 3426 664 autem
3462 610 3569 666 duo
3611 616 3824 688 presby-

2258 693 2360 746 teri
2388 692 2569 762 gladio
2615 696 2974 749 consummati
3008 705 3154 751 sunt.
3187 697 3427 766 Quorum
3453 716 3683 773 corpora
3729 705 3821 763 Se-

2253 796 2380 837 vera
2408 782 2609 837 femina
2635 784 2880 854 religiosa
2905 785 3140 858 collegit,
3156 789 3819 853 etbeatumAlexandt-nm

2253 880 2415 942 atque
2470 874 2756 929 Eventium
2814 876 2868 930 in
2902 893 3011 932 uno
3033 880 3324 949 sepulcro,
3384 891 3636 940 sanctum
3695 902 3816 944 vero

2254 961 2588 1019 Theodulum
2618 967 2908 1036 separatim
2943 967 2997 1022 in
3025 968 3131 1023 alio
3155 972 3336 1041 posuit
3356 973 3441 1028 via
3464 972 3817 1043 Numentana,

2253 1049 2306 1104 in
2332 1054 2533 1121 praedio
2562 1069 2680 1122 suo,
2721 1070 2756 1111 ν
2795 1054 2976 1113 Nonas
3006 1057 3152 1113 Maii.

2724 1186 2786 1241 E.
2825 1185 2892 1241 IV
2938 1187 3165 1246 NONAS
3192 1191 3355 1249 MAH.

2906 1279 2960 1351 (t
2993 1281 3170 1356 Maii.)

2324 1364 2542 1438 (Euseb.
2576 1367 2613 1422 l.
2656 1384 2773 1436 vni,
2815 1386 2865 1426 c.
2912 1371 3000 1439 H,
3048 1383 3104 1428 et
3146 1375 3181 1430 l.
3234 1393 3310 1445 ιχ,
3357 1395 3406 1435 e.
3465 1381 3518 1436 6.
3550 1381 3719 1458 Buff.)
3769 1385 3815 1445 la

2251 1455 2537 1513 Palaestina
2553 1461 2772 1517 civitate
2806 1462 2976 1529 Gaza,
3009 1467 3204 1524 natalis
3247 1468 3305 1524 S.
3348 1470 3554 1529 Silvani
3589 1455 3815 1544 ejusdem

2251 1546 2403 1601 urbis
2451 1549 2707 1619 cpisc0pi.
2767 1550 2867 1618 Qui
2911 1558 3289 1623 persecutione
3334 1560 3658 1619 Diocletiani
3711 1582 3815 1622 cum

2250 1636 2495 1720 plurimis
2562 1640 2884 1698 clericorum
2944 1662 3163 1702 suorum
3224 1655 3484 1724 martyrio
3538 1667 3815 1712 coronatus

2250 1736 2354 1782 est.
3458 1758 3459 1761 ‘

2320 1820 2452 1875 Item
2489 1822 2542 1877 in
2583 1825 2800 1880 metallo
2847 1826 3100 1892 Fanensi,
3156 1840 3465 1888 sanctorum
3528 1846 3814 1908 martyrum

2250 1913 2605 1983 quadraginta
2631 1916 2721 1986 qui
2762 1917 2921 1972 simul
2963 1920 3141 1990 capite
3170 1923 3293 1978 caesi
3321 1933 3465 1979 sunt.

2317 2000 2679 2071 Nicomedia,
2737 2007 2905 2061 natali
2967 2018 3167 2065 sancta:
3221 2011 3470 2069 Antoniae
3524 2032 3538 2068 :
3582 2030 3708 2085 qua:
3747 2033 3818 2071 n-

2247 2090 2437 2179 inia”
2454 2100 2596 2148 torta
2618 2103 2673 2149 et
2701 2097 2867 2151 variis
2889 2096 3083 2175 alllicta
3111 2101 3443 2160 cruciatibus
3472 2104 3541 2159 ab
3566 2121 3679 2159 uno
3706 2106 3812 2162 bra-

2249 2176 2372 2238 chio
2403 2183 2576 2239 tribus
2604 2186 2796 2241 diebus
2831 2203 3108 2258 suspensa,
3140 2200 3195 2246 et
3226 2193 3278 2246 in
3308 2209 3580 2251 carcerem
3616 2199 3817 2254 biennio

2249 2272 2494 2340 detrusa,
2527 2290 2559 2329 a
2586 2275 2925 2336 Priscilhano
2958 2282 3186 2351 praeside
3212 2285 3280 2339 ad
3307 2283 3559 2341 ultimum
3593 2286 3814 2345 ﬂammis

2248 2371 2437 2417 exusta
2462 2372 2566 2419 θεῖ.

2317 2449 2520 2506 Eodem
2548 2452 2653 2519 die,
2686 2454 2740 2509 in
2792 2453 2990 2513 Norico
3032 2458 3279 2529 Ripensi,
3313 2461 3435 2519 loco
3479 2462 3704 2530 Laurta,
3742 2482 3817 2523 co-

2248 2538 2446 2595 natalis
2478 2543 2652 2598 sancti
2696 2543 2967 2611 Floriani,
3017 2548 3110 2618 qui
3149 2551 3392 2620 praesidis
3428 2552 3622 2622 jussu,
3674 2555 3816 2627 ligato

2251 2628 2319 2683 ad
2341 2628 2538 2685 collum
2592 2647 2747 2700 saxo,
2788 2634 2840 2688 in
2874 2634 3073 2691 ﬂumen
3113 2638 3266 2694 Anisi
3313 2643 3692 2713 praecipitatus
3728 2656 3814 2710 est,

2248 2725 2303 2773 et
2325 2734 2472 2786 mox,
2499 2723 2747 2778 omnibus
2776 2725 2867 2795 qui
2889 2726 3311 2785 circumstabant
3335 2731 3673 2802 videntibus,
3694 2738 3814 2792 oculi

2246 2811 2668 2881 praecipitatoris
2707 2816 2823 2885 ejus
2851 2831 3197 2887 crepuerunt.

2317 2900 2437 2972 lpso
2466 2903 2574 2968 die,
2599 2904 2740 2960 beati
2784 2906 3021 2973 Quiriaci
3055 2910 3292 2985 episcopi
3324 2922 3381 2969 et
3418 2918 3679 2988 martyris
3721 2920 3818 2990 glo‘

2193 3008 2204 3027 ¹
2248 2992 2401 3060 riosi,
2434 2996 2535 3051 sub
2561 2994 2776 3054 Juliano
2804 2999 3152 3071 imperatore.

2732 3134 2795 3189 F.
2828 3136 2892 3190 lll
2932 3136 3162 3195 NONAS
3197 3139 3360 3196 MAII.

2884 3229 2942 3302 (5
2977 3231 3156 3304 Maii.)

2321 3317 2349 3358 ιι
2374 3316 2529 3389 Apud
2558 3318 2940 3375 Alexandriam
2985 3324 3155 3377 sancti
3196 3324 3471 3398 Euthymii
3517 3328 3730 3386 diaconi
3768 3330 3817 3385 in

2246 3425 2466 3466 carcere
2482 3412 2829 3481 quiescentis.

2321 3500 2718 3558 Thessalonicae
2749 3505 2946 3561 natalis
2989 3517 3301 3565 sanctorum
3330 3511 3516 3569 Irenzei
3566 3524 3629 3570 et
3669 3515 3817 3572 Pere-

2249 3592 2389 3662 grini
2419 3601 2474 3646 et
2506 3592 2689 3651 [renes
2715 3596 2929 3667 ignibus
2958 3600 3388 3659 combustorum.

2321 3682 2380 3738 ln
2409 3681 2596 3740 Galliis
2639 3686 2860 3742 civitate
2906 3687 3245 3758 Arelatensi,
3288 3694 3463 3749 sancti
3492 3694 3690 3753 Hilarii
3717 3699 3813 3769 epi-

2250 3778 2420 3848 scopi,
2449 3778 2651 3847 magni,
2667 3779 2807 3835 docti
2834 3789 2889 3836 et
2907 3784 3306 3852 praeclarissimi
3331 3786 3451 3840 viri.
3474 3788 3581 3855 Qui
3608 3805 3818 3861 pauper-

2252 3872 2377 3926 tatis
2403 3880 2633 3937 amator,
2650 3881 2705 3927 et
2718 3888 2845 3944 erga
2874 3874 3092 3946 inopum
3116 3879 3481 3948 provisionem
3519 3898 3632 3938 non
3663 3884 3817 3939 solum

2249 3964 2446 4019 mentis
2465 3965 2687 4034 pietate,
2728 3967 2821 4022 sed
2857 3976 2914 4023 et
2949 3970 3193 4039 corporis
3220 3971 3302 4026 sui
3330 3970 3517 4028 labore
3566 3975 3817 4030 sollicitus
3910 4004 3915 4009 ο

2249 4062 2405 4107 erat:
2436 4070 2561 4109 nam
2604 4071 2701 4126 pro
2730 4057 3033 4114 reﬁciendis
3074 4061 3424 4131 pauperibus,
3462 4064 3634 4119 etiam
3665 4066 3817 4120 rusti-

2236 4147 2521 4202 cationem
2544 4157 2730 4204 contra
2767 4148 2913 4205 vires
2947 4166 3096 4215 suas,
3124 4153 3287 4207 homo
3320 4169 3517 4225 genere
3549 4157 3755 4225 clarus,
3774 4166 3822 4211 et

2249 4239 2407 4311 longe
2431 4240 2588 4296 aliter
2609 4241 2868 4297 educatus
2896 4245 3159 4298 exercuit.
3198 4243 3306 4301 Sed
3345 4261 3447 4301 nec
3479 4247 3533 4301 in
3569 4249 3817 4318 spiritua-

2250 4328 2391 4385 libus
2420 4330 2698 4401 neglexit:
2726 4346 2850 4385 nam
2893 4342 2944 4388 et
2980 4335 3034 4388 in
3065 4335 3308 4391 docendo
3334 4338 3568 4407 gratiam
3622 4340 3818 4404 habuit,

2251 4430 2305 4475 et
2335 4422 2541 4492 absque
2574 4438 2927 4492 personarum
2959 4428 3274 4497 acceptione
3311 4430 3568 4487 omnibus
3603 4434 3818 4503 castiga-

2253 4511 2454 4568 tionem
2503 4513 2750 4585 ingessit.
2788 4516 2935 4571 lnter
2963 4532 3057 4573 sua
3086 4535 3217 4575 vero
3263 4536 3428 4592 opera
3470 4524 3691 4594 ingenio
3736 4527 3820 4579 im-

567 4609 832 4649 annorum
869 4594 1057 4665 viginti
1104 4597 1389 4668 presbyter
1438 4598 1721 4654 ordinatus
1754 4598 1865 4666 fui,
1903 4609 1958 4656 et
2004 4618 2146 4656 nunc
2180 4585 2226 4643 D
2254 4604 2493 4671 mortali,
2522 4605 2589 4660 ad
2638 4606 2931 4663 multorum
2975 4610 3265 4666 utilitatem
3307 4618 3624 4673 necessario
3646 4632 3816 4688 Opere,

570 4697 671 4754 ago
697 4685 1087 4754 octogesimum
1113 4694 1169 4739 et
1202 4701 1367 4740 unum
1403 4688 1601 4755 :etatis,
1635 4703 1795 4758 quem
1839 4691 1893 4745 in
1924 4705 2144 4746 carcere

567 4783 623 4828 et
648 4775 873 4829 vinculis
893 4776 1174 4847 complevi.
1202 4778 1268 4832 Et
1288 4788 1572 4848 postquam
1599 4780 1949 4853 interrogavit
1978 4784 2141 4837 etiam

567 4863 927 4931 Theodulum,
977 4877 1031 4921 et
1082 4867 1135 4921 in
1181 4867 1519 4925 confessione
1558 4879 1863 4927 manentem
1915 4873 2140 4937 invenit,

561 4955 728 5026 jussit
755 4955 970 5013 furnum
1023 4959 1234 5015 incendi
1286 4959 1519 5027 fortiter,
1561 4971 1617 5017 et
1657 4964 1871 5018 beatum
1900 4964 2139 5018 Alexan-

567 5047 723 5102 drum
753 5056 915 5119 atque
939 5050 1220 5105 Eventium
1249 5050 1507 5121 ligatosin
1533 5054 1765 5109 medium
1793 5055 2139 5125 praecipitari.

566 5136 700 5193 Cum
742 5139 821 5195 eis
858 5149 913 5194 et
956 5141 1148 5196 beatus
1198 5140 1507 5198 Theodulus
1554 5154 1749 5215 sponte
1795 5145 1848 5199 in
1900 5145 2147 5201 flammas

563 5227 832 5301 prosiluit,
883 5231 1179 5287 decantans
1227 5249 1350 5288 cum
1404 5233 1537 5304 ipsis
1588 5245 1643 5289 et
1690 5233 1893 5304 pariter
1945 5237 2146 5305 gratias

566 5336 770 5393 agens:
809 5321 933 5392 lgne
960 5339 1060 5379 nos
1083 5327 1429 5393 examinasti,
1457 5334 1512 5382 et
1564 5341 1669 5382 non
1714 5337 1797 5383 est
1827 5329 2042 5382 inventa
2092 5330 2145 5384 in

563 5412 721 5468 nobis
753 5412 1008 5484 iniquitas
1059 5412 1231 5486 (Psal.
1288 5418 1423 5485 xvr).
1475 5417 1627 5485 Quod
1671 5434 1793 5474 cum
1838 5420 2141 5474 nuntiatum

564 5504 731 5576 impio
758 5504 1050 5562 Aureliano
1096 5517 1271 5574 esset,
1320 5508 1448 5564 fecit
1493 5510 1865 5565 beatissimum
1910 5511 2139 5567 Alexan-

564 5594 721 5649 drum
748 5597 965 5665 punctis
996 5598 1344 5654 creberrimis
1389 5614 1487 5669 per
1525 5608 1633 5653 tota
1670 5601 1831 5670 pungi
1875 5604 2138 5668 membra,

630 5717 810 5793 flipﬁ‘.
829 5719 977 5793 lib.t,
994 5721 1182 5793 cap.§.
1198 5720 1531 5787 Pontiﬁralc,
1546 5738 1594 5776 c.
1613 5722 1663 5793 ἵ.
1682 5721 2054 5777 EstAlcx:.nd.:
2068 5743 2091 5779 r
2105 5742 2141 5778 ι.

637 5787 665 5826 ι’
696 5786 1005 5846 Gennadius
1027 5786 1092 5847 d'e
1114 5791 1258 5847 Viris
1278 5793 1439 5847 illast.
1474 5809 1591 5861 cap.
1619 5792 1705 5847 69.

2252 4690 2433 4748 Vitam
2485 4697 2657 4751 sancti
2708 4695 2965 4753 Honorati
3020 4700 3320 4757 decessoris
3374 4706 3456 4758 sui
3501 4709 3815 4777 composuit.

2251 4784 2479 4841 Moritur
2508 4787 2891 4843 Valentiniano
2921 4799 2975 4844 et
3001 4789 3268 4848 Martiano
3295 4794 3734 4863 imperatoribus.

2322 4875 2455 4933 ltem
2484 4875 2722 4943 Viennae,
2772 4879 2917 4934 beati
2961 4880 3154 4937 Nicetii
3193 4884 3450 4956 episcopi,
3501 4890 3821 4946 venerabilis

2251 4969 2558 5024 sanctitatis
2583 4970 2706 5024 viri.

2317 5058 2672 5142 Antisiodori,
2721 5062 2902 5130 passio
2955 5063 3130 5118 sancti
3168 5062 3465 5134 Jovintam,
3508 5069 3727 5128 lectoris
3769 5078 3819 5127 et

2248 5151 2523 5221 martyris.

2656 5250 2722 5306 G.
2753 5250 2981 5308 PRIDIE
3010 5254 3239 5312 NONAS
3259 5258 3421 5313 MAH.

2908 5346 2965 5417 (6
2989 5346 3171 5421 Maii.)
3434 5344 3463 5365 κ

2319 5445 2343 5474 ο
2371 5433 2580 5490 Natalis
2604 5437 2776 5490 sancti
2804 5436 3030 5493 Joannis
3051 5441 3274 5510 apostoli
3308 5449 3434 5497 ante
3471 5453 3679 5513 portam
3719 5442 3821 5496 La-

2252 5523 2422 5578 tinam
2444 5524 2649 5584 Romaz,
2684 5525 2775 5593 qui
2802 5528 2870 5580 ab
2894 5527 3126 5597 Epheso,
3155 5528 3310 5598 jussu
3342 5531 3824 5587 Domitianifratris

2253 5614 2379 5677 Titi,
2402 5616 2636 5670 secunda
2663 5619 3060 5686 persecutione,
3085 5638 3245 5692 quam
3278 5622 3392 5693 ipse
3411 5634 3535 5695 post
3567 5624 3822 5679 Neronem

2331 5738 2352 5765 ο
2394 5727 2573 5803 llicr.,
2601 5728 2693 5803 lib.
2729 5747 2743 5784 ι
2774 5740 2960 5803 contra
2993 5731 3266 5789 Jovinian.
3299 5751 3349 5791 c.
3379 5737 3553 5803 M,'et
3587 5740 3637 5793 in
3673 5752 3727 5790 (ι.
3760 5750 3824 5789 xx

2260 5796 2469 5863 Matth,
2507 5816 2568 5852 cx
2611 5799 2834 5854 Tertull.
2884 5804 2949 5857 de
2992 5804 3218 5859 Praiscr.
3251 5806 3403 5861 c.56.
