  <div class='ocr_page' id='page_1' title='image "/cluster/home/n/w/nwhite01/storage/ocr_20150623/123/hvd.32044011218062/148.png"; bbox 0 0 3962 6366; ppageno 0'>
   <div class='ocr_carea' id='block_1_1' title="bbox 145 311 256 369">
    <p class='ocr_par' dir='ltr' id='par_1_1' title="bbox 145 311 256 369">
     <span class='ocr_line' id='line_1_1' title="bbox 145 311 256 369; baseline 0.018 -2"><span class='ocrx_word' id='word_1_1' title='bbox 145 311 256 369; x_wconf 73' lang='lat'><strong>261</strong></span> 
     </span>
    </p>
   </div>
   <div class='ocr_carea' id='block_1_2' title="bbox 146 541 1740 616">
    <p class='ocr_par' dir='ltr' id='par_1_2' title="bbox 146 541 1740 616">
     <span class='ocr_line' id='line_1_2' title="bbox 146 541 1740 616; baseline -0.003 -15"><span class='ocrx_word' id='word_1_2' title='bbox 146 555 384 611; x_wconf 81' lang='lat' dir='ltr'><strong>senatu,</strong></span> <span class='ocrx_word' id='word_1_3' title='bbox 412 554 539 601; x_wconf 89' lang='lat' dir='ltr'><strong>ante</strong></span> <span class='ocrx_word' id='word_1_4' title='bbox 576 554 788 616; x_wconf 90' lang='lat' dir='ltr'><strong>portam</strong></span> <span class='ocrx_word' id='word_1_5' title='bbox 829 543 1077 599; x_wconf 86' lang='lat' dir='ltr'><strong>Latinam</strong></span> <span class='ocrx_word' id='word_1_6' title='bbox 1110 543 1161 597; x_wconf 91' lang='lat' dir='ltr'><strong>in</strong></span> <span class='ocrx_word' id='word_1_7' title='bbox 1190 542 1447 598; x_wconf 79' lang='lat' dir='ltr'><strong>ferventis</strong></span> <span class='ocrx_word' id='word_1_8' title='bbox 1470 543 1572 597; x_wconf 88' lang='lat' dir='ltr'><strong>olei</strong></span> <span class='ocrx_word' id='word_1_9' title='bbox 1597 541 1740 597; x_wconf 93' lang='lat' dir='ltr'><strong>dolio</strong></span> 
     </span>
    </p>
   </div>
   <div class='ocr_carea' id='block_1_3' title="bbox 144 634 1740 709">
    <p class='ocr_par' dir='ltr' id='par_1_3' title="bbox 144 634 1740 709">
     <span class='ocr_line' id='line_1_3' title="bbox 144 634 1740 709; baseline -0.003 -15"><span class='ocrx_word' id='word_1_10' title='bbox 144 639 366 693; x_wconf 87' lang='lat' dir='ltr'><strong>missus</strong></span> <span class='ocrx_word' id='word_1_11' title='bbox 394 647 496 695; x_wconf 77' lang='lat' dir='ltr'><strong>est,</strong></span> <span class='ocrx_word' id='word_1_12' title='bbox 530 646 724 709; x_wconf 91' lang='lat' dir='ltr'><strong>agente</strong></span> <span class='ocrx_word' id='word_1_13' title='bbox 753 638 857 691; x_wconf 91' lang='lat' dir='ltr'><strong>hoc</strong></span> <span class='ocrx_word' id='word_1_14' title='bbox 884 635 1049 705; x_wconf 89' lang='lat' dir='ltr'><strong>impio</strong></span> <span class='ocrx_word' id='word_1_15' title='bbox 1085 635 1329 705; x_wconf 83' lang='lat' dir='ltr'><strong>principe</strong></span> <span class='ocrx_word' id='word_1_16' title='bbox 1359 636 1452 704; x_wconf 89' lang='lat' dir='ltr'><strong>qui</strong></span> <span class='ocrx_word' id='word_1_17' title='bbox 1478 634 1740 690; x_wconf 88' lang='lat' dir='ltr'><strong>Christia-</strong></span> 
     </span>
    </p>
   </div>
   <div class='ocr_carea' id='block_1_4' title="bbox 144 723 1740 795">
    <p class='ocr_par' dir='ltr' id='par_1_4' title="bbox 144 723 1740 795">
     <span class='ocr_line' id='line_1_4' title="bbox 144 723 1740 795; baseline -0.003 -12"><span class='ocrx_word' id='word_1_18' title='bbox 144 743 361 784; x_wconf 84' lang='lat' dir='ltr'><strong>norum</strong></span> <span class='ocrx_word' id='word_1_19' title='bbox 411 727 796 782; x_wconf 90' lang='lat' dir='ltr'><strong>infestissimus</strong></span> <span class='ocrx_word' id='word_1_20' title='bbox 842 734 1157 795; x_wconf 89' lang='lat' dir='ltr'><strong>persecutor</strong></span> <span class='ocrx_word' id='word_1_21' title='bbox 1202 733 1340 779; x_wconf 86' lang='lat' dir='ltr'><strong>erat.</strong></span> <span class='ocrx_word' id='word_1_22' title='bbox 1396 723 1504 779; x_wconf 90' lang='lat' dir='ltr'><strong>Sed</strong></span> <span class='ocrx_word' id='word_1_23' title='bbox 1551 725 1740 779; x_wconf 90' lang='lat' dir='ltr'><strong>beatus</strong></span> 
     </span>
    </p>
   </div>
   <div class='ocr_carea' id='block_1_5' title="bbox 146 814 1738 888">
    <p class='ocr_par' dir='ltr' id='par_1_5' title="bbox 146 814 1738 888">
     <span class='ocr_line' id='line_1_5' title="bbox 146 814 1738 888; baseline -0.003 -15"><span class='ocrx_word' id='word_1_24' title='bbox 146 818 440 888; x_wconf 83' lang='lat' dir='ltr'><strong>apostolus</strong></span> <span class='ocrx_word' id='word_1_25' title='bbox 500 825 608 872; x_wconf 91' lang='lat' dir='ltr'><strong>tam</strong></span> <span class='ocrx_word' id='word_1_26' title='bbox 664 815 801 871; x_wconf 90' lang='lat' dir='ltr'><strong>liber</strong></span> <span class='ocrx_word' id='word_1_27' title='bbox 847 831 877 869; x_wconf 90' lang='lat' dir='ltr'><strong>a</strong></span> <span class='ocrx_word' id='word_1_28' title='bbox 927 830 1084 884; x_wconf 89' lang='lat' dir='ltr'><strong>poena</strong></span> <span class='ocrx_word' id='word_1_29' title='bbox 1138 814 1262 868; x_wconf 89' lang='lat' dir='ltr'><strong>inde</strong></span> <span class='ocrx_word' id='word_1_30' title='bbox 1315 814 1448 868; x_wconf 80' lang='lat' dir='ltr'><strong>exiit</strong></span> <span class='ocrx_word' id='word_1_31' title='bbox 1494 830 1657 882; x_wconf 90' lang='lat' dir='ltr'><strong>quam</strong></span> <span class='ocrx_word' id='word_1_32' title='bbox 1706 828 1738 868; x_wconf 89' lang='lat' dir='ltr'><strong>a</strong></span> 
     </span>
    </p>
   </div>
   <div class='ocr_carea' id='block_1_6' title="bbox 145 905 1739 979">
    <p class='ocr_par' dir='ltr' id='par_1_6' title="bbox 145 905 1739 979">
     <span class='ocr_line' id='line_1_6' title="bbox 145 905 1739 979; baseline -0.002 -16"><span class='ocrx_word' id='word_1_33' title='bbox 145 908 607 979; x_wconf 63' lang='lat' dir='ltr'><strong>corruptionibus</strong></span> <span class='ocrx_word' id='word_1_34' title='bbox 634 905 817 963; x_wconf 89' lang='lat' dir='ltr'><strong>carnis</strong></span> <span class='ocrx_word' id='word_1_35' title='bbox 837 905 1012 959; x_wconf 82' lang='lat' dir='ltr'><strong>fuerat</strong></span> <span class='ocrx_word' id='word_1_36' title='bbox 1034 906 1303 960; x_wconf 88' lang='lat' dir='ltr'><strong>immunis.</strong></span> <span class='ocrx_word' id='word_1_37' title='bbox 1333 906 1483 961; x_wconf 92' lang='lat' dir='ltr'><strong>Tunc</strong></span> <span class='ocrx_word' id='word_1_38' title='bbox 1508 906 1559 960; x_wconf 90' lang='lat' dir='ltr'><strong>in</strong></span> <span class='ocrx_word' id='word_1_39' title='bbox 1582 906 1739 960; x_wconf 85' lang='lat' dir='ltr'><strong>Path-</strong></span> 
     </span>
    </p>
   </div>
   <div class='ocr_carea' id='block_1_7' title="bbox 140 995 1736 1071">
    <p class='ocr_par' dir='ltr' id='par_1_7' title="bbox 140 995 1736 1071">
     <span class='ocr_line' id='line_1_7' title="bbox 140 995 1736 1071; baseline -0.002 -19"><span class='ocrx_word' id='word_1_40' title='bbox 140 1013 310 1053; x_wconf 84' lang='lat' dir='ltr'><strong>mum</strong></span> <span class='ocrx_word' id='word_1_41' title='bbox 367 997 598 1052; x_wconf 80' lang='lat' dir='ltr'><strong>insulam</strong></span> <span class='ocrx_word' id='word_1_42' title='bbox 651 996 919 1066; x_wconf 80' lang='lat' dir='ltr'><strong>relegatur</strong></span> <span class='ocrx_word' id='word_1_43' title='bbox 973 995 1186 1060; x_wconf 79' lang='lat' dir='ltr'><strong>exsilio,</strong></span> <span class='ocrx_word' id='word_1_44' title='bbox 1227 996 1315 1050; x_wconf 92' lang='lat' dir='ltr'><strong>ubi</strong></span> <span class='ocrx_word' id='word_1_45' title='bbox 1357 996 1736 1071; x_wconf 79' lang='lat' dir='ltr'><strong>Apocalypsitn</strong></span> 
     </span>
    </p>
   </div>
   <div class='ocr_carea' id='block_1_8' title="bbox 146 1086 1738 1157">
    <p class='ocr_par' dir='ltr' id='par_1_8' title="bbox 146 1086 1738 1157">
     <span class='ocr_line' id='line_1_8' title="bbox 146 1086 1738 1157; baseline -0.001 -14"><span class='ocrx_word' id='word_1_46' title='bbox 146 1088 309 1143; x_wconf 78' lang='lat' dir='ltr'><strong>vidit.</strong></span> <span class='ocrx_word' id='word_1_47' title='bbox 354 1088 436 1142; x_wconf 78' lang='lat' dir='ltr'><strong>Ad</strong></span> <span class='ocrx_word' id='word_1_48' title='bbox 464 1086 947 1142; x_wconf 87' lang='lat' dir='ltr'><strong>connuendandam</strong></span> <span class='ocrx_word' id='word_1_49' title='bbox 978 1101 1109 1157; x_wconf 87' lang='lat' dir='ltr'><strong>ergo</strong></span> <span class='ocrx_word' id='word_1_50' title='bbox 1156 1086 1322 1156; x_wconf 87' lang='lat' dir='ltr'><strong>ipsius</strong></span> <span class='ocrx_word' id='word_1_51' title='bbox 1362 1088 1577 1157; x_wconf 79' lang='lat' dir='ltr'><strong>dignam</strong></span> <span class='ocrx_word' id='word_1_52' title='bbox 1627 1102 1738 1141; x_wconf 71' lang='lat' dir='ltr'><strong>mc~</strong></span> 
     </span>
    </p>
   </div>
   <div class='ocr_carea' id='block_1_9' title="bbox 150 1176 1738 1247">
    <p class='ocr_par' dir='ltr' id='par_1_9' title="bbox 150 1176 1738 1247">
     <span class='ocr_line' id='line_1_9' title="bbox 150 1176 1738 1247; baseline -0.001 -14"><span class='ocrx_word' id='word_1_53' title='bbox 150 1180 411 1243; x_wconf 86' lang='lat' dir='ltr'><strong>moriam,</strong></span> <span class='ocrx_word' id='word_1_54' title='bbox 436 1187 489 1232; x_wconf 93' lang='lat' dir='ltr'><strong>et</strong></span> <span class='ocrx_word' id='word_1_55' title='bbox 521 1193 619 1247; x_wconf 91' lang='lat' dir='ltr'><strong>pro</strong></span> <span class='ocrx_word' id='word_1_56' title='bbox 649 1177 753 1232; x_wconf 33' lang='lat' dir='ltr'><strong>liile</strong></span> <span class='ocrx_word' id='word_1_57' title='bbox 780 1176 1130 1246; x_wconf 84' lang='lat' dir='ltr'><strong>apostolicam</strong></span> <span class='ocrx_word' id='word_1_58' title='bbox 1165 1178 1544 1241; x_wconf 89' lang='lat' dir='ltr'><strong>constantiam,</strong></span> <span class='ocrx_word' id='word_1_59' title='bbox 1580 1178 1738 1234; x_wconf 87' lang='lat' dir='ltr'><strong>Chri-</strong></span> 
     </span>
    </p>
   </div>
   <div class='ocr_carea' id='block_1_10' title="bbox 152 1267 1733 1338">
    <p class='ocr_par' dir='ltr' id='par_1_10' title="bbox 152 1267 1733 1338">
     <span class='ocr_line' id='line_1_10' title="bbox 152 1267 1733 1338; baseline -0.001 -13"><span class='ocrx_word' id='word_1_60' title='bbox 152 1271 321 1326; x_wconf 84' lang='lat' dir='ltr'><strong>stiani</strong></span> <span class='ocrx_word' id='word_1_61' title='bbox 372 1269 682 1332; x_wconf 86' lang='lat' dir='ltr'><strong>ecclesiam,</strong></span> <span class='ocrx_word' id='word_1_62' title='bbox 719 1267 1120 1323; x_wconf 82' lang='lat' dir='ltr'><strong>venerationem</strong></span> <span class='ocrx_word' id='word_1_63' title='bbox 1162 1267 1277 1335; x_wconf 87' lang='lat' dir='ltr'><strong>ejus</strong></span> <span class='ocrx_word' id='word_1_64' title='bbox 1333 1277 1637 1338; x_wconf 75' lang='lat' dir='ltr'><strong>gestantem</strong></span> <span class='ocrx_word' id='word_1_65' title='bbox 1683 1268 1733 1323; x_wconf 89' lang='lat' dir='ltr'><strong>in</strong></span> 
     </span>
    </p>
   </div>
   <div class='ocr_carea' id='block_1_11' title="bbox 151 1358 1737 1431">
    <p class='ocr_par' dir='ltr' id='par_1_11' title="bbox 151 1358 1737 1431">
     <span class='ocr_line' id='line_1_11' title="bbox 151 1358 1737 1431; baseline -0.002 -14"><span class='ocrx_word' id='word_1_66' title='bbox 151 1360 471 1431; x_wconf 85' lang='lat' dir='ltr'><strong>supradicto</strong></span> <span class='ocrx_word' id='word_1_67' title='bbox 519 1359 638 1415; x_wconf 91' lang='lat' dir='ltr'><strong>loco</strong></span> <span class='ocrx_word' id='word_1_68' title='bbox 665 1368 790 1414; x_wconf 87' lang='lat' dir='ltr'><strong>ante</strong></span> <span class='ocrx_word' id='word_1_69' title='bbox 828 1368 1039 1429; x_wconf 90' lang='lat' dir='ltr'><strong>portam</strong></span> <span class='ocrx_word' id='word_1_70' title='bbox 1081 1358 1326 1414; x_wconf 82' lang='lat' dir='ltr'><strong>Latinam</strong></span> <span class='ocrx_word' id='word_1_71' title='bbox 1378 1359 1637 1430; x_wconf 75' lang='lat' dir='ltr'><strong>pneclaro</strong></span> <span class='ocrx_word' id='word_1_72' title='bbox 1681 1368 1737 1415; x_wconf 91' lang='lat' dir='ltr'><strong>et</strong></span> 
     </span>
    </p>
   </div>
   <div class='ocr_carea' id='block_1_12' title="bbox 152 1446 1734 1519">
    <p class='ocr_par' dir='ltr' id='par_1_12' title="bbox 152 1446 1734 1519">
     <span class='ocr_line' id='line_1_12' title="bbox 152 1446 1734 1519; baseline -0.002 -14"><span class='ocrx_word' id='word_1_73' title='bbox 152 1452 295 1505; x_wconf 89' lang='lat' dir='ltr'><strong>miro</strong></span> <span class='ocrx_word' id='word_1_74' title='bbox 324 1464 490 1519; x_wconf 88' lang='lat' dir='ltr'><strong>opere</strong></span> <span class='ocrx_word' id='word_1_75' title='bbox 515 1456 959 1514; x_wconf 80' lang='lat' dir='ltr'><strong>construxerunt,</strong></span> <span class='ocrx_word' id='word_1_76' title='bbox 989 1447 1080 1502; x_wconf 92' lang='lat' dir='ltr'><strong>ubi</strong></span> <span class='ocrx_word' id='word_1_77' title='bbox 1115 1446 1365 1502; x_wconf 88' lang='lat' dir='ltr'><strong>festivum</strong></span> <span class='ocrx_word' id='word_1_78' title='bbox 1411 1462 1734 1505; x_wconf 88' lang='lat' dir='ltr'><strong>concursum</strong></span> 
     </span>
    </p>
   </div>
   <div class='ocr_carea' id='block_1_13' title="bbox 152 1538 1388 1609">
    <p class='ocr_par' dir='ltr' id='par_1_13' title="bbox 152 1538 1388 1609">
     <span class='ocr_line' id='line_1_13' title="bbox 152 1538 1388 1609; baseline -0.002 -15"><span class='ocrx_word' id='word_1_79' title='bbox 152 1541 466 1596; x_wconf 86' lang='lat' dir='ltr'><strong>undecimo.</strong></span> <span class='ocrx_word' id='word_1_80' title='bbox 497 1540 614 1595; x_wconf 83' lang='lat' dir='ltr'><strong>Non</strong></span> <span class='ocrx_word' id='word_1_81' title='bbox 635 1538 760 1594; x_wconf 83' lang='lat' dir='ltr'><strong>Maii</strong></span> <span class='ocrx_word' id='word_1_82' title='bbox 785 1554 953 1609; x_wconf 77' lang='lat' dir='ltr'><strong>usque</strong></span> <span class='ocrx_word' id='word_1_83' title='bbox 980 1539 1138 1594; x_wconf 82' lang='lat' dir='ltr'><strong>hodie</strong></span> <span class='ocrx_word' id='word_1_84' title='bbox 1163 1538 1388 1594; x_wconf 91' lang='lat' dir='ltr'><strong>faciunt.</strong></span> 
     </span>
    </p>
   </div>
   <div class='ocr_carea' id='block_1_14' title="bbox 226 1647 1731 1722">
    <p class='ocr_par' dir='ltr' id='par_1_14' title="bbox 226 1647 1731 1722">
     <span class='ocr_line' id='line_1_14' title="bbox 226 1647 1731 1722; baseline 0.003 -20"><span class='ocrx_word' id='word_1_85' title='bbox 226 1650 432 1704; x_wconf 78' lang='lat' dir='ltr'><strong>Eodem</strong></span> <span class='ocrx_word' id='word_1_86' title='bbox 491 1648 598 1715; x_wconf 91' lang='lat' dir='ltr'><strong>die,</strong></span> <span class='ocrx_word' id='word_1_87' title='bbox 649 1648 792 1704; x_wconf 85' lang='lat' dir='ltr'><strong>beati</strong></span> <span class='ocrx_word' id='word_1_88' title='bbox 848 1648 1058 1713; x_wconf 79' lang='lat' dir='ltr'><strong>Ev&#39;odii,</strong></span> <span class='ocrx_word' id='word_1_89' title='bbox 1107 1647 1406 1705; x_wconf 72' lang='lat' dir='ltr'><strong>Antioohite</strong></span> <span class='ocrx_word' id='word_1_90' title='bbox 1470 1652 1731 1722; x_wconf 76' lang='lat' dir='ltr'><strong>episcopi,</strong></span> 
     </span>
    </p>
   </div>
   <div class='ocr_carea' id='block_1_15' title="bbox 158 1738 1732 1811">
    <p class='ocr_par' dir='ltr' id='par_1_15' title="bbox 158 1738 1732 1811">
     <span class='ocr_line' id='line_1_15' title="bbox 158 1738 1732 1811; baseline 0.004 -21"><span class='ocrx_word' id='word_1_91' title='bbox 158 1739 252 1806; x_wconf 90' lang='lat' dir='ltr'><strong>qui</strong></span> <span class='ocrx_word' id='word_1_92' title='bbox 297 1740 503 1808; x_wconf 88' lang='lat' dir='ltr'><strong>primus</strong></span> <span class='ocrx_word' id='word_1_93' title='bbox 548 1739 617 1793; x_wconf 91' lang='lat' dir='ltr'><strong>ab</strong></span> <span class='ocrx_word' id='word_1_94' title='bbox 662 1738 967 1808; x_wconf 68' lang='lat' dir='ltr'><strong>apostolisl</strong></span> <span class='ocrx_word' id='word_1_95' title='bbox 1010 1739 1084 1793; x_wconf 86' lang='lat' dir='ltr'><strong>ibi</strong></span> <span class='ocrx_word' id='word_1_96' title='bbox 1135 1747 1217 1795; x_wconf 90' lang='lat' dir='ltr'><strong>est</strong></span> <span class='ocrx_word' id='word_1_97' title='bbox 1274 1741 1558 1811; x_wconf 90' lang='lat' dir='ltr'><strong>episcopus</strong></span> <span class='ocrx_word' id='word_1_98' title='bbox 1589 1743 1732 1798; x_wconf 84' lang='lat' dir='ltr'><strong>ordi-</strong></span> 
     </span>
    </p>
   </div>
   <div class='ocr_carea' id='block_1_16' title="bbox 159 1840 343 1884">
    <p class='ocr_par' dir='ltr' id='par_1_16' title="bbox 159 1840 343 1884">
     <span class='ocr_line' id='line_1_16' title="bbox 159 1840 343 1884; baseline 0 -1"><span class='ocrx_word' id='word_1_99' title='bbox 159 1840 343 1884; x_wconf 89' lang='lat' dir='ltr'><strong>natus.</strong></span> 
     </span>
    </p>
   </div>
   <div class='ocr_carea' id='block_1_17' title="bbox 226 1938 1732 2015">
    <p class='ocr_par' dir='ltr' id='par_1_17' title="bbox 226 1938 1732 2015">
     <span class='ocr_line' id='line_1_17' title="bbox 226 1938 1732 2015; baseline 0.005 -23"><span class='ocrx_word' id='word_1_100' title='bbox 226 1938 358 1992; x_wconf 88' lang='lat' dir='ltr'><strong>Item</strong></span> <span class='ocrx_word' id='word_1_101' title='bbox 388 1939 528 1994; x_wconf 84' lang='lat' dir='ltr'><strong>beati</strong></span> <span class='ocrx_word' id='word_1_102' title='bbox 568 1938 718 1995; x_wconf 89' lang='lat' dir='ltr'><strong>Lucii</strong></span> <span class='ocrx_word' id='word_1_103' title='bbox 766 1938 1110 2010; x_wconf 85' lang='lat' dir='ltr'><strong>Cyrenensis,</strong></span> <span class='ocrx_word' id='word_1_104' title='bbox 1145 1942 1237 2011; x_wconf 90' lang='lat' dir='ltr'><strong>qui</strong></span> <span class='ocrx_word' id='word_1_105' title='bbox 1284 1942 1425 2013; x_wconf 89' lang='lat' dir='ltr'><strong>apud</strong></span> <span class='ocrx_word' id='word_1_106' title='bbox 1469 1941 1732 2015; x_wconf 85' lang='lat' dir='ltr'><strong>Cyrenem</strong></span> 
     </span>
    </p>
   </div>
   <div class='ocr_carea' id='block_1_18' title="bbox 155 2030 1729 2104">
    <p class='ocr_par' dir='ltr' id='par_1_18' title="bbox 155 2030 1729 2104">
     <span class='ocr_line' id='line_1_18' title="bbox 155 2030 1729 2104; baseline 0.004 -21"><span class='ocrx_word' id='word_1_107' title='bbox 155 2030 361 2100; x_wconf 90' lang='lat' dir='ltr'><strong>primus</strong></span> <span class='ocrx_word' id='word_1_108' title='bbox 398 2032 681 2101; x_wconf 80' lang='lat' dir='ltr'><strong>cpiscopus</strong></span> <span class='ocrx_word' id='word_1_109' title='bbox 715 2048 745 2085; x_wconf 90' lang='lat' dir='ltr'><strong>a</strong></span> <span class='ocrx_word' id='word_1_110' title='bbox 781 2033 983 2087; x_wconf 84' lang='lat' dir='ltr'><strong>sanctis</strong></span> <span class='ocrx_word' id='word_1_111' title='bbox 1009 2033 1266 2102; x_wconf 84' lang='lat' dir='ltr'><strong>apostolis</strong></span> <span class='ocrx_word' id='word_1_112' title='bbox 1318 2035 1594 2092; x_wconf 90' lang='lat' dir='ltr'><strong>institutus</strong></span> <span class='ocrx_word' id='word_1_113' title='bbox 1627 2046 1729 2104; x_wconf 91' lang='lat' dir='ltr'><strong>est,</strong></span> 
     </span>
    </p>
   </div>
   <div class='ocr_carea' id='block_1_19' title="bbox 159 2123 1732 2194">
    <p class='ocr_par' dir='ltr' id='par_1_19' title="bbox 159 2123 1732 2194">
     <span class='ocr_line' id='line_1_19' title="bbox 159 2123 1732 2194; baseline 0.008 -23"><span class='ocrx_word' id='word_1_114' title='bbox 159 2137 311 2190; x_wconf 52' lang='lat' dir='ltr'><strong>qzem</strong></span> <span class='ocrx_word' id='word_1_115' title='bbox 358 2123 412 2177; x_wconf 91' lang='lat' dir='ltr'><strong>in</strong></span> <span class='ocrx_word' id='word_1_116' title='bbox 441 2123 665 2179; x_wconf 78' lang='lat' dir='ltr'><strong>Actibus</strong></span> <span class='ocrx_word' id='word_1_117' title='bbox 701 2124 1069 2194; x_wconf 85' lang='lat' dir='ltr'><strong>apostolorum</strong></span> <span class='ocrx_word' id='word_1_118' title='bbox 1119 2134 1337 2182; x_wconf 90' lang='lat' dir='ltr'><strong>sanctus</strong></span> <span class='ocrx_word' id='word_1_119' title='bbox 1384 2125 1556 2183; x_wconf 88' lang='lat' dir='ltr'><strong>Lucas</strong></span> <span class='ocrx_word' id='word_1_120' title='bbox 1586 2143 1732 2184; x_wconf 91' lang='lat' dir='ltr'><strong>com-</strong></span> 
     </span>
    </p>
   </div>
   <div class='ocr_carea' id='block_1_20' title="bbox 159 2219 1450 2267">
    <p class='ocr_par' dir='ltr' id='par_1_20' title="bbox 159 2219 1450 2267">
     <span class='ocr_line' id='line_1_20' title="bbox 159 2219 1450 2267; baseline 0.005 -1"><span class='ocrx_word' id='word_1_121' title='bbox 159 2221 443 2267; x_wconf 79' lang='lat' dir='ltr'><strong>memorat.</strong></span> <span class='ocrx_word' id='word_1_122' title='bbox 1441 2219 1450 2227; x_wconf 82' lang='lat'><strong>&#39;</strong></span> 
     </span>
    </p>
   </div>
   <div class='ocr_carea' id='block_1_21' title="bbox 681 2349 1205 2408">
    <p class='ocr_par' dir='ltr' id='par_1_21' title="bbox 681 2349 1205 2408">
     <span class='ocr_line' id='line_1_21' title="bbox 681 2349 1205 2408; baseline 0.01 -5"><span class='ocrx_word' id='word_1_123' title='bbox 681 2350 746 2404; x_wconf 84' lang='lat' dir='ltr'><strong>A.</strong></span> <span class='ocrx_word' id='word_1_124' title='bbox 793 2349 997 2406; x_wconf 83' lang='lat' dir='ltr'><strong>NONIS</strong></span> <span class='ocrx_word' id='word_1_125' title='bbox 1042 2350 1205 2408; x_wconf 76' lang='grc' dir='ltr'><strong>ΜΑΙΙ.</strong></span> 
     </span>
    </p>
   </div>
   <div class='ocr_carea' id='block_1_22' title="bbox 794 2486 1081 2558">
    <p class='ocr_par' dir='ltr' id='par_1_22' title="bbox 794 2486 1081 2558">
     <span class='ocr_line' id='line_1_22' title="bbox 794 2486 1081 2558; baseline 0 -17"><span class='ocrx_word' id='word_1_126' title='bbox 794 2487 849 2558; x_wconf 79' lang='grc'><strong>(7</strong></span> <span class='ocrx_word' id='word_1_127' title='bbox 902 2486 1081 2558; x_wconf 80' lang='lat' dir='ltr'><strong>Maii.)</strong></span> 
     </span>
    </p>
   </div>
   <div class='ocr_carea' id='block_1_23' title="bbox 235 2616 1235 2690">
    <p class='ocr_par' dir='ltr' id='par_1_23' title="bbox 235 2616 1235 2690">
     <span class='ocr_line' id='line_1_23' title="bbox 235 2616 1235 2690; baseline 0.003 -19"><span class='ocrx_word' id='word_1_128' title='bbox 235 2616 447 2674; x_wconf 77' lang='lat' dir='ltr'><strong>Natalis</strong></span> <span class='ocrx_word' id='word_1_129' title='bbox 468 2618 634 2673; x_wconf 83' lang='lat' dir='ltr'><strong>sancti</strong></span> <span class='ocrx_word' id='word_1_130' title='bbox 656 2617 932 2674; x_wconf 71' lang='lat' dir='ltr'><strong>Iuvenalis</strong></span> <span class='ocrx_word' id='word_1_131' title='bbox 956 2619 1235 2690; x_wconf 85' lang='lat' dir='ltr'><strong>martyris.</strong></span> 
     </span>
    </p>
   </div>
   <div class='ocr_carea' id='block_1_24' title="bbox 228 2726 1727 2797">
    <p class='ocr_par' dir='ltr' id='par_1_24' title="bbox 228 2726 1727 2797">
     <span class='ocr_line' id='line_1_24' title="bbox 228 2726 1727 2797; baseline 0.003 -16"><span class='ocrx_word' id='word_1_132' title='bbox 228 2726 297 2781; x_wconf 84' lang='lat' dir='ltr'><strong>Et</strong></span> <span class='ocrx_word' id='word_1_133' title='bbox 348 2726 669 2782; x_wconf 69' lang='lat' dir='ltr'><strong>beatissimm</strong></span> <span class='ocrx_word' id='word_1_134' title='bbox 711 2735 873 2797; x_wconf 90' lang='lat' dir='ltr'><strong>atque</strong></span> <span class='ocrx_word' id='word_1_135' title='bbox 920 2726 1297 2784; x_wconf 75' lang='lat' dir='ltr'><strong>illustrissimte</strong></span> <span class='ocrx_word' id='word_1_136' title='bbox 1351 2728 1446 2785; x_wconf 91' lang='lat' dir='ltr'><strong>Dei</strong></span> <span class='ocrx_word' id='word_1_137' title='bbox 1514 2729 1727 2787; x_wconf 65' lang='lat' dir='ltr'><strong>famulae</strong></span> 
     </span>
    </p>
   </div>
   <div class='ocr_carea' id='block_1_25' title="bbox 149 2817 1727 2887">
    <p class='ocr_par' dir='ltr' id='par_1_25' title="bbox 149 2817 1727 2887">
     <span class='ocr_line' id='line_1_25' title="bbox 149 2817 1727 2887; baseline 0.003 -15"><span class='ocrx_word' id='word_1_138' title='bbox 149 2818 352 2873; x_wconf 69' lang='lat' dir='ltr'><strong>Flaviae</strong></span> <span class='ocrx_word' id='word_1_139' title='bbox 379 2817 659 2874; x_wconf 71' lang='lat' dir='ltr'><strong>Domitillaa</strong></span> <span class='ocrx_word' id='word_1_140' title='bbox 690 2820 739 2873; x_wconf 75' lang='grc' dir='ltr'>ιι.</span> <span class='ocrx_word' id='word_1_141' title='bbox 764 2819 893 2887; x_wconf 88' lang='lat' dir='ltr'><strong>Quae</strong></span> <span class='ocrx_word' id='word_1_142' title='bbox 916 2833 1038 2874; x_wconf 89' lang='lat' dir='ltr'><strong>cum</strong></span> <span class='ocrx_word' id='word_1_143' title='bbox 1067 2827 1212 2876; x_wconf 90' lang='lat' dir='ltr'><strong>esset</strong></span> <span class='ocrx_word' id='word_1_144' title='bbox 1235 2820 1403 2876; x_wconf 85' lang='lat' dir='ltr'><strong>Flavii</strong></span> <span class='ocrx_word' id='word_1_145' title='bbox 1432 2820 1727 2878; x_wconf 81' lang='lat' dir='ltr'><strong>Clementis</strong></span> 
     </span>
    </p>
   </div>
   <div class='ocr_carea' id='block_1_26' title="bbox 147 2911 1726 2982">
    <p class='ocr_par' dir='ltr' id='par_1_26' title="bbox 147 2911 1726 2982">
     <span class='ocr_line' id='line_1_26' title="bbox 147 2911 1726 2982; baseline -0.001 -15"><span class='ocrx_word' id='word_1_146' title='bbox 147 2911 388 2967; x_wconf 87' lang='lat' dir='ltr'><strong>consulis</strong></span> <span class='ocrx_word' id='word_1_147' title='bbox 409 2928 476 2966; x_wconf 81' lang='lat' dir='ltr'><strong>cx</strong></span> <span class='ocrx_word' id='word_1_148' title='bbox 498 2926 688 2967; x_wconf 89' lang='lat' dir='ltr'><strong>sorore</strong></span> <span class='ocrx_word' id='word_1_149' title='bbox 712 2913 906 2982; x_wconf 89' lang='lat' dir='ltr'><strong>neptis,</strong></span> <span class='ocrx_word' id='word_1_150' title='bbox 942 2920 998 2966; x_wconf 89' lang='lat' dir='ltr'><strong>et</strong></span> <span class='ocrx_word' id='word_1_151' title='bbox 1036 2926 1067 2964; x_wconf 90' lang='lat' dir='ltr'><strong>a</strong></span> <span class='ocrx_word' id='word_1_152' title='bbox 1113 2918 1302 2967; x_wconf 90' lang='lat' dir='ltr'><strong>sancto</strong></span> <span class='ocrx_word' id='word_1_153' title='bbox 1323 2911 1601 2967; x_wconf 81' lang='lat' dir='ltr'><strong>Clemente</strong></span> <span class='ocrx_word' id='word_1_154' title='bbox 1640 2925 1726 2966; x_wconf 88' lang='lat' dir='ltr'><strong>sa-</strong></span> 
     </span>
    </p>
   </div>
   <div class='ocr_carea' id='block_1_27' title="bbox 149 3002 1721 3074">
    <p class='ocr_par' dir='ltr' id='par_1_27' title="bbox 149 3002 1721 3074">
     <span class='ocr_line' id='line_1_27' title="bbox 149 3002 1721 3074; baseline -0.003 -15"><span class='ocrx_word' id='word_1_155' title='bbox 149 3020 242 3059; x_wconf 91' lang='lat' dir='ltr'><strong>cro</strong></span> <span class='ocrx_word' id='word_1_156' title='bbox 280 3004 553 3058; x_wconf 75' lang='lat' dir='ltr'><strong>velamine</strong></span> <span class='ocrx_word' id='word_1_157' title='bbox 581 3004 650 3058; x_wconf 90' lang='lat' dir='ltr'><strong>ad</strong></span> <span class='ocrx_word' id='word_1_158' title='bbox 684 3003 1012 3074; x_wconf 80' lang='lat' dir='ltr'><strong>integritatis</strong></span> <span class='ocrx_word' id='word_1_159' title='bbox 1035 3002 1494 3073; x_wconf 81' lang='lat' dir='ltr'><strong>perseverantiam</strong></span> <span class='ocrx_word' id='word_1_160' title='bbox 1532 3014 1721 3056; x_wconf 85' lang='lat' dir='ltr'><strong>conse-</strong></span> 
     </span>
    </p>
   </div>
   <div class='ocr_carea' id='block_1_28' title="bbox 148 3091 1725 3163">
    <p class='ocr_par' dir='ltr' id='par_1_28' title="bbox 148 3091 1725 3163">
     <span class='ocr_line' id='line_1_28' title="bbox 148 3091 1725 3163; baseline -0.003 -14"><span class='ocrx_word' id='word_1_161' title='bbox 148 3104 321 3159; x_wconf 90' lang='lat' dir='ltr'><strong>crata,</strong></span> <span class='ocrx_word' id='word_1_162' title='bbox 372 3093 754 3163; x_wconf 84' lang='lat' dir='ltr'><strong>persecutione</strong></span> <span class='ocrx_word' id='word_1_163' title='bbox 811 3092 1151 3156; x_wconf 89' lang='lat' dir='ltr'><strong>Domitiani,</strong></span> <span class='ocrx_word' id='word_1_164' title='bbox 1199 3107 1340 3146; x_wconf 90' lang='lat' dir='ltr'><strong>anno</strong></span> <span class='ocrx_word' id='word_1_165' title='bbox 1392 3091 1725 3161; x_wconf 90' lang='lat' dir='ltr'><strong>principatus</strong></span> 
     </span>
    </p>
   </div>
   <div class='ocr_carea' id='block_1_29' title="bbox 149 3170 1718 3256">
    <p class='ocr_par' dir='ltr' id='par_1_29' title="bbox 149 3170 1718 3256">
     <span class='ocr_line' id='line_1_29' title="bbox 149 3170 1718 3256; baseline 0 -16"><span class='ocrx_word' id='word_1_166' title='bbox 149 3186 261 3255; x_wconf 84' lang='lat' dir='ltr'><strong>ejus</strong></span> <span class='ocrx_word' id='word_1_167' title='bbox 299 3186 495 3256; x_wconf 90' lang='lat' dir='ltr'><strong>quinto</strong></span> <span class='ocrx_word' id='word_1_168' title='bbox 543 3170 752 3240; x_wconf 76' lang='lat' dir='ltr'><strong>decimo</strong></span> <span class='ocrx_word' id='word_1_169' title='bbox 792 3185 862 3240; x_wconf 93' lang='lat' dir='ltr'><strong>ob</strong></span> <span class='ocrx_word' id='word_1_170' title='bbox 901 3184 1263 3246; x_wconf 79' lang='lat' dir='ltr'><strong>testimonium</strong></span> <span class='ocrx_word' id='word_1_171' title='bbox 1312 3184 1455 3253; x_wconf 87' lang='lat' dir='ltr'><strong>quod</strong></span> <span class='ocrx_word' id='word_1_172' title='bbox 1501 3185 1718 3240; x_wconf 81' lang='lat' dir='ltr'><strong>Christo</strong></span> 
     </span>
    </p>
   </div>
   <div class='ocr_carea' id='block_1_30' title="bbox 150 3273 1719 3346">
    <p class='ocr_par' dir='ltr' id='par_1_30' title="bbox 150 3273 1719 3346">
     <span class='ocr_line' id='line_1_30' title="bbox 150 3273 1719 3346; baseline -0.001 -16"><span class='ocrx_word' id='word_1_173' title='bbox 150 3278 486 3346; x_wconf 86' lang='lat' dir='ltr'><strong>perhibebat,</strong></span> <span class='ocrx_word' id='word_1_174' title='bbox 512 3290 635 3330; x_wconf 91' lang='lat' dir='ltr'><strong>cum</strong></span> <span class='ocrx_word' id='word_1_175' title='bbox 662 3274 783 3331; x_wconf 85' lang='lat' dir='ltr'><strong>aliis</strong></span> <span class='ocrx_word' id='word_1_176' title='bbox 814 3274 1064 3345; x_wconf 90' lang='lat' dir='ltr'><strong>plurimis</strong></span> <span class='ocrx_word' id='word_1_177' title='bbox 1102 3274 1155 3328; x_wconf 90' lang='lat' dir='ltr'><strong>in</strong></span> <span class='ocrx_word' id='word_1_178' title='bbox 1211 3274 1438 3329; x_wconf 91' lang='lat' dir='ltr'><strong>insulam</strong></span> <span class='ocrx_word' id='word_1_179' title='bbox 1470 3273 1719 3329; x_wconf 78' lang='lat' dir='ltr'><strong>Pontiam</strong></span> 
     </span>
    </p>
   </div>
   <div class='ocr_carea' id='block_1_31' title="bbox 136 3363 1716 3436">
    <p class='ocr_par' dir='ltr' id='par_1_31' title="bbox 136 3363 1716 3436">
     <span class='ocr_line' id='line_1_31' title="bbox 136 3363 1716 3436; baseline -0.001 -17"><span class='ocrx_word' id='word_1_180' title='bbox 136 3368 338 3424; x_wconf 76' lang='lat' dir='ltr'><strong>exsilio</strong></span> <span class='ocrx_word' id='word_1_181' title='bbox 370 3369 675 3436; x_wconf 89' lang='lat' dir='ltr'><strong>deportata,</strong></span> <span class='ocrx_word' id='word_1_182' title='bbox 732 3365 948 3435; x_wconf 88' lang='lat' dir='ltr'><strong>longum</strong></span> <span class='ocrx_word' id='word_1_183' title='bbox 997 3363 1127 3418; x_wconf 91' lang='lat' dir='ltr'><strong>inibi</strong></span> <span class='ocrx_word' id='word_1_184' title='bbox 1172 3365 1487 3434; x_wconf 82' lang='lat' dir='ltr'><strong>martyrium</strong></span> <span class='ocrx_word' id='word_1_185' title='bbox 1544 3364 1716 3418; x_wconf 80' lang='lat' dir='ltr'><strong>duxit.</strong></span> 
     </span>
    </p>
   </div>
   <div class='ocr_carea' id='block_1_32' title="bbox 149 3452 1719 3529">
    <p class='ocr_par' dir='ltr' id='par_1_32' title="bbox 149 3452 1719 3529">
     <span class='ocr_line' id='line_1_32' title="bbox 149 3452 1719 3529; baseline 0.003 -19"><span class='ocrx_word' id='word_1_186' title='bbox 149 3456 474 3522; x_wconf 74' lang='lat' dir='ltr'><strong>Novissime,</strong></span> <span class='ocrx_word' id='word_1_187' title='bbox 504 3471 625 3513; x_wconf 81' lang='lat' dir='ltr'><strong>cum</strong></span> <span class='ocrx_word' id='word_1_188' title='bbox 649 3453 717 3513; x_wconf 87' lang='lat' dir='ltr'><strong>ab</strong></span> <span class='ocrx_word' id='word_1_189' title='bbox 739 3452 1029 3515; x_wconf 79' lang='lat' dir='ltr'><strong>Aureliano</strong></span> <span class='ocrx_word' id='word_1_190' title='bbox 1054 3466 1251 3528; x_wconf 77' lang='lat' dir='ltr'><strong>sponso</strong></span> <span class='ocrx_word' id='word_1_191' title='bbox 1277 3467 1394 3524; x_wconf 77' lang='lat' dir='ltr'><strong>suo,</strong></span> <span class='ocrx_word' id='word_1_192' title='bbox 1428 3468 1585 3529; x_wconf 70' lang='lat' dir='ltr'><strong>quem</strong></span> <span class='ocrx_word' id='word_1_193' title='bbox 1621 3466 1719 3529; x_wconf 83' lang='lat' dir='ltr'><strong>pro</strong></span> 
     </span>
    </p>
   </div>
   <div class='ocr_carea' id='block_1_33' title="bbox 149 3547 1722 3619">
    <p class='ocr_par' dir='ltr' id='par_1_33' title="bbox 149 3547 1722 3619">
     <span class='ocr_line' id='line_1_33' title="bbox 149 3547 1722 3619; baseline 0.001 -17"><span class='ocrx_word' id='word_1_194' title='bbox 149 3547 365 3604; x_wconf 84' lang='lat' dir='ltr'><strong>Christo</strong></span> <span class='ocrx_word' id='word_1_195' title='bbox 407 3556 829 3617; x_wconf 86' lang='lat' dir='ltr'><strong>contempserat,</strong></span> <span class='ocrx_word' id='word_1_196' title='bbox 869 3557 923 3603; x_wconf 91' lang='lat' dir='ltr'><strong>et</strong></span> <span class='ocrx_word' id='word_1_197' title='bbox 961 3548 1114 3619; x_wconf 88' lang='lat' dir='ltr'><strong>cujus</strong></span> <span class='ocrx_word' id='word_1_198' title='bbox 1154 3549 1500 3604; x_wconf 88' lang='lat' dir='ltr'><strong>accusatione</strong></span> <span class='ocrx_word' id='word_1_199' title='bbox 1531 3550 1722 3605; x_wconf 79' lang='lat' dir='ltr'><strong>exsilio</strong></span> 
     </span>
    </p>
   </div>
   <div class='ocr_carea' id='block_1_34' title="bbox 150 3638 1725 3709">
    <p class='ocr_par' dir='ltr' id='par_1_34' title="bbox 150 3638 1725 3709">
     <span class='ocr_line' id='line_1_34' title="bbox 150 3638 1725 3709; baseline 0.001 -18"><span class='ocrx_word' id='word_1_200' title='bbox 150 3638 330 3695; x_wconf 84' lang='lat' dir='ltr'><strong>fuerat</strong></span> <span class='ocrx_word' id='word_1_201' title='bbox 357 3639 628 3709; x_wconf 82' lang='lat' dir='ltr'><strong>relegata,</strong></span> <span class='ocrx_word' id='word_1_202' title='bbox 667 3639 924 3693; x_wconf 80' lang='lat' dir='ltr'><strong>translata</strong></span> <span class='ocrx_word' id='word_1_203' title='bbox 970 3647 1113 3694; x_wconf 54' lang='lat' dir='ltr'><strong>esset</strong></span> <span class='ocrx_word' id='word_1_204' title='bbox 1144 3639 1211 3692; x_wconf 89' lang='lat' dir='ltr'><strong>ad</strong></span> <span class='ocrx_word' id='word_1_205' title='bbox 1253 3638 1603 3693; x_wconf 90' lang='lat' dir='ltr'><strong>Terracinam</strong></span> <span class='ocrx_word' id='word_1_206' title='bbox 1630 3654 1725 3693; x_wconf 81' lang='lat' dir='ltr'><strong>ur-</strong></span> 
     </span>
    </p>
   </div>
   <div class='ocr_carea' id='block_1_35' title="bbox 152 3729 1725 3800">
    <p class='ocr_par' dir='ltr' id='par_1_35' title="bbox 152 3729 1725 3800">
     <span class='ocr_line' id='line_1_35' title="bbox 152 3729 1725 3800; baseline -0.001 -16"><span class='ocrx_word' id='word_1_207' title='bbox 152 3729 280 3784; x_wconf 84' lang='lat' dir='ltr'><strong>hem</strong></span> <span class='ocrx_word' id='word_1_208' title='bbox 306 3729 625 3799; x_wconf 64' lang='lat' dir='ltr'><strong>Campaniae,</strong></span> <span class='ocrx_word' id='word_1_209' title='bbox 652 3738 709 3784; x_wconf 91' lang='lat' dir='ltr'><strong>et</strong></span> <span class='ocrx_word' id='word_1_210' title='bbox 745 3730 989 3784; x_wconf 85' lang='lat' dir='ltr'><strong>doctrina</strong></span> <span class='ocrx_word' id='word_1_211' title='bbox 1022 3744 1086 3784; x_wconf 89' lang='lat' dir='ltr'><strong>ac</strong></span> <span class='ocrx_word' id='word_1_212' title='bbox 1114 3729 1391 3785; x_wconf 89' lang='lat' dir='ltr'><strong>miraculis</strong></span> <span class='ocrx_word' id='word_1_213' title='bbox 1413 3730 1589 3800; x_wconf 92' lang='lat' dir='ltr'><strong>primo</strong></span> <span class='ocrx_word' id='word_1_214' title='bbox 1617 3729 1725 3783; x_wconf 90' lang='lat' dir='ltr'><strong>Eu-</strong></span> 
     </span>
    </p>
   </div>
   <div class='ocr_carea' id='block_1_36' title="bbox 147 3821 1727 3896">
    <p class='ocr_par' dir='ltr' id='par_1_36' title="bbox 147 3821 1727 3896">
     <span class='ocr_line' id='line_1_36' title="bbox 147 3821 1727 3896; baseline -0.001 -18"><span class='ocrx_word' id='word_1_215' title='bbox 147 3823 476 3896; x_wconf 83' lang='lat' dir='ltr'><strong>phrosynam</strong></span> <span class='ocrx_word' id='word_1_216' title='bbox 528 3832 582 3879; x_wconf 89' lang='lat' dir='ltr'><strong>et</strong></span> <span class='ocrx_word' id='word_1_217' title='bbox 626 3822 965 3879; x_wconf 85' lang='lat' dir='ltr'><strong>Theodoram</strong></span> <span class='ocrx_word' id='word_1_218' title='bbox 1020 3821 1384 3878; x_wconf 85' lang='lat' dir='ltr'><strong>collactaneas</strong></span> <span class='ocrx_word' id='word_1_219' title='bbox 1433 3830 1490 3876; x_wconf 91' lang='lat' dir='ltr'><strong>et</strong></span> <span class='ocrx_word' id='word_1_220' title='bbox 1537 3821 1727 3877; x_wconf 89' lang='lat' dir='ltr'><strong>convir</strong></span> 
     </span>
    </p>
   </div>
   <div class='ocr_carea' id='block_1_37' title="bbox 146 3911 1726 3989">
    <p class='ocr_par' dir='ltr' id='par_1_37' title="bbox 146 3911 1726 3989">
     <span class='ocr_line' id='line_1_37' title="bbox 146 3911 1726 3989; baseline -0.004 -17"><span class='ocrx_word' id='word_1_221' title='bbox 146 3917 358 3989; x_wconf 86' lang='lat' dir='ltr'><strong>ginales</strong></span> <span class='ocrx_word' id='word_1_222' title='bbox 395 3932 551 3982; x_wconf 88' lang='lat' dir='ltr'><strong>suas,</strong></span> <span class='ocrx_word' id='word_1_223' title='bbox 593 3916 784 3972; x_wconf 89' lang='lat' dir='ltr'><strong>deinde</strong></span> <span class='ocrx_word' id='word_1_224' title='bbox 829 3914 995 3970; x_wconf 88' lang='lat' dir='ltr'><strong>etiam</strong></span> <span class='ocrx_word' id='word_1_225' title='bbox 1039 3913 1175 3969; x_wconf 87' lang='lat' dir='ltr'><strong>alios</strong></span> <span class='ocrx_word' id='word_1_226' title='bbox 1205 3913 1273 3977; x_wconf 84' lang='lat' dir='ltr'><strong>ad</strong></span> <span class='ocrx_word' id='word_1_227' title='bbox 1318 3912 1478 3969; x_wconf 84' lang='lat' dir='ltr'><strong>fidem</strong></span> <span class='ocrx_word' id='word_1_228' title='bbox 1526 3911 1726 3967; x_wconf 88' lang='lat' dir='ltr'><strong>Christi</strong></span> 
     </span>
    </p>
   </div>
   <div class='ocr_carea' id='block_1_38' title="bbox 144 4003 1727 4077">
    <p class='ocr_par' dir='ltr' id='par_1_38' title="bbox 144 4003 1727 4077">
     <span class='ocr_line' id='line_1_38' title="bbox 144 4003 1727 4077; baseline -0.005 -12"><span class='ocrx_word' id='word_1_229' title='bbox 144 4009 531 4072; x_wconf 77' lang='lat' dir='ltr'><strong>convertisset,</strong></span> <span class='ocrx_word' id='word_1_230' title='bbox 558 4008 699 4063; x_wconf 88' lang='lat' dir='ltr'><strong>inter</strong></span> <span class='ocrx_word' id='word_1_231' title='bbox 735 4021 858 4077; x_wconf 64' lang='lat' dir='ltr'><strong>quae</strong></span> <span class='ocrx_word' id='word_1_232' title='bbox 893 4004 1196 4075; x_wconf 83' lang='lat' dir='ltr'><strong>magnalia,</strong></span> <span class='ocrx_word' id='word_1_233' title='bbox 1235 4004 1400 4059; x_wconf 91' lang='lat' dir='ltr'><strong>etiam</strong></span> <span class='ocrx_word' id='word_1_234' title='bbox 1438 4003 1727 4073; x_wconf 66' lang='lat' dir='ltr'><strong>praedictus</strong></span> 
     </span>
    </p>
   </div>
   <div class='ocr_carea' id='block_1_39' title="bbox 140 4093 1729 4165">
    <p class='ocr_par' dir='ltr' id='par_1_39' title="bbox 140 4093 1729 4165">
     <span class='ocr_line' id='line_1_39' title="bbox 140 4093 1729 4165; baseline -0.006 -10"><span class='ocrx_word' id='word_1_235' title='bbox 140 4099 473 4155; x_wconf 81' lang='lat' dir='ltr'><strong>Aurelianus</strong></span> <span class='ocrx_word' id='word_1_236' title='bbox 502 4096 880 4155; x_wconf 87' lang='lat' dir='ltr'><strong>infestissimus</strong></span> <span class='ocrx_word' id='word_1_237' title='bbox 904 4102 1220 4165; x_wconf 90' lang='lat' dir='ltr'><strong>persecutor</strong></span> <span class='ocrx_word' id='word_1_238' title='bbox 1241 4095 1378 4163; x_wconf 89' lang='lat' dir='ltr'><strong>ejus,</strong></span> <span class='ocrx_word' id='word_1_239' title='bbox 1408 4094 1589 4149; x_wconf 90' lang='lat' dir='ltr'><strong>divina</strong></span> <span class='ocrx_word' id='word_1_240' title='bbox 1618 4093 1729 4147; x_wconf 90' lang='lat' dir='ltr'><strong>vir-</strong></span> 
     </span>
    </p>
   </div>
   <div class='ocr_carea' id='block_1_40' title="bbox 143 4184 1729 4255">
    <p class='ocr_par' dir='ltr' id='par_1_40' title="bbox 143 4184 1729 4255">
     <span class='ocr_line' id='line_1_40' title="bbox 143 4184 1729 4255; baseline -0.004 -10"><span class='ocrx_word' id='word_1_241' title='bbox 143 4199 261 4245; x_wconf 90' lang='lat' dir='ltr'><strong>tute</strong></span> <span class='ocrx_word' id='word_1_242' title='bbox 300 4190 600 4244; x_wconf 79' lang='lat' dir='ltr'><strong>exstinctus</strong></span> <span class='ocrx_word' id='word_1_243' title='bbox 644 4196 766 4253; x_wconf 86' lang='lat' dir='ltr'><strong>est;</strong></span> <span class='ocrx_word' id='word_1_244' title='bbox 795 4202 826 4242; x_wconf 90' lang='lat' dir='ltr'><strong>a</strong></span> <span class='ocrx_word' id='word_1_245' title='bbox 868 4184 1103 4241; x_wconf 82' lang='lat' dir='ltr'><strong>Luxorio</strong></span> <span class='ocrx_word' id='word_1_246' title='bbox 1142 4184 1315 4241; x_wconf 80' lang='lat' dir='ltr'><strong>fratre</strong></span> <span class='ocrx_word' id='word_1_247' title='bbox 1357 4185 1472 4255; x_wconf 86' lang='lat' dir='ltr'><strong>ejus</strong></span> <span class='ocrx_word' id='word_1_248' title='bbox 1507 4184 1729 4240; x_wconf 87' lang='lat' dir='ltr'><strong>incenso</strong></span> 
     </span>
    </p>
   </div>
   <div class='ocr_carea' id='block_1_41' title="bbox 141 4272 1731 4348">
    <p class='ocr_par' dir='ltr' id='par_1_41' title="bbox 141 4272 1731 4348">
     <span class='ocr_line' id='line_1_41' title="bbox 141 4272 1731 4348; baseline -0.004 -14"><span class='ocrx_word' id='word_1_249' title='bbox 141 4279 404 4334; x_wconf 83' lang='lat' dir='ltr'><strong>cubiculo</strong></span> <span class='ocrx_word' id='word_1_250' title='bbox 433 4280 486 4334; x_wconf 88' lang='lat' dir='ltr'><strong>in</strong></span> <span class='ocrx_word' id='word_1_251' title='bbox 515 4294 623 4348; x_wconf 88' lang='lat' dir='ltr'><strong>quo</strong></span> <span class='ocrx_word' id='word_1_252' title='bbox 650 4277 809 4332; x_wconf 86' lang='lat' dir='ltr'><strong>simul</strong></span> <span class='ocrx_word' id='word_1_253' title='bbox 829 4274 1071 4347; x_wconf 65' lang='lat' dir='ltr'><strong>praafatis</strong></span> <span class='ocrx_word' id='word_1_254' title='bbox 1098 4290 1222 4329; x_wconf 90' lang='lat' dir='ltr'><strong>cum</strong></span> <span class='ocrx_word' id='word_1_255' title='bbox 1248 4272 1595 4345; x_wconf 85' lang='lat' dir='ltr'><strong>virginalibus</strong></span> <span class='ocrx_word' id='word_1_256' title='bbox 1619 4273 1731 4328; x_wconf 91' lang='lat' dir='ltr'><strong>suis</strong></span> 
     </span>
    </p>
   </div>
   <div class='ocr_carea' id='block_1_42' title="bbox 139 4367 1732 4441">
    <p class='ocr_par' dir='ltr' id='par_1_42' title="bbox 139 4367 1732 4441">
     <span class='ocr_line' id='line_1_42' title="bbox 139 4367 1732 4441; baseline -0.002 -15"><span class='ocrx_word' id='word_1_257' title='bbox 139 4371 332 4426; x_wconf 85' lang='lat' dir='ltr'><strong>clausa</strong></span> <span class='ocrx_word' id='word_1_258' title='bbox 359 4372 703 4433; x_wconf 66' lang='lat' dir='ltr'><strong>morabatur,</strong></span> <span class='ocrx_word' id='word_1_259' title='bbox 722 4386 937 4426; x_wconf 88' lang='lat' dir='ltr'><strong>cursum</strong></span> <span class='ocrx_word' id='word_1_260' title='bbox 964 4369 1182 4441; x_wconf 86' lang='lat' dir='ltr'><strong>gloriosi</strong></span> <span class='ocrx_word' id='word_1_261' title='bbox 1214 4367 1460 4439; x_wconf 85' lang='lat' dir='ltr'><strong>martyrii</strong></span> <span class='ocrx_word' id='word_1_262' title='bbox 1494 4368 1577 4422; x_wconf 91' lang='lat' dir='ltr'><strong>sui</strong></span> <span class='ocrx_word' id='word_1_263' title='bbox 1602 4382 1732 4423; x_wconf 87' lang='lat' dir='ltr'><strong>con-</strong></span> 
     </span>
    </p>
   </div>
   <div class='ocr_carea' id='block_1_43' title="bbox 139 4458 1729 4532">
    <p class='ocr_par' dir='ltr' id='par_1_43' title="bbox 139 4458 1729 4532">
     <span class='ocr_line' id='line_1_43' title="bbox 139 4458 1729 4532; baseline -0.004 -15"><span class='ocrx_word' id='word_1_264' title='bbox 139 4461 439 4517; x_wconf 86' lang='lat' dir='ltr'><strong>summavit</strong></span> <span class='ocrx_word' id='word_1_265' title='bbox 461 4460 562 4516; x_wconf 91' lang='lat' dir='ltr'><strong>sub</strong></span> <span class='ocrx_word' id='word_1_266' title='bbox 582 4461 953 4532; x_wconf 87' lang='lat' dir='ltr'><strong>persecutione</strong></span> <span class='ocrx_word' id='word_1_267' title='bbox 987 4458 1238 4529; x_wconf 84' lang='lat' dir='ltr'><strong>Trajani;</strong></span> <span class='ocrx_word' id='word_1_268' title='bbox 1288 4458 1456 4514; x_wconf 89' lang='lat' dir='ltr'><strong>altera</strong></span> <span class='ocrx_word' id='word_1_269' title='bbox 1499 4472 1729 4528; x_wconf 82' lang='lat' dir='ltr'><strong>namque</strong></span> 
     </span>
    </p>
   </div>
   <div class='ocr_carea' id='block_1_44' title="bbox 138 4548 1725 4614">
    <p class='ocr_par' dir='ltr' id='par_1_44' title="bbox 138 4548 1725 4614">
     <span class='ocr_line' id='line_1_44' title="bbox 138 4548 1725 4614; baseline -0.003 -6"><span class='ocrx_word' id='word_1_270' title='bbox 138 4554 234 4609; x_wconf 85' lang='lat' dir='ltr'><strong>die</strong></span> <span class='ocrx_word' id='word_1_271' title='bbox 264 4552 487 4607; x_wconf 90' lang='lat' dir='ltr'><strong>veniens</strong></span> <span class='ocrx_word' id='word_1_272' title='bbox 519 4550 740 4608; x_wconf 89' lang='lat' dir='ltr'><strong>sanctus</strong></span> <span class='ocrx_word' id='word_1_273' title='bbox 774 4552 1031 4608; x_wconf 84' lang='lat' dir='ltr'><strong>diaconus</strong></span> <span class='ocrx_word' id='word_1_274' title='bbox 1059 4549 1278 4605; x_wconf 90' lang='lat' dir='ltr'><strong>nomine</strong></span> <span class='ocrx_word' id='word_1_275' title='bbox 1307 4548 1604 4614; x_wconf 84' lang='lat' dir='ltr'><strong>Caesarius,</strong></span> <span class='ocrx_word' id='word_1_276' title='bbox 1641 4549 1725 4605; x_wconf 88' lang='lat' dir='ltr'><strong>in-</strong></span> 
     </span>
    </p>
   </div>
   <div class='ocr_carea' id='block_1_45' title="bbox 136 4638 1730 4713">
    <p class='ocr_par' dir='ltr' id='par_1_45' title="bbox 136 4638 1730 4713">
     <span class='ocr_line' id='line_1_45' title="bbox 136 4638 1730 4713; baseline -0.003 -15"><span class='ocrx_word' id='word_1_277' title='bbox 136 4643 300 4698; x_wconf 75' lang='lat' dir='ltr'><strong>venit</strong></span> <span class='ocrx_word' id='word_1_278' title='bbox 338 4658 569 4713; x_wconf 85' lang='lat' dir='ltr'><strong>corpora</strong></span> <span class='ocrx_word' id='word_1_279' title='bbox 607 4650 916 4698; x_wconf 87' lang='lat' dir='ltr'><strong>sanctarum</strong></span> <span class='ocrx_word' id='word_1_280' title='bbox 946 4641 1215 4712; x_wconf 89' lang='lat' dir='ltr'><strong>virginum</strong></span> <span class='ocrx_word' id='word_1_281' title='bbox 1257 4639 1451 4705; x_wconf 64' lang='lat' dir='ltr'><strong>illaesa;</strong></span> <span class='ocrx_word' id='word_1_282' title='bbox 1479 4639 1532 4694; x_wconf 92' lang='lat' dir='ltr'><strong>in</strong></span> <span class='ocrx_word' id='word_1_283' title='bbox 1564 4638 1730 4694; x_wconf 89' lang='lat' dir='ltr'><strong>facies</strong></span> 
     </span>
    </p>
   </div>
   <div class='ocr_carea' id='block_1_46' title="bbox 139 4741 1723 4813">
    <p class='ocr_par' dir='ltr' id='par_1_46' title="bbox 139 4741 1723 4813">
     <span class='ocr_line' id='line_1_46' title="bbox 139 4741 1723 4813; baseline -0.004 -14"><span class='ocrx_word' id='word_1_284' title='bbox 139 4744 298 4799; x_wconf 87' lang='lat' dir='ltr'><strong>enim</strong></span> <span class='ocrx_word' id='word_1_285' title='bbox 319 4758 447 4799; x_wconf 86' lang='lat' dir='ltr'><strong>suas</strong></span> <span class='ocrx_word' id='word_1_286' title='bbox 468 4752 775 4813; x_wconf 68' lang='lat' dir='ltr'><strong>prostratae,</strong></span> <span class='ocrx_word' id='word_1_287' title='bbox 795 4751 1016 4800; x_wconf 83' lang='lat' dir='ltr'><strong>orantes</strong></span> <span class='ocrx_word' id='word_1_288' title='bbox 1034 4741 1343 4807; x_wconf 86' lang='lat' dir='ltr'><strong>Dominum,</strong></span> <span class='ocrx_word' id='word_1_289' title='bbox 1365 4749 1723 4797; x_wconf 83' lang='lat' dir='ltr'><strong>recesserunt.</strong></span> 
     </span>
    </p>
   </div>
   <div class='ocr_carea' id='block_1_47' title="bbox 138 4843 1727 4927">
    <p class='ocr_par' dir='ltr' id='par_1_47' title="bbox 138 4843 1727 4927">
     <span class='ocr_line' id='line_1_47' title="bbox 138 4843 1727 4927; baseline 0.001 -30"><span class='ocrx_word' id='word_1_290' title='bbox 138 4846 394 4913; x_wconf 79' lang='lat' dir='ltr'><strong>Quarum</strong></span> <span class='ocrx_word' id='word_1_291' title='bbox 430 4860 658 4914; x_wconf 81' lang='lat' dir='ltr'><strong>corpora</strong></span> <span class='ocrx_word' id='word_1_292' title='bbox 696 4844 838 4900; x_wconf 89' lang='lat' dir='ltr'><strong>idem</strong></span> <span class='ocrx_word' id='word_1_293' title='bbox 876 4853 1123 4927; x_wconf 57' lang='lat' dir='ltr'><strong>sanctus.</strong></span> <span class='ocrx_word' id='word_1_294' title='bbox 1140 4844 1401 4899; x_wconf 86' lang='lat' dir='ltr'><strong>diaconus</strong></span> <span class='ocrx_word' id='word_1_295' title='bbox 1446 4843 1499 4897; x_wconf 93' lang='lat' dir='ltr'><strong>in</strong></span> <span class='ocrx_word' id='word_1_296' title='bbox 1547 4857 1727 4899; x_wconf 87' lang='lat' dir='ltr'><strong>sarco-</strong></span> 
     </span>
    </p>
   </div>
   <div class='ocr_carea' id='block_1_48' title="bbox 142 4940 1727 5016">
    <p class='ocr_par' dir='ltr' id='par_1_48' title="bbox 142 4940 1727 5016">
     <span class='ocr_line' id='line_1_48' title="bbox 142 4940 1727 5016; baseline -0.001 -17"><span class='ocrx_word' id='word_1_297' title='bbox 142 4947 327 5016; x_wconf 84' lang='lat' dir='ltr'><strong>phago</strong></span> <span class='ocrx_word' id='word_1_298' title='bbox 356 4958 497 4999; x_wconf 79' lang='lat' dir='ltr'><strong>novo</strong></span> <span class='ocrx_word' id='word_1_299' title='bbox 528 4943 685 4999; x_wconf 82' lang='lat' dir='ltr'><strong>simul</strong></span> <span class='ocrx_word' id='word_1_300' title='bbox 714 4944 989 5010; x_wconf 86' lang='lat' dir='ltr'><strong>condiens,</strong></span> <span class='ocrx_word' id='word_1_301' title='bbox 1019 4943 1073 4998; x_wconf 92' lang='lat' dir='ltr'><strong>in</strong></span> <span class='ocrx_word' id='word_1_302' title='bbox 1106 4941 1372 5013; x_wconf 82' lang='lat' dir='ltr'><strong>profundo</strong></span> <span class='ocrx_word' id='word_1_303' title='bbox 1400 4950 1557 4997; x_wconf 66' lang='lat' dir='ltr'><strong>terrm</strong></span> <span class='ocrx_word' id='word_1_304' title='bbox 1586 4940 1727 4998; x_wconf 84' lang='lat' dir='ltr'><strong>info-</strong></span> 
     </span>
    </p>
   </div>
   <div class='ocr_carea' id='block_1_49' title="bbox 138 5037 602 5107">
    <p class='ocr_par' dir='ltr' id='par_1_49' title="bbox 138 5037 602 5107">
     <span class='ocr_line' id='line_1_49' title="bbox 138 5037 602 5107; baseline 0.004 -16"><span class='ocrx_word' id='word_1_305' title='bbox 138 5038 305 5092; x_wconf 84' lang='lat' dir='ltr'><strong>diens</strong></span> <span class='ocrx_word' id='word_1_306' title='bbox 340 5037 602 5107; x_wconf 77' lang='lat' dir='ltr'><strong>sepelivit.</strong></span> 
     </span>
    </p>
   </div>
   <div class='ocr_carea' id='block_1_50' title="bbox 219 5149 1723 5221">
    <p class='ocr_par' dir='ltr' id='par_1_50' title="bbox 219 5149 1723 5221">
     <span class='ocr_line' id='line_1_50' title="bbox 219 5149 1723 5221; baseline -0.002 -17"><span class='ocrx_word' id='word_1_307' title='bbox 219 5149 423 5205; x_wconf 79' lang='lat' dir='ltr'><strong>Eodem</strong></span> <span class='ocrx_word' id='word_1_308' title='bbox 464 5149 551 5205; x_wconf 89' lang='lat' dir='ltr'><strong>die</strong></span> <span class='ocrx_word' id='word_1_309' title='bbox 581 5150 720 5221; x_wconf 85' lang='lat' dir='ltr'><strong>apud</strong></span> <span class='ocrx_word' id='word_1_310' title='bbox 759 5149 1142 5213; x_wconf 85' lang='lat' dir='ltr'><strong>Nicomediam,</strong></span> <span class='ocrx_word' id='word_1_311' title='bbox 1189 5149 1371 5220; x_wconf 89' lang='lat' dir='ltr'><strong>passio</strong></span> <span class='ocrx_word' id='word_1_312' title='bbox 1418 5156 1723 5204; x_wconf 81' lang='lat' dir='ltr'><strong>sanctorum</strong></span> 
     </span>
    </p>
   </div>
   <div class='ocr_carea' id='block_1_51' title="bbox 143 5248 1728 5323">
    <p class='ocr_par' dir='ltr' id='par_1_51' title="bbox 143 5248 1728 5323">
     <span class='ocr_line' id='line_1_51' title="bbox 143 5248 1728 5323; baseline -0.001 -18"><span class='ocrx_word' id='word_1_313' title='bbox 143 5259 452 5320; x_wconf 84' lang='lat' dir='ltr'><strong>martyrum</strong></span> <span class='ocrx_word' id='word_1_314' title='bbox 505 5248 716 5315; x_wconf 80' lang='lat' dir='ltr'><strong>Flavii,</strong></span> <span class='ocrx_word' id='word_1_315' title='bbox 775 5250 1095 5323; x_wconf 82' lang='lat' dir='ltr'><strong>Augustini,</strong></span> <span class='ocrx_word' id='word_1_316' title='bbox 1158 5258 1213 5306; x_wconf 90' lang='lat' dir='ltr'><strong>et</strong></span> <span class='ocrx_word' id='word_1_317' title='bbox 1281 5249 1560 5322; x_wconf 77' lang='lat' dir='ltr'><strong>Augustini</strong></span> <span class='ocrx_word' id='word_1_318' title='bbox 1624 5248 1728 5304; x_wconf 88' lang='lat' dir='ltr'><strong>fra-</strong></span> 
     </span>
    </p>
   </div>
   <div class='ocr_carea' id='block_1_52' title="bbox 144 5361 318 5408">
    <p class='ocr_par' dir='ltr' id='par_1_52' title="bbox 144 5361 318 5408">
     <span class='ocr_line' id='line_1_52' title="bbox 144 5361 318 5408; baseline -0.006 -2"><span class='ocrx_word' id='word_1_319' title='bbox 144 5361 318 5408; x_wconf 88' lang='lat' dir='ltr'><strong>trum.</strong></span> 
     </span>
    </p>
   </div>
   <div class='ocr_carea' id='block_1_53' title="bbox 218 5505 1677 5590">
    <p class='ocr_par' dir='ltr' id='par_1_53' title="bbox 218 5505 1677 5590">
     <span class='ocr_line' id='line_1_53' title="bbox 218 5505 1677 5590; baseline 0 -30"><span class='ocrx_word' id='word_1_320' title='bbox 218 5505 418 5590; x_wconf 50' lang='lat' dir='ltr'><strong>fyide</strong></span> <span class='ocrx_word' id='word_1_321' title='bbox 455 5507 695 5590; x_wconf 61' lang='lat' dir='ltr'><strong>libellum</strong></span> <span class='ocrx_word' id='word_1_322' title='bbox 725 5506 1189 5590; x_wconf 36' lang='lat' dir='ltr'><strong>dfe_F-est_.&#39;Apost.</strong></span> <span class='ocrx_word' id='word_1_323' title='bbox 1381 5506 1467 5588; x_wconf 72' lang='lat' dir='ltr'><strong>ta.</strong></span> <span class='ocrx_word' id='word_1_324' title='bbox 1508 5585 1518 5590; x_wconf 27' lang='grc' dir='ltr'><strong><em>Δ</em></strong></span> <span class='ocrx_word' id='word_1_325' title='bbox 1557 5577 1571 5590; x_wconf 36' lang='grc' dir='ltr'><strong>Α</strong></span> <span class='ocrx_word' id='word_1_326' title='bbox 1623 5577 1677 5590; x_wconf 50' lang='grc' dir='ltr'><strong><em>Η</em></strong></span> 
     </span>
    </p>
   </div>
   <div class='ocr_carea' id='block_1_54' title="bbox 200 5576 1728 5661">
    <p class='ocr_par' dir='ltr' id='par_1_54' title="bbox 200 5576 1728 5661">
     <span class='ocr_line' id='line_1_54' title="bbox 200 5576 1728 5661; baseline -0.001 -29"><span class='ocrx_word' id='word_1_327' title='bbox 200 5577 249 5661; x_wconf 46' lang='grc' dir='ltr'><strong>,δ</strong></span> <span class='ocrx_word' id='word_1_328' title='bbox 264 5576 492 5661; x_wconf 52' lang='grc' dir='ltr'><strong>ςξξεὲοςε</strong></span> <span class='ocrx_word' id='word_1_329' title='bbox 514 5578 733 5633; x_wconf 87' lang='lat' dir='ltr'><strong>bomilia</strong></span> <span class='ocrx_word' id='word_1_330' title='bbox 744 5578 811 5632; x_wconf 78' lang='lat'><strong>27</strong></span> <span class='ocrx_word' id='word_1_331' title='bbox 821 5618 835 5635; x_wconf 91' lang='lat'><strong>.</strong></span> <span class='ocrx_word' id='word_1_332' title='bbox 852 5579 927 5632; x_wconf 90' lang='lat' dir='ltr'><strong>De</strong></span> <span class='ocrx_word' id='word_1_333' title='bbox 948 5578 1032 5632; x_wconf 90' lang='lat' dir='ltr'><strong>his</strong></span> <span class='ocrx_word' id='word_1_334' title='bbox 1045 5576 1097 5633; x_wconf 86' lang='lat' dir='ltr'><strong>in</strong></span> <span class='ocrx_word' id='word_1_335' title='bbox 1112 5579 1277 5649; x_wconf 89' lang='lat' dir='ltr'><strong>gestis</strong></span> <span class='ocrx_word' id='word_1_336' title='bbox 1289 5576 1450 5632; x_wconf 84' lang='lat' dir='ltr'><strong>Nerei</strong></span> <span class='ocrx_word' id='word_1_337' title='bbox 1468 5585 1523 5632; x_wconf 86' lang='lat' dir='ltr'><strong>et</strong></span> <span class='ocrx_word' id='word_1_338' title='bbox 1544 5576 1728 5632; x_wconf 76' lang='lat' dir='ltr'><strong>Achil-</strong></span> 
     </span>
    </p>
   </div>
   <div class='ocr_carea' id='block_1_55' title="bbox 141 5647 1560 5790">
    <p class='ocr_par' dir='ltr' id='par_1_55' title="bbox 141 5647 1560 5790">
     <span class='ocr_line' id='line_1_55' title="bbox 141 5647 1131 5705; baseline -0.002 -2"><span class='ocrx_word' id='word_1_339' title='bbox 141 5648 238 5705; x_wconf 85' lang='lat' dir='ltr'><strong>lei.</strong></span> <span class='ocrx_word' id='word_1_340' title='bbox 264 5647 333 5702; x_wconf 74' lang='grc'><strong>12</strong></span> <span class='ocrx_word' id='word_1_341' title='bbox 356 5647 511 5703; x_wconf 66' lang='lat' dir='ltr'><strong>Maii.</strong></span> <span class='ocrx_word' id='word_1_342' title='bbox 1123 5647 1131 5649; x_wconf 53' lang='grc'><strong>⁷</strong></span> 
     </span>
     <span class='ocr_line' id='line_1_56' title="bbox 288 5717 1560 5790; baseline -0.003 -16"><span class='ocrx_word' id='word_1_343' title='bbox 288 5718 513 5788; x_wconf 85' lang='lat' dir='ltr'><strong>Cregor.</strong></span> <span class='ocrx_word' id='word_1_344' title='bbox 554 5718 683 5772; x_wconf 87' lang='lat' dir='ltr'><strong>Tur.</strong></span> <span class='ocrx_word' id='word_1_345' title='bbox 738 5718 802 5774; x_wconf 90' lang='lat' dir='ltr'><strong>de</strong></span> <span class='ocrx_word' id='word_1_346' title='bbox 833 5717 999 5789; x_wconf 89' lang='lat' dir='ltr'><strong>gloria</strong></span> <span class='ocrx_word' id='word_1_347' title='bbox 1048 5717 1360 5790; x_wconf 74' lang='lat' dir='ltr'><strong>Martyrum,</strong></span> <span class='ocrx_word' id='word_1_348' title='bbox 1392 5732 1441 5773; x_wconf 91' lang='lat' dir='ltr'><strong>c.</strong></span> <span class='ocrx_word' id='word_1_349' title='bbox 1470 5717 1560 5772; x_wconf 70' lang='grc'><strong>45.</strong></span> 
     </span>
    </p>
   </div>
   <div class='ocr_carea' id='block_1_56' title="bbox 823 314 2739 379">
    <p class='ocr_par' dir='ltr' id='par_1_56' title="bbox 823 314 2739 379">
     <span class='ocr_line' id='line_1_57' title="bbox 823 314 2739 379; baseline 0.005 -9"><span class='ocrx_word' id='word_1_350' title='bbox 823 314 1425 373; x_wconf 70' lang='lat' dir='ltr'><strong>MARTYROLOGIUM</strong></span> <span class='ocrx_word' id='word_1_351' title='bbox 1464 316 1609 373; x_wconf 75' lang='lat' dir='ltr'><strong>CUM</strong></span> <span class='ocrx_word' id='word_1_352' title='bbox 1648 318 2188 376; x_wconf 69' lang='lat' dir='ltr'><strong>ADDITAMENTIS.</strong></span> <span class='ocrx_word' id='word_1_353' title='bbox 2231 353 2302 363; x_wconf 94' lang='lat'>—</span> <span class='ocrx_word' id='word_1_354' title='bbox 2340 322 2543 379; x_wconf 71' lang='lat' dir='ltr'><strong>MENS.</strong></span> <span class='ocrx_word' id='word_1_355' title='bbox 2585 324 2739 379; x_wconf 75' lang='lat' dir='ltr'><strong>MAll.</strong></span> 
     </span>
    </p>
   </div>
   <div class='ocr_carea' id='block_1_57' title="bbox 147 443 1820 524">
    <p class='ocr_par' dir='ltr' id='par_1_57' title="bbox 147 443 1820 524">
     <span class='ocr_line' id='line_1_58' title="bbox 147 443 1820 524; baseline -0.003 -13"><span class='ocrx_word' id='word_1_356' title='bbox 147 456 428 522; x_wconf 77' lang='lat' dir='ltr'><strong>exercuit,</strong></span> <span class='ocrx_word' id='word_1_357' title='bbox 488 456 556 512; x_wconf 87' lang='lat' dir='ltr'><strong>ad</strong></span> <span class='ocrx_word' id='word_1_358' title='bbox 594 454 779 511; x_wconf 86' lang='lat' dir='ltr'><strong>urbem</strong></span> <span class='ocrx_word' id='word_1_359' title='bbox 827 443 1054 509; x_wconf 80' lang='lat' dir='ltr'><strong>Romam</strong></span> <span class='ocrx_word' id='word_1_360' title='bbox 1108 453 1423 524; x_wconf 88' lang='lat' dir='ltr'><strong>perductus,</strong></span> <span class='ocrx_word' id='word_1_361' title='bbox 1476 462 1743 524; x_wconf 72' lang='lat' dir='ltr'><strong>prmsentc</strong></span> <span class='ocrx_word' id='word_1_362' title='bbox 1772 457 1820 515; x_wconf 78' lang='grc' dir='ltr'><strong>Α</strong></span> 
     </span>
    </p>
   </div>
   <div class='ocr_carea' id='block_1_58' title="bbox 1762 1803 1810 1863">
    <p class='ocr_par' dir='ltr' id='par_1_58' title="bbox 1762 1803 1810 1863">
     <span class='ocr_line' id='line_1_59' title="bbox 1762 1803 1810 1863; baseline 0 0"><span class='ocrx_word' id='word_1_363' title='bbox 1762 1803 1810 1863; x_wconf 88' lang='grc' dir='ltr'><strong>Β</strong></span> 
     </span>
    </p>
   </div>
   <div class='ocr_carea' id='block_1_59' title="bbox 3314 332 3418 387">
    <p class='ocr_par' dir='ltr' id='par_1_59' title="bbox 3314 332 3418 387">
     <span class='ocr_line' id='line_1_60' title="bbox 3314 332 3418 387; baseline 0 0"><span class='ocrx_word' id='word_1_364' title='bbox 3314 332 3418 387; x_wconf 66' lang='grc' dir='ltr'><strong>ἓϐξ</strong></span> 
     </span>
    </p>
   </div>
   <div class='ocr_carea' id='block_1_60' title="bbox 2318 454 2939 512">
    <p class='ocr_par' dir='ltr' id='par_1_60' title="bbox 2318 454 2939 512">
     <span class='ocr_line' id='line_1_61' title="bbox 2318 454 2939 512; baseline 0.005 -4"><span class='ocrx_word' id='word_1_365' title='bbox 2318 454 2377 508; x_wconf 84' lang='grc' dir='ltr'><strong>Β.</strong></span> <span class='ocrx_word' id='word_1_366' title='bbox 2434 455 2540 510; x_wconf 71' lang='lat' dir='ltr'><strong>VIII</strong></span> <span class='ocrx_word' id='word_1_367' title='bbox 2586 454 2744 512; x_wconf 88' lang='lat' dir='ltr'><strong>IDUS</strong></span> <span class='ocrx_word' id='word_1_368' title='bbox 2784 456 2939 511; x_wconf 78' lang='lat' dir='ltr'><strong>MA&quot;.</strong></span> 
     </span>
    </p>
   </div>
   <div class='ocr_carea' id='block_1_61' title="bbox 2492 544 2763 615">
    <p class='ocr_par' dir='ltr' id='par_1_61' title="bbox 2492 544 2763 615">
     <span class='ocr_line' id='line_1_62' title="bbox 2492 544 2763 615; baseline -0.004 -17"><span class='ocrx_word' id='word_1_369' title='bbox 2492 544 2546 612; x_wconf 92' lang='lat'>(8</span> <span class='ocrx_word' id='word_1_370' title='bbox 2584 544 2763 615; x_wconf 78' lang='lat' dir='ltr'><strong>Maii.)</strong></span> 
     </span>
    </p>
   </div>
   <div class='ocr_carea' id='block_1_62' title="bbox 1915 630 3416 709">
    <p class='ocr_par' dir='ltr' id='par_1_62' title="bbox 1915 630 3416 709">
     <span class='ocr_line' id='line_1_63' title="bbox 1915 630 3416 709; baseline 0.009 -25"><span class='ocrx_word' id='word_1_371' title='bbox 1915 641 1938 669; x_wconf 68' lang='grc' dir='ltr'>ε</span> <span class='ocrx_word' id='word_1_372' title='bbox 1973 630 2278 696; x_wconf 82' lang='lat' dir='ltr'><strong>Mediolani,</strong></span> <span class='ocrx_word' id='word_1_373' title='bbox 2310 634 2479 690; x_wconf 89' lang='lat' dir='ltr'><strong>sancti</strong></span> <span class='ocrx_word' id='word_1_374' title='bbox 2507 636 2739 690; x_wconf 83' lang='lat' dir='ltr'><strong>Victoris</strong></span> <span class='ocrx_word' id='word_1_375' title='bbox 2759 636 3012 708; x_wconf 87' lang='lat' dir='ltr'><strong>martyris</strong></span> <span class='ocrx_word' id='word_1_376' title='bbox 3042 638 3172 709; x_wconf 91' lang='lat' dir='ltr'><strong>:qui</strong></span> <span class='ocrx_word' id='word_1_377' title='bbox 3200 640 3416 698; x_wconf 90' lang='lat' dir='ltr'><strong>natione</strong></span> 
     </span>
    </p>
   </div>
   <div class='ocr_carea' id='block_1_63' title="bbox 1843 717 3418 791">
    <p class='ocr_par' dir='ltr' id='par_1_63' title="bbox 1843 717 3418 791">
     <span class='ocr_line' id='line_1_64' title="bbox 1843 717 3418 791; baseline 0.009 -18"><span class='ocrx_word' id='word_1_378' title='bbox 1843 717 2082 786; x_wconf 81' lang='lat' dir='ltr'><strong>Maurus,</strong></span> <span class='ocrx_word' id='word_1_379' title='bbox 2126 733 2181 776; x_wconf 92' lang='lat' dir='ltr'><strong>et</strong></span> <span class='ocrx_word' id='word_1_380' title='bbox 2211 738 2241 777; x_wconf 92' lang='lat' dir='ltr'><strong>a</strong></span> <span class='ocrx_word' id='word_1_381' title='bbox 2272 724 2525 791; x_wconf 82' lang='lat' dir='ltr'><strong>primaeva</strong></span> <span class='ocrx_word' id='word_1_382' title='bbox 2547 735 2703 780; x_wconf 65' lang='lat' dir='ltr'><strong>(etate</strong></span> <span class='ocrx_word' id='word_1_383' title='bbox 2724 727 3084 791; x_wconf 88' lang='lat' dir='ltr'><strong>Christianus.</strong></span> <span class='ocrx_word' id='word_1_384' title='bbox 3114 743 3236 783; x_wconf 91' lang='lat' dir='ltr'><strong>cum</strong></span> <span class='ocrx_word' id='word_1_385' title='bbox 3273 742 3418 786; x_wconf 88' lang='lat' dir='ltr'><strong>esset</strong></span> 
     </span>
    </p>
   </div>
   <div class='ocr_carea' id='block_1_64' title="bbox 1842 813 3411 888">
    <p class='ocr_par' dir='ltr' id='par_1_64' title="bbox 1842 813 3411 888">
     <span class='ocr_line' id='line_1_65' title="bbox 1842 813 3411 888; baseline 0.006 -21"><span class='ocrx_word' id='word_1_386' title='bbox 1842 813 1895 867; x_wconf 93' lang='lat' dir='ltr'><strong>in</strong></span> <span class='ocrx_word' id='word_1_387' title='bbox 1924 815 2117 869; x_wconf 88' lang='lat' dir='ltr'><strong>castris</strong></span> <span class='ocrx_word' id='word_1_388' title='bbox 2142 815 2529 884; x_wconf 86' lang='lat' dir='ltr'><strong>imperialibus,</strong></span> <span class='ocrx_word' id='word_1_389' title='bbox 2544 818 2697 874; x_wconf 87' lang='lat' dir='ltr'><strong>miles</strong></span> <span class='ocrx_word' id='word_1_390' title='bbox 2714 819 2873 874; x_wconf 87' lang='lat' dir='ltr'><strong>etiam</strong></span> <span class='ocrx_word' id='word_1_391' title='bbox 2898 821 3096 876; x_wconf 89' lang='lat' dir='ltr'><strong>canitie</strong></span> <span class='ocrx_word' id='word_1_392' title='bbox 3109 822 3411 888; x_wconf 88' lang='lat' dir='ltr'><strong>decoratus,</strong></span> 
     </span>
    </p>
   </div>
   <div class='ocr_carea' id='block_1_65' title="bbox 1841 903 3418 977">
    <p class='ocr_par' dir='ltr' id='par_1_65' title="bbox 1841 903 3418 977">
     <span class='ocr_line' id='line_1_66' title="bbox 1841 903 3418 977; baseline 0.006 -16"><span class='ocrx_word' id='word_1_393' title='bbox 1841 903 2196 973; x_wconf 89' lang='lat' dir='ltr'><strong>compellente</strong></span> <span class='ocrx_word' id='word_1_394' title='bbox 2218 904 2541 961; x_wconf 84' lang='lat' dir='ltr'><strong>Maximiano</strong></span> <span class='ocrx_word' id='word_1_395' title='bbox 2570 916 2627 962; x_wconf 93' lang='lat' dir='ltr'><strong>ut</strong></span> <span class='ocrx_word' id='word_1_396' title='bbox 2654 909 2985 965; x_wconf 81' lang='lat' dir='ltr'><strong>sacriﬁcaret</strong></span> <span class='ocrx_word' id='word_1_397' title='bbox 3011 911 3189 977; x_wconf 85' lang='lat' dir='ltr'><strong>idolis,</strong></span> <span class='ocrx_word' id='word_1_398' title='bbox 3214 913 3267 968; x_wconf 92' lang='lat' dir='ltr'><strong>in</strong></span> <span class='ocrx_word' id='word_1_399' title='bbox 3290 930 3418 970; x_wconf 89' lang='lat' dir='ltr'><strong>cou-</strong></span> 
     </span>
    </p>
   </div>
   <div class='ocr_carea' id='block_1_66' title="bbox 1840 993 3415 1074">
    <p class='ocr_par' dir='ltr' id='par_1_66' title="bbox 1840 993 3415 1074">
     <span class='ocr_line' id='line_1_67' title="bbox 1840 993 3415 1074; baseline 0.006 -24"><span class='ocrx_word' id='word_1_400' title='bbox 1840 993 2073 1050; x_wconf 90' lang='lat' dir='ltr'><strong>fessioue</strong></span> <span class='ocrx_word' id='word_1_401' title='bbox 2114 995 2323 1050; x_wconf 90' lang='lat' dir='ltr'><strong>Domini</strong></span> <span class='ocrx_word' id='word_1_402' title='bbox 2366 995 2655 1053; x_wconf 87' lang='lat' dir='ltr'><strong>fortissime</strong></span> <span class='ocrx_word' id='word_1_403' title='bbox 2687 1014 3058 1068; x_wconf 88' lang='lat' dir='ltr'><strong>perseverans,</strong></span> <span class='ocrx_word' id='word_1_404' title='bbox 3091 1003 3266 1071; x_wconf 89' lang='lat' dir='ltr'><strong>primo</strong></span> <span class='ocrx_word' id='word_1_405' title='bbox 3291 1020 3415 1074; x_wconf 68' lang='lat' dir='ltr'><strong>grao</strong></span> 
     </span>
    </p>
   </div>
   <div class='ocr_carea' id='block_1_67' title="bbox 1839 1086 3413 1163">
    <p class='ocr_par' dir='ltr' id='par_1_67' title="bbox 1839 1086 3413 1163">
     <span class='ocr_line' id='line_1_68' title="bbox 1839 1086 3413 1163; baseline 0.007 -24"><span class='ocrx_word' id='word_1_406' title='bbox 1839 1087 1981 1142; x_wconf 89' lang='lat' dir='ltr'><strong>viter</strong></span> <span class='ocrx_word' id='word_1_407' title='bbox 2027 1086 2256 1142; x_wconf 74' lang='lat' dir='ltr'><strong>fustibus</strong></span> <span class='ocrx_word' id='word_1_408' title='bbox 2303 1103 2513 1154; x_wconf 83' lang='lat' dir='ltr'><strong>caesus,</strong></span> <span class='ocrx_word' id='word_1_409' title='bbox 2561 1090 2654 1145; x_wconf 92' lang='lat' dir='ltr'><strong>sed</strong></span> <span class='ocrx_word' id='word_1_410' title='bbox 2684 1091 2793 1146; x_wconf 89' lang='lat' dir='ltr'><strong>Deo</strong></span> <span class='ocrx_word' id='word_1_411' title='bbox 2834 1101 3167 1163; x_wconf 87' lang='lat' dir='ltr'><strong>protegente,</strong></span> <span class='ocrx_word' id='word_1_412' title='bbox 3211 1093 3413 1152; x_wconf 87' lang='lat' dir='ltr'><strong>doloris</strong></span> 
     </span>
    </p>
   </div>
   <div class='ocr_carea' id='block_1_68' title="bbox 1838 1177 3417 1250">
    <p class='ocr_par' dir='ltr' id='par_1_68' title="bbox 1838 1177 3417 1250">
     <span class='ocr_line' id='line_1_69' title="bbox 1838 1177 3417 1250; baseline 0.002 -15"><span class='ocrx_word' id='word_1_413' title='bbox 1838 1190 2051 1246; x_wconf 78' lang='lat' dir='ltr'><strong>expers,</strong></span> <span class='ocrx_word' id='word_1_414' title='bbox 2081 1177 2273 1233; x_wconf 90' lang='lat' dir='ltr'><strong>deinde</strong></span> <span class='ocrx_word' id='word_1_415' title='bbox 2319 1178 2539 1248; x_wconf 84' lang='lat' dir='ltr'><strong>liquenti</strong></span> <span class='ocrx_word' id='word_1_416' title='bbox 2588 1179 2805 1250; x_wconf 90' lang='lat' dir='ltr'><strong>plumbo</strong></span> <span class='ocrx_word' id='word_1_417' title='bbox 2842 1181 3112 1250; x_wconf 86' lang='lat' dir='ltr'><strong>perfusus,</strong></span> <span class='ocrx_word' id='word_1_418' title='bbox 3155 1182 3250 1237; x_wconf 90' lang='lat' dir='ltr'><strong>sed</strong></span> <span class='ocrx_word' id='word_1_419' title='bbox 3283 1183 3417 1239; x_wconf 86' lang='lat' dir='ltr'><strong>nihil</strong></span> 
     </span>
    </p>
   </div>
   <div class='ocr_carea' id='block_1_69' title="bbox 1837 1272 3414 1347">
    <p class='ocr_par' dir='ltr' id='par_1_69' title="bbox 1837 1272 3414 1347">
     <span class='ocr_line' id='line_1_70' title="bbox 1837 1272 3414 1347; baseline 0.004 -20"><span class='ocrx_word' id='word_1_420' title='bbox 1837 1272 2051 1344; x_wconf 89' lang='lat' dir='ltr'><strong>penitus</strong></span> <span class='ocrx_word' id='word_1_421' title='bbox 2086 1272 2271 1338; x_wconf 81' lang='lat' dir='ltr'><strong>laesus;</strong></span> <span class='ocrx_word' id='word_1_422' title='bbox 2314 1274 2603 1329; x_wconf 90' lang='lat' dir='ltr'><strong>novissime</strong></span> <span class='ocrx_word' id='word_1_423' title='bbox 2648 1273 2865 1343; x_wconf 84' lang='lat' dir='ltr'><strong>gloriosi</strong></span> <span class='ocrx_word' id='word_1_424' title='bbox 2914 1278 3155 1347; x_wconf 88' lang='lat' dir='ltr'><strong>martyrii</strong></span> <span class='ocrx_word' id='word_1_425' title='bbox 3198 1294 3414 1334; x_wconf 89' lang='lat' dir='ltr'><strong>cursum</strong></span> 
     </span>
    </p>
   </div>
   <div class='ocr_carea' id='block_1_70' title="bbox 1838 1364 3417 1434">
    <p class='ocr_par' dir='ltr' id='par_1_70' title="bbox 1838 1364 3417 1434">
     <span class='ocr_line' id='line_1_71' title="bbox 1838 1364 3417 1434; baseline 0.006 -19"><span class='ocrx_word' id='word_1_426' title='bbox 1838 1364 2033 1432; x_wconf 91' lang='lat' dir='ltr'><strong>capitis</strong></span> <span class='ocrx_word' id='word_1_427' title='bbox 2065 1364 2372 1420; x_wconf 89' lang='lat' dir='ltr'><strong>abscisione</strong></span> <span class='ocrx_word' id='word_1_428' title='bbox 2411 1365 2714 1434; x_wconf 88' lang='lat' dir='ltr'><strong>complevit.</strong></span> <span class='ocrx_word' id='word_1_429' title='bbox 2764 1366 2893 1420; x_wconf 90' lang='lat' dir='ltr'><strong>Erat</strong></span> <span class='ocrx_word' id='word_1_430' title='bbox 2917 1375 3092 1422; x_wconf 87' lang='lat' dir='ltr'><strong>autem</strong></span> <span class='ocrx_word' id='word_1_431' title='bbox 3132 1370 3266 1424; x_wconf 88' lang='lat' dir='ltr'><strong>civis</strong></span> <span class='ocrx_word' id='word_1_432' title='bbox 3291 1387 3417 1425; x_wconf 88' lang='lat' dir='ltr'><strong>san-</strong></span> 
     </span>
    </p>
   </div>
   <div class='ocr_carea' id='block_1_71' title="bbox 1837 1452 3415 1526">
    <p class='ocr_par' dir='ltr' id='par_1_71' title="bbox 1837 1452 3415 1526">
     <span class='ocr_line' id='line_1_72' title="bbox 1837 1452 3415 1526; baseline 0.004 -20"><span class='ocrx_word' id='word_1_433' title='bbox 1837 1459 2048 1506; x_wconf 91' lang='lat' dir='ltr'><strong>ctorum</strong></span> <span class='ocrx_word' id='word_1_434' title='bbox 2080 1461 2376 1524; x_wconf 83' lang='lat' dir='ltr'><strong>martyrum</strong></span> <span class='ocrx_word' id='word_1_435' title='bbox 2407 1452 2636 1509; x_wconf 86' lang='lat' dir='ltr'><strong>Nahoris</strong></span> <span class='ocrx_word' id='word_1_436' title='bbox 2675 1463 2731 1510; x_wconf 90' lang='lat' dir='ltr'><strong>et</strong></span> <span class='ocrx_word' id='word_1_437' title='bbox 2769 1454 2985 1520; x_wconf 84' lang='lat' dir='ltr'><strong>Felicis,</strong></span> <span class='ocrx_word' id='word_1_438' title='bbox 3031 1456 3124 1526; x_wconf 84' lang='lat' dir='ltr'><strong>qui</strong></span> <span class='ocrx_word' id='word_1_439' title='bbox 3149 1458 3201 1512; x_wconf 92' lang='lat' dir='ltr'><strong>in</strong></span> <span class='ocrx_word' id='word_1_440' title='bbox 3230 1458 3415 1514; x_wconf 81' lang='lat' dir='ltr'><strong>Africa</strong></span> 
     </span>
    </p>
   </div>
   <div class='ocr_carea' id='block_1_72' title="bbox 1838 1543 3411 1608">
    <p class='ocr_par' dir='ltr' id='par_1_72' title="bbox 1838 1543 3411 1608">
     <span class='ocr_line' id='line_1_73' title="bbox 1838 1543 3411 1608; baseline 0.004 -10"><span class='ocrx_word' id='word_1_441' title='bbox 1838 1543 2103 1608; x_wconf 88' lang='lat' dir='ltr'><strong>decollati,</strong></span> <span class='ocrx_word' id='word_1_442' title='bbox 2130 1545 2286 1600; x_wconf 89' lang='lat' dir='ltr'><strong>simul</strong></span> <span class='ocrx_word' id='word_1_443' title='bbox 2311 1561 2435 1599; x_wconf 92' lang='lat' dir='ltr'><strong>cum</strong></span> <span class='ocrx_word' id='word_1_444' title='bbox 2458 1544 2716 1601; x_wconf 82' lang='lat' dir='ltr'><strong>Januario</strong></span> <span class='ocrx_word' id='word_1_445' title='bbox 2743 1553 2797 1601; x_wconf 88' lang='lat' dir='ltr'><strong>et</strong></span> <span class='ocrx_word' id='word_1_446' title='bbox 2824 1546 3031 1603; x_wconf 79' lang='lat' dir='ltr'><strong>Marino</strong></span> <span class='ocrx_word' id='word_1_447' title='bbox 3055 1547 3411 1604; x_wconf 79' lang='lat' dir='ltr'><strong>Mediolanum</strong></span> 
     </span>
    </p>
   </div>
   <div class='ocr_carea' id='block_1_73' title="bbox 1839 1633 2301 1690">
    <p class='ocr_par' dir='ltr' id='par_1_73' title="bbox 1839 1633 2301 1690">
     <span class='ocr_line' id='line_1_74' title="bbox 1839 1633 2301 1690; baseline 0.009 -4"><span class='ocrx_word' id='word_1_448' title='bbox 1839 1633 2087 1690; x_wconf 85' lang='lat' dir='ltr'><strong>translati</strong></span> <span class='ocrx_word' id='word_1_449' title='bbox 2116 1643 2260 1690; x_wconf 89' lang='lat' dir='ltr'><strong>sunt.</strong></span> <span class='ocrx_word' id='word_1_450' title='bbox 2294 1666 2301 1673; x_wconf 91' lang='lat'><strong>-</strong></span> 
     </span>
    </p>
   </div>
   <div class='ocr_carea' id='block_1_74' title="bbox 2322 1724 2923 1782">
    <p class='ocr_par' dir='ltr' id='par_1_74' title="bbox 2322 1724 2923 1782">
     <span class='ocr_line' id='line_1_75' title="bbox 2322 1724 2923 1782; baseline 0.003 -2"><span class='ocrx_word' id='word_1_451' title='bbox 2322 1724 2380 1780; x_wconf 92' lang='lat' dir='ltr'><strong>C.</strong></span> <span class='ocrx_word' id='word_1_452' title='bbox 2426 1724 2513 1780; x_wconf 75' lang='lat' dir='ltr'><strong>VII</strong></span> <span class='ocrx_word' id='word_1_453' title='bbox 2558 1724 2715 1782; x_wconf 87' lang='lat' dir='ltr'><strong>IDUS</strong></span> <span class='ocrx_word' id='word_1_454' title='bbox 2763 1725 2923 1782; x_wconf 76' lang='lat' dir='ltr'><strong>MAI].</strong></span> 
     </span>
    </p>
   </div>
   <div class='ocr_carea' id='block_1_75' title="bbox 2490 1813 2758 1884">
    <p class='ocr_par' dir='ltr' id='par_1_75' title="bbox 2490 1813 2758 1884">
     <span class='ocr_line' id='line_1_76' title="bbox 2490 1813 2758 1884; baseline 0.004 -16"><span class='ocrx_word' id='word_1_455' title='bbox 2490 1814 2546 1884; x_wconf 86' lang='lat'><strong>(9</strong></span> <span class='ocrx_word' id='word_1_456' title='bbox 2581 1813 2758 1883; x_wconf 79' lang='lat' dir='ltr'><strong>Maii.)</strong></span> 
     </span>
    </p>
   </div>
   <div class='ocr_carea' id='block_1_76' title="bbox 1904 1881 3411 1958">
    <p class='ocr_par' dir='ltr' id='par_1_76' title="bbox 1904 1881 3411 1958">
     <span class='ocr_line' id='line_1_77' title="bbox 1904 1881 3411 1958; baseline 0.007 -22"><span class='ocrx_word' id='word_1_457' title='bbox 1904 1882 1931 1922; x_wconf 75' lang='grc' dir='ltr'>ἀ</span> <span class='ocrx_word' id='word_1_458' title='bbox 1966 1881 2023 1937; x_wconf 93' lang='lat' dir='ltr'><strong>ln</strong></span> <span class='ocrx_word' id='word_1_459' title='bbox 2082 1881 2299 1938; x_wconf 83' lang='lat' dir='ltr'><strong>Perside</strong></span> <span class='ocrx_word' id='word_1_460' title='bbox 2349 1881 2658 1939; x_wconf 86' lang='lat' dir='ltr'><strong>sanctorum</strong></span> <span class='ocrx_word' id='word_1_461' title='bbox 2711 1881 3009 1958; x_wconf 85' lang='lat' dir='ltr'><strong>martyrum</strong></span> <span class='ocrx_word' id='word_1_462' title='bbox 3050 1895 3411 1946; x_wconf 88' lang='lat' dir='ltr'><strong>trecentorum</strong></span> 
     </span>
    </p>
   </div>
   <div class='ocr_carea' id='block_1_77' title="bbox 1834 1970 2039 2043">
    <p class='ocr_par' dir='ltr' id='par_1_77' title="bbox 1834 1970 2039 2043">
     <span class='ocr_line' id='line_1_78' title="bbox 1834 1970 2039 2043; baseline -0.01 -17"><span class='ocrx_word' id='word_1_463' title='bbox 1834 1970 2039 2043; x_wconf 82' lang='lat' dir='ltr'><strong>decem.</strong></span> 
     </span>
    </p>
   </div>
   <div class='ocr_carea' id='block_1_78' title="bbox 1900 2061 3408 2145">
    <p class='ocr_par' dir='ltr' id='par_1_78' title="bbox 1900 2061 3408 2145">
     <span class='ocr_line' id='line_1_79' title="bbox 1900 2061 3408 2145; baseline 0.006 -29"><span class='ocrx_word' id='word_1_464' title='bbox 1900 2061 2101 2145; x_wconf 81' lang='lat' dir='ltr'><strong>Eodem</strong></span> <span class='ocrx_word' id='word_1_465' title='bbox 2123 2062 2210 2117; x_wconf 90' lang='lat' dir='ltr'><strong>die</strong></span> <span class='ocrx_word' id='word_1_466' title='bbox 2233 2063 2373 2132; x_wconf 88' lang='lat' dir='ltr'><strong>apud</strong></span> <span class='ocrx_word' id='word_1_467' title='bbox 2414 2062 2669 2120; x_wconf 87' lang='lat' dir='ltr'><strong>Nazianzi</strong></span> <span class='ocrx_word' id='word_1_468' title='bbox 2690 2065 2967 2137; x_wconf 88' lang='lat' dir='ltr'><strong>oppidum,</strong></span> <span class='ocrx_word' id='word_1_469' title='bbox 2995 2067 3137 2123; x_wconf 89' lang='lat' dir='ltr'><strong>beati</strong></span> <span class='ocrx_word' id='word_1_470' title='bbox 3164 2068 3408 2141; x_wconf 84' lang='lat' dir='ltr'><strong>Gregorii</strong></span> 
     </span>
    </p>
   </div>
   <div class='ocr_carea' id='block_1_79' title="bbox 1831 2152 3411 2225">
    <p class='ocr_par' dir='ltr' id='par_1_79' title="bbox 1831 2152 3411 2225">
     <span class='ocr_line' id='line_1_80' title="bbox 1831 2152 3411 2225; baseline 0.004 -18"><span class='ocrx_word' id='word_1_471' title='bbox 1831 2152 2089 2222; x_wconf 87' lang='lat' dir='ltr'><strong>episc0pi,</strong></span> <span class='ocrx_word' id='word_1_472' title='bbox 2110 2154 2200 2222; x_wconf 90' lang='lat' dir='ltr'><strong>qui</strong></span> <span class='ocrx_word' id='word_1_473' title='bbox 2229 2152 2505 2225; x_wconf 88' lang='lat' dir='ltr'><strong>theologus</strong></span> <span class='ocrx_word' id='word_1_474' title='bbox 2526 2157 2743 2222; x_wconf 87' lang='lat' dir='ltr'><strong>dicitur,</strong></span> <span class='ocrx_word' id='word_1_475' title='bbox 2770 2157 2963 2213; x_wconf 92' lang='lat' dir='ltr'><strong>nobilis</strong></span> <span class='ocrx_word' id='word_1_476' title='bbox 2985 2159 3208 2214; x_wconf 83' lang='lat' dir='ltr'><strong>Athenis</strong></span> <span class='ocrx_word' id='word_1_477' title='bbox 3235 2160 3411 2217; x_wconf 88' lang='lat' dir='ltr'><strong>erudi-</strong></span> 
     </span>
    </p>
   </div>
   <div class='ocr_carea' id='block_1_80' title="bbox 1833 2234 3408 2322">
    <p class='ocr_par' dir='ltr' id='par_1_80' title="bbox 1833 2234 3408 2322">
     <span class='ocr_line' id='line_1_81' title="bbox 1833 2234 3408 2322; baseline 0.001 -23"><span class='ocrx_word' id='word_1_478' title='bbox 1833 2234 1940 2311; x_wconf 82' lang='lat' dir='ltr'><strong>tus,</strong></span> <span class='ocrx_word' id='word_1_479' title='bbox 1971 2244 2170 2316; x_wconf 90' lang='lat' dir='ltr'><strong>collega</strong></span> <span class='ocrx_word' id='word_1_480' title='bbox 2198 2246 2340 2301; x_wconf 88' lang='lat' dir='ltr'><strong>beati</strong></span> <span class='ocrx_word' id='word_1_481' title='bbox 2385 2245 2592 2309; x_wconf 88' lang='lat' dir='ltr'><strong>Basilii.</strong></span> <span class='ocrx_word' id='word_1_482' title='bbox 2631 2247 2891 2304; x_wconf 69' lang='lat' dir='ltr'><strong>Czcsareze</strong></span> <span class='ocrx_word' id='word_1_483' title='bbox 2932 2249 3281 2321; x_wconf 79' lang='lat' dir='ltr'><strong>Cappadocia:</strong></span> <span class='ocrx_word' id='word_1_484' title='bbox 3309 2267 3408 2322; x_wconf 72' lang='lat' dir='ltr'><strong>po.</strong></span> 
     </span>
    </p>
   </div>
   <div class='ocr_carea' id='block_1_81' title="bbox 1828 2336 3408 2408">
    <p class='ocr_par' dir='ltr' id='par_1_81' title="bbox 1828 2336 3408 2408">
     <span class='ocr_line' id='line_1_82' title="bbox 1828 2336 3408 2408; baseline 0.006 -17"><span class='ocrx_word' id='word_1_485' title='bbox 1828 2344 1945 2391; x_wconf 79' lang='lat' dir='ltr'><strong>stea</strong></span> <span class='ocrx_word' id='word_1_486' title='bbox 1982 2336 2240 2406; x_wconf 90' lang='lat' dir='ltr'><strong>episcopi.</strong></span> <span class='ocrx_word' id='word_1_487' title='bbox 2294 2336 2525 2408; x_wconf 83' lang='lat' dir='ltr'><strong>Quique,</strong></span> <span class='ocrx_word' id='word_1_488' title='bbox 2575 2355 2698 2395; x_wconf 86' lang='lat' dir='ltr'><strong>cum</strong></span> <span class='ocrx_word' id='word_1_489' title='bbox 2732 2355 2790 2395; x_wconf 90' lang='lat' dir='ltr'><strong>se</strong></span> <span class='ocrx_word' id='word_1_490' title='bbox 2849 2349 3018 2395; x_wconf 90' lang='lat' dir='ltr'><strong>totum</strong></span> <span class='ocrx_word' id='word_1_491' title='bbox 3049 2342 3143 2397; x_wconf 87' lang='lat' dir='ltr'><strong>Dei</strong></span> <span class='ocrx_word' id='word_1_492' title='bbox 3187 2345 3408 2401; x_wconf 85' lang='lat' dir='ltr'><strong>servitio</strong></span> 
     </span>
    </p>
   </div>
   <div class='ocr_carea' id='block_1_82' title="bbox 1831 2428 3404 2503">
    <p class='ocr_par' dir='ltr' id='par_1_82' title="bbox 1831 2428 3404 2503">
     <span class='ocr_line' id='line_1_83' title="bbox 1831 2428 3404 2503; baseline 0.005 -22"><span class='ocrx_word' id='word_1_493' title='bbox 1831 2428 2210 2497; x_wconf 88' lang='lat' dir='ltr'><strong>mancipasset,</strong></span> <span class='ocrx_word' id='word_1_494' title='bbox 2241 2436 2447 2485; x_wconf 69' lang='lat' dir='ltr'><strong>tantum</strong></span> <span class='ocrx_word' id='word_1_495' title='bbox 2493 2431 2557 2486; x_wconf 90' lang='lat' dir='ltr'><strong>dc</strong></span> <span class='ocrx_word' id='word_1_496' title='bbox 2585 2430 2800 2502; x_wconf 78' lang='lat' dir='ltr'><strong>collega:</strong></span> <span class='ocrx_word' id='word_1_497' title='bbox 2829 2446 3011 2486; x_wconf 88' lang='lat' dir='ltr'><strong>amore</strong></span> <span class='ocrx_word' id='word_1_498' title='bbox 3042 2435 3404 2503; x_wconf 56' lang='lat' dir='ltr'><strong>praesumpsit,</strong></span> 
     </span>
    </p>
   </div>
   <div class='ocr_carea' id='block_1_83' title="bbox 1832 2517 3407 2593">
    <p class='ocr_par' dir='ltr' id='par_1_83' title="bbox 1832 2517 3407 2593">
     <span class='ocr_line' id='line_1_84' title="bbox 1832 2517 3407 2593; baseline 0.005 -22"><span class='ocrx_word' id='word_1_499' title='bbox 1832 2526 1889 2571; x_wconf 92' lang='lat' dir='ltr'><strong>ut</strong></span> <span class='ocrx_word' id='word_1_500' title='bbox 1916 2518 2190 2573; x_wconf 87' lang='lat' dir='ltr'><strong>sedentem</strong></span> <span class='ocrx_word' id='word_1_501' title='bbox 2224 2517 2476 2574; x_wconf 82' lang='lat' dir='ltr'><strong>Basilium</strong></span> <span class='ocrx_word' id='word_1_502' title='bbox 2507 2520 2573 2574; x_wconf 89' lang='lat' dir='ltr'><strong>de</strong></span> <span class='ocrx_word' id='word_1_503' title='bbox 2604 2521 2841 2576; x_wconf 84' lang='lat' dir='ltr'><strong>doctoris</strong></span> <span class='ocrx_word' id='word_1_504' title='bbox 2870 2522 3127 2576; x_wconf 87' lang='lat' dir='ltr'><strong>cathedra</strong></span> <span class='ocrx_word' id='word_1_505' title='bbox 3171 2523 3407 2593; x_wconf 89' lang='lat' dir='ltr'><strong>depone-</strong></span> 
     </span>
    </p>
   </div>
   <div class='ocr_carea' id='block_1_84' title="bbox 1829 2608 3406 2682">
    <p class='ocr_par' dir='ltr' id='par_1_84' title="bbox 1829 2608 3406 2682">
     <span class='ocr_line' id='line_1_85' title="bbox 1829 2608 3406 2682; baseline 0.004 -23"><span class='ocrx_word' id='word_1_506' title='bbox 1829 2616 1930 2672; x_wconf 89' lang='lat' dir='ltr'><strong>ret,</strong></span> <span class='ocrx_word' id='word_1_507' title='bbox 1962 2623 2025 2662; x_wconf 91' lang='lat' dir='ltr'><strong>ac</strong></span> <span class='ocrx_word' id='word_1_508' title='bbox 2051 2622 2232 2662; x_wconf 86' lang='lat' dir='ltr'><strong>secum</strong></span> <span class='ocrx_word' id='word_1_509' title='bbox 2282 2608 2350 2663; x_wconf 90' lang='lat' dir='ltr'><strong>ad</strong></span> <span class='ocrx_word' id='word_1_510' title='bbox 2376 2610 2763 2666; x_wconf 89' lang='lat' dir='ltr'><strong>monasterium</strong></span> <span class='ocrx_word' id='word_1_511' title='bbox 2795 2625 2953 2665; x_wconf 91' lang='lat' dir='ltr'><strong>manu</strong></span> <span class='ocrx_word' id='word_1_512' title='bbox 2988 2610 3179 2679; x_wconf 85' lang='lat' dir='ltr'><strong>injecta</strong></span> <span class='ocrx_word' id='word_1_513' title='bbox 3209 2614 3406 2682; x_wconf 83' lang='lat' dir='ltr'><strong>perdu-</strong></span> 
     </span>
    </p>
   </div>
   <div class='ocr_carea' id='block_1_85' title="bbox 1829 2698 3405 2769">
    <p class='ocr_par' dir='ltr' id='par_1_85' title="bbox 1829 2698 3405 2769">
     <span class='ocr_line' id='line_1_86' title="bbox 1829 2698 3405 2769; baseline 0.002 -17"><span class='ocrx_word' id='word_1_514' title='bbox 1829 2706 1998 2763; x_wconf 90' lang='lat' dir='ltr'><strong>ceret,</strong></span> <span class='ocrx_word' id='word_1_515' title='bbox 2022 2698 2201 2768; x_wconf 89' lang='lat' dir='ltr'><strong>ibique</strong></span> <span class='ocrx_word' id='word_1_516' title='bbox 2229 2714 2328 2769; x_wconf 90' lang='lat' dir='ltr'><strong>per</strong></span> <span class='ocrx_word' id='word_1_517' title='bbox 2356 2714 2529 2753; x_wconf 89' lang='lat' dir='ltr'><strong>annos</strong></span> <span class='ocrx_word' id='word_1_518' title='bbox 2554 2700 2808 2753; x_wconf 87' lang='lat' dir='ltr'><strong>tredecim</strong></span> <span class='ocrx_word' id='word_1_519' title='bbox 2837 2699 3074 2753; x_wconf 90' lang='lat' dir='ltr'><strong>omnium</strong></span> <span class='ocrx_word' id='word_1_520' title='bbox 3098 2699 3405 2756; x_wconf 72' lang='lat' dir='ltr'><strong>Crmcorum</strong></span> 
     </span>
    </p>
   </div>
   <div class='ocr_carea' id='block_1_86' title="bbox 1829 2787 3407 2862">
    <p class='ocr_par' dir='ltr' id='par_1_86' title="bbox 1829 2787 3407 2862">
     <span class='ocr_line' id='line_1_87' title="bbox 1829 2787 3407 2862; baseline 0.002 -18"><span class='ocrx_word' id='word_1_521' title='bbox 1829 2787 2187 2856; x_wconf 62' lang='lat' dir='ltr'><strong>satcularium,</strong></span> <span class='ocrx_word' id='word_1_522' title='bbox 2232 2788 2383 2845; x_wconf 89' lang='lat' dir='ltr'><strong>libris</strong></span> <span class='ocrx_word' id='word_1_523' title='bbox 2430 2790 2667 2855; x_wconf 83' lang='lat' dir='ltr'><strong>remotis,</strong></span> <span class='ocrx_word' id='word_1_524' title='bbox 2716 2790 2842 2845; x_wconf 87' lang='lat' dir='ltr'><strong>solis</strong></span> <span class='ocrx_word' id='word_1_525' title='bbox 2869 2791 3062 2846; x_wconf 70' lang='lat' dir='ltr'><strong>divinae</strong></span> <span class='ocrx_word' id='word_1_526' title='bbox 3112 2791 3407 2862; x_wconf 63' lang='lat' dir='ltr'><strong>Scriptura:</strong></span> 
     </span>
    </p>
   </div>
   <div class='ocr_carea' id='block_1_87' title="bbox 1828 2868 3403 2951">
    <p class='ocr_par' dir='ltr' id='par_1_87' title="bbox 1828 2868 3403 2951">
     <span class='ocr_line' id='line_1_88' title="bbox 1828 2868 3403 2951; baseline 0.003 -20"><span class='ocrx_word' id='word_1_527' title='bbox 1828 2868 2193 2934; x_wconf 71' lang='lat' dir='ltr'><strong>voluminibus</strong></span> <span class='ocrx_word' id='word_1_528' title='bbox 2216 2894 2438 2949; x_wconf 89' lang='lat' dir='ltr'><strong>operam</strong></span> <span class='ocrx_word' id='word_1_529' title='bbox 2468 2879 2684 2934; x_wconf 89' lang='lat' dir='ltr'><strong>dabant.</strong></span> <span class='ocrx_word' id='word_1_530' title='bbox 2713 2879 2880 2951; x_wconf 87' lang='lat' dir='ltr'><strong>Igitur</strong></span> <span class='ocrx_word' id='word_1_531' title='bbox 2924 2881 3066 2951; x_wconf 90' lang='lat' dir='ltr'><strong>apud</strong></span> <span class='ocrx_word' id='word_1_532' title='bbox 3118 2881 3403 2937; x_wconf 81' lang='lat' dir='ltr'><strong>Nazanzon</strong></span> 
     </span>
    </p>
   </div>
   <div class='ocr_carea' id='block_1_88' title="bbox 1827 2968 3399 3043">
    <p class='ocr_par' dir='ltr' id='par_1_88' title="bbox 1827 2968 3399 3043">
     <span class='ocr_line' id='line_1_89' title="bbox 1827 2968 3399 3043; baseline 0.001 -17"><span class='ocrx_word' id='word_1_533' title='bbox 1827 2970 2078 3040; x_wconf 90' lang='lat' dir='ltr'><strong>oppidum</strong></span> <span class='ocrx_word' id='word_1_534' title='bbox 2118 2969 2172 3023; x_wconf 92' lang='lat' dir='ltr'><strong>in</strong></span> <span class='ocrx_word' id='word_1_535' title='bbox 2198 2968 2317 3025; x_wconf 93' lang='lat' dir='ltr'><strong>loco</strong></span> <span class='ocrx_word' id='word_1_536' title='bbox 2342 2968 2512 3038; x_wconf 86' lang='lat' dir='ltr'><strong>patris</strong></span> <span class='ocrx_word' id='word_1_537' title='bbox 2549 2970 2832 3041; x_wconf 88' lang='lat' dir='ltr'><strong>episcopus</strong></span> <span class='ocrx_word' id='word_1_538' title='bbox 2858 2970 3199 3043; x_wconf 87' lang='lat' dir='ltr'><strong>subrogatus,</strong></span> <span class='ocrx_word' id='word_1_539' title='bbox 3232 2973 3399 3027; x_wconf 68' lang='lat' dir='ltr'><strong>hmrc-</strong></span> 
     </span>
    </p>
   </div>
   <div class='ocr_carea' id='block_1_89' title="bbox 1830 3061 3403 3139">
    <p class='ocr_par' dir='ltr' id='par_1_89' title="bbox 1830 3061 3403 3139">
     <span class='ocr_line' id='line_1_90' title="bbox 1830 3061 3403 3139; baseline 0.005 -24"><span class='ocrx_word' id='word_1_540' title='bbox 1830 3062 2059 3117; x_wconf 88' lang='lat' dir='ltr'><strong>ticorum</strong></span> <span class='ocrx_word' id='word_1_541' title='bbox 2087 3062 2351 3117; x_wconf 88' lang='lat' dir='ltr'><strong>turbinem</strong></span> <span class='ocrx_word' id='word_1_542' title='bbox 2398 3061 2625 3116; x_wconf 84' lang='lat' dir='ltr'><strong>ﬁdeliter</strong></span> <span class='ocrx_word' id='word_1_543' title='bbox 2666 3063 2805 3117; x_wconf 93' lang='lat' dir='ltr'><strong>tulit.</strong></span> <span class='ocrx_word' id='word_1_544' title='bbox 2841 3064 3064 3124; x_wconf 59' lang='lat' dir='ltr'><strong>Reddfvia</strong></span> <span class='ocrx_word' id='word_1_545' title='bbox 3096 3081 3222 3125; x_wconf 67' lang='lat' dir='ltr'><strong>vero</strong></span> <span class='ocrx_word' id='word_1_546' title='bbox 3251 3086 3403 3139; x_wconf 84' lang='lat' dir='ltr'><strong>pace,</strong></span> 
     </span>
    </p>
   </div>
   <div class='ocr_carea' id='block_1_90' title="bbox 1750 3150 3404 3220">
    <p class='ocr_par' dir='ltr' id='par_1_90' title="bbox 1750 3150 3404 3220">
     <span class='ocr_line' id='line_1_91' title="bbox 1750 3150 3404 3220; baseline 0.001 -9"><span class='ocrx_word' id='word_1_547' title='bbox 1750 3150 1795 3211; x_wconf 91' lang='lat' dir='ltr'><strong>C</strong></span> <span class='ocrx_word' id='word_1_548' title='bbox 1826 3150 2344 3220; x_wconf 78' lang='lat' dir='ltr'><strong>Constantinopolim</strong></span> <span class='ocrx_word' id='word_1_549' title='bbox 2401 3150 2467 3211; x_wconf 76' lang='lat' dir='ltr'><strong>ad</strong></span> <span class='ocrx_word' id='word_1_550' title='bbox 2524 3151 2812 3212; x_wconf 59' lang='lat' dir='ltr'><strong>cetics’mm</strong></span> <span class='ocrx_word' id='word_1_551' title='bbox 2869 3158 3165 3213; x_wconf 77' lang='lat' dir='ltr'><strong>docendam</strong></span> <span class='ocrx_word' id='word_1_552' title='bbox 3220 3159 3404 3213; x_wconf 84' lang='lat' dir='ltr'><strong>venire</strong></span> 
     </span>
    </p>
   </div>
   <div class='ocr_carea' id='block_1_91' title="bbox 1822 3242 3404 3318">
    <p class='ocr_par' dir='ltr' id='par_1_91' title="bbox 1822 3242 3404 3318">
     <span class='ocr_line' id='line_1_92' title="bbox 1822 3242 3404 3318; baseline 0.004 -21"><span class='ocrx_word' id='word_1_553' title='bbox 1822 3250 2096 3308; x_wconf 81' lang='lat' dir='ltr'><strong>exoratus,</strong></span> <span class='ocrx_word' id='word_1_554' title='bbox 2118 3257 2222 3296; x_wconf 91' lang='lat' dir='ltr'><strong>nou</strong></span> <span class='ocrx_word' id='word_1_555' title='bbox 2244 3242 2451 3303; x_wconf 68' lang='lat' dir='ltr'><strong>abnuit.</strong></span> <span class='ocrx_word' id='word_1_556' title='bbox 2476 3248 2571 3304; x_wconf 88' lang='lat' dir='ltr'><strong>Ubi</strong></span> <span class='ocrx_word' id='word_1_557' title='bbox 2596 3250 2739 3304; x_wconf 74' lang='lat' dir='ltr'><strong>brevi</strong></span> <span class='ocrx_word' id='word_1_558' title='bbox 2766 3260 3001 3318; x_wconf 70' lang='lat' dir='ltr'><strong>tempore</strong></span> <span class='ocrx_word' id='word_1_559' title='bbox 3028 3248 3079 3303; x_wconf 92' lang='lat' dir='ltr'><strong>in</strong></span> <span class='ocrx_word' id='word_1_560' title='bbox 3110 3258 3314 3304; x_wconf 89' lang='lat' dir='ltr'><strong>tantum</strong></span> <span class='ocrx_word' id='word_1_561' title='bbox 3336 3250 3404 3303; x_wconf 90' lang='lat' dir='ltr'><strong>ad</strong></span> 
     </span>
    </p>
   </div>
   <div class='ocr_carea' id='block_1_92' title="bbox 1821 3332 3404 3410">
    <p class='ocr_par' dir='ltr' id='par_1_92' title="bbox 1821 3332 3404 3410">
     <span class='ocr_line' id='line_1_93' title="bbox 1821 3332 3404 3410; baseline 0.004 -24"><span class='ocrx_word' id='word_1_562' title='bbox 1821 3332 2213 3392; x_wconf 72' lang='lat' dir='ltr'><strong>emendandum</strong></span> <span class='ocrx_word' id='word_1_563' title='bbox 2260 3338 2509 3410; x_wconf 91' lang='lat' dir='ltr'><strong>populum</strong></span> <span class='ocrx_word' id='word_1_564' title='bbox 2534 3379 2549 3405; x_wconf 91' lang='lat'><strong>,</strong></span> <span class='ocrx_word' id='word_1_565' title='bbox 2584 3338 2809 3394; x_wconf 85' lang='lat' dir='ltr'><strong>vetustis</strong></span> <span class='ocrx_word' id='word_1_566' title='bbox 2854 3339 3229 3395; x_wconf 72' lang='lat' dir='ltr'><strong>haereticorum</strong></span> <span class='ocrx_word' id='word_1_567' title='bbox 3270 3339 3404 3393; x_wconf 86' lang='lat' dir='ltr'><strong>infe-</strong></span> 
     </span>
    </p>
   </div>
   <div class='ocr_carea' id='block_1_93' title="bbox 1821 3428 3405 3499">
    <p class='ocr_par' dir='ltr' id='par_1_93' title="bbox 1821 3428 3405 3499">
     <span class='ocr_line' id='line_1_94' title="bbox 1821 3428 3405 3499; baseline 0.001 -17"><span class='ocrx_word' id='word_1_568' title='bbox 1821 3430 1966 3477; x_wconf 71' lang='lat' dir='ltr'><strong>ctum</strong></span> <span class='ocrx_word' id='word_1_569' title='bbox 1993 3430 2239 3496; x_wconf 64' lang='lat' dir='ltr'><strong>venenis,</strong></span> <span class='ocrx_word' id='word_1_570' title='bbox 2287 3428 2534 3499; x_wconf 88' lang='lat' dir='ltr'><strong>profecit,</strong></span> <span class='ocrx_word' id='word_1_571' title='bbox 2565 3437 2624 3482; x_wconf 92' lang='lat' dir='ltr'><strong>ut</strong></span> <span class='ocrx_word' id='word_1_572' title='bbox 2669 3438 2793 3483; x_wconf 90' lang='lat' dir='ltr'><strong>tunc</strong></span> <span class='ocrx_word' id='word_1_573' title='bbox 2839 3430 3070 3498; x_wconf 91' lang='lat' dir='ltr'><strong>primum</strong></span> <span class='ocrx_word' id='word_1_574' title='bbox 3112 3429 3405 3484; x_wconf 90' lang='lat' dir='ltr'><strong>Christiani</strong></span> 
     </span>
    </p>
   </div>
   <div class='ocr_carea' id='block_1_94' title="bbox 1823 3514 3407 3585">
    <p class='ocr_par' dir='ltr' id='par_1_94' title="bbox 1823 3514 3407 3585">
     <span class='ocr_line' id='line_1_95' title="bbox 1823 3514 3407 3585; baseline 0.004 -12"><span class='ocrx_word' id='word_1_575' title='bbox 1823 3514 1921 3565; x_wconf 73' lang='lat' dir='ltr'><strong>sibi</strong></span> <span class='ocrx_word' id='word_1_576' title='bbox 1974 3517 2098 3576; x_wconf 54' lang='grc' dir='ltr'><strong>δετὶ</strong></span> <span class='ocrx_word' id='word_1_577' title='bbox 2146 3521 2478 3585; x_wconf 88' lang='lat' dir='ltr'><strong>viderentur,</strong></span> <span class='ocrx_word' id='word_1_578' title='bbox 2528 3527 2583 3575; x_wconf 88' lang='lat' dir='ltr'><strong>et</strong></span> <span class='ocrx_word' id='word_1_579' title='bbox 2630 3518 2894 3575; x_wconf 84' lang='lat' dir='ltr'><strong>novellam</strong></span> <span class='ocrx_word' id='word_1_580' title='bbox 2942 3520 3115 3577; x_wconf 90' lang='lat' dir='ltr'><strong>lucem</strong></span> <span class='ocrx_word' id='word_1_581' title='bbox 3164 3524 3407 3579; x_wconf 91' lang='lat' dir='ltr'><strong>veritatis</strong></span> 
     </span>
    </p>
   </div>
   <div class='ocr_carea' id='block_1_95' title="bbox 1823 3612 3402 3688">
    <p class='ocr_par' dir='ltr' id='par_1_95' title="bbox 1823 3612 3402 3688">
     <span class='ocr_line' id='line_1_96' title="bbox 1823 3612 3402 3688; baseline 0.005 -22"><span class='ocrx_word' id='word_1_582' title='bbox 1823 3612 2084 3683; x_wconf 89' lang='lat' dir='ltr'><strong>aspicere.</strong></span> <span class='ocrx_word' id='word_1_583' title='bbox 2137 3614 2242 3672; x_wconf 89' lang='lat' dir='ltr'><strong>Sed</strong></span> <span class='ocrx_word' id='word_1_584' title='bbox 2298 3615 2388 3670; x_wconf 92' lang='lat' dir='ltr'><strong>ubi</strong></span> <span class='ocrx_word' id='word_1_585' title='bbox 2438 3616 2661 3688; x_wconf 90' lang='lat' dir='ltr'><strong>gloriam</strong></span> <span class='ocrx_word' id='word_1_586' title='bbox 2711 3617 2999 3671; x_wconf 87' lang='lat' dir='ltr'><strong>subsecuta</strong></span> <span class='ocrx_word' id='word_1_587' title='bbox 3054 3617 3252 3672; x_wconf 88' lang='lat' dir='ltr'><strong>invidia</strong></span> <span class='ocrx_word' id='word_1_588' title='bbox 3299 3632 3402 3684; x_wconf 90' lang='lat' dir='ltr'><strong>est,</strong></span> 
     </span>
    </p>
   </div>
   <div class='ocr_carea' id='block_1_96' title="bbox 1823 3704 3402 3776">
    <p class='ocr_par' dir='ltr' id='par_1_96' title="bbox 1823 3704 3402 3776">
     <span class='ocr_line' id='line_1_97' title="bbox 1823 3704 3402 3776; baseline 0.002 -17"><span class='ocrx_word' id='word_1_589' title='bbox 1823 3704 1993 3760; x_wconf 90' lang='lat' dir='ltr'><strong>obniti</strong></span> <span class='ocrx_word' id='word_1_590' title='bbox 2024 3706 2241 3775; x_wconf 90' lang='lat' dir='ltr'><strong>quidam</strong></span> <span class='ocrx_word' id='word_1_591' title='bbox 2288 3716 2344 3760; x_wconf 93' lang='lat' dir='ltr'><strong>et</strong></span> <span class='ocrx_word' id='word_1_592' title='bbox 2390 3705 2887 3776; x_wconf 65' lang='lat' dir='ltr'><strong>proscriptionibus</strong></span> <span class='ocrx_word' id='word_1_593' title='bbox 2918 3706 3095 3761; x_wconf 88' lang='lat' dir='ltr'><strong>minus</strong></span> <span class='ocrx_word' id='word_1_594' title='bbox 3139 3707 3287 3762; x_wconf 88' lang='lat' dir='ltr'><strong>sanis</strong></span> <span class='ocrx_word' id='word_1_595' title='bbox 3326 3707 3402 3763; x_wconf 90' lang='lat' dir='ltr'><strong>uti</strong></span> 
     </span>
    </p>
   </div>
   <div class='ocr_carea' id='block_1_97' title="bbox 1824 3782 3404 3868">
    <p class='ocr_par' dir='ltr' id='par_1_97' title="bbox 1824 3782 3404 3868">
     <span class='ocr_line' id='line_1_98' title="bbox 1824 3782 3404 3868; baseline 0.001 -19"><span class='ocrx_word' id='word_1_596' title='bbox 1824 3811 2058 3867; x_wconf 86' lang='lat' dir='ltr'><strong>coepere,</strong></span> <span class='ocrx_word' id='word_1_597' title='bbox 2087 3805 2146 3851; x_wconf 89' lang='lat' dir='ltr'><strong>ut</strong></span> <span class='ocrx_word' id='word_1_598' title='bbox 2176 3796 2289 3868; x_wconf 90' lang='lat' dir='ltr'><strong>ipso</strong></span> <span class='ocrx_word' id='word_1_599' title='bbox 2330 3797 2397 3852; x_wconf 82' lang='lat' dir='ltr'><strong>ad</strong></span> <span class='ocrx_word' id='word_1_600' title='bbox 2412 3782 2658 3867; x_wconf 41' lang='lat' dir='ltr'><strong>&quot;propria</strong></span> <span class='ocrx_word' id='word_1_601' title='bbox 2690 3805 2985 3861; x_wconf 87' lang='lat' dir='ltr'><strong>remeante,</strong></span> <span class='ocrx_word' id='word_1_602' title='bbox 3018 3796 3155 3852; x_wconf 89' lang='lat' dir='ltr'><strong>alius</strong></span> <span class='ocrx_word' id='word_1_603' title='bbox 3182 3797 3404 3852; x_wconf 87' lang='lat' dir='ltr'><strong>ordina-</strong></span> 
     </span>
    </p>
   </div>
   <div class='ocr_carea' id='block_1_98' title="bbox 1826 3887 3404 3959">
    <p class='ocr_par' dir='ltr' id='par_1_98' title="bbox 1826 3887 3404 3959">
     <span class='ocr_line' id='line_1_99' title="bbox 1826 3887 3404 3959; baseline 0.003 -17"><span class='ocrx_word' id='word_1_604' title='bbox 1826 3897 1978 3943; x_wconf 90' lang='lat' dir='ltr'><strong>retur</strong></span> <span class='ocrx_word' id='word_1_605' title='bbox 2001 3888 2302 3959; x_wconf 90' lang='lat' dir='ltr'><strong>cpiscopus.</strong></span> <span class='ocrx_word' id='word_1_606' title='bbox 2337 3888 2489 3956; x_wconf 87' lang='lat' dir='ltr'><strong>Quod</strong></span> <span class='ocrx_word' id='word_1_607' title='bbox 2522 3888 2608 3943; x_wconf 92' lang='lat' dir='ltr'><strong>ille</strong></span> <span class='ocrx_word' id='word_1_608' title='bbox 2643 3887 2913 3943; x_wconf 89' lang='lat' dir='ltr'><strong>susurrari</strong></span> <span class='ocrx_word' id='word_1_609' title='bbox 2946 3896 3153 3943; x_wconf 70' lang='lat' dir='ltr'><strong>tantum</strong></span> <span class='ocrx_word' id='word_1_610' title='bbox 3199 3899 3253 3944; x_wconf 91' lang='lat' dir='ltr'><strong>et</strong></span> <span class='ocrx_word' id='word_1_611' title='bbox 3304 3891 3404 3946; x_wconf 82' lang='lat' dir='ltr'><strong>sub</strong></span> 
     </span>
    </p>
   </div>
   <div class='ocr_carea' id='block_1_99' title="bbox 1827 3975 3405 4049">
    <p class='ocr_par' dir='ltr' id='par_1_99' title="bbox 1827 3975 3405 4049">
     <span class='ocr_line' id='line_1_100' title="bbox 1827 3975 3405 4049; baseline 0.001 -15"><span class='ocrx_word' id='word_1_612' title='bbox 1827 3978 1983 4034; x_wconf 89' lang='lat' dir='ltr'><strong>dente</strong></span> <span class='ocrx_word' id='word_1_613' title='bbox 2007 3978 2245 4034; x_wconf 90' lang='lat' dir='ltr'><strong>sentiens</strong></span> <span class='ocrx_word' id='word_1_614' title='bbox 2270 3980 2527 4033; x_wconf 90' lang='lat' dir='ltr'><strong>ruminari</strong></span> <span class='ocrx_word' id='word_1_615' title='bbox 2551 4019 2565 4045; x_wconf 95' lang='lat'><strong>,</strong></span> <span class='ocrx_word' id='word_1_616' title='bbox 2597 3979 2711 4049; x_wconf 89' lang='lat' dir='ltr'><strong>ipse</strong></span> <span class='ocrx_word' id='word_1_617' title='bbox 2735 3975 2962 4048; x_wconf 80' lang='lat' dir='ltr'><strong>profert,</strong></span> <span class='ocrx_word' id='word_1_618' title='bbox 2998 3979 3123 4048; x_wconf 88' lang='lat' dir='ltr'><strong>quia</strong></span> <span class='ocrx_word' id='word_1_619' title='bbox 3153 3979 3333 4035; x_wconf 81' lang='lat' dir='ltr'><strong>dicere</strong></span> <span class='ocrx_word' id='word_1_620' title='bbox 3354 3981 3405 4035; x_wconf 92' lang='lat' dir='ltr'><strong>ei</strong></span> 
     </span>
    </p>
   </div>
   <div class='ocr_carea' id='block_1_100' title="bbox 1826 4068 3404 4142">
    <p class='ocr_par' dir='ltr' id='par_1_100' title="bbox 1826 4068 3404 4142">
     <span class='ocr_line' id='line_1_101' title="bbox 1826 4068 3404 4142; baseline 0.003 -21"><span class='ocrx_word' id='word_1_621' title='bbox 1826 4068 2006 4123; x_wconf 90' lang='lat' dir='ltr'><strong>nullus</strong></span> <span class='ocrx_word' id='word_1_622' title='bbox 2033 4069 2281 4124; x_wconf 90' lang='lat' dir='ltr'><strong>audebat.</strong></span> <span class='ocrx_word' id='word_1_623' title='bbox 2312 4069 2488 4134; x_wconf 83' lang='lat' dir='ltr'><strong>Absit,</strong></span> <span class='ocrx_word' id='word_1_624' title='bbox 2522 4069 2729 4141; x_wconf 73' lang='lat' dir='ltr'><strong>inquit,</strong></span> <span class='ocrx_word' id='word_1_625' title='bbox 2783 4076 2843 4123; x_wconf 91' lang='lat' dir='ltr'><strong>ut</strong></span> <span class='ocrx_word' id='word_1_626' title='bbox 2874 4070 2977 4125; x_wconf 89' lang='lat' dir='ltr'><strong>mei</strong></span> <span class='ocrx_word' id='word_1_627' title='bbox 3013 4085 3197 4138; x_wconf 90' lang='lat' dir='ltr'><strong>causa,</strong></span> <span class='ocrx_word' id='word_1_628' title='bbox 3226 4071 3404 4142; x_wconf 88' lang='lat' dir='ltr'><strong>aliqua</strong></span> 
     </span>
    </p>
   </div>
   <div class='ocr_carea' id='block_1_101' title="bbox 1827 4158 3405 4236">
    <p class='ocr_par' dir='ltr' id='par_1_101' title="bbox 1827 4158 3405 4236">
     <span class='ocr_line' id='line_1_102' title="bbox 1827 4158 3405 4236; baseline 0.006 -23"><span class='ocrx_word' id='word_1_629' title='bbox 1827 4158 2073 4214; x_wconf 90' lang='lat' dir='ltr'><strong>simultas</strong></span> <span class='ocrx_word' id='word_1_630' title='bbox 2100 4159 2152 4213; x_wconf 93' lang='lat' dir='ltr'><strong>iu</strong></span> <span class='ocrx_word' id='word_1_631' title='bbox 2191 4159 2284 4214; x_wconf 92' lang='lat' dir='ltr'><strong>Dei</strong></span> <span class='ocrx_word' id='word_1_632' title='bbox 2316 4161 2685 4217; x_wconf 83' lang='lat' dir='ltr'><strong>sacerdotibus</strong></span> <span class='ocrx_word' id='word_1_633' title='bbox 2713 4162 2939 4218; x_wconf 87' lang='lat' dir='ltr'><strong>oriatur.</strong></span> <span class='ocrx_word' id='word_1_634' title='bbox 2994 4162 3048 4218; x_wconf 92' lang='lat' dir='ltr'><strong>Si</strong></span> <span class='ocrx_word' id='word_1_635' title='bbox 3076 4174 3295 4236; x_wconf 92' lang='lat' dir='ltr'><strong>propter</strong></span> <span class='ocrx_word' id='word_1_636' title='bbox 3319 4182 3405 4222; x_wconf 89' lang='lat' dir='ltr'><strong>me</strong></span> 
     </span>
    </p>
   </div>
   <div class='ocr_carea' id='block_1_102' title="bbox 1829 4250 3407 4322">
    <p class='ocr_par' dir='ltr' id='par_1_102' title="bbox 1829 4250 3407 4322">
     <span class='ocr_line' id='line_1_103' title="bbox 1829 4250 3407 4322; baseline 0.004 -19"><span class='ocrx_word' id='word_1_637' title='bbox 1829 4257 1912 4305; x_wconf 88' lang='lat' dir='ltr'><strong>est</strong></span> <span class='ocrx_word' id='word_1_638' title='bbox 1938 4250 2038 4303; x_wconf 90' lang='lat' dir='ltr'><strong>ista</strong></span> <span class='ocrx_word' id='word_1_639' title='bbox 2069 4257 2375 4319; x_wconf 89' lang='lat' dir='ltr'><strong>tempestas,</strong></span> <span class='ocrx_word' id='word_1_640' title='bbox 2408 4250 2590 4313; x_wconf 88' lang='lat' dir='ltr'><strong>tollite,</strong></span> <span class='ocrx_word' id='word_1_641' title='bbox 2619 4262 2675 4307; x_wconf 93' lang='lat' dir='ltr'><strong>et</strong></span> <span class='ocrx_word' id='word_1_642' title='bbox 2720 4252 2913 4307; x_wconf 88' lang='lat' dir='ltr'><strong>mittite</strong></span> <span class='ocrx_word' id='word_1_643' title='bbox 2952 4270 3037 4308; x_wconf 89' lang='lat' dir='ltr'><strong>me</strong></span> <span class='ocrx_word' id='word_1_644' title='bbox 3067 4254 3119 4307; x_wconf 90' lang='lat' dir='ltr'><strong>in</strong></span> <span class='ocrx_word' id='word_1_645' title='bbox 3150 4270 3318 4322; x_wconf 91' lang='lat' dir='ltr'><strong>mare,</strong></span> <span class='ocrx_word' id='word_1_646' title='bbox 3352 4265 3407 4310; x_wconf 90' lang='lat' dir='ltr'><strong>et</strong></span> 
     </span>
    </p>
   </div>
   <div class='ocr_carea' id='block_1_103' title="bbox 1828 4338 3407 4412">
    <p class='ocr_par' dir='ltr' id='par_1_103' title="bbox 1828 4338 3407 4412">
     <span class='ocr_line' id='line_1_104' title="bbox 1828 4338 3407 4412; baseline 0.004 -18"><span class='ocrx_word' id='word_1_647' title='bbox 1828 4338 2095 4394; x_wconf 91' lang='lat' dir='ltr'><strong>desineta</strong></span> <span class='ocrx_word' id='word_1_648' title='bbox 2135 4338 2285 4393; x_wconf 90' lang='lat' dir='ltr'><strong>vobis</strong></span> <span class='ocrx_word' id='word_1_649' title='bbox 2316 4341 2608 4408; x_wconf 90' lang='lat' dir='ltr'><strong>quassatio.</strong></span> <span class='ocrx_word' id='word_1_650' title='bbox 2661 4339 2797 4396; x_wconf 89' lang='lat' dir='ltr'><strong>Tum</strong></span> <span class='ocrx_word' id='word_1_651' title='bbox 2849 4358 3159 4412; x_wconf 88' lang='lat' dir='ltr'><strong>regressus,</strong></span> <span class='ocrx_word' id='word_1_652' title='bbox 3215 4344 3268 4397; x_wconf 93' lang='lat' dir='ltr'><strong>in</strong></span> <span class='ocrx_word' id='word_1_653' title='bbox 3317 4361 3407 4400; x_wconf 89' lang='lat' dir='ltr'><strong>ec-</strong></span> 
     </span>
    </p>
   </div>
   <div class='ocr_carea' id='block_1_104' title="bbox 1831 4429 3406 4505">
    <p class='ocr_par' dir='ltr' id='par_1_104' title="bbox 1831 4429 3406 4505">
     <span class='ocr_line' id='line_1_105' title="bbox 1831 4429 3406 4505; baseline 0.003 -21"><span class='ocrx_word' id='word_1_654' title='bbox 1831 4429 1995 4484; x_wconf 89' lang='lat' dir='ltr'><strong>clesia</strong></span> <span class='ocrx_word' id='word_1_655' title='bbox 2026 4445 2121 4484; x_wconf 90' lang='lat' dir='ltr'><strong>sua</strong></span> <span class='ocrx_word' id='word_1_656' title='bbox 2170 4431 2313 4499; x_wconf 89' lang='lat' dir='ltr'><strong>quod</strong></span> <span class='ocrx_word' id='word_1_657' title='bbox 2367 4430 2628 4500; x_wconf 88' lang='lat' dir='ltr'><strong>superfuit</strong></span> <span class='ocrx_word' id='word_1_658' title='bbox 2657 4432 2779 4485; x_wconf 67' lang='lat' dir='ltr'><strong>vita:</strong></span> <span class='ocrx_word' id='word_1_659' title='bbox 2834 4442 3042 4501; x_wconf 88' lang='lat' dir='ltr'><strong>tempus</strong></span> <span class='ocrx_word' id='word_1_660' title='bbox 3086 4433 3284 4505; x_wconf 80' lang='lat' dir='ltr'><strong>exegit.</strong></span> <span class='ocrx_word' id='word_1_661' title='bbox 3341 4435 3406 4489; x_wconf 84' lang='lat' dir='ltr'><strong>Et</strong></span> 
     </span>
    </p>
   </div>
   <div class='ocr_carea' id='block_1_105' title="bbox 1754 4498 3405 4591">
    <p class='ocr_par' dir='ltr' id='par_1_105' title="bbox 1754 4498 3405 4591">
     <span class='ocr_line' id='line_1_106' title="bbox 1754 4498 3405 4591; baseline 0.005 -21"><span class='ocrx_word' id='word_1_662' title='bbox 1754 4498 1807 4558; x_wconf 72' lang='grc' dir='ltr'>Β</span> <span class='ocrx_word' id='word_1_663' title='bbox 1831 4518 2085 4588; x_wconf 89' lang='lat' dir='ltr'><strong>quoniam</strong></span> <span class='ocrx_word' id='word_1_664' title='bbox 2118 4516 2256 4572; x_wconf 84' lang='lat' dir='ltr'><strong>fessa</strong></span> <span class='ocrx_word' id='word_1_665' title='bbox 2288 4518 2398 4588; x_wconf 87' lang='lat' dir='ltr'><strong>jam</strong></span> <span class='ocrx_word' id='word_1_666' title='bbox 2428 4528 2587 4574; x_wconf 88' lang='lat' dir='ltr'><strong>actate</strong></span> <span class='ocrx_word' id='word_1_667' title='bbox 2627 4530 2680 4574; x_wconf 91' lang='lat' dir='ltr'><strong>et</strong></span> <span class='ocrx_word' id='word_1_668' title='bbox 2704 4536 2930 4591; x_wconf 86' lang='lat' dir='ltr'><strong>corpore</strong></span> <span class='ocrx_word' id='word_1_669' title='bbox 2975 4498 3236 4577; x_wconf 72' lang='lat' dir='ltr'><strong>invalidus</strong></span> <span class='ocrx_word' id='word_1_670' title='bbox 3265 4533 3405 4590; x_wconf 89' lang='lat' dir='ltr'><strong>erat,</strong></span> 
     </span>
    </p>
   </div>
   <div class='ocr_carea' id='block_1_106' title="bbox 1832 4609 3407 4697">
    <p class='ocr_par' dir='ltr' id='par_1_106' title="bbox 1832 4609 3407 4683">
     <span class='ocr_line' id='line_1_107' title="bbox 1832 4609 3407 4683; baseline 0.003 -20"><span class='ocrx_word' id='word_1_671' title='bbox 1832 4622 2202 4664; x_wconf 86' lang='lat' dir='ltr'><strong>successorem</strong></span> <span class='ocrx_word' id='word_1_672' title='bbox 2240 4609 2339 4663; x_wconf 92' lang='lat' dir='ltr'><strong>sibi</strong></span> <span class='ocrx_word' id='word_1_673' title='bbox 2379 4609 2491 4679; x_wconf 91' lang='lat' dir='ltr'><strong>ipse</strong></span> <span class='ocrx_word' id='word_1_674' title='bbox 2520 4609 2734 4680; x_wconf 84' lang='lat' dir='ltr'><strong>delegit,</strong></span> <span class='ocrx_word' id='word_1_675' title='bbox 2764 4626 2870 4681; x_wconf 92' lang='lat' dir='ltr'><strong>quo</strong></span> <span class='ocrx_word' id='word_1_676' title='bbox 2898 4609 3180 4667; x_wconf 84' lang='lat' dir='ltr'><strong>ecclesiam</strong></span> <span class='ocrx_word' id='word_1_677' title='bbox 3213 4613 3407 4683; x_wconf 87' lang='lat' dir='ltr'><strong>guber-</strong></span> 
     </span>
    </p>
   </div>
   <div class='ocr_carea' id='block_1_107' title="bbox 1829 4697 3191 4761">
    <p class='ocr_par' dir='ltr' id='par_1_107' title="bbox 1829 4697 3191 4761">
     <span class='ocr_line' id='line_1_108' title="bbox 1829 4697 3191 4761; baseline 0.003 -10"><span class='ocrx_word' id='word_1_678' title='bbox 1829 4707 2013 4761; x_wconf 90' lang='lat' dir='ltr'><strong>nante,</strong></span> <span class='ocrx_word' id='word_1_679' title='bbox 2041 4697 2331 4751; x_wconf 87' lang='lat' dir='ltr'><strong>debilitatis</strong></span> <span class='ocrx_word' id='word_1_680' title='bbox 2357 4709 2409 4752; x_wconf 90' lang='lat' dir='ltr'><strong>et</strong></span> <span class='ocrx_word' id='word_1_681' title='bbox 2438 4699 2732 4754; x_wconf 88' lang='lat' dir='ltr'><strong>senectutis</strong></span> <span class='ocrx_word' id='word_1_682' title='bbox 2760 4700 2872 4755; x_wconf 91' lang='lat' dir='ltr'><strong>otio</strong></span> <span class='ocrx_word' id='word_1_683' title='bbox 2900 4699 3191 4756; x_wconf 90' lang='lat' dir='ltr'><strong>frueretur.</strong></span> 
     </span>
    </p>
   </div>
   <div class='ocr_carea' id='block_1_108' title="bbox 1899 4789 3406 4865">
    <p class='ocr_par' dir='ltr' id='par_1_108' title="bbox 1899 4789 3406 4865">
     <span class='ocr_line' id='line_1_109' title="bbox 1899 4789 3406 4865; baseline 0.002 -20"><span class='ocrx_word' id='word_1_684' title='bbox 1899 4789 2383 4860; x_wconf 87' lang='lat' dir='ltr'><strong>Constantinopoli,</strong></span> <span class='ocrx_word' id='word_1_685' title='bbox 2416 4791 2606 4847; x_wconf 88' lang='lat' dir='ltr'><strong>natalis</strong></span> <span class='ocrx_word' id='word_1_686' title='bbox 2637 4790 2693 4847; x_wconf 92' lang='lat' dir='ltr'><strong>S.</strong></span> <span class='ocrx_word' id='word_1_687' title='bbox 2732 4792 2999 4851; x_wconf 87' lang='lat' dir='ltr'><strong>Timothei</strong></span> <span class='ocrx_word' id='word_1_688' title='bbox 3027 4806 3072 4862; x_wconf 74' lang='grc' dir='ltr'><strong>ο,</strong></span> <span class='ocrx_word' id='word_1_689' title='bbox 3102 4795 3312 4865; x_wconf 82' lang='lat' dir='ltr'><strong>quando</strong></span> <span class='ocrx_word' id='word_1_690' title='bbox 3339 4794 3406 4849; x_wconf 90' lang='lat' dir='ltr'><strong>ab</strong></span> 
     </span>
    </p>
   </div>
   <div class='ocr_carea' id='block_1_109' title="bbox 1829 4878 2889 4949">
    <p class='ocr_par' dir='ltr' id='par_1_109' title="bbox 1829 4878 2889 4949">
     <span class='ocr_line' id='line_1_110' title="bbox 1829 4878 2889 4949; baseline 0.003 -16"><span class='ocrx_word' id='word_1_691' title='bbox 1829 4878 2041 4949; x_wconf 77' lang='lat' dir='ltr'><strong>Epheso</strong></span> <span class='ocrx_word' id='word_1_692' title='bbox 2065 4879 2179 4949; x_wconf 82' lang='lat' dir='ltr'><strong>cjas</strong></span> <span class='ocrx_word' id='word_1_693' title='bbox 2207 4896 2358 4935; x_wconf 89' lang='lat' dir='ltr'><strong>sacra</strong></span> <span class='ocrx_word' id='word_1_694' title='bbox 2386 4896 2507 4935; x_wconf 85' lang='lat' dir='ltr'><strong>ossa</strong></span> <span class='ocrx_word' id='word_1_695' title='bbox 2538 4881 2710 4936; x_wconf 90' lang='lat' dir='ltr'><strong>delata</strong></span> <span class='ocrx_word' id='word_1_696' title='bbox 2742 4891 2889 4938; x_wconf 90' lang='lat' dir='ltr'><strong>sunt.</strong></span> 
     </span>
    </p>
   </div>
   <div class='ocr_carea' id='block_1_110' title="bbox 2331 5005 2896 5063">
    <p class='ocr_par' dir='ltr' id='par_1_110' title="bbox 2331 5005 2896 5063">
     <span class='ocr_line' id='line_1_111' title="bbox 2331 5005 2896 5063; baseline 0.004 -4"><span class='ocrx_word' id='word_1_697' title='bbox 2331 5005 2395 5059; x_wconf 92' lang='lat' dir='ltr'><strong>D.</strong></span> <span class='ocrx_word' id='word_1_698' title='bbox 2437 5006 2503 5061; x_wconf 82' lang='lat' dir='ltr'><strong>Vl</strong></span> <span class='ocrx_word' id='word_1_699' title='bbox 2542 5005 2699 5062; x_wconf 89' lang='lat' dir='ltr'><strong>IDUS</strong></span> <span class='ocrx_word' id='word_1_700' title='bbox 2737 5007 2896 5063; x_wconf 78' lang='lat' dir='ltr'><strong>MAlI.</strong></span> 
     </span>
    </p>
   </div>
   <div class='ocr_carea' id='block_1_111' title="bbox 2463 5092 2771 5165">
    <p class='ocr_par' dir='ltr' id='par_1_111' title="bbox 2463 5092 2771 5165">
     <span class='ocr_line' id='line_1_112' title="bbox 2463 5092 2771 5165; baseline 0 -18"><span class='ocrx_word' id='word_1_701' title='bbox 2463 5092 2556 5164; x_wconf 87' lang='lat' dir='ltr'><strong>(t0</strong></span> <span class='ocrx_word' id='word_1_702' title='bbox 2594 5093 2771 5165; x_wconf 73' lang='lat' dir='ltr'><strong>Maii.)</strong></span> 
     </span>
    </p>
   </div>
   <div class='ocr_carea' id='block_1_112' title="bbox 1900 5182 2318 5253">
    <p class='ocr_par' dir='ltr' id='par_1_112' title="bbox 1900 5182 2318 5253">
     <span class='ocr_line' id='line_1_113' title="bbox 1900 5182 2318 5253; baseline 0 -16"><span class='ocrx_word' id='word_1_703' title='bbox 1900 5182 2001 5238; x_wconf 76' lang='lat' dir='ltr'><strong>Joh</strong></span> <span class='ocrx_word' id='word_1_704' title='bbox 2027 5184 2318 5253; x_wconf 84' lang='lat' dir='ltr'><strong>prophetae.</strong></span> 
     </span>
    </p>
   </div>
   <div class='ocr_carea' id='block_1_113' title="bbox 1905 5273 3407 5344">
    <p class='ocr_par' dir='ltr' id='par_1_113' title="bbox 1905 5273 3407 5344">
     <span class='ocr_line' id='line_1_114' title="bbox 1905 5273 3407 5344; baseline -0.001 -15"><span class='ocrx_word' id='word_1_705' title='bbox 1905 5276 2088 5331; x_wconf 72' lang='lat' dir='ltr'><strong>Roma:</strong></span> <span class='ocrx_word' id='word_1_706' title='bbox 2118 5276 2203 5330; x_wconf 91' lang='lat' dir='ltr'><strong>via</strong></span> <span class='ocrx_word' id='word_1_707' title='bbox 2238 5275 2428 5329; x_wconf 89' lang='lat' dir='ltr'><strong>Latina</strong></span> <span class='ocrx_word' id='word_1_708' title='bbox 2456 5274 2507 5329; x_wconf 92' lang='lat' dir='ltr'><strong>iu</strong></span> <span class='ocrx_word' id='word_1_709' title='bbox 2553 5276 2865 5330; x_wconf 73' lang='lat' dir='ltr'><strong>ccemcterio</strong></span> <span class='ocrx_word' id='word_1_710' title='bbox 2908 5275 3168 5344; x_wconf 91' lang='lat' dir='ltr'><strong>ejusdem,</strong></span> <span class='ocrx_word' id='word_1_711' title='bbox 3216 5273 3407 5328; x_wconf 88' lang='lat' dir='ltr'><strong>natalis</strong></span> 
     </span>
    </p>
   </div>
   <div class='ocr_carea' id='block_1_114' title="bbox 1836 5364 3402 5437">
    <p class='ocr_par' dir='ltr' id='par_1_114' title="bbox 1836 5364 3402 5437">
     <span class='ocr_line' id='line_1_115' title="bbox 1836 5364 3402 5437; baseline -0.002 -14"><span class='ocrx_word' id='word_1_712' title='bbox 1836 5374 2144 5423; x_wconf 86' lang='lat' dir='ltr'><strong>sanctorum</strong></span> <span class='ocrx_word' id='word_1_713' title='bbox 2200 5364 2455 5423; x_wconf 86' lang='lat' dir='ltr'><strong>Gordiani</strong></span> <span class='ocrx_word' id='word_1_714' title='bbox 2509 5375 2563 5421; x_wconf 90' lang='lat' dir='ltr'><strong>et</strong></span> <span class='ocrx_word' id='word_1_715' title='bbox 2607 5365 2918 5436; x_wconf 88' lang='lat' dir='ltr'><strong>Epimachi;</strong></span> <span class='ocrx_word' id='word_1_716' title='bbox 2971 5380 3107 5437; x_wconf 89' lang='lat' dir='ltr'><strong>quos</strong></span> <span class='ocrx_word' id='word_1_717' title='bbox 3138 5364 3402 5430; x_wconf 79' lang='lat' dir='ltr'><strong>Julianus,</strong></span> 
     </span>
    </p>
   </div>
   <div class='ocr_carea' id='block_1_115' title="bbox 1904 5504 3401 5582">
    <p class='ocr_par' dir='ltr' id='par_1_115' title="bbox 1904 5504 3401 5582">
     <span class='ocr_line' id='line_1_116' title="bbox 1904 5504 3401 5582; baseline -0.005 -16"><span class='ocrx_word' id='word_1_718' title='bbox 1904 5511 1930 5551; x_wconf 75' lang='grc' dir='ltr'><em>δ</em></span> <span class='ocrx_word' id='word_1_719' title='bbox 1972 5511 2119 5567; x_wconf 81' lang='lat' dir='ltr'><strong>Hier.</strong></span> <span class='ocrx_word' id='word_1_720' title='bbox 2181 5512 2247 5567; x_wconf 91' lang='lat' dir='ltr'><strong>de</strong></span> <span class='ocrx_word' id='word_1_721' title='bbox 2297 5512 2483 5582; x_wconf 91' lang='lat' dir='ltr'><strong>script.</strong></span> <span class='ocrx_word' id='word_1_722' title='bbox 2532 5508 2737 5565; x_wconf 75' lang='lat' dir='ltr'><strong>Ecclcs.</strong></span> <span class='ocrx_word' id='word_1_723' title='bbox 2791 5525 2840 5564; x_wconf 92' lang='lat' dir='ltr'><strong>c.</strong></span> <span class='ocrx_word' id='word_1_724' title='bbox 2900 5509 3017 5562; x_wconf 85' lang='lat' dir='ltr'><strong>ll7.</strong></span> <span class='ocrx_word' id='word_1_725' title='bbox 3073 5504 3216 5561; x_wconf 79' lang='lat' dir='ltr'><strong>Buff.</strong></span> <span class='ocrx_word' id='word_1_726' title='bbox 3266 5506 3299 5559; x_wconf 92' lang='lat' dir='ltr'><strong>l.</strong></span> <span class='ocrx_word' id='word_1_727' title='bbox 3351 5522 3401 5570; x_wconf 86' lang='grc' dir='ltr'>ι,</span> 
     </span>
    </p>
   </div>
   <div class='ocr_carea' id='block_1_116' title="bbox 1835 5582 3009 5717">
    <p class='ocr_par' dir='ltr' id='par_1_116' title="bbox 1835 5582 3009 5717">
     <span class='ocr_line' id='line_1_117' title="bbox 1835 5582 3009 5717; baseline -0.004 -12"><span class='ocrx_word' id='word_1_728' title='bbox 1835 5597 1955 5690; x_wconf 45' lang='lat' dir='ltr'><strong>me.</strong></span> <span class='ocrx_word' id='word_1_729' title='bbox 1974 5582 2105 5707; x_wconf 45' lang='lat' dir='ltr'><strong>Sido</strong></span> <span class='ocrx_word' id='word_1_730' title='bbox 2131 5651 2369 5708; x_wconf 85' lang='lat' dir='ltr'><strong>libellum</strong></span> <span class='ocrx_word' id='word_1_731' title='bbox 2394 5652 2458 5707; x_wconf 91' lang='lat' dir='ltr'><strong>dc</strong></span> <span class='ocrx_word' id='word_1_732' title='bbox 2485 5651 2790 5707; x_wconf 84' lang='lat' dir='ltr'><strong>Festivitat.</strong></span> <span class='ocrx_word' id='word_1_733' title='bbox 2819 5651 3009 5717; x_wconf 79' lang='lat' dir='ltr'><strong>Apost.</strong></span> 
     </span>
    </p>
   </div>
  </div>
