3962 6366
548 328 658 384 265

1555 324 1610 379 S.
1655 322 1905 380 ADONIS
1940 323 2371 383 ARCIIIEHSC.
2415 324 2830 382 VIENNENSIS

3730 323 3832 382 264

548 445 842 516 imperator
887 449 1158 513 apostata,
1208 441 1350 496 inter
1386 439 1584 496 multos
1623 439 1984 506 Christianos,
2035 455 2137 510 pu-
2163 444 2215 503 Α
2243 439 2424 496 subito
2444 438 2574 494 caeci
2601 438 2729 494 facti
2760 446 2906 493 sunt.
2935 435 3235 494 Palmatius
3260 436 3364 494 hoc
3384 437 3601 503 videns,
3629 446 3830 496 timore

546 536 704 592 blicis
727 533 987 590 custodiis
1014 531 1359 603 mancipavit,
1388 540 1609 587 beatum
1656 546 1787 586 vero
1816 529 2137 586 Januarium

550 641 735 682 senem
786 627 1162 698 presbyterum
1193 625 1643 695 comprehensum
1678 624 1894 680 cuidam
1921 623 2138 681 Vicario

550 716 828 773 Gordiano
879 717 946 770 ad
1000 717 1320 771 audiendum
1363 716 1602 771 tradidit.
1647 714 1748 781 Qui
1785 717 1999 771 beatum
2049 717 2138 772 Ja-

551 806 801 861 nuarium
840 807 1107 876 patienter
1146 806 1390 872 audiens,
1420 807 1612 877 spiritu
1654 807 1749 862 Dei
1807 808 2140 864 illuminatus

552 900 773 955 credere
793 900 975 969 C(Bpit.
1002 899 1170 966 Quem
1191 901 1436 969 protinus
1463 901 1656 956 beatus
1683 903 1986 974 presbyter,
2015 918 2137 958 cum

557 1004 728 1046 uxore
762 989 969 1043 Marina
1010 990 1258 1057 nomine,
1306 1001 1363 1047 et
1398 991 1602 1048 familia
1635 993 1928 1064 promiscui
1977 1010 2139 1050 sexus

553 1095 780 1135 numero
809 1080 1201 1152 quinquaginta
1227 1090 1282 1136 et
1309 1091 1441 1148 tres,
1489 1091 1544 1138 et
1586 1098 1652 1140 eo
1680 1084 1930 1154 amplius,
1964 1084 2138 1155 bapti~

555 1171 716 1224 zavit.
761 1169 913 1237 Quod
944 1169 1146 1226 factum
1202 1175 1426 1230 audiens
1473 1173 1739 1242 Julianus,
1793 1177 1987 1248 plenus
2036 1179 2137 1242 ira,

553 1262 831 1316 damnavit
907 1262 1350 1333 inscriptionibus
1430 1276 1675 1322 sanctum
1760 1270 2139 1342 presbyterum

551 1350 901 1418 Januarium;
934 1362 1181 1427 sanctum
1213 1371 1341 1410 vero
1363 1356 1695 1413 Gordianum
1722 1359 1971 1416 similiter
1996 1363 2142 1416 dam-

552 1451 742 1496 natum
777 1443 832 1496 in
866 1443 1111 1499 custodia
1138 1445 1348 1514 publica
1371 1449 1578 1516 posuit;
1603 1458 1765 1520 atque
1789 1452 2002 1506 cuidam
2023 1452 2142 1508 Cle-

553 1535 850 1601 mentiano,
881 1551 1042 1606 quem
1065 1537 1328 1593 vicarium
1353 1537 1469 1608 ejus
1491 1541 1608 1597 loco
1631 1543 1871 1608 dederat,
1895 1545 2138 1614 tradidit.

559 1623 794 1680 Uxorem
821 1641 986 1695 porro
1006 1625 1123 1696 ejus
1148 1628 1213 1682 ad
1237 1628 1420 1699 Aquas
1443 1629 1651 1686 Salvias
1675 1631 1766 1704 [al.
1793 1633 2011 1706 Silmas]
2036 1651 2144 1690 ma-

555 1729 686 1771 nere
714 1719 969 1786 praecepit
1017 1719 1071 1772 in
1102 1720 1322 1776 servitio
1369 1723 1712 1778 rusticorum.
1739 1725 2144 1783 Clementianus

555 1813 738 1860 autem
787 1822 886 1877 pro
922 1807 1176 1863 tribunali
1225 1811 1489 1878 residens,
1549 1813 1765 1868 beatum
1813 1813 2144 1871 Gordianum
2173 1796 2218 1855 Β

553 1897 798 1952 vinctum
828 1899 1034 1954 catenis
1064 1899 1166 1955 sibi
1201 1903 1516 1970 praesentari
1548 1901 1696 1959 fecit.
1726 1904 1817 1959 llle
1853 1906 1904 1960 in
1937 1905 2146 1961 confes-

555 1990 706 2045 sione
748 1991 949 2046 Christi
992 1992 1164 2058 lixus,
1209 1994 1298 2048 diu
1335 1994 1628 2064 plumbatis
1675 1995 1929 2062 creditur;
1963 1997 2016 2051 in
2057 1998 2143 2053 ul-

557 2078 692 2134 timo
744 2080 919 2150 capite
963 2090 1267 2137 truncatur.
1307 2082 1472 2153 Cujus
1515 2099 1712 2154 corpus
1735 2084 1896 2154 jussit
1931 2088 2146 2158 iniquus

550 2168 718 2237 judex
748 2181 874 2226 ante
921 2173 1176 2243 templum
1214 2173 1492 2244 Apollonis
1518 2188 1544 2216 ει
1574 2176 1628 2230 in
1660 2176 1882 2233 Tellude
1925 2178 2144 2248 jactari,

555 2275 619 2322 ut
668 2283 698 2320 a
741 2269 966 2323 canibus
1018 2270 1320 2325 roderetur.
1378 2270 1531 2338 Quod
1579 2281 1844 2328 nocturno
1905 2282 2148 2344 tempore

558 2356 853 2411 Christiani
903 2359 1207 2427 rapientes,
1259 2359 1510 2415 milliario
1546 2361 1666 2432 plus
1713 2364 1893 2419 minus
1939 2379 2048 2419 uno
2080 2363 2147 2420 ab

558 2453 692 2507 urbe
740 2453 908 2507 Roma
958 2463 1257 2530 posuerunt
1298 2455 1350 2509 in
1387 2463 1606 2527 crypta,
1653 2455 1742 2510 ubi
1785 2455 1899 2524 jam
1936 2457 2146 2526 pridem

559 2558 758 2612 corpus
778 2542 921 2598 beati
948 2545 1200 2616 martyris
1221 2544 1498 2616 Epimachi
1530 2544 1799 2616 sepultum
1823 2546 2018 2601 fuerat.
2048 2545 2147 2602 Hic

558 2631 890 2704 Epimachus
924 2636 1060 2706 apud
1092 2635 1478 2691 Alexandriam
1511 2637 1633 2690 cum
1665 2637 1871 2706 collega
1895 2653 1995 2693 suo
2022 2636 2147 2693 Ale-

560 2731 769 2782 xandro
798 2726 970 2783 multo
999 2737 1241 2799 tempore
1281 2727 1334 2783 in
1367 2729 1596 2786 vinculis
1621 2739 1677 2785 et
1723 2731 1775 2785 in
1819 2732 2146 2788 cruciatibus

561 2821 796 2876 carceris
829 2826 1024 2885 tortus,
1051 2837 1173 2876 cum
1207 2819 1260 2875 in
1289 2820 1662 2891 frequentibus
1688 2830 1743 2877 et
1769 2823 1997 2879 diversis
2027 2840 2148 2896 sup-

560 2911 736 2982 pliciis
762 2911 1043 2967 confectus
1071 2924 1417 2983 perpurasset
1449 2913 1502 2966 in
1536 2913 1658 2975 fide,
1698 2913 1913 2984 ignibus
1939 2925 2150 2984 postre-

562 3019 710 3057 mum
732 3002 1084 3069 consumitur,
1111 3003 1306 3058 deinde
1326 3002 1564 3073 reliquiae
1584 3003 1701 3076 ejus
1727 3005 1953 3061 Romam
1979 3017 2151 3063 trans-

563 3093 707 3149 latae.

2242 535 2587 605 perterritus,
2627 532 2897 586 nuntiavit
2935 531 3268 597 Alexandro,
3316 539 3478 602 atque
3525 531 3734 586 milites
3778 532 3830 587 in

2242 637 2532 698 conspectu
2570 627 2686 697 ejus
2711 627 2978 682 exhibuit.
3007 625 3161 681 Tunc
3191 626 3357 696 coepit
3381 626 3695 681 Alexander
3722 626 3830 681 cla-

2242 711 2431 777 mare:
2462 719 2507 774 0
2538 719 2686 774 cives
2706 717 2915 788 optimi,
2943 717 3140 772 videtis
3175 726 3346 772 artem
3392 717 3698 787 magicam?
3731 717 3831 772 Be-

2243 812 2456 882 spondit
2474 811 2772 866 Palmatius
2797 828 2810 863 :
2837 809 2894 865 Si
2924 825 3022 880 per
3043 810 3307 881 magicam
3331 809 3475 864 istud
3496 808 3706 863 factum
3730 819 3829 874 est,

2252 904 2343 958 ubi
2369 912 2492 960 sunt
2532 904 2760 958 virtutes
2789 902 3014 959 deorum
3045 902 3387 957 nostrorum?
3417 901 3611 956 Jubeat
3651 901 3830 971 itaque

2241 995 2416 1065 pietas
2444 1004 2627 1049 vestra
2655 992 2832 1049 offerri
2858 1003 2911 1048 et
2944 993 3209 1047 immolari
3240 992 3363 1056 diis,
3396 1008 3465 1048 ne
3495 1000 3691 1062 pereat
3722 1005 3828 1045 res-

2242 1085 2458 1156 publica
2491 1100 2588 1156 per
2636 1099 2827 1139 eorum
2872 1083 3286 1138 incantationes.
3331 1082 3602 1136 Statuitur
3653 1081 3827 1151 itaque

2243 1179 2378 1244 dies,
2419 1186 2475 1233 et
2510 1177 2776 1249 praaconis
2823 1191 2958 1231 voce
3001 1175 3263 1243 jubentur
3304 1189 3493 1230 omnes
3548 1174 3827 1232 immolare

2245 1273 2536 1337 Mercurio,
2563 1272 2654 1341 qui
2686 1272 2739 1326 in
2767 1271 2906 1328 urbe
2945 1271 3117 1327 Roma
3155 1281 3331 1327 erant.
3368 1272 3594 1327 Factum
3633 1280 3719 1326 est
3745 1288 3828 1327 au-

2246 1373 2376 1428 tem,
2417 1363 2542 1418 dum
2570 1359 2888 1417 funderetur
2915 1363 3134 1434 sanguis
3160 1363 3420 1432 porcinus
3470 1371 3527 1418 et
3551 1362 3824 1429 vitulinus,

2244 1464 2297 1510 et.
2325 1454 2641 1510 sacerdotes
2666 1455 3009 1526 virginesque
3029 1455 3425 1510 baccharentur
3446 1469 3545 1525 per
3574 1454 3826 1524 templum

2247 1545 2526 1610 dmmonis,
2561 1559 2669 1599 una
2694 1559 2760 1598 ex
2788 1543 2892 1600 illis
2920 1542 3133 1599 Juliana
3165 1544 3402 1610 nomine,
3427 1553 3650 1614 arrepta
3678 1543 3828 1612 coepit

2244 1637 2482 1691 clamare
2518 1655 2531 1691 :
2581 1636 2724 1692 Deus
2768 1634 3012 1702 Callisti,
3056 1636 3170 1704 ipse
3199 1636 3355 1690 vivus
3396 1644 3452 1691 et
3491 1649 3687 1700 verus,
3729 1636 3827 1704 ipse

2246 1730 2555 1801 indignatus
2600 1738 2684 1785 est
2723 1728 3112 1799 pollutionibus
3161 1728 3472 1797 reipublicae
3516 1735 3743 1793 vestrm,
3783 1739 3828 1782 et

2246 1828 2492 1876 conteret
2533 1834 2714 1890 regem
2753 1817 3038 1873 mortalem
3086 1827 3348 1882 vestrum,
3375 1817 3501 1887 quia
3547 1832 3667 1872 non
3710 1819 3825 1872 ado-

2245 1913 2380 1968 ratis
2404 1911 2708 1966 veritatem.
2742 1909 2982 1964 Audiens
3018 1909 3121 1964 hoc
3144 1907 3462 1974 Palmatius,
3488 1909 3736 1963 cucurrit
3762 1910 3822 1962 ad

2244 2004 2461 2059 beatum
2489 2001 2772 2058 Callistum
2798 2010 2948 2056 trans
2979 1999 3242 2065 Tiberim,
3271 2001 3361 2054 ubi
3390 2008 3510 2055 erat
3538 2000 3824 2056 multitudo

2245 2096 2698 2162 Christianorum,
2732 2104 2788 2150 et
2829 2093 3025 2149 cecidit
3064 2093 3132 2148 ad
3171 2093 3336 2164 pedes
3359 2091 3476 2161 ejus
3511 2106 3526 2145 :
3560 2091 3824 2163 Cognovi,

2246 2190 2441 2259 inquit,
2476 2187 2764 2241 Dominum
2790 2184 3068 2240 Christum
3091 2183 3261 2238 Detun
3290 2198 3412 2238 esse
3435 2198 3656 2247 verum,
3681 2197 3824 2253 quem

2247 2282 2519 2335 daemones
2548 2276 2781 2334 confessi
2808 2283 2934 2331 sunt
2957 2275 3139 2330 hodie.
3171 2274 3275 2329 Per
3301 2275 3476 2346 ipsum
3502 2282 3554 2328 te
3613 2273 3826 2342 conjuro

2247 2381 2307 2428 ut
2323 2373 2521 2428 liberes
2541 2387 2627 2427 me
2640 2387 2669 2426 a
2686 2370 2896 2426 cultura
2911 2369 3237 2435 darmonum,
3255 2377 3311 2424 et
3329 2367 3578 2437 baptizes
3600 2381 3691 2421 me
3704 2367 3825 2420 sicut

2245 2464 2527 2535 praedicas.
2553 2463 2724 2530 Quem
2739 2461 2798 2514 B.
2818 2460 3093 2526 Callistus,
3123 2459 3326 2514 indicto
3350 2458 3582 2530 jejunio,
3608 2459 3827 2513 catechi-

2247 2556 2410 2620 zavit,
2437 2563 2492 2609 et
2519 2552 2680 2608 allata
2710 2567 2853 2622 aqua
2880 2551 3193 2622 baptizavit.
3221 2549 3324 2618 Qui
3347 2550 3664 2620 baptizatus
3684 2548 3826 2617 carpit

2246 2647 2480 2703 clamare
2508 2663 2522 2700 :
2553 2643 2692 2700 Vere
2719 2643 2826 2699 vidi
2863 2643 3153 2698 Dominum
3202 2639 3386 2696 Jesum
3422 2639 3729 2704 Christum,
3759 2641 3824 2692 lu-

2248 2753 2371 2794 men
2395 2752 2602 2802 verum,
2632 2735 2729 2806 qui
2756 2749 2842 2790 me
2864 2733 3208 2789 illuminavit.
3240 2732 3523 2803 Baptizata
3545 2742 3733 2785 autem
3756 2741 3824 2784 est

2247 2843 2302 2887 et
2335 2831 2513 2886 omnis
2547 2829 2740 2884 domus
2790 2826 2927 2898 ejus.
2960 2826 3042 2882 Ab
3074 2827 3262 2882 eadem
3293 2825 3380 2880 die
3409 2839 3637 2880 omnem
3678 2824 3827 2879 facul-

2247 2930 2413 2976 tatem
2443 2934 2594 2974 suam
2625 2919 2790 2988 coepit
2838 2917 3162 2987 pauperibus
3208 2915 3534 2971 Christianis
3585 2930 3821 2986 erogare,

2246 3011 2552 3079 ubicunque
2598 3008 2996 3072 invenirentur,
3043 3007 3362 3060 ministrans
3411 3007 3492 3060 eis
3536 3007 3744 3060 victum
3785 3016 3830 3059 et

2253 3109 2638 3174 tegumentum.
2675 3099 2806 3154 Post
2853 3099 2968 3154 dies
3006 3099 3226 3169 triginta
3275 3097 3576 3168 requiritur
3606 3097 3677 3151 ab
3717 3096 3828 3150 Ale-

633 3186 767 3241 ltem
797 3185 1001 3252 Romae,
1029 3182 1222 3243 natalis
1248 3186 1305 3242 S.
1335 3187 1606 3259 Calepodii
1643 3189 1787 3244 senis
1818 3189 2146 3262 presbyteri,
2175 3169 2220 3231 (ἶ
2255 3169 2497 3259 xandro;
2555 3193 2860 3248 nuntiatum
2892 3191 3039 3247 enim
3079 3201 3165 3247 est
3211 3190 3261 3246 ei
3305 3189 3449 3260 quod
3500 3188 3830 3244 Christianus

564 3279 664 3332 sub
692 3277 998 3333 Alexandro
1040 3279 1393 3350 imperatore;
1439 3281 1530 3350 qui
1571 3296 1694 3335 eum
1739 3281 1863 3336 fecit
1907 3283 2078 3337 occidi
2121 3299 2150 3337 a

563 3364 838 3430 Laodicio,
887 3375 942 3422 et
978 3384 1174 3438 corpus
1210 3369 1352 3424 trahi
1401 3385 1496 3440 per
1531 3371 1834 3435 civitatem,
1878 3381 2040 3442 atque
2071 3372 2154 3426 in-

556 3457 772 3529 jactari,
803 3457 889 3514 die
915 3454 1279 3514 Kalendarum
1310 3456 1455 3514 Maii.
1482 3459 1633 3528 Quod
1666 3461 1944 3517 inventum
1977 3465 2154 3534 pisca-

565 3548 1090 3616 tores,levaverunt,
1134 3554 1189 3605 et
1235 3561 1592 3606 narraverunt
1625 3553 1729 3608 hoc
1773 3551 1996 3609 Callisto
2034 3556 2152 3624 cpi-

561 3655 748 3709 scopo.
777 3638 1073 3710 Acceptum
1104 3640 1289 3710 itaque
1316 3641 1556 3696 condivit
1580 3641 1707 3697 illud
1735 3645 2071 3700 aromatibus
2098 3653 2153 3700 et

561 3730 988 3796 linteaminibus,
1033 3741 1089 3787 et
1117 3733 1364 3802 sepelivit
1394 3734 1444 3788 in
1477 3737 1794 3792 cmmeterio
1840 3736 1978 3806 ejus,
2032 3738 2152 3792 mil—

562 3820 716 3876 liario
757 3823 825 3876 ab
852 3817 996 3876 Urbe
1029 3823 1208 3888 tertio,
1236 3823 1290 3876 in
1318 3832 1532 3894 crypta,
1569 3841 1622 3878 vt
1655 3826 1778 3881 ldus
1823 3827 1966 3883 Maii.
1998 3829 2151 3886 Tunc

561 3912 859 3967 decollatus
900 3919 986 3966 est
1014 3913 1081 3967 ab
1108 3913 1419 3969 Alexandro
1458 3913 1757 3971 Palmatius
1788 3919 1975 3974 consul
2028 3935 2151 3976 cum

563 4019 731 4058 uxore
755 4011 809 4057 et
837 4003 983 4068 ﬁliis,
1007 4014 1060 4058 et
1089 4002 1210 4059 aliis
1239 4006 1533 4074 promiscui
1573 4022 1734 4065 sexus
1763 4011 1830 4066 de
1867 4013 2026 4069 domo
2054 4031 2150 4071 sua

562 4095 922 4168 quadraginta
945 4095 1170 4153 duobus.
1196 4098 1332 4154 Cum
1359 4100 1552 4170 quibus
1577 4111 1632 4158 et
1655 4101 1966 4176 Simplicius
1987 4123 2150 4163 sena-

564 4197 653 4241 tor
681 4202 803 4242 cum
835 4201 1002 4243 uxore
1028 4198 1082 4244 et
1107 4186 1234 4246 filiis
1260 4191 1391 4260 suis,
1415 4201 1471 4249 et
1499 4192 1701 4252 familia
1734 4214 1852 4264 sua,
1887 4200 2001 4256 fere
2027 4217 2152 4271 pro-

565 4279 758 4333 miscui
807 4293 969 4334 sexus
1012 4281 1293 4352 sexaginta
1333 4293 1391 4339 et
1431 4296 1574 4352 octo,
1617 4297 1670 4343 et
1701 4288 1850 4344 Felix
1898 4293 2152 4349 similiter

563 4385 686 4425 cum
727 4384 897 4426 uxore
939 4385 1036 4427 sua
1078 4368 1305 4440 Blanda,
1338 4376 1430 4446 qui
1462 4391 1558 4446 per
1588 4379 1892 4435 doctrinam
1942 4381 2147 4439 Callisti

565 4476 716 4532 papa:
740 4471 795 4516 et
823 4460 1096 4532 Calepodii
1144 4464 1444 4536 presbyteri
1467 4508 1481 4532 ,
1515 4484 1686 4538 nuper
1715 4470 1929 4527 fuerant
1975 4474 2148 4544 bapti-

565 4552 692 4606 zati.
728 4552 827 4607 llic
866 4551 1011 4607 enim
1055 4533 1355 4610 Palmatius
1392 4533 1932 4619 consul-Alexandro
1982 4533 2148 4635 im-pe-
2175 4533 2226 4592 Β

567 4643 734 4699 ratori
762 4644 896 4700 adeo
943 4643 1161 4710 charus,
1191 4657 1476 4717 acceperat
1518 4649 1586 4706 ab
1615 4666 1681 4706 eo
1725 4662 2052 4722 potestatem
2093 4663 2149 4710 ut

565 4733 906 4789 Christianos
931 4741 1150 4802 cogeret
1193 4735 1527 4794 sacrificare.
1576 4741 1707 4796 Erat
1735 4754 1916 4800 autem
1961 4746 2147 4801 multi—

568 4823 699 4878 tudo
726 4820 1157 4878 Christianorum
1197 4823 1419 4881 collecta
1451 4829 1503 4884 in
1553 4834 1787 4902 quodam
1837 4835 1956 4892 loco
2001 4846 2149 4894 trans

568 4913 832 4980 Tiberim,
854 4912 995 4968 inter
1019 4927 1156 4982 quos
1180 4913 1374 4973 beatus
1401 4919 1657 4979 Callistus
1678 4926 1964 4997 episcOpus
1989 4927 2149 4984 Urbis

567 5021 692 5062 cum
733 5007 878 5066 clero
920 5025 1037 5079 suo,
1079 5021 1134 5069 et
1170 5029 1334 5069 senex
1367 5013 1651 5084 presbyter
1693 5015 1884 5070 beatus
1924 5015 2149 5087 Calepo-

567 5095 736 5163 dius;
776 5100 846 5156 ad
889 5117 1026 5171 quos
1070 5105 1333 5160 tenendos
1379 5104 1676 5160 Palmatius
1721 5107 1907 5162 consul
1953 5109 2150 5165 milites

567 5186 784 5245 direxit.
813 5189 916 5258 Qui
956 5193 1186 5263 ingressi
1225 5194 1315 5249 ubi
1344 5204 1462 5250 erat
1490 5205 1801 5252 sanctorum
1841 5197 2148 5265 multitudo,

643 5334 670 5362 ιι
705 5320 775 5376 In
818 5321 1051 5378 Tellude.
1077 5323 1223 5380 ldem
1266 5326 1506 5381 occurrit
1535 5325 1672 5380 infra
1716 5341 1826 5380 xxx
1864 5325 1990 5382 Julii
2019 5337 2072 5384 et
2098 5346 2149 5384 vt

567 5393 819 5467 Atigusti.
850 5394 984 5448 Acta
1014 5410 1145 5451 mss.
1173 5395 1405 5450 Cornelii
1431 5413 1583 5467 papa:
1613 5412 1741 5467 xxiv
1771 5396 2145 5467 Septembris:

576 5479 596 5514 ε
628 5463 1038 5538 Exhibitusque,
1073 5475 1157 5521 est
1185 5467 1235 5520 ei
1265 5463 1451 5531 noctu,
1477 5463 1533 5522 e't
1554 5467 1606 5521 in
1629 5463 1866 5538 Tellude,
1896 5469 2150 5538 praefecto

569 5548 785 5619 quoque
810 5531 1003 5619 Urbis.
1031 5538 1572 5619 prmsentenauditus.
1615 5556 1632 5588 ›
1668 5537 1822 5619 Acta“
1856 5531 2148 5619 Hippolyti,

570 5602 786 5658 Eusebii
815 5612 869 5658 et
896 5602 1197 5671 sociorum,
1233 5623 1271 5661 ll
1303 5607 1554 5664 Deceml).
1583 5625 1595 5660 :
1630 5628 1648 5658 ι
1679 5607 1735 5661 lu
1780 5602 2002 5664 Tellude
2048 5602 2151 5668 sibi

572 5673 807 5727 tribunal
851 5676 1029 5751 parari
1083 5676 1228 5751 fecit.
1270 5697 1288 5728 ι
1316 5678 1593 5747 Templum
1629 5688 1737 5751 est,
1768 5677 1821 5734 in
1862 5696 1970 5750 quo
2011 5697 2153 5751 szepe

575 5752 792 5815 .cnatus
812 5746 928 5816 cogi
951 5749 1249 5813 consuevit,
1274 5759 1332 5803 ut
1355 5746 1571 5820 apparet
1594 5765 1657 5804 ex
1681 5746 1960 5819 Cicerone,
1987 5746 2154 5810 Dione

2253 3293 2417 3341 esset.
2461 3284 2665 3340 Tentus
2712 3284 2877 3353 igitur
2923 3299 2954 3337 a
3000 3283 3234 3352 quodam
3279 3281 3496 3336 tribuno
3540 3279 3825 3351 Torquato,

2252 3377 2452 3431 missus
2493 3383 2576 3431 est
2602 3389 2698 3446 per
2733 3374 2972 3429 triduum
3015 3373 3070 3427 in
3101 3371 3343 3427 custodia
3376 3371 3691 3426 Mamurlini
3719 3370 3828 3443 ιαμ,

2255 3464 2629 3537 Mamertini],
2682 3473 2737 3520 et
2804 3465 3021 3520 vinctus
3090 3471 3454 3534 praesentatur
3509 3462 3826 3518 Alexandro.

2253 3559 2422 3626 Quem
2467 3557 2653 3612 videns
2681 3557 3005 3624 Alexander,
3032 3555 3197 3626 jussit
3242 3555 3408 3620 solvi,
3457 3556 3547 3612 cui
3581 3565 3639 3611 et
3671 3556 3825 3612 dixit:

2254 3649 2346 3705 Sic
2366 3661 2553 3703 amens
2582 3661 2663 3713 es,
2707 3647 2968 3711 Palmati,
2999 3655 3056 3701 ut
3102 3648 3322 3702 deseras
3351 3647 3502 3712 deos,
3544 3655 3605 3702 et
3633 3662 3828 3718 quzeras

2253 3739 2525 3794 hominem
2553 3737 2862 3792 mortuum?
2891 3737 3037 3792 inter
3065 3737 3170 3792 alia
3201 3737 3481 3808 respondit
3510 3737 3827 3793 Palmatius:

2251 3828 2381 3884 Feci
2427 3829 2584 3899 quasi
2632 3827 2858 3883 infelix:
2889 3829 3050 3884 modo
3081 3837 3262 3884 autem
3299 3829 3534 3900 cognovi
3583 3829 3727 3900 quod
3754 3844 3828 3883 ve-

2253 3939 2372 3978 rum
2401 3931 2503 3978 est.
2552 3921 2703 3978 Tunc
2726 3923 3035 3978 Alexander
3066 3923 3288 3978 tradidit
3328 3938 3455 3978 eum
3491 3923 3715 3979 cuidam
3756 3937 3830 3978 se-

2253 4014 2430 4069 natori
2457 4011 2761 4084 Simplicio,
2786 4022 2846 4068 ut
2874 4021 3152 4074 revocaret
3180 4027 3305 4068 eum
3333 4014 3402 4068 ad
3427 4014 3702 4069 culturam
3723 4014 3828 4068 deo-

2251 4125 2372 4165 rum
2417 4108 2666 4164 mollibus
2695 4107 2895 4164 verbis.
2946 4108 3055 4164 Sed
3097 4107 3395 4164 Palmatius
3440 4109 3689 4181 jejuntts,
3719 4124 3829 4165 ora-

2251 4203 2490 4259 tionibus
2529 4212 2586 4258 et
2613 4203 2812 4274 vigiliis
2863 4203 3104 4268 studens,
3147 4219 3255 4260 non
3282 4206 3538 4260 cessabat
3581 4206 3826 4277 lacrymis

2251 4294 2419 4349 Deum
2465 4293 2681 4349 Patrem
2735 4295 3162 4364 omnipotentem
3214 4304 3269 4351 et
3317 4296 3607 4352 Dominum
3659 4298 3826 4354 Jesum

2250 4387 2529 4442 Christum
2574 4386 2768 4441 Filium
2801 4387 2917 4456 ejus
2948 4389 3252 4459 deprecari.
3280 4388 3522 4446 Veniens
3564 4402 3745 4447 autem
3773 4398 3828 4444 ad

2251 4493 2374 4533 cum
2406 4477 2626 4547 quidam
2670 4479 2817 4534 Felix
2852 4480 3086 4543 nomine,
3119 4481 3343 4549 rogabat
3371 4496 3494 4536 eum
3533 4496 3634 4551 pro
3677 4495 3827 4536 uxore

2256 4584 2372 4633 sua,
2418 4585 2539 4639 qua:
2582 4584 2612 4623 a
2661 4577 2894 4639 quatuor
2936 4571 3092 4625 anuis
3131 4570 3348 4641 jacebat
3379 4571 3596 4627 clinica.
3647 4572 3828 4627 Beatus

2257 4658 2578 4731 Palmatius,
2603 4669 2869 4731 prmsente
2892 4676 3062 4717 uxore
3077 4661 3339 4732 Simplicii
3357 4672 3407 4718 et
3436 4664 3587 4718 omni
3615 4662 3826 4724 familia,

2258 4751 2455 4805 cecidit
2493 4752 2547 4804 in
2593 4759 2828 4816 terram,
2874 4759 2928 4806 et
2969 4767 3090 4806 cum
3142 4752 3396 4824 lacrymis
3426 4767 3589 4809 orare
3637 4759 3827 4824 carpit:

2259 4840 2486 4895 Domine
2525 4840 2689 4907 Deus,
2715 4842 2808 4912 qui
2832 4841 3146 4920 illuminasti
3194 4858 3414 4898 servum
3445 4853 3620 4911 tuum,
3654 4857 3709 4902 et
3749 4847 3829 4900 do~

2262 4931 2404 4985 uasti
2444 4931 2576 4986 mihi
2616 4931 2796 4987 lumen
2837 4942 3100 4988 aeternum
3131 4933 3418 4992 Dominum
3457 4934 3647 4992 Iesum
3687 4936 3830 4992 Chri-

2255 5033 2419 5091 stum,
2453 5025 2602 5082 salva
2630 5025 2879 5082 ancillam
2929 5037 3075 5083 tuam
3105 5029 3386 5096 Blandam,
3421 5039 3477 5086 et
3518 5032 3692 5088 alleva
3719 5049 3828 5088 eam

2258 5117 2323 5172 de
2361 5117 2504 5173 lecto
2546 5117 2766 5184 doloris,
2800 5127 2860 5173 ut
2903 5131 3232 5191 cognoscant
3277 5136 3468 5177 omnes
3513 5125 3646 5194 quia
3692 5134 3747 5178 tu
3779 5139 3831 5177 es

2257 5209 2485 5266 Creator
2518 5210 2758 5266 omnium
2804 5227 3004 5267 rerum.
3037 5211 3168 5278 Quae
3210 5211 3353 5268 illico
3399 5228 3534 5269 sana
3581 5217 3828 5270 surrexit.

2259 5353 2314 5398 et
2335 5343 2473 5399 aliis.
2501 5344 2603 5399 Ubi
2627 5343 2775 5414 locus
2797 5345 2883 5399 hic
2906 5343 3087 5411 fuerit,
3113 5344 3576 5414 exprimuntActa
3609 5343 3831 5402 Abundii

2253 5424 2309 5468 et
2342 5415 2610 5470 sociorum
2641 5434 2653 5469 :
2694 5435 2711 5466 ι
2748 5413 2918 5469 Jussit
2963 5413 3328 5471 Diocletianus
3357 5419 3582 5485 produci
3626 5425 3830 5472 sanctos

2255 5485 2322 5538 de
2346 5485 2929 5558 custocﬁauAbundium
2959 5495 3014 5540 et
3049 5486 3454 5542 Abundantium
3472 5531 3488 5552 ,
3517 5499 3575 5544 et
3598 5501 3829 5558 [ιι-πεδη-

2259 5556 2362 5638 tari
2389 5556 2465 5638 Ain
2517 5555 2769 5638 Tellude,
2801 5555 2853 5609 in
2887 5555 3022 5638 foro,
3056 5566 3203 5638 gnte
3231 5558 3528 5638 templum.
3559 5555 3830 5638 -)_Qn?!lill‘0

2257 5623 2470 5750 Vigelllf
2513 5627 2899 5698 compositum,
2951 5635 3010 5682 ut
3056 5625 3288 5682 Telludis
3318 5623 3388 5683 sit
3418 5631 3573 5701 quasi
3617 5627 3831 5686 Telluris

2257 5710 2302 5748 αι
2341 5710 2416 5750 es.

2257 5710 2416 5752 ωορδ.
