3962 6366
115 372 243 429 265

810 362 1412 422 MARTYROLOGIUM
1453 360 1597 418 CUM
1634 359 2172 417 ADDITAMENTIS.
2211 392 2280 404 -
2317 361 2522 418 MENS.
2567 362 2729 417 MAII.

3299 361 3408 419 266

124 481 296 551 Quod
329 481 572 536 videntes
612 477 922 548 Simplicius
943 487 998 532 et
1025 476 1210 539 Felix,
1245 482 1301 530 et
1325 473 1517 542 reliqui
1551 473 1640 540 qui
1672 472 1726 526 in
1752 475 1806 536 Α
1899 475 2018 544 Ipso
2049 474 2156 539 die,
2183 475 2357 530 sancti
2401 474 2631 532 Servatii
2663 474 2991 546 Tungrensis
3015 475 3268 531 Ecc.esia
3291 477 3403 544 epi-

125 574 307 628 domo
336 569 598 642 Simplicii
629 575 808 631 erant,
835 574 1116 638 coeperunt
1139 579 1334 635 urgere
1361 564 1579 620 beatum
1607 559 1730 615 Pal-

126 668 368 725 niatium
396 672 456 718 ut
499 661 924 731 baptizarentur.
953 658 1055 726 Qui
1085 657 1304 713 mittens
1341 655 1556 709 vocavit
1602 669 1729 708 san-

126 768 291 814 ctum
331 753 632 817 Callistum,
659 759 717 806 et
741 749 999 820 baptizati
1025 755 1150 804 sunt
1189 759 1378 803 omnes
1420 745 1474 800 in
1513 745 1731 800 nomine

127 847 355 907 Domini
380 845 509 902 Iesu
538 843 761 900 Christi.

206 939 345 993 Item
385 938 571 991 Roma
595 935 681 989 via
729 933 922 988 Latina
963 933 1030 989 ad
1068 932 1295 988 Centum
1341 929 1496 998 aula,
1537 929 1732 986 natalis

129 1039 458 1088 sanctorum
489 1025 679 1094 Quarti
706 1033 762 1080 et
789 1023 995 1093 Quinti.

671 1135 733 1190 E.
770 1133 813 1188 V
841 1132 1001 1189 IDUS
1039 1131 1202 1188 MAI].

782 1227 867 1297 (ιι
912 1224 1093 1295 Maii.)

213 1325 400 1378 Roma
430 1321 517 1376 via
545 1318 754 1376 Salaria
779 1316 1030 1373 milliario
1057 1315 1320 1384 vigesrmo
1353 1309 1591 1369 secundo
1634 1327 1730 1366 na-

134 1416 269 1471 talis
293 1413 472 1470 sancti
497 1411 762 1466 Anthimi.

213 1510 461 1572 Vienna,
485 1505 630 1561 beati
659 1502 902 1559 Mamerti
927 1499 1186 1571 episcopi,
1220 1495 1310 1568 qui
1341 1498 1412 1552 ob
1442 1494 1726 1550 imminen-

140 1612 254 1658 tem
283 1599 519 1662 cladem,
549 1596 819 1653 solemnes
854 1600 982 1648 ante
1005 1590 1394 1646 Ascensionem
1421 1585 1632 1644 Domini
1657 1585 1726 1640 li-

143 1689 327 1746 tanias
355 1687 609 1744 instituit.

663 1795 727 1851 F.
764 1794 833 1851 IV
869 1791 1028 1850 IDUS
1066 1791 1229 1847 MAII.

788 1886 881 1958 (η
909 1883 1088 1957 Maii.)

210 1984 420 2048 Roma,
464 1981 520 2037 in
563 1978 875 2037 cameterio
899 1974 1242 2040 Pratextati,
1286 1972 1481 2028 natalis
1512 1981 1730 2028 sancto-

146 2096 260 2138 rum
313 2089 615 2148 martyrum
647 2072 810 2130 Nerei
847 2081 904 2128 et
927 2070 1157 2128 Achillei
1205 2067 1455 2134 fratrum,
1485 2067 1576 2138 qui
1615 2067 1728 2122 fue-

150 2179 268 2227 rnnt
311 2167 546 2225 eunuchi
577 2166 636 2220 Β.
679 2163 876 2220 Blavia
907 2160 1212 2227 Domitilla,
1246 2158 1446 2229 quique
1491 2173 1614 2213 cum
1661 2171 1724 2211 ea

146 2259 284 2332 apud
325 2257 557 2315 insulam
608 2253 857 2310 Pontiam
893 2251 1108 2323 longum
1154 2264 1252 2321 pro
1297 2247 1515 2303 Christo
1560 2246 1726 2301 duxe-

144 2361 273 2411 runt
299 2350 571 2407 exsilium.
594 2344 946 2404 Postmodum
966 2357 1097 2398 vero
1124 2341 1192 2396 ab
1214 2339 1504 2396 Aureliano
1530 2353 1730 2408 sponso

145 2445 431 2504 Domitilla
458 2444 646 2516 (quem
675 2440 789 2512 ipsa
816 2438 885 2494 ob
913 2450 1156 2492 amorem
1185 2432 1385 2490 Christi
1425 2429 1727 2503 spreverat)

145 2539 327 2611 primo
344 2533 656 2592 verberibus
675 2527 1009 2602 gravissimis
1033 2524 1327 2589 attrectati,
1352 2521 1545 2579 deinde
1567 2519 1730 2575 Mom-

154 2629 267 2686 mio
301 2626 422 2701 [af.,
449 2623 716 2687 Mummio,
744 2630 794 2676 et
823 2615 1098 2692 Memmio]
1126 2613 1283 2670 Rullo
1307 2611 1578 2670 consulari
1605 2617 1733 2666 sunt

154 2721 374 2784 traditi,
418 2735 448 2772 a
490 2731 596 2788 quo
637 2730 760 2771 cum
804 2711 1033 2788 equuleo
1071 2718 1125 2766 et
1161 2706 1395 2763 flammis
1437 2702 1731 2776 compelle-

148 2820 344 2868 rentur
383 2809 452 2864 ad
482 2804 867 2864 immolandum
898 2811 954 2858 et
991 2801 1237 2857 dicerent
1279 2813 1338 2854 se
1383 2813 1414 2852 a
1457 2795 1520 2849 Β.
1569 2793 1732 2850 Petro

148 2905 394 2977 apostolo
423 2902 764 2974 baptizatos,
803 2897 950 2954 nulla
989 2896 1199 2952 ratione
1240 2905 1398 2965 posse
1437 2890 1595 2948 idolis
1631 2889 1736 2944 im-

147 2997 384 3060 molare,
426 2993 604 3064 capite
646 2990 773 3049 casi
813 2998 958 3046 sunt.
1005 2987 1244 3054 Quorum
1284 2997 1513 3054 corpora
1555 2979 1735 3052 rapuit

148 3090 434 3162 Auspicius
463 3085 758 3159 discipulus
781 3097 968 3139 eorum
1007 3080 1239 3136 nutritor
1277 3086 1480 3134 sancta
1507 3074 1735 3146 virginis

153 3181 437 3242 Domitilla
477 3195 598 3254 qua:
637 3177 801 3234 etiam
843 3173 1103 3230 navicula
1154 3171 1436 3242 imposita,
1477 3167 1732 3230 adduxit,

153 3278 294 3333 etin
327 3275 534 3349 pradio
578 3266 864 3329 Domitillae
920 3266 972 3320 in
1032 3270 1220 3335 crypta
1271 3259 1520 3316 arenaria
1577 3272 1736 3328 sepe-

155 3371 294 3436 livit,
333 3370 428 3425 via
473 3366 765 3424 Ardeatina
805 3380 836 3419 a
890 3372 1048 3418 muro
1103 3355 1261 3413 Urbis
1317 3353 1574 3409 milliario
1631 3366 1741 3410 uno

157 3477 345 3519 SCIDIS.
1039 3501 1042 3506 .

224 3551 359 3607 Item
386 3549 472 3605 via
489 3545 735 3615 Aurelia,
763 3546 1014 3602 milliario
1053 3539 1310 3608 secundo,
1345 3533 1545 3598 natalis
1563 3541 1744 3598 sancti

155 3643 428 3700 Pancratii
466 3640 762 3712 martyris:
798 3639 1040 3710 quicum
1071 3645 1215 3692 esset
1253 3646 1522 3690 animum
1551 3631 1743 3705 viginti

161 3745 396 3808 quatuor
430 3736 528 3792 sub
569 3733 901 3790 Diocletiano
928 3732 1244 3803 martyrium
1292 3729 1489 3800 capitis
1519 3728 1744 3784 detrun-

159 3830 374 3886 catione
424 3826 726 3900 complevit.
768 3825 934 3898 Cujus
983 3823 1340 3881 reverendam
1395 3836 1594 3893 corpus
1641 3818 1746 3876 Oc-

157 3919 342 3976 tavilla
370 3919 595 3975 illustris
629 3917 829 3973 femina
857 3915 1070 3973 occulte
1109 3923 1274 3971 noctu
1305 3913 1600 3978 sublatum,
1629 3927 1747 3968 aro-

155 4013 398 4068 matibus
421 4010 692 4066 conditum
717 4008 964 4080 sepelivit
985 4023 1038 4062 ιν
1063 4006 1188 4062 Idus
1218 4005 1364 4060 Maii.

227 4104 436 4160 Eodem
463 4103 525 4158 Β.
558 4101 795 4174 Dionysii
825 4114 852 4142 ι
880 4099 1060 4172 patrui
1086 4097 1229 4154 beati
1264 4097 1556 4158 Pancratii,
1590 4094 1747 4164 cujus

153 4199 340 4256 studio
367 4198 506 4253 idem
547 4196 865 4252 Pancratius
893 4203 948 4250 et
989 4193 1314 4264 baptizatus,
1359 4200 1416 4247 et
1458 4192 1510 4246 in
1549 4192 1748 4246 timore

157 4289 378 4347 Domini
401 4286 732 4345 confortatus
755 4287 823 4342 ad
852 4285 1170 4357 martyrium
1197 4284 1467 4338 animatus
1492 4289 1598 4348 est,
1630 4283 1748 4353 ipse

155 4398 287 4439 cum
320 4379 557 4451 pramiis
581 4378 915 4443 calestibus,
944 4377 1142 4433 charus
1177 4383 1232 4431 et
1277 4375 1472 4448 dignus
1512 4374 1642 4441 Deo,
1688 4373 1748 4429 in

156 4489 296 4548 pace
330 4472 471 4528 diem
499 4472 622 4526 vita
643 4467 803 4538 hujus
825 4468 1038 4525 clausit.

235 4563 344 4620 Sed
376 4572 432 4618 et
457 4572 585 4618 tunc
616 4561 874 4633 temporis
901 4574 1062 4630 passa
1087 4566 1173 4614 est
1197 4559 1351 4630 virgo
1376 4556 1744 4613 sacratissima
1771 4551 1828 4620 ι)

160 4653 378 4712 Soteris
419 4651 658 4719 nomine,
699 4658 755 4707 et
794 4664 990 4721 genere
1032 4648 1228 4705 nobilis
1272 4648 1371 4704 sub
1416 4645 1748 4702 Diocletiano

159 4751 426 4820 Augusto.

234 4839 440 4897 Eodem
466 4838 554 4893 die
576 4836 717 4908 apud
745 4835 1006 4908 Cyprum,
1033 4832 1094 4890 S.
1118 4831 1296 4888 Patris
1323 4829 1492 4888 nostri
1519 4831 1749 4902 Epipha-

161 4937 262 5001 nii,
294 4931 601 4990 Salamina.

679 5041 744 5099 (ἓ.
771 5040 836 5097 III
871 5037 1031 5096 IDUS
1069 5036 1230 5093 MAII.

809 5133 902 5204 (ιδ
935 5131 1113 5203 Maii.)

236 5231 448 5290 Natalis
477 5230 535 5284 S.
562 5227 744 5284 Maria
773 5225 840 5281 ad
879 5224 1161 5294 Martyres.
1194 5221 1373 5276 Phoca
1402 5220 1748 5288 imperatore,

164 5331 360 5385 beatus
383 5321 688 5379 Bonifacius
707 5333 843 5390 papa
869 5318 921 5372 in
951 5315 1118 5371 veteri
1150 5312 1276 5368 fano
1302 5312 1444 5382 quod
1473 5311 1750 5366 Pantheon

164 5419 488 5480 vocabatur,
541 5411 733 5467 ablatis
781 5406 1095 5464 idololatria
1141 5403 1421 5468 sordibus,
1465 5400 1750 5472 ecclesiam

164 5512 345 5566 beatae
387 5519 599 5574 semper
624 5500 862 5573 Virginis
888 5497 1071 5553 Maria
1097 5502 1152 5550 et
1179 5494 1421 5550 omnium
1451 5501 1753 5563 martyrum

167 5595 457 5654 dedicavit.
481 5593 646 5662 Cujus
666 5587 1021 5647 dedicationis
1044 5583 1405 5642 sacratissima
1433 5582 1548 5638 dies
1577 5581 1756 5653 agitur

169 5691 362 5746 Roma
382 5701 444 5742 ιιι
464 5685 587 5742 Idus
607 5682 752 5739 Maii.

247 5836 273 5865 ι
305 5822 386 5876 De
413 5835 481 5877 eo
509 5821 564 5876 in
597 5819 763 5892 gestis
789 5815 1025 5884 ejusdem
1058 5811 1348 5869 Pancratii.

622 5912 895 5972 ΡΑτιιοι..
942 5905 1230 5968 CXXIII.

1831 565 1978 636 scopi
2016 566 2149 636 :qui
2200 575 2444 638 tempore
2483 582 2591 638 quo
2620 566 2798 621 Hunni
2832 566 3176 621 Germaniam
3220 560 3400 622 vasta-

1831 661 1981 727 bant,
2012 676 2079 716 ne
2111 662 2348 718 civitatis
2392 670 2554 732 atque
2582 660 2824 717 ecclesia
2866 676 2977 716 sua
3007 660 3214 716 videret
3256 661 3403 717 exci-

1831 751 2011 816 dium,
2058 751 2270 806 Domini
2321 751 2648 807 revelatione
2678 751 3058 816 commonitus,
3093 750 3305 806 transiit
3339 751 3406 805 ad

1830 843 2008 899 vicum
2056 842 2522 911 Trajectensium;
2570 843 2749 913 ibique
2791 841 3098 910 defunctus,
3143 851 3306 912 atque
3351 843 3406 898 in

1831 934 2013 990 medio
2039 934 2238 1004 publici
2270 935 2483 1006 aggeris
2526 945 2610 990 est
2641 934 2897 1004 sepultus.
2943 932 3023 989 Ob
3052 933 3204 1004 cujus
3247 934 3408 989 meri-

1831 1035 1944 1079 tum
1968 1025 2274 1080 hominibus
2305 1025 2779 1080 demonstrandum
2803 1041 2925 1078 cum
2953 1033 3194 1094 tempore
3215 1025 3411 1080 hiemis

1830 1118 2011 1173 omnia
2043 1118 2096 1171 in
2139 1117 2369 1173 circuitu
2397 1118 2484 1172 nix
2515 1116 2766 1187 repleret,
2803 1131 3076 1186 nunquam
3102 1117 3408 1186 sepulcrum

1829 1209 1945 1278 ejus
1986 1209 2230 1278 operuit,
2273 1209 2444 1265 donec
2475 1208 2734 1264 industria
2768 1207 2966 1263 civium
3003 1205 3222 1263 basilica
3249 1221 3412 1276 super

1831 1303 2008 1375 ipsum
2035 1301 2300 1358 adificata
2329 1312 2431 1358 est.

2266 1441 2332 1496 A.
2373 1439 2598 1495 PRIDIE
2635 1437 2792 1494 IDUS
2829 1435 2988 1492 MAII.

2479 1533 2567 1605 (ιι
2601 1532 2778 1601 Maii.)

1901 1626 2085 1681 Sancti
2134 1624 2314 1680 Patris
2360 1623 2528 1679 nostri
2577 1623 2851 1678 Pachumii
2883 1623 2932 1686 ιδ,
2977 1622 3067 1692 qui
3115 1637 3236 1676 cum
3269 1629 3416 1675 esset

1744 1707 1746 1712 λ
1829 1720 1986 1775 factis
2013 1718 2322 1790 apostolica
2349 1718 2537 1792 gratia
2568 1717 2808 1788 insignis,
2838 1715 3167 1784 fundatoque
3194 1711 3414 1784 Egypti

1753 1832 1804 1895 Β
1831 1811 2234 1875 canobiorum,
2285 1809 2502 1879 scripsit
2549 1808 2936 1863 monachorum
2983 1804 3226 1875 regulas,
3278 1818 3415 1874 quas

1830 1897 2020 1976 angelo
2057 1903 2293 1959 dictante
2328 1899 2622 1964 dedicerat,
2659 1898 2818 1954 simul
2851 1907 2906 1954 et
2934 1899 3000 1954 de
3036 1905 3278 1966 tempore
3313 1895 3415 1950 Pa-

1831 1995 2026 2052 schali.

1899 2087 2021 2158 Ipso
2045 2085 2131 2141 die
2166 2085 2219 2140 in
2248 2083 2428 2156 Syria,
2459 2081 2656 2138 natalis
2679 2081 2910 2137 Victoris
2942 2087 2996 2134 et
3036 2078 3282 2138 Corona.
3314 2080 3415 2136 sub

1830 2177 2103 2234 Antonino
2130 2177 2479 2246 imperatore,
2521 2173 2658 2228 duce
2684 2170 3026 2226 Alexandria
3071 2168 3414 2226 Sebastiano.

1831 2268 1962 2324 Erat
1998 2276 2178 2322 autem
2215 2264 2406 2322 Victor
2434 2264 2589 2320 miles
2629 2279 2659 2318 a
2689 2261 2896 2327 Cilicia,
2941 2261 3026 2317 cui
3065 2259 3420 2317 Sebastianus

1832 2360 1886 2416 in
1920 2357 2260 2415 confessione
2289 2355 2412 2411 fidei
2447 2354 2716 2426 confringi
2741 2353 2956 2426 digitos,
2985 2361 3041 2408 et
3071 2352 3227 2410 evelli
3257 2351 3421 2422 jussit

1832 2463 2039 2519 ungues
2070 2463 2100 2502 a
2129 2455 2272 2510 cute,
2304 2446 2498 2501 deinde
2525 2445 2672 2500 illum
2701 2444 2755 2499 in
2782 2443 3053 2499 caminum
3086 2444 3225 2514 ignis
3255 2443 3419 2512 mitti,

1832 2539 1921 2594 ubi
1953 2539 2128 2593 triduo
2157 2552 2503 2606 permanens,
2543 2552 2649 2592 non
2679 2543 2761 2591 est
2805 2535 2984 2591 Iasus.
3027 2535 3228 2593 Deinde
3261 2554 3422 2592 vene-

1833 2643 1962 2682 num
1992 2628 2176 2682 bibere
2201 2626 2407 2697 jussus,
2449 2641 2554 2681 non
2590 2634 2675 2682 est
2704 2638 2964 2691 mortuus,
2997 2629 3090 2683 sed
3121 2629 3417 2682 veneficum

1832 2718 2012 2789 potius
2037 2718 2102 2771 ad
2139 2717 2297 2772 fidem
2330 2718 2612 2784 convertit.
2643 2720 2834 2776 Postea
2858 2721 3068 2791 jussum
3092 2727 3196 2784 est,
3225 2734 3420 2774 nervos

1836 2811 2081 2882 corporis
2109 2811 2225 2881 ejus
2273 2810 2419 2878 tolli;
2453 2813 2646 2868 deinde
2683 2813 2859 2868 oleum
2905 2811 3134 2868 bulliens
3177 2813 3316 2867 mitti
3366 2813 3419 2866 in

1836 2900 2100 2972 pudendis
2140 2901 2279 2975 ejus.
2331 2904 2458 2958 Post
2501 2904 2600 2958 hoc
2649 2903 2810 2973 jussit
2851 2901 3127 2972 lampades
3171 2903 3423 2958 ardentes

1837 3005 2102 3062 suspenso
2144 2997 2209 3048 ad
2257 2994 2424 3048 latera
2454 2992 2712 3063 applicari
2755 3009 2768 3046 :
2802 3000 2923 3062 post
2963 2992 3077 3048 hac
3120 3001 3332 3048 acetum
3369 3005 3426 3048 et

1838 3081 2080 3139 calceum
2112 3084 2273 3139 simul
2320 3083 2564 3147 misceri,
2607 3091 2664 3138 et
2703 3082 2818 3138 dari
2865 3083 2913 3138 ei
2962 3084 3015 3137 in
3046 3099 3180 3147 ore;
3233 3085 3426 3139 deinde

1843 3176 2030 3232 oculos
2065 3177 2200 3232 erui.
2237 3175 2436 3230 Deinde
2468 3175 2643 3230 triduo
2678 3173 2843 3243 jussit
2872 3175 3049 3244 capite
3071 3175 3255 3246 jusum
3297 3173 3418 3246 [ul.,

1846 3266 1990 3323 ioum
2015 3308 2029 3331 ,
2074 3267 2129 3320 id
2159 3277 2233 3321 est
2263 3265 2538 3339 deorsum]
2566 3266 2847 3335 suspendi;
2879 3275 2934 3320 et
2959 3266 3083 3320 dum
3109 3267 3285 3322 adhuc
3316 3267 3426 3336 spi-

1846 3366 2015 3424 raret,
2037 3358 2199 3428 jussit
2240 3373 2362 3412 eum
2391 3357 2679 3414 excoriari.
2711 3356 2863 3412 Tunc
2887 3357 3096 3412 Corona
3123 3372 3246 3412 cum
3277 3367 3428 3413 esset

1741 3467 1744 3471 '
1844 3465 1982 3504 uxor
2021 3449 2298 3518 cujusdam
2349 3449 2570 3514 militis,
2611 3450 2776 3520 capit
2820 3449 3131 3506 beatifieare
3176 3459 3426 3506 sanetum

1846 3540 2118 3597 Victorem
2146 3557 2244 3612 pro
2272 3541 2438 3612 gloria
2486 3542 2749 3615 martyrii.
2784 3541 2850 3596 Et
2873 3541 3002 3596 dum
3046 3543 3147 3598 hoc
3190 3541 3426 3608 faceret,

1845 3631 1980 3688 vidit
2008 3631 2144 3687 duas
2169 3645 2398 3686 coronas
2421 3630 2487 3686 de
2513 3628 2652 3686 calo
2677 3629 2874 3700 lapsas,
2911 3645 3074 3686 unam
3112 3630 3339 3696 Victori,
3371 3644 3431 3688 et

1847 3720 2073 3777 alteram
2097 3719 2197 3775 sibi
2229 3719 2468 3774 missam.
2492 3717 2736 3788 Cumque
2759 3727 2816 3775 et
2843 3718 2946 3774 hoc
2972 3719 3184 3775 cunctis
3207 3721 3428 3776 audien-

1847 3815 1991 3870 tibus
2020 3819 2428 3885 protestaretur,
2459 3820 2605 3867 tenta
2636 3819 2721 3868 est
2745 3827 2778 3866 a
2800 3812 2964 3877 duce;
2997 3809 3318 3882 iussumque
3346 3821 3432 3870 est

1849 3907 1984 3964 duas
2011 3906 2234 3978 arbores
2260 3902 2450 3976 palma
2475 3903 2690 3960 curvari
2716 3904 3039 3969 adinvicem,
3069 3911 3126 3959 et
3149 3905 3431 3962 canabinis

1849 3996 2067 4052 funibus
2095 3995 2248 4068 ligari
2277 3994 2544 4051 Coronam
2581 3995 2635 4050 in
2667 3995 2948 4064 utriusque
2983 3995 3232 4050 manibus
3257 4003 3312 4051 et
3335 4011 3426 4066 pe-

1850 4088 2028 4154 dibus,
2053 4095 2110 4142 et
2135 4087 2214 4142 sic
2240 4086 2465 4142 arbores
2486 4085 2704 4141 dimitti.
2728 4084 2882 4152 Quod
2906 4085 3032 4139 dum
3058 4084 3232 4151 ﬁeret,
3259 4085 3430 4141 divisa

1849 4187 1934 4234 est
1957 4177 2167 4233 Corona
2196 4177 2251 4232 in
2295 4176 2430 4231 duas
2458 4185 2663 4246 partes,
2691 4185 2744 4231 et
2770 4177 2849 4232 sic
2875 4186 3093 4233 aterna
3129 4178 3252 4234 vita
3277 4193 3434 4234 coro-

1851 4283 1974 4322 nam
2001 4268 2228 4337 accepit.
2273 4265 2404 4320 Erat
2434 4275 2614 4320 autem
2643 4266 2913 4322 sexdecim
2954 4283 3240 4322 annorum.
3283 4267 3434 4324 Tunc

1850 4374 2065 4430 quoque
2103 4356 2290 4412 Victor
2311 4355 2630 4422 decollatus,
2666 4364 2722 4411 et
2765 4356 2880 4427 ipse
2910 4357 3151 4413 victoria
3177 4358 3432 4428 perennis

1852 4450 2185 4521 triumphum
2213 4448 2428 4504 meruit.

2389 4565 2448 4619 Β.
2481 4563 2703 4620 IDIBUS
2741 4563 2899 4618 MAII.

2500 4656 2590 4726 (ιδ
2619 4655 2795 4727 Maii.)

1932 4750 2121 4805 Natale
2155 4759 2461 4804 sanctorum
2508 4747 2881 4803 confessorum
2915 4745 3208 4818 Torquati,
3254 4747 3434 4806 Ctesib

1856 4845 2098 4915 phontis,
2141 4841 2398 4908 Secundi,
2424 4841 2694 4906 Inualecii,
2734 4839 2953 4907 Cacilii,
2979 4839 3156 4906 Esitii,
3190 4842 3435 4914 Euphra-

1857 4936 1944 4991 sii.
1982 4934 2081 5002 Qui
2114 4934 2298 4990 Roma
2325 4950 2355 4990 a
2391 4934 2594 4989 sanctis
2635 4933 2890 5004 apostolis
2916 4935 3150 5006 episcopi
3175 4936 3433 5002 ordinati,

1857 5037 1914 5082 et
1956 5025 2022 5080 ad
2053 5025 2452 5096 pradicandum
2479 5025 2701 5080 verbum
2732 5024 2826 5080 Dei
2863 5024 2931 5080 ad
2971 5024 3258 5097 Hispanos,
3305 5036 3434 5084 tunc

1852 5120 2035 5183 adhuc
2073 5119 2258 5190 gentili
2298 5133 2483 5176 errore
2511 5117 2837 5188 implicatos,
2873 5119 3063 5174 directi
3103 5129 3248 5176 sunt.
3277 5120 3440 5175 Cum.

1853 5229 1964 5286 que
2002 5215 2068 5270 ad
2115 5214 2389 5271 civitatem
2423 5213 2736 5269 Accitauam
2777 5213 3082 5278 venissent,
3129 5223 3184 5268 et
3217 5222 3435 5284 pmpter

1853 5308 2098 5362 laborem
2129 5305 2338 5363 itineris
2367 5305 2635 5362 modicum
2680 5306 3040 5376 quiescentes,
3069 5321 3228 5361 causa
3260 5306 3434 5362 victus

1855 5399 2072 5455 eruendi
2097 5399 2388 5470 discipulos
2434 5399 2487 5453 in
2515 5398 2703 5456 urbem
2752 5397 3050 5463 misissent;
3100 5413 3223 5451 mox
3272 5412 3437 5466 paga-

1858 5507 2052 5551 norum
2098 5490 2406 5554 multitudo,
2435 5490 2524 5559 qui
2557 5499 2684 5543 tunc
2712 5489 2852 5543 forte
2881 5489 2982 5545 diis
3020 5486 3135 5542 suis
3177 5486 3308 5543 festa
3339 5503 3435 5544 ce-

1857 5585 2162 5648 lebrabant,
2199 5598 2294 5638 eos
2327 5597 2494 5652 usque
2534 5581 2598 5636 ad
2641 5581 2856 5636 fluvium
2900 5589 3178 5651 persecuta
3224 5588 3334 5646 est,
3378 5581 3435 5638 in

1858 5690 1964 5746 quo
1991 5665 2127 5744 pons
2153 5674 2303 5729 mira
2325 5673 2706 5744 magnitudinis
2731 5682 2788 5727 et
2814 5671 3084 5728 firmitatis
3109 5681 3434 5736 exstructus,

1936 5806 1961 5845 δ
1993 5802 2242 5859 Cennad.
2273 5804 2338 5859 de
2373 5801 2514 5860 Viris
2541 5801 2704 5858 illust.
2735 5817 2855 5859 can.
2887 5800 2935 5855 7.

2979 5898 3018 5960 ν
