3962 6366
520 378 622 445 26⁸1

1519 386 1578 442 S.
1629 383 1880 441 ADONIS
1918 381 2346 440 ARCHIEI’ISC.
2388 381 2803 441 VIENNENSIS

3705 376 3830 447 268

521 499 931 562 transeuntibus
974 504 1198 570 sanctis,
1241 494 1522 565 Deinutu,
1552 518 1675 557 cum
1718 501 1866 557 omni
1916 516 2105 572 perse-
2134 502 2187 563 Α
2213 501 2354 566 navi,
2384 500 2655 573 simulque
2683 515 2872 557 canem
2912 509 2970 557 et
3000 516 3198 573 gannm
3226 505 3580 576 projecerunt
3612 507 3672 562 in
3718 510 3829 565 de.

522 598 801 670 quentium
833 596 1175 652 multitudine
1208 588 1449 651 funditus
1479 595 1705 650 corruit.
1733 594 1813 649 Ad
1839 595 1983 664 quod
2013 592 2113 648 mis

524 689 768 745 raculum
817 689 999 743 ueteri
1046 689 1250 752 territi,
1290 686 1657 757 et‘cnjusdam
1696 701 1904 759 magna:
1950 702 2113 743 sena—

526 780 679 835 tricis
707 778 954 834 Ludarise
981 777 1123 849 (quae
1161 778 1419 832 divinitus
1463 778 1724 849 inspirata
1752 793 1847 833 eos
1880 777 2116 850 benigne

526 870 846 940 suscipiens,
878 869 1128 938 credidit)
1171 868 1478 939 exemplum
1522 869 1725 933 secuti,
1754 869 1959 925 relictis
2001 870 2116 925 ido-

529 961 616 1026 lis,
659 961 877 1017 Christo
902 959 1129 1013 Domino
1169 960 1534 1014 crediderunt.
1567 959 1696 1015 Post
1742 960 1844 1015 hoc
1886 959 2116 1016 diversis

529 1054 755 1108 urbibus
799 1050 1259 1123 evangelizantes,
1302 1060 1357 1106 et
1387 1050 1705 1107 innumeras
1736 1051 2114 1108 multitudines

525 1143 726 1199 Christi
770 1142 891 1198 ﬁdei
937 1140 1680 1213 subjugantes,,Torquatus
1728 1143 1891 1209 Acci,
1935 1141 2114 1198 Ctesi-

523 1234 667 1303 phon
710 1232 906 1302 Vergii,
940 1230 1223 1287 Secundus
1249 1230 1453 1296 Abnlw,
1484 1230 1787 1287 Indalecius
1816 1231 1969 1296 Urci,
2003 1231 2117 1287 Ca3-

522 1322 680 1377 cilius
721 1321 973 1386 Eliherri,
1001 1321 1205 1376 Esitius
1238 1321 1474 1375 Cartesae
1507 1319 1627 1392 [al.,
1658 1320 1964 1394 Carcerae],
2009 1321 2118 1377 Eu-

521 1413 782 1482 phrasius
814 1412 1044 1485 Eliturgi
1072 1412 1416 1483 quieverunt.
1446 1411 1639 1469 Exstat
1666 1426 1835 1483 usque
1861 1412 2021 1468 hodie
2054 1412 2116 1467 il-

524 1507 697 1561 lustre
756 1505 1078 1560 miraculum
1141 1505 1210 1560 ad
1282 1504 1791 1561 condemnationem
1867 1509 2117 1577 pretiosae

529 1599 727 1655 mortis
750 1614 959 1654 eorum.
992 1597 1125 1652 Nam
1156 1598 1347 1654 eadem
1378 1597 1722 1655 solemnitate
1750 1600 1889 1677 apud
1923 1599 2117 1671 przel‘a-

527 1700 635 1746 tam
667 1691 987 1747 Accilanam
1030 1690 1253 1756 urbem,
1297 1689 1365 1744 ad
1409 1688 1723 1758 sepulcrum
1765 1692 1939 1758 sancti
1978 1691 2115 1748 Tor-

2219 607 2437 647 cursum
2481 590 2736 647 fluminis.
2781 593 3064 664 Apparens
3104 602 3283 650 autem
3323 595 3549 667 angelus
3590 597 3824 656 Domini

2219 683 2432 739 cuidam
2473 685 2763 740 venerabili
2814 684 3049 750 femina),
3091 684 3244 756 cujus
3290 702 3485 742 nomen
3536 688 3824 757 Celer-ina,

2220 777 2433 833 monuit
2458 786 2517 832 ut
2542 778 2887 847 perquireret
2914 780 3174 850 martyris
3197 794 3416 849 corpus,
3447 788 3504 834 et
3530 781 3823 853 sepeliret.

2218 866 2371 934 Quod
2420 866 2511 921 illa
2543 867 2775 922 celerius
2819 867 3117 938 complens,
3163 869 3444 924 inventum
3488 884 3618 925 cum
3669 875 3823 928 omni

2218 959 2521 1013 reverentia
2552 957 2800 1029 sepelivit
2823 965 2877 1013 et
2906 958 2972 1014 de
3008 958 3355 1016 facultatibus
3386 962 3522 1028 suis,
3560 975 3826 1021 cessante

2215 1050 2612 1121 persecutione,
2636 1051 2920 1108 ecclesiam
2948 1053 3086 1109 miro
3111 1069 3276 1124 opere
3299 1071 3460 1127 supra
3482 1059 3821 1115 construxit.

2215 1142 2411 1214 Agitur
2452 1143 2719 1200 festivitas
2766 1145 3021 1215 martyris
3047 1154 3103 1200 et
3148 1155 3448 1204 conventus
3484 1149 3697 1205 civium
3726 1168 3820 1206 ιη

2218 1231 2446 1290 Kalend.
2470 1234 2637 1289 Junii.

2706 1325 2768 1379 E.
2801 1323 2898 1380 XV
2938 1324 3095 1380 KAL.
3123 1324 3318 1382 JUNII.

2861 1416 2952 1488 (18
2990 1416 3170 1490 Maii.)

2234 1532 2245 1537 -
2286 1504 2445 1575 Apud
2486 1504 2800 1576 Egyputm,
2839 1507 3039 1563 natalis
3068 1502 3521 1568 ειηοῑίὌίοεθοινί
3553 1513 3817 1574 lectoris:

2218 1595 2273 1649 in
2297 1590 2462 1664 quem
2510 1610 2712 1666 praeses
2740 1596 2909 1651 multa
2949 1606 3009 1653 et
3038 1599 3187 1654 varia
3228 1609 3497 1658 tormenta
3540 1608 3815 1673 exercuit,

2219 1686 2292 1740 ita
2320 1695 2380 1740 ut
2421 1702 2625 1757 ungues
2654 1688 2772 1759 ejus
2809 1686 3089 1757 eﬂoderet,
3116 1699 3175 1746 et
3208 1692 3549 1765 lampadibus
3570 1694 3695 1764 ejus
3734 1699 3817 1754 lac'

525 1783 675 1854 quati
705 1781 870 1838 arbor
887 1782 1043 1838 olivae
1068 1754 1329 1836 divini—tus
1355 1754 1573 1846 ﬂorens,
1598 1754 2115 1839 maturimuctibus
2158 1840 2189 1857 η
2219 1785 2333 1833 ιεΐὲ
2380 1754 2769 1845 ἰηῦλῖηιηπὲις
2802 1780 2896 1837 Sed
2933 1754 3421 1849 caelestisluminis
3454 1754 3668 1860 {Illac-re
3702 1799 3814 1846 ter-

527 1883 835 1935 οημεῐίιιιιν.

597 1964 750 2035 Apud
802 1965 1032 2019 insulam
1067 1963 1283 2031 Chium,
1313 1964 1507 2020 natalis
1535 1962 1707 2019 sancti
1740 1961 1931 2018 lsidori
1966 1956 2118 2023 maré

530 2057 682 2128 tyris.
740 2056 797 2111 In
847 2054 1000 2126 cujus
1045 2056 1275 2111 Basilica
1327 2065 1504 2113 exstat
1546 2064 1771 2129 puteus,
1812 2055 1867 2109 in
1909 2069 2015 2123 quo
2061 2064 2117 2109 et

529 2144 701 2198 fertur
742 2141 988 2212 injectus.
1033 2145 1109 2200 De
1154 2144 1308 2215 cujus
1351 2160 1491 2214 aqua
1537 2136 1920 2217 energumeni,
1955 2141 2118 2198 febri-

525 2232 887 2307 citantesque,
917 2235 1002 2290 vel
1052 2234 1245 2306 reliqui
1294 2232 1495 2291 inﬁrmi
1544 2236 1741 2308 saepius
1788 2235 1959 2307 putati
2004 2234 2114 2291 salo

530 2336 747 2381 vantnr.

598 2415 751 2488 Apud
791 2415 1167 2486 Lamosacum,
1197 2420 1376 2491 passio
1404 2427 1715 2476 sanctorum
1749 2422 1891 2476 r’etrl
1920 2428 1975 2476 et
2004 2420 2117 2477 An-

528 2507 707 2574 ἀΐδεω,
737 2508 889 2564 Pauli
915 2519 971 2565 et
997 2509 1268 2583 Dionysiae
1295 2523 1343 2567 α.

996 2624 1057 2683 C.
1092 2625 1233 2682 XVII
1267 2625 1642 2682 KALJUNII.

1175 2716 1269 2788 (ιθ
1297 2716 1478 2789 Maii.)

596 2807 754 2879 Apud
782 2806 1064 2873 Isauriam,
1099 2808 1295 2864 natalis
1324 2818 1639 2865 sanctorum
1670 2806 1905 2877 Aquilini
1939 2814 1995 2862 et
2026 2805 2118 2862 Vi-

526 2898 781 2963 ctoriani,
803 2912 1033 2968 quorum
1060 2908 1212 2969 gesta
1242 2897 1528 2954 habentur.

548 3022 551 3027 ›
595 2990 752 3059 Apud
781 2990 1209 3057 Antisiodorum,
1246 2991 1426 3061 passio
1460 2991 1630 3047 sancti
1673 2990 1977 3060 Peregrini,
2008 2990 2118 3060 epi-

525 3080 674 3149 scopi
704 3079 862 3149 primi
884 3080 1121 3136 civitatis
1144 3081 1333 3151 ipsius.

595 3173 665 3226 Et
694 3172 749 3226 in
774 3188 914 3243 pago
944 3172 1324 3242 Forojuliensi,
1351 3175 1470 3230 vico
1497 3175 1589 3245 qui
1626 3182 1851 3231 vocatur
1876 3173 2114 3231 Calima-

527 3280 652 3331 nus,
678 3274 876 3320 sancta:
903 3265 1153 3321 Maxima:
1186 3266 1432 3337 virginis,
1463 3282 1583 3336 quae
1611 3266 1798 3322 multis
1824 3265 1969 3323 clara
1999 3265 2106 3320 vir-

527 3359 749 3425 tatibus,
779 3360 835 3414 in
862 3374 998 3430 pace
1019 3361 1243 3429 quievit.

999 3471 1062 3525 D.
1105 3468 1223 3526 XVI
1256 3470 1413 3527 ΚΑΒ.
1437 3471 1628 3530 JUNII.

1164 3562 1255 3635 (η
1293 3562 1474 3637 Haii.)

546 3674 551 3681 τ
599 3652 656 3706 1η
684 3652 877 3709 Tuscia
909 3655 1086 3711 natale
1112 3656 1283 3713 sancti
1312 3656 1561 3728 Torpetis
1590 3659 1846 3730 martyris
1878 3658 1979 3713 sub
2006 3657 2109 3712 Ne-

528 3760 659 3801 rone
694 3748 960 3818 principe.
990 3749 1089 3804 Hic
1129 3760 1356 3822 magnus
1387 3751 1442 3805 in
1478 3750 1653 3808 cilicio
1681 3752 1910 3807 Czesaris
1943 3740 2115 3807 Nemi:

527 3839 612 3893 nis
644 3838 762 3904 fuit,
791 3848 846 3893 et
882 3855 911 3893 a
949 3841 1106 3896 beato
1145 3843 1417 3897 Antonino
1458 3845 1776 3916 presbytero
1806 3844 2111 3914 baptizatus

526 3942 581 3988 et
611 3933 664 3987 in
702 3933 807 3989 fide
834 3932 1034 3989 Christi
1078 3936 1322 3991 eruditus
1362 3944 1464 3990 est.
1496 3935 1649 3991 Hunc
1685 3936 1825 3992 Nero
1851 3954 1973 3993 cum
2019 3954 2111 3994 co-

528 4026 807 4091 gnovisset
831 4040 952 4080 esse
976 4026 1379 4093 Christianum,
1401 4028 1620 4084 tradidit
1649 4031 1860 4086 cuidam
1892 4034 2112 4102 prapins

529 4128 638 4185 quo
683 4131 780 4169 suo
830 4116 1107 4179 Satellico,
1155 4127 1215 4172 ut
1259 4118 1561 4190 impelleret
1608 4135 1729 4175 eum
1779 4123 2107 4178 sacrificare.

531 4206 637 4261 Sed
665 4222 786 4262 cum
818 4207 1008 4277 spiritu
1037 4209 1131 4264 Dei
1159 4210 1517 4278 confortatus,
1545 4221 1599 4267 et
1628 4213 1679 4267 in
1706 4211 1812 4268 ﬁde
1834 4213 2110 4281 fundatus,

530 4298 614 4352 vir
652 4299 839 4353 beatus
876 4299 1164 4355 immobilis
1210 4311 1571 4371 permaneret,
1618 4301 1745 4358 fecit
1782 4318 1906 4378 eum
1941 4304 2113 4359 Satel-‘

530 4390 666 4447 licus
712 4390 904 4461 alapis,
948 4391 1078 4446 caedi
1118 4401 1173 4447 et
1212 4393 1429 4463 ligatum
1467 4394 1533 4449 ad
1581 4393 1883 4449 columnam
1926 4395 2113 4450 tandin

530 4480 846 4536 verberibus
874 4480 1029 4545 allici,
1065 4496 1345 4551 quousque
1371 4484 1589 4553 sanguis
1618 4486 1864 4554 guttatim
1898 4485 1965 4541 de
1993 4501 2113 4540 cor-

531 4587 662 4643 pore
692 4572 858 4642 ipsius
895 4572 1173 4628 detlueret.
1209 4572 1316 4628 Sed
1343 4573 1525 4628 subito
1551 4575 1675 4629 dum
1710 4586 1917 4647 martyr
1947 4578 2116 4631 caade-
2142 4583 2194 4644 ῐ)

533 4672 704 4728 retur,
745 4663 993 4718 columna
1036 4665 1236 4720 cadens
1275 4665 1546 4736 oppressit
1568 4664 1827 4734 judicem,
1869 4677 1924 4723 et
1953 4669 2113 4738 quin-

531 4758 788 4827 quaginta
814 4773 937 4813 cum
977 4774 1043 4816 eo
1073 4758 1240 4813 viros.
1278 4758 1407 4814 Inde
1436 4767 1617 4815 tentus
1641 4777 1672 4815 a
1701 4761 1987 4828 ministris,
2020 4779 2116 4833 po-

533 4851 670 4907 situs
702 4860 789 4906 est
820 4850 876 4907 in
908 4858 1049 4906 rota.
1074 4849 1270 4906 Postea
1299 4850 1432 4907 feris
1455 4852 1709 4922 objicitur
1733 4868 1764 4907 a
1802 4852 1912 4909 lilio
1941 4854 2117 4910 Satel.

533 4946 654 5011 lici,
702 4946 920 5015 nomine
974 4944 1184 5017 Sylvio,
1239 4946 1334 5001 sed
1400 4946 1625 5001 minime
1691 4947 1761 5001 ab
1808 4946 1894 5003 his
1934 4948 2112 5004 laesus.

531 5037 697 5106 Cujus
720 5037 1107 5108 constantiam
1135 5044 1192 5092 et
1240 5037 1492 5091 virtutem
1520 5036 1737 5106 quidam
1774 5037 2114 5099 consiliarius

533 5134 762 5188 Nemnis
787 5131 1023 5187 Evellius
1044 5130 1261 5187 nomine
1289 5131 1601 5200 inspiciens,
1622 5129 1843 5186 Christo
1859 5127 2115 5184 credidit.

530 5227 609 5281 Ac
634 5235 758 5297 post
803 5224 1083 5295 paululum
1106 5223 1412 5295 baptizatus
1449 5223 1746 5279 decollatus
1773 5231 1857 5277 est
1886 5222 1939 5276 in
1981 5221 2117 5276 urbe

530 5321 703 5376 Busta
744 5334 778 5373 v
806 5315 1275 5383 Kalendas‘lhii,
1319 5316 1673 5388 martyriiqne
1717 5315 1920 5369 lionore
1956 5327 2115 5368 coro-
2224 5360 2233 5368 .

533 5423 714 5469 nauis.
753 5410 863 5468 Sed
907 5419 967 5467 et
1004 5411 1197 5465 beatus
1238 5409 1443 5479 Turpes
1484 5407 1711 5476 iubente
1744 5405 1928 5477 Sylvio
1972 5404 2118 5460 foras

535 5506 807 5562 civitatem
849 5501 1101 5557 Pisanam
1148 5500 1343 5555 ductus
1390 5497 1745 5555 decollatione
1796 5496 2114 5566 martyrium

543 5604 690 5657 Itum
713 5594 1003 5666 complevit
1029 5609 1089 5649 In
1120 5592 1386 5648 Kalendas
1424 5590 1567 5646 Maii.
1594 5589 1766 5658 Hujus
1792 5604 1992 5661 corpus
2016 5590 2117 5643 mi-

542 5687 696 5749 sistri
728 5685 954 5742 smleris
999 5684 1308 5755 impositum
1366 5697 1505 5753 pene
1562 5680 1746 5737 fractae
1789 5688 1843 5737 et
1889 5680 2116 5735 cariosa:

587 5831 613 5858 ι
646 5817 869 5888 Gregor.
902 5817 1034 5875 Tur.
1063 5817 1131 5872 de
1150 5815 1336 5873 Gloria
1369 5823 1693 5886 martyrum,
1728 5830 1773 5870 c.
1807 5813 1927 5868 I02.

2138 3226 2186 3290 C

2142 1862 2193 1924 Β
2217 1867 2307 1923 riti
2352 1868 2666 1924 ceciderunt
2705 1871 2958 1933 ministri.
3004 1873 3309 1940 Nouissime
3351 1876 3572 1934 laminis
3607 1883 3812 1937 arden-

2221 1961 2364 2018 tibus
2391 1962 2617 2020 adustus
2643 1967 2965 2037 martyrium
2988 1972 3408 2035 consummauit.

2700 2076 2762 2131 Ρ.
2797 2076 2915 2135 XIV
2952 2080 3109 2136 ΚΑΙ..
3138 2078 3329 2138 IUNII.

2855 2171 2950 2241 (19
2987 2166 3193 2244 Mat):
3236 2188 3269 2216 ~‘w
3324 2210 3327 2215 η
3414 2212 3421 2217 -

2292 2258 2515 2326 Roma,
2570 2261 2771 2317 natalis
2830 2256 3425 2325 sanctarPud'entiénae
3472 2272 3563 2326 vel
3617 2272 3818 2331 Potens

2219 2352 2396 2410 tianae.
2427 2353 2676 2424 virginis,
2719 2369 2840 2426 quae
2882 2352 3513 2431 illustrissimiwg'ebeﬁs,
3552 2363 3819 2427 Pudentis

2219 2443 2479 2516 discipuil'
2496 2445 2673 2501 sancti
2699 2445 2850 2501 Pauli
2886 2447 3136 2519 apostoli»
3148 2449 3257 2507 lilia
3287 2450 3395 2507 fuit
3412 2464 3429 2518 ς
3446 2454 3616 2523 cujus
3642 2448 3819 2515 mater

2221 2536 2516 2602 Sabinella,
2545 2551 2702 2594 soror
2724 2544 2859 2595 Vero?
2874 2538 3637 2616 Praxedls'vquaspﬁssimus
3661 2554 3819 2623 pater

2218 2641 2419 2684 earum-
2432 2626 2689 2685 nPudens<
2709 2640 2779 2684 tn‘
2796 2632 2949 2687 omni
2982 2623 3254 2705 mlificus
3268 2668 3271 2671 -
3286 2630 3507 2694 Emisti
3548 2642 3814 2710 erudivit,

2220 2720 2569 2791 virginesque
2598 2718 2821 2777 Christo
2850 2718 3274 2795 reliqultvrQu‘a‘,
3300 2731 3663 2799 postobitum
3695 2740 3817 2789 san-

2220 2813 2295 2868 cti
2324 2804 2501 2882 patris
2545 2813 2600 2867 in
2634 2815 3223 2874 munixexercitatione
3262 2810 3481 2891 pietatis
3518 2824 3594 2880 ita
3625 2840 3818 2883 excre-

2219 2910 2443 2968 verunt,
2473 2911 2535 2959 ut
2566 2913 2729 2965 nocte
2759 2903 2957 2977 dieque
2989 2909 3576 2985 incusantem-minis
3611 2926 3670 2972 et
3695 2932 3819 2975 ora-

2218 2994 2456 3051 tionibus
2502 2996 2854 3071 cunyfemina
2897 3015 2996 3056 sua
3026 2998 3261 3058 Domino
3300 3003 3649 3073 inservirent,
3690 3010 3820 3067 δαι-

2221 3086 2430 3145 tissimo
2463 3088 2559 3145 Pio
2597 3092 2747 3147 urbis
2775 3093 3030 3165 episcopo
3056 3110 3182 3152 cum
3209 3090 3290 3153 eis
3336 3094 3391 3155 in
3426 3103 3685 3161 laudibus
3728 3109 3820 3163 Dei

2218 3182 2595 3253 participante.
2638 3182 3158 3244 'Bemunerationem
3204 3184 3506 3264 igiturle
3555 3195 3820 3265 piissimis

2214 3268 2487 3327 laboribus
2513 3273 2626 3327 suis
2642 3282 3018 3344 percepturus,
3046 3292 3189 3349 quos
3212 3290 3314 3349 per
3340 3281 3569 3350 gratiam
3596 3283 3816 3344 Chrisni

2214 3364 2487 3420 [luctuose
2512 3368 3056 3437 consummaverunt;
3089 3379 3213 3441 post
3238 3374 3555 3431 innumeros
3574 3382 3814 3447 agones,

2213 3463 2337 3525 post
2367 3454 2654 3511 multorum
2686 3466 2986 3531 martyrum
3013 3463 3395 3520 venerabiliter
3420 3467 3705 3523 exhibitas
3736 3486 3819 3526 se-

2092 3584 2097 3589 .
2212 3546 2480 3616 maturas,
2512 3557 2634 3619 post
2676 3563 2869 3607 omnes
2898 3551 3184 3612 facultates
3230 3571 3360 3613 suas
3410 3554 3466 3614 iit
3506 3561 3817 3620 visceribus

2214 3642 2510 3711 pauperum
2538 3639 2797 3707 inclusas,
2839 3642 3164 3715 Christoque
3191 3645 3426 3704 fideliter
3462 3654 3816 3708 commas-

2216 3738 2323 3796 tas,
2366 3730 2583 3786 tandem
2625 3732 2691 3787 de
2724 3733 2887 3789 terris
2934 3736 3004 3789 ad
3050 3734 3325 3792 Christum
3376 3738 3811 3811 migraret-unt:

2217 3822 2534 3879 Potentiana
2561 3826 2889 3883 venerabilis
2915 3829 3322 3899 quartodecimo
3349 3830 3613 3889 Kalendas
3636 3834 3811 3902 Junii,

2217 3914 2393 3984 posita
2438 3916 2493 3970 in
2530 3917 2844 3973 cmmeterio
2865 3917 3126 3975 Priscilla:
3151 3920 3237 3975 via
3267 3922 3476 3977 Salaria
3500 3938 3515 3989 ;
3542 3920 3813 3984 Praedia

2218 4020 2348 4061 vero
2390 4007 2540 4079 virgo
2585 4023 2739 4079 aeque
2782 4011 3127 4067 sanctissima
3160 4013 3490 4079 duodecimo
3533 4014 3815 4075 Kalendas

2219 4099 2481 4171 Augusti,
2517 4109 2571 4155 et
2611 4102 2725 4171 ipsa
2760 4117 2882 4157 cum
2917 4118 3105 4159 sorore
3138 4106 3292 4176 juxta
3319 4108 3526 4177 patrem
3554 4120 3810 4166 sanctum

2219 4191 2518 4248 Pudentem
2548 4194 2742 4263 posita.
3176 4198 3181 4205 ’
3402 4240 3411 4249 .

2222 4304 2234 4321 ε
2289 4282 2491 4339 Eodem
2530 4283 2648 4354 ipso
2675 4284 2783 4350 die,
2814 4285 3114 4342 beatissimi
3143 4286 3404 4345 Pudentis
3426 4290 3600 4362 patris
3639 4309 3805 4367 supra

2221 4374 2621 4431 neminatarum
2670 4375 2973 4446 virginum,
3020 4379 3113 4447 qui
3163 4379 3235 4434 ab
3283 4381 3541 4450 apostolis
3585 4383 3807 4443 Christo

2222 4463 2276 4518 ia
2325 4463 2611 4533 baptismo.
2640 4465 2899 4532 vestitus,
2934 4468 3282 4531 innocentem
3336 4473 3573 4528 tunicam
3634 4491 3805 4546 usque

2222 4556 2289 4611 ad
2343 4570 2601 4611 coronam
2639 4556 2765 4612 vita:
2819 4558 3165 4615 immaculate
3210 4563 3534 4631 custodivit,
3578 4575 3639 4621 et
3686 4582 3801 4622 ser-

2221 4646 2385 4701 vavit.
2793 4672 2801 4681 -
2924 4696 2931 4701 .
3222 4680 3233 4701 ι
3480 4682 3487 4699 .
3608 4686 3611 4687 ν

2289 4736 2419 4792 Item
2460 4737 2667 4803 Romae,
2711 4738 2906 4794 natalis
2943 4750 3252 4798 sanctorum
3278 4743 3560 4813 Caloeeri,
3585 4756 3645 4802 et
3674 4747 3804 4803 Pan-

2218 4829 2365 4885 tbeni
2410 4830 2786 4886 cunuchorum
2833 4831 3018 4891 uxoris
3064 4832 3212 4890 Decii
3267 4836 3618 4907 imperatoris
3652 4857 3668 4892 :
3706 4839 3798 4908 qui

2218 4936 2339 4976 cum
2382 4929 2585 4986 essent,
2621 4936 2761 4976 unus
2800 4923 3121 4993 praepositus
3150 4925 3334 4992 cubili,
3366 4927 3509 4984 alter
3544 4929 3800 4999 primice-

2217 5010 2351 5076 rius,
2384 5012 2626 5067 nolentes
2658 5012 3173 5093 sacriﬁcare-idolis,
3203 5030 3234 5070 a
3262 5016 3427 5081 Decio
3452 5019 3625 5075 occisi
3652 5030 3795 5076 sunt.

2217 5101 2455 5173 Corpora
2487 5117 2675 5157 eorum
2699 5100 2852 5171 juxta
2899 5106 3040 5160 viam
3069 5105 3297 5179 Appiam
3338 5110 3512 5180 posita
3550 5127 3643 5168 XIV
3686 5111 3795 5167 Ka-

2217 5194 2404 5287 lendas
2432 5195 2597 5252 Junii.

2685 5309 2752 5367 G.
2784 5309 2901 5367 XIII
2937 5311 3097 5369 ΚΑΒ.
3128 5310 3321 5371 ιυΝιι.

2618 5454 2621 5455 ,
2859 5402 3165 5475 (εοιάί.)
3352 5416 3557 5464 κη..
3696 5432 3795 5445 --

2225 5542 2231 5548 .
2290 5489 2479 5547 Roma
2506 5491 2595 5547 via
2622 5490 2855 5560 Salaria,
2881 5493 3077 5552 natalis
3101 5504 3302 5552 sancta
3320 5496 3541 5557 Basilla
3570 5499 3796 5571 unum

2219 5592 2275 5641 et
2315 5586 2574 5657 martyris
2598 5586 2649 5639 ι.
2680 5585 2812 5654 Quae
2835 5602 2959 5641 cum
2986 5597 3135 5643 esset
3176 5603 3246 5644 ex
3289 5604 3491 5659 genere
3533 5592 3698 5664 legio,
3742 5604 3799 5651 et

2222 5675 2447 5730 haberet
2469 5692 2725 5746 sponsum
2755 5678 3173 5736 illustrissimum
3199 5681 3431 5737 nomine.
3460 5681 3791 5758 Pompeium,

2295 5814 2323 5855 ιι
2354 5815 2428 5868 De
2460 5829 2524 5869 ea
2557 5816 2611 5871 in
2644 5817 2808 5886 gestis
2837 5818 2893 5873 S.
2920 5816 3177 5889 Eugeniae
3196 5816 3265 5874 25
3291 5817 3546 5883 Deceml).
