3962 6366
847 377 1455 441 ΜΑιιτγιιοιοαιυυ
1493 326 1642 434 (iuri
1677 371 1781 430 an:

1906 367 2216 426 \MENTIS.
2250 366 2329 411 ⁸-
2358 366 2569 430 MENS.
2611 363 2770 422 MA".

3343 347 3467 415 270'

140 504 263 581 per
294 511 511 565 beatam
542 501 838 571 Eugeniam
868 507 923 553 et
954 504 1174 553 sanctos
1221 493 1316 550 Dei
1365 492 1513 547 viros
1540 487 1762 544 Protam
1790 487 1838 547 Α
1937 482 1966 523 ι’
1994 481 2053 537 In
2080 480 2287 558 Galliis,
2319 480 2538 536 civitate
2574 476 2855 540 Nannetis,
2890 473 3085 529 natalis
3118 471 3218 526 SS.
3248 476 3453 540 marty‘

144 578 292 673 ἰαί..
338 593 589 666 Protum]
633 600 687 645 et
734 587 1098 662 Hyacinthum
1141 596 1406 641 conversa
1458 579 1525 635 ad
1573 578 1763 642 Iidem,

146 668 428 748 accusata
471 697 557 743 est
585 700 616 739 a
646 682 874 754 praefato
902 692 1103 751 sponso
1131 689 1231 731 suo
1256 673 1401 745 quod
1443 678 1585 728 esset
1612 668 1771 725 Chri-

147 787 374 843 stiana.
419 777 669 836 Decrevit
714 773 974 830 continuo
1016 768 1295 827 Gallienus
1327 765 1632 835 Augustus,
1675 759 1767 831 qui

151 887 300 934 tunc
328 872 534 931 Christi
565 867 998 942 persequebatur
1040 860 1358 925 Ecclesiam,
1392 864 1451 912 ut
1486 863 1582 910 aut
1609 869 1769 925 spon-

152 985 290 1026 sum
351 968 652 1035 reciperet,
699 967 792 1014 aut
841 957 1022 1029 gladio
1068 953 1336 1009 interiret.
1378 949 1658 1006 Conventa
1704 946 1771 1002 de

154 1063 273 1117 hoc
339 1055 636 1129 reSpondit,
676 1069 736 1109 se
766 1051 965 1120 Regem
1010 1062 1196 1119 regum
1229 1057 1487 1116 sponsum
1534 1042 1769 1106 habere,

153 1153 260 1223 qui
314 1159 404 1207 est
449 1147 700 1203 Christus
731 1142 900 1200 Filius
930 1140 1047 1195 Dei.
1096 1139 1313 1193 Etcum
1364 1135 1471 1190 hoc
1518 1133 1768 1197 dixisset,

156 1244 359 1318 gladio
389 1238 831 1297 transverberata
861 1243 965 1291 est.

243 1352 272 1381 ι
312 1337 515 1392 Eodem
543 1334 633 1389 die
653 1332 721 1387 in
740 1330 928 1387 Galliis
946 1371 960 1396 ,
987 1329 1207 1384 civitate
1239 1324 1508 1381 Nemauso
1531 1365 1544 1389 ,
1573 1323 1773 1380 natalis

122 1453 129 1457 '
162 1428 419 1486 Bandeiii
467 1427 724 1498 martyris
762 1440 776 1478 :
817 1424 908 1496 qui
949 1438 978 1478 a
1023 1422 1247 1494 paganis
1285 1424 1508 1475 deorum
1548 1432 1771 1474 suorum

166 1523 430 1580 sacrifica
461 1516 863 1575 celebrantibus
904 1516 1328 1585 comprehensus
1395 1526 1519 1567 cum
1556 1509 1771 1565 sacriﬁ-

168 1626 309 1668 care
338 1609 524 1672 nollet,
546 1617 603 1663 et
624 1607 678 1661 in
703 1606 808 1661 fide
834 1603 1039 1660 Christi
1064 1595 1523 1658 immobilis’inter
1543 1599 1773 1655 verbera

173 1714 237 1757 et
278 1708 551 1757 tormenta
579 1697 921 1769 persisteret,
968 1692 1215 1765 martyrii
1258 1691 1496 1763 palmam
1531 1690 1771 1760 pretiosa

179 1802 358 1849 morte
383 1789 644 1862 percepit.

659 1880 726 1935 A.
762 1878 856 1934 XII
892 1876 1049 1932 KAL.
1091 1872 1285 1931 JUNII.

831 1969 916 2039 (si
961 1967 1141 2034 Maii.)

248 2068 310 2123 In
345 2064 670 2122 Mauritania
707 2061 1030 2119 Caesariensi
1053 2098 1069 2124 ,
1104 2058 1302 2114 natalis
1337 2064 1652 2113 sanctorum
1682 2054 1775 2111 Ti-

179 2161 385 2217 mothei
413 2200 429 2225 ,
481 2157 618 2213 Pelii
661 2164 718 2211 ct
772 2154 1024 2227 Eutycbii
1076 2154 1459 2216 diaconorum;
1497 2151 1590 2222 qui
1632 2148 1776 2219 apud

178 2251 465 2324 putatam
494 2248 769 2319 regionem
814 2247 1037 2302 verbum
1068 2242 1283 2299 Domini
1326 2241 1774 2307 disseminantes,

178 2343 391 2413 pariter
418 2338 669 2396 coronari
698 2344 1031 2393 meruerunt.

254 2434 390 2489 item
417 2432 560 2504 apud
580 2431 883 2488 Caesaream
913 2428 1286 2500 Cappadociae,
1315 2426 1507 2483 natalis
1536 2424 1638 2483 SS.
1672 2424 1778 2481 Poe-

182 2520 410 2591 lveuoti,
455 2522 698 2587 Victorii,
727 2520 944 2575 Donati.

223 2645 227 2649 ν
686 2613 747 2668 Β.
789 2612 857 2668 XI
897 2610 1055 2667 KAL.
1095 2609 1291 2667 JUNII.

831 2703 925 2777 (22
965 2702 1144 2771 Maii.)

266 2796 327 2852 in
353 2794 557 2864 Africa,
605 2794 706 2853 SS.
754 2794 902 2853 Casti
958 2801 1015 2850 et
1069 2791 1304 2858 )Emilii,
1336 2791 1429 2860 qui
1454 2804 1554 2860 per
1594 2789 1776 2861 ignem

188 2887 467 2959 passionis
514 2888 836 2959 martyrium
872 2890 1408 2941 consummaverunt.
1440 2880 1642 2936 Scribit
1668 2879 1776 2952 Cy-

187 2978 416 3049 prianus
442 2978 499 3033 in
528 2978 668 3034 libro
697 2979 764 3034 de
788 2977 954 3047 lapsis
981 2975 1120 3046 (cap.
1152 2973 1230 3041 6).

259 3073 469 3129 Eodem
506 3073 595 3128 die
620 3073 760 3143 apud
794 3070 1097 3127 Corsicam.
1153 3067 1212 3123 8.
1238 3064 1412 3130 Julian,
1451 3079 1572 3135 quae
1598 3076 1779 3120 crucis

189 3167 459 3239 supplicio
491 3178 648 3236 passa
672 3174 778 3220 est.

691 3254 753 3311 C.
793 3252 843 3308 Χ
876 3252 1033 3307 ΚΑΙ..
1072 3249 1265 3307 JUNII.

830 3343 923 3414 (es
960 3339 1138 3412 Maii.)

268 3439 433 3511 Apud
486 3437 777 3508 Lingones,
809 3433 991 3505 passio
1022 3431 1196 3488 sancti
1223 3428 1488 3486 Desiderii
1518 3427 1781 3498 episcopi,

193 3534 291 3607 qui
346 3529 741 3609 cnm’plebem
777 3541 931 3582 suam
983 3525 1053 3579 ab
1099 3522 1344 3579 exercitu
1392 3517 1783 3602 Wandalorum

195 3626 403 3682 vastari
431 3630 696 3688 cerneret,
729 3620 796 3675 ad
828 3634 1007 3691 regem
1035 3632 1254 3682 eorum,
1292 3630 1389 3685 pro
1418 3628 1481 3669 ea
1509 3613 1783 3683 supplica-

206 3729 364 3775 turus
388 3717 552 3772 exivit
583 3733 598 3769 :
631 3730 661 3768 a
688 3727 794 3783 quo
822 3694 1004 3766 statim
1029 3706 1267 3780 iugulari
1293 3704 1477 3775 jussus
1503 3721 1517 3769 ;
1543 3719 1639 3776 pro
1664 3703 1784 3757 ovi-

203 3812 311 3866 bus
348 3808 444 3863 sibi
470 3805 689 3862 creditis
712 3802 982 3859 cervicem
1010 3799 1240 3854 libenter
1270 3796 1535 3861 tetendit,
1576 3801 1631 3848 et
1660 3809 1784 3863 per-

199 3916 396 3958 cussus
426 3898 627 3969 gladio,
653 3895 903 3966 migravit
929 3892 998 3948 ad
1022 3889 1317 3946 Christum.
1343 3887 1638 3944 Percussor
1658 3900 1787 3939 vero

196 3990 323 4062 eius
366 4006 490 4046 mox
528 3986 763 4043 amentia
791 3991 1076 4054 correptus
1123 3980 1348 4037 interiit.
1405 3976 1660 4049 Sepultus
1704 3984 1788 4031 est

198 4083 404 4139 ibidem
427 4082 613 4135 beatus
640 4084 868 4146 martyr,
898 4074 949 4128 in
980 4071 1208 4127 basilica
1224 4068 1379 4137 juxta
1402 4067 1554 4123 urbis
1579 4080 1784 4130 muros,

196 4174 349 4246 quod
379 4172 612 4227 lldeliutn
637 4167 867 4240 populus
893 4182 923 4220 a
953 4163 1173 4220 Christo
1195 4162 1245 4216 ei
1277 4159 1620 4223 commissus,
1647 4170 1786 4228 pra:-

196 4269 365 4338 cipuo
392 4264 558 4335 ipsius
587 4276 774 4317 amore
801 4298 817 4324 ,
865 4266 921 4312 et
950 4256 1037 4326 pia
1062 4253 1349 4309 devotione
1375 4249 1442 4305 ad
1467 4247 1685 4304 tutelam
1714 4247 1791 4302 cis

197 4359 353 4414 vium
384 4354 500 4409 ﬁeri
530 4349 862 4424 procuravit.
886 4346 1039 4404 Passi
1070 4352 1197 4402 sunt
1233 4352 1411 4399 autem
1455 4355 1580 4395 cum
1624 4354 1690 4394 eo
1738 4345 1793 4395 et

195 4449 389 4522 plures
433 4445 522 4500 alii
564 4444 632 4500 de
679 4455 906 4497 numero
932 4438 1114 4510 gregis
1143 4436 1248 4501 sui,
1279 4443 1335 4490 et
1362 4432 1506 4504 apud
1543 4434 1792 4487 eamdem

199 4542 401 4598 urbem
429 4536 655 4595 conditi.

697 4627 758 4683 D.
798 4625 871 4681 1x
907 4623 1064 4680 KAL.
1105 4618 1295 4691 JUNII.

846 4716 937 4787 (at
960 4714 1153 4795 παῖε.)

203 4906 301 4964 nei
333 4904 472 4979 (Act.
499 4902 646 4974 xm),
676 4900 915 4957 doctoris
940 4909 994 4954 et
1019 4901 1297 4971 prophetae
1324 4900 1424 4955 sub
1450 4898 1626 4971 gratia
1658 4896 1797 4953 Novi

204 4995 584 5063 Testamenti,
626 4994 766 5065 apud
826 4992 1171 5048 Antiochiam
1234 4994 1288 5047 in
1357 4992 1571 5048 Christo
1643 4991 1795 5062 quie-

205 5089 418 5146 scentis
1010 5070 1013 5073 ’
1792 5148 1795 5153 ι

284 5183 419 5237 item
432 5179 759 5235 beatissima:
770 5176 988 5233 Joanne:
1008 5177 1195 5233 uxoris
1215 5175 1409 5251 Chusre
1427 5176 1799 5247 procuratoris

207 5272 464 5339 Herodis;
492 5287 655 5343 quam
681 5278 1109 5347 commemorant
1129 5267 1474 5343 evangelistze
1502 5268 1654 5340 (Luc.
1679 5284 1793 5334 vin,

208 5377 259 5423 et
288 5365 461 5439 xxrv).

284 5457 419 5513 item
456 5456 510 5529 in
540 5450 707 5527 Portu
732 5452 1000 5527 Romano,
1032 5452 1227 5511 natalis
1257 5450 1317 5508 S.
1349 5449 1617 5508 Vincentii
1645 5464 1794 5506 mar-

212 5536 375 5623 tyrils.

290 5696 316 5724 ο
355 5682 519 5753 Grcg.
549 5680 680 5735 Tur.
703 5680 770 5735 de
797 5679 982 5753 Cloria
1007 5686 1191 5743 mart.,
1212 5692 1260 5732 c.
1281 5677 1377 5753 j8.

293 5754 321 5793 ι’
356 5747 517 5824 Greg.
543 5753 672 5806 Tur.
698 5752 762 5805 de
784 5750 964 5824 Gloria
987 5759 1245 5824 mart.,_c_.

295 5836 316 5864 ε
365 5823 437 5878 De
465 5816 529 5878 co
556 5825 605 5878 in
634 5824 798 5893 gestis
823 5821 880 5877 S.
910 5821 1140 5884 Ceciliae,
1172 5819 1243 5874 2‘2
1268 5816 1401 5873 Nov.

1805 3214 1852 3277 0

1810 4572 1867 4634 D

1792 4718 1799 4789 ς
1893 4708 2020 4766 Julii
2043 4710 2145 4782 qui
2160 4719 2404 4778 tempore
2425 4707 2822 4778 persecutionis
2848 4722 2970 4765 cum
2996 4716 3141 4762 esset
3170 4716 3482 4773 veteranus,

278 4809 486 4867 Natalis
512 4809 569 4864 S.
602 4804 867 4881 Dianahen
895 4846 910 4872 ,
944 4803 1172 4865 Herodis
1204 4803 1495 4863 tetrarchae
1538 4801 1797 4858 collecta:

1871 590 1988 631 rum
2021 572 2305 630 Donatiani
2332 582 2387 628 ct
2409 570 2693 644 Rogatiani
2726 568 2974 623 fratrum.
3052 578 3053 583 ‘
3250 582 3255 585 ·

1877 662 1903 687 τ’
1939 664 1997 720 1η
2027 664 2202 732 lstria,
2233 663 2429 720 natalis
2476 642 2574 718 ss.
2621 659 2800 723 Joelli,
2848 657 3097 720 Sirvilii,
3145 656 3366 727 Sylvani
3396 642 3454 710 et

1872 757 2089 816 Dioclis.
2744 786 2749 789 -
3442 741 3449 765 ⁵

2331 849 2391 903 E.
2435 845 2547 904 Vili
2586 843 2977 929 ΚΑιχιυΝιι.
3288 872 3297 879 .
3342 856 3348 863 -
3434 836 3450 864 ι

2277 925 2280 929 ’
2403 925 2849 1011 "(25Maiiz)’
3034 948 3041 955 τ
3344 950 3353 957 ·

1944 1047 1965 1074 ο
2001 1034 2183 1090 Romae
2210 1032 2299 1086 via
2321 1029 2757 1094 Numentanaﬁn
2786 1026 3100 1085 cmmeterio
3120 1016 3453 1087 Praetextati’,

1872 1128 2071 1186 natalis
2121 1126 2294 1183 sancti
2343 1124 2541 1180 Urbani
2585 1123 2822 1194 episcopi
2880 1130 2935 1176 et
2993 1108 3461 1192 martyrisCujus

1872 1222 2140 1286 doctrina,
2178 1220 2278 1275 sub
2306 1217 2688 1289 persecutione
2716 1214 3033 1279 Alexandri,
3069 1212 3223 1268 multi
3255 1224 3463 1283 marty-

1873 1312 1956 1389 rio
1981 1311 2227 1366 coronati
2256 1318 2402 1365 sunt.

1945 1405 2262 1469 Mediolani,
2309 1403 2370 1461 S.
2423 1403 2662 1475 Dionysii
2700 1400 2945 1481 episcopi
3001 1407 3057 1456 et
3110 1396 3460 1455 confessoris.

1874 1499 1976 1566 Qui
2026 1498 2094 1553 ab
2142 1498 2470 1567 imperalore
2497 1494 2813 1551 Constantio
2843 1492 3046 1548 Ariano
3073 1491 3211 1560 apud
3256 1488 3465 1558 Cappa-

1873 1590 2084 1646 dociam
2109 1603 2208 1660 pro
2239 1588 2343 1643 [ide
2375 1586 2640 1644 catholica
2665 1568 2953 1639 damnatus
2992 1570 3215 1647 exsilio,
3259 1582 3460 1637 ibidem

1876 1680 2162 1754 requievit.
2204 1678 2484 1752 Reliquias
2510 1678 2752 1748 corporis
2789 1677 2924 1751 ejus,
2969 1691 3066 1748 per
3089 1683 3335 1730 sanctum
3367 1663 3466 1727 Ba?

1875 1773 2058 1830 silium
2084 1772 2324 1846 praefatae
2362 1772 2513 1827 urbis
2547 1771 2859 1847 episcopum
2906 1778 3174 1841 receptas,
3224 1767 3286 1822 Β.
3334 1766 3466 1821 Am-

1802 1846 1851 1910 Β
1878 1865 2095 1921 brosius
2123 1864 2389 1935 condigno
2417 1863 2624 1918 honore
2656 1846 2916 1937 condidit.

1943 1956 1971 1997 ει
2004 1956 2205 2012 Eodem
2235 1955 2323 2010 die
2353 1954 2495 2026 apud
2528 1954 2796 2025 Maesiam.
2850 1950 3074 2009 civitate
3127 1949 3424 2003 Dorostoro
3447 1985 3465 2013 ,

1874 2047 2070 2103 natalis
2096 2054 2410 2102 sanctorum
2426 2052 2728 2115 martyrum
2746 2039 3464 2104 Passicratis,Valentionis.

1873 2148 1930 2196 et
1954 2139 2188 2213 aliorum
2217 2138 2447 2194 duorum
2479 2145 2890 2193 coronatorum.

1947 2231 2156 2296 Romae,
2207 2230 2512 2285 Eleutherii
2556 2244 2725 2300 papre.
2780 2227 2878 2282 Hic
2915 2226 3124 2297 accepit
3152 2225 3468 2297 epistolasa

1874 2320 2044 2401 Lucio
2074 2321 2390 2385 Britannico
2434 2336 2561 2393 rege
2580 2360 2594 2386 ,
2623 2330 2683 2375 ut
2705 2334 2801 2391 per
2829 2318 2947 2389 ejus
2970 2316 3281 2373 mandatum
3305 2303 3465 2373 Chri4

1876 2416 2084 2473 stianus
2124 2416 2298 2473 ﬂeret.
2341 2416 2595 2487 Sepultus
2624 2413 2881 2484 estjuxta
2905 2426 3103 2482 corpus
3125 2410 3264 2468 beati
3314 2406 3465 2465 Petri

1874 2508 2127 2585 apostoli.

2366 2615 2429 2672 F.
2473 2615 2563 2672 V11
2600 2614 2755 2671 KAL.
2798 2612 2973 2671 JUNII

2517 2705 2609 2779 (ss
2656 2704 2836 2776 Maii.)

1955 2814 1979 2843 ο
2011 2802 2166 2875 Apud
2198 2800 2460 2863 Athenas,
2489 2799 2682 2854 natalis
2709 2798 2883 2855 sancti
2915 2796 3173 2866 Quadrati
3204 2795 3467 2867 episcopi,

1880 2893 2125 2966 discipuli
2156 2892 2544 2963 apostolorum.

1948 2985 2080 3041 Item
2110 2983 2307 3039 natalis
2327 2982 2385 3038 S.
2419 2980 2677 3050 Quadrati
2702 2979 2982 3051 martyris,
3011 2978 3067 3035 in
3091 2979 3249 3049 cujus
3273 2977 3472 3033 solem-

1880 3077 2053 3134 nitate
2079 3074 2137 3131 S.
2168 3073 2455 3146 Augustini
2488 3050 2755 3128 sermone.
2768 3050 2939 3125 habiti
2962 3069 3332 3125 inveniuntur.

1961 3168 1979 3208 ί
2018 3165 2304 3233 Romae,B.
2334 3174 2630 3236 martyrum
2677 3160 2990 3233 Symmetrii
3044 3159 3367 3233 presbyteri,
3418 3168 3474 3213 et

1883 3259 2111 3316 aliorum
2159 3259 2348 3330 viginti
2394 3258 2645 3320 duorum,
2696 3270 2832 3326 quos
2876 3254 3145 3309 Antonius
3178 3254 3474 3324 imperator

1883 3354 2062 3425 gladio
2113 3368 2210 3423 pro
2264 3351 2479 3408 Christo
2527 3351 2702 3422 puniri
2754 3350 2881 3405 fecit
2925 3363 3202 3419 :quorum
3249 3360 3476 3416 corpora

1884 3455 2045 3502 nocte
2082 3446 2237 3500 beata
2282 3444 2540 3503 Praxedis
2567 3443 2808 3513 collegit,
2838 3451 2893 3496 et
2914 3441 3162 3512 sepelivit
3193 3442 3245 3495 in
3275 3453 3479 3495 cmme-

1888 3536 2025 3592 terio
2057 3534 2336 3597 Priscillae,
2361 3536 2461 3589 sub
2483 3534 2570 3587 die
2594 3536 2825 3601 septimo
2847 3533 2965 3588 Kal.
2990 3531 3157 3587 Junii.

1959 3628 2140 3682 Tuder
2174 3627 2400 3690 Tusciae,
2435 3625 2629 3680 natalis
2669 3625 2768 3680 SS.
2797 3623 3154 3691 Felicissimi,
3197 3623 3431 3679 Heraclii
3459 3662 3478 3692 ,

1886 3720 2116 3775 Paulini.

1960 3814 2017 3868 ln
2054 3813 2327 3868 territorio
2351 3812 2778 3868 Antisiodorensi
2806 3852 2820 3876 ,
2853 3810 3034 3881 passio
3085 3810 3259 3866 sancti
3304 3808 3479 3866 Prisci

1890 3907 2148 3981 martyris
2169 3922 2291 3963 cum
2320 3906 2524 3977 ingenti
2555 3905 2918 3960 multitudine.

1960 4001 2020 4056 ln
2050 4001 2364 4065 Britanniis,
2391 4001 2448 4054 S.
2479 3999 2761 4071 Augustini
2784 3998 3021 4070 episcopi
3042 4007 3097 4054 et
3122 3997 3481 4054 confessoris;

1891 4094 1992 4162 Qui
2026 4094 2222 4150 missus
2248 4109 2275 4147 a
2308 4094 2468 4147 beato
2493 4108 2626 4163 papa
2658 4091 2941 4163 Gregorio,
2966 4092 3176 4160 primus
3202 4090 3345 4161 genti
3369 4089 3484 4144 An—

1892 4186 2101 4257 glorum
2139 4183 2341 4240 Christi
2371 4183 2721 4256 Evangelium
2774 4183 3105 4253 pnedicavit,
3145 4191 3315 4252 atque
3369 4181 3480 4235 illic

1897 4277 2190 4332 virtutibus
2219 4283 2275 4331 et
2307 4275 2582 4331 miraculis
2605 4274 2871 4346 gloriosus
2896 4276 2949 4328 in
2976 4274 3193 4330 Christo
3217 4274 3443 4344 quievit.

2383 4408 2448 4463 ϐ.
2493 4410 2556 4465 Vl
2592 4408 2747 4464 ΚΑΙ..
2789 4407 2981 4464 JUNII.

2538 4502 2627 4573 (27
2657 4500 2836 4573 Maii.)

1962 4616 2116 4689 Apud
2141 4617 2394 4682 Milesiam.
2425 4617 2647 4673 civitate
2667 4616 3069 4680 Dorostorensi,
3096 4614 3270 4670 natale
3301 4616 3475 4671 sancti

1894 4812 1951 4858 et
1977 4802 2218 4858 emeritae
2246 4800 2452 4856 militiae
2473 4840 2491 4863 ,
2517 4799 2944 4870 comprehensus
2970 4798 3041 4853 ab
3066 4795 3406 4863 oﬂicialibus,
3430 4807 3493 4852 et

1898 4894 2133 4948 Maximo
2166 4892 2384 4963 praesidi
2420 4891 2657 4957 oblatus.
2684 4891 2874 4947 nolens
2919 4888 3233 4945 sacriﬁcare
3280 4890 3439 4950 idolis
3466 4930 3483 4954 ,

1898 4993 1955 5039 et
1980 4999 2176 5039 nomen
2224 4982 2434 5047 Domini
2472 4982 2600 5039 Jesu
2643 4981 2843 5039 Christi
2889 4982 3330 5041 constantissime
3359 4997 3488 5037 con—

1905 5076 2095 5141 fessus,
2124 5076 2337 5147 capitali
2364 5077 2630 5133 sententia
2655 5076 2874 5146 punitus
2906 5085 3010 5131 est.
3039 5074 3281 5145 Cumque
3323 5073 3488 5130 duce-

1907 5178 2054 5241 retur
2103 5169 2169 5224 ad
2218 5169 2397 5224 locum
2419 5168 2586 5224 caedis
2614 5166 2915 5241 implenda,
2959 5167 3228 5238 Esychius
3267 5164 3501 5234 quidam-

1905 5261 2079 5329 miles,
2103 5276 2227 5316 cum
2270 5269 2325 5316 et
2376 5260 2494 5330 ipse
2540 5258 2611 5316 ob
2635 5258 2794 5315 ﬁdem
2823 5256 3031 5324 Christi
3066 5256 3488 5325 comprehensus

1906 5353 2240 5409 detineretur
2264 5393 2280 5420 ,
2310 5353 2535 5422 rogabat
2562 5365 2686 5406 eum
2713 5349 2900 5404 dicens
2929 5346 3173 5410 :Memor
3195 5354 3313 5401 esto
3337 5344 3442 5400 mei
3465 5382 3491 5411 .

1906 5464 2030 5507 nam
2063 5458 2117 5504 et
2153 5464 2253 5519 ego
2300 5447 2602 5517 subsequor
2648 5454 2719 5501 te.
2752 5442 3054 5499 Plurimum
3097 5442 3262 5497 etiam
3311 5442 3488 5498 saluta

1906 5540 2264 5597 Passicratem
2313 5546 2368 5592 et
2422 5536 2802 5615 Valentioneur
2834 5531 3065 5595 famulos
3110 5530 3225 5596 Dei,
3267 5531 3359 5601 qui
3388 5545 3490 5591 nos

1977 5671 2004 5711 ἀ
2042 5671 2231 5725 Ambr.
2256 5669 2415 5738 epist.
2442 5668 2510 5723 8'2
2532 5667 2598 5738 ad
2628 5665 2856 5721 Vcrccll.
2886 5659 3111 5720 Pontif.,
3136 5676 3184 5715 c.
3219 5662 3303 5717 H.

1984 5753 2009 5783 θ
2048 5739 2166 5795 Vid.
2197 5739 2430 5793 libellum
2460 5739 2523 5793 de
2546 5737 2692 5792 Fest.
2721 5745 2893 5806 apust.

1988 5811 2006 5852 ί
2047 5810 2395 5866 Possidonius
2426 5810 2585 5864 unius
2617 5806 2905 5865 meminit.-
