3962 6366
455 359 557 420 ειτι

1449 351 1505 407 S.
1538 351 1788 410 ADONIS
1827 354 2256 414 ARCHIEPISC.
2296 357 2707 414 VIENNENSIS

3622 357 3733 415 272

455 457 566 529 iam
590 469 689 529 per
708 454 905 510 bonam
925 453 1320 509 confessionem
1349 461 1744 521 praecesserunt
1764 449 1830 503 ad
1860 449 2043 504 Domi-
2071 509 2073 518 ι

2181 470 2246 510 ua
2274 454 2646 520 circumirent,
2701 454 2962 510 luctuosis
3002 453 3282 509 ornatibus
3328 451 3594 517 coronati,
3628 451 3729 508 Sa-

456 565 612 608 num-
642 545 818 602 ιιιιίιιε
841 560 973 602 vero
997 545 1271 602 οεθυιθιυε
1311 541 1604 614 Εεῐοιιίυιη
1632 540 1770 596 dim
1793 559 1806 595 ε
1829 540 2042 607 Frater.
2145 558 2306 605 turno
2345 549 2595 606 victimas
2621 549 2970 605 immolaturi.
3001 547 3155 604 Tunc
3189 556 3244 603 et
3276 547 3376 617 ipsi
3401 547 3728 618 apprehensi

457 642 665 700 festina
715 639 934 705 venire;
981 638 1238 694 mandata
1279 635 1424 691 enim
1472 642 1562 689 ῑυ³
1601 631 1720 702 iam
1759 632 2049 688 audierunt
2147 658 2180 697 a
2205 641 2548 698 multitudine
2579 643 2859 715 gentilium
2902 641 3184 697 immolare
3218 639 3496 709 jubentur.
3523 639 3733 708 Quibus

459 725 605 808 quos
635 731 904 789 salutasti.
922 729 1014 786 Sic
1027 737 1252 799 accepto
1273 725 1478 790 orario,
1505 723 1680 797 ligans
1708 723 1811 780 sibi
1837 722 2044 788 oculos,
2147 733 2560 799 reluctantibus,
2592 743 2743 789 tanta
2785 735 2930 789 caede
2976 737 3103 788 ευηι
3135 733 3379 796 mactati,
3414 739 3474 787 υι
3506 733 3597 786 vix
3636 747 3733 785 ει-

461 826 721 900 mar’tyrii
746 823 980 896 palmam
1003 821 1183 895 gladio
1207 819 1448 877 caedente
1483 817 1743 888 percepit.

2150 833 2382 880 tremum
2411 825 2657 896 spiritum
2694 826 2992 880 traherent.
3039 824 3258 879 Interim
3299 840 3404 878 una
3451 833 3614 878 nocte
3650 824 3736 877 di-

538 923 597 978 ln
626 919 836 983 Galliis,
873 916 1095 974 civitate
1125 913 1388 970 Arausica
1407 953 1422 978 ,
1459 910 1520 967 S.
1545 909 1789 979 Eutropii
1812 906 2050 979 episcopi

2180 925 2282 983 ata,
2320 933 2442 972 mox
2494 917 2810 989 pervenitur
2853 915 2920 971 ad
2962 931 3221 972 coronam
3271 916 3544 986 martyrii.
3596 914 3735 970 Nam

469 1013 628 1086 cujus
652 1011 842 1075 vitam,
870 1005 1135 1062 illustrem
1157 1004 1451 1059 virtutibus
1480 1018 1543 1058 ac
1555 1000 1851 1065 miraculis,
1879 997 2056 1055 Verus

463 1103 753 1176 episcopus
776 1096 1052 1156 luculento
1081 1109 1334 1153 sermone
1359 1093 1637 1150 describit.

971 1232 1038 1288 A.
1080 1229 1124 1285 ν
1165 1229 1324 1285 KAL.
1364 1227 1558 1286 JUNlI.

1100 1320 1192 1394 (28
1229 1319 1410 1389 Maii.)

2155 1018 2377 1065 sanctus
2411 1008 2682 1065 Sisinnius
2724 1009 2852 1064 tuba
2896 1023 3036 1063 aerea
3075 1023 3364 1078 percussus
3407 1008 3459 1062 in
3511 1009 3688 1079 capite
3717 1047 3738 1072 ,

2155 1111 2320 1171 atque
2363 1099 2644 1157 securibus
2696 1100 2978 1156 confossus
3005 1139 3020 1165 ,
3064 1099 3220 1169 juxta
3271 1099 3442 1171 ipsius
3490 1099 3743 1154 ecclesia:

2156 1191 2344 1246 limina
2377 1189 2726 1246 decubuerat.
2773 1189 3006 1246 Sanctus
3026 1205 3155 1244 vero
3183 1189 3472 1260 Martyrius
3496 1204 3744 1259 compre-

2158 1281 2359 1336 hensus
2391 1280 2540 1336 stetit
2565 1280 2879 1346 immobilis,
2909 1289 2964 1334 et
2991 1294 3156 1350 agens
3191 1278 3397 1348 gratias
3441 1277 3576 1343 Deo,
3628 1277 3747 1331 vul-

2159 1380 2379 1429 neratus
2399 1372 2576 1442 capite
2588 1373 2889 1438 securibus,
2907 1379 3069 1442 atque
3081 1370 3329 1427 subditus
3351 1370 3744 1436 transforatus,

543 1461 571 1490 ⁸
603 1442 810 1501 Natalis
838 1438 1022 1535 smmi
1039 1435 1266 1535 “imm?
1291 1449 1466 1506 Ρη)εῆ
1497 1430 1834 1535 αυθῐῃίῳξίθ
1872 1429 2058 1535 ('th-
2162 1429 2555 1520 ducebatur'ad
2587 1464 2787 1520 idolum
2813 1481 2828 1530 ;
2864 1429 2916 1519 in
2948 1429 3055 1535 qiio
3084 1464 3278 1520 itinere
3313 1463 3548 1519 reddidit
3587 1429 3748 1533 spiri;

469 1545 642 1600 doxus
668 1546 808 1602 erat,
847 1543 902 1592 et
932 1550 964 1589 a
994 1531 1207 1590 Justino
1236 1530 1565 1600 imperatore
1598 1523 1900 1580 orthodoxe
1920 1521 2059 1578 Con-

470 1628 877 1701 stantinopolim
941 1623 1168 1680 veniens
1232 1619 1467 1691 gloriose
1527 1623 1808 1686 susceptus
1859 1611 2058 1684 fuerat)

469 1718 846 1780 Theodoricus
870 1730 965 1770 rex
995 1711 1230 1767 Arianus
1251 1715 1610 1764 revertentem
1632 1705 1689 1759 in
1715 1704 2056 1768 Ravennam,

468 1815 526 1870 in
562 1809 808 1868 custodia
841 1813 1078 1870 tantum,
1125 1802 1194 1857 ad
1245 1809 1476 1856 mortem
1529 1811 1740 1867 usque,
1784 1811 1908 1851 cum
1943 1793 2063 1849 aliis

2180 1835 2401 1890 vindicet
2421 1793 2687 1890 Christus.

470 1919 623 1976 aeque
676 1897 963 1958 catholicis
1001 1895 1168 1959 viris,
1212 1891 1480 1964 perduxit.
1517 1887 1688 1960 Hujus
1721 1886 1967 1942 meminit
1999 1885 2058 1941 S.

470 1993 835 2070 Gregoriusin
863 1991 1000 2045 libro
1030 1986 1394 2058 Dialogorum.
1429 1981 1594 2052 Cujus
1622 1995 1840 2050 corpus,
1880 1987 2063 2032 trans-

472 2067 642 2145 latum
671 2087 738 2142 de
766 2085 1045 2146 Ravenna,
1072 2077 1336 2150 scpultum
1363 2084 1448 2130 est
1472 2075 1525 2128 in
1575 2071 1798 2128 basilica
1828 2069 1889 2123 Β.
1919 2067 2067 2123 Petri

475 2179 731 2253 apostoli,
768 2176 960 2248 quinto
986 2169 1351 2227 Kalendarum
1382 2164 1648 2231 Januarii,
1679 2162 1900 2235 Olybrio
1935 2176 2068 2218 con-

475 2275 614 2332 sule.

551 2367 754 2422 Eodem
785 2362 872 2417 die
901 2361 1043 2432 apud
1068 2357 1357 2420 Parisium,
1383 2351 1582 2408 natalis
1607 2348 1780 2406 sancti
1809 2342 2069 2402 Germani

477 2459 718 2535 episcopi
750 2465 805 2512 et
826 2453 1179 2509 confessoris.

550 2529 683 2609 Item
716 2549 858 2621 apud
888 2545 1218 2610 Sardiniam,
1253 2549 1566 2598 sanctorum
1589 2532 1819 2601 )Emilii,
1848 2529 2069 2597 Felicis,

476 2645 679 2704 Priami
702 2653 759 2700 et
783 2639 1027 2698 Luciani.

974 2774 1038 2829 Β.
1075 2771 1144 2828 IV
1185 2769 1343 2826 ΚΑΒ.
1383 2763 1577 2823 JUNll.

1117 2861 1209 2932 (29
1249 2858 1428 2930 Maii.)

555 2989 765 3051 Romae,
792 2983 878 3039 via
909 2978 1154 3043 Aurelia,
1185 2974 1357 3032 sancti
1385 2970 1662 3029 Restituti.

556 3083 662 3136 Via
688 3073 1026 3136 Triburtina,
1053 3079 1259 3140 septem
1288 3076 1687 3136 germanorum.

557 3168 824 3234 Treviris,
855 3164 1000 3221 beati
1029 3155 1586 3228 Maximini‘episcopi,
1639 3169 1671 3208 a
1705 3166 1814 3224 quo
1834 3149 2074 3208 Athana-

486 3268 604 3325 sids
658 3259 1094 3336 persecutionem
1157 3249 1460 3310 Constantii
1511 3247 1724 3320 fugiens
1774 3241 2072 3300 honoriﬁce

487 3365 774 3430 susceptus
801 3361 903 3409 est.

555 3427 692 3507 ltem
720 3445 902 3519 passio
930 3439 1102 3498 sancti
1149 3437 1385 3494 Cononis
1416 3432 1691 3504 martyris,
1731 3438 1788 3488 et
1830 3429 1926 3486 filii
1955 3427 2072 3499 ejus

490 3547 591 3602 sub
624 3538 915 3598 Aureliano
961 3535 1307 3604 imperatore,
1362 3529 1417 3584 in
1459 3527 1662 3592 lconio,
1694 3523 1916 3580 civitate
1948 3536 2071 3593 pro-

487 3635 683 3692 vincia:
710 3629 949 3693 Isauriae,
967 3623 1149 3695 judice
1177 3620 1506 3678 Domitiano.
1531 3617 1630 3673 Hic
1655 3631 1778 3674 cum
1797 3623 1943 3671 esset
1968 3611 2074 3668 fide

485 3725 777 3803 praeclarus
803 3761 820 3787 ,
869 3715 1142 3773 exhibitus
1171 3711 1341 3782 judici
1381 3725 1505 3766 cum
1545 3706 1657 3763 tilio
1686 3721 1784 3762 suo
1807 3717 2074 3760 annorum

485 3794 805 3879 duodecim,
845 3809 1108 3882 Spiritum
1145 3813 1392 3861 sanctum
1441 3803 1496 3856 in
1533 3816 1591 3856 se
1625 3799 1870 3855 habitare
1892 3794 2072 3852 veraci

483 3909 824 3968 confessione
857 3900 1358 3957 manifestaverunt.
1399 3895 1640 3950 Primum
1691 3892 1874 3961 itaque
1905 3889 2073 3962 ignito

484 4004 632 4060 ferro
665 3994 1031 4069 superpositi;
1064 3990 1260 4047 deinde
1289 3987 1605 4044 craticulam
1651 3984 1839 4056 prunis
1878 3997 2076 4054 suppo-

486 4095 610 4152 sitis
634 4102 690 4148 et
722 4088 852 4144 'oleo
897 4083 1241 4157 superinfuso
1289 4091 1604 4138 constanter
1639 4087 2071 4150 superaverunt;

487 4186 618 4244 inde
665 4180 981 4245 frixoriam;
1035 4177 1162 4231 inde
1193 4174 1461 4246 suspensi,
1513 4181 1570 4228 et
1605 4171 1782 4226 valido
1811 4171 1934 4242 igne
1975 4169 2076 4225 sub

485 4279 568 4336 eis
621 4274 901 4336 adhibito,
940 4269 1134 4326 malleo
1177 4268 1246 4323 ad
1295 4275 1598 4321 extremum
1654 4263 1833 4331 ligneo
1883 4278 2076 4318 manus

483 4386 673 4426 eorum
703 4367 972 4430 contritae,
1022 4363 1075 4418 in
1110 4360 1323 4416 laudem
1357 4355 1746 4428 omnipotentis
1773 4355 1890 4422 Dei,
1915 4355 2074 4427 spiri-

486 4472 601 4517 tum
635 4459 955 4516 emiserunt.

555 4550 757 4606 Eodem
786 4548 894 4611 die,
915 4543 1121 4626 natalis
1161 4549 1474 4598 sanctorum
1527 4537 1776 4605 Sisinnii,
1805 4537 2070 4610 Martyrii,
2099 4574 2158 4636 Β

481 4657 645 4716 atque
665 4620 958 4698 Alexandri
975 4653 990 4692 :
1007 4637 1099 4708 qui
1123 4637 1176 4691 in
1200 4635 1461 4690 Anauniaa
1480 4633 1723 4704 partibus
1743 4646 2074 4704 persequen-

485 4737 630 4792 tibus
660 4731 951 4805 gentilibus
979 4729 1130 4794 viris,
1160 4726 1405 4800 martyrii
1429 4740 1689 4785 coronam
1719 4725 1898 4796 adepti
1921 4734 2069 4780 sunt.

483 4829 595 4884 Hos
627 4823 854 4897 Vigilius
895 4820 1230 4876 Tridentinae
1252 4817 1404 4874 urbis
1432 4817 1721 4888 episcopus
1767 4824 1822 4872 et
1867 4825 2076 4886 martyr

482 4922 548 4974 ad
581 4917 856 4988 regionem
887 4913 1122 4969 vicinam
1153 4909 1284 4982 (cui
1322 4907 1644 4964 vocabulum
1690 4906 1961 4978 Anaunia)
2005 4907 2074 4961 ad

477 5009 887 5083 praedicandum
916 5007 1082 5062 misit.
1113 5005 1192 5060 Ex
1215 5004 1414 5074 quibus
1449 5017 1589 5057 unus
1611 5000 1884 5056 Sisinnius
1906 5017 2074 5057 senex

479 5101 830 5165 venerabilis,
854 5113 1053 5170 genere
1067 5096 1309 5161 Graecus,
1325 5111 1392 5150 ex
1414 5094 1695 5166 provincia
1721 5092 2076 5163 Cappadociae

480 5194 602 5251 fuit.
653 5193 823 5264 igitur
863 5191 988 5246 dum
1039 5205 1138 5260 per
1187 5187 1404 5259 aliquod
1450 5195 1662 5257 tempus
1708 5187 1933 5242 verbum
1979 5184 2077 5240 Dei

481 5286 862 5358 praedicarent,
891 5282 1047 5336 turba
1072 5280 1314 5351 gentium
1341 5277 1561 5350 indigne
1585 5277 1788 5342 ferens,
1814 5277 2078 5331 adversus

481 5389 700 5433 sanctos
744 5375 840 5431 Dei
887 5383 1187 5446 pugnatura
1216 5373 1518 5444 consurgit.
1563 5371 1802 5441 Contigit
1843 5380 2023 5425 autem
2056 5410 2074 5433 ,

481 5475 545 5521 ut
587 5465 884 5522 secundum
933 5463 1190 5536 gentilem
1234 5462 1717 5526 consuetudinem,
1771 5475 1870 5530 per
1915 5460 2078 5530 quin-

482 5561 780 5634 quennium
817 5557 1028 5614 cultura
1053 5557 1200 5613 ruris
1229 5557 1336 5622 sui,
1359 5555 1624 5612 diabolica
1644 5567 1841 5625 pompa
1867 5553 2075 5609 semina

560 5731 585 5760 ι
626 5715 847 5790 Ροιιιίιξ,
889 5735 938 5774 c.
983 5718 1084 5785 54;
1119 5717 1350 5790 Gregor.
1398 5715 1534 5790 Dial.
1568 5715 1662 5770 lib.
1697 5731 1753 5769 ιιι
1787 5756 1800 5790 ,
1837 5731 1886 5770 c.
1920 5715 1955 5786 2
1979 5756 1993 5780 ,
2024 5725 2080 5773 et

489 5785 882 5861 iib.;V,c.50.
1235 5785 1257 5790 '
1451 5787 1512 5799 "
1575 5791 1599 5804 δ·
1704 5800 1706 5803 ·
1794 5785 1800 5790 ·
1930 5785 1962 5832 ⁷.

2116 5887 2148 5894 ‘—

2163 1565 2298 1612 tum.
2323 1555 2604 1612 Multitudo
2619 1568 2800 1612 autem
2826 1556 3104 1628 gentilium
3133 1565 3261 1611 tunc
3281 1555 3751 1627 apprehendentes

2167 1658 2478 1704 sanctorum
2509 1664 2739 1720 corpora
2767 1690 2782 1714 ,
2813 1658 2869 1705 et
2896 1649 2950 1703 in
2971 1648 3108 1704 collo
3139 1647 3196 1703 S.
3229 1647 3454 1703 Sisinnii
3486 1648 3750 1703 tin‘tinna-

2165 1742 2352 1798 bulum
2376 1743 2789 1812 suspendentes,
2833 1740 3165 1797 insultabant
3189 1741 3471 1797 dicentes:
3505 1739 3667 1796 Modo
3698 1751 3752 1796 te

2711 1835 2876 1904 igitur
2904 1834 3044 1889 inter
3078 1849 3304 1904 corpora
3326 1833 3499 1888 sancti
3522 1831 3746 1888 Sisinnii

2166 1937 2222 1983 et
2242 1927 2483 1999 Martyrii
2507 1928 2663 1982 vivus
2689 1926 3000 1984 Alexander
3036 1927 3334 1983 trahendus
3357 1926 3667 1998 apponitur,
3693 1936 3752 1981 ut

2167 2038 2264 2093 per
2302 2022 2405 2076 iter
2435 2036 2690 2092 asperum
2727 2021 3070 2077 membratim
3112 2035 3340 2092 corpora
3381 2018 3751 2089 disjungereno

2169 2121 2275 2169 tur.
2302 2113 2404 2169 Ubi
2443 2129 2575 2184 ergo
2623 2121 2988 2184 pervenerunt
3015 2113 3084 2167 ad
3115 2128 3265 2166 aram
3296 2110 3540 2175 Saturni,
3574 2112 3749 2182 ignem

2169 2205 2446 2274 copiosum
2497 2205 2698 2259 factum
2732 2245 2747 2270 ,
2798 2212 3111 2260 sanctorum
3155 2204 3472 2275 corporibus
3515 2202 3754 2258 immise-

2170 2307 2314 2352 runt.
2347 2296 2609 2352 Sanctum
2644 2305 2826 2351 autem
2863 2294 3230 2351 Alexandrum
3259 2294 3597 2366 flagellantes
3620 2335 3635 2360 ,
3673 2294 3754 2349 in-

2171 2390 2540 2462 terrogabant,
2555 2388 2600 2444 si
2621 2388 2783 2444 vellet
2797 2388 3031 2444 evadere
3051 2387 3321 2454 flammas,
3337 2398 3396 2441 ut
3416 2386 3754 2442 sacriﬁcaret

2172 2479 2428 2536 Saturno.
2462 2479 2569 2534 Sed
2596 2479 2686 2534 ille
2707 2488 3065 2534 contemnens
3089 2478 3284 2548 impias
3301 2493 3481 2543 voces,
3507 2477 3755 2548 gloriosa:

2170 2571 2442 2644 passionis
2483 2572 2699 2642 excepit
2750 2570 3007 2642 palmam.
3059 2569 3186 2626 Haec
3241 2585 3364 2626 cum
3414 2578 3570 2625 sexta
3620 2569 3756 2625 feria

2172 2671 2292 2718 acta
2349 2661 2581 2718 fuissent
2627 2662 2843 2734 quando
2893 2659 3143 2716 Salvator
3184 2659 3366 2716 fuerat
3421 2659 3755 2725 crucifixus,

2172 2754 2366 2810 umbra
2395 2755 2643 2825 quaedam
2682 2755 2836 2826 nigra
2868 2753 3117 2824 proxima
3160 2762 3322 2808 terrae
3347 2793 3361 2817 ,
3412 2768 3541 2808 mox
3586 2762 3753 2808 totam

2174 2845 2308 2901 texit
2357 2845 2662 2917 regionem,
2706 2843 3020 2899 fulminibus
3063 2842 3410 2899 creberrimis
3444 2840 3747 2898 discurren-

2175 2940 2342 3006 tibus,
2371 2947 2431 2995 ut
2452 2948 2507 2995 et
2530 2938 2632 3011 ipsi
2660 2938 2810 3010 impii
2837 2939 3230 2994 confiterentur
3255 2945 3466 2993 terrore
3499 2935 3756 3006 perculsi,

2172 3027 2277 3090 hoc
2301 3040 2613 3088 sanctorum
2645 3044 2807 3086 causa
2839 3029 2978 3085 fieri.
3011 3029 3253 3098 Quorum
3299 3028 3467 3083 etiam
3501 3027 3760 3098 reliquias

2177 3140 2299 3182 cum
2352 3122 2693 3194 postmodum
2740 3121 3169 3178 Mediolanenses
3208 3135 3420 3176 summa
3479 3120 3761 3176 devotione

2100 3199 2147 3264 Ο
2178 3217 2546 3286 susciperent,
2576 3215 2792 3286 quidam
2819 3229 2996 3270 caecus
3022 3227 3089 3269 ex
3111 3212 3295 3270 littore
3325 3211 3646 3267 Dalmateno
3671 3212 3760 3266 ad-

2180 3309 2425 3373 veniens,
2456 3315 2601 3362 tacto
2625 3306 2798 3362 loculo
2825 3305 3008 3362 lumen
3036 3305 3263 3376 recepit,
3291 3313 3354 3361 ut
3377 3313 3608 3361 sanctus
3624 3303 3753 3359 Pau-

2180 3401 2322 3457 linus
2345 3398 2535 3456 scribit
2562 3396 2622 3454 in'
2641 3399 2749 3454 vita
2777 3397 2836 3454 S.
2863 3397 3155 3454 Ambrosii.

2672 3531 2735 3588 C.
2776 3530 2841 3587 lli
2878 3529 3035 3587 KAL.
3066 3528 3259 3587 JUNll.

2694 3627 2751 3699 (4
2785 3627 2938 3698 Aph,
2973 3626 3045 3682 50
3076 3625 3258 3697 Maii.)

2255 3743 2280 3783 δ
2312 3742 2498 3797 Romae
2519 3742 2602 3798 via
2626 3739 2841 3796 Aurelia
2889 3741 2943 3796 in
2985 3738 3322 3806 coemeterio,
3354 3737 3554 3794 natalis
3597 3739 3761 3794 sancti

2181 3834 2378 3890 Felicis
2414 3849 2585 3905 papae.
2629 3833 2732 3902 Qui
2773 3849 2895 3889 cum
2936 3833 3095 3888 annis
3133 3833 3373 3903 quinque
3399 3831 3633 3887 rexisset
3664 3831 3761 3887 Ec-

2181 3927 2402 3983 clesiam
2428 3967 2443 3992 ,
2494 3925 2594 3981 sub
2635 3923 2861 3981 Claudio
2901 3924 3146 3996 principe
3170 3964 3187 3992 ,
3228 3924 3493 3996 martyrio
3541 3939 3764 3980 corona-

2184 4031 2270 4078 tus
2294 4030 2396 4076 CSI.

2254 4113 2520 4169 Turribus
2546 4112 2842 4177 Sardiniae,
2871 4111 3070 4168 natalis
3107 4121 3417 4167 sanctorum
3467 4120 3763 4184 martyrum

2183 4204 2398 4261 Gabinii
2429 4212 2485 4260 et
2510 4203 2764 4274 Crispuli.

2596 4337 2655 4392 D.
2698 4336 2923 4392 PRIDIE
2962 4336 3119 4392 KAL.
3159 4336 3351 4395 JUNII.

2816 4427 2900 4499 (δι
2947 4428 3126 4501 Maii.)

2258 4553 2281 4581 ο
2318 4541 2504 4597 Romae
2531 4582 2546 4605 ,
2597 4540 2656 4596 S.
2716 4540 3022 4597 Petroniilae
3064 4542 3309 4614 virginis.
3361 4541 3486 4601 Haec
3515 4543 3621 4600 fuit
3664 4545 3762 4602 filia

2182 4633 2484 4690 beatissimi
2518 4632 2664 4689 Petri
2693 4632 2942 4702 apostoli,
2993 4650 3115 4704 quae
3159 4643 3281 4707 post
3310 4637 3475 4692 multa
3507 4639 3762 4695 miracula

2182 4728 2496 4792 sanitatum,
2529 4743 2651 4784 cum
2683 4741 2804 4781 eam
2831 4727 3062 4784 Flaccus
3089 4744 3274 4785 comes
3315 4745 3414 4785 suo
3459 4730 3620 4787 vellet
3643 4748 3763 4788 con-

2177 4817 2330 4888 jugio
2343 4817 2574 4882 sociare,
2592 4817 2777 4884 tridui,
2795 4817 3041 4874 inducias
3053 4819 3352 4890 postulans,
3367 4829 3561 4877 etcum
3583 4832 3761 4880 sancta

2181 4910 2393 4980 virgine
2446 4909 2682 4965 Felicula
2729 4910 3060 4968 collectanea
3105 4927 3201 4968 sua
3238 4915 3513 4970 continuis
3551 4917 3762 4987 jejuniis

2185 5011 2349 5073 atque
2383 5003 2716 5058 orationibus
2751 5019 2988 5070 vacans,
3038 5007 3210 5061 tertio
3258 5006 3552 5064 celebratis
3592 5009 3762 5064 Domi.

2185 5094 2324 5150 nica:
2347 5094 2639 5149 oblationis
2662 5096 2956 5166 mysteriis,
2986 5112 3112 5152 mox
3142 5106 3201 5152 ut
3227 5095 3431 5154 Christi
3457 5116 3760 5156 sacramen-

2186 5193 2299 5240 tum
2333 5193 2558 5257 accepit,
2584 5185 2856 5241 reclinans
2881 5202 2940 5243 se
2967 5187 3020 5241 in
3045 5188 3262 5256 lectulo,
3289 5190 3472 5246 emisit
3498 5191 3758 5261 spiritum.

2255 5280 2456 5336 Eodem
2488 5279 2576 5336 die
2625 5283 2766 5352 apud
2816 5282 3118 5353 Aquileiam
3147 5325 3162 5350 ,
3221 5284 3419 5340 natalis
3458 5294 3758 5341 sanctorum

2185 5385 2480 5448 martyrum
2512 5377 2714 5443 Cantii,
2741 5378 3010 5440 Cantiani,
3044 5388 3098 5434 et
3121 5377 3456 5435 Cantianillae
3481 5379 3725 5435 fratrum.

2258 5469 2523 5526 Turribus
2553 5469 2836 5538 Sardiniae,
2870 5470 3064 5528 natalis
3092 5472 3266 5529 sancti
3302 5471 3694 5530 Crescentiani.

2261 5713 2290 5752 ι)
2326 5711 2658 5774 Pontificale,
2687 5728 2736 5767 c.
2769 5711 2857 5766 27.

2266 5795 2287 5822 ε
2333 5784 2408 5840 De
2428 5799 2492 5839 ea
2519 5783 2571 5838 iu
2596 5784 2764 5854 gestis
2787 5782 2965 5840 Nerei.

2154 5892 2199 5903 να.
