3962 6366
187 326 302 386 273

865 324 1465 385 MARTYROLOGIUM
1500 324 1644 385 CUM
1679 322 2218 383 ADDITAMENTIS.
2262 355 2332 370 —
2368 325 2578 383 MENS.
2619 323 2769 382 JUN.

3357 323 3463 384 976

190 455 3466 482 W

1417 531 1742 630 'LITANLE
1777 573 2197 644 lNDlCENDAE.

985 720 990 732 ’
1427 746 1805 830 MENSIS
1874 748 2253 830 JUNIUS

1192 944 1404 988 HABET
1445 944 1587 988 DIES
1633 943 1808 1000 XXX;
1853 943 2024 988 LUNL
2064 943 2254 1000 VERO,
2300 941 2485 988 XXIX.

741 1215 803 1272 E.
843 1213 1000 1272 ΚΑΒ.
1039 1211 1231 1271 JUNI].

865 1306 914 1378 (ι
956 1304 1114 1375 Jun.)

268 1413 302 1444 ι
342 1398 621 1457 Dedicatio
661 1397 835 1454 sancti
871 1394 1176 1451 Nicomedis
1205 1397 1459 1467 martyris
1484 1403 1540 1450 et
1560 1394 1784 1466 presby-

191 1493 306 1550 teri
331 1491 474 1563 apud
498 1491 684 1550 urbem
711 1488 940 1544 Romam
960 1528 974 1553 ,
1006 1485 1160 1556 cujus
1190 1488 1510 1559 martyrium
1543 1486 1783 1542 celebra-

196 1594 290 1639 tur
319 1598 427 1638 xvu
451 1580 677 1636 Kalend.
705 1579 975 1634 Octobris.

271 1673 425 1746 Apud
451 1673 754 1729 Caesaream
799 1671 1116 1736 Palaastinte,
1155 1671 1353 1727 natalis
1393 1671 1570 1728 sancti
1621 1670 1781 1726 Pam-

201 1766 336 1839 phili
363 1765 687 1837 presbyteri,
724 1764 828 1819 viri
860 1763 1190 1820 admirandae
1217 1763 1342 1819 ﬁdei
1369 1772 1426 1818 et
1455 1765 1782 1833 sanctitatis,

198 1861 294 1930 qui
323 1859 423 1914 sub
447 1858 826 1929 persecutione
867 1856 1144 1912 Maximini
1185 1859 1449 1929 martyrio
1493 1867 1784 1915 coronatus

196 1961 301 2008 est.
356 1950 524 2020 Hujus
575 1951 739 2006 vitam
788 1950 1050 2007 Eusebius
1098 1949 1448 2008 Caesariensis
1499 1952 1784 2023 episcopus

197 2045 373 2100 tribus
402 2043 556 2100 libris
583 2043 1012 2114 comprehendit.
1056 2042 1162 2100 Sed
1197 2053 1252 2100 et
1296 2045 1488 2100 beatus
1517 2043 1784 2116 Hierony-

198 2156 318 2196 mus
360 2138 551 2194 scribit
602 2138 846 2207 quaedam
882 2137 1155 2193 volumina
1198 2154 1360 2194 manu
1405 2135 1521 2206 ejus
1559 2147 1783 2193 exarata

197 2245 257 2285 se
291 2230 583 2300 reperisse.
626 2229 760 2295 Qua:
788 2239 935 2283 tanto
957 2269 973 2294 ,
1002 2228 1218 2299 inquit,
1247 2227 1534 2299 amplector
1559 2238 1607 2282 et
1636 2244 1782 2283 servo

196 2321 415 2392 gaudio,
459 2331 513 2373 ut
564 2319 729 2375 στανδὶ
783 2336 902 2390 opes
954 2319 1143 2373 habere
1186 2335 1267 2373 me
1290 2320 1518 2373 credam.
1557 2318 1618 2374 Si
1645 2319 1783 2374 enim

200 2410 400 2464 laetitia:
445 2420 520 2464 est
567 2425 726 2462 unam
767 2407 1039 2479 epistolam
1060 2409 1250 2464 habere
1275 2412 1544 2480 martyris,
1586 2420 1784 2479 quanto

202 2501 374 2570 magis
419 2510 489 2554 tot
521 2500 686 2553 millia
716 2509 768 2552 ut
799 2516 951 2553 suum
977 2539 992 2564 ,
1019 2516 1136 2570 qua:
1160 2501 1287 2554 mihi
1317 2501 1521 2554 videtur
1543 2502 1626 2554 sui
1659 2517 1784 2555 san-

1809 1213 1862 1274 Α
1887 1217 2074 1265 noster
2113 1206 2271 1264 Jesus
2298 1207 2566 1265 Christus.
2619 1208 2925 1282 Statimque
2951 1210 3061 1267 tilia
3089 1225 3280 1268 eorum
3300 1249 3318 1278 ,
3363 1225 3464 1268 no-

1883 1297 2030 1353 mine
2075 1307 2131 1352 et
2172 1313 2398 1367 corpore
2439 1299 2590 1370 virgo
2624 1299 2869 1367 Paulina,
2900 1317 2930 1356 a
2953 1301 3147 1372 spiritu
3185 1302 3466 1358 immundo

1882 1397 2098 1453 vexata,
2121 1398 2309 1444 curata
2333 1398 2436 1445 est.
2464 1390 2531 1444 Et
2559 1407 2681 1446 cum
2710 1391 2820 1448 hoc
2856 1391 3031 1455 ﬂeret,
3061 1407 3251 1448 omnes
3290 1393 3383 1464 qui
3401 1392 3468 1449 in

1884 1478 2044 1534 domo
2078 1479 2306 1534 Artemii
2333 1489 2508 1547 erant,
2537 1481 2902 1536 crediderunt.
2934 1481 3303 1552 Convenitque
3329 1481 3466 1537 mul-

1884 1568 2057 1623 titudo
2079 1569 2380 1624 vicinorum
2407 1569 2640 1640 amplius
2665 1586 2828 1641 quam
2856 1580 3244 1639 trecentorum,
3273 1573 3468 1627 mulie-

1887 1676 2005 1715 rum
2066 1676 2198 1716 vero
2270 1662 2628 1718 abundantior
2698 1677 2956 1718 numerus
2980 1702 2997 1729 ,
3062 1662 3465 1718 clamantium:

1884 1751 2088 1808 Praeter
2113 1753 2387 1809 Christum
2419 1769 2525 1809 non
2553 1763 2638 1810 est
2659 1753 2798 1810 alius
2821 1753 2979 1809 Deus.
3011 1755 3254 1824 Cumque
3275 1764 3468 1808 omnes

1885 1855 2145 1916 cuperent
2184 1845 2302 1902 ﬁeri
2334 1847 2675 1914 Christiani,
2726 1847 2952 1903 adduxit
2992 1846 3078 1902 vir
3125 1845 3222 1902 Dei
3273 1844 3472 1901 Petrus

1886 1940 2257 1998 Marcellinum
2295 1942 2670 2014 presbyterum
2697 1981 2712 2007 ,
2755 1940 2848 2011 qui
2901 1954 3090 1996 omnes
3144 1937 3474 1993 unanimiter

1885 2035 2203 2105 baptizavit.
2231 2033 2337 2089 Sed
2357 2031 2632 2089 Artemius
2653 2048 2842 2089 omnes
2867 2032 2959 2104 qui
2987 2031 3042 2086 in
3063 2029 3292 2086 vinculis
3312 2037 3473 2084 erant

1887 2124 2152 2192 absolvit,
2200 2125 2293 2195 qui
2338 2132 2395 2180 et
2439 2139 2629 2181 omnes
2674 2122 2928 2194 baptismi
2954 2122 3185 2194 gratiam
3213 2133 3471 2192 percepe-

1885 2225 2031 2272 runt.
2062 2215 2302 2270 Audiens
2330 2215 2434 2270 hoc
2451 2214 2617 2286 judex
2639 2213 2894 2280 Serenus,
2911 2211 3074 2282 jussit
3095 2211 3466 2268 Marcellinum

1886 2306 2263 2377 presbyterum
2298 2314 2354 2362 et
2396 2304 2613 2360 Petrum
2641 2305 2968 2362 exorcistam
2996 2304 3294 2376 praesentiae
3319 2302 3474 2358 exhi-

1886 2396 2024 2452 beri.
2052 2397 2122 2452 Et
2145 2397 2388 2452 auditum
2414 2397 2628 2452 beatum
2663 2396 3028 2452 Marcellinum
3068 2394 3229 2465 jussit
3274 2394 3472 2465 pugnis

1889 2489 2022 2544 caedi
2050 2489 2104 2543 in
2132 2489 2395 2544 ambabus
2422 2488 2658 2544 arteriis.
2689 2489 2759 2543 At
2790 2490 2880 2544 ubi
2923 2488 3235 2545 defecerunt
3258 2487 3473 2542 caeden-

209 2590 384 2659 guinis
409 2591 632 2659 signasse
659 2589 884 2659 vestigiis
907 2590 932 2643 ?
953 2589 1072 2661 Ipso
1091 2590 1196 2655 die,
1219 2589 1275 2645 S.
1301 2589 1542 2662 Caprasii
1569 2590 1781 2648 abbatis
1810 2585 1859 2647 Β
1886 2587 1989 2645 ῑεεν
2019 2595 2086 2637 εο
2110 2578 2272 2636 Peli“)
2305 2589 2557 2651 separato
2578 2619 2595 2647 ο
2620 2579 2783 2650 iussn
2823 2589 2882 2635 ιη
2920 2581 3097 2636 "udus
3132 2595 3295 2648 super
3342 2578 3470 2634 νίιτί

212 2681 522 2735 monasterii
553 2680 861 2737 Lirinensis.

275 2770 433 2840 Apud
468 2769 741 2838 Viennam,
771 2773 944 2828 sancti
983 2772 1188 2829 Claudii
1222 2774 1266 2829 ll
1290 2774 1550 2846 episcopi.

653 2881 714 2936 F.
756 2881 822 2937 ιν
862 2881 1090 2939 NONAS
1125 2882 1317 2939 JUNll.
1382 2956 1384 2959 ι

844 2974 900 3046 (2
933 2973 1132 3043 Junii.)
1185 2993 1189 2998 -

273 3060 464 3118 Romae
486 3104 502 3130 ,
540 3062 834 3120 Marcellini
879 3066 1180 3138 presbyteri
1206 3076 1263 3122 et
1283 3066 1430 3124 Petri
1459 3069 1744 3126 exorcistaa
1765 3110 1779 3138 ,

201 3155 304 3211 sub
350 3155 686 3212 Diocletiano
712 3198 726 3224 ,
774 3155 956 3226 judice
991 3158 1215 3215 Sereno.
1248 3159 1474 3216 Factum
1523 3171 1608 3218 est
1655 3163 1782 3218 dum

204 3258 483 3304 teneretur
509 3250 700 3304 beatus
722 3247 914 3306 Petrus
937 3251 990 3306 in
1013 3253 1402 3309 obscurissimo
1425 3270 1644 3310 carcere
1667 3256 1782 3310 vin-

203 3342 343 3398 culis
384 3342 579 3399 ferreis
608 3345 859 3401 astrictus
889 3387 905 3413 ,
951 3356 1011 3402 ut
1059 3357 1244 3404 custos
1289 3350 1525 3405 carceris
1554 3350 1782 3404 nomine

202 3436 482 3492 Artemius
511 3438 733 3494 haberet
778 3439 946 3496 ﬁliam
975 3441 1385 3509 daemoniacam,
1434 3459 1597 3514 quam
1624 3443 1782 3499 unice

204 3529 481 3600 diligebat.
520 3530 617 3586 Cui
657 3533 738 3588 vir
771 3533 867 3588 Dei
905 3533 1095 3590 Petrus
1123 3535 1297 3590 dixit:
1325 3535 1464 3590 Audi
1495 3535 1780 3591 consilium

207 3635 412 3687 meum,
440 3622 671 3691 Artemi,
694 3635 750 3682 et
775 3627 936 3682 crede
958 3628 1292 3696 unigenitum
1318 3627 1513 3683 Filium
1553 3627 1650 3683 Dei
1674 3628 1781 3683 vivi

213 3715 496 3772 Dominum
524 3729 768 3774 nostrum
789 3719 970 3776 Iesum
992 3721 1288 3785 Christum,
1307 3722 1398 3792 qni
1419 3729 1502 3777 est
1527 3720 1784 3777 liberator

213 3808 451 3862 omnium
484 3811 540 3864 in
569 3826 628 3866 se
653 3813 1022 3884 credentium.
1051 3813 1107 3867 Si
1139 3813 1454 3880 credideris,
1487 3812 1783 3868 salvabitur

206 3902 322 3957 lilia
345 3913 458 3963 tua.
487 3901 585 3958 Cui
611 3904 885 3961 Artemius
918 3925 931 3961 :
961 3904 1127 3961 Miror
1160 3906 1575 3977 imprudentiam
1604 3909 1783 3962 consi-

205 3996 262 4052 lii
293 3997 392 4052 tui.
431 3998 506 4054 Te
530 3999 671 4054 Deus
701 4009 822 4055 tuus
849 3999 1082 4055 liberare
1124 4016 1230 4055 non
1281 4010 1500 4071 potest,
1541 4017 1665 4057 cum
1706 4002 1780 4058 illi

203 4089 423 4156 credas,
450 4099 506 4145 et
546 4093 783 4160 quotidie
825 4108 923 4164 pro
962 4093 1080 4162 ejus
1112 4093 1329 4149 nomine
1361 4094 1548 4165 plagas
1583 4102 1637 4150 et
1661 4095 1779 4150 vin-

205 4180 327 4236 cula
359 4181 620 4250 perferas,
644 4183 913 4253 quomodo
937 4184 1139 4255 poterit
1161 4183 1326 4238 tiliam
1350 4199 1526 4239 meam
1555 4185 1785 4242 liberare

206 4276 252 4330 si
289 4277 339 4329 ei
377 4277 692 4331 credidero?
719 4275 775 4331 Si
799 4292 882 4332 me
904 4277 986 4332 vis
1009 4278 1232 4333 credere
1257 4277 1368 4332 Deo
1391 4287 1503 4344 tuo,
1532 4292 1658 4333 ecce
1686 4294 1786 4350 ego

206 4367 496 4438 duplicabo
535 4383 696 4438 super
738 4379 791 4425 te
831 4380 1052 4426 catenas
1077 4410 1092 4436 ,
1119 4381 1174 4426 et
1200 4370 1437 4427 claustra
1461 4372 1641 4427 omnia
1668 4388 1789 4428 car-
1873 4407 1882 4413 -

207 4461 354 4514 ceris
382 4463 617 4516 muniam
650 4479 664 4528 ;
718 4471 771 4519 te
800 4473 980 4519 autem
1006 4465 1181 4536 ipsum
1231 4466 1284 4520 in
1330 4466 1446 4537 ipsa
1487 4467 1596 4522 ima
1635 4476 1789 4524 tene-
1856 4509 1858 4512 μ

208 4549 371 4603 brosa
399 4549 568 4606 solum
600 4551 890 4607 includam.
929 4553 986 4609 Si
1011 4555 1078 4609 de
1103 4555 1186 4610 his
1207 4557 1458 4612 omnibus
1481 4557 1792 4616 liberaverit

211 4649 266 4694 te
297 4638 441 4707 Deus
470 4648 611 4707 tuus,
648 4643 865 4698 credam
893 4643 966 4699 ei.
1011 4643 1108 4699 Cui
1151 4646 1340 4701 beatus
1378 4645 1568 4703 Petrus
1601 4665 1789 4706 assen-

210 4748 332 4790 sum
370 4735 553 4802 dedit,
592 4737 915 4811 promittens
960 4739 1026 4794 ad
1075 4737 1291 4794 domum
1325 4740 1470 4797 illius
1495 4756 1555 4798 se
1601 4753 1793 4799 ventu-

213 4843 336 4882 rum
367 4845 382 4882 :
414 4827 547 4895 Hoc,
581 4830 818 4900 inquam,
849 4830 1042 4886 faciam
1085 4849 1192 4889 non
1242 4835 1309 4890 ad
1361 4835 1570 4893 libitum
1618 4847 1767 4895 tenta

215 4921 381 4975 tionis
410 4932 515 4976 tua:
541 4962 556 4988 ,
589 4923 682 4978 sed
717 4923 784 4978 ad
808 4923 1227 4981 declarationem
1255 4928 1553 4985 divinitatis
1579 4930 1795 4987 Domini

215 5013 326 5067 mei
369 5011 496 5074 Jesu
547 5012 768 5070 Christi.
810 5016 1036 5088 Agitans
1078 5027 1241 5087 caput
1283 5018 1605 5076 Artemius:
1650 5021 1792 5088 Iste,

215 5103 427 5174 inquit,
469 5103 632 5160 homo
652 5105 833 5161 nimiis
854 5107 1195 5177 passionibus
1215 5108 1470 5182 fatigatus
1498 5111 1670 5169 aliena
1720 5113 1797 5169 lo-

216 5196 405 5266 quitur
428 5236 445 5262 ,
486 5205 542 5252 et
582 5198 700 5253 haec
740 5198 926 5255 dicens
953 5199 1230 5256 abscessit.
1260 5202 1618 5276 Narravitque
1647 5214 1798 5276 gesta

1884 2670 2188 2744 fragmenta
2217 2679 2555 2727 sterneretur
2604 2671 2658 2724 in
2705 2671 2980 2737 custodia,
3014 2680 3070 2726 et
3105 2671 3279 2725 victus
3322 2668 3374 2724 ei
3415 2677 3472 2723 et

1885 2759 2066 2816 lumen
2131 2771 2438 2833 negaretur.
2503 2761 2696 2817 Petrus
2739 2775 3034 2816 conversus
3081 2760 3149 2815 ad
3201 2759 3467 2814 Serenum

1884 2850 2024 2906 dixit
2055 2870 2068 2906 :
2105 2850 2241 2908 Cum
2266 2852 2342 2908 sis
2368 2853 2584 2908 nomine
2631 2851 2903 2920 Serenus,
2937 2861 3107 2908 totum
3139 2861 3190 2907 te
3222 2851 3468 2906 nubilum

1884 2951 1941 2997 et
1968 2943 2311 2999 tenebrosum
2337 2943 2495 3000 factis
2522 2944 2781 3001 ostendis.
2813 2945 2964 3000 Tunc
2993 2953 3049 3000 et
3088 2944 3263 3015 ipsum
3306 2944 3469 2999 Sere-

1885 3051 1989 3090 nus
2009 3035 2172 3106 jussit
2198 3036 2253 3090 in
2283 3036 2511 3092 vinculis
2542 3037 2740 3108 recipi,
2788 3047 2838 3093 et
2889 3037 3054 3108 pedes
3100 3037 3156 3092 in
3188 3038 3347 3106 cippo
3379 3053 3468 3092 ar-

1885 3128 2128 3184 ctissimo
2147 3128 2464 3198 constringi.
2491 3128 2719 3183 Factum
2745 3138 2831 3184 est
2855 3131 2981 3185 dum
3002 3129 3238 3201 separati
3257 3139 3462 3194 essent,

1885 3220 2134 3290 apparuit
2158 3219 2378 3292 angelus
2392 3219 2604 3276 Domini
2621 3220 2930 3278 Marcellino
2943 3224 3262 3295 presbytero
3286 3222 3465 3279 oranti

1885 3311 2051 3378 nudo,
2082 3320 2138 3366 et
2162 3313 2338 3367 induit
2357 3327 2480 3367 eum
2502 3313 2837 3370 vestimentis
2861 3314 2991 3380 suis,
3014 3322 3070 3369 et
3089 3313 3316 3368 adduxit
3342 3326 3467 3367 eum

1885 3403 1978 3459 ubi
2015 3405 2206 3458 beatus
2251 3402 2446 3460 Petrus
2491 3413 2610 3460 erat
2647 3405 2701 3460 in
2749 3405 2906 3476 cippo
2953 3415 3009 3462 et
3048 3406 3217 3462 ferro.
3261 3404 3368 3461 Sed
3409 3414 3466 3458 et

1885 3493 2061 3565 ipsum
2116 3494 2315 3560 solvit,
2355 3503 2412 3549 et
2454 3497 2644 3551 ambos
2685 3497 2936 3566 perduxit
2982 3497 3050 3552 ad
3102 3499 3320 3553 domum
3371 3495 3464 3551 ubi

1885 3597 2057 3653 nuper
2095 3583 2352 3654 baptizati
2383 3585 2632 3640 orabant.
2685 3584 2802 3640 Non
2855 3596 2977 3656 post
3027 3587 3254 3641 multum
3292 3602 3420 3641 vero
3444 3626 3462 3652 ,

1885 3689 2007 3731 cum
2033 3674 2227 3731 beatus
2252 3676 2523 3730 Artemius
2543 3690 2665 3730 cum
2693 3692 2861 3731 uxore
2901 3687 2956 3732 et
2997 3676 3105 3730 lilia
3137 3677 3464 3732 sententiam

1883 3770 2169 3842 capitalem
2217 3771 2622 3841 suscepissent,
2670 3769 3046 3840 comprehensi
3076 3779 3131 3825 et
3157 3769 3233 3824 illi
3273 3770 3340 3825 ab
3377 3769 3467 3826 his

1885 3865 1976 3935 qui
2026 3873 2245 3920 sanctos
2281 3864 2375 3919 Dei
2417 3872 2683 3936 martyres
2732 3863 2970 3934 punituri
3016 3872 3210 3930 erant,
3261 3863 3463 3935 alligati

1811 3948 1860 4014 C
1889 3969 2014 4016 sunt
2049 3961 2479 4027 manibusretro
2518 3959 2586 4014 ad
2631 3959 2878 4014 arborem
2904 3999 2920 4025 ,
2957 3973 3128 4029 usque
3160 3960 3286 4015 dum
3326 3973 3466 4014 nun-

1885 4052 2114 4106 tiaretur
2144 4051 2313 4122 judici
2351 4050 2555 4108 Sereno
2581 4051 2647 4107 de
2679 4052 2778 4106 eis.
2811 4049 2903 4106 Ille
2933 4048 3095 4120 jussit
3134 4065 3229 4107 eos
3256 4050 3379 4105 duci
3412 4049 3466 4103 in

1887 4145 2088 4201 Silvam
2121 4143 2334 4216 Nigram
2349 4160 2470 4214 qua:
2499 4144 2658 4200 hodie
2684 4145 2738 4199 in
2767 4145 2972 4200 honore
2993 4153 3304 4199 sanctorum
3318 4141 3467 4198 Silva

1886 4238 2124 4295 Candida
2153 4236 2469 4308 appellatur,
2499 4246 2554 4292 et
2589 4239 2643 4292 in
2681 4238 2867 4294 eadem
2909 4237 3097 4292 ambos
3122 4239 3326 4307 pariter
3366 4237 3465 4292 de-

1887 4331 2093 4387 collari.
2137 4329 2380 4400 Cumque
2423 4339 2641 4384 ventum
2667 4328 2856 4384 fuisset
2882 4330 2937 4382 in
2969 4329 3145 4384 media
3173 4328 3326 4392 silva,
3361 4328 3464 4398 ipsi

1890 4429 1992 4484 sibi
2023 4428 2268 4494 manibus
2293 4427 2407 4482 suis
2438 4425 2834 4480 mundaverunt
2865 4424 3043 4480 locum
3067 4425 3137 4480 ab
3161 4423 3353 4495 spinis,
3375 4423 3468 4480 ubi

1891 4531 2110 4578 orantes
2160 4520 2359 4586 simul,
2399 4529 2454 4574 et
2498 4519 2689 4575 dantes
2713 4517 2816 4574 sibi
2842 4517 2996 4588 pacis
3028 4517 3294 4584 osculum,
3326 4531 3468 4590 genu

1892 4614 2068 4686 posito
2109 4611 2357 4668 decollati
2401 4619 2564 4676 sunt;
2611 4620 2666 4666 et
2703 4611 2796 4682 qui
2833 4627 2928 4667 eos
2957 4610 3281 4678 decollavit,
3334 4610 3474 4665 vidit

1893 4707 2102 4760 animas
2141 4719 2329 4761 eorum
2353 4702 2631 4774 splendide
2653 4711 2876 4758 ornatas
2905 4702 2975 4758 ab
3002 4701 3213 4774 angelis
3236 4701 3367 4757 ferri
3399 4701 3469 4755 ad

1893 4799 2098 4865 cmlos;
2129 4808 2182 4854 et
2212 4797 2590 4869 pmnitemiam
2611 4811 2797 4868 agens,
2829 4796 2930 4852 sub
2962 4793 3104 4851 Iulio
3129 4810 3269 4866 papa
3299 4795 3474 4866 bapti-

1879 4906 2049 4962 :zatus
2068 4903 2150 4951 est
2166 4895 2218 4950 in
2233 4901 2508 4950 senectute
2519 4908 2614 4949 sua
2634 4893 2850 4949 nomine
2861 4891 3183 4950 Dorotheus.
3201 4891 3468 4959 Quorum,

1897 5007 2123 5064 corpora
2171 4989 2528 5046 revelantibus
2557 5005 2616 5046 se
2641 4990 2814 5046 beatis
2842 4990 3197 5060 martyribus,
3231 4987 3474 5043 tulerunt

1897 5083 2239 5157 postmodum
2273 5081 2472 5137 Lucilla
2516 5089 2572 5136 et
2597 5081 2838 5136 Firmina
2880 5079 3348 5136 christianissima:
3386 5076 3470 5131 fe-

1899 5179 2080 5245 minae,
2106 5187 2162 5233 et
2185 5175 2339 5248 juxta
2374 5183 2621 5231 sanctum
2652 5172 2958 5229 Tiburtium
2979 5173 3034 5227 in
3053 5171 3296 5228 inferiori
3319 5179 3474 5240 parte

217 5263 278 5342 et
304 5287 448 5342 dicta
481 5288 636 5343 uxori
665 5303 776 5344 sua:
798 5287 1070 5346 Candidas.
1117 5291 1184 5346 Et
1223 5307 1350 5349 ecce
1398 5263 1578 5350 subiio
1620 5263 1785 5353 noctis

1901 5281 2103 5346 cryptae
2129 5271 2458 5343 sepelierunt
2480 5268 2670 5339 quinto
2713 5265 2939 5322 Kalend.
2973 5263 3249 5337 Septemb.

217 5379 390 5442 initio,
409 5381 562 5436 adest
603 5380 764 5437 homo
793 5382 891 5438 Dei
930 5382 1124 5440 Petrus
1150 5386 1391 5442 Artemio
1416 5397 1472 5443 et
1497 5387 1752 5445 Candidae
1775 5431 1792 5458 ,

217 5471 442 5528 indutus
467 5474 704 5530 vestibus
723 5476 988 5544 candidis,
1009 5485 1198 5535 tenens
1218 5469 1271 5535 in
1293 5496 1454 5536 manu
1485 5497 1580 5537 sua
1605 5482 1797 5538 trium-

216 5563 388 5636 phum
419 5566 616 5622 crucis.
647 5566 706 5622 In
750 5567 904 5638 cujus
944 5569 1170 5641 vestigia
1215 5581 1533 5628 corruentes
1559 5571 1634 5627 illi
1679 5573 1795 5629 cla-

218 5658 489 5714 rnabant':
520 5658 657 5716 Vere
697 5676 837 5716 unus
877 5660 1018 5717 Deus
1068 5669 1181 5728 est,
1228 5671 1282 5719 et
1327 5679 1488 5720 verus
1541 5665 1799 5723 Dominus

294 5786 320 5814 α
363 5773 510 5830 Hier.
537 5776 603 5830 de
630 5775 829 5849 Script.
856 5775 1089 5844 Eccles.,
1113 5792 1163 5832 c.
1191 5777 1278 5832 75.

1908 5406 1910 5410 τ
1973 5390 2153 5460 h,lpso
2183 5387 2268 5444 die
2293 5384 2576 5457 Lugduni,
2617 5391 2818 5439 sancta:
2846 5381 3123 5436 Blandmaa
3167 5393 3290 5434 cum
3335 5391 3475 5448 qua-

1902 5483 2147 5553 draginta
2179 5487 2302 5535 octo
2330 5477 2680 5548 martyribus,
2719 5473 3050 5545 temporibus
3077 5470 3242 5528 Marci
3269 5469 3476 5527 Aurelii

1886 5574 2028 5630 -Veri
2063 5581 2118 5628 et
2145 5569 2400 5626 Antonini
2425 5557 2588 5638 atque
2613 5568 2763 5638 Lucii
2792 5566 3047 5634 ﬁliorum,
3089 5563 3223 5634 ejus,
3257 5563 3479 5636 quando

1903 5681 2002 5739 per
2030 5663 2225 5720 multas
2250 5662 2480 5719 Romani
2505 5655 2668 5732 orbis
2701 5659 3008 5732 provincias
3084 5673 3151 5714 ex
3208 5657 3474 5714 acclama-

1978 5777 2009 5821 ὀ
2043 5775 2234 5830 Euseb.
2265 5775 2302 5830 l.
2333 5791 2386 5842 v,
2409 5790 2458 5831 c.
2485 5775 2544 5841 2,
2573 5774 2627 5840 5,
2660 5771 2798 5828 Ruﬂ’.
