3962 6366
446 290 575 368 ,275

1452 279 1511 335 S.
1553 277 1800 334 ADONIS
1839 274 2268 330 ARCHlEP!SC.
2317 274 2723 332 VIENNENSIS
2764 310 2766 312 τ

3645 273 3772 329 276

473 406 638 465 tione,
671 409 725 456 et
760 399 1026 455 seditione
1075 396 1222 469 vulgi
1256 436 1271 462 ,
1333 395 1744 465 persecutiones
1769 389 2058 446 'adversus
2087 397 2132 455 Α
2163 392 2246 446 vel
2277 407 2472 446 nomen
2521 394 2713 449 saltem
2763 409 2920 450 suum
2963 394 3044 449 eis
3087 393 3270 448 fateri.
3299 391 3406 447 Sed
3434 391 3505 446 de
3528 390 3619 444 his
3645 390 3774 444 sino

473 492 813 550 Christianos
849 488 1152 544 durissimae
1185 487 1468 542 concitata:
1500 492 1662 548 sunt,
1703 484 1776 537 ita
1808 491 1868 536 ut
1896 481 2060 536 millia

476 585 642 640 multa
672 591 973 653 martyrum
1011 595 1108 652 per
1135 579 1253 633 loca
1286 575 1496 648 singula
1528 577 1739 630 tierent.
1771 574 1889 642 Quo
1926 573 2058 628 tem-

475 691 608 745 pore
631 675 770 744 apud
793 673 1108 743 Lugdunum
1133 679 1187 724 et
1206 669 1492 735 Viennam,
1517 668 1679 723 urbes
1705 665 1912 729 Gallina,
1936 679 2064 735 erga

474 767 570 820 Dei
601 781 807 830 servos,
832 780 994 834 supra
1018 777 1177 818 omne
1203 760 1534 816 narrationis
1559 775 1749 831 genus,
1767 757 2062 829 supplicio-

478 874 597 911 rum
621 867 675 912 et
692 857 1028 912 cruciatnum
1052 853 1242 908 modus
1263 853 1539 907 exhibitus
1560 860 1642 907 est
1668 870 1680 905 :
1706 851 1782 906 ita
1804 858 1866 904 ut
1888 849 2064 920 primo

477 949 760 1003 domorum
812 947 916 1000 illis
961 945 1343 1015 prohiberetur
1375 943 1673 1008 habitatio;
1704 949 1815 995 tum
1868 939 2064 997 deinde

475 1056 604 1094 usus
627 1040 938 1093 balnearum
967 1057 978 1092 :
1001 1045 1127 1108 post
1153 1037 1317 1091 etiam
1341 1051 1632 1105 processus
1654 1034 1720 1089 ad
1747 1033 2020 1104 publicum
2047 1051 2061 1086 :

475 1131 542 1182 ad
574 1129 840 1193 ultimum,
876 1144 944 1182 ne
974 1128 1197 1182 omnino
1222 1127 1274 1180 in
1304 1125 1546 1196 quolibet
1600 1125 1741 1190 loco,
1795 1125 1937 1179 domi
1979 1123 2064 1178 fo-

459 1221 689 1287 risque,-
750 1219 968 1289 publico
1015 1220 1384 1289 privatoque,
1442 1217 1774 1272 viderentur.
1826 1216 2066 1286 Denique

461 1313 707 1383 quodam
743 1322 958 1368 astante
1005 1314 1222 1367 tribuno
1255 1323 1310 1367 et
1337 1312 1672 1382 primoribus
1695 1311 1932 1367 civitatis
1966 1326 2064 1379 pro

469 1404 606 1460 solis
632 1406 1117 1460 acclamationibus
1145 1406 1327 1476 populi
1353 1406 1613 1475 correpti,
1635 1413 1688 1460 et
1710 1405 1762 1459 in
1791 1419 2064 1460 carcerem

474 1498 610 1552 trusi
637 1507 760 1551 sunt
786 1496 1106 1561 Christiani,
1126 1513 1299 1567 usque
1324 1497 1389 1551 ad
1413 1497 1762 1568 prtesentiam
1776 1495 2023 1567 praesidis
2047 1512 2060 1549 :

473 1588 668 1657 cuique
704 1587 1011 1642 advenienti
1040 1585 1367 1641 oﬂeruntur.
1407 1585 1463 1640 ln
1489 1601 1624 1656 quos
1653 1585 1740 1640 ille
1768 1594 1914 1640 tanta
1941 1600 2066 1639 crn-

473 1681 696 1735 delitate
725 1695 852 1735 usus
897 1687 997 1741 est,
1043 1687 1101 1733 ut
1142 1679 1362 1734 saevitiae
1415 1679 1544 1749 ejus
1567 1680 1779 1751 species
1826 1678 2064 1749 singulas

473 1787 632 1827 nemo
662 1773 834 1841 possit
859 1785 1148 1841 exponere.

549 1862 742 1917 Vectus
769 1862 931 1932 igitur
959 1861 1253 1933 Epagatus,
1286 1879 1422 1917 unus
1455 1878 1486 1918 e
1519 1862 1802 1929 fratribus,
1836 1861 1954 1916 zelo
1975 1860 2059 1916 di-

459 1954 597 2007 vino
626 1953 912 2009 eI-fervore
933 1953 1159 2022 spiritus
1185 1953 1401 2024 plenus,
1432 1970 1556 2010 cum
1601 1953 1838 2010 crudelia
1889 1953 2062 2009 servis

471 2045 568 2098 Dei
600 2045 858 2115 supplicia
914 2039 1126 2100 videret
1179 2045 1390 2112 inferri,
1438 2054 1710 2101 etcontra
1729 2047 1820 2117 jus
1873 2045 2064 2116 fasque

473 2143 554 2190 tot
576 2149 764 2204 ptenas
795 2136 1048 2190 humanis
1078 2137 1379 2192 visceribus
1424 2138 1724 2209 excogitari
1767 2138 2061 2208 indignita-

473 2235 581 2280 tem
610 2228 689 2281 rei
720 2228 860 2281 ultra
913 2242 1020 2282 non
1069 2227 1267 2294 ferens,
1323 2231 1571 2299 poposcit
1598 2245 1656 2286 se
1698 2230 1891 2285 audiri.
1936 2230 2068 2284 Erat

473 2317 616 2370 enim
655 2317 795 2372 inter
820 2333 948 2374 suos
993 2319 1365 2375 nobilissimus
1398 2329 1453 2376 et
1505 2322 1927 2378 eruditissimus.
1957 2323 2065 2380 Ve-

473 2421 596 2460 rum
629 2422 752 2461 cum
780 2408 1148 2465 defensionem
1184 2410 1300 2482 ejus
1327 2427 1434 2467 non
1469 2412 1734 2484 reciperet
1774 2414 2067 2472 obstinatio

471 2495 693 2563 iudicis,
719 2498 944 2568 inquirit
970 2509 1180 2556 tantum
1219 2503 1288 2558 ab
1312 2517 1378 2558 eo
1417 2503 1461 2559 si
1494 2513 1550 2559 et
1579 2504 1695 2575 ipse
1723 2505 2067 2563 Christianus

473 2597 638 2643 esset.
671 2587 848 2658 thue
885 2588 1253 2646 Christianum
1302 2609 1363 2648 se
1403 2609 1524 2649 esse
1560 2595 1866 2651 clarissima
1899 2607 1955 2653 et
2001 2596 2067 2652 li-

472 2681 604 2736 bera
628 2697 759 2738 voce
790 2692 1020 2739 testatus
1049 2693 1133 2740 est
1159 2703 1172 2739 :
1206 2685 1486 2756 Tanquam
1510 2687 1822 2744 advocatus.
1867 2690 2063 2759 inquit,

475 2771 914 2828 Christianorum
963 2782 1019 2830 et
1059 2776 1172 2845 ipse
1201 2776 1508 2832 vinctorum
1535 2793 1766 2834 numero
1804 2780 2062 2837 societur.

474 2863 568 2918 ille
599 2877 728 2919 vero
751 2866 960 2922 habens
988 2866 1042 2920 in
1090 2882 1151 2924 se
1185 2869 1503 2924 advocatum
1529 2886 1628 2940 pro
1655 2872 1811 2928 nobis
1858 2872 2063 2941 Jesum,

483 2959 585 3012 hoc
634 2959 848 3013 nomine
907 2961 1104 3014 meruit
1155 2959 1410 3015 honorari
1465 2975 1480 3014 :
1529 2963 1704 3018 sancti
1759 2964 2062 3038 presbyteri

481 3049 758 3104 Zachariae
788 3051 902 3120 (qui
940 3065 1068 3120 erga
1120 3059 1338 3106 sanctos
1368 3051 1753 3123 plenitudinem
1787 3055 2066 3114 charitatis

480 3141 814 3211 ostenderat)
845 3150 1064 3197 secutus
1089 3143 1414 3214 exemplum.
1448 3144 1549 3212 Qui
1581 3154 1636 3201 et
1656 3147 1772 3216 ipse
1796 3148 1922 3202 dum
1950 3148 2062 3206 fra-

484 3234 660 3289 tribus
683 3236 855 3300 adest,
904 3234 1272 3291 defensionem
1317 3236 1604 3304 libertatis,
1645 3255 1766 3309 quaa
1792 3240 1845 3295 in
1879 3250 2061 3298 nostra

483 3326 744 3395 religione
791 3326 1065 3393 consistit,
1115 3329 1451 3398 exsequitur,
1481 3329 1817 3386 Dominicum
1845 3342 2063 3389 secutus

479 3417 804 3486 exemplum,
839 3417 1076 3472 animam
1115 3433 1269 3473 suam
1290 3434 1389 3490 pro
1413 3418 1604 3475 ovibus
1643 3421 1755 3476 suis
1777 3421 1980 3492 posuit,
2010 3429 2066 3477 et

480 3524 578 3577 pro
607 3510 819 3565 amicis.

553 3597 752 3654 Verum
782 3599 973 3656 beatus
1005 3599 1269 3657 Photinus
1299 3599 1734 3673 Lugdunensium
1756 3604 2058 3676 episcopus,

480 3705 602 3743 cum
634 3693 1004 3762 nonagenario
1045 3691 1219 3761 major
1259 3699 1403 3749 esset
1427 3699 1611 3760 aetate,
1642 3702 1694 3749 et
1722 3709 1972 3766 corpore,
2005 3703 2064 3749 ut

480 3791 604 3851 pote
646 3783 788 3839 illius
831 3785 956 3851 aevi,
1011 3784 1302 3852 invalidus,
1338 3795 1535 3841 caetera
1584 3785 1698 3855 jam
1744 3802 1884 3858 pene
1915 3802 2062 3843 mor-

485 3887 626 3941 tuus,
661 3876 774 3932 solo
810 3877 1060 3948 martyrii
1103 3892 1290 3933 amore
1329 3878 1578 3944 vivebat;
1621 3880 1836 3934 ducitur
1866 3881 1933 3935 ad
1967 3880 2079 3935 tri-t

481 3971 719 4035 bunalia,
759 3971 868 4024 imo
897 3971 1076 4039 potius
1117 3970 1380 4037 defertur,
1410 3973 1562 4027 senio
1605 3981 1660 4028 et
1691 3973 1946 4046 languore
1977 3989 2063 4031 re-

481 4062 710 4116 solutus.
764 4061 945 4131 lmpiae
987 4060 1161 4131 plebis
1221 4063 1459 4132 undique
1512 4064 1718 4120 clamor
1767 4066 2062 4134 attollitur,

482 4155 629 4208 hunc
676 4153 849 4223 ipsum
903 4167 1027 4209 esse
1073 4154 1326 4209 insonant
1368 4155 1664 4211 Christum.
1702 4155 1839 4212 Tum
1879 4173 2064 4214 veroa

483 4246 713 4318 praeside
735 4247 1121 4318 interrogatur,
1158 4247 1409 4318 quisnam
1457 4258 1603 4303 esset
1633 4248 2062 4306 Christianorum

488 4340 653 4396 Deus.
682 4339 1017 4412 Respondit:
1048 4339 1108 4395 Si
1137 4341 1330 4413 dignus
1364 4340 1552 4407 fueris,
1575 4342 1734 4397 scies.
1765 4342 1904 4399 Hinc
1935 4359 2064 4399 vero

487 4442 712 4488 cunctos
757 4431 904 4486 velut
943 4432 1126 4486 rabies
1156 4432 1405 4488 immensi
1451 4431 1730 4502 cujusdam
1756 4432 1956 4490 furoris
1985 4434 2066 4488 in-

483 4524 645 4590 vasit,
673 4524 750 4577 ita
790 4523 972 4592 utqui
1017 4537 1182 4592 prope
1233 4525 1502 4588 astabant,
1554 4525 1768 4594 pugnis,
1807 4523 1896 4578 alii
1949 4523 2062 4579 cal-

483 4617 638 4672 cibus
662 4617 974 4686 subigerent
1007 4631 1210 4671 senem.
1252 4616 1329 4672 Illi
1357 4634 1489 4673 vero
1532 4618 1624 4688 qui
1653 4618 1862 4689 longius
1887 4626 2065 4684 erant,

485 4706 744 4777 quidquid
781 4705 1081 4760 furentibus
1115 4706 1235 4761 telis
1267 4708 1507 4763 venisset
1556 4709 1609 4762 in
1642 4709 1912 4773 manibus,
1939 4708 2070 4762 emi-

484 4818 586 4855 nus
601 4800 894 4869 jaciebant.
923 4799 982 4853 In
1027 4800 1129 4855 hoc
1175 4800 1376 4856 etenim
1403 4801 1758 4856 vindicandos
1786 4801 1915 4855 deos
1939 4815 2067 4855 suos

483 4909 602 4948 esse
631 4892 944 4947 credebant.
980 4889 1151 4958 Quem
1189 4907 1312 4946 cum
1339 4893 1666 4948 seminecem
1713 4890 2069 4961 projecissent

485 4987 540 5040 in
587 4998 885 5048 carcerem,
930 4984 1410 5040 iucontaminatum
1461 4985 1619 5056 paulo
1657 4992 1784 5062 post
1835 4981 2068 5039 reddidit

483 5083 756 5154 spiritum.
789 5084 798 5094 '

557 5172 825 5228 Diaconus
849 5188 1064 5242 quoque
1110 5173 1340 5229 Sanctus
1371 5171 1611 5238 nomine,
1647 5171 1811 5226 etiam
1838 5170 1954 5240 ipse
1978 5184 2069 5224 su-

482 5282 580 5338 pra
609 5279 772 5334 quam
807 5263 914 5320 dici
938 5273 1136 5333 potest,
1161 5273 1216 5319 et
1257 5279 1420 5334 supra
1449 5279 1614 5334 quam
1659 5263 1954 5318 humanam
1986 5261 2069 5318 fas

482 5371 566 5431 est
623 5357 768 5415 ferre
829 5368 1101 5423 naturam,
1156 5358 1335 5413 acrius
1381 5356 1757 5413 insistentibus
1805 5355 2069 5411 ministris

483 5451 809 5518 «Lemonum,
835 5465 970 5505 nova
997 5463 1193 5520 genera
1214 5463 1497 5519 pmnarum
1518 5447 1756 5517 pertulit.
1780 5445 1852 5502 At
1879 5446 1966 5502 ille
1986 5447 2070 5502 vir

487 5543 595 5612 Deo
621 5541 812 5611 plenus
841 5541 1107 5596 intantum
1134 5539 1486 5597 crudelitates
1507 5553 1695 5601 eorum
1725 5536 1870 5603 risit,
1903 5545 1958 5592 et
1986 5536 2066 5593 fe-

486 5619 662 5706 rinam
702 5633 757 5687 in
783 5634 1082 5702 quaestione
1102 5630 1386 5696 saevitiam,
1424 5637 1483 5684 ut
1511 5644 1784 5698 nunquam
1821 5629 2069 5701 dignatus

484 5720 557 5781 sit
582 5721 662 5774 vel
708 5721 828 5793 quis
864 5732 1008 5778 esset
1055 5735 1266 5797 genere,
1323 5718 1463 5777 unde
1517 5719 1702 5791 domo,
1742 5718 1824 5777 vel
1863 5721 2064 5794 patria,

2166 483 2304 554 gulis
2335 484 2717 552 interrogatus,
2749 484 2882 538 nihil
2910 484 3052 538 aliud
3079 485 3130 538 in
3153 483 3406 536 omnibus
3443 480 3771 542 tormentis,

2167 575 2270 628 nisi
2301 575 2669 629 Christianum
2713 590 2771 630 se
2817 591 2937 630 esse
2967 575 3264 644 respondit.
3319 573 3434 628 Hoc
3474 573 3610 626 mihi
3663 586 3777 625 no—

2122 740 2128 745 .
2167 683 2312 732 men,
2340 669 2440 722 hoc
2470 683 2643 738 genus
2671 677 2726 723 et
2757 670 2934 739 patria
2961 677 3062 723 est.
3097 668 3277 731 Aliud,
3308 668 3504 737 inquit,
3532 665 3774 720 omnino

2112 778 2121 792 ι
2165 762 2297 816 nihil
2329 778 2445 816 sum
2469 777 2632 831 quam
2664 761 3027 817 Christianus.
3063 763 3144 816 Ad
3173 761 3419 816 ultimum
3457 761 3777 814 candentes

2167 853 2396 908 laminas
2442 855 2566 908 teris
2609 863 2661 908 et
2697 852 2829 908 ferri
2859 854 3004 909 circa
3039 854 3274 925 inguinis
3321 853 3438 908 loca
3470 861 3527 906 et
3553 850 3774 906 delica-

2165 944 2302 999 tiora
2333 959 2558 1015 qumque
2591 947 2954 1000 membrorum
3004 946 3319 1000 instauratis
3358 945 3578 1016 ignibus
3610 943 3778 996 adhi-

2166 1035 2316 1091 bent.
2347 1035 2428 1092 Ex
2456 1053 2563 1108 quo
2601 1052 2796 1092 carnes
2825 1037 3043 1107 quidem
3073 1037 3191 1106 ejus
3241 1036 3448 1092 adusta:
3485 1036 3635 1105 igne,
3665 1035 3772 1090 de-

2167 1127 2426 1194 fluebant,
2473 1131 2588 1200 ipse
2629 1145 2759 1184 vero
2796 1131 3152 1199 permanebat
3197 1129 3513 1190 immobilis,
3571 1129 3777 1181 incon-

2167 1235 2376 1286 cussus,
2410 1221 2748 1290 intrepidus;
2784 1222 3035 1276 omnibus
3083 1222 3340 1278 membris
3377 1231 3589 1292 martyr
3621 1229 3771 1283 erat,

2165 1323 2221 1368 et
2248 1323 2360 1370 toto
2388 1330 2615 1386 corpore
2642 1331 2806 1372 unum
2837 1315 3030 1371 vulnus
3074 1316 3354 1373 horrebat.
3405 1315 3559 1369 Perit
3595 1315 3649 1367 in
3695 1329 3771 1368 eo

2165 1401 2354 1459 formae
2403 1405 2653 1460 humana:
2693 1404 2924 1476 agnitio;
2952 1414 3006 1460 et
3047 1420 3154 1459 non
3198 1405 3372 1459 solum
3414 1403 3538 1474 quis
3579 1413 3771 1469 esset;

2165 1494 2260 1550 sed
2281 1501 2333 1549 et
2354 1496 2481 1566 quid
2503 1502 2668 1562 esset,
2693 1504 3086 1551 tormentorum
3110 1496 3424 1560 crudelitas,
3449 1511 3517 1549 ne
3537 1495 3775 1564 agnosci

2165 1592 2369 1655 posset,
2399 1584 2716 1640 abstulerat.
2759 1584 3010 1641 Christus
3045 1595 3226 1641 tamen
3265 1585 3320 1640 in
3365 1600 3430 1640 eo
3477 1584 3626 1639 solus
3664 1597 3774 1655 per
3851 1592 3854 1593 '

2167 1677 2408 1748 martyrii
2439 1677 2664 1748 gloriam
2691 1676 3199 1748 recognoscebatur.
3232 1677 3339 1733 Sed
3366 1677 3611 1732 artifices
3644 1691 3772 1730 sce-

2089 1751 2137 1811 B
2164 1768 2338 1822 lerum
2371 1783 2708 1839 nequaquam
2749 1769 3007 1840 martyris
3035 1772 3301 1823 erubuere
3323 1769 3606 1821 virtutem.
3630 1765 3771 1819 Post

2162 1877 2364 1933 paucos
2408 1862 2607 1916 etenim
2659 1861 2774 1917 dies
2821 1871 3091 1918 tormenta
3137 1878 3328 1916 rursus
3378 1859 3640 1924 inferunt,
3697 1869 3758 1913 et

2164 1954 2342 2009 denuo
2373 1954 2485 2024 jam
2512 1952 2750 2008 membra
2777 1952 3080 2023 putrefacta
3116 1951 3304 2007 vexari
3334 1952 3618 2021 incipiunt.
3652 1948 3768 2005 Ve-

2165 2062 2285 2102 rum
2317 2046 2480 2119 (quod
2524 2047 2613 2100 vix
2652 2046 2800 2102 credi
2845 2037 3044 2116 potest)
3075 2045 3384 2101 restitutum
3421 2054 3505 2098 est
3547 2043 3599 2097 in
3638 2043 3765 2112 pri.-

2166 2153 2310 2193 mam
2340 2138 2572 2209 Speciem
2605 2153 2801 2208 corpus
2826 2153 2926 2208 per
2970 2136 3204 2192 secunda
3253 2143 3544 2197 tormenta,
3581 2135 3649 2187 ita
3699 2141 3770 2186 ut

2169 2231 2362 2287 iterata
2393 2231 2654 2303 supplicia
2687 2247 2793 2287 non
2814 2231 2863 2287 ei
2892 2230 3007 2303 jam
3031 2245 3248 2303 poenam
3277 2228 3626 2293 contulerint,
3667 2225 3769 2282 sed

2169 2323 2454 2379 medelam.

2238 2413 2449 2469 Attalus
2471 2429 2688 2485 quoque
2727 2412 3098 2482 Pergamenus
3125 2411 3279 2478 civis,
3323 2409 3502 2482 populi
3534 2409 3769 2464 vocibus

2166 2504 2487 2576 postulatur.
2519 2505 2649 2560 Erat
2679 2505 2822 2560 enim
2845 2503 3001 2560 valde
3038 2503 3258 2563 nobilis,
3294 2511 3349 2556 et
3374 2502 3512 2572 quod
3543 2501 3769 2556 cunctis

2169 2597 2401 2654 nobilius
2446 2605 2554 2662 est,
2600 2599 2686 2652 vir
2733 2598 2951 2668 optimae
3012 2596 3380 2660 conscientire,
3437 2603 3489 2648 et
3548 2596 3603 2648 in
3656 2593 3769 2647 fide

2167 2692 2366 2749 Christi
2400 2708 2497 2764 per
2523 2692 2704 2748 omnia
2731 2691 2990 2746 exercitia
3015 2706 3227 2760 semper
3258 2698 3480 2761 martyr.
3505 2685 3769 2755 Cumque

2169 2787 2535 2841 circumactus
2579 2785 2769 2840 fuisset
2800 2785 2852 2838 in
2887 2783 3307 2854 amphitheatro,
3353 2780 3502 2834 titulo
3531 2795 3588 2834 se
3619 2793 3769 2848 prab

2169 2877 2415 2942 cedente,
2445 2877 2498 2931 in
2530 2892 2637 2947 quo
2664 2881 2924 2947 scriptum
2949 2883 3086 2939 erat,
3131 2873 3340 2927 Attalus
3373 2870 3721 2926 Christianus
3749 2886 3766 2924 :

2169 2968 2404 3024 fremere
2428 2969 2482 3024 in
2509 2984 2630 3024 eum
2674 2969 2822 3039 vulgi
2855 2967 3176 3022 insanientis
3206 2965 3358 3019 furor
3385 2963 3770 3019 vehementius

2169 3062 2352 3132 cmpit.
2383 3061 2489 3118 Sed
2513 3077 2635 3116 cum
2661 3061 2877 3132 praesidi
2907 3061 3200 3115 indicatum
3248 3057 3454 3119 fuisset,
3478 3072 3596 3111 esse
3630 3070 3769 3110 eum

2170 3153 2429 3208 Romana:
2456 3153 2691 3209 civitatis
2720 3153 2918 3217 virum,
2961 3151 3113 3221 jubet
3142 3167 3264 3206 eum
3298 3166 3419 3204 cum
3449 3147 3664 3203 ueteris
3715 3145 3767 3201 in

2169 3262 2444 3304 carcerem
2466 3247 2656 3318 recipi.
2690 3246 2864 3302 Simul
2887 3255 2942 3302 et
2977 3248 3042 3301 ad
3065 3245 3339 3301 Caesarem
3383 3242 3567 3306 refert,
3605 3241 3768 3312 ejus-

2168 3341 2274 3411 que
2298 3341 2646 3405 sententiam,
2689 3339 2820 3409 quid
2852 3339 2918 3394 de
2947 3354 3012 3393 eo
3053 3339 3290 3409 juberet,
3325 3344 3612 3405 exspectat.
3677 3333 3760 3388 Es

2166 3439 2402 3501 utraque
2466 3440 2646 3486 autem
2700 3431 2972 3495 ecclesia,
3040 3429 3387 3501 Lugdunensi
3443 3427 3660 3481 scilicet
3716 3431 3770 3503 et

2174 3521 2485 3588 Viennensi,
2516 3537 2705 3578 omnes
2729 3523 2820 3594 qui
2849 3521 3075 3578 studiosi
3107 3529 3161 3576 et
3197 3520 3373 3591 magni
3410 3519 3766 3577 videbantur,

2167 3623 2222 3670 et
2265 3628 2495 3685 quorum
2525 3613 2710 3669 labore
2735 3621 2791 3668 et
2820 3613 3084 3668 industria
3130 3611 3459 3682 regebantur
3484 3606 3767 3670 ecclesia},

2166 3703 2408 3760 universi
2438 3702 2644 3773 pariter
2669 3703 3013 3757 tenebantur.
3060 3700 3280 3775 Talibus
3307 3700 3534 3767 deinque
3559 3695 3768 3750 diabo—

2167 3795 2252 3852 lus
2273 3795 2540 3851 maehinis
2564 3809 2876 3866 oppugnare
2924 3794 3152 3865 parabat
3195 3789 3429 3844 famulos
3475 3788 3583 3848 Dei,
3648 3802 3769 3856 quo

2167 3888 2375 3944 scilicet
2434 3884 2745 3951 afﬂictione,
2795 3886 3066 3949 carceris,
3119 3895 3174 3939 et
3218 3881 3448 3953 poenalis
3499 3880 3769 3950 squalore

2167 3978 2492 4049 consumpti,
2525 3993 2590 4032 ac
2634 3977 2865 4047 septimo
2908 3976 2991 4047 (ut
3027 3975 3232 4041 dicunt)
3267 3983 3468 4043 puncto
3507 3973 3556 4024 in
3579 3985 3767 4024 nervo

2166 4070 2350 4142 pedes,
2392 4077 2579 4124 contra
2609 4082 2771 4138 quam
2794 4064 2941 4122 credi
2970 4063 3054 4120 fas
3077 4072 3178 4129 est,
3213 4062 3453 4124 distenti,
3475 4061 3526 4114 in
3557 4059 3767 4113 intimo

2169 4161 2514 4217 tenebrarum
2577 4159 2726 4221 loco,
2791 4173 2889 4226 per
2949 4157 3130 4211 omnia
3193 4169 3473 4225 poenarum
3527 4168 3762 4222 genera,

2167 4269 2286 4322 quae
2343 4251 2634 4306 furentium
2687 4249 2888 4304 saevitia
2942 4248 3250 4318 excogitare
3307 4253 3538 4315 poterat,
3588 4244 3765 4315 depe-

2169 4345 2358 4400 rirent.
2384 4341 2554 4408 Quam
2590 4340 2808 4409 plurimi
2833 4356 2962 4411 ergo
3003 4341 3106 4395 hoc
3128 4353 3326 4410 genere
3368 4338 3421 4391 in
3466 4337 3763 4406 ergastulis

2168 4444 2579 4499 consumuntur,
2640 4433 2868 4488 Domino
2908 4433 3238 4503 suscipiente
3278 4445 3466 4486 eorum
3511 4427 3764 4498 hujusce-

2174 4526 2316 4580 modi
2345 4525 2570 4580 exitum.
3349 4565 3352 4568 .

2243 4615 2550 4671 Alcibiades
2578 4615 2798 4684 quidam
2828 4613 3024 4667 eratin
3047 4627 3275 4667 numero
3300 4625 3508 4674 eorum,
3542 4625 3635 4679 qu:
3664 4621 3758 4680 pro

2172 4707 2373 4763 Christi
2424 4705 2589 4761 vincti
2631 4706 2972 4760 tenebantur.
3028 4702 3127 4758 Hic
3152 4704 3317 4758 vitam
3366 4705 3502 4758 satis
3527 4704 3757 4756 arduam

2173 4809 2227 4856 et
2255 4808 2526 4854 austeram
2553 4800 2796 4870 gerebat,
2827 4796 2960 4852 nihil
2990 4797 3094 4852 cibi
3125 4796 3310 4852 volens
3357 4796 3631 4865 accipere,
3664 4794 3756 4850 sed

2175 4900 2384 4948 tantum
2423 4890 2535 4946 sale
2583 4900 2638 4945 et
2677 4905 2816 4960 pane
2843 4904 2965 4944 cum
3000 4904 3140 4949 aqua
3184 4889 3457 4944 utebatur.
3511 4885 3755 4956 Cumque

2169 4986 2315 5040 hunc
2360 4983 2483 5038 vitae
2512 4983 2745 5052 rigorem
2785 4980 2945 5036 vellet
2987 4981 3152 5036 etiam
3183 4981 3236 5034 in
3281 4993 3504 5034 carcere
3549 4979 3756 5047 positus

2168 5075 2433 5140 obtinere,
2470 5073 2650 5130 Attalo
2681 5073 2822 5144 (post
2863 5075 3092 5144 primam
3131 5072 3528 5128 confessionem
3579 5085 3751 5133 suam,

2170 5183 2335 5239 quam
2400 5167 2454 5221 in
2509 5165 2906 5235 amphitheatro
2955 5165 3233 5222 confessus
3281 5163 3401 5234 est)
3461 5163 3750 5224 revelatur,

2171 5258 2296 5330 quia
2326 5274 2432 5312 non
2463 5266 2611 5312 recte
2651 5256 2854 5312 faceret
2892 5256 3222 5321 Alcibiades,
3267 5255 3536 5311 creaturis
3563 5255 3656 5309 Dei
3701 5263 3753 5308 et

2173 5352 2289 5422 ipse
2317 5368 2424 5406 non
2458 5351 2559 5416 uti,
2590 5359 2643 5404 et
2665 5350 2789 5405 aliis
2811 5349 3041 5405 formam
3076 5349 3313 5406 scandali
3349 5349 3747 5423 derelinquere.

2170 5443 2376 5512 Quibus
2420 5442 2650 5514 cognitis
2695 5441 3003 5498 Alcibiades
3040 5443 3206 5513 C(Bpit
3245 5441 3428 5496 omnia
3476 5457 3600 5495 cum
3624 5456 3748 5511 gra-

2171 5535 2368 5590 tiarum
2398 5535 2609 5588 actione
2637 5535 2932 5604 percipere.
2984 5534 3151 5604 Igitur
3181 5549 3303 5589 cum
3333 5550 3361 5586 a
3409 5533 3624 5589 Caesare
3667 5547 3749 5586 re-

2170 5629 2429 5699 scriptum
2456 5627 2663 5690 fuisset,
2691 5637 2748 5682 ut
2775 5628 3126 5697 persistentes
3149 5625 3366 5697 quidem
3409 5625 3744 5695 punirentur,

2171 5725 2429 5791 negantes
2467 5725 2646 5775 autem
2671 5716 3100 5788 dimitterentur;
3136 5718 3222 5776 die
3251 5715 3484 5791 quodam
3510 5714 3743 5775 celebeh
