3962 6366
534 374 642 436 279

1525 381 1582 433 S.
1621 377 1869 434 ADONIS
1907 377 2335 433 ARCHIEPISC.
2392 376 2805 437 VIENNENSIS

3696 377 3806 438 seu

531 493 775 568 praefatis
816 492 1234 566 imperatoribus
1260 494 1462 565 pariter
1506 492 1748 548 coronati
1783 501 1926 547 sunt.
1961 491 2107 546 Beli-
2137 503 2185 561 Α
2213 493 2470 564 episcopi.
2535 492 2638 561 Qui
2700 495 3076 565 persecutione
3145 493 3457 549 Maximiani
3525 509 3625 564 pro
3699 497 3804 554 ﬁde

531 589 697 660 quiat,
717 601 907 642 eorum
934 603 967 642 a
997 587 1435 658 persecutoribus
1477 585 1730 650 incensae,
1777 593 1831 638 et
1861 583 1915 638 in
1961 583 2110 638 Rho-

531 678 730 732 dauum
754 675 975 732 fluvium
1009 676 1284 748 dispersae.
1323 675 1428 730 Sed
1465 691 1587 730 cum
1615 673 1910 730 Christiani
1940 674 2112 728 maxi-

531 785 681 826 mum
718 783 1008 826 maerorem
1046 769 1329 833 haberent,
1377 768 1532 838 quasi
1570 767 1903 836 deperissent
1943 780 2111 820 sacrae

529 862 795 932 reliquie,
843 870 1003 917 nocte
1053 868 1418 930 apparuerunt
1453 857 1626 913 sancti
1655 857 1788 912 viris
1835 854 2107 920 ﬁdelibus,

529 956 675 1011 ineo
703 955 820 1010 loco
862 969 970 1025 quo
1007 953 1115 1024 igni
1155 952 1337 1007 traditi
1385 960 1532 1016 sunt,
1583 959 1794 1006 stantes
1822 949 2018 1020 integri
2055 958 2111 1005 et

530 1048 704 1102 illzesi.
751 1048 816 1102 Et
844 1045 1091 1101 conversi
1141 1045 1208 1098 ad
1244 1044 1390 1099 viros
1420 1044 1674 1098 dixerunt
1696 1043 1817 1097 eis:
1850 1041 2110 1113 Reliquiae

530 1148 732 1193 nostra
760 1138 828 1192 ab
858 1137 962 1192 hoc
985 1136 1309 1209 colligantur
1337 1137 1476 1201 loco,
1509 1136 1636 1207 quia
1680 1134 1860 1191 nullus
1896 1136 2056 1206 periit
2078 1151 2110 1190 e

524 1230 702 1286 nobis.
729 1228 834 1286 Sed
856 1245 922 1286 ex
947 1230 1049 1285 hoc
1079 1229 1325 1284 translati
1352 1244 1537 1284 sumus
1560 1228 1626 1283 ad
1653 1228 1917 1298 requiem,
1944 1243 2108 1298 quam

524 1323 682 1377 nobis
715 1322 967 1393 promisit
993 1338 1090 1377 rex
1117 1321 1378 1377 caelorum
1401 1320 1672 1386 Christus,
1703 1335 1800 1390 pro
1825 1319 1978 1388 cujus
2007 1335 2107 1374 no-

525 1417 671 1471 mine
715 1417 859 1487 passi
907 1431 1114 1472 sumus.
1147 1415 1273 1470 Haec
1302 1413 1676 1470 renuntiantes
1722 1413 1822 1467 viri
1855 1411 2111 1482 illi,.gra-

524 1514 632 1568 tias
659 1523 888 1586 egerunt
927 1513 1060 1579 Deo,
1086 1520 1141 1567 et
1169 1509 1463 1573 confortati
1507 1519 1635 1566 sunt
1677 1509 1731 1564 in
1763 1507 1912 1575 ﬁde;
1953 1509 2109 1564 colli-

524 1615 818 1675 gentesque
848 1620 1030 1660 sacros
1061 1604 1295 1668 cineres,
1325 1602 1595 1674 condigno
1623 1601 1828 1656 honore
1857 1600 1958 1655 sub
1985 1616 2111 1655 san-

525 1706 616 1753 cto
652 1698 811 1754 altari
835 1697 1212 1754 condiderunt.
1245 1696 1348 1752 Ubi
1372 1711 1588 1767 semper
1610 1695 1903 1750 virtutibus
1940 1695 2111 1749 mani-

525 1787 683 1844 festis
746 1806 805 1846 se
870 1806 993 1846 cum
1060 1791 1172 1846 Deo
1234 1789 1483 1846 habitare
1545 1787 1842 1844 declarant.
1902 1787 2105 1841 Harum

516 1882 870 1939 festivitatem
909 1885 1057 1940 cives
1082 1881 1456 1956 Lugdunensis
1484 1880 1635 1936 urbis
1663 1881 1914 1935 omnibus
1932 1879 2104 1935 unde-
2133 1886 2184 1947 Β

520 1989 737 2045 quaque
764 1975 1013 2031 lmtanter
1046 1975 1478 2039 accurrentibus,
1521 1988 1620 2044 per
1656 1974 1978 2028 descensum
2004 1970 2105 2026 ﬁu-

521 2068 707 2133 minis,
755 2085 878 2124 cum
913 2070 1130 2142 hymnis
1154 2078 1209 2123 et
1233 2069 1462 2125 canticis
1508 2069 1883 2142 gratulationis
1912 2085 2105 2126 conce-

517 2161 814 2229 lebrantes,
863 2164 1258 2233 missarumque
1305 2162 1568 2218 solemnia
1621 2163 1676 2217 in
1731 2161 2100 2233 apostolorum

515 2254 745 2310 ecclesia
786 2255 899 2324 (ubi
922 2255 1092 2311 sancti
1119 2256 1330 2311 eineres
1350 2271 1536 2310 eorum
1567 2255 1772 2310 conditi
1791 2256 2101 2327 servantur)
2141 2299 2151 2312 .

515 2345 709 2401 festive
741 2345 970 2402 Domino
996 2347 1305 2412 reddentes,
1327 2363 1394 2402 ex
1418 2348 1762 2418 antiquorum
1789 2347 2098 2408 traditione,

505 2423 688 2505 ipsam
739 2435 884 2492 diem
932 2437 1317 2494 miraculorum
1369 2437 1663 2509 appellant.
1702 2437 1879 2494 Locus
1907 2437 1963 2492 in
1989 2453 2098 2509 quo

513 2529 660 2596 passi
711 2537 860 2592 sunt,
909 2529 1227 2585 Athanacho
1270 2537 1537 2585 vocatur:
1592 2529 1822 2599 ideoque
1847 2529 2105 2585 dicuntur

515 2629 789 2692 martyres
817 2621 1252 2677 Athanacenses.

967 2733 1030 2791 (ἶ.
1073 2734 1139 2789 111
1180 2733 1408 2790 NONAS
1444 2733 1617 2792 lUNll

1157 2825 1214 2897 (δ
1247 2823 1448 2894 Junii.)

583 2938 740 3010 Apud
765 2939 1007 2994 Aretiam
1040 2939 1317 2994 civitatem
1359 2938 1589 3005 Tusciae,
1639 2938 1837 2995 natalis
1885 2949 2106 2996 sancto-

514 3041 635 3082 rum
689 3040 988 3101 martyrum
1033 3030 1339 3099 Pergentini
1386 3039 1441 3085 et
1487 3029 1803 3087 Laurentini
1849 3031 2101 3099 fratrum,

514 3119 607 3190 qui
654 3122 1031 3190 persecutione
1067 3122 1236 3190 Decii,
1293 3121 1393 3177 sub
1415 3121 1597 3189 judice
1626 3123 1836 3189 Turtio,
1867 3139 1989 3179 cum
2016 3141 2106 3180 es-

2212 581 2440 649 Christi,
2485 583 2651 656 ligato
2703 583 2771 639 ad
2800 601 3018 640 manum
3065 585 3257 641 molari
3301 600 3454 650 saxo,
3505 586 3565 642 in
3601 585 3805 644 flumen

2211 673 2579 745 praecipitatus
2610 685 2713 730 est.
2747 673 2813 730 Et
2838 690 2961 730 cum
2990 676 3472 733 circumstantibus
3503 677 3598 733 diu
3629 677 3806 735 collo-

2211 776 2393 832 cutus,
2418 783 2485 824 ne
2513 768 2631 839 ejus
2667 777 3006 825 terrerentur
3029 769 3310 841 exemplo;
3340 769 3431 824 vix
3457 771 3720 841 precibus
3748 781 3804 827 ut

2212 871 2550 933 mergeretur
2587 863 2839 919 obtinuit.
2892 862 3064 934 Hujus
3093 864 3336 935 reliquiae
3366 864 3648 921 translate
3678 875 3803 921 sunt

2213 952 2461 1021 Romam,
2487 965 2544 1012 et
2567 957 2758 1027 posita:
2785 957 2840 1010 in
2864 955 3240 1013 Catacumbas.

2732 1088 2796 1144 Β.
2836 1089 3042 1146 NONlS
3086 1089 3280 1148 JUNII.

2855 1184 2912 1254 (5
2958 1181 3158 1255 Junii.)

2281 1301 2436 1372 Apud
2486 1298 2812 1373 Egyptum,
2871 1299 3068 1354 natalis
3134 1306 3447 1354 sanctorum
3494 1307 3800 1369 martyrum

2212 1391 2464 1459 Mariani,
2514 1391 2789 1457 Nicandri,
2830 1401 2886 1447 et
2927 1389 3195 1462 Apollonii
3236 1404 3469 1462 quorum
3514 1398 3673 1462 gesta
3703 1389 3797 1445 ha-

2210 1486 2426 1542 bentur.

2281 1579 2484 1634 Eodem
2516 1579 2604 1634 die
2652 1577 2831 1633 natale
2856 1576 2914 1632 S.
2947 1575 3210 1632 Bonifacii
3251 1577 3507 1648 martyris
3537 1577 3643 1632 sub
3673 1575 3797 1630 Dio-

2210 1670 2444 1728 cletiano
2467 1679 2523 1726 et
2553 1669 2878 1724 Maximiano
2901 1669 3040 1739 apud
3069 1668 3298 1724 Tarsum
3327 1669 3604 1724 civitatem
3634 1669 3796 1738 passi,

2210 1765 2307 1818 sed
2344 1763 2550 1829 Romze,
2585 1763 2637 1817 in
2666 1762 2755 1817 via
2781 1776 2902 1833 qua:
2935 1761 3128 1816 Latina
3181 1770 3544 1831 nuncupatur,
3578 1759 3795 1830 sepulti.

2213 1854 2466 1922 Quicum
2492 1865 2639 1912 esset
2677 1862 3001 1926 procurator
3033 1868 3217 1909 rerum
3265 1851 3547 1922 cujusdam
3600 1852 3795 1906 nobilis

2212 1954 2474 2000 matronze
2499 1944 2719 2000 nomine
2746 1943 2979 2015 Aglahes
3001 1952 3199 1999 etcum
3228 1944 3280 1997 in
3303 1959 3367 1998 ea
3391 1952 3583 2012 stupro
3608 1942 3796 1996 misce-

2210 2045 2380 2102 retur,
2406 2036 2625 2091 tandem
2656 2035 2869 2105 utrique
2897 2033 3080 2090 divino
3102 2044 3235 2088 nutu
3260 2033 3588 2103 compuncti,
3626 2031 3795 2086 cousi-

2207 2128 2338 2184 lium
2369 2129 2696 2194 habuerunt,
2730 2135 2790 2182 ut
2814 2127 2882 2182 ad
2911 2127 3292 2197 requirendum
3318 2140 3552 2195 corpora
3589 2135 3788 2196 martyo

2208 2241 2329 2280 rum
2383 2222 2691 2279 Bonifacius
2729 2222 3058 2288 mitteretur,
3100 2221 3146 2276 si
3175 2235 3282 2290 quo
3303 2219 3464 2276 modo
3497 2220 3796 2276 servientes

2209 2326 2370 2386 atque
2396 2318 2759 2387 obsequentes
2802 2317 2906 2382 eis,
2951 2331 3048 2387 per
3075 2331 3264 2372 eorum
3287 2315 3567 2370 orationes
3595 2314 3794 2368 salvari

2207 2418 2572 2465 mererentur.
2600 2408 2929 2464 Perveniens
2954 2408 3120 2480 igitur
3143 2416 3266 2478 post
3285 2407 3401 2463 dies
3431 2407 3641 2477 aliquot
3667 2405 3796 2460 Tar-

2209 2518 2330 2558 sum
2359 2501 2654 2564 civitatem,
2678 2501 2808 2555 dicit
2842 2499 2910 2554 ad
2934 2514 3047 2565 eos,
3077 2499 3171 2569 qui
3195 2513 3317 2554 cum
3339 2511 3404 2552 eo
3425 2506 3606 2564 erant,
3634 2497 3797 2551 Boui-

2207 2595 2420 2650 facius:
2455 2593 2589 2660 Viri,
2621 2605 2812 2650 euntes
2840 2593 3101 2663 requirite
3142 2591 3298 2647 nobis
3340 2589 3656 2660 hospitium,
3698 2603 3796 2658 ego

2209 2698 2389 2745 autem
2424 2690 2513 2746 ibo
2541 2689 2727 2744 videre
2765 2703 2878 2754 eos,
2923 2702 3059 2758 quos
3087 2686 3244 2741 valde
3284 2685 3552 2749 desidem,
3585 2692 3795 2754 marty-

2147 2801 2150 2805 '
2210 2795 2300 2837 res
2349 2788 2644 2836 certantes.
2696 2776 2983 2834 Festinaus
3035 2777 3218 2846 itaque
3261 2775 3329 2831 ad
3372 2775 3593 2839 locum,
3651 2774 3795 2827 videt

2208 2871 2576 2936 beatissimos,
2606 2871 2770 2925 alium
2802 2867 3123 2940 suspensum
3160 2882 3256 2939 per
3283 2866 3450 2937 pedes
3495 2866 3624 2936 igne
3665 2866 3796 2920 sub-

2209 2973 2298 3022 tus
2353 2965 2551 3035 posito,
2613 2963 2778 3018 alium
2847 2963 2900 3017 in
2967 2970 3203 3032 quatuor
3256 2958 3417 3029 lignis
3466 2967 3793 3022 extensum,

2209 3066 2264 3114 et
2307 3057 2612 3112 diutissime
2667 3054 2952 3120 aﬂlictum;
3011 3054 3177 3109 alium
3222 3052 3435 3124 ungulis
3476 3059 3794 3116 exaratum;

2211 3148 2376 3204 alium
2406 3149 2656 3203 manibus
2701 3146 3008 3212 abscisum;
3062 3145 3227 3200 alium
3272 3143 3514 3214 stipitem
3567 3143 3619 3197 in
3657 3141 3797 3197 collo

510 3221 634 3267 ’θυι
660 3213 834 3282 pueri’
878 3222 1000 3283 Ρθδί
1029 3213 1165 3268 dum
1215 3213 1474 3284 supp‘iCia
1527 3213 1772 3279 tolerata,
1805 3225 1860 3270 θί
1903 3232 2098 3287 magna
2128 3237 2177 3303 C
2206 3240 2496 3296 habentem
2543 3239 2791 3304 inﬁxum,
2825 3247 2880 3294 et
2914 3254 2945 3292 a
2985 3247 3127 3292 terra
3168 3213 3480 3292 elevatunt‘:
3511 3244 3566 3290 et
3595 3236 3674 3290 sic
3702 3251 3796 3305 per

513 3305 772 3362 miracula
801 3315 1042 3373 ostensa,
1075 3305 1254 3379 gladio
1280 3306 1403 3362 caesi
1427 3315 1570 3370 sunt,
1605 3315 1660 3362 et
1681 3310 1823 3378 apud
1851 3308 2101 3364 eamdem

511 3398 701 3453 urbem
725 3398 946 3454 conditi.

583 3487 641 3543 ln
695 3485 1008 3560 Campania,
1067 3487 1247 3544 natale
1298 3487 1444 3544 beati
1510 3487 1722 3542 Erasmi
1772 3488 2008 3559 episcopi
2049 3497 2108 3546 et

511 3583 770 3656 martyris
798 3583 899 3639 sub
948 3583 1284 3639 Diocletiano
1327 3591 1381 3638 et
1418 3581 1764 3637 Maximiano.
1819 3581 1919 3649 Qui
1943 3581 2102 3651 jussu

511 3673 660 3743 impii
694 3673 1012 3730 Diocletiani
1056 3673 1400 3744 imperatoris
1436 3673 1612 3744 primo
1640 3672 1934 3743 plumbatis
1972 3688 2103 3729 cru-

511 3767 706 3822 deliter
725 3782 916 3831 caesus,
943 3767 1137 3823 deinde
1169 3767 1400 3823 fustibus
1433 3766 1739 3822 diutissime
1768 3775 2100 3834 maceratus,

508 3871 630 3931 post
670 3861 873 3926 resina,
925 3858 1153 3925 sulfure,
1203 3858 1448 3930 plumbo,
1501 3859 1642 3928 pice,
1697 3871 1821 3913 cera
1871 3858 2104 3929 oleoque

508 3951 700 4007 solutis
730 3949 1001 4022 perfusus,
1054 3950 1259 4021 ingenti
1304 3949 1574 4005 miraculo
1599 3948 1798 4005 illaasus
1827 3950 2096 4022 apparuit.

508 4040 662 4108 Quod
713 4057 837 4096 cum
881 4040 1036 4095 multi
1087 4041 1352 4104 viderent,
1408 4040 1568 4096 ﬁdem
1618 4039 1842 4105 Christi,
1884 4040 2102 4111 rejectis

507 4133 708 4199 idolis,
771 4142 1148 4204 susceperunt.
1207 4132 1336 4188 lnde
1385 4133 1648 4189 immenso
1695 4134 1934 4204 pondere
1969 4133 2101 4191 ferri

507 4225 858 4292 constrictus,
891 4225 945 4280 in
983 4240 1204 4280 carcere
1241 4223 1482 4280 reclusus
1517 4233 1602 4281 est
1642 4225 1742 4280 sub
1766 4225 1884 4281 dira
1923 4234 2102 4283 custo-

507 4317 617 4372 dia.
645 4317 721 4373 De
748 4331 853 4387 qua
894 4317 1137 4388 angelica
1166 4316 1475 4372 visitatione
1521 4316 1752 4372 solvitur
1780 4325 1944 4389 atque
1991 4319 2099 4374 eri-

502 4395 671 4481 pitur.
722 4408 923 4466 Verum
980 4410 1323 4481 postmodum
1369 4409 1668 4465 clarissima
1709 4411 2098 4468 miraculorum

505 4502 676 4573 ipsius
699 4510 850 4573 gesta
876 4500 1016 4558 fama
1049 4500 1322 4573 vulgante,
1354 4510 1538 4557 tentus
1567 4510 1651 4556 est
1675 4503 1744 4557 ab
1781 4502 1954 4559 altero
1994 4504 2096 4558 im-

2210 3331 2423 3387 diversa
2481 3329 2764 3402 supplicia,
2813 3330 3072 3401 martyria
3124 3329 3192 3383 ab
3226 3327 3392 3398 impio
3425 3327 3687 3383 carniﬁce
3714 3327 3792 3380 di-

2209 3424 2434 3495 sposita.
2491 3421 2627 3479 Cum
2687 3423 2902 3478 eminus
2958 3421 3176 3476 fervens
3231 3435 3421 3475 amore
3486 3419 3689 3475 Christi
3739 3428 3795 3474 et

2208 3517 2324 3588 ipse
2377 3517 2690 3588 respiceret,
2725 3531 2978 3588 magnum
3028 3513 3198 3570 Deum
3243 3523 3556 3570 sanctorum
3595 3522 3795 3584 marty-

2208 3623 2331 3664 rum
2379 3607 2620 3662 clamare
2654 3607 2839 3678 etrapit.
2895 3605 2963 3660 Et
3007 3621 3300 3661 accurrens
3344 3606 3594 3661 consedit
3641 3605 3793 3676 pedi-

2204 3701 2308 3757 bus
2364 3716 2551 3757 eorum
2601 3699 2924 3756 deosculatus
2976 3698 3211 3763 vincula,
3259 3708 3315 3754 et
3359 3697 3549 3754 dicens
3605 3716 3620 3752 :
3667 3697 3793 3754 Cer~

2205 3803 2343 3861 tate,
2401 3802 2670 3865 martyres
2742 3791 2985 3859 Christi,
3037 3793 3243 3848 calcate
3305 3791 3618 3859 diabolum,
3679 3807 3791 3847 mo-

2203 3888 2386 3944 dicum
2451 3898 2842 3958 perseverate;
2911 3902 3110 3957 parvus
3165 3886 3382 3956 quidem
3436 3887 3636 3952 labor,
3704 3887 3792 3942 sed

2203 3978 2372 4034 multa
2422 3980 2656 4050 requies,
2708 3988 2764 4034 et
2808 3977 3096 4034 ineﬁ’abilis
3147 3977 3490 4050 postmodum
3539 3980 3787 4034 satietas.

2201 4069 2489 4141 Aspiciens
2509 4080 2690 4126 autem
2719 4068 3032 4140 Simplicius
3053 4069 3242 4140 judex,
3264 4068 3427 4142 jussit
3462 4084 3590 4124 eum
3626 4069 3793 4141 appli-

2205 4162 2316 4218 cari
2356 4161 2421 4217 ad
2455 4161 2713 4228 tribunal,
2746 4160 2831 4217 cui
2869 4170 2925 4218 et
2960 4161 3136 4216 dixit:
3172 4161 3306 4229 Quis
3339 4178 3400 4217 es
3427 4162 3524 4218 tu?
3561 4161 3792 4217 Sanctus

2200 4251 2511 4309 Bonifacius
2556 4253 2736 4308 dixit:
2773 4252 3114 4308 Christianus
3174 4267 3326 4320 sum,
3377 4261 3432 4308 et
3472 4251 3786 4308 Bonifacius

2199 4360 2385 4402 vowr.
2428 4344 2582 4400 Tunc
2615 4346 2786 4400 iratus
2829 4342 3022 4413 judex,
3064 4344 3228 4414 jussit
3263 4359 3384 4400 eum
3417 4346 3699 4415 suspendi,
3731 4354 3785 4400 et

2199 4435 2387 4492 tandiu
2433 4451 2632 4506 corpus
2685 4433 2802 4503 ejus
2855 4431 3069 4506 ungulis
3125 4433 3240 4490 radi
3294 4433 3467 4489 donec
3514 4449 3642 4489 ossa
3677 4434 3791 4504 ejus

2200 4528 2564 4602 apparerent?
2595 4528 2790 4584 deinde
2813 4526 3051 4583 calamos
3073 4535 3262 4582 acutos
3288 4525 3388 4580 sub
3420 4525 3639 4597 ungulis
3679 4541 3790 4581 ma-

501 4601 754 4693 pcratore
779 4593 1122 4658 Maximiano,
1164 4607 1195 4693 a
1225 4608 1333 4663 quo
1357 4593 1590 4693 diversis
1614 4593 1892 4693 suppliciis
1913 4606 2092 4693 tortus
2115 4611 2172 4674 D
2198 4593 2363 4678 nam
2417 4621 2533 4692 eius
2581 4619 2744 4693 anisi.
2780 4619 3023 4690 cumque
3065 4627 3286 4674 sanctus
3331 4616 3427 4672 Dei
3477 4593 3691 4691 ngat,”
3736 4620 3788 4674 in

503 4684 623 4748 fuit,
659 4684 947 4747 intantum,
979 4693 1038 4738 ut
1067 4685 1247 4739 tunica
1279 4699 1419 4739 terea
1443 4685 1611 4756 ignita
1649 4685 1960 4740 vestiretur.
1992 4686 2094 4742 lte-

500 4790 730 4845 rumque
760 4775 814 4829 in
840 4774 971 4841 olla,
999 4790 1122 4845 qua:
1151 4775 1392 4846 plumbo,
1427 4777 1570 4845 pice,
1607 4789 1752 4841 cera,
1801 4777 2002 4841 resina,
2035 4784 2092 4832 et

499 4866 620 4922 oleo
640 4866 936 4923 fervefacta
969 4876 1110 4934 erat,
1144 4869 1363 4934 missus,
1415 4869 1618 4922 virtute
1661 4867 1875 4923 Domini
1904 4869 2087 4924 omnia

491 4948 762 5031 superans
790 4961 988 5017 illaasus
1011 4960 1207 5017 exinde
1231 4961 1597 5032 progreditur.
1640 4958 1839 5031 Sicque
1870 4961 2086 5016 tandem

498 5053 568 5108 ad
597 5055 1028 5110 conﬁrmandum
1056 5062 1282 5109 caeteros
1312 5068 1343 5106 a
1370 5054 1599 5109 Domino
1627 5063 1896 5117 servatus,
1921 5053 2084 5109 Cam-

495 5151 714 5220 paniam
758 5147 998 5202 munitus
1035 5145 1282 5216 angelico
1308 5144 1504 5200 solatio
1538 5145 1802 5215 pervenit.
1837 5145 1940 5202 Ubi
1961 5161 2084 5202 cum

497 5241 760 5313 plurimos
782 5240 896 5295 sive
911 5238 964 5292 in
990 5237 1097 5293 ﬁde
1125 5238 1456 5302 roborasset,
1481 5238 1596 5293 sive
1619 5237 1684 5293 ad
1703 5237 1862 5294 ﬁdem
1883 5237 2085 5294 Christi

495 5334 874 5400 convertisset,
897 5341 1125 5390 vocante
1146 5331 1397 5398 Domino,
1421 5333 1682 5404 martyrio
1703 5333 1881 5389 clarus
1896 5340 2086 5389 sancto

497 5426 605 5483 ﬁne
631 5425 860 5498 quievit.

856 5541 924 5595 A.
972 5537 1202 5594 PRIDIE
1237 5536 1468 5595 NONAS
1507 5537 1700 5595 JUNll.

1156 5629 1213 5701 (t
1237 5627 1434 5699 Junii).

567 5736 596 5766 ι
621 5723 775 5794 Apud
803 5724 1071 5796 Illyricum
1097 5723 1318 5778 civitate
1345 5721 1540 5787 Siscia,
1573 5721 1766 5777 natalis
1797 5719 1856 5776 S.
1875 5718 2086 5788 Quirini

567 5870 597 5902 ι
620 5857 880 5917 Prudent.
911 5859 1097 5929 hymn.
1134 5859 1188 5912 7.

2198 4713 2394 4770 caelum
2445 4712 2712 4784 aspiciens
2741 4710 2998 4766 alacriter
3027 4709 3240 4765 dolores
3274 4707 3558 4775 toleraret,
3599 4709 3790 4766 videns

2196 4804 2393 4876 impius
2412 4802 2600 4872 judex,
2627 4802 2792 4874 jussit
2816 4802 3016 4874 aperiri
3045 4816 3106 4856 os
3127 4801 3265 4873 ejus,
3291 4809 3343 4857 et
3367 4801 3652 4872 plumbum
3675 4801 3789 4856 bul-

2192 4893 2331 4951 liens
2347 4893 2574 4950 infundi.
2604 4893 2836 4949 Sanctus
2855 4901 3034 4948 autem
3063 4902 3271 4964 martyr
3291 4892 3506 4948 dicebat
3536 4891 3787 4948 :Gratias

2190 4988 2288 5042 tibi
2317 5001 2438 5059 ago,
2468 4986 2693 5042 Domine
2719 4984 2846 5041 Jesu
2867 4983 3104 5051 Christe,
3123 4983 3194 5039 ﬁli
3236 4984 3354 5038 Dei.
3385 4983 3596 5039 Deinde
3620 4984 3786 5056 judex

2187 5080 2352 5151 jussit
2381 5078 2565 5134 atl‘erri
2595 5078 2778 5142 ollam,
2813 5087 2869 5134 et
2897 5092 3018 5132 eam
3049 5077 3168 5147 pice
3199 5076 3436 5146 impleri,
3464 5085 3632 5146 atque
3658 5090 3785 5131 sane

2191 5184 2338 5230 ctum
2356 5182 2649 5244 martyrem
2665 5187 2821 5228 verso
2836 5172 3011 5242 capite
3025 5171 3078 5225 in
3093 5169 3406 5225 bullientem
3423 5168 3602 5239 picem
3622 5167 3782 5222 mitti.

2192 5263 2296 5319 Sed
2337 5279 2460 5319 cum
2499 5262 2632 5318 nihil
2677 5261 2835 5318 laesus
2860 5269 3025 5326 esset,
3064 5258 3227 5329 jussit
3277 5259 3477 5328 impius
3497 5257 3682 5329 judex,
3727 5266 3784 5310 ut

2189 5357 2368 5427 gladio
2390 5356 2684 5428 caputejus
2703 5355 3093 5412 abscideretur.
3118 5354 3235 5422 Quo
3248 5351 3415 5417 facto,
3442 5361 3789 5408 terramtotus

2191 5463 2419 5521 magnus
2466 5447 2642 5503 factus
2685 5455 2789 5513 est,
2847 5447 2922 5501 ita
2969 5455 3028 5500 ut
3071 5444 3225 5500 multi
3253 5443 3501 5499 inﬁdeles
3526 5443 3785 5498 virtutem

2191 5541 2391 5598 Christi
2446 5542 2500 5597 in
2551 5553 2788 5614 martyre
2816 5549 3125 5606 cernentes,
3174 5538 3479 5595 crederent.
3519 5534 3786 5593 Conservi

2171 5649 2320 5714 vero
2346 5635 2604 5708 martyris
2652 5632 2912 5690 Bonifacii
2945 5632 3247 5696 circuibant
3271 5632 3471 5702 ubique
3494 5630 3784 5700 requiren-

2192 5738 2276 5784 tes
2299 5742 2445 5793 eum,
2475 5735 2531 5783 et
2567 5742 2672 5782 non
2721 5725 3054 5780 invenientes
3074 5765 3088 5789 ,
3121 5722 3188 5778 ad
3219 5722 3451 5778 invicem
3479 5719 3734 5777 dicebant
3765 5735 3781 5773 :
