3962 6366
187 298 312 356 εει

832 292 837 296 ”
909 292 1512 352 MARTYROLOGIUM
1551 293 1698 351 CUM
1735 293 2272 352 ADDITAMENTIS.
2313 324 2383 335 —
2421 291 2627 383 MENS.
2659 294 2811 354 JUN.
2883 349 2888 355 .

3389 293 3496 382 εεε

189 417 306 472 Ille
335 416 494 473 modo
525 416 580 471 in
615 413 900 478 adulterio,
940 422 1033 467 aut
1080 414 1133 468 in
1172 414 1395 468 taberna
1422 413 1630 484 positus
1671 429 1803 484 epu-
1829 423 1880 480 Α
1905 411 2123 468 Christo
2151 429 2274 468 cum
2313 428 2482 468 uxore
2503 412 2708 482 pariter
2737 422 2792 469 et
2829 412 3017 468 eadem
3040 411 3149 469 ﬁlia
3177 414 3427 482 credens,
3462 429 3496 470 a

190 510 378 567 latur.
409 509 547 566 Cum
571 522 703 579 ergo
724 508 866 563 inter
894 522 954 562 se
983 505 1440 577 colloquerentur,
1473 507 1702 577 contigit
1745 517 1808 561 ut

192 602 460 660 obviaret
495 601 577 657 eis
612 615 753 656 unus
782 600 849 654 de
876 599 1478 664 commentariensibus,
1530 613 1690 670 quem
1724 597 1808 652 in-

196 702 629 768 terrogaverunt
667 711 682 748 :
719 690 915 748 Vidisti
958 691 1191 762 aliquem
1247 691 1422 746 virum
1459 691 1805 762 peregrinum

196 785 560 842 Romanum?
587 784 682 840 llle
703 785 782 839 ait
804 784 884 838 eis
915 800 931 840 :
965 782 1234 838 Hesterno
1267 783 1354 839 die
1382 783 1466 837 vir
1487 781 1806 853 peregrinus

196 879 461 933 abscisus
493 886 579 932 est
599 876 776 947 capite
797 875 852 929 in
882 874 1078 930 stadio.
1106 874 1174 929 Et
1199 874 1395 930 iterum
1423 875 1762 946 interrogant
1787 891 1801 928 :

198 969 403 1038 Qualis
423 977 545 1024 erat
563 976 819 1040 aspectus
848 966 1006 1036 ejus?
1033 967 1104 1022 At
1128 967 1218 1023 ille
1242 965 1381 1024 dixit
1405 985 1420 1024 :
1456 967 1553 1023 Vir
1573 968 1806 1038 quadra-

200 1072 300 1117 tus
320 1072 378 1117 et
407 1076 648 1127 crassus,
673 1060 896 1116 robusto
927 1060 1144 1130 capillo,
1188 1061 1442 1117 coccinea
1477 1061 1804 1116 armelausia

197 1153 453 1208 indutus.
485 1151 553 1206 Et
575 1151 707 1206 dicit
726 1151 807 1206 eis
839 1168 852 1204 :
881 1149 974 1205 Ille
1001 1165 1163 1220 quem
1220 1151 1483 1220 quteritis,
1511 1147 1660 1222 apud
1705 1166 1806 1207 nos

199 1245 472 1300 hesterno
500 1243 587 1298 die
617 1239 879 1312 martyrio
916 1249 1000 1296 est
1025 1241 1228 1296 ﬁnitus.
1261 1241 1429 1296 Aiunt
1455 1242 1570 1297 illi:
1605 1241 1799 1309 Homo,

194 1350 374 1405 quem
402 1350 503 1390 nos
548 1333 863 1404 quaerimus,
892 1332 1106 1389 adulter
1152 1341 1236 1390 est
1271 1342 1326 1390 et
1349 1335 1614 1392 ebriosus.
1661 1335 1804 1390 Dicit

198 1431 286 1485 eis
308 1428 402 1485 ille
428 1447 443 1483 :
478 1426 694 1493 Venite,
731 1426 907 1482 videte
935 1443 1083 1482 eum.
1107 1426 1351 1499 Cumque
1377 1429 1702 1484 ostendisset
1721 1429 1803 1485 eis

200 1536 432 1592 corpus,
481 1530 538 1576 et
576 1519 879 1590 pretiosum
905 1527 1067 1590 caput
1092 1517 1232 1588 ejus,
1262 1520 1518 1576 dixerunt
1552 1521 1602 1575 ei
1638 1537 1650 1576 :
1696 1520 1802 1575 lste

204 1619 294 1667 est
321 1627 484 1682 quem
503 1611 830 1682 quaerimus;
852 1610 1090 1680 petimus
1130 1620 1188 1666 ut
1210 1611 1305 1668 des
1329 1611 1486 1668 nobis
1519 1629 1665 1668 eum.
1697 1610 1800 1680 Qui

211 1702 490 1774 respondit
539 1721 552 1755 :
604 1701 717 1773 Ego
745 1702 915 1772 gratis
955 1717 1152 1774 corpus
1179 1701 1296 1771 ejus
1340 1704 1470 1760 dare
1497 1703 1651 1759 vobis
1692 1720 1798 1760 non

1907 505 2066 560 beato
2092 503 2402 561 Marcellino
2424 506 2742 576 presbytero
2761 506 3064 576 baptizatus
3084 516 3189 573 est,
3211 508 3496 578 omnisque

1906 597 2100 653 domus
2120 596 2236 667 ejus
2260 607 2316 652 et
2359 598 2511 654 multi
2554 598 2643 653 alii
2676 616 2689 653 :
2726 601 2799 653 ita
2827 607 2886 652 ut
2914 599 3119 670 absque
3156 599 3494 665 mulieribus,

1907 691 2152 746 vivorum
2208 691 2400 748 ﬁerent
2444 700 2833 748 trecentorum.
2887 692 3002 748 Hoc
3039 691 3206 761 judex
3261 692 3498 750 Serenus

1907 782 2134 838 audiens
2175 781 2377 838 factum
2404 825 2418 847 ,
2474 783 2814 850 Artemium,
2863 783 3184 850 Candidam,
3233 793 3289 840 et
3330 783 3497 839 ﬁliam

1905 876 2146 948 ipsorum
2169 874 2451 932 Paulinam
2508 878 2609 932 sibi
2659 886 3035 949 praesentatos,
3066 877 3335 933 immenso
3360 893 3497 948 pon-

1906 969 2035 1026 dere
2093 970 2351 1024 ruderum
2415 967 2580 1038 jussit
2650 970 2826 1026 obrui.
2895 969 3094 1040 Sicque
3161 971 3335 1024 sancti
3399 968 3498 1023 Dei

1905 1062 2151 1132 perducti
2202 1063 2269 1118 ad
2319 1063 2591 1132 passionis
2637 1063 2840 1129 locum,
2869 1063 3064 1119 beatus
3103 1062 3370 1134 siquidem
3395 1062 3499 1116 Ar-

1907 1154 2104 1210 temius
2126 1153 2303 1225 gladio
2333 1169 2642 1225 percussus,
2685 1162 2871 1209 sancta
2898 1169 3028 1209 vero
3051 1151 3305 1208 Candida
3337 1161 3500 1222 atque

1904 1242 2130 1299 Paulina
2144 1259 2242 1316 per
2259 1244 2446 1300 limina
2469 1255 2671 1316 cryptae
2690 1243 3058 1316 pmcipitatze,
3085 1242 3355 1315 lapidibus
3375 1251 3500 1298 sunt

1905 1335 2131 1394 obrutae.

2366 1429 2430 1483 Ι).
2480 1425 2571 1482 Vll
2603 1426 2763 1484 lDUS
2811 1425 3012 1484 JUNll.

2545 1519 2822 1592 (7.Junii.)

1976 1613 2462 1685 Constantinopoli,
2497 1612 2696 1668 natalis
2729 1612 2902 1667 sancti
2932 1609 3108 1676 Pauli,
3147 1609 3391 1680 ejusdem
3423 1610 3501 1666 ci-

1903 1706 2087 1762 vitatis
2131 1706 2402 1777 episcopi,
2447 1705 2539 1775 qui
2595 1713 2838 1775 tempore
2882 1703 3101 1757 Arianae
3142 1701 3407 1772 perﬁdiaa,
3467 1715 3499 1757 a

208 1807 452 1864 possum.
481 1791 561 1847 llli
591 1800 774 1848 autem
797 1792 989 1848 dantes
1025 1795 1076 1848 ei
1114 1793 1312 1850 solidos
1335 1795 1680 1865 quingentos,
1703 1811 1796 1851 ac-
1826 1786 1876 1848 Β
1903 1796 2261 1854 Constantino
2292 1797 2644 1867 imperatore,
2677 1792 2815 1866 apud
2844 1794 3178 1850 civitatulam
3204 1793 3496 1865 quamdam

205 1892 470 1956 ceperunt
493 1899 690 1955 corpus
711 1884 886 1940 sancti
910 1886 1187 1958 martyris,
1215 1896 1272 1942 et
1295 1896 1562 1958 ungentes
1585 1903 1802 1945 aroma-

206 1976 375 2040 tibus,
401 1976 844 2048 iuvolventesque
871 1976 1276 2034 linteaminibus
1305 1980 1582 2050 pretiosis,
1607 1997 1804 2053 posue-

206 2076 335 2123 runt
367 2068 499 2124 illud
527 2069 581 2124 in
619 2069 895 2136 basterna,
927 2079 981 2126 et
1007 2071 1087 2127 sic
1126 2073 1535 2129 revertebantur
1561 2075 1803 2145 gauden-

208 2171 290 2216 tes
341 2170 397 2217 et
425 2161 792 2232 gloriﬁcantes
839 2162 1029 2217 Deum.
1076 2163 1313 2236 Angelus
1357 2174 1539 2220 autem
1585 2167 1798 2223 Domini

206 2268 477 2324 apparens
499 2254 730 2310 domina:
751 2255 1021 2325 quondam
1049 2254 1239 2325 ipsius,
1272 2272 1388 2314 rem
1416 2258 1613 2314 factam
1655 2260 1801 2316 beati

206 2347 466 2416 martyris
490 2346 772 2402 indicavit.
806 2346 936 2414 Quae
963 2345 1248 2403 confestim
1291 2365 1416 2405 cum
1444 2351 1593 2406 omni
1639 2366 1802 2408 vene-

208 2439 423 2494 ratione
469 2438 706 2494 obviavit
732 2449 922 2494 sancto
948 2441 1184 2510 corpori,
1214 2449 1272 2497 et
1298 2442 1576 2500 aediﬁcans
1600 2445 1651 2500 ei
1699 2445 1800 2502 do-

213 2545 361 2606 mum
389 2529 626 2602 dignam,
659 2531 902 2600 reposuit
948 2531 1078 2587 illud
1115 2533 1168 2587 in
1206 2548 1270 2589 ea
1301 2573 1317 2599 ,
1359 2535 1428 2591 ab
1458 2535 1592 2592 urbe
1625 2535 1799 2593 Roma

214 2620 512 2676 stadiorum
537 2622 785 2692 quinque.
834 2621 1212 2695 Martyrizatus
1251 2632 1336 2681 est
1370 2633 1550 2682 autem
1580 2637 1800 2684 sanctus

211 2720 421 2784 martyr
457 2713 760 2770 Bonifacius
788 2724 982 2786 quarto
1029 2717 1240 2773 decimo
1283 2717 1374 2773 die
1417 2721 1622 2776 mensis
1673 2721 1801 2777 Maii

204 2804 348 2874 apud
381 2801 606 2860 Tarsum
663 2807 1004 2876 metropolim
1040 2807 1266 2876 Ciliciae,
1316 2819 1371 2866 et
1420 2811 1665 2882 sepultus
1716 2821 1801 2870 est

205 2894 392 2952 Roma:
417 2895 588 2953 Nonis
614 2887 783 2953 Junii.
810 2897 975 2954 Beata
1012 2915 1142 2956 vero
1189 2900 1423 2973 Aglahes
1445 2903 1799 2960 abrenuntia-

203 2987 278 3040 vit
303 2988 504 3044 mundo
543 2998 597 3044 et
623 2990 834 3061 pompis
852 2989 987 3059 ejus,
1019 2992 1347 3049 distribuens
1396 2996 1648 3053 universa
1677 3013 1800 3068 quas

203 3078 513 3148 possidebat
563 3082 747 3152 egenis
772 3097 837 3137 ac
871 3085 1233 3150 monasteriis,
1285 3085 1536 3144 relaxans
1579 3089 1797 3145 univer-

1905 1886 2283 1960 Cappadocite,
2311 1887 2579 1945 Cucusam
2603 1888 2840 1950 nomine,
2879 1886 2949 1942 ob
2987 1885 3313 1942 catholicam
3339 1883 3500 1941 ﬁdem

1904 1982 2092 2054 pulsus
2119 1982 2334 2048 exsilio,
2380 1981 2707 2037 Arianorum
2741 1980 2951 2035 insidiis
2980 1979 3274 2035 crudeliter
3322 1987 3499 2034 stran-

1904 2073 2135 2145 gulatus,
2166 2073 2232 2127 ad
2259 2072 2502 2128 cmlestia
2532 2087 2696 2142 regna
2730 2071 3000 2140 migravit.

1976 2163 2034 2220 In
2057 2163 2302 2221 Caesarea
2316 2163 2692 2236 Cappadociae,
2707 2163 2904 2218 natalis
2933 2161 3106 2219 sancti
3119 2161 3341 2218 Luciani
3359 2176 3502 2240 mar-

1907 2263 2061 2326 ηπ
2430 2325 2492 2382 E.
2524 2324 2591 2380 vr
2616 2324 2776 2382 IDUS
2805 2323 2999 2382 JUNII.

2561 2415 2616 2489 (8
2644 2415 2843 2488 Jnnii.)

1975 2507 2031 2562 ln
2057 2505 2243 2563 Galliis
2281 2506 2586 2563 Suessionis
2624 2507 2864 2573 civitate,
2919 2506 3116 2563 natalis
3161 2505 3334 2562 sancti
3385 2504 3500 2560 Me-

1904 2597 2056 2654 dardi
2081 2599 2318 2670 episcopi
2341 2607 2396 2652 et
2421 2597 2770 2653 confessoris.

1973 2691 2300 2765 Andegavis,
2342 2690 2515 2746 sancti
2541 2689 2735 2744 Licinii
2776 2689 3020 2761 episcopi
3061 2699 3118 2746 et
3142 2689 3497 2746 confessoris.

1972 2784 2105 2841 Item
2131 2785 2322 2840 eodem
2351 2783 2459 2849 die,
2487 2783 2660 2838 sancti
2682 2781 2897 2838 Carileﬁ
2925 2783 3273 2841 confessoris.

2405 2897 2467 2954 F.
2506 2896 2550 2953 V
2585 2897 2746 2954 IDUS
2773 2895 2966 2955 JUNll.

2557 2992 2612 3062 (9
2633 2990 2833 3062 Junii.)

1975 3082 2162 3140 Romae
2192 3083 2247 3138 in
2275 3090 2454 3138 monte
2481 3079 2669 3148 Caelio,
2701 3081 2884 3138 natale
2911 3091 3224 3138 sanctorum
3254 3079 3421 3136 Primi
3443 3088 3500 3136 et

204 3185 315 3224 sam
347 3169 607 3227 familiam
639 3188 795 3230 suam
821 3190 851 3229 a
873 3173 1004 3248 jugo
1023 3177 1322 3246 servitutis,
1358 3188 1414 3236 et
1440 3189 1641 3237 tantam
1667 3199 1793 3255 8m-
1821 3165 1868 3229 C
1898 3176 2158 3232 Feliciani
2199 3175 2300 3232 sub
2333 3175 2667 3232 Diocletiano
2714 3183 2770 3231 et
2795 3174 3123 3230 Maximiano
3154 3173 3498 3244 imperatori-

206 3262 333 3316 tiam
359 3281 389 3318 a
424 3263 658 3320 Domino
686 3267 989 3336 promeruit
1023 3276 1085 3324 ut
1129 3269 1183 3324 in
1227 3267 1344 3338 ejus
1375 3273 1594 3329 nomine
1624 3275 1796 3329 virtu-

205 3366 316 3410 tum
359 3356 529 3428 signis
586 3357 933 3414 claresceret.
992 3358 1307 3432 Supervixit
1360 3371 1539 3419 autem
1588 3364 1643 3418 in
1696 3366 1794 3420 ha-

201 3450 317 3530 bitu
385 3451 782 3507 sanctimoniali
842 3469 1015 3510 annos
1077 3455 1375 3522 tredecim,
1461 3466 1517 3512 et
1585 3459 1794 3529 sepulta

200 3549 287 3596 est
312 3542 452 3612 apud
482 3539 766 3613 praefatum
789 3551 1105 3615 martyrem,
1132 3545 1391 3616 operibus
1415 3546 1520 3619 piis
1548 3563 1794 3604 consum-

207 3643 378 3689 mata.

282 3725 474 3782 Eodem
521 3729 648 3796 die,
699 3729 870 3786 sancti
929 3729 1193 3787 Bonifacii
1235 3732 1330 3804 qui
1378 3733 1446 3789 de
1495 3732 1796 3790 Britanniis

210 3817 444 3883 reniens,
499 3829 555 3874 et
611 3819 770 3876 ﬁdem
820 3820 1020 3878 Christi
1075 3823 1328 3895 gentibus
1375 3824 1790 3894 evangelizans,

200 3925 325 3965 eum
358 3911 649 3966 maximam
707 3912 1106 3972 multitudinem
1151 3915 1206 3970 in
1251 3915 1423 3972 Frisia
1469 3917 1795 3974 Christianae

199 4000 448 4071 religioni
503 4001 846 4075 subjugasset
871 4044 888 4070 ,
950 4007 1245 4063 novissime
1293 4022 1324 4061 a
1382 4023 1605 4080 paganis
1630 4051 1646 4075 ,
1701 4010 1794 4080 qui

195 4103 570 4164 supererant,
620 4093 801 4164 gladio
846 4104 1161 4166 peremptus
1189 4136 1205 4161 ,
1278 4098 1600 4168 martyrium
1660 4114 1795 4154 con-

195 4188 496 4243 summavit
535 4204 658 4244 cum
719 4187 906 4246 Eoban
959 4191 1310 4262 coepiscopo,
1347 4199 1405 4247 et
1447 4192 1568 4248 aliis
1623 4194 1794 4250 servis

196 4279 320 4336 Dei.

671 4374 732 4432 C.
765 4373 875 4430 Vlll
905 4375 1069 4433 lDUS
1109 4375 1312 4433 JUNll.

853 4468 910 4540 (6
936 4467 1138 4542 Junii.)

1894 3270 2014 3326 bus.
2042 3269 2144 3338 Qui
2173 3268 2545 3341 gloriosissimi
2599 3274 2868 3339 martyres
2910 3266 2964 3322 in
3013 3266 3242 3322 Domino
3275 3280 3491 3337 semper

1894 3362 2154 3425 viventes,
2209 3377 2240 3415 a
2284 3360 2631 3431 pontiﬁcibus
2664 3359 2985 3430 templorum
3019 3359 3162 3431 apud
3201 3359 3494 3434 imperato-

1895 3469 2002 3518 res,
2037 3454 2182 3525 quod
2209 3454 2507 3510 Christiani
2538 3461 2742 3518 essent,
2773 3453 3014 3510 accusati
3046 3461 3172 3508 sunt
3223 3463 3280 3508 et
3307 3453 3489 3524 inqui-

1896 3553 2007 3608 siti.
2059 3552 2230 3607 Erant
2275 3552 2419 3606 enim
2449 3556 2598 3606 cives
2623 3549 2876 3614 Romani,
2910 3549 3240 3619 adductique
3286 3556 3409 3603 sunt
3440 3547 3496 3602 in

1895 3653 2188 3716 conspectu
2222 3645 2628 3714 imperatorum,
2663 3650 2718 3697 et
2762 3640 3045 3710 jusserunt
3072 3655 3167 3695 eos
3209 3638 3354 3694 ferro
3382 3640 3498 3694 vin-

1895 3750 2012 3796 ctos
2035 3739 2090 3794 in
2119 3750 2394 3794 carcerem
2427 3734 2656 3800 recludi,
2701 3733 2792 3789 ubi
2822 3731 2994 3788 adfuit
3029 3731 3112 3788 eis
3136 3729 3360 3802 angelus
3385 3730 3496 3787 Do-
3522 3791 3524 3793 ,

1895 3831 2049 3896 mini,
2077 3830 2170 3900 qui
2199 3843 2294 3885 eos
2317 3827 2710 3885 consolaretur.
2739 3825 2870 3880 Post
2890 3823 3238 3895 aliquotvero
3250 3819 3496 3890 diesjus-

1894 3932 2084 3978 serunt
2103 3937 2198 3978 eos
2223 3923 2582 3992 imperatores
2607 3919 2720 3977 suis
2740 3917 3049 3988 aspectibus
3074 3914 3414 3989 prasentari,
3440 3924 3497 3970 et

1889 4015 2172 4086 jusserunt
2215 4013 2500 4080 militibus,
2535 4019 2596 4068 ut
2625 4011 2884 4067 ducerent
2913 4025 3008 4066 eos
3045 4010 3113 4064 ad
3138 4008 3326 4065 fanum
3354 4007 3493 4063 Her-

1895 4106 2030 4162 culis
2057 4116 2112 4162 et
2138 4105 2182 4160 si
2211 4104 2520 4161 sacriﬁcare
2544 4103 2772 4169 nollent,
2801 4102 3015 4160 fortiter
3035 4117 3130 4158 eos
3157 4101 3334 4172 pcenis
3357 4098 3494 4155 allii-

1894 4207 2101 4271 gerent.
2132 4196 2331 4253 Verum
2347 4211 2472 4252 cum
2499 4195 2646 4251 nulla
2671 4205 2995 4266 possenteos
3017 4195 3230 4251 ratione
3249 4206 3491 4260 movere,

1891 4289 1991 4346 sed
2021 4303 2121 4358 pro
2145 4286 2348 4343 Christi
2373 4287 2593 4342 nomine
2622 4294 2875 4356 optarent
2904 4285 3076 4356 magis
3118 4283 3278 4350 mori,
3306 4293 3496 4339 exten-

1894 4381 2092 4436 derunt
2144 4394 2239 4435 eos
2269 4377 2492 4442 milites,
2539 4376 2802 4449 et,virgis
2844 4374 3062 4431 fortiter
3092 4383 3490 4430 mactaverunt.

1895 4471 1962 4526 Et
1982 4486 2104 4527 cum
2127 4469 2531 4526 renuntiassent
2550 4464 2969 4537 imperatoribus
2989 4464 3192 4520 milites
3207 4480 3326 4535 quae
3340 4473 3494 4535 gesta

270 4574 298 4600 ι
341 4557 526 4616 Sancti
564 4559 798 4632 Philippi
849 4533 1064 4617 diaconi
1117 4533 1210 4632 qui
1259 4561 1362 4618 fuit
1407 4579 1547 4619 unus
1594 4564 1663 4620 de
1711 4533 1872 4621 se-D
1897 4570 2042 4626 sunt,
2073 4562 2198 4618 irati
2228 4560 2380 4616 valde
2401 4533 2684 4630 jusserunt
2705 4573 2802 4616 eos
2824 4556 2966 4613 tradi
2989 4533 3245 4611 Promoto
3270 4533 3489 4626 praesidi

188 4662 366 4724 ptem.

269 4747 473 4803 Eodem
510 4747 598 4804 die
642 4748 783 4819 apud
833 4747 1062 4805 Tarsum
1096 4749 1317 4816 Ciliciae,
1367 4761 1667 4824 martyrum
1703 4753 1786 4809 vi-

189 4840 366 4909 ginti,
421 4841 522 4895 sub
565 4840 749 4911 judice
817 4839 1132 4910 Simplicio,
1195 4843 1530 4912 temporibus
1578 4843 1790 4900 Diocle-

191 4932 335 4986 tiani
395 4940 452 4986 et
506 4930 818 4986 Maximiani
867 4932 1252 5003 imperatorum
1299 4934 1390 5004 qui
1433 4949 1531 5004 per
1574 4935 1786 4992 diversa

190 5021 464 5094 supplicia
529 5022 967 5094 gloriﬁcaverunt
1021 5025 1305 5080 Dominum
1360 5027 1414 5081 in
1466 5029 1786 5097 corporibus

274 5209 475 5264 Eodem
504 5208 592 5264 die
615 5207 800 5264 Romae
824 5208 1003 5264 natale
1025 5208 1196 5264 sancti
1219 5207 1448 5264 Artemii
1475 5224 1597 5265 cum
1621 5224 1790 5266 uxore

191 5315 298 5356 sua
319 5300 580 5366 Candida,
610 5310 664 5356 et
679 5299 784 5355 ﬁlia
811 5299 1054 5355 Paulina.
1082 5298 1182 5354 llic
1207 5299 1482 5356 Artemius
1503 5316 1624 5356 cum
1647 5311 1791 5358 esset

191 5404 387 5451 custos
416 5393 670 5460 carceris,
705 5403 758 5448 et
799 5392 1044 5448 clausum
1071 5401 1280 5449 teneret
1305 5393 1520 5448 beatum
1569 5393 1789 5450 Petrum

193 5485 528 5542 exorcistatn
556 5485 610 5539 in
634 5483 901 5551 custodia,
924 5494 1172 5554 essetque
1185 5482 1258 5538 illi
1284 5483 1390 5538 ﬁlia
1413 5485 1572 5539 unica
1593 5487 1793 5542 daemo-

197 5580 296 5635 nio
326 5564 538 5646 vexata,
574 5580 715 5635 beati
751 5577 894 5634 Petri
922 5579 1172 5649 precibus
1216 5593 1341 5632 mox
1368 5585 1426 5632 ut
1468 5586 1658 5633 sanata
1687 5588 1786 5645 est,

1895 4653 2133 4709 civitatis
2159 4650 2532 4716 Numentanat,
2558 4659 2618 4706 ut
2644 4648 2874 4706 diversis
2899 4648 3077 4719 panis
3101 4662 3195 4704 eos
3220 4644 3494 4704 interﬁce-

1894 4754 1998 4802 ret.
2042 4743 2107 4798 Et
2133 4744 2462 4814 accipientes
2487 4757 2581 4798 eos
2611 4741 2833 4808 milites,
2887 4741 3162 4797 duxerunt
3215 4739 3270 4793 in
3319 4727 3498 4803 viam;

1891 4853 2013 4910 qua:
2036 4834 2614 4900 diciturNumentana,
2641 4832 2894 4889 milliario
2923 4833 3137 4888 decimo
3163 4831 3321 4886 tertio
3343 4828 3491 4884 ferro

1891 4935 2108 4990 vinctos
2135 4941 2190 4988 et
2213 4931 2478 4988 miserunt
2498 4944 2594 4985 eos
2634 4928 2688 4984 in
2713 4942 2989 4983 carcerem
3008 4927 3163 4998 juxta
3207 4923 3385 4980 forum
3413 4922 3491 4978 ci-

1896 5026 2104 5092 vitatis,
2135 5025 2226 5081 ubi
2275 5025 2469 5080 iterum
2508 5021 2748 5093 angelica
2790 5019 3097 5075 visitatione
3150 5015 3481 5073 relevantur.

1896 5116 2027 5172 Post
2065 5115 2293 5191 multum
2351 5127 2481 5170 vero
2538 5111 2796 5182 temporis
2843 5110 3006 5182 jussit
3049 5108 3152 5165 sibi
3199 5106 3488 5162 Promotus

1895 5223 2098 5280 prazses
2127 5209 2181 5262 in
2211 5205 2332 5263 foro
2379 5205 2616 5262 civitatis
2655 5203 2890 5259 tribunal
2920 5199 3235 5274 praeparari.
3266 5199 3332 5253 Et
3359 5211 3486 5253 cum

1897 5300 2195 5356 intromissi
2231 5298 2462 5356 fuissent
2491 5296 2707 5352 Primus
2735 5305 2790 5352 et
2815 5293 3142 5358 Felicianus,
3170 5301 3224 5346 et
3264 5290 3490 5359 jubentc

1895 5394 2127 5465 praeside
2149 5393 2378 5449 fuissent
2401 5401 2522 5464 post
2548 5392 2952 5463 responsionem
2980 5389 3048 5444 ab
3069 5388 3300 5442 invncem
3327 5399 3486 5456 sepa-

1898 5487 2024 5564 rati,
2073 5487 2250 5556 primo
2280 5485 2499 5540 beatum
2548 5483 2878 5539 Felicianum
2904 5478 3068 5550 jussit
3113 5491 3314 5549 praeses
3361 5491 3484 5532 cum

1896 5578 2186 5648 plumbatis
2231 5579 2383 5643 caedi,
2415 5577 2601 5633 dicens
2655 5577 2704 5632 ei
2756 5594 2769 5631 :
2825 5572 2894 5629 Ut
2935 5571 3066 5642 quid
3109 5584 3215 5626 non
3262 5569 3487 5640 deponis

279 5702 308 5732 ι
338 5690 477 5767 Fide
515 5690 753 5767 libellum
785 5693 852 5747 de
888 5691 1192 5748 Festivitat.
1236 5693 1370 5766 Aug.
1400 5691 1492 5748 lib.
1548 5709 1659 5748 xxu
1716 5695 1782 5752 de
1815 5693 1929 5751 Civ.
1963 5694 2080 5762 Dei,
2112 5711 2232 5767 cap.
2261 5697 2314 5753 8.
2345 5695 2422 5754 De
2452 5693 2538 5750 his
2566 5694 2619 5750 in
2677 5693 2844 5766 gestis
2880 5688 3056 5747 sancti
3108 5683 3406 5743 Marcellini
3428 5690 3488 5747 et

202 5761 376 5829 Petri,
396 5761 607 5818 SJunii.
