3962 6366
510 254 631 335 es;

1400 316 1420 337 .
1458 212 1462 217 θ
1524 256 1581 310 S.
1625 253 1873 309 ADONIS
1912 254 2349 325 ARtllllEPlSC.
2391 253 2801 329 VIENNENSIS

3691 259 3796 313 288

516 373 686 459 [istam
716 372 980 429 insaniam
1000 373 1233 444 pectoris
1257 372 1351 436 tui,
1382 372 1623 442 uleligas
1637 372 1748 425 dies
1777 373 1942 424 honos
1962 368 2105 437 etju-
2133 362 2448 434 A'nomine‘,
2480 387 2819 426 nummorum
2850 373 3115 435 arcarius,
3157 374 3495 442 comperiens
3527 364 3796 430 vicarium

513 463 747 539 rerindos,
766 479 821 519 et
837 463 1064 520 diversis
1094 464 1377 519 tormentis
1399 478 1595 532 corpus
1627 469 1772 517 tuum
1798 478 1901 515 non
1930 475 2103 516 macc-

524 555 711 612 retur?
741 556 938 611 Beatus
954 555 1256 612 Felicianus
1279 556 1413 611 dixit
1442 575 1455 608 :
1481 553 1764 624 Octoginta
1789 567 1960 608 annos
1978 553 2100 607 vita:

500 632 719 717 "habeo,
747 660 978 720 suntque
1017 649 1142 705 anni
1175 649 1389 720 triginta
1416 647 1556 718 quod
1587 647 1777 717 agnovi
1818 647 2098 700 veritatem

520 739 636 804 Dei,
663 750 718 796 et
750 739 881 795 nihil
917 742 983 795 de
1025 739 1407 797 blandimentis
1437 739 1596 810 hujus
1623 738 1803 792 mundi
1834 739 2098 808 cogitans,

520 832 653 900 elegi
684 834 889 888 servire
917 833 1156 889 Creatori
1186 847 1327 898 meo,
1359 841 1561 887 aeterno
1581 831 1935 903 omnipotenti
1968 831 2096 905 Deo.

486 942 493 951 τ
521 925 671 980 Tunc
698 941 899 997 praises
914 925 1074 998 jussit
1101 940 1222 979 eum
1251 923 1403 997 ligari
1429 925 1494 979 ad
1519 924 1777 995 stipitem,
1807 931 1862 979 et
1886 923 2100 977 aculeos

518 1018 569 1074 in
607 1019 853 1074 manibus
886 1017 999 1088 ejus
1025 1033 1088 1074 ac
1126 1018 1351 1089 pedibus
1394 1017 1504 1090 ﬁgi,
1533 1026 1589 1073 et
1621 1017 1709 1071 diu
1739 1016 1999 1086 torqueri.
2031 1014 2099 1069 Et

502 1096 613 1181 :per
634 1112 748 1166 tres
779 1111 893 1166 dies
925 1126 1099 1182 neque
1128 1111 1281 1182 panis
1308 1125 1480 1182 neque
1527 1124 1685 1180 aqua,
1730 1108 1904 1177 neque
1930 1108 2097 1162 ullum

513 1217 683 1272 genus
711 1203 813 1259 cibi
846 1203 893 1259 ei
924 1205 1284 1260 ministratum
1316 1214 1419 1260 est.
1455 1204 1695 1274 Cumque
1739 1219 1836 1273 per
1860 1205 2094 1257 triduum

513 1295 771 1349 continuo
797 1305 1039 1350 maneret
1068 1294 1122 1349 in
1149 1295 1242 1349 Dei
1265 1295 1537 1360 laudibus,
1563 1295 1725 1366 jussit
1749 1309 1870 1349 eum
1896 1307 2097 1366 praeses

512 1387 734 1458 ﬂagellis
761 1387 929 1450 eiedi;
959 1396 1016 1442 et
1040 1387 1108 1442 de
1131 1388 1312 1458 stipite
1337 1388 1416 1444 sic
1443 1389 1655 1459 deponi,
1692 1397 1747 1443 et
1772 1389 1824 1443 in
1851 1388 2095 1443 custodia

512 1477 751 1543 recludi;
785 1493 848 1532 ac
875 1478 1213 1547 postmodum
1246 1477 1503 1548 applicari
1531 1478 1631 1531 sibi
1682 1487 1928 1533 sanctum
1977 1478 2096 1532 Pri-
2125 1540 2135 1548 .

511 1586 681 1627 mum.
714 1569 883 1637 Quem
930 1568 1277 1624 validissimis
1304 1567 1533 1624 fustibus
1575 1584 1794 1634 caasum,
1822 1569 2015 1624 deinde
2040 1569 2092 1623 in

510 1659 740 1730 equuleo
788 1659 1046 1724 levatum,
1094 1658 1374 1730 lampades
1422 1660 1563 1715 circa
1594 1659 1765 1714 latera
1794 1660 1909 1731 ejus
1930 1659 2095 1735 jussit

2204 460 2479 518 Cerealem
2510 462 2898 530 Christianum,
2935 467 3120 520 iratus
3167 465 3323 521 valde
3362 468 3645 521 nuntiavit
3696 468 3797 523 hoc

2203 553 2456 610 Adriano.
2485 555 2588 623 Qui
2641 573 2762 611 mox
2816 556 3081 613 Licinium
3111 560 3451 615 consularem
3480 561 3707 626 direxit,
3738 569 3800 617 α

2202 653 2416 702 teneret
2437 647 2750 703 Cerealem:
2781 649 2896 720 qui,
2939 651 2981 705 si
3015 651 3294 707 immolare
3320 653 3508 719 nollet,
3540 654 3799 710 incendio

2203 753 2552 797 cremaretur.
2594 744 2728 800 Cum
2763 762 2870 816 quo
2900 745 3087 802 beatus
3113 745 3379 810 Getulius,
3403 756 3459 802 et
3480 748 3792 815 Amantius.

2202 842 2257 888 et
2285 833 2598 891 Primitivus
2620 839 2751 891 tenli
2794 847 2939 893 sunt.
2986 839 3223 895 Licinius
3251 841 3558 896 consularis
3579 838 3793 898 Cereali

2200 927 2402 981 vicario
2438 928 2572 983 dixit
2606 946 2619 983 :
2655 928 2745 984 Sic
2769 930 3066 999 desperasti
3093 931 3162 987 de
3191 932 3299 986 vita
3337 941 3447 994 tua,
3482 940 3547 986 nt
3580 948 3794 1003 ιιι-πωσ-

2198 1022 2289 1087 p‘ta
2320 1019 2645 1090 principum,
2672 1022 2761 1090 qui
2800 1019 3150 1077 dominantur
3188 1023 3243 1077 in
3281 1023 3541 1081 universo
3565 1024 3782 1093 modo,

2200 1119 2548 1167 contemnere
2570 1111 2960 1168 videaris?Cui
3004 1114 3196 1169 beatus
3230 1113 3474 1169 Cerealis
3504 1128 3521 1167 :
3559 1113 3632 1168 Et
3677 1114 3792 1168 tbe«

2199 1219 2391 1260 sauros
2433 1205 2677 1275 publicos
2708 1205 3067 1261 declinatione
3093 1204 3332 1276 perlecta
3374 1205 3573 1260 tradidi
3608 1206 3667 1259 in
3696 1220 3791 1274 pe—

2197 1295 2419 1360 blicum,
2449 1303 2502 1350 et
2528 1297 2752 1351 Domino
2774 1294 2900 1351 Iesu
2928 1294 3149 1350 Christo
3172 1296 3377 1350 servire
3412 1294 3708 1364 promitto,
3733 1303 3789 1349 et

2196 1388 2284 1441 via
2331 1396 2533 1442 aeterna
2567 1402 2653 1442 me
2696 1387 2800 1442 frui
2829 1386 3012 1442 credo.
3062 1385 3302 1442 Licinius
3332 1387 3468 1443 diuit
3499 1405 3515 1441 :
3556 1385 3617 1441 Si
3649 1386 3790 1449 desi-

2198 1481 2356 1537 deras
2384 1462 2586 1546 vivere,
2613 1497 2680 1536 an
2713 1482 2868 1548 mori,
2899 1481 3088 1537 dicito.
3137 1481 3235 1536 Cui
3262 1483 3456 1537 beatus
3482 1478 3737 1536 Cerealis
3768 1496 3786 1536 :

2194 1570 2310 1644 Ego
2333 1574 2375 1628 si
2409 1589 2515 1628 non
2538 1573 2902 1631 desiderarem
2941 1576 3147 1639 vivere,
3178 1574 3454 1630 Christum
3474 1591 3589 1631 non
3616 1573 3789 1630 conl-

2195 1675 2359 1721 terer.
2376 1664 2527 1722 Tunc
2546 1662 2839 1723 conversus
2860 1668 2926 1723 ad
2947 1674 3194 1723 sanetum
3217 1665 3511 1731 Getulium,
3538 1665 3788 1723 Licinius

511 1755 728 1826 apponi,
762 1762 816 1810 et
845 1754 1145 1823 depositum
1171 1754 1235 1810 de
1265 1754 1513 1823 equuleo,
1542 1756 1798 1826 praecepit
1832 1731 2088 1825 reliquari
2119 1731 2166 1791 Β
2194 1756 2330 1812 dixit
2361 1776 2374 1811 :
2404 1756 2660 1813 Sacriﬁco
2687 1758 2788 1812 deo
2814 1756 2933 1813 Iovi
2956 1758 3013 1813 et
3037 1757 3221 1812 Marti.
3256 1755 3422 1826 Cujus
3450 1758 3625 1812 verba
3665 1756 3787 1812 rid

506 1846 784 1917 plumbum
814 1861 974 1915 super
996 1844 1212 1899 beatum
1247 1848 1536 1915 martyrem
1564 1853 1867 1911 extensum,
1894 1853 1949 1899 et
1967 1844 2089 1899 bul-

506 1938 644 1995 liens
670 1937 722 1992 in
752 1953 813 1994 os
850 1937 966 2002 ejus
1005 1935 1230 1992 infundi.
1268 1936 1419 1991 Tunc
1448 1936 1570 1991 fecit
1617 1947 1938 2006 praesentem
1969 1952 2090 1993 esse

505 2030 728 2085 beatum
761 2027 1119 2085 Felicianum.
1154 2026 1261 2084 Sed
1291 2044 1414 2084 cum
1460 2029 1799 2085 invictissimi
1828 2030 2087 2099 persiste-

506 2130 631 2185 rent
655 2122 827 2178 sancti
859 2129 1143 2194 martyres,
1192 2120 1529 2190 angustiatus
1576 2113 1954 2191 przesesjussil
1996 2136 2089 2177 eos

502 2213 571 2267 ad
603 2212 1061 2284 amphitheatrum
1095 2210 1241 2276 duci,
1287 2200 1342 2266 et
1386 2211 1519 2267 duos
1547 2211 1729 2267 leones
1762 2211 1841 2266 eis
1870 2211 2084 2266 dimitti.

504 2303 712 2371 Quibus
740 2302 807 2358 ad
832 2302 996 2373 pedes
1023 2309 1334 2359 sancton
1362 2303 1661 2369 ruentibus,
1695 2302 1858 2358 laxati
1886 2298 2089 2358 suntet

503 2396 615 2450 ursi
645 2394 963 2451 ferocissimi
1012 2413 1026 2450 :
1068 2395 1161 2452 sed
1188 2406 1243 2450 et
1286 2395 1388 2467 ipsi
1433 2404 1729 2467 martyrum
1762 2398 1961 2451 virtute
1990 2413 2087 2452 sai-

478 2489 689 2545 .vitiam
717 2487 1087 2558 perdiderunt.
1136 2486 1292 2556 Quod
1322 2488 1564 2545 videntes
1593 2488 1646 2544 hi
1669 2489 1758 2558 qui
1783 2488 1849 2544 ad
1871 2498 2083 2559 specta-

500 2579 680 2636 culum
703 2586 984 2640 venerant,
1032 2593 1169 2648 pene
1199 2577 1345 2634 mille
1375 2578 1650 2648 quingenti
1692 2578 1793 2634 viri
1855 2579 2087 2635 miracu-

476 2668 853 2745 jisperculsi,
899 2669 1248 2726 crediderunt
1296 2669 1350 2725 in
1400 2669 1629 2726 Domino
1672 2668 1797 2726 Iesu
1847 2668 2080 2725 Christo.

497 2762 700 2819 Verum
740 2778 945 2835 prieses
974 2778 1097 2820 cum
1136 2761 1528 2832 insuperabiles
1570 2777 1663 2817 eos
1687 2771 1952 2827 cerneret,
1976 2762 2085 2836 gla-

498 2856 588 2911 dio
634 2853 989 2910 animadverti
1044 2854 1321 2924 praecepit.
1393 2852 1635 2920 Quorum
1696 2868 1922 2922 corpora
1982 2869 2082 2909 no-

498 2958 587 3003 ctu
651 2963 681 3000 a
733 2945 1059 3001 Christianis
1124 2942 1372 2999 fidelibus
1429 2952 1613 3013 rapta,
1681 2944 1886 3014 sepulta
1957 2954 2085 3001 sunt

478 3039 565 3115 ,ad
612 3037 784 3094 Arcus
836 3035 1253 3095 Numentanos,‘
1305 3035 1445 3089 intra
1494 3036 1841 3101 areuarium,
1893 3037 2083 3106 quinto

494 3126 621 3191 Idus
678 3126 844 3195 Junii,
912 3126 981 3183 ab
1034 3126 1168 3182 urbe
1232 3124 1405 3181 Roma
1465 3125 1716 3181 milliario
1788 3128 2082 3197 quartode-

478 3223 660 3294 ,cimo.

565 3314 622 3369 ln
650 3311 857 3378 Galliis,
879 3311 1099 3368 civitate
1124 3310 1355 3381 Aginno,
1386 3310 1503 3367 loco
1524 3310 1873 3383 Pompeiano,
1903 3314 2084 3383 passio

476 3390 672 3490 sancti
698 3403 968 3461 Vincentii
998 3402 1174 3459 levitae
1198 3410 1253 3457 et
1284 3402 1558 3474 martyris.

1016 3538 1080 3596 ϐ.
1106 3537 1175 3593 IV
1205 3534 1367 3593 IDUS
1390 3535 1582 3593 JUNll.

1154 3627 1245 3700 (l0
1264 3626 1420 3700 Jun.)

464 3760 475 3769 ‘
562 3745 747 3801 Romae
771 3743 857 3797 via
883 3741 1124 3806 Aurelia,
1149 3741 1403 3797 milliario
1426 3740 1636 3795 decimo
1668 3739 1850 3805 tertio,
1885 3738 2080 3808 natalis

466 3845 799 3893 ‘saactorum
828 3833 1108 3896 Basilidis,
1133 3832 1407 3901 Tripodis,
1432 3840 1487 3887 et
1527 3830 1809 3896 Mandalis,
1835 3832 1937 3887 sub
1967 3831 2079 3887 Au-

489 3930 700 3985 reliano
725 3929 1073 3997 imperatore,
1102 3924 1333 3995 praeside
1373 3923 1620 3994 Platone,
1663 3932 1719 3979 et
1744 3924 1973 3978 aliorum
2000 3923 2080 3979 vi-

391 4057 396 4062 -
472 4019 622 4089 ἐἰιιιί
655 4026 978 4084 martyrum.

566 4108 766 4163 Eodem
795 4106 883 4161 die
909 4105 1090 4161 natale
1115 4105 1261 4161 beati
1287 4104 1487 4162 Getulii
1536 4104 1811 4176 martyris.
1840 4112 2080 4177 tempore

493 4199 716 4256 Adriani
775 4198 1212 4269 imperatoribus,
1267 4198 1369 4255 sub
1387 4196 1571 4266 judice
1597 4198 1827 4255 Licinio.
1874 4196 1974 4253 Hic
2026 4198 2081 4253 in

489 4297 639 4352 omni
669 4295 788 4366 lege
833 4295 1013 4351 divina
1042 4304 1165 4350 erat
1201 4295 1563 4359 doctissimus,
1610 4305 1666 4351 et
1690 4309 1789 4367 per
1827 4296 1944 4367 ejus
1989 4296 2082 4351 do-

464 4391 723 4448 rtrinam
779 4389 932 4445 multi
980 4388 1034 4444 in
1064 4388 1170 4444 ﬁde
1215 4388 1418 4445 Christi
1462 4389 1869 4445 erudiebantur.
1904 4388 2081 4458 Cujus

492 4483 689 4539 famam
712 4483 985 4539 Adrianus
1002 4482 1297 4552 imperator
1314 4481 1564 4547 audiens,
1579 4479 1780 4536 direxit
1798 4479 2074 4538 Cerealem
2102 4464 2155 4523 Ῑ)

464 4577 751 4631 λνὶρειι-ἰυπι
781 4576 850 4630 ad
876 4574 1173 4630 tenendum
1200 4589 1355 4630 eum.-
1378 4573 1495 4641 Qui.
1533 4573 1782 4639 veniens,
1829 4582 2073 4631 sanctum

488 4666 761 4722 Getulium
800 4666 1102 4730 sedentem,
1155 4674 1211 4721 et
1262 4666 1545 4722 docentem
1606 4664 1804 4720 multos
1850 4664 2071 4735 reperit.

484 4754 691 4811 Fuerat
717 4758 903 4811 autem
949 4757 1090 4812 idem
1140 4755 1382 4812 Cerealis
1437 4757 1491 4812 in
1523 4764 1818 4825 conspectu
1848 4754 2072 4811 Adriani

488 4862 611 4903 eum
643 4846 813 4903 fratre
840 4847 986 4903 beati
1015 4846 1210 4904 Getulii
1253 4847 1508 4903 Amantio
1545 4855 1818 4916 acceptus,
1874 4845 2073 4901 Aman-

458 4937 599 4993 ‘tius
616 4951 747 4992 vero
774 4937 1045 5003 tribunus,
1088 4937 1161 4993 ob
1179 4947 1383 4993 metum
1419 4936 1640 4993 Adriani
1669 4938 1966 4994 absconsus
1986 4935 2069 4991 la-

487 5029 658 5095 tebat,
686 5043 849 5101 quem
866 5030 1082 5086 Cereali
1114 5030 1306 5086 beatus
1325 5028 1573 5087 Getulius
1598 5028 1913 5086 declaravit.
1947 5026 2063 5092 llle,

486 5132 554 5178 eo
577 5122 711 5188 viso,
737 5122 953 5194 gavisus
978 5131 1063 5179 est
1084 5122 1265 5189 valde,
1294 5131 1350 5178 et
1377 5122 1674 5178 instructus
1694 5120 1984 5192 diligenter
2000 5118 2068 5174 de

487 5216 719 5274 Domino
744 5215 871 5273 Jesu
903 5218 973 5274 ab
1003 5218 1102 5283 eis,
1126 5233 1252 5274 cum
1273 5216 1386 5289 jam
1413 5217 1643 5273 ﬁdeliter
1671 5217 1939 5279 crederet,
1980 5227 2069 5275 ve-

486 5319 681 5366 nerunt
728 5309 796 5364 ad
830 5309 1020 5365 urbem
1047 5309 1297 5374 Romam,
1342 5318 1398 5365 et
1422 5309 1687 5366 accersito
1724 5306 1884 5362 beato
1913 5304 2065 5371 Sixto

486 5398 761 5469 episcopo,
793 5399 1210 5469 assignaverunt
1236 5400 1288 5455 ei
1317 5386 1494 5457 locum
1536 5399 1625 5455 ubi
1675 5399 2064 5469 baptizaretur.

487 5490 659 5560 Quem
685 5493 876 5548 beatus
906 5490 1093 5548 Sixtus
1115 5508 1245 5549 vere
1265 5493 1626 5549 Christianam
1678 5493 1836 5547 ﬁdem
1881 5505 2070 5545 amau-

489 5591 598 5640 tem
633 5585 945 5657 baptizavit.
993 5588 1194 5645 Eodem
1236 5599 1483 5659 tempore
1509 5590 1725 5659 quidam
1755 5568 2071 5644 Vincentius

436 5720 459 5745 δ
564 5726 592 5761 ι
634 5714 767 5774 Vide
796 5716 1038 5777 libellum
1067 5720 1134 5779 de
1165 5720 1315 5779 Fest.
1343 5720 1531 5793 Apost.

2192 1848 2381 1903 beatus
2401 1856 2627 1920 martyr.
2664 1848 2902 1904 Licinius
2922 1863 3052 1904 vero
3080 1862 3339 1904 accensus
3368 1849 3470 1913 ira,
3497 1849 3665 1920 jussit
3687 1858 3783 1904 ea

2166 1930 2503 2010 exspoliari,
2549 1946 2604 1995 et
2655 1940 2812 2007 caedi,
2840 1941 3035 1996 deinde
3071 1941 3124 1995 in
3155 1954 3435 1997 carcerem
3467 1941 3665 1997 diebus
3690 1942 3781 1996 vf-

2190 2031 2323 2102 ginti
2345 2040 2551 2101 septem
2579 2032 2803 2087 recludi.
2830 2033 2898 2088 Et
2924 2033 3151 2090 veniens
3178 2034 3430 2100 Romam,
3456 2033 3780 2090 Adrianode

2191 2124 2271 2179 eis
2284 2124 2480 2178 iterum
2498 2125 2732 2179 innotuit
2749 2143 2762 2180 :
2783 2128 2873 2197 qui
2895 2125 3057 2197 jussit
3084 2140 3179 2182 eos
3194 2127 3444 2182 incendio
3458 2126 3616 2181 tradi.
3632 2124 3776 2181 San-

2188 2225 2308 2273 ctus
2334 2232 2462 2272 vero
2507 2217 2753 2274 Getulius
2782 2234 2904 2273 cum
2943 2220 3065 2288 igne
3098 2220 3494 2289 superviveret,
3541 2219 3778 2275 fustibus

2188 2311 2331 2367 illiso
2361 2314 2538 2383 capite
2565 2312 2885 2384 martyrium
2908 2313 3219 2384 complevit.
3245 2311 3618 2369 Consummati
3647 2320 3779 2370 SIIII

2188 2406 2332 2460 beati
2372 2415 2639 2477 martyres
2666 2406 2720 2460 in
2754 2405 2919 2463 fundo
2965 2405 3264 2477 Capreolis,
3311 2407 3395 2462 via
3442 2405 3675 2473 Salaria,
3708 2407 3777 2461 ab

2189 2500 2323 2555 urbe
2350 2497 2517 2553 Roma
2548 2498 2667 2569 plus
2685 2498 2865 2553 minus
2893 2498 3142 2554 milliario
3168 2498 3378 2554 decimo
3399 2499 3584 2563 tertio,
3608 2510 3777 2568 supra

2184 2589 2407 2647 ﬂuvium
2444 2590 2704 2655 Tiberim,
2744 2599 2799 2646 et
2831 2591 2886 2646 in
2921 2600 3107 2663 partes
3152 2590 3525 2646 Aviniensium
3560 2586 3659 2661 [αι.
3722 2589 3777 2644 is

2187 2694 2342 2756 parte
2368 2681 2796 2755 Sabinenslum].
2835 2682 3073 2751 Quorum
3113 2696 3340 2753 corpora
3367 2681 3587 2750 collegit
3613 2680 3779 2735 beata

2188 2774 2572 2849 Symphorosa,
2605 2792 2743 2831 uxor
2771 2777 2909 2831 beati
2950 2775 3148 2832 Getulii
3185 2774 3459 2847 martyris.
3486 2772 3620 2842 Qua:
3659 2784 3779 2829 nos

2180 2868 2343 2939 longe
2363 2878 2486 2939 post
2513 2883 2635 2924 cum
2662 2878 2867 2939 septem
2896 2868 3010 2923 suis
3040 2866 3163 2922 ﬁliis
3197 2867 3593 2940 martyrizavit,
3613 2867 3777 2922 ride-

2184 2960 2315 3017 licet
2334 2961 2593 3032 vigesimo
2620 2961 2851 3031 septimo
2871 2960 2956 3015 die
2970 2959 3170 3015 mensis
3185 2958 3349 3014 Junii.
3373 2958 3661 3031 Etsepulta
3687 2952 3780 3016 est

2187 3048 2242 3105 in
2279 3050 2463 3121 praelia
2483 3065 2602 3117 suo,
2635 3050 2687 3105 in
2714 3049 2996 3115 Arenario,
3028 3049 3147 3106 loco
3174 3060 3228 3106 et
3260 3050 3460 3122 oppido
3482 3056 3639 3121 supra
3675 3052 3781 3107 nos

2186 3143 2408 3199 minato.
3724 3148 3739 3167 λ

2703 3255 2766 3313 A.
2798 3255 2863 3312 Ill
2887 3254 3047 3313 lDUS
3076 3255 3265 3314 JUNIl.

2839 3369 2923 3441 (ll
2964 3370 3119 3443 Jun.)

2252 3498 2278 3527 ιι
2316 3483 2524 3539 Natalis
2570 3484 2741 3539 sancti
2778 3482 3039 3538 Barnabaa
3085 3483 3337 3553 apostoli,
3373 3483 3526 3554 cuius
3566 3499 3780 3555 corpus

2182 3587 2426 3646 tempore
2452 3575 2687 3631 Zenonis
2705 3573 3051 3645 imperatoris
3069 3574 3187 3644 ipso
3212 3573 3482 3631 revelante
3494 3585 3780 3646 repertum

2180 3676 2281 3722 est.
3738 3716 3747 3725 .

2251 3758 2452 3815 Eodem
2482 3759 2568 3814 die
2595 3759 2734 3828 apud
2762 3757 3107 3826 Corinthum,
3132 3760 3303 3815 sancti
3352 3757 3665 3827 Sostlieuis,
3699 3760 3783 3816 di-

2182 3852 2371 3924 scipuli
2401 3850 2575 3908 sancti
2604 3850 2756 3906 Pauli
2786 3850 3035 3921 apostoli.
3420 3858 3427 3867 ‘

2250 3945 2405 4016 Apud
2427 3942 2748 4016 Aquileiam,
2779 3943 2964 4001 natale
2986 3953 3301 4002 sanctorum
3332 3953 3633 4017 martyrum
3662 3946 3780 4006 Fe-

2179 4038 2302 4094 licis
2329 4045 2385 4093 et
2410 4036 2719 4101 Fortunati,
2776 4036 2879 4091 sub
2907 4037 3289 4106 persecutione
3336 4035 3667 4092 Diocletiani
3723 4045 3782 4095 et

2180 4127 2489 4183 Maximiani
2508 4128 2920 4197 imperatorum,
2938 4126 3166 4197 praeside
3178 4126 3496 4195 Euphemio.
3512 4124 3615 4194 Qui
3642 4143 3779 4183 cum

2180 4230 2364 4278 essent
2392 4220 2649 4292 germani.
2682 4218 2883 4276 fratres
2905 4218 3009 4275 ﬁde
3035 4217 3236 4277 Christi
3270 4218 3557 4281 ferventes,
3608 4219 3775 4279 defe-

2184 4323 2337 4370 rente
2365 4314 2612 4384 Apamio,
2641 4313 2731 4382 qui
2760 4321 2881 4368 erat
2902 4328 3042 4367 unus
3064 4327 3130 4366 ex
3161 4310 3334 4367 ollicio
3355 4311 3623 4383 praesidis,
3654 4315 3781 4377 vin-

2184 4407 2255 4461 cti
2286 4404 2451 4471 ferro,
2494 4403 2988 4475 Aquileiamjudici
3029 4403 3328 4474 Euphemio
3372 4404 3772 4475 perducuntur.

2181 4498 2283 4556 Ubi
2298 4515 2419 4556 cum
2436 4496 2715 4554 Christum
2732 4497 3169 4555 constantissime
3197 4496 3521 4563 faterentur,
3544 4497 3617 4553 ab
3632 4499 3777 4556 irato

2174 4592 2357 4664 judice
2381 4590 2621 4661 primum
2646 4590 2699 4644 in
2725 4588 2958 4658 equuleo
2982 4596 3108 4644 sunt
3136 4588 3407 4660 suspensi,
3449 4590 3775 4647 ardentibus

2180 4684 2517 4757 lampadibus
2546 4683 2690 4739 circa
2721 4682 2887 4737 latera
2914 4682 3192 4753 appositis,
3208 4682 3302 4738 sed
3333 4698 3457 4739 mox
3488 4683 3775 4754 psallenti-

2179 4778 2285 4835 bus
2306 4778 2635 4850 martyribus
2652 4775 2963 4842 exstinctis,
2992 4776 3117 4832 inde
3145 4791 3244 4847 per
3260 4784 3507 4833 ventrem
3533 4775 3772 4847 ferventi

2160 4871 2301 4928 -oleo
2331 4868 2621 4942 superfusi,
2675 4870 2743 4926 ad
2788 4870 3062 4936 ultimum,
3117 4884 3240 4926 cum
3295 4869 3351 4925 in
3413 4869 3767 4931 confessione

2176 4961 2377 5019 Christi
2406 4963 2685 5029 durarent,
2732 4963 2880 5020 foras
2924 4963 3196 5019 civitatem
3239 4962 3413 5029 ducti,
3441 4963 3510 5019 ad
3542 4962 3770 5029 ﬂuviali

2174 5056 2269 5125 qui
2305 5055 2761 5127 eivitatiadjacet,
2791 5056 2970 5127 capite
2996 5063 3337 5113 truncantur.
3364 5054 3495 5113 inde
3544 5065 3768 5122 nocte;

2174 5147 2439 5221 religiosis
2465 5148 2597 5204 viris
2620 5146 2860 5217 ejusdem
2898 5147 3049 5203 urbis
3073 5146 3331 5217 Aquileia:
3361 5146 3462 5201 sub
3501 5145 3769 5213 aromati-

2171 5240 2273 5296 bus
2302 5251 2357 5297 et
2382 5239 2784 5296 linteaminibus
2827 5238 3073 5305 involuti,
3105 5239 3269 5297 ablati
3308 5246 3435 5293 sunt
3477 5247 3646 5310 atque
3669 5253 3767 5294 se-

2175 5329 2328 5400 pulti.
2352 5331 2424 5385 At
2466 5331 2613 5386 cives
2656 5330 2877 5386 Vicetia:
2905 5328 3368 5399 supervenientes,
3397 5342 3588 5384 eorum
3635 5342 3769 5385 cor—

2169 5436 2301 5493 pora
2323 5423 2615 5492 perducere
2641 5423 2705 5476 ad
2730 5437 2883 5478 suam
2909 5421 3183 5476 civitatem
3205 5420 3627 5477 meditabantur.
3642 5418 3769 5475 Non

2169 5513 2607 5585 permittentibus
2657 5523 2834 5570 autem
2882 5512 3363 5582 Aquileiensibus,
3421 5520 3478 5567 et
3528 5511 3768 5569 multum

2172 5607 2549 5674 renitentibus,
2578 5606 2794 5662 tandem
2814 5605 2902 5677 pia
2925 5605 3202 5662 contentio
3234 5605 3309 5660 ita
3341 5603 3491 5658 ﬁnita
3519 5613 3603 5659 est
3623 5610 3771 5659 nam
