3962 6366
128 305 164 350 εἰ
775 284 1380 350 MARTYROLOGIUM
1417 280 1560 337 CUM
1601 272 2133 332 ADDITAMENTIS.
2171 302 2224 312 -
2278 268 2481 324 MENS.
2521 266 2665 322 ΜΞΝ.

34 425 282 491 divino,
314 431 375 479 ut
397 418 631 476 Felicem
662 412 939 474 Vicetini,
993 408 1352 462 Fortunatum
1404 400 1669 455 haberent
1695 399 1746 458 Α
1772 412 1893 450 eam
1924 395 1976 448 in
2035 381 2320 446 tenebroso
2371 387 2546 442 claudi
2604 381 2871 446 cubiculo,
2924 380 3041 434 sine
3084 364 3356 444 cibo,

1630 490 1637 491 ,
2006 484 2039 491 -.
2143 482 2157 491 .
2223 484 2234 491 .
2610 485 2621 491 -
2678 490 2685 491 ,
2735 475 2779 491 -,
2812 464 3353 491 Α-⁴Α·Α--ε-..,ρι...ξ..ιι

35 467 456 589 Aquileienses
479 531 491 567 :
524 513 599 567 ita
624 518 825 569 tamen,
848 510 908 558 ut
929 508 1092 571 caput
1114 496 1259 553 beati
1284 493 1483 550 Felicis
1503 490 1671 559 Aqui-
1773 496 1975 556 septem
1990 484 2124 540 dies.
2143 482 2270 537 Inde
2282 485 2715 552 perseverantem
2733 475 2787 529 in
2802 464 3357 528 confessioneChristi

1290 586 1299 589 _
1524 579 1556 589 Α
1656 578 1670 589 .
1952 577 1963 589 .
2036 575 2047 586 .
2124 588 2132 589 ,
2182 581 2199 589 -
2258 573 2506 589 Lmen“.
2542 582 2650 589 η...
2681 564 2745 589 ..,ι
2772 562 3005 589 ..ι..,.ι....σ
3030 558 3208 589 νοοίης.
3255 555 3357 589 ihs-

42 555 199 674 Ieila,
237 614 405 679 caput
429 617 562 659 vero
592 594 875 655 Fortunati
928 555 1131 647 Vicetia
1171 586 1477 642 sortiretur.
1518 555 1672 647 Quod
1773 555 1896 634 cum
1918 575 2224 647 ejecissent,
2240 573 2510 628 duxerunt
2535 582 2655 623 eam
2680 564 2748 620 ad
2772 562 3009 634 virgines
3030 558 3228 623 Vesta.
3255 555 3360 613 “li-

1122 677 1139 679 -
1281 675 1325 679 ,Α
1384 675 1393 679 -
1457 673 1467 679 .
2060 665 2094 679 ι-
2180 678 2185 679 ,
2264 669 2455 679 ,,,.-__
2498 658 2602 679 λε--
2652 655 2767 679 -:....
2792 653 2911 679 -n...
2942 646 3237 679 nnnmnnc:l
3290 659 3359 679 nn

43 649 285 754 fact’um
309 646 377 752 lin
406 693 623 749 laudem
648 684 865 745 Domini
911 680 1086 739 nostri
1113 677 1243 734 Iesu
1268 673 1472 731 Christi
1504 646 1675 739 usque
1775 684 1880 738 que
1900 646 1996 737 per
2025 665 2228 720 alteros
2255 669 2462 732 septem
2489 658 2625 723 dies,
2651 655 2770 711 sine
2789 653 2913 709 cibo
2942 646 3265 721 permansit,
3290 659 3359 702 eo

48 790 248 845 hodie
270 792 573 859 permanet.
986 832 991 837 ,

471 898 533 952 Β.
581 890 810 951 PRIDIE
860 880 1023 944 IDUS
1081 882 1277 941 JUNII.

729 982 822 1053 (is
878 975 1035 1049 Jun.)

143 1079 444 1139 Mediolani
490 1075 668 1133 natale
699 1080 1013 1128 sanctorum
1041 1074 1341 1138 martyrum
1369 1058 1586 1116 Nazarii
1623 1066 1680 1112 et

62 1175 228 1230 Celsi
260 1172 438 1245 pueri.
483 1167 632 1224 Beati
682 1162 899 1221 Nazarii
938 1154 1103 1232 pater
1150 1157 1454 1215 Africanus,
1506 1159 1682 1205 mater

66 1284 217 1323 vero
243 1243 538 1336 Perpetua,
569 1263 729 1315 beato
764 1250 926 1311 Petro
954 1249 1201 1323 apostolo
1231 1245 1487 1317 baptizati
1514 1258 1528 1296 :
1564 1243 1680 1313 ipse

70 1375 220 1415 vero
243 1365 469 1415 sanctus
501 1353 764 1408 Nazarius
792 1366 821 1404 a
864 1357 1054 1404 sancto
1081 1345 1359 1401 Clemente
1389 1342 1683 1395 instructus

73 1460 138 1506 et
166 1450 480 1518 baptizatus
509 1452 613 1500 est.
644 1442 813 1509 Quem
844 1438 1103 1494 Anolinus
1133 1436 1234 1491 sub
1257 1431 1409 1487 rabie
1429 1442 1683 1505 persecu-

74 1544 255 1598 tionis
282 1555 407 1611 quat
431 1553 527 1609 per
550 1536 819 1591 Neronem
841 1532 1077 1588 excitata
1100 1537 1206 1592 est,
1231 1526 1320 1582 diu
1350 1528 1683 1579 maceratum

76 1642 142 1690 et
172 1633 433 1687 amictum
465 1631 520 1684 in
552 1641 792 1691 carcere,
824 1633 879 1681 et
922 1638 1043 1678 cum
1073 1636 1140 1677 eo
1168 1618 1540 1675 beatissimum
1566 1611 1685 1668 Cel-

82 1740 218 1780 sum
242 1737 495 1794 puerum,
518 1734 678 1789 quem
702 1716 842 1771 idem
871 1714 987 1785 ipse
1010 1711 1299 1774 nutrierat,
1328 1706 1504 1779 gladio
1530 1702 1683 1758 feriri

80 1814 279 1883 jussit.
295 1814 528 1882 Quorum
552 1806 1106 1888 corporaChristiani
1138 1802 1325 1866 furati,
1352 1801 1540 1870 quinto
1571 1797 1682 1851 Kac

79 1906 286 1962 lendas
308 1902 534 1974 Augusti
558 1897 887 1970 sepelierunt
915 1895 1048 1950 foris
1071 1901 1304 1964 portam,
1337 1905 1459 1960 quae
1479 1888 1684 1945 dicitur

97 1997 365 2058 Romana,
414 1992 467 2045 in
519 1987 752 2060 propriis
804 1985 998 2041 hortis.
1047 1982 1380 2038 Revelabant
1413 1987 1594 2034 autem
1629 1991 1688 2033 se

94 2087 398 2144 beatissimi
455 2088 723 2155 martyres
765 2079 978 2136 cuidam
1032 2076 1252 2133 Ceratio
1310 2073 1551 2137 nomine,
1598 2071 1684 2127 cui

98 2196 234 2234 uxor
260 2178 585 2242 Fortunata,
612 2185 668 2230 et
710 2188 807 2244 per
856 2172 1032 2226 visum
1061 2175 1387 2223 monuerant
1412 2179 1473 2221 se
1496 2163 1682 2219 occul-

99 2273 198 2326 tari
230 2279 452 2341 propter
478 2267 687 2322 rabiem
717 2260 1113 2334 persecutionis
1136 2274 1300 2330 quam
1328 2254 1471 2310 Nero
1491 2254 1691 2324 impius

94 2364 450 2419 excitaverat.
468 2360 762 2415 Latueruut
776 2368 905 2410 vero
922 2366 1093 2423 usque
1114 2350 1182 2405 ad
1203 2359 1446 2419 tempora
1468 2343 1691 2400 Honorii

92 2453 419 2510 et'Arcadii
470 2452 882 2521 imperatorum.
934 2446 1083 2513 Quos
1140 2444 1332 2498 beatus
1376 2437 1692 2494 Ambrosius

98 2547 335 2602 Domino
360 2543 632 2599 revelante
658 2540 880 2611 reperit.
907 2534 1187 2592 Patefacto
1228 2543 1411 2589 autem
1441 2529 1690 2601 sepulcro

102 2639 162 2693 in
213 2652 324 2707 quo
366 2635 581 2705 iacebat
607 2648 799 2703 corpus
852 2630 1025 2686 sancti
1074 2627 1288 2683 Nazarii
1341 2625 1453 2695 (qui
1479 2621 1693 2693 quando

98 2745 305 2802 passus
326 2728 580 2796 fuerit,ut
604 2728 793 2783 scribit
819 2716 1036 2782 sanctus
1061 2722 1339 2783 Paulinus,
1367 2734 1539 2789 usque
1564 2726 1695 2772 tunc

102 2821 368 2891 temporis
393 2817 784 2891 ignorabatur),
812 2817 1068 2871 viderunt
1093 2812 1413 2883 sanguinem
1438 2807 1695 2879 martyris

100 2917 174 2971 ita
208 2924 486 2971 recentem
518 2912 609 2984 qui
640 2918 937 2983 praesentes
963 2913 1121 2963 erant
1151 2945 1168 2970 ,
1198 2902 1354 2974 quasi
1391 2901 1582 2957 eodem
1610 2899 1696 2955 die

101 3008 298 3065 fuisset
336 3006 559 3063 eﬂ'usus.
608 3005 780 3075 Caput
807 3003 970 3059 etiam
1002 2999 1194 3072 ipsius,
1248 2994 1394 3067 quod
1422 2995 1489 3049 ab
1519 2991 1699 3063 impiis

103 3101 278 3158 fuerat
302 3101 637 3165 abscissum,
688 3099 760 3153 ita
798 3099 1066 3166 integrum
1098 3101 1262 3162 atque
1297 3091 1691 3157 incorruptum,
1724 3120 1768 3182 ρ

105 3212 230 3252 cum
266 3196 392 3266 pilis
417 3194 615 3264 capitis
643 3201 698 3248 et
725 3192 912 3256 barba,
952 3197 1012 3243 ut
1035 3188 1312 3243 videretur
1332 3198 1400 3238 eo
1425 3191 1689 3250 tempore,

108 3303 212 3358 quo
233 3288 539 3352 levabatur,
563 3286 752 3349 lotum,
776 3291 939 3353 atque
966 3282 1019 3336 in
1039 3278 1290 3349 sepulcro
1312 3271 1693 3345 compositum.

111 3384 285 3438 Etiam
316 3382 483 3437 odore
511 3388 661 3435 tanto
704 3375 895 3447 repleti
947 3380 1096 3437 sunt,
1127 3378 1187 3424 ut
1212 3368 1455 3425 omnium
1481 3376 1699 3419 aroma-

111 3485 221 3530 tum
255 3473 503 3528 vinceret
528 3469 868 3527 suavitatem.
887 3464 1006 3532 Quo
1028 3463 1224 3528 levato,
1255 3465 1311 3515 et
1330 3456 1520 3511 lectica
1545 3467 1700 3509 com-

110 3567 312 3636 posito,
336 3564 524 3620 statim
560 3564 625 3618 ad
655 3566 903 3618 sanctum
934 3555 1149 3612 Celsum
1181 3558 1495 3622 martyrem,
1521 3544 1613 3615 qui
1644 3544 1701 3598 in

109 3634 304 3712 eodem
328 3656 486 3711 horto
517 3654 721 3725 positus
750 3657 891 3715 erat,
923 3647 991 3703 ad
1017 3644 1321 3702 orationem
1346 3644 1566 3694 sanctus
1587 3634 1703 3704 epi-

114 3764 319 3821 scopus
338 3748 598 3819 perrexit,
624 3755 681 3801 et
707 3740 983 3799 transtulit
1007 3739 1072 3794 ad
1097 3736 1379 3793 basilicam
1419 3728 1704 3800 Apostolo-

115 3819 294 3899 lorum
325 3852 439 3912 qua:
459 3850 545 3895 est
573 3839 628 3895 in
655 3837 917 3892 Romana.
949 3831 1157 3887 Inventi
1178 3835 1359 3884 autem
1380 3834 1435 3879 et
1459 3819 1706 3877 translati

112 3945 243 3990 sunt
300 3909 470 4003 pridie
527 3928 649 3984 ldus
694 3919 1194 3990 Junii;'festivitas
1239 3929 1368 3972 vero
1411 3914 1588 3984 agitur
1641 3909 1708 3965 de

113 4001 405 4094 martyrio,
431 4019 620 4091 quinto
646 4016 768 4072 Kal.
797 4012 1045 4085 Augusti.
1060 4003 1517 4066 Commemoratio
1543 4001 1709 4057 etiam

110 4090 308 4171 eorum
338 4112 549 4182 publica
569 4120 627 4165 et
648 4107 880 4165 celebris
906 4105 960 4159 in
984 4103 1071 4160 die
1120 4106 1430 4156 sanctorum
1462 4090 1711 4150 Gervasii

112 4218 165 4263 et
187 4204 426 4263 Protasii
465 4220 495 4259 a
532 4203 778 4259 ﬁdelibus
805 4196 1017 4270 populis
1045 4194 1442 4267 frequentatur,
1473 4193 1528 4243 et
1549 4197 1713 4239 vene-

118 4298 371 4353 rabiliter
397 4294 679 4352 excolitur.

191 4391 328 4447 Item
357 4388 499 4444 beati
522 4385 793 4449 Basilidis,
817 4380 1029 4453 Cyrini,
1063 4374 1319 4433 Naboris.

193 4482 306 4540 Sed
329 4488 386 4537 et
413 4478 627 4534 Nazarii
670 4484 726 4533 et
749 4473 912 4540 Celsi,
964 4485 1099 4542 quos
1131 4468 1265 4523 duos
1313 4476 1505 4536 passos
1543 4458 1715 4514 fuisse

120 4577 270 4648 apud
294 4574 736 4630 Ebredunensem
779 4560 993 4633 urbem,
1022 4561 1317 4631 antiquitas
1360 4550 1718 4613 memorando

122 4670 391 4728 celebrat.

134 4722 367 4751 "‘W"
649 4732 711 4790 c.
754 4726 978 4786 iDlBUS
1011 4722 1208 4783 mnu.

795 4822 885 4896 (ιδ
916 4821 1071 4892 Jun.)

203 4926 394 4983 Romae
422 4922 616 4981 natalis
642 4928 842 4978 sancta:
861 4913 1114 4973 Feliculaa
1143 4922 1169 4952 ι
1191 4906 1417 4981 virginis
1448 4913 1501 4961 et
1522 4896 1728 4974 marty-

134 5028 232 5083 ris.
264 5023 437 5091 Quam
459 5035 582 5075 cum
604 5015 836 5071 Flaccus
862 5024 1045 5067 comes
1066 5015 1186 5079 post
1215 5014 1502 5061 excessum
1532 4990 1725 5052 Petro-

138 5087 307 5173 uilla;
326 5113 487 5168 vellet
531 5111 726 5165 ducere
781 5118 1028 5167 uxorem,
1081 5108 1242 5168 atque
1291 5094 1357 5149 ad
1414 5087 1725 5146 terrendum

139 5207 513 5281 proposnisset
533 5203 604 5269 ei,
639 5202 860 5257 dicens:
892 5195 1073 5252 Unum
1104 5188 1198 5246 tibi
1247 5203 1278 5244 e
1325 5185 1533 5241 duobus
1562 5179 1722 5250 elige,

142 5297 238 5362 aut
263 5304 380 5361 esto
423 5318 560 5359 uxor
613 5315 752 5366 mea,
801 5304 895 5350 aut
948 5294 1050 5349 diis
1095 5286 1362 5353 sacrifica,
1409 5294 1727 5353 responsum

146 5400 214 5457 ab
244 5415 308 5455 ea
337 5396 583 5468 accepit:
634 5390 747 5448 Nec
770 5404 906 5446 uxor
935 5395 1025 5441 tua
1077 5399 1191 5450 ero,
1224 5380 1349 5451 quia
1399 5377 1616 5433 Christo
1646 5382 1731 5428 sa-

146 5501 299 5551 crata
329 5466 485 5555 sum;
513 5503 615 5544 nec
642 5485 746 5542 diis
769 5480 874 5538 tuis
903 5476 1242 5539 sacrificabo,
1272 5472 1397 5544 quia
1425 5466 1737 5525 Christiana

147 5602 291 5646 sum.
322 5583 476 5640 Tunc
520 5580 747 5636 Flaccus
778 5573 1002 5631 tradidit
1047 5585 1167 5626 eam
1197 5542 1417 5625 vicario,
1461 5560 1555 5631 qui
1612 5554 1742 5612 fecit
1846 5542 1992 5615 ιπθοί

222 5719 250 5748 ⁸
324 5703 402 5761 De
456 5698 666 5758 hacin
732 5692 898 5767 gestis
968 5684 1129 5743 Nerei
1195 5690 1249 5737 et
1322 5674 1547 5735 Achillei
1627 5686 1737 5726 χχιι

1777 760 1920 830 quod
1947 756 2088 811 nulla
2120 754 2328 808 ratione
2367 752 2431 806 de
2452 762 2637 803 earum
2677 744 2929 799 manibus
2946 741 3127 796 cibum
3150 744 3363 808 patera.-

1779 863 1866 908 tur
1889 852 2155 920 accipere.
2188 848 2317 902 Post
2344 846 2446 900 hoc
2473 843 2650 897 levata
2676 839 2731 895 in
2750 836 3038 908 equuleum
3065 831 3361 896 clamabat,

1776 944 2001 999 dicens:
2031 938 2189 993 Modo
2217 937 2355 1006 (ιωρὶ
2382 934 2566 989 videre
2597 939 2897 988 amatorem
2930 940 3130 990 meum,
3179 922 3232 976 in
3258 937 3366 992 quo

1780 1051 1935 1089 amor
1962 1047 2114 1088 meus
2159 1031 2299 1085 fixus
2322 1036 2426 1083 est.
2454 1026 2696 1095 Cumque
2722 1023 2771 1077 ei
2817 1028 3050 1075 tortores
3079 1017 3320 1073 dicerent
3347 1031 3362 1070 :

1780 1123 1924 1195 Nega
1971 1133 2019 1177 te
2048 1120 2432 1183 Christianam,
2464 1125 2519 1172 et
2548 1114 2855 1177 dimitteris,
2901 1110 2989 1195 illa
3033 1107 3306 1165 clamabat
3349 1123 3363 1161 :

1780 1217 1892 1287 Ego
1944 1231 2048 1271 non
2101 1214 2308 1285 negabo
2359 1198 2656 1264 amatorem
2702 1220 2880 1261 meum
2925 1190 3222 1265 Christum,
3278 1198 3371 1277 qui

1778 1317 2003 1381 prepter
2034 1321 2119 1361 me
2154 1304 2277 1359 l‘eilc
2303 1302 2536 1365 cibatus,
2558 1311 2613 1353 et
2637 1306 2791 1353 aceto
2818 1302 3056 1366 potatus,
3083 1290 3255 1361 spinis
3283 1304 3375 1347 co-

1783 1408 2023 1461 ronatus,
2049 1407 2103 1452 et
2131 1394 2424 1452 crucifixus
2447 1400 2549 1446 est.
2594 1389 2723 1444 Post
2750 1386 2865 1442 b:ec
2911 1382 3154 1452 deposita
3184 1388 3290 1445 est,
3318 1385 3375 1435 et

1781 1493 2121 1564 praecipitata
2150 1490 2203 1544 in
2232 1486 2494 1543 cloacam.
2542 1482 2774 1536 Sanctus
2823 1484 3005 1531 autem
3052 1471 3374 1529 Nicomedes

1782 1587 2068 1657 presbyter
2116 1584 2171 1637 in
2213 1579 2446 1650 speculis
2483 1574 2712 1647 positus,
2758 1568 2971 1627 occulte
3000 1565 3198 1622 levavit
3229 1576 3372 1628 eam,

1784 1656 1841 1732 et
1864 1692 1960 1747 per
1987 1682 2199 1731 noctem
2229 1672 2284 1726 in
2309 1671 2483 1727 birote
2522 1664 2775 1738 perduxit
2804 1661 2872 1716 ad
2901 1656 3155 1715 casellam
3196 1668 3373 1719 suam,

1713 1764 1761 1824 Β
1787 1771 2019 1840 septimo
2040 1767 2108 1822 ab
2136 1764 2271 1820 urbe
2299 1759 2576 1825 milliaria,
2600 1757 2686 1812 via
2706 1751 3022 1817 Ardentina,
3046 1747 3230 1818 ibique
3256 1757 3377 1801 eam

1789 1863 2057 1935 sepelivit.

2181 1951 2243 2005 D.
2285 1945 2449 2003 XVIII
2486 1938 2785 1999 KALEND.
2822 1934 3010 1993 JULII.

2446 2036 2544 2109 (ιι
2574 2033 2733 2105 Jun.)

1864 2157 2025 2213 Elisci
2055 2153 2352 2224 prophetze,
2383 2147 2514 2220 quid
2544 2145 2684 2215 apud
2726 2139 3031 2196 Samariam
3058 2133 3379 2199 Palaestinae,

1791 2266 1912 2321 qum
1950 2256 2136 2318 postea
2182 2243 2464 2305 Sebastea,
2508 2238 2563 2293 id
2606 2243 2692 2292 est
2719 2233 2980 2305 Augusta,
3032 2231 3085 2287 in
3122 2230 3384 2295 honorem

1771 2316 2018 2411 ~Augusti
2055 2337 2124 2392 ab
2173 2333 2383 2389 Herode
2436 2326 2619 2384 vocari
2649 2324 2834 2396 coepit,
2867 2324 3004 2379 situs
3040 2328 3145 2376 est.
3201 2316 3304 2373 Ubi
3330 2323 3388 2373 et

1793 2433 1996 2487 Abtlias
2020 2428 2276 2500 propheta
2302 2419 2616 2491 requiescit,
2649 2427 2704 2472 et
2732 2430 2841 2484 quo
2865 2411 3037 2481 major
3066 2412 3208 2467 inter
3228 2414 3388 2475 natos

1794 2499 2080 2578 mulierum
2103 2533 2206 2572 non
2241 2514 2340 2570 fuit
2363 2508 2572 2567 Joanne
2616 2507 2877 2577 Baptista.
2932 2502 3031 2558 Ubi
3054 2501 3120 2555 ad
3138 2499 3384 2570 sepulcra

1796 2621 2106 2670 sanctorum
2134 2617 2242 2662 tam
2287 2604 2568 2661 tremenda
2618 2598 2754 2654 fiunt
2799 2592 3086 2653 miracula,
3116 2598 3176 2645 ut
3222 2589 3389 2649 variis

1796 2706 1905 2762 illic
1943 2704 2215 2758 diuinones
2243 2688 2472 2767 rugiant‘
2491 2692 2845 2752 cruciatibus,
2868 2697 2923 2743 et
2938 2685 3186 2742 homines
3208 2685 3280 2739 ab
3303 2683 3385 2740 eis

1797 2795 2006 2854 obsessi
2033 2792 2328 2847 audiantur
2356 2784 2550 2842 ululari
2593 2782 2843 2853 luporum
2895 2775 3140 2840 vocibus,
3190 2774 3391 2831 latrare

1798 2902 2014 2947 canum,
2053 2882 2285 2938 fremere
2324 2878 2561 2940 leonum,
2611 2872 2831 2929 sibilare
2877 2868 3233 2940 serpentium,
3276 2881 3394 2921 mue-

1800 2978 1916 3049 gire
1941 2984 2238 3030 taurorum.
2273 2970 2583 3025 Cernuntur
2611 2963 2704 3018 alii
2733 2970 2915 3018 rotare
2936 2958 3160 3028 cespite,
3191 2964 3246 3011 et
3266 2964 3394 3024 post

1801 3047 2013 3139 tergum
2038 3074 2183 3119 terra
2207 3055 2466 3116 verticem
2486 3066 2727 3127 tangere,
2752 3049 3137 3122 suspensisque
3170 3047 3397 3118 pedibus

1802 3157 2019 3214 feminis
2047 3165 2231 3212 vestes
2254 3168 2359 3208 non
2390 3148 2626 3207 deﬂuere
2648 3148 2702 3202 in
2730 3145 2948 3201 faciem.
2995 3141 3099 3198 Ubi
3128 3140 3295 3196 etiam
3337 3138 3396 3214 in

1801 3257 1985 3306 monte
2018 3247 2197 3302 vicino
2224 3246 2343 3300 dua:
2367 3241 2617 3297 visuntur
2645 3235 2934 3307 speluncae,
2960 3232 3014 3287 in
3044 3230 3242 3300 quibus
3272 3212 3400 3299 per—

1801 3339 2097 3398 secutionis
2149 3345 2205 3392 et
2235 3334 2397 3391 famis
2447 3342 2710 3401 tempore,
2762 3326 2965 3383 Abdias
3017 3332 3233 3380 centum
3271 3335 3400 3391 pro-

1801 3435 1996 3504 phetas
2039 3429 2172 3486 aluit
2199 3442 2338 3498 pane
2382 3433 2438 3480 et
2482 3438 2620 3493 aqua
2648 3418 2767 3491 (III
2799 3418 2927 3489 Reg.
2976 3415 3157 3487 XVIII).
3198 3411 3403 3473 Scribit

1802 3502 1995 3579 beatus
2037 3519 2399 3589 Hieronymus
2424 3515 2475 3569 in
2507 3513 2647 3567 libro
2677 3511 2743 3566 de
2790 3507 2915 3563 Vita
2944 3514 3145 3562 sancta:
3198 3502 3399 3559 Paulae.

1878 3612 2188 3673 Suessionis
2234 3609 2473 3673 civitate,
2520 3604 2704 3675 passio
2750 3608 3065 3657 sanctorum
3102 3603 3403 3666 martyrum

1813 3706 2018 3762 Valerii
2042 3712 2097 3760 et
2124 3700 2330 3767 Rufini.

1878 3780 1908 3840 15
1944 3795 2100 3868 Apud
2128 3795 2432 3849 Caesaream
2458 3783 2829 3857 Cappadociae,
2856 3778 3027 3835 sancti
3078 3775 3263 3832 Basilii
3294 3774 3408 3845 epi-

1809 3891 1957 3961 scopi
2010 3886 2197 3942 fratris
2224 3880 2470 3954 Gregorii
2508 3887 2564 3933 et
2593 3874 2763 3931 Petri.
2790 3871 2893 3940 Qui
2944 3883 3069 3925 cum
3114 3875 3261 3923 esset
3283 3879 3405 3921 om-

1811 3989 1973 4043 nibus
2026 3979 2320 4037 virtutibus
2369 3973 2647 4036 fundatus,
2700 3975 2758 4023 et
2802 3961 3038 4037 quodam
3103 3968 3410 4030 tempore:

1813 4079 2042 4135 Valente
2085 4074 2413 4141 imperatore
2465 4065 2520 4119 in
2552 4059 2801 4117 exsilium
2829 4068 2925 4126 pro
2952 4052 3058 4109 fide
3084 4057 3370 4120 cogeretur

1813 4130 2088 4226 enhibitus
2125 4130 2193 4217 ad
2231 4155 2466 4214 tribunal
2493 4148 2758 4225 prazfecti,
2787 4141 3198 4211 terroribusque
3231 4140 3313 4210 (ut
3334 4130 3413 4191 illi

1815 4261 1982 4319 moris
2003 4266 2087 4314 est
2113 4251 2386 4327 potestati)
2421 4257 2477 4305 et
2529 4245 2691 4301 minis
2719 4238 2972 4296 maximis
3002 4236 3089 4307 agi
3113 4233 3280 4304 ccepit
3310 4247 3325 4288 :
3356 4236 3415 4288 ει

1815 4356 1921 4412 nisi
1973 4321 2259 4424 prmceptis
2302 4321 2564 4413 principis
2589 4333 2855 4395 obediret,
2884 4329 3167 4385 interitum
3203 4323 3305 4380 sibi
3332 4321 3415 4377 la-

1823 4414 2095 4512 mianique
2153 4414 2401 4506 speraret
2439 4425 2770 4498 impendere.
2804 4419 2957 4475 Tunc
2997 4418 3090 4473 ille
3119 4414 3418 4485 intrepidus

1822 4544 1878 4599 et
1905 4505 2110 4601 absque
2138 4505 2246 4582 ulla
2283 4519 2448 4577 animi
2498 4512 2910 4588 perturbatione
2955 4509 3073 4566 haec
3099 4506 3203 4563 sibi
3260 4505 3422 4561 mini-

1764 4624 1769 4629 ’
1825 4625 1962 4684 tanti
2016 4599 2272 4697 praefecto
2333 4609 2677 4681 respondisse
2724 4604 2938 4659 fertur:
2985 4599 3166 4671 Atque
3215 4600 3419 4667 utinam

1828 4690 2036 4788 aliquid
2060 4711 2190 4768 mihi
2217 4713 2360 4764 esset
2385 4701 2532 4773 digni
2562 4697 2802 4754 muneris
2829 4693 2970 4766 quod
2986 4690 3249 4749 "offerrem
3271 4691 3418 4757 huic,

1828 4783 1935 4883 qui.
1971 4803 2231 4862 maturius
2272 4795 2527 4853 Basiliam
2559 4791 2624 4847 de
2673 4788 2837 4845 nodo.
2860 4784 3006 4841 follis
3036 4783 3198 4853 hujus
3246 4783 3425 4839 absol-

1832 4873 2001 4960 veret.
2035 4895 2278 4963 Cumque
2302 4890 2525 4945 daretur
2557 4882 2606 4937 ei
2649 4895 2776 4944 nox,
2806 4884 2927 4948 qua:
2953 4883 3073 4932 erat
3124 4873 3324 4938 media,
3355 4873 3426 4928 ad

1829 4994 2062 5069 spatium
2092 4979 2426 5043 deliberandi
2455 4996 2468 5031 :
2496 4972 2842 5046 respondisse
2864 4968 3044 5026 denuo
3073 4966 3422 5040 perhibetur;

1830 5058 1942 5159 ligo
1990 5080 2230 5139 crastino
2262 5075 2378 5144 ipse
2399 5085 2494 5125 ero
2520 5065 2611 5141 qui
2655 5076 2799 5119 nunc
2822 5103 2836 5128 ,
2875 5068 2931 5115 ιιι
2960 5069 3014 5119 ιθ
3061 5058 3269 5115 utinam
3318 5073 3425 5111 non

1830 5146 2090 5236 mutares.
2122 5170 2187 5225 Et
2209 5166 2296 5222 illa
2320 5163 2537 5235 quidem
2566 5166 2723 5214 nocte
2751 5170 2891 5211 uxor
2916 5151 3261 5225 imperatoris
3281 5146 3433 5217 velut

1833 5267 2132 5327 tortoribus
2163 5258 2357 5315 tradita
2385 5250 2679 5308 cruciatur.
2713 5244 2881 5301 Filius
2910 5256 3065 5308 vero,
3083 5239 3177 5311 qui
3206 5239 3285 5295 eis
3307 5242 3432 5292 erat

1839 5364 2056 5427 unicus,
2070 5354 2389 5415 exstinctus,
2413 5352 2650 5417 paternae
2662 5337 2958 5412 impietatis
2969 5334 3130 5391 solvit
3141 5330 3427 5407 supplicia.

1843 5419 1920 5510 Ita
1950 5458 2008 5506 ut
2043 5419 2380 5502 vante'iucem
2411 5432 2582 5495 missi,
2646 5429 2738 5501 qui
2783 5432 3035 5499 rogarent
3082 5419 3340 5477 Basiliam
3371 5420 3433 5483 ιιι

1999 5542 2100 5596 bus
2129 5534 2242 5591 suis
2285 5523 2646 5585 intercederet
2690 5532 2789 5589 pro
2820 5515 2921 5581 eis,
2949 5528 3018 5569 ne
3054 5510 3218 5567 etiam
3245 5506 3350 5579 ipsi
3377 5514 3435 5577 et

1924 5659 1951 5698 ι)
1990 5654 2212 5711 Hieron.
2241 5644 2399 5718 epist.
2426 5639 2517 5694 27.
2554 5635 2619 5691 ad
2651 5632 2806 5691 Eust.
