3962 6366
530 339 631 397 287

1539 336 1596 392 S.
1639 332 1888 391 ADONIS
1923 323 2348 387 ARCHIEPISC.
2393 323 2801 386 VIENNENSIS

3715 330 3848 386 288

530 455 750 527 quidem
779 454 948 511 multo
964 454 1165 526 justius
1193 454 1498 510 interirent.
1530 450 1622 506 Sic
1657 449 1873 513 accidit,
1898 457 1958 501 ut
1986 462 2108 501 cum
2137 449 2189 510 Α
2213 444 2425 514 accepit
2461 461 2474 497 :
2502 442 2698 498 deinde
2721 443 2926 513 pariter
2951 442 3124 499 clavis
3154 444 3372 512 conﬁxi,
3400 447 3610 502 evulsis
3639 447 3842 502 oculis

531 562 720 603 omnes
748 547 1042 604 catholicos
1061 546 1326 617 expulerit
1347 543 1566 608 Valens,
1593 540 1825 596 Basilius
1848 552 2018 610 usque
2049 537 2118 592 ad

531 638 656 694 vitae
673 639 879 695 exitum
911 639 1232 694 intemerato
1253 633 1651 691 communionis
1679 637 2021 688 sacramento
2061 629 2117 682 in

532 728 777 787 Ecclesia
798 729 1126 800 perdurarit.

605 816 850 888 Viennae,
882 819 1054 875 sancti
1075 817 1281 872 Etherii
1311 815 1568 886 episcopi.

914 931 976 987 E.
1019 930 1158 987 XVII
1194 929 1488 986 KALEND.
1527 926 1716 984 JULII.

1183 1022 1465 1094 (lSJunJ

609 1118 764 1190 Apud
794 1116 1063 1184 Siciliam,
1097 1116 1276 1172 natale
1312 1124 1624 1172 sanctorum
1659 1123 1957 1185 martyrum
1987 1109 2120 1177 Viti,

536 1208 785 1274 Modesti,
817 1218 872 1263 et
900 1208 1246 1264 Crescentiae.
1282 1207 1385 1275 Qui
1421 1208 1610 1262 beatus
1647 1203 1804 1259 Vitus
1846 1203 1899 1258 in
1927 1202 2122 1274 puerili

534 1311 692 1358 aetate
722 1303 1011 1357 virtutibus
1046 1311 1322 1365 maturus,
1354 1301 1586 1370 primum
1638 1314 1668 1352 a
1705 1308 1859 1368 patre
1893 1311 1990 1352 suo
2038 1310 2125 1349 sa-

535 1391 734 1462 crilego
762 1392 902 1457 Hila,
926 1401 986 1447 ut
1012 1408 1043 1446 a
1068 1392 1279 1447 cultura
1307 1391 1402 1446 Dei
1433 1390 1724 1453 recederet,
1745 1397 1982 1443 tentatus
2003 1396 2120 1453 est;

540 1485 737 1540 deinde
758 1499 786 1538 a
807 1483 1095 1538 Valeriano
1117 1483 1300 1555 judice
1322 1495 1348 1524 ει
1376 1482 1602 1538 catomis
1641 1473 1817 1536 caesus
1841 1480 1892 1534 in
1915 1477 2128 1534 confes-

537 1577 692 1630 sione
723 1575 1038 1645 permansit.
1076 1575 1204 1630 lnde
1247 1574 1487 1629 redditus
1508 1573 1668 1643 patri.
1704 1571 1773 1625 At
1801 1586 1922 1627 cum
1955 1568 2127 1640 paruis

537 1666 773 1738 adligere
827 1667 978 1723 illum
1024 1676 1179 1740 pater
1225 1666 1582 1722 meditaretur
1611 1707 1624 1731 ,
1687 1664 1892 1720 monitu
1951 1661 2127 1733 angeli

538 1771 732 1811 navem
779 1759 1182 1822 conscendens,
1233 1757 1620 1812 comitantibus
1674 1771 1730 1810 se
1793 1753 2031 1809 Modesto
2073 1759 2127 1807 et

2218 537 2272 592 in
2308 549 2582 591 carcerem
2608 535 2742 604 trusi
2776 543 2922 590 sunt.
2961 535 3090 590 Post
3118 536 3233 591 hmc
3260 536 3524 594 decalvati
3555 549 3618 595 et
3646 555 3840 594 exco-

2218 628 2342 684 riati
2363 669 2377 694 ,
2423 643 2589 699 super
2619 630 2890 685 carbones
2920 630 2974 684 in
3013 630 3154 686 lecto
3183 645 3324 689 aereo
3349 633 3515 687 assati
3549 643 3712 688 sunt.
3746 634 3840 688 Ad

2217 720 2467 776 ultimum
2501 727 2668 780 serris
2703 724 2908 790 attriti,
2953 725 3245 795 amputatis
3286 725 3515 796 linguis,
3562 726 3837 798 martyrii

2219 811 2304 866 sui
2331 827 2546 867 cursum
2579 813 2993 871 obtruncatione
3021 816 3218 886 capitis
3239 816 3632 887 impleverunt.
3664 819 3834 874 Passi

2222 911 2350 956 sunt
2378 918 2501 959 cum
2529 903 2610 960 eis
2639 914 2693 960 et
2724 906 2814 960 alii
2849 906 3236 977 quadringenti
3266 915 3518 976 quatuor.

2291 996 2446 1068 Apud
2473 997 2662 1053 urbem
2705 997 3206 1066 Visontionensem,
3248 1008 3569 1056 sanctorum
3609 1011 3833 1072 marty-

2225 1102 2344 1142 rum
2377 1087 2617 1144 Ferreoli
2659 1090 2962 1160 presbyteri
2993 1098 3047 1145 et
3084 1089 3394 1146 Ferrutioni
3430 1092 3693 1158 diaconi,
3735 1094 3833 1162 qui

2226 1193 2257 1232 a
2284 1179 2443 1234 beato
2481 1180 2684 1235 Irenaeo
2720 1179 3065 1252 Lugdunensi
3093 1181 3351 1253 episcopo
3375 1192 3432 1238 et
3475 1193 3732 1254 martyre
3763 1185 3832 1238 ad

2222 1271 2624 1342 praedicandum
2655 1276 2878 1328 verbum
2912 1274 3005 1328 Dei
3037 1275 3208 1340 missi,
3237 1276 3339 1331 sub
3370 1275 3610 1332 Claudio
3633 1277 3828 1348 judice

2226 1365 2291 1420 ad
2318 1365 2586 1421 trochleas
2610 1367 2818 1422 extensi
2845 1375 2900 1421 et
2927 1366 3202 1438 ﬁagellati,
3233 1369 3428 1424 deinde
3454 1369 3510 1424 in
3531 1384 3825 1425 carcere

2229 1456 2442 1522 reclusi,
2474 1466 2530 1512 et
2557 1473 2715 1513 mane
2747 1459 3040 1530 amputatis
3066 1459 3266 1531 linguis
3292 1461 3674 1530 praedicabant
3707 1477 3831 1516 ver-

2226 1549 2353 1604 bum
2385 1549 2496 1604 Dei.
2533 1549 2663 1605 Post
2702 1551 2819 1605 haec
2864 1551 3069 1606 subulae
3096 1552 3317 1623 triginta
3362 1555 3617 1625 utrisque
3644 1554 3830 1608 inﬁxa

2227 1640 2478 1697 manibus
2515 1651 2569 1696 et
2603 1642 2828 1712 pedibus
2869 1653 2923 1698 et
2961 1654 3220 1713 pectore:
3253 1645 3322 1701 ad
3358 1645 3613 1702 ultimum
3642 1647 3828 1718 gladio

2229 1729 2516 1788 feriuntur.

536 1851 844 1906 Crescentia
861 1852 1235 1917 nutritoribus,
1252 1851 1318 1906 ad
1340 1850 1764 1922 Tanagritanum
1787 1847 2119 1902 territorium

2299 1826 2413 1882 Civi
2423 1837 2530 1884 tate
2559 1828 2840 1898 Nannetis,
2866 1830 3036 1887 sancti
3065 1829 3331 1886 Similtam
3351 1831 3596 1902 episcopi
3621 1840 3680 1887 et
3704 1846 3833 1888 con-

537 1944 772 2000 devenit.
820 1944 947 1999 Inde
979 1953 1196 2014 propter
1227 1943 1392 1998 ﬁliam
1436 1941 1754 1998 Diocletiani
1783 1940 2125 2010 imperatoris

455 2017 462 2024 ’
537 2051 568 2088 a
597 2035 863 2090 daemonio
891 2043 1139 2090 vexatam
1171 2035 1449 2100 quaesitus,
1489 2043 1545 2089 et
1582 2033 1846 2089 adductus
1892 2033 1957 2086 ad
2002 2032 2125 2087 Dio-

538 2127 850 2195 cletianum,
882 2129 1054 2199 ipsam
1093 2129 1212 2199 ejus
1264 2128 1424 2182 ﬁliam
1453 2127 1700 2183 oratione
1748 2122 1978 2182 curavit.
2020 2123 2127 2180 Sed

539 2236 660 2278 cum
689 2220 870 2276 multis
898 2221 1054 2276 donis
1081 2220 1364 2292 promissis
1387 2220 1437 2274 ei
1469 2219 1666 2290 impius
1688 2219 1985 2288 imperator
2003 2233 2126 2272 sua-

539 2313 668 2368 dere
718 2311 879 2367 vellet
925 2321 987 2366 ut
1030 2311 1298 2367 culturam
1343 2310 1447 2365 diis
1490 2311 1846 2380 impenderet,
1902 2310 2127 2380 ejusque

548 2401 788 2458 animum
819 2401 886 2456 de
913 2402 1056 2456 bono
1083 2401 1361 2471 praposito
1398 2409 1609 2454 mutare
1637 2414 1742 2453 non
1780 2408 1996 2468 posset,
2035 2414 2125 2453 ar-

540 2496 800 2552 ctissimis
825 2494 1055 2550 vinculis
1082 2493 1274 2550 ferreis
1300 2493 1608 2557 astrictum,
1639 2492 1693 2546 in
1733 2505 2003 2547 carcerem
2047 2501 2124 2546 te-

541 2588 822 2643 terrimum
850 2586 1030 2642 induci
1050 2585 1235 2656 jussit,
1271 2593 1325 2640 et
1355 2600 1477 2639 cum
1508 2598 1574 2639 eo
1599 2583 1802 2654 pariter
1829 2582 2128 2638 Modestum

540 2687 702 2750 atque
738 2678 1128 2734 Crescentiam.
1177 2677 1376 2732 Deinde
1421 2677 1808 2731 circumstante
1845 2675 2042 2746 p0pulo
2073 2675 2128 2730 in

540 2770 943 2841 amphitheatro
980 2770 1264 2825 sistuntur.
1300 2767 1458 2836 'Quos
1490 2766 1853 2822 Diocletianus
1890 2767 1943 2821 in
1967 2766 2129 2822 ollam

539 2861 720 2914 resina
753 2869 810 2914 et
842 2859 962 2930 pice
1002 2873 1352 2923 succensam,
1392 2866 1448 2912 et
1488 2856 1708 2927 plumbo
1745 2856 1920 2912 soluto
1957 2856 2131 2912 ferve-

540 2949 739 3005 factam
760 2991 774 3017 ,
814 2950 1010 3022 jactari
1034 2951 1304 3020 praecepit.
1354 2948 1458 3004 Ubi
1486 2949 1658 3004 sancti
1689 2957 1953 3018 martyres
1990 2948 2130 3017 psal-

541 3043 712 3096 lentes
767 3041 819 3094 in
889 3041 1108 3096 modum
1165 3040 1326 3094 trium
1388 3052 1680 3111 puerorum
1741 3039 1924 3111 (Dan.
1980 3040 2123 3112 Ill),

2228 1915 2471 1974 fessoris.

2299 2009 2574 2080 Lugduni,
2619 2013 2883 2084 depositio
2912 2013 3080 2069 sancti
3103 2012 3379 2068 Aureliani
3403 2014 3637 2084 episcopi
3677 2013 3830 2068 Ane-

2228 2102 2471 2159 latensis.

2601 2174 2666 2232 G.
2707 2175 2799 2230 XV
2840 2173 3210 2232 KALENDAS
3246 2174 3439 2233 JULII.

2869 2267 2971 2338 (l7
3008 2267 3174 2332 Jun.)

2301 2377 2504 2443 Romaa,
2532 2384 2839 2433 sanctorum
2864 2377 3160 2450 Martyrum
3188 2379 3546 2434 ducentorum
3573 2378 3824 2450 sexagin-

2230 2476 2284 2523 ta
2319 2468 2575 2534 duorum,
2626 2469 2718 2537 qui
2767 2469 2925 2540 positi
2969 2479 3096 2525 sunt
3122 2471 3212 2526 via
3245 2468 3454 2526 Salaria
3499 2470 3712 2534 veteri,
3759 2469 3823 2523 ad

2231 2556 2429 2612 clivum
2458 2556 2796 2614 Cucumeris.

2302 2646 2504 2701 Eodem
2527 2647 2614 2702 die
2642 2649 2813 2704 sancti
2844 2649 3132 2704 Wultmari
3161 2649 3511 2714 confessoris,
3542 2649 3826 2707 admiran-

2231 2736 2312 2793 dae
2335 2737 2641 2794 sanctitatis
2667 2748 2724 2793 et
2745 2739 3024 2810 religionis
3048 2741 3168 2795 viri.

2611 2849 2674 2903 A.
2718 2847 2831 2904 XIV
2871 2849 3168 2905 KALEND.
3209 2851 3380 2908 JULII

2919 2945 2983 2999 18
3011 2944 3143 2999 Jun.

2919 2945 2940 2998 1
3011 2945 3086 2998 Ju
3130 2985 3143 2999 .

2300 3027 2484 3085 Romae
2531 3032 2617 3086 via
2658 2945 2983 3099 Ardeatifia?
3047 2946 3242 3091 ηζιεῖιίε
3298 3046 3607 3094 sanctorum
3671 3054 3819 3094 mar-

543 3132 802 3201 bymnum
843 3131 951 3185 Deo
991 3131 1261 3186 dicebant.
1315 3130 1384 3184 Et
1419 3131 1622 3200 egressi
1669 3130 1834 3186 illmso
1874 3132 2022 3186 vultu
2063 3135 2126 3188 de

2239 3126 2406 3190 lyrum
2438 3121 2600 3178 Marci
2639 3133 2706 3178 'et
2758 3125 3107 3192 Marcelliani,
3137 3127 3163 3167 δ
3228 3129 3621 3196 praeclarissimi
3657 3145 3822 3202 gene-

540 3221 681 3287 olla,
715 3221 970 3278 dimissus
1000 3231 1083 3277 est
1110 3222 1190 3276 eis
1225 3222 1311 3277 leo
1341 3221 1731 3279 ferocissimus.
1763 3222 1864 3290 Qui
1900 3238 2024 3278 mox
2060 3225 2126 3279 ad

2239 3214 2328 3278 ris,
2364 3215 2721 3285 Tranquillini
2751 3225 2807 3273 et
2853 3217 3066 3274 Marciae
3096 3218 3348 3284 ﬁliorum,
3380 3221 3473 3290 qui
3503 3222 3686 3292 primo
3711 3238 3824 3278 car-

539 3315 706 3386 pedes
730 3329 918 3370 eorum
947 3315 1175 3381 cecidit,
1224 3323 1280 3369 et
1309 3315 1487 3385 lingua
1516 3330 1611 3370 sua
1635 3315 1800 3386 pedes
1829 3324 2127 3388 martyrum

541 3407 746 3478 lingere
777 3409 960 3480 carpit.
985 3407 1065 3463 Ad
1097 3407 1341 3463 ultimum
1378 3410 1552 3466 victus
1572 3405 1669 3479 per
1695 3410 1874 3464 omnia
1903 3411 2126 3468 sacrile-

542 3515 642 3572 gus
668 3499 978 3570 imperator,
1017 3498 1177 3554 simul
1212 3507 1266 3554 et
1305 3500 1493 3555 videns
1523 3500 1917 3555 multitudinem
1948 3501 2128 3572 populi

542 3589 805 3645 miraculo
828 3589 1154 3661 perculsam,
1181 3589 1248 3644 ad
1278 3589 1550 3646 Christum
1577 3607 1762 3646 verum
1795 3591 1964 3647 Deum
1994 3609 2126 3649 con-

541 3697 776 3748 versam,
812 3691 1074 3738 catastam
1109 3683 1287 3752 parari
1311 3683 1494 3754 jussit,
1529 3691 1583 3737 et
1606 3697 1794 3738 servos
1819 3682 1914 3738 Dei
1945 3698 2128 3753 super-

539 3773 779 3828 extendi.
816 3773 1060 3844 Cumque
1094 3773 1428 3830 caederentur
1453 3783 1722 3844 martyres
1744 3773 1862 3838 Dei,
1893 3789 2127 3844 ossaque

543 3862 995 3929 discinderentur,
1030 3865 1328 3920 tonitruum
1365 3879 1618 3935 magnum
1656 3864 1858 3918 factum
1888 3873 2003 3931 est,
2036 3881 2122 3922 co-

541 3957 899 4021 ruscationes,
926 3965 1087 4026 atque
1108 3965 1215 4010 tam
1241 3970 1465 4026 magnus
1493 3965 1652 4010 terrae
1679 3964 1880 4022 motus,
1903 3966 1959 4011 ut
1994 3966 2128 4012 tern-

541 4047 627 4120 pla
660 4049 883 4104 deorum
911 4057 1250 4115 corruerent,
1278 4058 1332 4104 et
1362 4048 1560 4104 mullos
1591 4050 1978 4120 opprimerent.
2003 4050 2126 4106 Flo-

543 4141 715 4195 rentia
751 4155 878 4195 vero
909 4140 1105 4196 femina
1140 4141 1525 4208 illustrissima,
1550 4158 1779 4213 corpora
1809 4126 2126 4200 sanctorum

543 4232 788 4304 collegit,
829 4241 884 4289 et
917 4233 972 4287 in
1006 4232 1160 4300 loco,
1203 4234 1296 4304 qui
1335 4233 1534 4290 dicitur
1567 4233 1871 4301 Marianus,
1910 4236 2126 4292 condita

544 4325 878 4382 aromatibus
912 4327 1178 4398 sepelivit.

614 4422 810 4477 Eodem
839 4422 926 4477 die
952 4421 1093 4492 apud
1124 4421 1358 4477 Maesram
1391 4429 1610 4477 cmtate
1635 4422 1955 4488 Dorostoro,
2001 4437 2128 4478 san-

542 4516 614 4570 cti
647 4515 865 4586 Esychii
898 4514 1169 4581 militaris,
1215 4515 1306 4584 qui
1344 4531 1468 4570 cum
1516 4517 1677 4570 beato
1702 4512 1844 4570 Julio
1875 4530 2124 4586 compre-

544 4605 767 4669 hensus,
818 4604 918 4659 sub
961 4605 1188 4674 praeside
1221 4594 1571 4672 Maximiano,
1620 4613 1810 4675 postea
1856 4605 2124 4678 martyrio

544 4702 835 4749 coronatus
859 4702 944 4750 εει

911 4805 973 4861 F.
1013 4805 1132 4862 XVI
1167 4806 1531 4864 KALENDAS
1569 4805 1757 4865 JULII.

1320 4902 1393 4956 Ju
1438 4943 1452 4956 .

616 4991 772 5065 Apud
810 4902 1439 5058 Antioclnamfifatali:
1470 4903 1788 5050 )sanctorum
1829 5005 2128 5069 martyrum

547 5083 726 5157 Cyrici
769 5093 823 5139 et
861 5081 1059 5138 Julittaa
1097 5084 1288 5138 matris
1337 5085 1486 5155 ejus,
1527 5101 1756 5155 quorum
1805 5087 1955 5157 prior
2011 5097 2135 5158 post

546 5185 662 5240 dira
697 5183 919 5240 verbera
948 5184 1113 5239 etiam
1136 5183 1360 5239 calicem
1382 5199 1505 5238 cum
1532 5192 1688 5239 aceto
1707 5191 1762 5239 et
1787 5185 1962 5255 sinapi
1986 5185 2040 5240 in
2070 5200 2132 5241 os

618 5308 642 5335 ο
685 5294 918 5350 Catomis
960 5294 1111 5348 credi.
1162 5292 1307 5348 Inl‘ra
1351 5309 1486 5348 xvm
1537 5292 1890 5358 Novembris,
1928 5304 2131 5348 catomo

546 5365 814 5436 suspendi.
844 5365 1123 5436 Existimo
1147 5375 1364 5419 catomis
1392 5375 1463 5436 iet
1505 5375 1710 5419 calamo
1751 5364 2132 5436 adverbialiter

547 5435 826 5507 usurpata.
871 5435 1015 5491 Nihil
1042 5435 1186 5490 enim
1229 5445 1311 5491 est
1357 5435 1499 5507 aliud
1543 5435 2002 5507 quamgsuspendi
2047 5435 2128 5490 vel

547 5505 883 5577 caedi—capite
908 5507 1157 5562 deorsum
1186 5525 1198 5561 :
1234 5507 1376 5576 quod
1403 5506 1564 5561 ﬁebat
1589 5505 1824 5577 maxime
1848 5505 1900 5558 in
1925 5507 2128 5577 pueris,

549 5594 674 5633 cum
701 5576 1022 5633 ex'alterius
1051 5577 1314 5642 humeris,
1359 5577 1648 5647 erectisin
1695 5576 1861 5630 altum
1905 5576 2130 5647 pedibus

551 5650 1014 5718 suspendebantur
1038 5667 1049 5702 :
1081 5649 1225 5719 quod
1249 5658 1304 5702 et
1324 5649 1455 5704 viris
1483 5657 1536 5702 et
1565 5645 1778 5719 feminis
1809 5645 2131 5719 quandoque

553 5717 858 5792 ignominia:
889 5736 1049 5775 causa
1081 5717 1315 5792 factum.
1345 5719 1478 5792 Acta
1530 5719 1587 5774 S.
1624 5717 1775 5792 Αἰνῶ
1803 5717 1835 5771 v
1862 5721 2007 5792 A_ug.i
2029 5717 2132 5773 Ca-

551 5790 705 5847 tbmis
754 5792 949 5845 nudam
982 5804 1028 5846 te
1064 5792 1196 5846 σα»άὲ
1231 5790 1442 5861 jubebo,
1493 5791 1634 5860 quod
1682 5791 1856 5858 inepte
1890 5790 2131 5855 Scaliger

2151 4567 2206 4629 D

2231 3325 2408 3365 ccrem
2437 3327 2536 3383 pro
2566 3312 2668 3366 ﬁde
2725 3313 2893 3382 passi,
2941 3315 3278 3382 postmodum
3328 3330 3358 3368 a
3408 3314 3643 3371 Fabiano
3677 3317 3820 3370 duce

2231 3403 2384 3468 tenti,
2417 3405 2484 3458 ad
2523 3404 2761 3474 stipitem
2803 3404 2984 3476 ligati,
3039 3406 3094 3460 in
3139 3407 3364 3476 pedibus
3411 3406 3588 3462 clavos
3624 3416 3822 3461 acutos

2230 3505 2576 3566 acceperunt.
2605 3496 2811 3564 Quibus
2834 3513 2954 3552 cum
2988 3499 3192 3554 diceret
3223 3500 3448 3555 insanus
3474 3499 3649 3554 Iudex
3693 3519 3710 3554 :
3742 3499 3818 3554 lu-

2229 3586 2412 3643 l‘elices
2429 3603 2492 3642 ac
2521 3589 2727 3655 miseri,
2751 3591 3001 3661 deponite
3025 3593 3336 3658 amentiam,
3364 3601 3420 3647 et
3446 3593 3684 3648 liberate
3709 3609 3820 3648 vos-

2229 3679 2488 3749 metipsos
2509 3696 2538 3734 a
2563 3681 2892 3738 cruciatibus
2913 3683 3348 3753 imminentibus,
3387 3686 3815 3756 responderunt:

2229 3767 2513 3840 Nunquam
2545 3780 2654 3826 tam
2704 3773 2839 3828 bene
2889 3774 3090 3844 epulati
3118 3792 3325 3843 sumus,
3353 3778 3511 3832 modo
3553 3780 3822 3847 C(Bpimus

2227 3877 2348 3920 esse
2377 3863 2469 3918 ﬁxi
2495 3864 2549 3920 in
2571 3880 2755 3921 amore
2781 3865 2979 3922 Christi
3009 3885 3022 3921 :
3057 3869 3262 3923 utinam
3289 3883 3386 3924 nos
3411 3869 3489 3924 sic
3511 3883 3662 3933 esse,
3691 3872 3822 3924 sicut

2228 3975 2433 4025 sumus,
2484 3959 2671 4013 tandiu
2715 3960 3016 4029 permittas,
3071 3961 3308 4030 quandiu
3365 3959 3521 4031 hujus
3571 3963 3817 4031 regimur

2227 4055 2469 4127 corporis
2504 4056 2842 4112 indumento.
2895 4057 3137 4128 Cumque
3166 4058 3450 4112 transisset
3471 4072 3577 4112 una
3630 4059 3756 4113 dies
3778 4067 3824 4109 et

2227 4163 2333 4202 una
2363 4162 2488 4211 nox,
2517 4156 2572 4202 et
2602 4147 2676 4202 illi
2705 4149 2756 4203 in
2788 4148 3010 4218 psalmis
3040 4158 3095 4203 et
3119 4149 3334 4221 hymnis
3361 4149 3646 4204 laudantes
3679 4149 3823 4206 Chri-

2227 4247 2369 4294 stum
2396 4248 2812 4310 perseverarent
2834 4239 3035 4296 lanceis
3064 4255 3160 4310 per
3194 4241 3363 4296 latera
3401 4241 3683 4305 transﬁxi,
3712 4258 3819 4296 cum

2226 4331 2402 4404 gloria
2431 4331 2676 4403 martyrii
2707 4331 2774 4385 ad
2805 4331 2983 4387 sidera
3009 4347 3172 4404 regna
3205 4333 3591 4403 migraverunt.

2632 4447 2692 4502 Β.
2735 4445 2850 4502 XIII
2885 4447 3180 4504 KALEND.
3221 4447 3411 4506 JULII.

2886 4539 2986 4611 (19
3023 4539 3180 4614 ιαηδ

2302 4635 2606 4702 Mediolani,
2635 4635 2830 4692 natalis
2857 4643 3168 4692 sanctorum
3221 4635 3464 4693 Gcrvasii
3491 4647 3549 4693 et
3591 4636 3814 4695 Protasii

2235 4739 2554 4802 martyrum.
2587 4727 2688 4796 Qui
2711 4728 3010 4784 beatissimi
3040 4743 3162 4784 cum
3189 4743 3288 4798 per
3317 4728 3505 4785 decem
3552 4744 3728 4785 annos
3770 4729 3815 4782 in

2235 4835 2346 4876 uno
2403 4819 2684 4876 caenaculo
2734 4819 2978 4875 conclusi
3026 4819 3346 4876 lectionibus
3396 4830 3452 4875 et
3488 4821 3818 4876 orationibus

2237 4921 2398 4983 atque
2410 4912 2631 4983 jejuniis
2656 4922 2960 4976 vacassent,
2987 4912 3272 4968 undecimo
3301 4914 3368 4968 ad
3398 4903 3638 4983 palmam
3681 4929 3814 4968 mar-

2237 5005 2364 5075 tyrii
2396 5012 2780 5074 pervenerunt.
2809 5003 2966 5059 Tenti
2997 5003 3066 5059 ab
3090 5003 3305 5059 Astasio
3352 5004 3575 5070 comite,
3599 5006 3693 5075 qui
3717 5003 3813 5075 pri-

2234 5111 2382 5151 mum
2411 5104 2519 5150 tam
2569 5095 2656 5149 diu
2701 5092 2868 5162 jussit
2894 5093 3184 5174 plumbatis
3229 5095 3512 5161 contundi,
3543 5110 3706 5165 quam
3730 5094 3811 5147 diu

2235 5187 2513 5244 exhalaret
2561 5185 2843 5256 spiritum;
2878 5194 3192 5260 sequentem
3245 5199 3394 5252 vero,
3433 5185 3485 5241 id
3506 5195 3591 5242 est
3633 5185 3810 5241 Prota-

2236 5300 2302 5356 ad
2329 5298 2532 5354 Manilii
2553 5297 2748 5352 librum
2778 5313 2813 5350 v
2841 5297 3247 5368 interpretatur,
3270 5297 3532 5368 nudatam,
3546 5298 3605 5368 in
3631 5295 3810 5368 cantica

2235 5370 2518 5442 plumbatis
2567 5368 2717 5424 caedi.
2761 5368 2943 5423 Victor
2986 5365 3163 5442 lib._t_
3199 5365 3448 5422 Persecut
3516 5365 3807 5442 Wandala

2239 5437 2258 5493 ἆ
2311 5440 2554 5508 Quodam
2603 5450 2846 5510 tempore
2894 5438 3252 5510 venerabilem
3286 5453 3471 5493 senem
3520 5439 3577 5510 in
3608 5437 3809 5507 publica

2232 5511 2373 5568 l’acie
2419 5512 2647 5567 catomis
2687 5509 3032 5565 cieciderunt.
3077 5531 3095 5561 ›
3129 5509 3406 5579 Aristoph.
3459 5510 3511 5563 in
3564 5509 3715 5564 [rene
3761 5514 3809 5560 et

2232 5582 2473 5658 l_\cha_rn.
2499 5583 3006 5658 όίεἰιυιολεατωκὰρα.
3035 5580 3235 5652 Ioseph
3262 5579 3353 5635 lib.
3381 5595 3434 5644 ν,
3465 5596 3514 5635 c.
3546 5581 3612 5634 10
3635 5580 3806 5646 Antiq.

2237 5651 2444 5708 Judaic.
2488 5652 2794 5710 κατομαδόν.

2318 5725 2346 5764 δ
2384 5725 2458 5779 De
2493 5725 2576 5779 his
2611 5723 2848 5794 ingestis
2875 5728 3046 5781 sancti
3067 5725 3370 5782 Sebastiani
3399 5724 3470 5778 20
3495 5723 3636 5776 1mm
