  <div class='ocr_page' id='page_1' title='image "/cluster/home/n/w/nwhite01/storage/ocr_20150623/123/hvd.32044011218062/162.png"; bbox 0 0 3962 6366; ppageno 0'>
   <div class='ocr_carea' id='block_1_1' title="bbox 33 383 159 438">
    <p class='ocr_par' dir='ltr' id='par_1_1' title="bbox 33 383 159 438">
     <span class='ocr_line' id='line_1_1' title="bbox 33 383 159 438; baseline 0.008 -1"><span class='ocrx_word' id='word_1_1' title='bbox 33 383 159 438; x_wconf 67' lang='grc' dir='ltr'><strong>Ξὸὶ)</strong></span> 
     </span>
    </p>
   </div>
   <div class='ocr_carea' id='block_1_2' title="bbox 36 489 1745 563">
    <p class='ocr_par' dir='ltr' id='par_1_2' title="bbox 36 489 1745 563">
     <span class='ocr_line' id='line_1_2' title="bbox 36 489 1745 563; baseline -0.007 -10"><span class='ocrx_word' id='word_1_2' title='bbox 36 500 230 562; x_wconf 85' lang='lat' dir='ltr'><strong>sium,</strong></span> <span class='ocrx_word' id='word_1_3' title='bbox 265 495 499 552; x_wconf 88' lang='lat' dir='ltr'><strong>fustibus</strong></span> <span class='ocrx_word' id='word_1_4' title='bbox 527 509 723 550; x_wconf 84' lang='lat' dir='ltr'><strong>casum</strong></span> <span class='ocrx_word' id='word_1_5' title='bbox 755 493 933 563; x_wconf 99' lang='lat' dir='ltr'><strong>capite</strong></span> <span class='ocrx_word' id='word_1_6' title='bbox 963 491 1226 547; x_wconf 91' lang='lat' dir='ltr'><strong>truncari.</strong></span> <span class='ocrx_word' id='word_1_7' title='bbox 1275 489 1517 558; x_wconf 85' lang='lat' dir='ltr'><strong>Quorum</strong></span> <span class='ocrx_word' id='word_1_8' title='bbox 1543 502 1665 542; x_wconf 84' lang='lat' dir='ltr'><strong>cor-</strong></span> <span class='ocrx_word' id='word_1_9' title='bbox 1689 495 1745 552; x_wconf 73' lang='grc' dir='ltr'>Α</span> 
     </span>
    </p>
   </div>
   <div class='ocr_carea' id='block_1_3' title="bbox 36 581 1662 662">
    <p class='ocr_par' dir='ltr' id='par_1_3' title="bbox 36 581 1662 662">
     <span class='ocr_line' id='line_1_3' title="bbox 36 581 1662 662; baseline -0.004 -17"><span class='ocrx_word' id='word_1_10' title='bbox 36 605 190 662; x_wconf 82' lang='lat' dir='ltr'><strong>pora</strong></span> <span class='ocrx_word' id='word_1_11' title='bbox 224 587 506 658; x_wconf 87' lang='lat' dir='ltr'><strong>Philippus</strong></span> <span class='ocrx_word' id='word_1_12' title='bbox 533 586 616 639; x_wconf 94' lang='lat' dir='ltr'><strong>vir</strong></span> <span class='ocrx_word' id='word_1_13' title='bbox 644 584 930 654; x_wconf 88' lang='lat' dir='ltr'><strong>religiosus</strong></span> <span class='ocrx_word' id='word_1_14' title='bbox 950 599 1056 637; x_wconf 90' lang='lat' dir='ltr'><strong>una</strong></span> <span class='ocrx_word' id='word_1_15' title='bbox 1071 598 1192 638; x_wconf 91' lang='lat' dir='ltr'><strong>cum</strong></span> <span class='ocrx_word' id='word_1_16' title='bbox 1217 581 1327 637; x_wconf 90' lang='lat' dir='ltr'><strong>tilio</strong></span> <span class='ocrx_word' id='word_1_17' title='bbox 1349 597 1449 638; x_wconf 93' lang='lat' dir='ltr'><strong>suo</strong></span> <span class='ocrx_word' id='word_1_18' title='bbox 1475 581 1662 638; x_wconf 90' lang='lat' dir='ltr'><strong>furtim</strong></span> 
     </span>
    </p>
   </div>
   <div class='ocr_carea' id='block_1_4' title="bbox 39 677 1658 748">
    <p class='ocr_par' dir='ltr' id='par_1_4' title="bbox 39 677 1658 748">
     <span class='ocr_line' id='line_1_4' title="bbox 39 677 1658 748; baseline -0.006 -8"><span class='ocrx_word' id='word_1_19' title='bbox 39 686 401 747; x_wconf 64' lang='lat' dir='ltr'><strong>abstulit,at</strong></span> <span class='ocrx_word' id='word_1_20' title='bbox 421 683 474 738; x_wconf 92' lang='lat' dir='ltr'><strong>in</strong></span> <span class='ocrx_word' id='word_1_21' title='bbox 501 683 660 739; x_wconf 91' lang='lat' dir='ltr'><strong>domo</strong></span> <span class='ocrx_word' id='word_1_22' title='bbox 683 699 804 748; x_wconf 92' lang='lat' dir='ltr'><strong>sua,</strong></span> <span class='ocrx_word' id='word_1_23' title='bbox 829 683 884 738; x_wconf 92' lang='lat' dir='ltr'><strong>in</strong></span> <span class='ocrx_word' id='word_1_24' title='bbox 912 697 1040 738; x_wconf 90' lang='lat' dir='ltr'><strong>arca</strong></span> <span class='ocrx_word' id='word_1_25' title='bbox 1062 696 1367 737; x_wconf 87' lang='lat' dir='ltr'><strong>marmorea</strong></span> <span class='ocrx_word' id='word_1_26' title='bbox 1394 677 1658 748; x_wconf 91' lang='lat' dir='ltr'><strong>sepelivit.</strong></span> 
     </span>
    </p>
   </div>
   <div class='ocr_carea' id='block_1_5' title="bbox 43 769 1663 848">
    <p class='ocr_par' dir='ltr' id='par_1_5' title="bbox 43 769 1663 848">
     <span class='ocr_line' id='line_1_5' title="bbox 43 769 1663 848; baseline -0.006 -14"><span class='ocrx_word' id='word_1_27' title='bbox 43 779 314 846; x_wconf 86' lang='lat' dir='ltr'><strong>Quorum</strong></span> <span class='ocrx_word' id='word_1_28' title='bbox 371 777 618 848; x_wconf 90' lang='lat' dir='ltr'><strong>sepulcra</strong></span> <span class='ocrx_word' id='word_1_29' title='bbox 667 775 834 831; x_wconf 91' lang='lat' dir='ltr'><strong>multo</strong></span> <span class='ocrx_word' id='word_1_30' title='bbox 893 783 1014 845; x_wconf 92' lang='lat' dir='ltr'><strong>post</strong></span> <span class='ocrx_word' id='word_1_31' title='bbox 1063 783 1306 846; x_wconf 91' lang='lat' dir='ltr'><strong>tempore</strong></span> <span class='ocrx_word' id='word_1_32' title='bbox 1355 769 1663 828; x_wconf 88' lang='lat' dir='ltr'><strong>Theodosio</strong></span> 
     </span>
    </p>
   </div>
   <div class='ocr_carea' id='block_1_6' title="bbox 46 863 1664 942">
    <p class='ocr_par' dir='ltr' id='par_1_6' title="bbox 46 863 1664 942">
     <span class='ocr_line' id='line_1_6' title="bbox 46 863 1664 942; baseline -0.005 -16"><span class='ocrx_word' id='word_1_33' title='bbox 46 874 400 942; x_wconf 71' lang='lat' dir='ltr'><strong>imperante,</strong></span> <span class='ocrx_word' id='word_1_34' title='bbox 431 868 660 926; x_wconf 82' lang='lat' dir='ltr'><strong>Domino</strong></span> <span class='ocrx_word' id='word_1_35' title='bbox 688 866 984 933; x_wconf 89' lang='lat' dir='ltr'><strong>revelante,</strong></span> <span class='ocrx_word' id='word_1_36' title='bbox 1009 867 1200 922; x_wconf 90' lang='lat' dir='ltr'><strong>beatus</strong></span> <span class='ocrx_word' id='word_1_37' title='bbox 1229 863 1545 920; x_wconf 81' lang='lat' dir='ltr'><strong>Ambrosius</strong></span> <span class='ocrx_word' id='word_1_38' title='bbox 1571 878 1664 918; x_wconf 86' lang='lat' dir='ltr'><strong>re—</strong></span> 
     </span>
    </p>
   </div>
   <div class='ocr_carea' id='block_1_7' title="bbox 46 957 1664 1033">
    <p class='ocr_par' dir='ltr' id='par_1_7' title="bbox 46 957 1664 1033">
     <span class='ocr_line' id='line_1_7' title="bbox 46 957 1664 1033; baseline -0.004 -16"><span class='ocrx_word' id='word_1_39' title='bbox 46 963 234 1033; x_wconf 89' lang='lat' dir='ltr'><strong>perit.</strong></span> <span class='ocrx_word' id='word_1_40' title='bbox 267 963 334 1016; x_wconf 87' lang='lat' dir='ltr'><strong>Et</strong></span> <span class='ocrx_word' id='word_1_41' title='bbox 358 962 432 1016; x_wconf 93' lang='lat' dir='ltr'><strong>ita</strong></span> <span class='ocrx_word' id='word_1_42' title='bbox 461 961 774 1030; x_wconf 86' lang='lat' dir='ltr'><strong>incorrupta</strong></span> <span class='ocrx_word' id='word_1_43' title='bbox 805 975 994 1015; x_wconf 90' lang='lat' dir='ltr'><strong>eorum</strong></span> <span class='ocrx_word' id='word_1_44' title='bbox 1019 974 1270 1030; x_wconf 89' lang='lat' dir='ltr'><strong>corpora,</strong></span> <span class='ocrx_word' id='word_1_45' title='bbox 1299 974 1364 1014; x_wconf 91' lang='lat' dir='ltr'><strong>ac</strong></span> <span class='ocrx_word' id='word_1_46' title='bbox 1396 959 1441 1014; x_wconf 86' lang='lat' dir='ltr'><strong>si</strong></span> <span class='ocrx_word' id='word_1_47' title='bbox 1472 957 1664 1013; x_wconf 91' lang='lat' dir='ltr'><strong>eodem</strong></span> 
     </span>
    </p>
   </div>
   <div class='ocr_carea' id='block_1_8' title="bbox 54 1050 1663 1125">
    <p class='ocr_par' dir='ltr' id='par_1_8' title="bbox 54 1050 1663 1125">
     <span class='ocr_line' id='line_1_8' title="bbox 54 1050 1663 1125; baseline -0.002 -17"><span class='ocrx_word' id='word_1_48' title='bbox 54 1055 150 1109; x_wconf 91' lang='lat' dir='ltr'><strong>die</strong></span> <span class='ocrx_word' id='word_1_49' title='bbox 175 1064 457 1125; x_wconf 84' lang='lat' dir='ltr'><strong>martyres</strong></span> <span class='ocrx_word' id='word_1_50' title='bbox 479 1051 706 1108; x_wconf 80' lang='lat' dir='ltr'><strong>fuissent</strong></span> <span class='ocrx_word' id='word_1_51' title='bbox 736 1050 1213 1122; x_wconf 47' lang='lat' dir='ltr'><strong>interempti..Qua</strong></span> <span class='ocrx_word' id='word_1_52' title='bbox 1236 1066 1358 1105; x_wconf 93' lang='lat' dir='ltr'><strong>cum</strong></span> <span class='ocrx_word' id='word_1_53' title='bbox 1390 1051 1445 1105; x_wconf 94' lang='lat' dir='ltr'><strong>in</strong></span> <span class='ocrx_word' id='word_1_54' title='bbox 1473 1051 1663 1105; x_wconf 86' lang='lat' dir='ltr'><strong>urbem</strong></span> 
     </span>
    </p>
   </div>
   <div class='ocr_carea' id='block_1_9' title="bbox 55 1140 1666 1213">
    <p class='ocr_par' dir='ltr' id='par_1_9' title="bbox 55 1140 1666 1213">
     <span class='ocr_line' id='line_1_9' title="bbox 55 1140 1666 1213; baseline -0.003 -13"><span class='ocrx_word' id='word_1_55' title='bbox 55 1145 567 1210; x_wconf 87' lang='lat' dir='ltr'><strong>introducereutur,</strong></span> <span class='ocrx_word' id='word_1_56' title='bbox 594 1143 814 1213; x_wconf 91' lang='lat' dir='ltr'><strong>quidam</strong></span> <span class='ocrx_word' id='word_1_57' title='bbox 840 1142 932 1198; x_wconf 91' lang='lat' dir='ltr'><strong>diu</strong></span> <span class='ocrx_word' id='word_1_58' title='bbox 973 1158 1152 1199; x_wconf 85' lang='lat' dir='ltr'><strong>cacus</strong></span> <span class='ocrx_word' id='word_1_59' title='bbox 1193 1141 1379 1198; x_wconf 83' lang='lat' dir='ltr'><strong>feretri</strong></span> <span class='ocrx_word' id='word_1_60' title='bbox 1410 1149 1552 1196; x_wconf 90' lang='lat' dir='ltr'><strong>tactu</strong></span> <span class='ocrx_word' id='word_1_61' title='bbox 1589 1140 1666 1195; x_wconf 86' lang='lat' dir='ltr'><strong>lu-</strong></span> 
     </span>
    </p>
   </div>
   <div class='ocr_carea' id='block_1_10' title="bbox 58 1237 452 1306">
    <p class='ocr_par' dir='ltr' id='par_1_10' title="bbox 58 1237 452 1306">
     <span class='ocr_line' id='line_1_10' title="bbox 58 1237 452 1306; baseline -0.008 -14"><span class='ocrx_word' id='word_1_62' title='bbox 58 1252 198 1292; x_wconf 86' lang='lat' dir='ltr'><strong>men</strong></span> <span class='ocrx_word' id='word_1_63' title='bbox 227 1237 452 1306; x_wconf 85' lang='lat' dir='ltr'><strong>recepit.</strong></span> 
     </span>
    </p>
   </div>
   <div class='ocr_carea' id='block_1_11' title="bbox 135 1323 1665 1398">
    <p class='ocr_par' dir='ltr' id='par_1_11' title="bbox 135 1323 1665 1398">
     <span class='ocr_line' id='line_1_11' title="bbox 135 1323 1665 1398; baseline -0.001 -16"><span class='ocrx_word' id='word_1_64' title='bbox 135 1327 300 1398; x_wconf 80' lang='lat' dir='ltr'><strong>Apud</strong></span> <span class='ocrx_word' id='word_1_65' title='bbox 313 1327 647 1391; x_wconf 82' lang='lat' dir='ltr'><strong>Ravennam,</strong></span> <span class='ocrx_word' id='word_1_66' title='bbox 664 1325 838 1382; x_wconf 86' lang='lat' dir='ltr'><strong>sancti</strong></span> <span class='ocrx_word' id='word_1_67' title='bbox 862 1325 1096 1382; x_wconf 89' lang='lat' dir='ltr'><strong>Ursicini</strong></span> <span class='ocrx_word' id='word_1_68' title='bbox 1115 1324 1370 1396; x_wconf 85' lang='lat' dir='ltr'><strong>martyris</strong></span> <span class='ocrx_word' id='word_1_69' title='bbox 1385 1337 1434 1389; x_wconf 75' lang='grc' dir='ltr'><strong>ει,</strong></span> <span class='ocrx_word' id='word_1_70' title='bbox 1451 1324 1542 1394; x_wconf 90' lang='lat' dir='ltr'><strong>qui</strong></span> <span class='ocrx_word' id='word_1_71' title='bbox 1565 1323 1665 1380; x_wconf 87' lang='lat' dir='ltr'><strong>sub</strong></span> 
     </span>
    </p>
   </div>
   <div class='ocr_carea' id='block_1_12' title="bbox 57 1416 1667 1488">
    <p class='ocr_par' dir='ltr' id='par_1_12' title="bbox 57 1416 1667 1488">
     <span class='ocr_line' id='line_1_12' title="bbox 57 1416 1667 1488; baseline 0 -16"><span class='ocrx_word' id='word_1_72' title='bbox 57 1416 250 1486; x_wconf 86' lang='lat' dir='ltr'><strong>judice</strong></span> <span class='ocrx_word' id='word_1_73' title='bbox 298 1416 525 1472; x_wconf 89' lang='lat' dir='ltr'><strong>Paulino</strong></span> <span class='ocrx_word' id='word_1_74' title='bbox 551 1424 674 1488; x_wconf 92' lang='lat' dir='ltr'><strong>post</strong></span> <span class='ocrx_word' id='word_1_75' title='bbox 724 1417 890 1472; x_wconf 90' lang='lat' dir='ltr'><strong>nimia</strong></span> <span class='ocrx_word' id='word_1_76' title='bbox 917 1424 1186 1472; x_wconf 87' lang='lat' dir='ltr'><strong>tormenta</strong></span> <span class='ocrx_word' id='word_1_77' title='bbox 1230 1416 1281 1470; x_wconf 91' lang='lat' dir='ltr'><strong>in</strong></span> <span class='ocrx_word' id='word_1_78' title='bbox 1326 1416 1667 1472; x_wconf 85' lang='lat' dir='ltr'><strong>confessione</strong></span> 
     </span>
    </p>
   </div>
   <div class='ocr_carea' id='block_1_13' title="bbox 65 1505 1668 1577">
    <p class='ocr_par' dir='ltr' id='par_1_13' title="bbox 65 1505 1668 1577">
     <span class='ocr_line' id='line_1_13' title="bbox 65 1505 1668 1577; baseline 0 -17"><span class='ocrx_word' id='word_1_79' title='bbox 65 1507 291 1562; x_wconf 89' lang='lat' dir='ltr'><strong>Domini</strong></span> <span class='ocrx_word' id='word_1_80' title='bbox 315 1506 608 1563; x_wconf 85' lang='lat' dir='ltr'><strong>immobilis</strong></span> <span class='ocrx_word' id='word_1_81' title='bbox 630 1522 976 1576; x_wconf 90' lang='lat' dir='ltr'><strong>permanens,</strong></span> <span class='ocrx_word' id='word_1_82' title='bbox 992 1506 1182 1577; x_wconf 81' lang='lat' dir='ltr'><strong>capitis</strong></span> <span class='ocrx_word' id='word_1_83' title='bbox 1197 1505 1498 1562; x_wconf 83' lang='lat' dir='ltr'><strong>abscisione</strong></span> <span class='ocrx_word' id='word_1_84' title='bbox 1523 1521 1668 1560; x_wconf 90' lang='lat' dir='ltr'><strong>mar-</strong></span> 
     </span>
    </p>
   </div>
   <div class='ocr_carea' id='block_1_14' title="bbox 68 1596 1668 1669">
    <p class='ocr_par' dir='ltr' id='par_1_14' title="bbox 68 1596 1668 1669">
     <span class='ocr_line' id='line_1_14' title="bbox 68 1596 1668 1669; baseline 0.001 -19"><span class='ocrx_word' id='word_1_85' title='bbox 68 1598 278 1669; x_wconf 82' lang='lat' dir='ltr'><strong>tyrium</strong></span> <span class='ocrx_word' id='word_1_86' title='bbox 307 1607 720 1652; x_wconf 80' lang='lat' dir='ltr'><strong>consummavit.</strong></span> <span class='ocrx_word' id='word_1_87' title='bbox 748 1596 1108 1668; x_wconf 89' lang='lat' dir='ltr'><strong>Sepultusque</strong></span> <span class='ocrx_word' id='word_1_88' title='bbox 1125 1605 1210 1652; x_wconf 90' lang='lat' dir='ltr'><strong>est</strong></span> <span class='ocrx_word' id='word_1_89' title='bbox 1243 1597 1298 1652; x_wconf 94' lang='lat' dir='ltr'><strong>in</strong></span> <span class='ocrx_word' id='word_1_90' title='bbox 1323 1597 1510 1652; x_wconf 85' lang='lat' dir='ltr'><strong>eadem</strong></span> <span class='ocrx_word' id='word_1_91' title='bbox 1534 1598 1668 1652; x_wconf 90' lang='lat' dir='ltr'><strong>urbe</strong></span> 
     </span>
    </p>
   </div>
   <div class='ocr_carea' id='block_1_15' title="bbox 68 1687 1660 1760">
    <p class='ocr_par' dir='ltr' id='par_1_15' title="bbox 68 1687 1660 1760">
     <span class='ocr_line' id='line_1_15' title="bbox 68 1687 1660 1760; baseline 0.001 -17"><span class='ocrx_word' id='word_1_92' title='bbox 68 1705 102 1743; x_wconf 94' lang='lat' dir='ltr'><strong>a</strong></span> <span class='ocrx_word' id='word_1_93' title='bbox 132 1690 300 1746; x_wconf 89' lang='lat' dir='ltr'><strong>beato</strong></span> <span class='ocrx_word' id='word_1_94' title='bbox 321 1687 497 1745; x_wconf 78' lang='lat' dir='ltr'><strong>Vitale</strong></span> <span class='ocrx_word' id='word_1_95' title='bbox 533 1698 688 1760; x_wconf 89' lang='lat' dir='ltr'><strong>patre</strong></span> <span class='ocrx_word' id='word_1_96' title='bbox 711 1699 1023 1744; x_wconf 88' lang='lat' dir='ltr'><strong>sanctorum</strong></span> <span class='ocrx_word' id='word_1_97' title='bbox 1043 1688 1293 1745; x_wconf 87' lang='lat' dir='ltr'><strong>Gervasii</strong></span> <span class='ocrx_word' id='word_1_98' title='bbox 1318 1703 1380 1744; x_wconf 89' lang='lat' dir='ltr'><strong>ac</strong></span> <span class='ocrx_word' id='word_1_99' title='bbox 1402 1688 1660 1744; x_wconf 90' lang='lat' dir='ltr'><strong>Protasii.</strong></span> 
     </span>
    </p>
   </div>
   <div class='ocr_carea' id='block_1_16' title="bbox 509 1798 1269 1858">
    <p class='ocr_par' dir='ltr' id='par_1_16' title="bbox 509 1798 1269 1858">
     <span class='ocr_line' id='line_1_16' title="bbox 509 1798 1269 1858; baseline -0.003 -1"><span class='ocrx_word' id='word_1_100' title='bbox 509 1798 570 1857; x_wconf 77' lang='grc' dir='ltr'><strong>Ο.</strong></span> <span class='ocrx_word' id='word_1_101' title='bbox 613 1800 709 1856; x_wconf 62' lang='lat' dir='ltr'><strong>XII</strong></span> <span class='ocrx_word' id='word_1_102' title='bbox 743 1800 1039 1856; x_wconf 77' lang='lat' dir='ltr'><strong>KALEND.</strong></span> <span class='ocrx_word' id='word_1_103' title='bbox 1080 1800 1269 1858; x_wconf 88' lang='lat' dir='ltr'><strong>JULII.</strong></span> 
     </span>
    </p>
   </div>
   <div class='ocr_carea' id='block_1_17' title="bbox 728 1894 1022 1967">
    <p class='ocr_par' dir='ltr' id='par_1_17' title="bbox 728 1894 1022 1967">
     <span class='ocr_line' id='line_1_17' title="bbox 728 1894 1022 1967; baseline -0.01 -16"><span class='ocrx_word' id='word_1_104' title='bbox 728 1894 830 1965; x_wconf 64' lang='grc' dir='ltr'><strong>(ιο</strong></span> <span class='ocrx_word' id='word_1_105' title='bbox 866 1895 1022 1967; x_wconf 82' lang='lat' dir='ltr'><strong>Jun.)</strong></span> 
     </span>
    </p>
   </div>
   <div class='ocr_carea' id='block_1_18' title="bbox 150 1985 1667 2058">
    <p class='ocr_par' dir='ltr' id='par_1_18' title="bbox 150 1985 1667 2058">
     <span class='ocr_line' id='line_1_18' title="bbox 150 1985 1667 2058; baseline 0.004 -20"><span class='ocrx_word' id='word_1_106' title='bbox 150 1985 356 2050; x_wconf 81' lang='lat' dir='ltr'><strong>Roma,</strong></span> <span class='ocrx_word' id='word_1_107' title='bbox 380 1985 559 2040; x_wconf 83' lang='lat' dir='ltr'><strong>natale</strong></span> <span class='ocrx_word' id='word_1_108' title='bbox 588 1985 763 2041; x_wconf 87' lang='lat' dir='ltr'><strong>sancti</strong></span> <span class='ocrx_word' id='word_1_109' title='bbox 792 1985 1013 2042; x_wconf 87' lang='lat' dir='ltr'><strong>Novatis</strong></span> <span class='ocrx_word' id='word_1_110' title='bbox 1038 1985 1224 2044; x_wconf 81' lang='lat' dir='ltr'><strong>fratris</strong></span> <span class='ocrx_word' id='word_1_111' title='bbox 1244 1987 1512 2044; x_wconf 87' lang='lat' dir='ltr'><strong>Timothei</strong></span> <span class='ocrx_word' id='word_1_112' title='bbox 1538 2002 1667 2058; x_wconf 90' lang='lat' dir='ltr'><strong>pre-</strong></span> 
     </span>
    </p>
   </div>
   <div class='ocr_carea' id='block_1_19' title="bbox 80 2079 1669 2150">
    <p class='ocr_par' dir='ltr' id='par_1_19' title="bbox 80 2079 1669 2150">
     <span class='ocr_line' id='line_1_19' title="bbox 80 2079 1669 2150; baseline 0.003 -18"><span class='ocrx_word' id='word_1_113' title='bbox 80 2079 304 2150; x_wconf 90' lang='lat' dir='ltr'><strong>sbyteri,</strong></span> <span class='ocrx_word' id='word_1_114' title='bbox 341 2079 431 2148; x_wconf 90' lang='lat' dir='ltr'><strong>qui</strong></span> <span class='ocrx_word' id='word_1_115' title='bbox 480 2094 512 2133; x_wconf 86' lang='lat' dir='ltr'><strong>a</strong></span> <span class='ocrx_word' id='word_1_116' title='bbox 539 2079 715 2134; x_wconf 86' lang='lat' dir='ltr'><strong>beatis</strong></span> <span class='ocrx_word' id='word_1_117' title='bbox 757 2079 1014 2149; x_wconf 88' lang='lat' dir='ltr'><strong>apostolis</strong></span> <span class='ocrx_word' id='word_1_118' title='bbox 1034 2080 1232 2136; x_wconf 88' lang='lat' dir='ltr'><strong>eruditi</strong></span> <span class='ocrx_word' id='word_1_119' title='bbox 1259 2088 1403 2136; x_wconf 90' lang='lat' dir='ltr'><strong>sunt.</strong></span> <span class='ocrx_word' id='word_1_120' title='bbox 1443 2079 1520 2134; x_wconf 89' lang='lat' dir='ltr'><strong>De</strong></span> <span class='ocrx_word' id='word_1_121' title='bbox 1561 2095 1669 2150; x_wconf 92' lang='lat' dir='ltr'><strong>quo</strong></span> 
     </span>
    </p>
   </div>
   <div class='ocr_carea' id='block_1_20' title="bbox 79 2168 1670 2244">
    <p class='ocr_par' dir='ltr' id='par_1_20' title="bbox 79 2168 1670 2244">
     <span class='ocr_line' id='line_1_20' title="bbox 79 2168 1670 2244; baseline 0.004 -21"><span class='ocrx_word' id='word_1_122' title='bbox 79 2168 288 2226; x_wconf 78' lang='lat' dir='ltr'><strong>Novato</strong></span> <span class='ocrx_word' id='word_1_123' title='bbox 314 2171 505 2227; x_wconf 88' lang='lat' dir='ltr'><strong>scribit</strong></span> <span class='ocrx_word' id='word_1_124' title='bbox 527 2169 722 2227; x_wconf 90' lang='lat' dir='ltr'><strong>Pastor</strong></span> <span class='ocrx_word' id='word_1_125' title='bbox 751 2171 804 2226; x_wconf 91' lang='lat' dir='ltr'><strong>in</strong></span> <span class='ocrx_word' id='word_1_126' title='bbox 826 2173 994 2244; x_wconf 90' lang='lat' dir='ltr'><strong>gestis</strong></span> <span class='ocrx_word' id='word_1_127' title='bbox 1013 2171 1360 2229; x_wconf 72' lang='lat' dir='ltr'><strong>Pudentianze</strong></span> <span class='ocrx_word' id='word_1_128' title='bbox 1389 2182 1445 2228; x_wconf 92' lang='lat' dir='ltr'><strong>et</strong></span> <span class='ocrx_word' id='word_1_129' title='bbox 1467 2172 1670 2229; x_wconf 89' lang='lat' dir='ltr'><strong>Praxe-</strong></span> 
     </span>
    </p>
   </div>
   <div class='ocr_carea' id='block_1_21' title="bbox 77 2262 1668 2336">
    <p class='ocr_par' dir='ltr' id='par_1_21' title="bbox 77 2262 1668 2336">
     <span class='ocr_line' id='line_1_21' title="bbox 77 2262 1668 2336; baseline 0.001 -19"><span class='ocrx_word' id='word_1_130' title='bbox 77 2262 163 2317; x_wconf 90' lang='lat' dir='ltr'><strong>dis</strong></span> <span class='ocrx_word' id='word_1_131' title='bbox 213 2263 483 2336; x_wconf 74' lang='lat' dir='ltr'><strong>virginum</strong></span> <span class='ocrx_word' id='word_1_132' title='bbox 529 2264 596 2318; x_wconf 91' lang='lat' dir='ltr'><strong>ad</strong></span> <span class='ocrx_word' id='word_1_133' title='bbox 625 2263 942 2334; x_wconf 83' lang='lat' dir='ltr'><strong>pradictum</strong></span> <span class='ocrx_word' id='word_1_134' title='bbox 973 2263 1316 2320; x_wconf 89' lang='lat' dir='ltr'><strong>Timotheum</strong></span> <span class='ocrx_word' id='word_1_135' title='bbox 1347 2279 1668 2335; x_wconf 91' lang='lat' dir='ltr'><strong>germanum</strong></span> 
     </span>
    </p>
   </div>
   <div class='ocr_carea' id='block_1_22' title="bbox 77 2353 1665 2425">
    <p class='ocr_par' dir='ltr' id='par_1_22' title="bbox 77 2353 1665 2425">
     <span class='ocr_line' id='line_1_22' title="bbox 77 2353 1665 2425; baseline 0.003 -19"><span class='ocrx_word' id='word_1_136' title='bbox 77 2354 217 2423; x_wconf 86' lang='lat' dir='ltr'><strong>ejus.</strong></span> <span class='ocrx_word' id='word_1_137' title='bbox 249 2353 604 2419; x_wconf 84' lang='lat' dir='ltr'><strong>Venerabilis,</strong></span> <span class='ocrx_word' id='word_1_138' title='bbox 639 2354 835 2424; x_wconf 91' lang='lat' dir='ltr'><strong>inquit,</strong></span> <span class='ocrx_word' id='word_1_139' title='bbox 867 2355 1019 2425; x_wconf 89' lang='lat' dir='ltr'><strong>virgo</strong></span> <span class='ocrx_word' id='word_1_140' title='bbox 1045 2353 1307 2411; x_wconf 86' lang='lat' dir='ltr'><strong>Praxedis</strong></span> <span class='ocrx_word' id='word_1_141' title='bbox 1335 2363 1458 2425; x_wconf 89' lang='lat' dir='ltr'><strong>post</strong></span> <span class='ocrx_word' id='word_1_142' title='bbox 1487 2365 1665 2411; x_wconf 86' lang='lat' dir='ltr'><strong>trans-</strong></span> 
     </span>
    </p>
   </div>
   <div class='ocr_carea' id='block_1_23' title="bbox 78 2445 1666 2516">
    <p class='ocr_par' dir='ltr' id='par_1_23' title="bbox 78 2445 1666 2516">
     <span class='ocr_line' id='line_1_23' title="bbox 78 2445 1666 2516; baseline 0.001 -17"><span class='ocrx_word' id='word_1_143' title='bbox 78 2446 219 2500; x_wconf 89' lang='lat' dir='ltr'><strong>itum</strong></span> <span class='ocrx_word' id='word_1_144' title='bbox 246 2460 517 2516; x_wconf 86' lang='lat' dir='ltr'><strong>germana</strong></span> <span class='ocrx_word' id='word_1_145' title='bbox 536 2460 648 2501; x_wconf 91' lang='lat' dir='ltr'><strong>sua</strong></span> <span class='ocrx_word' id='word_1_146' title='bbox 673 2445 1009 2502; x_wconf 79' lang='lat' dir='ltr'><strong>Potentiana</strong></span> <span class='ocrx_word' id='word_1_147' title='bbox 1040 2447 1092 2514; x_wconf 70' lang='grc' dir='ltr'><strong>ι),</strong></span> <span class='ocrx_word' id='word_1_148' title='bbox 1119 2447 1277 2503; x_wconf 87' lang='lat' dir='ltr'><strong>valde</strong></span> <span class='ocrx_word' id='word_1_149' title='bbox 1304 2446 1501 2503; x_wconf 77' lang='lat' dir='ltr'><strong>afﬂicta</strong></span> <span class='ocrx_word' id='word_1_150' title='bbox 1528 2455 1666 2502; x_wconf 91' lang='lat' dir='ltr'><strong>erat.</strong></span> 
     </span>
    </p>
   </div>
   <div class='ocr_carea' id='block_1_24' title="bbox 70 2535 1671 2606">
    <p class='ocr_par' dir='ltr' id='par_1_24' title="bbox 70 2535 1671 2606">
     <span class='ocr_line' id='line_1_24' title="bbox 70 2535 1671 2606; baseline 0.002 -16"><span class='ocrx_word' id='word_1_151' title='bbox 70 2535 161 2590; x_wconf 78' lang='lat' dir='ltr'><strong>Ad</strong></span> <span class='ocrx_word' id='word_1_152' title='bbox 189 2553 356 2606; x_wconf 89' lang='lat' dir='ltr'><strong>quam</strong></span> <span class='ocrx_word' id='word_1_153' title='bbox 383 2537 765 2593; x_wconf 87' lang='lat' dir='ltr'><strong>consolandam</strong></span> <span class='ocrx_word' id='word_1_154' title='bbox 787 2539 1075 2595; x_wconf 84' lang='lat' dir='ltr'><strong>veniebant</strong></span> <span class='ocrx_word' id='word_1_155' title='bbox 1101 2538 1256 2594; x_wconf 90' lang='lat' dir='ltr'><strong>multi</strong></span> <span class='ocrx_word' id='word_1_156' title='bbox 1288 2539 1494 2595; x_wconf 89' lang='lat' dir='ltr'><strong>nobiles</strong></span> <span class='ocrx_word' id='word_1_157' title='bbox 1515 2537 1671 2595; x_wconf 84' lang='lat' dir='ltr'><strong>Chri-</strong></span> 
     </span>
    </p>
   </div>
   <div class='ocr_carea' id='block_1_25' title="bbox 76 2628 1671 2704">
    <p class='ocr_par' dir='ltr' id='par_1_25' title="bbox 76 2628 1671 2704">
     <span class='ocr_line' id='line_1_25' title="bbox 76 2628 1671 2704; baseline 0.006 -23"><span class='ocrx_word' id='word_1_158' title='bbox 76 2628 456 2692; x_wconf 87' lang='lat' dir='ltr'><strong>stiani,simul</strong></span> <span class='ocrx_word' id='word_1_159' title='bbox 483 2644 603 2684; x_wconf 89' lang='lat' dir='ltr'><strong>cum</strong></span> <span class='ocrx_word' id='word_1_160' title='bbox 641 2639 832 2686; x_wconf 91' lang='lat' dir='ltr'><strong>sancto</strong></span> <span class='ocrx_word' id='word_1_161' title='bbox 882 2630 980 2687; x_wconf 85' lang='lat' dir='ltr'><strong>Pio</strong></span> <span class='ocrx_word' id='word_1_162' title='bbox 1029 2633 1303 2703; x_wconf 91' lang='lat' dir='ltr'><strong>episcopo,</strong></span> <span class='ocrx_word' id='word_1_163' title='bbox 1348 2633 1490 2688; x_wconf 91' lang='lat' dir='ltr'><strong>inter</strong></span> <span class='ocrx_word' id='word_1_164' title='bbox 1534 2648 1671 2704; x_wconf 89' lang='lat' dir='ltr'><strong>quos</strong></span> 
     </span>
    </p>
   </div>
   <div class='ocr_carea' id='block_1_26' title="bbox 74 2720 1668 2794">
    <p class='ocr_par' dir='ltr' id='par_1_26' title="bbox 74 2720 1668 2794">
     <span class='ocr_line' id='line_1_26' title="bbox 74 2720 1668 2794; baseline 0.004 -23"><span class='ocrx_word' id='word_1_165' title='bbox 74 2733 382 2788; x_wconf 86' lang='lat' dir='ltr'><strong>germanus</strong></span> <span class='ocrx_word' id='word_1_166' title='bbox 408 2729 586 2775; x_wconf 84' lang='lat' dir='ltr'><strong>vester</strong></span> <span class='ocrx_word' id='word_1_167' title='bbox 611 2720 871 2790; x_wconf 87' lang='lat' dir='ltr'><strong>Novatus,</strong></span> <span class='ocrx_word' id='word_1_168' title='bbox 898 2731 954 2778; x_wconf 91' lang='lat' dir='ltr'><strong>et</strong></span> <span class='ocrx_word' id='word_1_169' title='bbox 981 2724 1073 2794; x_wconf 87' lang='lat' dir='ltr'><strong>qui</strong></span> <span class='ocrx_word' id='word_1_170' title='bbox 1101 2733 1187 2780; x_wconf 91' lang='lat' dir='ltr'><strong>est</strong></span> <span class='ocrx_word' id='word_1_171' title='bbox 1211 2723 1384 2778; x_wconf 86' lang='lat' dir='ltr'><strong>frater</strong></span> <span class='ocrx_word' id='word_1_172' title='bbox 1405 2732 1591 2779; x_wconf 90' lang='lat' dir='ltr'><strong>noster</strong></span> <span class='ocrx_word' id='word_1_173' title='bbox 1613 2723 1668 2778; x_wconf 93' lang='lat' dir='ltr'><strong>in</strong></span> 
     </span>
    </p>
   </div>
   <div class='ocr_carea' id='block_1_27' title="bbox 75 2810 1674 2886">
    <p class='ocr_par' dir='ltr' id='par_1_27' title="bbox 75 2810 1674 2886">
     <span class='ocr_line' id='line_1_27' title="bbox 75 2810 1674 2886; baseline 0.004 -21"><span class='ocrx_word' id='word_1_174' title='bbox 75 2810 336 2875; x_wconf 88' lang='lat' dir='ltr'><strong>Domino,</strong></span> <span class='ocrx_word' id='word_1_175' title='bbox 365 2811 565 2882; x_wconf 89' lang='lat' dir='ltr'><strong>quique</strong></span> <span class='ocrx_word' id='word_1_176' title='bbox 589 2813 790 2869; x_wconf 89' lang='lat' dir='ltr'><strong>mullos</strong></span> <span class='ocrx_word' id='word_1_177' title='bbox 822 2813 1158 2871; x_wconf 91' lang='lat' dir='ltr'><strong>Christianos</strong></span> <span class='ocrx_word' id='word_1_178' title='bbox 1206 2829 1471 2886; x_wconf 84' lang='lat' dir='ltr'><strong>pauperes</strong></span> <span class='ocrx_word' id='word_1_179' title='bbox 1515 2814 1674 2871; x_wconf 86' lang='lat' dir='ltr'><strong>donis</strong></span> 
     </span>
    </p>
   </div>
   <div class='ocr_carea' id='block_1_28' title="bbox 75 2900 1672 2976">
    <p class='ocr_par' dir='ltr' id='par_1_28' title="bbox 75 2900 1672 2976">
     <span class='ocr_line' id='line_1_28' title="bbox 75 2900 1672 2976; baseline 0.003 -21"><span class='ocrx_word' id='word_1_180' title='bbox 75 2902 194 2957; x_wconf 87' lang='lat' dir='ltr'><strong>suis</strong></span> <span class='ocrx_word' id='word_1_181' title='bbox 252 2900 550 2970; x_wconf 83' lang='lat' dir='ltr'><strong>reficiebat,</strong></span> <span class='ocrx_word' id='word_1_182' title='bbox 597 2913 653 2959; x_wconf 89' lang='lat' dir='ltr'><strong>et</strong></span> <span class='ocrx_word' id='word_1_183' title='bbox 696 2919 793 2961; x_wconf 90' lang='lat' dir='ltr'><strong>vos</strong></span> <span class='ocrx_word' id='word_1_184' title='bbox 831 2904 1146 2976; x_wconf 91' lang='lat' dir='ltr'><strong>frequenter</strong></span> <span class='ocrx_word' id='word_1_185' title='bbox 1190 2921 1311 2962; x_wconf 92' lang='lat' dir='ltr'><strong>cum</strong></span> <span class='ocrx_word' id='word_1_186' title='bbox 1359 2905 1672 2962; x_wconf 90' lang='lat' dir='ltr'><strong>beatissimo</strong></span> 
     </span>
    </p>
   </div>
   <div class='ocr_carea' id='block_1_29' title="bbox 74 2990 1673 3064">
    <p class='ocr_par' dir='ltr' id='par_1_29' title="bbox 74 2990 1673 3064">
     <span class='ocr_line' id='line_1_29' title="bbox 74 2990 1673 3064; baseline 0.005 -19"><span class='ocrx_word' id='word_1_187' title='bbox 74 2990 173 3046; x_wconf 85' lang='lat' dir='ltr'><strong>Pio</strong></span> <span class='ocrx_word' id='word_1_188' title='bbox 204 2993 464 3064; x_wconf 87' lang='lat' dir='ltr'><strong>episcopo</strong></span> <span class='ocrx_word' id='word_1_189' title='bbox 489 2995 558 3050; x_wconf 87' lang='lat' dir='ltr'><strong>ad</strong></span> <span class='ocrx_word' id='word_1_190' title='bbox 587 2995 760 3052; x_wconf 91' lang='lat' dir='ltr'><strong>altare</strong></span> <span class='ocrx_word' id='word_1_191' title='bbox 784 2997 997 3053; x_wconf 91' lang='lat' dir='ltr'><strong>Domini</strong></span> <span class='ocrx_word' id='word_1_192' title='bbox 1029 2999 1512 3054; x_wconf 88' lang='lat' dir='ltr'><strong>commemorabat.</strong></span> <span class='ocrx_word' id='word_1_193' title='bbox 1542 2997 1673 3053; x_wconf 85' lang='lat' dir='ltr'><strong>Post</strong></span> 
     </span>
    </p>
   </div>
   <div class='ocr_carea' id='block_1_30' title="bbox 77 3089 1672 3161">
    <p class='ocr_par' dir='ltr' id='par_1_30' title="bbox 77 3089 1672 3161">
     <span class='ocr_line' id='line_1_30' title="bbox 77 3089 1672 3161; baseline 0.004 -23"><span class='ocrx_word' id='word_1_194' title='bbox 77 3101 279 3140; x_wconf 87' lang='lat' dir='ltr'><strong>annum</strong></span> <span class='ocrx_word' id='word_1_195' title='bbox 320 3101 450 3142; x_wconf 82' lang='lat' dir='ltr'><strong>vero</strong></span> <span class='ocrx_word' id='word_1_196' title='bbox 469 3097 526 3142; x_wconf 91' lang='lat' dir='ltr'><strong>et</strong></span> <span class='ocrx_word' id='word_1_197' title='bbox 552 3089 668 3143; x_wconf 91' lang='lat' dir='ltr'><strong>dies</strong></span> <span class='ocrx_word' id='word_1_198' title='bbox 695 3089 883 3160; x_wconf 78' lang='lat' dir='ltr'><strong>viginti</strong></span> <span class='ocrx_word' id='word_1_199' title='bbox 905 3099 1048 3155; x_wconf 92' lang='lat' dir='ltr'><strong>octo,</strong></span> <span class='ocrx_word' id='word_1_200' title='bbox 1075 3089 1396 3161; x_wconf 79' lang='lat' dir='ltr'><strong>aegritudine</strong></span> <span class='ocrx_word' id='word_1_201' title='bbox 1424 3090 1672 3146; x_wconf 87' lang='lat' dir='ltr'><strong>detentus</strong></span> 
     </span>
    </p>
   </div>
   <div class='ocr_carea' id='block_1_31' title="bbox 77 3177 1673 3254">
    <p class='ocr_par' dir='ltr' id='par_1_31' title="bbox 77 3177 1673 3254">
     <span class='ocr_line' id='line_1_31' title="bbox 77 3177 1673 3254; baseline 0.004 -24"><span class='ocrx_word' id='word_1_202' title='bbox 77 3185 161 3230; x_wconf 90' lang='lat' dir='ltr'><strong>est</strong></span> <span class='ocrx_word' id='word_1_203' title='bbox 185 3177 326 3233; x_wconf 89' lang='lat' dir='ltr'><strong>idem</strong></span> <span class='ocrx_word' id='word_1_204' title='bbox 371 3177 632 3246; x_wconf 84' lang='lat' dir='ltr'><strong>Novatus,</strong></span> <span class='ocrx_word' id='word_1_205' title='bbox 661 3190 716 3236; x_wconf 91' lang='lat' dir='ltr'><strong>et</strong></span> <span class='ocrx_word' id='word_1_206' title='bbox 759 3184 956 3238; x_wconf 88' lang='lat' dir='ltr'><strong>absens</strong></span> <span class='ocrx_word' id='word_1_207' title='bbox 987 3192 1163 3238; x_wconf 88' lang='lat' dir='ltr'><strong>erata</strong></span> <span class='ocrx_word' id='word_1_208' title='bbox 1193 3195 1484 3252; x_wconf 90' lang='lat' dir='ltr'><strong>conspectu</strong></span> <span class='ocrx_word' id='word_1_209' title='bbox 1511 3182 1673 3254; x_wconf 88' lang='lat' dir='ltr'><strong>virgi-</strong></span> 
     </span>
    </p>
   </div>
   <div class='ocr_carea' id='block_1_32' title="bbox 81 3255 1744 3343">
    <p class='ocr_par' dir='ltr' id='par_1_32' title="bbox 81 3255 1744 3343">
     <span class='ocr_line' id='line_1_32' title="bbox 81 3255 1744 3343; baseline 0.004 -22"><span class='ocrx_word' id='word_1_210' title='bbox 81 3269 161 3322; x_wconf 86' lang='lat' dir='ltr'><strong>nis</strong></span> <span class='ocrx_word' id='word_1_211' title='bbox 182 3268 464 3326; x_wconf 76' lang='lat' dir='ltr'><strong>Praxedis.</strong></span> <span class='ocrx_word' id='word_1_212' title='bbox 510 3269 608 3326; x_wconf 89' lang='lat' dir='ltr'><strong>Pio</strong></span> <span class='ocrx_word' id='word_1_213' title='bbox 637 3279 818 3327; x_wconf 90' lang='lat' dir='ltr'><strong>autem</strong></span> <span class='ocrx_word' id='word_1_214' title='bbox 861 3272 1116 3343; x_wconf 90' lang='lat' dir='ltr'><strong>episcopo</strong></span> <span class='ocrx_word' id='word_1_215' title='bbox 1156 3272 1431 3343; x_wconf 80' lang='lat' dir='ltr'><strong>cogitante</strong></span> <span class='ocrx_word' id='word_1_216' title='bbox 1459 3272 1525 3327; x_wconf 93' lang='lat' dir='ltr'><strong>de</strong></span> <span class='ocrx_word' id='word_1_217' title='bbox 1559 3286 1673 3327; x_wconf 87' lang='lat' dir='ltr'><strong>om-</strong></span> <span class='ocrx_word' id='word_1_218' title='bbox 1697 3255 1744 3319; x_wconf 67' lang='grc' dir='ltr'><strong>(ἶ</strong></span> 
     </span>
    </p>
   </div>
   <div class='ocr_carea' id='block_1_33' title="bbox 82 3361 1669 3436">
    <p class='ocr_par' dir='ltr' id='par_1_33' title="bbox 82 3361 1669 3436">
     <span class='ocr_line' id='line_1_33' title="bbox 82 3361 1669 3436; baseline 0.003 -22"><span class='ocrx_word' id='word_1_219' title='bbox 82 3361 234 3418; x_wconf 88' lang='lat' dir='ltr'><strong>nibus</strong></span> <span class='ocrx_word' id='word_1_220' title='bbox 279 3362 610 3420; x_wconf 85' lang='lat' dir='ltr'><strong>Christianis</strong></span> <span class='ocrx_word' id='word_1_221' title='bbox 656 3381 766 3420; x_wconf 93' lang='lat' dir='ltr'><strong>una</strong></span> <span class='ocrx_word' id='word_1_222' title='bbox 793 3381 917 3420; x_wconf 87' lang='lat' dir='ltr'><strong>cum</strong></span> <span class='ocrx_word' id='word_1_223' title='bbox 964 3365 1192 3435; x_wconf 87' lang='lat' dir='ltr'><strong>virgine,</strong></span> <span class='ocrx_word' id='word_1_224' title='bbox 1231 3364 1524 3436; x_wconf 89' lang='lat' dir='ltr'><strong>requiritur</strong></span> <span class='ocrx_word' id='word_1_225' title='bbox 1564 3361 1669 3418; x_wconf 88' lang='lat' dir='ltr'><strong>No-</strong></span> 
     </span>
    </p>
   </div>
   <div class='ocr_carea' id='block_1_34' title="bbox 83 3455 1672 3527">
    <p class='ocr_par' dir='ltr' id='par_1_34' title="bbox 83 3455 1672 3527">
     <span class='ocr_line' id='line_1_34' title="bbox 83 3455 1672 3527; baseline 0.003 -24"><span class='ocrx_word' id='word_1_226' title='bbox 83 3463 233 3510; x_wconf 83' lang='lat' dir='ltr'><strong>vatus</strong></span> <span class='ocrx_word' id='word_1_227' title='bbox 260 3456 347 3509; x_wconf 91' lang='lat' dir='ltr'><strong>vir</strong></span> <span class='ocrx_word' id='word_1_228' title='bbox 373 3456 488 3512; x_wconf 88' lang='lat' dir='ltr'><strong>Dei.</strong></span> <span class='ocrx_word' id='word_1_229' title='bbox 524 3457 593 3511; x_wconf 90' lang='lat' dir='ltr'><strong>Et</strong></span> <span class='ocrx_word' id='word_1_230' title='bbox 635 3458 761 3513; x_wconf 89' lang='lat' dir='ltr'><strong>dum</strong></span> <span class='ocrx_word' id='word_1_231' title='bbox 798 3458 1042 3512; x_wconf 90' lang='lat' dir='ltr'><strong>auditum</strong></span> <span class='ocrx_word' id='word_1_232' title='bbox 1089 3455 1298 3522; x_wconf 88' lang='lat' dir='ltr'><strong>fuisset,</strong></span> <span class='ocrx_word' id='word_1_233' title='bbox 1346 3456 1473 3527; x_wconf 82' lang='lat' dir='ltr'><strong>quia</strong></span> <span class='ocrx_word' id='word_1_234' title='bbox 1513 3455 1672 3527; x_wconf 84' lang='lat' dir='ltr'><strong>agri-</strong></span> 
     </span>
    </p>
   </div>
   <div class='ocr_carea' id='block_1_35' title="bbox 85 3541 1697 3615">
    <p class='ocr_par' dir='ltr' id='par_1_35' title="bbox 85 3541 1697 3615">
     <span class='ocr_line' id='line_1_35' title="bbox 85 3541 1697 3615; baseline 0.006 -18"><span class='ocrx_word' id='word_1_235' title='bbox 85 3546 262 3600; x_wconf 92' lang='lat' dir='ltr'><strong>tudine</strong></span> <span class='ocrx_word' id='word_1_236' title='bbox 311 3546 674 3615; x_wconf 89' lang='lat' dir='ltr'><strong>detinebatur,</strong></span> <span class='ocrx_word' id='word_1_237' title='bbox 709 3549 1013 3604; x_wconf 90' lang='lat' dir='ltr'><strong>contristati</strong></span> <span class='ocrx_word' id='word_1_238' title='bbox 1043 3563 1230 3604; x_wconf 92' lang='lat' dir='ltr'><strong>sumus</strong></span> <span class='ocrx_word' id='word_1_239' title='bbox 1265 3561 1493 3603; x_wconf 91' lang='lat' dir='ltr'><strong>omnes:</strong></span> <span class='ocrx_word' id='word_1_240' title='bbox 1525 3541 1697 3607; x_wconf 83' lang='lat' dir='ltr'><strong>beati.</strong></span> 
     </span>
    </p>
   </div>
   <div class='ocr_carea' id='block_1_36' title="bbox 79 3637 1665 3714">
    <p class='ocr_par' dir='ltr' id='par_1_36' title="bbox 79 3637 1665 3714">
     <span class='ocr_line' id='line_1_36' title="bbox 79 3637 1665 3714; baseline 0.003 -22"><span class='ocrx_word' id='word_1_241' title='bbox 79 3637 340 3696; x_wconf 83' lang='lat' dir='ltr'><strong>Praxedis</strong></span> <span class='ocrx_word' id='word_1_242' title='bbox 385 3642 522 3698; x_wconf 88' lang='lat' dir='ltr'><strong>dixit</strong></span> <span class='ocrx_word' id='word_1_243' title='bbox 556 3644 625 3698; x_wconf 93' lang='lat' dir='ltr'><strong>ad</strong></span> <span class='ocrx_word' id='word_1_244' title='bbox 654 3654 866 3714; x_wconf 87' lang='lat' dir='ltr'><strong>patrem</strong></span> <span class='ocrx_word' id='word_1_245' title='bbox 898 3652 1146 3700; x_wconf 87' lang='lat' dir='ltr'><strong>nostrum</strong></span> <span class='ocrx_word' id='word_1_246' title='bbox 1176 3654 1422 3699; x_wconf 91' lang='lat' dir='ltr'><strong>sanctum</strong></span> <span class='ocrx_word' id='word_1_247' title='bbox 1470 3643 1623 3698; x_wconf 82' lang='lat' dir='ltr'><strong>Pium</strong></span> <span class='ocrx_word' id='word_1_248' title='bbox 1649 3659 1665 3697; x_wconf 89' lang='lat'><strong>:</strong></span> 
     </span>
    </p>
   </div>
   <div class='ocr_carea' id='block_1_37' title="bbox 76 3726 1668 3800">
    <p class='ocr_par' dir='ltr' id='par_1_37' title="bbox 76 3726 1668 3800">
     <span class='ocr_line' id='line_1_37' title="bbox 76 3726 1668 3800; baseline 0.004 -18"><span class='ocrx_word' id='word_1_249' title='bbox 76 3726 276 3784; x_wconf 87' lang='lat' dir='ltr'><strong>Jubeat</strong></span> <span class='ocrx_word' id='word_1_250' title='bbox 299 3733 556 3789; x_wconf 84' lang='lat' dir='ltr'><strong>sanctitas</strong></span> <span class='ocrx_word' id='word_1_251' title='bbox 577 3743 777 3799; x_wconf 89' lang='lat' dir='ltr'><strong>vestra,</strong></span> <span class='ocrx_word' id='word_1_252' title='bbox 821 3743 879 3789; x_wconf 93' lang='lat' dir='ltr'><strong>ut</strong></span> <span class='ocrx_word' id='word_1_253' title='bbox 903 3750 1093 3791; x_wconf 89' lang='lat' dir='ltr'><strong>eamus</strong></span> <span class='ocrx_word' id='word_1_254' title='bbox 1119 3734 1188 3789; x_wconf 90' lang='lat' dir='ltr'><strong>ad</strong></span> <span class='ocrx_word' id='word_1_255' title='bbox 1217 3749 1362 3800; x_wconf 91' lang='lat' dir='ltr'><strong>eum,</strong></span> <span class='ocrx_word' id='word_1_256' title='bbox 1394 3743 1451 3790; x_wconf 91' lang='lat' dir='ltr'><strong>et</strong></span> <span class='ocrx_word' id='word_1_257' title='bbox 1485 3734 1668 3789; x_wconf 89' lang='lat' dir='ltr'><strong>visita-</strong></span> 
     </span>
    </p>
   </div>
   <div class='ocr_carea' id='block_1_38' title="bbox 79 3820 1664 3881">
    <p class='ocr_par' dir='ltr' id='par_1_38' title="bbox 79 3820 1664 3881">
     <span class='ocr_line' id='line_1_38' title="bbox 79 3820 1664 3881; baseline 0.005 -9"><span class='ocrx_word' id='word_1_258' title='bbox 79 3820 230 3874; x_wconf 91' lang='lat' dir='ltr'><strong>tione</strong></span> <span class='ocrx_word' id='word_1_259' title='bbox 263 3833 442 3878; x_wconf 88' lang='lat' dir='ltr'><strong>nostra</strong></span> <span class='ocrx_word' id='word_1_260' title='bbox 471 3839 577 3879; x_wconf 93' lang='lat' dir='ltr'><strong>una</strong></span> <span class='ocrx_word' id='word_1_261' title='bbox 606 3840 727 3880; x_wconf 91' lang='lat' dir='ltr'><strong>cum</strong></span> <span class='ocrx_word' id='word_1_262' title='bbox 758 3826 1097 3881; x_wconf 89' lang='lat' dir='ltr'><strong>orationibus</strong></span> <span class='ocrx_word' id='word_1_263' title='bbox 1121 3826 1320 3881; x_wconf 86' lang='lat' dir='ltr'><strong>vestris</strong></span> <span class='ocrx_word' id='word_1_264' title='bbox 1343 3824 1664 3881; x_wconf 89' lang='lat' dir='ltr'><strong>salvabitur.</strong></span> 
     </span>
    </p>
   </div>
   <div class='ocr_carea' id='block_1_39' title="bbox 74 3911 1669 3990">
    <p class='ocr_par' dir='ltr' id='par_1_39' title="bbox 74 3911 1669 3990">
     <span class='ocr_line' id='line_1_39' title="bbox 74 3911 1669 3990; baseline 0.006 -25"><span class='ocrx_word' id='word_1_265' title='bbox 74 3911 141 3966; x_wconf 84' lang='lat' dir='ltr'><strong>Et</strong></span> <span class='ocrx_word' id='word_1_266' title='bbox 165 3911 313 3966; x_wconf 87' lang='lat' dir='ltr'><strong>facta</strong></span> <span class='ocrx_word' id='word_1_267' title='bbox 340 3916 743 3982; x_wconf 90' lang='lat' dir='ltr'><strong>constitutione,</strong></span> <span class='ocrx_word' id='word_1_268' title='bbox 784 3926 946 3974; x_wconf 91' lang='lat' dir='ltr'><strong>nocte</strong></span> <span class='ocrx_word' id='word_1_269' title='bbox 976 3933 1082 3974; x_wconf 89' lang='lat' dir='ltr'><strong>una</strong></span> <span class='ocrx_word' id='word_1_270' title='bbox 1125 3934 1249 3973; x_wconf 89' lang='lat' dir='ltr'><strong>cum</strong></span> <span class='ocrx_word' id='word_1_271' title='bbox 1275 3917 1372 3974; x_wconf 91' lang='lat' dir='ltr'><strong>Pio</strong></span> <span class='ocrx_word' id='word_1_272' title='bbox 1413 3919 1669 3990; x_wconf 89' lang='lat' dir='ltr'><strong>episcopo</strong></span> 
     </span>
    </p>
   </div>
   <div class='ocr_carea' id='block_1_40' title="bbox 73 4005 1667 4081">
    <p class='ocr_par' dir='ltr' id='par_1_40' title="bbox 73 4005 1667 4081">
     <span class='ocr_line' id='line_1_40' title="bbox 73 4005 1667 4081; baseline 0.006 -23"><span class='ocrx_word' id='word_1_273' title='bbox 73 4013 128 4059; x_wconf 91' lang='lat' dir='ltr'><strong>et</strong></span> <span class='ocrx_word' id='word_1_274' title='bbox 149 4005 358 4077; x_wconf 87' lang='lat' dir='ltr'><strong>virgine</strong></span> <span class='ocrx_word' id='word_1_275' title='bbox 375 4007 587 4064; x_wconf 92' lang='lat' dir='ltr'><strong>Domini</strong></span> <span class='ocrx_word' id='word_1_276' title='bbox 608 4012 947 4081; x_wconf 80' lang='lat' dir='ltr'><strong>perreximus</strong></span> <span class='ocrx_word' id='word_1_277' title='bbox 969 4011 1036 4066; x_wconf 89' lang='lat' dir='ltr'><strong>ad</strong></span> <span class='ocrx_word' id='word_1_278' title='bbox 1058 4011 1232 4067; x_wconf 91' lang='lat' dir='ltr'><strong>virum</strong></span> <span class='ocrx_word' id='word_1_279' title='bbox 1257 4013 1350 4068; x_wconf 91' lang='lat' dir='ltr'><strong>Dei</strong></span> <span class='ocrx_word' id='word_1_280' title='bbox 1378 4011 1667 4068; x_wconf 86' lang='lat' dir='ltr'><strong>Novatum.</strong></span> 
     </span>
    </p>
   </div>
   <div class='ocr_carea' id='block_1_41' title="bbox 73 4093 1670 4175">
    <p class='ocr_par' dir='ltr' id='par_1_41' title="bbox 73 4093 1670 4175">
     <span class='ocr_line' id='line_1_41' title="bbox 73 4093 1670 4175; baseline 0.008 -26"><span class='ocrx_word' id='word_1_281' title='bbox 73 4093 321 4166; x_wconf 88' lang='lat' dir='ltr'><strong>Cumque</strong></span> <span class='ocrx_word' id='word_1_282' title='bbox 347 4099 588 4156; x_wconf 86' lang='lat' dir='ltr'><strong>audisset</strong></span> <span class='ocrx_word' id='word_1_283' title='bbox 630 4101 715 4156; x_wconf 87' lang='lat' dir='ltr'><strong>vir</strong></span> <span class='ocrx_word' id='word_1_284' title='bbox 766 4102 861 4157; x_wconf 89' lang='lat' dir='ltr'><strong>Dei</strong></span> <span class='ocrx_word' id='word_1_285' title='bbox 905 4101 1167 4167; x_wconf 87' lang='lat' dir='ltr'><strong>Novatus,</strong></span> <span class='ocrx_word' id='word_1_286' title='bbox 1217 4117 1407 4158; x_wconf 87' lang='lat' dir='ltr'><strong>omnes</strong></span> <span class='ocrx_word' id='word_1_287' title='bbox 1445 4118 1670 4175; x_wconf 86' lang='lat' dir='ltr'><strong>congre-</strong></span> 
     </span>
    </p>
   </div>
   <div class='ocr_carea' id='block_1_42' title="bbox 71 4188 1668 4266">
    <p class='ocr_par' dir='ltr' id='par_1_42' title="bbox 71 4188 1668 4266">
     <span class='ocr_line' id='line_1_42' title="bbox 71 4188 1668 4266; baseline 0.008 -26"><span class='ocrx_word' id='word_1_288' title='bbox 71 4196 224 4257; x_wconf 85' lang='lat' dir='ltr'><strong>gatos</strong></span> <span class='ocrx_word' id='word_1_289' title='bbox 273 4188 345 4242; x_wconf 90' lang='lat' dir='ltr'><strong>ad</strong></span> <span class='ocrx_word' id='word_1_290' title='bbox 387 4204 445 4244; x_wconf 88' lang='lat' dir='ltr'><strong>se</strong></span> <span class='ocrx_word' id='word_1_291' title='bbox 499 4192 730 4248; x_wconf 36' lang='lat' dir='ltr'><strong>venisse]</strong></span> <span class='ocrx_word' id='word_1_292' title='bbox 754 4194 958 4262; x_wconf 85' lang='lat' dir='ltr'><strong>gratias</strong></span> <span class='ocrx_word' id='word_1_293' title='bbox 985 4194 1152 4265; x_wconf 74' lang='lat' dir='ltr'><strong>capit</strong></span> <span class='ocrx_word' id='word_1_294' title='bbox 1197 4208 1357 4264; x_wconf 90' lang='lat' dir='ltr'><strong>agere</strong></span> <span class='ocrx_word' id='word_1_295' title='bbox 1392 4196 1520 4260; x_wconf 89' lang='lat' dir='ltr'><strong>Deo,</strong></span> <span class='ocrx_word' id='word_1_296' title='bbox 1541 4197 1668 4266; x_wconf 92' lang='lat' dir='ltr'><strong>quia</strong></span> 
     </span>
    </p>
   </div>
   <div class='ocr_carea' id='block_1_43' title="bbox 71 4282 1668 4358">
    <p class='ocr_par' dir='ltr' id='par_1_43' title="bbox 71 4282 1668 4358">
     <span class='ocr_line' id='line_1_43' title="bbox 71 4282 1668 4358; baseline 0.007 -25"><span class='ocrx_word' id='word_1_297' title='bbox 71 4282 276 4335; x_wconf 89' lang='lat' dir='ltr'><strong>meruit</strong></span> <span class='ocrx_word' id='word_1_298' title='bbox 298 4297 328 4335; x_wconf 89' lang='lat' dir='ltr'><strong>a</strong></span> <span class='ocrx_word' id='word_1_299' title='bbox 355 4290 544 4338; x_wconf 90' lang='lat' dir='ltr'><strong>sancto</strong></span> <span class='ocrx_word' id='word_1_300' title='bbox 567 4284 661 4340; x_wconf 86' lang='lat' dir='ltr'><strong>Pio</strong></span> <span class='ocrx_word' id='word_1_301' title='bbox 682 4287 940 4358; x_wconf 90' lang='lat' dir='ltr'><strong>episcopo</strong></span> <span class='ocrx_word' id='word_1_302' title='bbox 964 4295 1020 4342; x_wconf 90' lang='lat' dir='ltr'><strong>et</strong></span> <span class='ocrx_word' id='word_1_303' title='bbox 1044 4287 1256 4357; x_wconf 85' lang='lat' dir='ltr'><strong>virgine</strong></span> <span class='ocrx_word' id='word_1_304' title='bbox 1281 4287 1516 4353; x_wconf 91' lang='lat' dir='ltr'><strong>Domini,</strong></span> <span class='ocrx_word' id='word_1_305' title='bbox 1563 4305 1668 4345; x_wconf 85' lang='lat' dir='ltr'><strong>una</strong></span> 
     </span>
    </p>
   </div>
   <div class='ocr_carea' id='block_1_44' title="bbox 70 4379 1668 4436">
    <p class='ocr_par' dir='ltr' id='par_1_44' title="bbox 70 4379 1668 4436">
     <span class='ocr_line' id='line_1_44' title="bbox 70 4379 1668 4436; baseline 0.005 -8"><span class='ocrx_word' id='word_1_306' title='bbox 70 4390 194 4429; x_wconf 89' lang='lat' dir='ltr'><strong>cum</strong></span> <span class='ocrx_word' id='word_1_307' title='bbox 221 4385 412 4431; x_wconf 90' lang='lat' dir='ltr'><strong>nostra</strong></span> <span class='ocrx_word' id='word_1_308' title='bbox 467 4380 751 4435; x_wconf 88' lang='lat' dir='ltr'><strong>devotione</strong></span> <span class='ocrx_word' id='word_1_309' title='bbox 791 4381 1021 4436; x_wconf 83' lang='lat' dir='ltr'><strong>visitari.</strong></span> <span class='ocrx_word' id='word_1_310' title='bbox 1055 4380 1121 4435; x_wconf 85' lang='lat' dir='ltr'><strong>Et</strong></span> <span class='ocrx_word' id='word_1_311' title='bbox 1140 4379 1342 4436; x_wconf 90' lang='lat' dir='ltr'><strong>fuimus</strong></span> <span class='ocrx_word' id='word_1_312' title='bbox 1393 4381 1447 4435; x_wconf 93' lang='lat' dir='ltr'><strong>in</strong></span> <span class='ocrx_word' id='word_1_313' title='bbox 1507 4381 1668 4436; x_wconf 89' lang='lat' dir='ltr'><strong>domo</strong></span> 
     </span>
    </p>
   </div>
   <div class='ocr_carea' id='block_1_45' title="bbox 67 4464 1667 4541">
    <p class='ocr_par' dir='ltr' id='par_1_45' title="bbox 67 4464 1667 4541">
     <span class='ocr_line' id='line_1_45' title="bbox 67 4464 1667 4541; baseline 0.003 -21"><span class='ocrx_word' id='word_1_314' title='bbox 67 4464 187 4536; x_wconf 87' lang='lat' dir='ltr'><strong>ejus</strong></span> <span class='ocrx_word' id='word_1_315' title='bbox 217 4465 410 4523; x_wconf 91' lang='lat' dir='ltr'><strong>diebus</strong></span> <span class='ocrx_word' id='word_1_316' title='bbox 435 4483 499 4524; x_wconf 91' lang='lat' dir='ltr'><strong>ac</strong></span> <span class='ocrx_word' id='word_1_317' title='bbox 520 4469 768 4525; x_wconf 90' lang='lat' dir='ltr'><strong>noctibus</strong></span> <span class='ocrx_word' id='word_1_318' title='bbox 787 4479 931 4526; x_wconf 92' lang='lat' dir='ltr'><strong>octo.</strong></span> <span class='ocrx_word' id='word_1_319' title='bbox 961 4469 1297 4541; x_wconf 88' lang='lat' dir='ltr'><strong>Factumque</strong></span> <span class='ocrx_word' id='word_1_320' title='bbox 1319 4477 1405 4525; x_wconf 89' lang='lat' dir='ltr'><strong>est</strong></span> <span class='ocrx_word' id='word_1_321' title='bbox 1424 4478 1482 4524; x_wconf 93' lang='lat' dir='ltr'><strong>ut</strong></span> <span class='ocrx_word' id='word_1_322' title='bbox 1507 4471 1667 4525; x_wconf 88' lang='lat' dir='ltr'><strong>tertio</strong></span> 
     </span>
    </p>
   </div>
   <div class='ocr_carea' id='block_1_46' title="bbox 755 366 3358 436">
    <p class='ocr_par' dir='ltr' id='par_1_46' title="bbox 755 366 3358 436">
     <span class='ocr_line' id='line_1_46' title="bbox 755 366 3358 436; baseline -0.006 0"><span class='ocrx_word' id='word_1_323' title='bbox 755 377 1360 436; x_wconf 80' lang='lat' dir='ltr'><strong>MABTYROLOGIUM</strong></span> <span class='ocrx_word' id='word_1_324' title='bbox 1398 375 1546 433; x_wconf 79' lang='lat' dir='ltr'><strong>CUM</strong></span> <span class='ocrx_word' id='word_1_325' title='bbox 1582 369 2118 428; x_wconf 80' lang='lat' dir='ltr'><strong>ADDITAMENTIS.</strong></span> <span class='ocrx_word' id='word_1_326' title='bbox 2159 401 2230 412; x_wconf 93' lang='lat'><strong><em>—</em></strong></span> <span class='ocrx_word' id='word_1_327' title='bbox 2265 369 2472 427; x_wconf 86' lang='lat' dir='ltr'><strong>MENS.</strong></span> <span class='ocrx_word' id='word_1_328' title='bbox 2515 371 2668 428; x_wconf 90' lang='lat' dir='ltr'><strong>JUN.</strong></span> <span class='ocrx_word' id='word_1_329' title='bbox 3252 366 3358 426; x_wconf 62' lang='lat'><strong>£190</strong></span> 
     </span>
    </p>
   </div>
   <div class='ocr_carea' id='block_1_47' title="bbox 2225 483 2928 540">
    <p class='ocr_par' dir='ltr' id='par_1_47' title="bbox 2225 483 2928 540">
     <span class='ocr_line' id='line_1_47' title="bbox 2225 483 2928 540; baseline -0.001 -2"><span class='ocrx_word' id='word_1_330' title='bbox 2225 484 2283 538; x_wconf 87' lang='lat' dir='ltr'><strong>E.</strong></span> <span class='ocrx_word' id='word_1_331' title='bbox 2329 483 2375 539; x_wconf 81' lang='grc' dir='ltr'>Χ</span> <span class='ocrx_word' id='word_1_332' title='bbox 2409 483 2703 539; x_wconf 78' lang='lat' dir='ltr'><strong>KALEND.</strong></span> <span class='ocrx_word' id='word_1_333' title='bbox 2742 483 2928 540; x_wconf 85' lang='lat' dir='ltr'><strong>JULII.</strong></span> 
     </span>
    </p>
   </div>
   <div class='ocr_carea' id='block_1_48' title="bbox 2419 575 2708 648">
    <p class='ocr_par' dir='ltr' id='par_1_48' title="bbox 2419 575 2708 648">
     <span class='ocr_line' id='line_1_48' title="bbox 2419 575 2708 648; baseline -0.01 -17"><span class='ocrx_word' id='word_1_334' title='bbox 2419 576 2510 648; x_wconf 75' lang='lat'><strong>(22</strong></span> <span class='ocrx_word' id='word_1_335' title='bbox 2551 575 2708 645; x_wconf 83' lang='lat' dir='ltr'><strong>Jun.)</strong></span> 
     </span>
    </p>
   </div>
   <div class='ocr_carea' id='block_1_49' title="bbox 1836 663 3355 742">
    <p class='ocr_par' dir='ltr' id='par_1_49' title="bbox 1836 663 3355 742">
     <span class='ocr_line' id='line_1_49' title="bbox 1836 663 3355 742; baseline 0.001 -19"><span class='ocrx_word' id='word_1_336' title='bbox 1836 667 1893 724; x_wconf 92' lang='lat' dir='ltr'><strong>ln</strong></span> <span class='ocrx_word' id='word_1_337' title='bbox 1937 667 2240 732; x_wconf 86' lang='lat' dir='ltr'><strong>Britannia,</strong></span> <span class='ocrx_word' id='word_1_338' title='bbox 2271 665 2447 721; x_wconf 88' lang='lat' dir='ltr'><strong>natale</strong></span> <span class='ocrx_word' id='word_1_339' title='bbox 2493 666 2664 722; x_wconf 89' lang='lat' dir='ltr'><strong>sancti</strong></span> <span class='ocrx_word' id='word_1_340' title='bbox 2717 663 2895 721; x_wconf 83' lang='lat' dir='ltr'><strong>Albini</strong></span> <span class='ocrx_word' id='word_1_341' title='bbox 2944 667 3220 739; x_wconf 89' lang='lat' dir='ltr'><strong>martyrls,</strong></span> <span class='ocrx_word' id='word_1_342' title='bbox 3261 669 3355 742; x_wconf 90' lang='lat' dir='ltr'><strong>qui</strong></span> 
     </span>
    </p>
   </div>
   <div class='ocr_carea' id='block_1_50' title="bbox 1767 759 3356 832">
    <p class='ocr_par' dir='ltr' id='par_1_50' title="bbox 1767 759 3356 832">
     <span class='ocr_line' id='line_1_50' title="bbox 1767 759 3356 832; baseline -0.001 -16"><span class='ocrx_word' id='word_1_343' title='bbox 1767 771 2006 832; x_wconf 90' lang='lat' dir='ltr'><strong>tempore</strong></span> <span class='ocrx_word' id='word_1_344' title='bbox 2032 759 2354 815; x_wconf 89' lang='lat' dir='ltr'><strong>Diocletiani</strong></span> <span class='ocrx_word' id='word_1_345' title='bbox 2382 760 2435 813; x_wconf 92' lang='lat' dir='ltr'><strong>in</strong></span> <span class='ocrx_word' id='word_1_346' title='bbox 2483 759 2789 814; x_wconf 84' lang='lat' dir='ltr'><strong>Verelamio</strong></span> <span class='ocrx_word' id='word_1_347' title='bbox 2815 759 3054 825; x_wconf 87' lang='lat' dir='ltr'><strong>civitate,</strong></span> <span class='ocrx_word' id='word_1_348' title='bbox 3084 769 3205 832; x_wconf 88' lang='lat' dir='ltr'><strong>post</strong></span> <span class='ocrx_word' id='word_1_349' title='bbox 3231 775 3356 814; x_wconf 87' lang='lat' dir='ltr'><strong>ver-</strong></span> 
     </span>
    </p>
   </div>
   <div class='ocr_carea' id='block_1_51' title="bbox 1765 851 3356 922">
    <p class='ocr_par' dir='ltr' id='par_1_51' title="bbox 1765 851 3356 922">
     <span class='ocr_line' id='line_1_51' title="bbox 1765 851 3356 922; baseline 0.001 -15"><span class='ocrx_word' id='word_1_350' title='bbox 1765 852 1895 907; x_wconf 87' lang='lat' dir='ltr'><strong>bera</strong></span> <span class='ocrx_word' id='word_1_351' title='bbox 1929 860 1983 906; x_wconf 90' lang='lat' dir='ltr'><strong>et</strong></span> <span class='ocrx_word' id='word_1_352' title='bbox 2011 859 2280 905; x_wconf 89' lang='lat' dir='ltr'><strong>tormenta</strong></span> <span class='ocrx_word' id='word_1_353' title='bbox 2310 852 2523 913; x_wconf 89' lang='lat' dir='ltr'><strong>acerba,</strong></span> <span class='ocrx_word' id='word_1_354' title='bbox 2566 853 2744 922; x_wconf 88' lang='lat' dir='ltr'><strong>capite</strong></span> <span class='ocrx_word' id='word_1_355' title='bbox 2773 851 2962 922; x_wconf 84' lang='lat' dir='ltr'><strong>plexus</strong></span> <span class='ocrx_word' id='word_1_356' title='bbox 2989 861 3072 907; x_wconf 85' lang='lat' dir='ltr'><strong>est</strong></span> <span class='ocrx_word' id='word_1_357' title='bbox 3098 871 3110 906; x_wconf 93' lang='lat'>:</span> <span class='ocrx_word' id='word_1_358' title='bbox 3145 852 3237 908; x_wconf 87' lang='lat' dir='ltr'><strong>sed</strong></span> <span class='ocrx_word' id='word_1_359' title='bbox 3267 853 3356 908; x_wconf 90' lang='lat' dir='ltr'><strong>illo</strong></span> 
     </span>
    </p>
   </div>
   <div class='ocr_carea' id='block_1_52' title="bbox 1767 942 3358 1014">
    <p class='ocr_par' dir='ltr' id='par_1_52' title="bbox 1767 942 3358 1014">
     <span class='ocr_line' id='line_1_52' title="bbox 1767 942 3358 1014; baseline 0 -15"><span class='ocrx_word' id='word_1_360' title='bbox 1767 943 1822 1000; x_wconf 91' lang='lat' dir='ltr'><strong>in</strong></span> <span class='ocrx_word' id='word_1_361' title='bbox 1853 951 2052 998; x_wconf 89' lang='lat' dir='ltr'><strong>terram</strong></span> <span class='ocrx_word' id='word_1_362' title='bbox 2101 944 2351 1008; x_wconf 92' lang='lat' dir='ltr'><strong>cadente,</strong></span> <span class='ocrx_word' id='word_1_363' title='bbox 2408 942 2548 998; x_wconf 91' lang='lat' dir='ltr'><strong>oculi</strong></span> <span class='ocrx_word' id='word_1_364' title='bbox 2603 945 2741 1014; x_wconf 88' lang='lat' dir='ltr'><strong>ejus,</strong></span> <span class='ocrx_word' id='word_1_365' title='bbox 2774 945 2865 1013; x_wconf 87' lang='lat' dir='ltr'><strong>qui</strong></span> <span class='ocrx_word' id='word_1_366' title='bbox 2908 960 3028 998; x_wconf 91' lang='lat' dir='ltr'><strong>cum</strong></span> <span class='ocrx_word' id='word_1_367' title='bbox 3067 946 3358 1014; x_wconf 90' lang='lat' dir='ltr'><strong>percussit,</strong></span> 
     </span>
    </p>
   </div>
   <div class='ocr_carea' id='block_1_53' title="bbox 1767 1033 3360 1103">
    <p class='ocr_par' dir='ltr' id='par_1_53' title="bbox 1767 1033 3360 1103">
     <span class='ocr_line' id='line_1_53' title="bbox 1767 1033 3360 1103; baseline 0.002 -16"><span class='ocrx_word' id='word_1_368' title='bbox 1767 1033 1973 1103; x_wconf 92' lang='lat' dir='ltr'><strong>pariter</strong></span> <span class='ocrx_word' id='word_1_369' title='bbox 2024 1033 2076 1087; x_wconf 92' lang='lat' dir='ltr'><strong>in</strong></span> <span class='ocrx_word' id='word_1_370' title='bbox 2131 1040 2330 1087; x_wconf 88' lang='lat' dir='ltr'><strong>terram</strong></span> <span class='ocrx_word' id='word_1_371' title='bbox 2390 1033 2720 1088; x_wconf 90' lang='lat' dir='ltr'><strong>ceciderunt.</strong></span> <span class='ocrx_word' id='word_1_372' title='bbox 2771 1035 2970 1090; x_wconf 91' lang='lat' dir='ltr'><strong>Passus</strong></span> <span class='ocrx_word' id='word_1_373' title='bbox 3015 1044 3098 1090; x_wconf 90' lang='lat' dir='ltr'><strong>est</strong></span> <span class='ocrx_word' id='word_1_374' title='bbox 3144 1053 3266 1092; x_wconf 88' lang='lat' dir='ltr'><strong>cum</strong></span> <span class='ocrx_word' id='word_1_375' title='bbox 3295 1052 3360 1090; x_wconf 78' lang='lat' dir='ltr'><strong>eo</strong></span> 
     </span>
    </p>
   </div>
   <div class='ocr_carea' id='block_1_54' title="bbox 1767 1123 3356 1196">
    <p class='ocr_par' dir='ltr' id='par_1_54' title="bbox 1767 1123 3356 1196">
     <span class='ocr_line' id='line_1_54' title="bbox 1767 1123 3356 1196; baseline 0.001 -16"><span class='ocrx_word' id='word_1_376' title='bbox 1767 1125 1930 1180; x_wconf 91' lang='lat' dir='ltr'><strong>etiam</strong></span> <span class='ocrx_word' id='word_1_377' title='bbox 1961 1141 2101 1180; x_wconf 89' lang='lat' dir='ltr'><strong>unus</strong></span> <span class='ocrx_word' id='word_1_378' title='bbox 2123 1125 2189 1180; x_wconf 84' lang='lat' dir='ltr'><strong>de</strong></span> <span class='ocrx_word' id='word_1_379' title='bbox 2216 1123 2498 1189; x_wconf 89' lang='lat' dir='ltr'><strong>militibus,</strong></span> <span class='ocrx_word' id='word_1_380' title='bbox 2531 1139 2595 1179; x_wconf 93' lang='lat' dir='ltr'><strong>eo</strong></span> <span class='ocrx_word' id='word_1_381' title='bbox 2624 1125 2766 1195; x_wconf 91' lang='lat' dir='ltr'><strong>quod</strong></span> <span class='ocrx_word' id='word_1_382' title='bbox 2802 1139 2926 1179; x_wconf 91' lang='lat' dir='ltr'><strong>eum</strong></span> <span class='ocrx_word' id='word_1_383' title='bbox 2959 1123 3122 1180; x_wconf 89' lang='lat' dir='ltr'><strong>ferire</strong></span> <span class='ocrx_word' id='word_1_384' title='bbox 3150 1126 3356 1196; x_wconf 88' lang='lat' dir='ltr'><strong>jussus,</strong></span> 
     </span>
    </p>
   </div>
   <div class='ocr_carea' id='block_1_55' title="bbox 1767 1217 3360 1287">
    <p class='ocr_par' dir='ltr' id='par_1_55' title="bbox 1767 1217 3360 1287">
     <span class='ocr_line' id='line_1_55' title="bbox 1767 1217 3360 1287; baseline -0.001 -16"><span class='ocrx_word' id='word_1_385' title='bbox 1767 1217 2024 1282; x_wconf 88' lang='lat' dir='ltr'><strong>noluerit,</strong></span> <span class='ocrx_word' id='word_1_386' title='bbox 2073 1217 2257 1272; x_wconf 89' lang='lat' dir='ltr'><strong>divino</strong></span> <span class='ocrx_word' id='word_1_387' title='bbox 2310 1217 2494 1286; x_wconf 91' lang='lat' dir='ltr'><strong>utique</strong></span> <span class='ocrx_word' id='word_1_388' title='bbox 2541 1218 2860 1287; x_wconf 89' lang='lat' dir='ltr'><strong>perterritus</strong></span> <span class='ocrx_word' id='word_1_389' title='bbox 2910 1217 3194 1282; x_wconf 87' lang='lat' dir='ltr'><strong>miraculo,</strong></span> <span class='ocrx_word' id='word_1_390' title='bbox 3234 1217 3360 1287; x_wconf 91' lang='lat' dir='ltr'><strong>quia</strong></span> 
     </span>
    </p>
   </div>
   <div class='ocr_carea' id='block_1_56' title="bbox 1767 1308 3357 1380">
    <p class='ocr_par' dir='ltr' id='par_1_56' title="bbox 1767 1308 3357 1380">
     <span class='ocr_line' id='line_1_56' title="bbox 1767 1308 3357 1380; baseline 0.001 -18"><span class='ocrx_word' id='word_1_391' title='bbox 1767 1308 1976 1363; x_wconf 87' lang='lat' dir='ltr'><strong>viderat</strong></span> <span class='ocrx_word' id='word_1_392' title='bbox 2014 1309 2230 1364; x_wconf 90' lang='lat' dir='ltr'><strong>beatum</strong></span> <span class='ocrx_word' id='word_1_393' title='bbox 2282 1318 2576 1380; x_wconf 85' lang='lat' dir='ltr'><strong>martyrem</strong></span> <span class='ocrx_word' id='word_1_394' title='bbox 2623 1309 2760 1376; x_wconf 92' lang='lat' dir='ltr'><strong>sibi,</strong></span> <span class='ocrx_word' id='word_1_395' title='bbox 2798 1310 2923 1364; x_wconf 91' lang='lat' dir='ltr'><strong>dum</strong></span> <span class='ocrx_word' id='word_1_396' title='bbox 2980 1311 3045 1364; x_wconf 87' lang='lat' dir='ltr'><strong>ad</strong></span> <span class='ocrx_word' id='word_1_397' title='bbox 3101 1326 3357 1366; x_wconf 77' lang='lat' dir='ltr'><strong>coronant</strong></span> 
     </span>
    </p>
   </div>
   <div class='ocr_carea' id='block_1_57' title="bbox 1769 1400 3361 1472">
    <p class='ocr_par' dir='ltr' id='par_1_57' title="bbox 1769 1400 3361 1472">
     <span class='ocr_line' id='line_1_57' title="bbox 1769 1400 3361 1472; baseline 0 -18"><span class='ocrx_word' id='word_1_398' title='bbox 1769 1401 2012 1471; x_wconf 82' lang='lat' dir='ltr'><strong>martyrii</strong></span> <span class='ocrx_word' id='word_1_399' title='bbox 2041 1400 2604 1471; x_wconf 89' lang='lat' dir='ltr'><strong>properaret,alveum</strong></span> <span class='ocrx_word' id='word_1_400' title='bbox 2629 1401 2804 1456; x_wconf 90' lang='lat' dir='ltr'><strong>amnis</strong></span> <span class='ocrx_word' id='word_1_401' title='bbox 2835 1400 3138 1472; x_wconf 86' lang='lat' dir='ltr'><strong>interpositi</strong></span> <span class='ocrx_word' id='word_1_402' title='bbox 3153 1400 3361 1455; x_wconf 88' lang='lat' dir='ltr'><strong>orando</strong></span> 
     </span>
    </p>
   </div>
   <div class='ocr_carea' id='block_1_58' title="bbox 1770 1487 3362 1564">
    <p class='ocr_par' dir='ltr' id='par_1_58' title="bbox 1770 1487 3362 1564">
     <span class='ocr_line' id='line_1_58' title="bbox 1770 1487 3362 1564; baseline 0 -16"><span class='ocrx_word' id='word_1_403' title='bbox 1770 1494 2210 1550; x_wconf 90' lang='lat' dir='ltr'><strong>transmeabilem</strong></span> <span class='ocrx_word' id='word_1_404' title='bbox 2243 1487 2586 1549; x_wconf 70' lang='lat' dir='ltr'><strong>reddidisse.</strong></span> <span class='ocrx_word' id='word_1_405' title='bbox 2635 1493 2753 1561; x_wconf 87' lang='lat' dir='ltr'><strong>Quo</strong></span> <span class='ocrx_word' id='word_1_406' title='bbox 2787 1494 2841 1547; x_wconf 92' lang='lat' dir='ltr'><strong>in</strong></span> <span class='ocrx_word' id='word_1_407' title='bbox 2890 1502 3152 1563; x_wconf 90' lang='lat' dir='ltr'><strong>tempore,</strong></span> <span class='ocrx_word' id='word_1_408' title='bbox 3178 1508 3362 1564; x_wconf 82' lang='lat' dir='ltr'><strong>perse-</strong></span> 
     </span>
    </p>
   </div>
   <div class='ocr_carea' id='block_1_59' title="bbox 1769 1576 3360 1659">
    <p class='ocr_par' dir='ltr' id='par_1_59' title="bbox 1769 1576 3360 1659">
     <span class='ocr_line' id='line_1_59' title="bbox 1769 1576 3360 1659; baseline -0.001 -16"><span class='ocrx_word' id='word_1_409' title='bbox 1769 1587 1917 1643; x_wconf 91' lang='lat' dir='ltr'><strong>cutio</strong></span> <span class='ocrx_word' id='word_1_410' title='bbox 1957 1588 2212 1654; x_wconf 88' lang='lat' dir='ltr'><strong>crudelis,</strong></span> <span class='ocrx_word' id='word_1_411' title='bbox 2258 1587 2459 1644; x_wconf 88' lang='lat' dir='ltr'><strong>Oceani</strong></span> <span class='ocrx_word' id='word_1_412' title='bbox 2507 1587 2734 1644; x_wconf 91' lang='lat' dir='ltr'><strong>limbum</strong></span> <span class='ocrx_word' id='word_1_413' title='bbox 2787 1576 3148 1659; x_wconf 83' lang='lat' dir='ltr'><strong>transgressa,</strong></span> <span class='ocrx_word' id='word_1_414' title='bbox 3198 1587 3360 1642; x_wconf 92' lang='lat' dir='ltr'><strong>etiam</strong></span> 
     </span>
    </p>
   </div>
   <div class='ocr_carea' id='block_1_60' title="bbox 1770 1677 3365 1750">
    <p class='ocr_par' dir='ltr' id='par_1_60' title="bbox 1770 1677 3365 1750">
     <span class='ocr_line' id='line_1_60' title="bbox 1770 1677 3365 1750; baseline 0.001 -16"><span class='ocrx_word' id='word_1_415' title='bbox 1770 1678 1950 1734; x_wconf 84' lang='lat' dir='ltr'><strong>Aaron</strong></span> <span class='ocrx_word' id='word_1_416' title='bbox 1980 1689 2036 1735; x_wconf 92' lang='lat' dir='ltr'><strong>et</strong></span> <span class='ocrx_word' id='word_1_417' title='bbox 2063 1677 2263 1734; x_wconf 85' lang='lat' dir='ltr'><strong>Julium</strong></span> <span class='ocrx_word' id='word_1_418' title='bbox 2294 1680 2613 1746; x_wconf 89' lang='lat' dir='ltr'><strong>Britannia,</strong></span> <span class='ocrx_word' id='word_1_419' title='bbox 2649 1695 2776 1735; x_wconf 92' lang='lat' dir='ltr'><strong>cum</strong></span> <span class='ocrx_word' id='word_1_420' title='bbox 2804 1679 2925 1734; x_wconf 90' lang='lat' dir='ltr'><strong>aliis</strong></span> <span class='ocrx_word' id='word_1_421' title='bbox 2953 1679 3202 1750; x_wconf 88' lang='lat' dir='ltr'><strong>pluribus</strong></span> <span class='ocrx_word' id='word_1_422' title='bbox 3230 1679 3365 1735; x_wconf 89' lang='lat' dir='ltr'><strong>viris</strong></span> 
     </span>
    </p>
   </div>
   <div class='ocr_carea' id='block_1_61' title="bbox 1771 1772 2829 1851">
    <p class='ocr_par' dir='ltr' id='par_1_61' title="bbox 1771 1772 2829 1851">
     <span class='ocr_line' id='line_1_61' title="bbox 1771 1772 2829 1851; baseline -0.005 -22"><span class='ocrx_word' id='word_1_423' title='bbox 1771 1788 1835 1851; x_wconf 72' lang='lat' dir='ltr'><strong>ac</strong></span> <span class='ocrx_word' id='word_1_424' title='bbox 1873 1773 2113 1840; x_wconf 89' lang='lat' dir='ltr'><strong>feminis,</strong></span> <span class='ocrx_word' id='word_1_425' title='bbox 2145 1772 2291 1828; x_wconf 85' lang='lat' dir='ltr'><strong>felici</strong></span> <span class='ocrx_word' id='word_1_426' title='bbox 2313 1788 2508 1829; x_wconf 83' lang='lat' dir='ltr'><strong>cruore</strong></span> <span class='ocrx_word' id='word_1_427' title='bbox 2535 1772 2829 1828; x_wconf 89' lang='lat' dir='ltr'><strong>damnavit.</strong></span> 
     </span>
    </p>
   </div>
   <div class='ocr_carea' id='block_1_62' title="bbox 1697 1844 3365 1943">
    <p class='ocr_par' dir='ltr' id='par_1_62' title="bbox 1697 1844 3365 1943">
     <span class='ocr_line' id='line_1_62' title="bbox 1697 1844 3365 1943; baseline -0.002 -16"><span class='ocrx_word' id='word_1_428' title='bbox 1697 1880 1748 1943; x_wconf 80' lang='grc' dir='ltr'><strong>Β</strong></span> <span class='ocrx_word' id='word_1_429' title='bbox 1792 1844 1804 1851; x_wconf 49' lang='grc'><em>’</em></span> <span class='ocrx_word' id='word_1_430' title='bbox 1847 1873 1978 1928; x_wconf 87' lang='lat' dir='ltr'><strong>Item</strong></span> <span class='ocrx_word' id='word_1_431' title='bbox 2010 1872 2063 1927; x_wconf 92' lang='lat' dir='ltr'><strong>in</strong></span> <span class='ocrx_word' id='word_1_432' title='bbox 2086 1871 2304 1928; x_wconf 88' lang='lat' dir='ltr'><strong>civitate</strong></span> <span class='ocrx_word' id='word_1_433' title='bbox 2331 1871 2462 1928; x_wconf 87' lang='lat' dir='ltr'><strong>Nola</strong></span> <span class='ocrx_word' id='word_1_434' title='bbox 2484 1871 2792 1943; x_wconf 87' lang='lat' dir='ltr'><strong>Campania</strong></span> <span class='ocrx_word' id='word_1_435' title='bbox 2810 1869 3006 1926; x_wconf 87' lang='lat' dir='ltr'><strong>natalis</strong></span> <span class='ocrx_word' id='word_1_436' title='bbox 3030 1871 3203 1927; x_wconf 91' lang='lat' dir='ltr'><strong>sancti</strong></span> <span class='ocrx_word' id='word_1_437' title='bbox 3231 1844 3365 1925; x_wconf 82' lang='lat' dir='ltr'><strong>Pau-</strong></span> 
     </span>
    </p>
   </div>
   <div class='ocr_carea' id='block_1_63' title="bbox 1774 1962 3364 2036">
    <p class='ocr_par' dir='ltr' id='par_1_63' title="bbox 1774 1962 3364 2036">
     <span class='ocr_line' id='line_1_63' title="bbox 1774 1962 3364 2036; baseline -0.002 -16"><span class='ocrx_word' id='word_1_438' title='bbox 1774 1965 1870 2020; x_wconf 91' lang='lat' dir='ltr'><strong>lini</strong></span> <span class='ocrx_word' id='word_1_439' title='bbox 1901 1977 1923 2004; x_wconf 78' lang='grc' dir='ltr'><em>ε</em></span> <span class='ocrx_word' id='word_1_440' title='bbox 1956 1965 2196 2036; x_wconf 88' lang='lat' dir='ltr'><strong>episcopi</strong></span> <span class='ocrx_word' id='word_1_441' title='bbox 2251 1975 2305 2021; x_wconf 90' lang='lat' dir='ltr'><strong>et</strong></span> <span class='ocrx_word' id='word_1_442' title='bbox 2355 1966 2715 2028; x_wconf 87' lang='lat' dir='ltr'><strong>confessoris,</strong></span> <span class='ocrx_word' id='word_1_443' title='bbox 2773 1964 2863 2035; x_wconf 92' lang='lat' dir='ltr'><strong>qui</strong></span> <span class='ocrx_word' id='word_1_444' title='bbox 2912 1979 2972 2019; x_wconf 90' lang='lat' dir='ltr'><strong>se</strong></span> <span class='ocrx_word' id='word_1_445' title='bbox 3028 1962 3364 2033; x_wconf 90' lang='lat' dir='ltr'><strong>temporibus</strong></span> 
     </span>
    </p>
   </div>
   <div class='ocr_carea' id='block_1_64' title="bbox 1772 2057 3360 2131">
    <p class='ocr_par' dir='ltr' id='par_1_64' title="bbox 1772 2057 3360 2131">
     <span class='ocr_line' id='line_1_64' title="bbox 1772 2057 3360 2131; baseline -0.001 -17"><span class='ocrx_word' id='word_1_446' title='bbox 1772 2058 2164 2116; x_wconf 88' lang='lat' dir='ltr'><strong>Wandalorum</strong></span> <span class='ocrx_word' id='word_1_447' title='bbox 2187 2075 2288 2131; x_wconf 91' lang='lat' dir='ltr'><strong>pro</strong></span> <span class='ocrx_word' id='word_1_448' title='bbox 2317 2060 2427 2116; x_wconf 83' lang='lat' dir='ltr'><strong>tilio</strong></span> <span class='ocrx_word' id='word_1_449' title='bbox 2447 2059 2726 2128; x_wconf 88' lang='lat' dir='ltr'><strong>cujusdam</strong></span> <span class='ocrx_word' id='word_1_450' title='bbox 2754 2059 2929 2114; x_wconf 83' lang='lat' dir='ltr'><strong>viduae</strong></span> <span class='ocrx_word' id='word_1_451' title='bbox 2955 2058 3008 2113; x_wconf 91' lang='lat' dir='ltr'><strong>in</strong></span> <span class='ocrx_word' id='word_1_452' title='bbox 3046 2057 3360 2115; x_wconf 89' lang='lat' dir='ltr'><strong>servitutem</strong></span> 
     </span>
    </p>
   </div>
   <div class='ocr_carea' id='block_1_65' title="bbox 1774 2147 3365 2225">
    <p class='ocr_par' dir='ltr' id='par_1_65' title="bbox 1774 2147 3365 2225">
     <span class='ocr_line' id='line_1_65' title="bbox 1774 2147 3365 2225; baseline -0.001 -21"><span class='ocrx_word' id='word_1_453' title='bbox 1774 2151 2014 2217; x_wconf 89' lang='lat' dir='ltr'><strong>tradens,</strong></span> <span class='ocrx_word' id='word_1_454' title='bbox 2045 2159 2100 2206; x_wconf 89' lang='lat' dir='ltr'><strong>et</strong></span> <span class='ocrx_word' id='word_1_455' title='bbox 2146 2150 2374 2206; x_wconf 87' lang='lat' dir='ltr'><strong>terribili</strong></span> <span class='ocrx_word' id='word_1_456' title='bbox 2426 2149 2636 2206; x_wconf 86' lang='lat' dir='ltr'><strong>visione</strong></span> <span class='ocrx_word' id='word_1_457' title='bbox 2683 2148 2812 2223; x_wconf 9' lang='lat' dir='ltr'><strong>regi,</strong></span> <span class='ocrx_word' id='word_1_458' title='bbox 2847 2162 3031 2204; x_wconf 87' lang='lat' dir='ltr'><strong>eorum</strong></span> <span class='ocrx_word' id='word_1_459' title='bbox 3062 2147 3365 2225; x_wconf 31' lang='lat' dir='ltr'><strong>quis-esset</strong></span> 
     </span>
    </p>
   </div>
   <div class='ocr_carea' id='block_1_66' title="bbox 1772 2239 3364 2312">
    <p class='ocr_par' dir='ltr' id='par_1_66' title="bbox 1772 2239 3364 2312">
     <span class='ocr_line' id='line_1_66' title="bbox 1772 2239 3364 2312; baseline -0.001 -16"><span class='ocrx_word' id='word_1_460' title='bbox 1772 2242 2011 2312; x_wconf 86' lang='lat' dir='ltr'><strong>agnitus,</strong></span> <span class='ocrx_word' id='word_1_461' title='bbox 2059 2239 2270 2298; x_wconf 78' lang='lat' dir='ltr'><strong>reddita</strong></span> <span class='ocrx_word' id='word_1_462' title='bbox 2297 2241 2401 2297; x_wconf 87' lang='lat' dir='ltr'><strong>sibi</strong></span> <span class='ocrx_word' id='word_1_463' title='bbox 2433 2240 2581 2296; x_wconf 92' lang='lat' dir='ltr'><strong>omni</strong></span> <span class='ocrx_word' id='word_1_464' title='bbox 2605 2239 2920 2311; x_wconf 88' lang='lat' dir='ltr'><strong>captivitate</strong></span> <span class='ocrx_word' id='word_1_465' title='bbox 2957 2239 3195 2295; x_wconf 84' lang='lat' dir='ltr'><strong>civitatis</strong></span> <span class='ocrx_word' id='word_1_466' title='bbox 3228 2254 3364 2306; x_wconf 85' lang='lat' dir='ltr'><strong>sua,</strong></span> 
     </span>
    </p>
   </div>
   <div class='ocr_carea' id='block_1_67' title="bbox 1772 2329 3364 2402">
    <p class='ocr_par' dir='ltr' id='par_1_67' title="bbox 1772 2329 3364 2402">
     <span class='ocr_line' id='line_1_67' title="bbox 1772 2329 3364 2402; baseline 0 -15"><span class='ocrx_word' id='word_1_467' title='bbox 1772 2340 1828 2387; x_wconf 92' lang='lat' dir='ltr'><strong>et</strong></span> <span class='ocrx_word' id='word_1_468' title='bbox 1854 2332 2096 2388; x_wconf 90' lang='lat' dir='ltr'><strong>oneratis</strong></span> <span class='ocrx_word' id='word_1_469' title='bbox 2127 2331 2402 2387; x_wconf 89' lang='lat' dir='ltr'><strong>frumento</strong></span> <span class='ocrx_word' id='word_1_470' title='bbox 2427 2330 2681 2397; x_wconf 89' lang='lat' dir='ltr'><strong>navibus,</strong></span> <span class='ocrx_word' id='word_1_471' title='bbox 2701 2345 2825 2386; x_wconf 91' lang='lat' dir='ltr'><strong>cum</strong></span> <span class='ocrx_word' id='word_1_472' title='bbox 2873 2330 3077 2402; x_wconf 84' lang='lat' dir='ltr'><strong>ingenti</strong></span> <span class='ocrx_word' id='word_1_473' title='bbox 3100 2329 3270 2402; x_wconf 89' lang='lat' dir='ltr'><strong>gloria</strong></span> <span class='ocrx_word' id='word_1_474' title='bbox 3295 2347 3364 2387; x_wconf 90' lang='lat' dir='ltr'><strong>ex</strong></span> 
     </span>
    </p>
   </div>
   <div class='ocr_carea' id='block_1_68' title="bbox 1771 2422 3368 2496">
    <p class='ocr_par' dir='ltr' id='par_1_68' title="bbox 1771 2422 3368 2496">
     <span class='ocr_line' id='line_1_68' title="bbox 1771 2422 3368 2496; baseline 0.001 -18"><span class='ocrx_word' id='word_1_475' title='bbox 1771 2423 1952 2478; x_wconf 82' lang='lat' dir='ltr'><strong>Africa</strong></span> <span class='ocrx_word' id='word_1_476' title='bbox 2009 2425 2077 2478; x_wconf 91' lang='lat' dir='ltr'><strong>ad</strong></span> <span class='ocrx_word' id='word_1_477' title='bbox 2131 2424 2403 2496; x_wconf 90' lang='lat' dir='ltr'><strong>propriam</strong></span> <span class='ocrx_word' id='word_1_478' title='bbox 2457 2424 2641 2479; x_wconf 88' lang='lat' dir='ltr'><strong>sedem</strong></span> <span class='ocrx_word' id='word_1_479' title='bbox 2692 2437 2944 2479; x_wconf 89' lang='lat' dir='ltr'><strong>reversus</strong></span> <span class='ocrx_word' id='word_1_480' title='bbox 3008 2432 3111 2478; x_wconf 90' lang='lat' dir='ltr'><strong>est.</strong></span> <span class='ocrx_word' id='word_1_481' title='bbox 3156 2422 3368 2479; x_wconf 90' lang='lat' dir='ltr'><strong>Claruit</strong></span> 
     </span>
    </p>
   </div>
   <div class='ocr_carea' id='block_1_69' title="bbox 1773 2515 3366 2587">
    <p class='ocr_par' dir='ltr' id='par_1_69' title="bbox 1773 2515 3366 2587">
     <span class='ocr_line' id='line_1_69' title="bbox 1773 2515 3366 2587; baseline 0.002 -18"><span class='ocrx_word' id='word_1_482' title='bbox 1773 2526 1954 2571; x_wconf 87' lang='lat' dir='ltr'><strong>autem</strong></span> <span class='ocrx_word' id='word_1_483' title='bbox 1985 2532 2091 2573; x_wconf 89' lang='lat' dir='ltr'><strong>non</strong></span> <span class='ocrx_word' id='word_1_484' title='bbox 2113 2517 2286 2572; x_wconf 91' lang='lat' dir='ltr'><strong>solum</strong></span> <span class='ocrx_word' id='word_1_485' title='bbox 2315 2515 2644 2582; x_wconf 85' lang='lat' dir='ltr'><strong>eruditione,</strong></span> <span class='ocrx_word' id='word_1_486' title='bbox 2674 2523 2730 2571; x_wconf 91' lang='lat' dir='ltr'><strong>et</strong></span> <span class='ocrx_word' id='word_1_487' title='bbox 2754 2516 2974 2587; x_wconf 90' lang='lat' dir='ltr'><strong>copiosa</strong></span> <span class='ocrx_word' id='word_1_488' title='bbox 3001 2517 3125 2571; x_wconf 86' lang='lat' dir='ltr'><strong>vita</strong></span> <span class='ocrx_word' id='word_1_489' title='bbox 3165 2515 3366 2572; x_wconf 90' lang='lat' dir='ltr'><strong>sancti-</strong></span> 
     </span>
    </p>
   </div>
   <div class='ocr_carea' id='block_1_70' title="bbox 1774 2604 3098 2678">
    <p class='ocr_par' dir='ltr' id='par_1_70' title="bbox 1774 2604 3098 2678">
     <span class='ocr_line' id='line_1_70' title="bbox 1774 2604 3098 2678; baseline 0.001 -18"><span class='ocrx_word' id='word_1_490' title='bbox 1774 2614 1905 2672; x_wconf 92' lang='lat' dir='ltr'><strong>tate,</strong></span> <span class='ocrx_word' id='word_1_491' title='bbox 1935 2607 2030 2662; x_wconf 88' lang='lat' dir='ltr'><strong>sed</strong></span> <span class='ocrx_word' id='word_1_492' title='bbox 2057 2607 2222 2661; x_wconf 89' lang='lat' dir='ltr'><strong>etiam</strong></span> <span class='ocrx_word' id='word_1_493' title='bbox 2245 2604 2486 2678; x_wconf 78' lang='lat' dir='ltr'><strong>polentia</strong></span> <span class='ocrx_word' id='word_1_494' title='bbox 2515 2607 2780 2663; x_wconf 90' lang='lat' dir='ltr'><strong>adversus</strong></span> <span class='ocrx_word' id='word_1_495' title='bbox 2807 2607 3098 2662; x_wconf 82' lang='lat' dir='ltr'><strong>damones.</strong></span> 
     </span>
    </p>
   </div>
   <div class='ocr_carea' id='block_1_71' title="bbox 1843 2697 3364 2770">
    <p class='ocr_par' dir='ltr' id='par_1_71' title="bbox 1843 2697 3364 2770">
     <span class='ocr_line' id='line_1_71' title="bbox 1843 2697 3364 2770; baseline 0.004 -18"><span class='ocrx_word' id='word_1_496' title='bbox 1843 2698 1962 2768; x_wconf 88' lang='lat' dir='ltr'><strong>Ipso</strong></span> <span class='ocrx_word' id='word_1_497' title='bbox 1977 2699 2085 2766; x_wconf 89' lang='lat' dir='ltr'><strong>die,</strong></span> <span class='ocrx_word' id='word_1_498' title='bbox 2108 2699 2374 2770; x_wconf 88' lang='lat' dir='ltr'><strong>depositio</strong></span> <span class='ocrx_word' id='word_1_499' title='bbox 2395 2698 2540 2755; x_wconf 90' lang='lat' dir='ltr'><strong>beati</strong></span> <span class='ocrx_word' id='word_1_500' title='bbox 2561 2697 2741 2756; x_wconf 84' lang='lat' dir='ltr'><strong>Nicea</strong></span> <span class='ocrx_word' id='word_1_501' title='bbox 2759 2698 3100 2755; x_wconf 82' lang='lat' dir='ltr'><strong>Romatiana</strong></span> <span class='ocrx_word' id='word_1_502' title='bbox 3122 2699 3364 2758; x_wconf 79' lang='lat' dir='ltr'><strong>civitatis</strong></span> 
     </span>
    </p>
   </div>
   <div class='ocr_carea' id='block_1_72' title="bbox 1774 2790 2802 2862">
    <p class='ocr_par' dir='ltr' id='par_1_72' title="bbox 1774 2790 2802 2862">
     <span class='ocr_line' id='line_1_72' title="bbox 1774 2790 2802 2862; baseline -0.006 -16"><span class='ocrx_word' id='word_1_503' title='bbox 1774 2790 2034 2862; x_wconf 87' lang='lat' dir='ltr'><strong>episcopi.</strong></span> <span class='ocrx_word' id='word_1_504' title='bbox 2798 2837 2802 2840; x_wconf 83' lang='lat'><strong>.</strong></span> 
     </span>
    </p>
   </div>
   <div class='ocr_carea' id='block_1_73' title="bbox 2207 2903 2945 2961">
    <p class='ocr_par' dir='ltr' id='par_1_73' title="bbox 2207 2903 2945 2961">
     <span class='ocr_line' id='line_1_73' title="bbox 2207 2903 2945 2961; baseline 0 -2"><span class='ocrx_word' id='word_1_505' title='bbox 2207 2903 2270 2959; x_wconf 86' lang='lat' dir='ltr'><strong>F.</strong></span> <span class='ocrx_word' id='word_1_506' title='bbox 2309 2903 2382 2960; x_wconf 81' lang='lat' dir='ltr'><strong>1X</strong></span> <span class='ocrx_word' id='word_1_507' title='bbox 2415 2904 2712 2960; x_wconf 83' lang='lat' dir='ltr'><strong>KALEND.</strong></span> <span class='ocrx_word' id='word_1_508' title='bbox 2752 2903 2945 2961; x_wconf 86' lang='lat' dir='ltr'><strong>JULII.</strong></span> 
     </span>
    </p>
   </div>
   <div class='ocr_carea' id='block_1_74' title="bbox 2427 2996 2724 3070">
    <p class='ocr_par' dir='ltr' id='par_1_74' title="bbox 2427 2996 2724 3070">
     <span class='ocr_line' id='line_1_74' title="bbox 2427 2996 2724 3070; baseline 0 -17"><span class='ocrx_word' id='word_1_509' title='bbox 2427 2997 2532 3068; x_wconf 75' lang='lat'><strong>(25</strong></span> <span class='ocrx_word' id='word_1_510' title='bbox 2567 2996 2724 3070; x_wconf 83' lang='lat' dir='ltr'><strong>Jun.)</strong></span> 
     </span>
    </p>
   </div>
   <div class='ocr_carea' id='block_1_75' title="bbox 1848 3089 2676 3163">
    <p class='ocr_par' dir='ltr' id='par_1_75' title="bbox 1848 3089 2676 3163">
     <span class='ocr_line' id='line_1_75' title="bbox 1848 3089 2676 3163; baseline -0.002 -16"><span class='ocrx_word' id='word_1_511' title='bbox 1848 3091 2038 3163; x_wconf 85' lang='lat' dir='ltr'><strong>Vigilia</strong></span> <span class='ocrx_word' id='word_1_512' title='bbox 2069 3089 2127 3147; x_wconf 88' lang='lat' dir='ltr'><strong>S.</strong></span> <span class='ocrx_word' id='word_1_513' title='bbox 2153 3089 2378 3147; x_wconf 85' lang='lat' dir='ltr'><strong>Joannis</strong></span> <span class='ocrx_word' id='word_1_514' title='bbox 2401 3091 2676 3162; x_wconf 88' lang='lat' dir='ltr'><strong>Baptista.</strong></span> 
     </span>
    </p>
   </div>
   <div class='ocr_carea' id='block_1_76' title="bbox 1844 3184 3366 3258">
    <p class='ocr_par' dir='ltr' id='par_1_76' title="bbox 1844 3184 3366 3258">
     <span class='ocr_line' id='line_1_76' title="bbox 1844 3184 3366 3258; baseline 0.003 -18"><span class='ocrx_word' id='word_1_515' title='bbox 1844 3184 2047 3240; x_wconf 89' lang='lat' dir='ltr'><strong>Eodem</strong></span> <span class='ocrx_word' id='word_1_516' title='bbox 2077 3185 2164 3241; x_wconf 90' lang='lat' dir='ltr'><strong>die</strong></span> <span class='ocrx_word' id='word_1_517' title='bbox 2195 3185 2369 3241; x_wconf 89' lang='lat' dir='ltr'><strong>sancti</strong></span> <span class='ocrx_word' id='word_1_518' title='bbox 2399 3184 2623 3241; x_wconf 88' lang='lat' dir='ltr'><strong>Joannis</strong></span> <span class='ocrx_word' id='word_1_519' title='bbox 2642 3191 2962 3258; x_wconf 80' lang='lat' dir='ltr'><strong>presoyteri,</strong></span> <span class='ocrx_word' id='word_1_520' title='bbox 2992 3199 3153 3256; x_wconf 89' lang='lat' dir='ltr'><strong>quem</strong></span> <span class='ocrx_word' id='word_1_521' title='bbox 3166 3184 3366 3257; x_wconf 77' lang='lat' dir='ltr'><strong>impius</strong></span> 
     </span>
    </p>
   </div>
   <div class='ocr_carea' id='block_1_77' title="bbox 1773 3275 3364 3343">
    <p class='ocr_par' dir='ltr' id='par_1_77' title="bbox 1773 3275 3364 3343">
     <span class='ocr_line' id='line_1_77' title="bbox 1773 3275 3364 3343; baseline 0 -11"><span class='ocrx_word' id='word_1_522' title='bbox 1773 3275 2020 3332; x_wconf 80' lang='lat' dir='ltr'><strong>Julianus</strong></span> <span class='ocrx_word' id='word_1_523' title='bbox 2054 3276 2360 3332; x_wconf 91' lang='lat' dir='ltr'><strong>inauditum</strong></span> <span class='ocrx_word' id='word_1_524' title='bbox 2392 3275 2477 3330; x_wconf 91' lang='lat' dir='ltr'><strong>via</strong></span> <span class='ocrx_word' id='word_1_525' title='bbox 2518 3275 2728 3332; x_wconf 89' lang='lat' dir='ltr'><strong>Salaria</strong></span> <span class='ocrx_word' id='word_1_526' title='bbox 2774 3286 2985 3343; x_wconf 90' lang='lat' dir='ltr'><strong>vetere,</strong></span> <span class='ocrx_word' id='word_1_527' title='bbox 3037 3286 3165 3333; x_wconf 91' lang='lat' dir='ltr'><strong>ante</strong></span> <span class='ocrx_word' id='word_1_528' title='bbox 3193 3277 3364 3334; x_wconf 88' lang='lat' dir='ltr'><strong>simu-</strong></span> 
     </span>
    </p>
   </div>
   <div class='ocr_carea' id='block_1_78' title="bbox 1775 3369 3363 3442">
    <p class='ocr_par' dir='ltr' id='par_1_78' title="bbox 1775 3369 3363 3442">
     <span class='ocr_line' id='line_1_78' title="bbox 1775 3369 3363 3442; baseline 0.004 -18"><span class='ocrx_word' id='word_1_529' title='bbox 1775 3369 1982 3426; x_wconf 88' lang='lat' dir='ltr'><strong>lacrum</strong></span> <span class='ocrx_word' id='word_1_530' title='bbox 2003 3369 2145 3426; x_wconf 94' lang='lat' dir='ltr'><strong>Solis</strong></span> <span class='ocrx_word' id='word_1_531' title='bbox 2174 3370 2426 3438; x_wconf 87' lang='lat' dir='ltr'><strong>decollari</strong></span> <span class='ocrx_word' id='word_1_532' title='bbox 2453 3371 2730 3442; x_wconf 86' lang='lat' dir='ltr'><strong>pracepit.</strong></span> <span class='ocrx_word' id='word_1_533' title='bbox 2747 3369 2913 3440; x_wconf 88' lang='lat' dir='ltr'><strong>Cujus</strong></span> <span class='ocrx_word' id='word_1_534' title='bbox 2939 3387 3180 3442; x_wconf 90' lang='lat' dir='ltr'><strong>corpusa</strong></span> <span class='ocrx_word' id='word_1_535' title='bbox 3203 3372 3363 3430; x_wconf 86' lang='lat' dir='ltr'><strong>beato</strong></span> 
     </span>
    </p>
   </div>
   <div class='ocr_carea' id='block_1_79' title="bbox 1774 3460 3364 3536">
    <p class='ocr_par' dir='ltr' id='par_1_79' title="bbox 1774 3460 3364 3536">
     <span class='ocr_line' id='line_1_79' title="bbox 1774 3460 3364 3536; baseline 0.004 -19"><span class='ocrx_word' id='word_1_536' title='bbox 1774 3460 2076 3517; x_wconf 82' lang='lat' dir='ltr'><strong>Concordia</strong></span> <span class='ocrx_word' id='word_1_537' title='bbox 2090 3464 2408 3535; x_wconf 90' lang='lat' dir='ltr'><strong>presbytero</strong></span> <span class='ocrx_word' id='word_1_538' title='bbox 2422 3463 2732 3531; x_wconf 88' lang='lat' dir='ltr'><strong>collectum,</strong></span> <span class='ocrx_word' id='word_1_539' title='bbox 2747 3472 2802 3519; x_wconf 93' lang='lat' dir='ltr'><strong>et</strong></span> <span class='ocrx_word' id='word_1_540' title='bbox 2817 3464 3083 3536; x_wconf 89' lang='lat' dir='ltr'><strong>sepultum</strong></span> <span class='ocrx_word' id='word_1_541' title='bbox 3105 3473 3189 3522; x_wconf 86' lang='lat' dir='ltr'><strong>est</strong></span> <span class='ocrx_word' id='word_1_542' title='bbox 3205 3465 3364 3536; x_wconf 83' lang='lat' dir='ltr'><strong>juxta</strong></span> 
     </span>
    </p>
   </div>
   <div class='ocr_carea' id='block_1_80' title="bbox 1773 3554 3104 3627">
    <p class='ocr_par' dir='ltr' id='par_1_80' title="bbox 1773 3554 3104 3627">
     <span class='ocr_line' id='line_1_80' title="bbox 1773 3554 3104 3627; baseline 0.004 -19"><span class='ocrx_word' id='word_1_543' title='bbox 1773 3554 2001 3609; x_wconf 88' lang='lat' dir='ltr'><strong>concilia</strong></span> <span class='ocrx_word' id='word_1_544' title='bbox 2033 3564 2355 3627; x_wconf 88' lang='lat' dir='ltr'><strong>martyrum.</strong></span> <span class='ocrx_word' id='word_1_545' title='bbox 3031 3595 3033 3598; x_wconf 57' lang='grc' dir='ltr'><strong><em>ι</em></strong></span> <span class='ocrx_word' id='word_1_546' title='bbox 3102 3596 3104 3598; x_wconf 58' lang='grc' dir='ltr'><strong><em>τ</em></strong></span> 
     </span>
    </p>
   </div>
   <div class='ocr_carea' id='block_1_81' title="bbox 1843 3645 3362 3720">
    <p class='ocr_par' dir='ltr' id='par_1_81' title="bbox 1843 3645 3362 3720">
     <span class='ocr_line' id='line_1_81' title="bbox 1843 3645 3362 3720; baseline 0.005 -22"><span class='ocrx_word' id='word_1_547' title='bbox 1843 3645 1999 3714; x_wconf 80' lang='lat' dir='ltr'><strong>Apud</strong></span> <span class='ocrx_word' id='word_1_548' title='bbox 2023 3645 2381 3715; x_wconf 90' lang='lat' dir='ltr'><strong>Britanniam,</strong></span> <span class='ocrx_word' id='word_1_549' title='bbox 2398 3656 2602 3707; x_wconf 89' lang='lat' dir='ltr'><strong>sancta</strong></span> <span class='ocrx_word' id='word_1_550' title='bbox 2616 3647 2924 3703; x_wconf 88' lang='lat' dir='ltr'><strong>Edeltrudis</strong></span> <span class='ocrx_word' id='word_1_551' title='bbox 2952 3647 3176 3720; x_wconf 87' lang='lat' dir='ltr'><strong>virginis</strong></span> <span class='ocrx_word' id='word_1_552' title='bbox 3196 3657 3252 3704; x_wconf 93' lang='lat' dir='ltr'><strong>et</strong></span> <span class='ocrx_word' id='word_1_553' title='bbox 3273 3665 3362 3705; x_wconf 91' lang='lat' dir='ltr'><strong>re-</strong></span> 
     </span>
    </p>
   </div>
   <div class='ocr_carea' id='block_1_82' title="bbox 1743 3737 3441 3814">
    <p class='ocr_par' dir='ltr' id='par_1_82' title="bbox 1743 3737 3441 3814">
     <span class='ocr_line' id='line_1_82' title="bbox 1743 3737 3441 3814; baseline 0.001 -22"><span class='ocrx_word' id='word_1_554' title='bbox 1743 3766 1748 3771; x_wconf 86' lang='lat'>~</span> <span class='ocrx_word' id='word_1_555' title='bbox 1773 3737 1929 3808; x_wconf 84' lang='lat' dir='ltr'><strong>gina,</strong></span> <span class='ocrx_word' id='word_1_556' title='bbox 1949 3737 2103 3809; x_wconf 89' lang='lat' dir='ltr'><strong>cujus</strong></span> <span class='ocrx_word' id='word_1_557' title='bbox 2123 3754 2320 3812; x_wconf 90' lang='lat' dir='ltr'><strong>corpus</strong></span> <span class='ocrx_word' id='word_1_558' title='bbox 2337 3756 2460 3797; x_wconf 91' lang='lat' dir='ltr'><strong>cum</strong></span> <span class='ocrx_word' id='word_1_559' title='bbox 2474 3741 2632 3797; x_wconf 90' lang='lat' dir='ltr'><strong>annis</strong></span> <span class='ocrx_word' id='word_1_560' title='bbox 2651 3741 2900 3798; x_wconf 86' lang='lat' dir='ltr'><strong>undecim</strong></span> <span class='ocrx_word' id='word_1_561' title='bbox 2914 3750 3060 3799; x_wconf 87' lang='lat' dir='ltr'><strong>esset</strong></span> <span class='ocrx_word' id='word_1_562' title='bbox 3069 3741 3360 3814; x_wconf 86' lang='lat' dir='ltr'><strong>sepultum,</strong></span> <span class='ocrx_word' id='word_1_563' title='bbox 3433 3788 3441 3794; x_wconf 90' lang='lat'><strong>.</strong></span> 
     </span>
    </p>
   </div>
   <div class='ocr_carea' id='block_1_83' title="bbox 1773 3830 2588 3903">
    <p class='ocr_par' dir='ltr' id='par_1_83' title="bbox 1773 3830 2588 3903">
     <span class='ocr_line' id='line_1_83' title="bbox 1773 3830 2588 3903; baseline 0.001 -18"><span class='ocrx_word' id='word_1_564' title='bbox 1773 3830 2148 3903; x_wconf 92' lang='lat' dir='ltr'><strong>incorruptum</strong></span> <span class='ocrx_word' id='word_1_565' title='bbox 2175 3831 2453 3888; x_wconf 91' lang='lat' dir='ltr'><strong>inventum</strong></span> <span class='ocrx_word' id='word_1_566' title='bbox 2484 3840 2588 3888; x_wconf 90' lang='lat' dir='ltr'><strong>est.</strong></span> 
     </span>
    </p>
   </div>
   <div class='ocr_carea' id='block_1_84' title="bbox 2182 3969 2971 4032">
    <p class='ocr_par' dir='ltr' id='par_1_84' title="bbox 2182 3969 2971 4032">
     <span class='ocr_line' id='line_1_84' title="bbox 2182 3969 2971 4032; baseline 0.008 -6"><span class='ocrx_word' id='word_1_567' title='bbox 2182 3969 2249 4026; x_wconf 88' lang='lat' dir='ltr'><strong>G.</strong></span> <span class='ocrx_word' id='word_1_568' title='bbox 2291 3970 2402 4027; x_wconf 83' lang='lat' dir='ltr'><strong>VIII</strong></span> <span class='ocrx_word' id='word_1_569' title='bbox 2441 3971 2739 4027; x_wconf 79' lang='lat' dir='ltr'><strong>KALEND.</strong></span> <span class='ocrx_word' id='word_1_570' title='bbox 2779 3971 2971 4032; x_wconf 88' lang='lat' dir='ltr'><strong>JULlI.</strong></span> 
     </span>
    </p>
   </div>
   <div class='ocr_carea' id='block_1_85' title="bbox 2417 4065 2709 4139">
    <p class='ocr_par' dir='ltr' id='par_1_85' title="bbox 2417 4065 2709 4139">
     <span class='ocr_line' id='line_1_85' title="bbox 2417 4065 2709 4139; baseline 0 -19"><span class='ocrx_word' id='word_1_571' title='bbox 2417 4065 2521 4137; x_wconf 70' lang='lat'><strong>(24</strong></span> <span class='ocrx_word' id='word_1_572' title='bbox 2553 4066 2709 4139; x_wconf 87' lang='lat' dir='ltr'><strong>Jun.)</strong></span> 
     </span>
    </p>
   </div>
   <div class='ocr_carea' id='block_1_86' title="bbox 1843 4154 2815 4227">
    <p class='ocr_par' dir='ltr' id='par_1_86' title="bbox 1843 4154 2815 4227">
     <span class='ocr_line' id='line_1_86' title="bbox 1843 4154 2815 4227; baseline 0.004 -18"><span class='ocrx_word' id='word_1_573' title='bbox 1843 4154 2108 4212; x_wconf 89' lang='lat' dir='ltr'><strong>Nativitas</strong></span> <span class='ocrx_word' id='word_1_574' title='bbox 2142 4157 2496 4227; x_wconf 86' lang='lat' dir='ltr'><strong>pracursoris</strong></span> <span class='ocrx_word' id='word_1_575' title='bbox 2527 4157 2741 4214; x_wconf 89' lang='lat' dir='ltr'><strong>Domini</strong></span> <span class='ocrx_word' id='word_1_576' title='bbox 2767 4159 2815 4213; x_wconf 76' lang='grc' dir='ltr'><strong>ά.</strong></span> 
     </span>
    </p>
   </div>
   <div class='ocr_carea' id='block_1_87' title="bbox 2099 4288 2975 4360">
    <p class='ocr_par' dir='ltr' id='par_1_87' title="bbox 2099 4288 2975 4360">
     <span class='ocr_line' id='line_1_87' title="bbox 2099 4288 2975 4360; baseline 0.001 -16"><span class='ocrx_word' id='word_1_577' title='bbox 2099 4354 2111 4360; x_wconf 89' lang='lat'>_</span> <span class='ocrx_word' id='word_1_578' title='bbox 2178 4289 2242 4344; x_wconf 85' lang='lat' dir='ltr'><strong>A.</strong></span> <span class='ocrx_word' id='word_1_579' title='bbox 2287 4288 2376 4344; x_wconf 89' lang='lat' dir='ltr'><strong>vu</strong></span> <span class='ocrx_word' id='word_1_580' title='bbox 2415 4290 2712 4346; x_wconf 82' lang='lat' dir='ltr'><strong>KALEND.</strong></span> <span class='ocrx_word' id='word_1_581' title='bbox 2785 4290 2975 4348; x_wconf 89' lang='lat' dir='ltr'><strong>JULll.</strong></span> 
     </span>
    </p>
   </div>
   <div class='ocr_carea' id='block_1_88' title="bbox 2427 4383 2723 4457">
    <p class='ocr_par' dir='ltr' id='par_1_88' title="bbox 2427 4383 2723 4457">
     <span class='ocr_line' id='line_1_88' title="bbox 2427 4383 2723 4457; baseline 0.003 -19"><span class='ocrx_word' id='word_1_582' title='bbox 2427 4383 2528 4457; x_wconf 78' lang='lat'><strong>(25</strong></span> <span class='ocrx_word' id='word_1_583' title='bbox 2565 4383 2723 4456; x_wconf 81' lang='lat' dir='ltr'><strong>Jun.)</strong></span> 
     </span>
    </p>
   </div>
   <div class='ocr_carea' id='block_1_89' title="bbox 1840 4475 3366 4554">
    <p class='ocr_par' dir='ltr' id='par_1_89' title="bbox 1840 4475 3366 4554">
     <span class='ocr_line' id='line_1_89' title="bbox 1840 4475 3366 4554; baseline 0.003 -24"><span class='ocrx_word' id='word_1_584' title='bbox 1840 4475 1996 4547; x_wconf 83' lang='lat' dir='ltr'><strong>Apud</strong></span> <span class='ocrx_word' id='word_1_585' title='bbox 2025 4476 2487 4548; x_wconf 87' lang='lat' dir='ltr'><strong>Pyrrhiberoeam,</strong></span> <span class='ocrx_word' id='word_1_586' title='bbox 2511 4477 2684 4532; x_wconf 91' lang='lat' dir='ltr'><strong>sancti</strong></span> <span class='ocrx_word' id='word_1_587' title='bbox 2713 4476 3010 4550; x_wconf 89' lang='lat' dir='ltr'><strong>Sosipatris</strong></span> <span class='ocrx_word' id='word_1_588' title='bbox 3045 4491 3069 4519; x_wconf 74' lang='grc' dir='ltr'><em>ε</em></span> <span class='ocrx_word' id='word_1_589' title='bbox 3111 4480 3366 4554; x_wconf 82' lang='lat' dir='ltr'><strong>discipuli.</strong></span> 
     </span>
    </p>
   </div>
   <div class='ocr_carea' id='block_1_90' title="bbox 67 4555 2396 4638">
    <p class='ocr_par' dir='ltr' id='par_1_90' title="bbox 67 4555 2396 4638">
     <span class='ocr_line' id='line_1_90' title="bbox 67 4555 2396 4638; baseline 0.003 -27"><span class='ocrx_word' id='word_1_590' title='bbox 67 4555 286 4613; x_wconf 88' lang='lat' dir='ltr'><strong>decimo</strong></span> <span class='ocrx_word' id='word_1_591' title='bbox 311 4557 400 4612; x_wconf 89' lang='lat' dir='ltr'><strong>die</strong></span> <span class='ocrx_word' id='word_1_592' title='bbox 429 4559 543 4630; x_wconf 90' lang='lat' dir='ltr'><strong>ipse</strong></span> <span class='ocrx_word' id='word_1_593' title='bbox 573 4558 810 4616; x_wconf 89' lang='lat' dir='ltr'><strong>Novatus</strong></span> <span class='ocrx_word' id='word_1_594' title='bbox 836 4561 921 4615; x_wconf 90' lang='lat' dir='ltr'><strong>vir</strong></span> <span class='ocrx_word' id='word_1_595' title='bbox 965 4559 1062 4616; x_wconf 89' lang='lat' dir='ltr'><strong>Dei</strong></span> <span class='ocrx_word' id='word_1_596' title='bbox 1110 4560 1369 4616; x_wconf 88' lang='lat' dir='ltr'><strong>transiret</strong></span> <span class='ocrx_word' id='word_1_597' title='bbox 1387 4560 1457 4616; x_wconf 90' lang='lat' dir='ltr'><strong>ad</strong></span> <span class='ocrx_word' id='word_1_598' title='bbox 1485 4561 1667 4615; x_wconf 89' lang='lat' dir='ltr'><strong>Domi-</strong></span> <span class='ocrx_word' id='word_1_599' title='bbox 1694 4634 1728 4638; x_wconf 32' lang='grc' dir='ltr'><strong>Α</strong></span> <span class='ocrx_word' id='word_1_600' title='bbox 1769 4568 1943 4624; x_wconf 74' lang='lat' dir='ltr'><strong>sancti</strong></span> <span class='ocrx_word' id='word_1_601' title='bbox 1975 4566 2126 4622; x_wconf 85' lang='lat' dir='ltr'><strong>Pauli</strong></span> <span class='ocrx_word' id='word_1_602' title='bbox 2148 4568 2396 4638; x_wconf 85' lang='lat' dir='ltr'><strong>apostoli.</strong></span> 
     </span>
    </p>
   </div>
   <div class='ocr_carea' id='block_1_91' title="bbox 67 4650 1323 4724">
    <p class='ocr_par' dir='ltr' id='par_1_91' title="bbox 67 4650 1323 4724">
     <span class='ocr_line' id='line_1_91' title="bbox 67 4650 1323 4724; baseline -0.002 -16"><span class='ocrx_word' id='word_1_603' title='bbox 67 4665 223 4717; x_wconf 89' lang='lat' dir='ltr'><strong>num,</strong></span> <span class='ocrx_word' id='word_1_604' title='bbox 252 4650 407 4722; x_wconf 89' lang='lat' dir='ltr'><strong>regni</strong></span> <span class='ocrx_word' id='word_1_605' title='bbox 434 4651 671 4707; x_wconf 81' lang='lat' dir='ltr'><strong>caelestis</strong></span> <span class='ocrx_word' id='word_1_606' title='bbox 691 4652 918 4724; x_wconf 89' lang='lat' dir='ltr'><strong>gloriam</strong></span> <span class='ocrx_word' id='word_1_607' title='bbox 948 4661 1323 4723; x_wconf 89' lang='lat' dir='ltr'><strong>percepturus.</strong></span> 
     </span>
    </p>
   </div>
   <div class='ocr_carea' id='block_1_92' title="bbox 503 4774 1252 4832">
    <p class='ocr_par' dir='ltr' id='par_1_92' title="bbox 503 4774 1252 4832">
     <span class='ocr_line' id='line_1_92' title="bbox 503 4774 1252 4832; baseline 0 -3"><span class='ocrx_word' id='word_1_608' title='bbox 503 4774 568 4829; x_wconf 90' lang='lat' dir='ltr'><strong>D.</strong></span> <span class='ocrx_word' id='word_1_609' title='bbox 611 4775 681 4830; x_wconf 82' lang='lat' dir='ltr'><strong>XI</strong></span> <span class='ocrx_word' id='word_1_610' title='bbox 720 4775 1018 4830; x_wconf 79' lang='lat' dir='ltr'><strong>KALEND.</strong></span> <span class='ocrx_word' id='word_1_611' title='bbox 1059 4774 1252 4832; x_wconf 82' lang='lat' dir='ltr'><strong>JULII.</strong></span> 
     </span>
    </p>
   </div>
   <div class='ocr_carea' id='block_1_93' title="bbox 721 4871 1020 4943">
    <p class='ocr_par' dir='ltr' id='par_1_93' title="bbox 721 4871 1020 4943">
     <span class='ocr_line' id='line_1_93' title="bbox 721 4871 1020 4943; baseline -0.007 -17"><span class='ocrx_word' id='word_1_612' title='bbox 721 4872 816 4943; x_wconf 72' lang='lat' dir='ltr'><strong>(2t</strong></span> <span class='ocrx_word' id='word_1_613' title='bbox 861 4871 1020 4942; x_wconf 81' lang='lat' dir='ltr'><strong>Jun.)</strong></span> 
     </span>
    </p>
   </div>
   <div class='ocr_carea' id='block_1_94' title="bbox 135 4963 1662 5036">
    <p class='ocr_par' dir='ltr' id='par_1_94' title="bbox 135 4963 1662 5036">
     <span class='ocr_line' id='line_1_94' title="bbox 135 4963 1662 5036; baseline -0.001 -17"><span class='ocrx_word' id='word_1_614' title='bbox 135 4964 295 5036; x_wconf 81' lang='lat' dir='ltr'><strong>Apud</strong></span> <span class='ocrx_word' id='word_1_615' title='bbox 328 4964 591 5028; x_wconf 87' lang='lat' dir='ltr'><strong>Siciliam,</strong></span> <span class='ocrx_word' id='word_1_616' title='bbox 615 4965 838 5020; x_wconf 88' lang='lat' dir='ltr'><strong>civitate</strong></span> <span class='ocrx_word' id='word_1_617' title='bbox 866 4963 1177 5034; x_wconf 82' lang='lat' dir='ltr'><strong>Syracusis,</strong></span> <span class='ocrx_word' id='word_1_618' title='bbox 1203 4964 1406 5020; x_wconf 88' lang='lat' dir='ltr'><strong>natalis</strong></span> <span class='ocrx_word' id='word_1_619' title='bbox 1448 4971 1662 5019; x_wconf 88' lang='lat' dir='ltr'><strong>sancto-</strong></span> 
     </span>
    </p>
   </div>
   <div class='ocr_carea' id='block_1_95' title="bbox 63 5054 1066 5125">
    <p class='ocr_par' dir='ltr' id='par_1_95' title="bbox 63 5054 1066 5125">
     <span class='ocr_line' id='line_1_95' title="bbox 63 5054 1066 5125; baseline -0.003 -15"><span class='ocrx_word' id='word_1_620' title='bbox 63 5073 187 5110; x_wconf 88' lang='lat' dir='ltr'><strong>rum</strong></span> <span class='ocrx_word' id='word_1_621' title='bbox 217 5064 516 5125; x_wconf 87' lang='lat' dir='ltr'><strong>martyrum</strong></span> <span class='ocrx_word' id='word_1_622' title='bbox 548 5055 730 5110; x_wconf 81' lang='lat' dir='ltr'><strong>Bulini</strong></span> <span class='ocrx_word' id='word_1_623' title='bbox 751 5064 805 5109; x_wconf 90' lang='lat' dir='ltr'><strong>et</strong></span> <span class='ocrx_word' id='word_1_624' title='bbox 831 5054 1066 5110; x_wconf 86' lang='lat' dir='ltr'><strong>Marcia.</strong></span> 
     </span>
    </p>
   </div>
   <div class='ocr_carea' id='block_1_96' title="bbox 137 5146 1657 5216">
    <p class='ocr_par' dir='ltr' id='par_1_96' title="bbox 137 5146 1657 5216">
     <span class='ocr_line' id='line_1_96' title="bbox 137 5146 1657 5216; baseline 0 -14"><span class='ocrx_word' id='word_1_625' title='bbox 137 5149 348 5214; x_wconf 78' lang='lat' dir='ltr'><strong>Roma,</strong></span> <span class='ocrx_word' id='word_1_626' title='bbox 386 5156 586 5203; x_wconf 87' lang='lat' dir='ltr'><strong>sancta</strong></span> <span class='ocrx_word' id='word_1_627' title='bbox 627 5147 910 5202; x_wconf 87' lang='lat' dir='ltr'><strong>Demetria</strong></span> <span class='ocrx_word' id='word_1_628' title='bbox 939 5147 1185 5216; x_wconf 88' lang='lat' dir='ltr'><strong>virginis,</strong></span> <span class='ocrx_word' id='word_1_629' title='bbox 1213 5162 1332 5216; x_wconf 86' lang='lat' dir='ltr'><strong>qua</strong></span> <span class='ocrx_word' id='word_1_630' title='bbox 1378 5146 1477 5201; x_wconf 91' lang='lat' dir='ltr'><strong>fuit</strong></span> <span class='ocrx_word' id='word_1_631' title='bbox 1515 5147 1657 5202; x_wconf 89' lang='lat' dir='ltr'><strong>beati</strong></span> 
     </span>
    </p>
   </div>
   <div class='ocr_carea' id='block_1_97' title="bbox 59 5237 1658 5309">
    <p class='ocr_par' dir='ltr' id='par_1_97' title="bbox 59 5237 1658 5309">
     <span class='ocr_line' id='line_1_97' title="bbox 59 5237 1658 5309; baseline -0.003 -12"><span class='ocrx_word' id='word_1_632' title='bbox 59 5241 252 5297; x_wconf 82' lang='lat' dir='ltr'><strong>Fausti</strong></span> <span class='ocrx_word' id='word_1_633' title='bbox 305 5240 434 5295; x_wconf 87' lang='lat' dir='ltr'><strong>ﬁlia.</strong></span> <span class='ocrx_word' id='word_1_634' title='bbox 478 5239 604 5296; x_wconf 82' lang='lat' dir='ltr'><strong>Hac</strong></span> <span class='ocrx_word' id='word_1_635' title='bbox 633 5255 754 5294; x_wconf 90' lang='lat' dir='ltr'><strong>cum</strong></span> <span class='ocrx_word' id='word_1_636' title='bbox 789 5247 917 5296; x_wconf 91' lang='lat' dir='ltr'><strong>ante</strong></span> <span class='ocrx_word' id='word_1_637' title='bbox 966 5239 1190 5308; x_wconf 91' lang='lat' dir='ltr'><strong>impium</strong></span> <span class='ocrx_word' id='word_1_638' title='bbox 1237 5237 1506 5293; x_wconf 80' lang='lat' dir='ltr'><strong>Julianuin</strong></span> <span class='ocrx_word' id='word_1_639' title='bbox 1560 5255 1658 5309; x_wconf 90' lang='lat' dir='ltr'><strong>pro</strong></span> 
     </span>
    </p>
   </div>
   <div class='ocr_carea' id='block_1_98' title="bbox 59 5329 1656 5399">
    <p class='ocr_par' dir='ltr' id='par_1_98' title="bbox 59 5329 1656 5399">
     <span class='ocr_line' id='line_1_98' title="bbox 59 5329 1656 5399; baseline -0.004 -8"><span class='ocrx_word' id='word_1_640' title='bbox 59 5337 173 5391; x_wconf 83' lang='lat' dir='ltr'><strong>fide</strong></span> <span class='ocrx_word' id='word_1_641' title='bbox 197 5333 403 5389; x_wconf 89' lang='lat' dir='ltr'><strong>Christi</strong></span> <span class='ocrx_word' id='word_1_642' title='bbox 449 5333 901 5394; x_wconf 90' lang='lat' dir='ltr'><strong>introduceretur,</strong></span> <span class='ocrx_word' id='word_1_643' title='bbox 934 5331 986 5386; x_wconf 91' lang='lat' dir='ltr'><strong>in</strong></span> <span class='ocrx_word' id='word_1_644' title='bbox 1036 5330 1376 5386; x_wconf 88' lang='lat' dir='ltr'><strong>confessione</strong></span> <span class='ocrx_word' id='word_1_645' title='bbox 1406 5329 1656 5399; x_wconf 86' lang='lat' dir='ltr'><strong>spiritum</strong></span> 
     </span>
    </p>
   </div>
   <div class='ocr_carea' id='block_1_99' title="bbox 59 5421 1656 5497">
    <p class='ocr_par' dir='ltr' id='par_1_99' title="bbox 59 5421 1656 5497">
     <span class='ocr_line' id='line_1_99' title="bbox 59 5421 1656 5497; baseline -0.004 -13"><span class='ocrx_word' id='word_1_646' title='bbox 59 5428 270 5484; x_wconf 89' lang='lat' dir='ltr'><strong>emisit.</strong></span> <span class='ocrx_word' id='word_1_647' title='bbox 329 5425 548 5497; x_wconf 87' lang='lat' dir='ltr'><strong>Sepulta</strong></span> <span class='ocrx_word' id='word_1_648' title='bbox 601 5442 628 5479; x_wconf 92' lang='lat' dir='ltr'><strong>a</strong></span> <span class='ocrx_word' id='word_1_649' title='bbox 679 5426 837 5480; x_wconf 87' lang='lat' dir='ltr'><strong>beato</strong></span> <span class='ocrx_word' id='word_1_650' title='bbox 892 5422 1099 5480; x_wconf 88' lang='lat' dir='ltr'><strong>Joanne</strong></span> <span class='ocrx_word' id='word_1_651' title='bbox 1141 5422 1455 5494; x_wconf 88' lang='lat' dir='ltr'><strong>presbytero</strong></span> <span class='ocrx_word' id='word_1_652' title='bbox 1502 5421 1656 5489; x_wconf 78' lang='lat' dir='ltr'><strong>juxta</strong></span> 
     </span>
    </p>
   </div>
   <div class='ocr_carea' id='block_1_100' title="bbox 59 5510 1656 5585">
    <p class='ocr_par' dir='ltr' id='par_1_100' title="bbox 59 5510 1656 5585">
     <span class='ocr_line' id='line_1_100' title="bbox 59 5510 1656 5585; baseline -0.008 -8"><span class='ocrx_word' id='word_1_653' title='bbox 59 5527 297 5577; x_wconf 85' lang='lat' dir='ltr'><strong>matrem</strong></span> <span class='ocrx_word' id='word_1_654' title='bbox 315 5533 464 5572; x_wconf 89' lang='lat' dir='ltr'><strong>suam</strong></span> <span class='ocrx_word' id='word_1_655' title='bbox 483 5527 722 5572; x_wconf 88' lang='lat' dir='ltr'><strong>sanctam</strong></span> <span class='ocrx_word' id='word_1_656' title='bbox 757 5515 1108 5585; x_wconf 87' lang='lat' dir='ltr'><strong>Daphrosam,</strong></span> <span class='ocrx_word' id='word_1_657' title='bbox 1131 5523 1185 5567; x_wconf 91' lang='lat' dir='ltr'><strong>et</strong></span> <span class='ocrx_word' id='word_1_658' title='bbox 1209 5527 1450 5568; x_wconf 87' lang='lat' dir='ltr'><strong>sororem</strong></span> <span class='ocrx_word' id='word_1_659' title='bbox 1476 5510 1656 5566; x_wconf 81' lang='lat' dir='ltr'><strong>Jovia—</strong></span> 
     </span>
    </p>
   </div>
   <div class='ocr_carea' id='block_1_101' title="bbox 55 5609 1027 5681">
    <p class='ocr_par' dir='ltr' id='par_1_101' title="bbox 55 5609 1027 5681">
     <span class='ocr_line' id='line_1_101' title="bbox 55 5609 1027 5681; baseline -0.008 -11"><span class='ocrx_word' id='word_1_660' title='bbox 55 5628 216 5678; x_wconf 79' lang='lat' dir='ltr'><strong>nam,</strong></span> <span class='ocrx_word' id='word_1_661' title='bbox 241 5609 398 5681; x_wconf 79' lang='lat' dir='ltr'><strong>juxta</strong></span> <span class='ocrx_word' id='word_1_662' title='bbox 427 5609 684 5679; x_wconf 85' lang='lat' dir='ltr'><strong>palatium</strong></span> <span class='ocrx_word' id='word_1_663' title='bbox 712 5609 1027 5663; x_wconf 81' lang='lat' dir='ltr'><strong>Lucianuiu.</strong></span> 
     </span>
    </p>
   </div>
   <div class='ocr_carea' id='block_1_102' title="bbox 129 5721 1258 5794">
    <p class='ocr_par' dir='ltr' id='par_1_102' title="bbox 129 5721 1258 5794">
     <span class='ocr_line' id='line_1_102' title="bbox 129 5721 1258 5794; baseline -0.008 -11"><span class='ocrx_word' id='word_1_664' title='bbox 129 5740 164 5775; x_wconf 65' lang='grc' dir='ltr'>*ι</span> <span class='ocrx_word' id='word_1_665' title='bbox 205 5728 392 5782; x_wconf 77' lang='lat' dir='ltr'><strong>Ambr.</strong></span> <span class='ocrx_word' id='word_1_666' title='bbox 419 5743 582 5782; x_wconf 81' lang='lat' dir='ltr'><strong>serui.</strong></span> <span class='ocrx_word' id='word_1_667' title='bbox 617 5727 704 5791; x_wconf 77' lang='grc' dir='ltr'><strong>Ἠ,</strong></span> <span class='ocrx_word' id='word_1_668' title='bbox 728 5732 782 5780; x_wconf 87' lang='lat' dir='ltr'><strong>et</strong></span> <span class='ocrx_word' id='word_1_669' title='bbox 811 5725 845 5777; x_wconf 94' lang='grc' dir='ltr'><strong>Ι.</strong></span> <span class='ocrx_word' id='word_1_670' title='bbox 870 5741 924 5788; x_wconf 83' lang='lat' dir='ltr'><strong>x,</strong></span> <span class='ocrx_word' id='word_1_671' title='bbox 955 5724 1115 5794; x_wconf 85' lang='lat' dir='ltr'><strong>epist.</strong></span> <span class='ocrx_word' id='word_1_672' title='bbox 1140 5721 1228 5777; x_wconf 77' lang='grc'><strong>85.</strong></span> <span class='ocrx_word' id='word_1_673' title='bbox 1255 5759 1258 5762; x_wconf 44' lang='lat'><strong>.</strong></span> 
     </span>
    </p>
   </div>
   <div class='ocr_carea' id='block_1_103' title="bbox 142 5795 1060 5859">
    <p class='ocr_par' dir='ltr' id='par_1_103' title="bbox 142 5795 1060 5859">
     <span class='ocr_line' id='line_1_103' title="bbox 142 5795 1060 5859; baseline -0.004 -7"><span class='ocrx_word' id='word_1_674' title='bbox 142 5795 178 5839; x_wconf 66' lang='grc' dir='ltr'>δ</span> <span class='ocrx_word' id='word_1_675' title='bbox 202 5800 290 5853; x_wconf 73' lang='lat' dir='ltr'><strong>Al.</strong></span> <span class='ocrx_word' id='word_1_676' title='bbox 324 5795 658 5859; x_wconf 73' lang='lat' dir='ltr'><strong>Pudetianw,</strong></span> <span class='ocrx_word' id='word_1_677' title='bbox 688 5796 801 5850; x_wconf 71' lang='lat' dir='ltr'><strong>vide</strong></span> <span class='ocrx_word' id='word_1_678' title='bbox 822 5797 887 5850; x_wconf 86' lang='lat' dir='ltr'><strong>I9</strong></span> <span class='ocrx_word' id='word_1_679' title='bbox 909 5795 1060 5848; x_wconf 76' lang='lat' dir='ltr'><strong>Maii.</strong></span> 
     </span>
    </p>
   </div>
   <div class='ocr_carea' id='block_1_104' title="bbox 122 5865 1158 5942">
    <p class='ocr_par' dir='ltr' id='par_1_104' title="bbox 122 5865 1158 5942">
     <span class='ocr_line' id='line_1_104' title="bbox 122 5865 1158 5942; baseline -0.007 -14"><span class='ocrx_word' id='word_1_680' title='bbox 122 5875 170 5928; x_wconf 65' lang='grc' dir='ltr'><strong>,ι</strong></span> <span class='ocrx_word' id='word_1_681' title='bbox 197 5868 444 5942; x_wconf 65' lang='lat' dir='ltr'><strong>Gennad,</strong></span> <span class='ocrx_word' id='word_1_682' title='bbox 470 5869 537 5938; x_wconf 81' lang='lat' dir='ltr'><strong>de</strong></span> <span class='ocrx_word' id='word_1_683' title='bbox 562 5865 702 5930; x_wconf 85' lang='lat' dir='ltr'><strong>Viris</strong></span> <span class='ocrx_word' id='word_1_684' title='bbox 721 5866 886 5924; x_wconf 89' lang='lat' dir='ltr'><strong>illust.</strong></span> <span class='ocrx_word' id='word_1_685' title='bbox 915 5881 1037 5932; x_wconf 86' lang='lat' dir='ltr'><strong>cap.</strong></span> <span class='ocrx_word' id='word_1_686' title='bbox 1065 5865 1158 5922; x_wconf 76' lang='lat'><strong>22.</strong></span> 
     </span>
    </p>
   </div>
   <div class='ocr_carea' id='block_1_105' title="bbox 1689 4634 3359 4732">
    <p class='ocr_par' dir='ltr' id='par_1_105' title="bbox 1689 4634 3359 4732">
     <span class='ocr_line' id='line_1_105' title="bbox 1689 4634 3359 4732; baseline 0.005 -15"><span class='ocrx_word' id='word_1_687' title='bbox 1689 4634 1744 4696; x_wconf 79' lang='lat' dir='ltr'><strong>D</strong></span> <span class='ocrx_word' id='word_1_688' title='bbox 1840 4663 1975 4718; x_wconf 87' lang='lat' dir='ltr'><strong>Item</strong></span> <span class='ocrx_word' id='word_1_689' title='bbox 2005 4663 2145 4732; x_wconf 88' lang='lat' dir='ltr'><strong>apud</strong></span> <span class='ocrx_word' id='word_1_690' title='bbox 2181 4634 2601 4730; x_wconf 49' lang='lat' dir='ltr'><strong>-Alexaudriam,</strong></span> <span class='ocrx_word' id='word_1_691' title='bbox 2642 4664 2822 4722; x_wconf 89' lang='lat' dir='ltr'><strong>natale</strong></span> <span class='ocrx_word' id='word_1_692' title='bbox 2871 4669 3046 4724; x_wconf 89' lang='lat' dir='ltr'><strong>sancti</strong></span> <span class='ocrx_word' id='word_1_693' title='bbox 3094 4667 3359 4726; x_wconf 87' lang='lat' dir='ltr'><strong>Gallicani</strong></span> 
     </span>
    </p>
   </div>
   <div class='ocr_carea' id='block_1_106' title="bbox 1770 4754 3360 4826">
    <p class='ocr_par' dir='ltr' id='par_1_106' title="bbox 1770 4754 3360 4826">
     <span class='ocr_line' id='line_1_106' title="bbox 1770 4754 3360 4826; baseline 0.006 -17"><span class='ocrx_word' id='word_1_694' title='bbox 1770 4755 2046 4826; x_wconf 84' lang='lat' dir='ltr'><strong>martyris.</strong></span> <span class='ocrx_word' id='word_1_695' title='bbox 2073 4754 2172 4821; x_wconf 84' lang='lat' dir='ltr'><strong>Qui</strong></span> <span class='ocrx_word' id='word_1_696' title='bbox 2203 4769 2326 4809; x_wconf 91' lang='lat' dir='ltr'><strong>cum</strong></span> <span class='ocrx_word' id='word_1_697' title='bbox 2361 4754 2776 4826; x_wconf 86' lang='lat' dir='ltr'><strong>triumphalibus</strong></span> <span class='ocrx_word' id='word_1_698' title='bbox 2822 4757 3006 4814; x_wconf 89' lang='lat' dir='ltr'><strong>infulis</strong></span> <span class='ocrx_word' id='word_1_699' title='bbox 3036 4761 3360 4818; x_wconf 88' lang='lat' dir='ltr'><strong>sublimatus</strong></span> 
     </span>
    </p>
   </div>
   <div class='ocr_carea' id='block_1_107' title="bbox 1768 4846 3356 4920">
    <p class='ocr_par' dir='ltr' id='par_1_107' title="bbox 1768 4846 3356 4920">
     <span class='ocr_line' id='line_1_107' title="bbox 1768 4846 3356 4920; baseline 0.004 -17"><span class='ocrx_word' id='word_1_700' title='bbox 1768 4856 2025 4918; x_wconf 87' lang='lat' dir='ltr'><strong>acceptus</strong></span> <span class='ocrx_word' id='word_1_701' title='bbox 2054 4855 2199 4900; x_wconf 89' lang='lat' dir='ltr'><strong>esset</strong></span> <span class='ocrx_word' id='word_1_702' title='bbox 2225 4846 2470 4916; x_wconf 82' lang='lat' dir='ltr'><strong>Augusto</strong></span> <span class='ocrx_word' id='word_1_703' title='bbox 2495 4848 2851 4905; x_wconf 86' lang='lat' dir='ltr'><strong>Constantino</strong></span> <span class='ocrx_word' id='word_1_704' title='bbox 2890 4860 2944 4906; x_wconf 90' lang='lat' dir='ltr'><strong>et</strong></span> <span class='ocrx_word' id='word_1_705' title='bbox 2973 4853 3356 4920; x_wconf 90' lang='lat' dir='ltr'><strong>charissimus,</strong></span> 
     </span>
    </p>
   </div>
   <div class='ocr_carea' id='block_1_108' title="bbox 1771 4939 3359 5013">
    <p class='ocr_par' dir='ltr' id='par_1_108' title="bbox 1771 4939 3359 5013">
     <span class='ocr_line' id='line_1_108' title="bbox 1771 4939 3359 5013; baseline 0.003 -17"><span class='ocrx_word' id='word_1_706' title='bbox 1771 4942 1933 4996; x_wconf 85' lang='lat' dir='ltr'><strong>tiliam</strong></span> <span class='ocrx_word' id='word_1_707' title='bbox 1981 4939 2099 5010; x_wconf 91' lang='lat' dir='ltr'><strong>ejus</strong></span> <span class='ocrx_word' id='word_1_708' title='bbox 2127 4939 2547 4996; x_wconf 86' lang='lat' dir='ltr'><strong>sacratissimam</strong></span> <span class='ocrx_word' id='word_1_709' title='bbox 2574 4942 2833 5013; x_wconf 90' lang='lat' dir='ltr'><strong>virginem</strong></span> <span class='ocrx_word' id='word_1_710' title='bbox 2858 4942 3229 5001; x_wconf 91' lang='lat' dir='ltr'><strong>Constantiam</strong></span> <span class='ocrx_word' id='word_1_711' title='bbox 3257 4945 3359 5001; x_wconf 87' lang='lat' dir='ltr'><strong>sibi</strong></span> 
     </span>
    </p>
   </div>
   <div class='ocr_carea' id='block_1_109' title="bbox 1768 5031 3355 5106">
    <p class='ocr_par' dir='ltr' id='par_1_109' title="bbox 1768 5031 3355 5106">
     <span class='ocr_line' id='line_1_109' title="bbox 1768 5031 3355 5106; baseline 0.002 -18"><span class='ocrx_word' id='word_1_712' title='bbox 1768 5033 2024 5105; x_wconf 89' lang='lat' dir='ltr'><strong>poscebat</strong></span> <span class='ocrx_word' id='word_1_713' title='bbox 2048 5047 2291 5086; x_wconf 83' lang='lat' dir='ltr'><strong>uxorem.</strong></span> <span class='ocrx_word' id='word_1_714' title='bbox 2326 5031 2717 5088; x_wconf 87' lang='lat' dir='ltr'><strong>Constantinus</strong></span> <span class='ocrx_word' id='word_1_715' title='bbox 2752 5050 2884 5090; x_wconf 89' lang='lat' dir='ltr'><strong>vero</strong></span> <span class='ocrx_word' id='word_1_716' title='bbox 2921 5035 3195 5106; x_wconf 84' lang='lat' dir='ltr'><strong>Augustus</strong></span> <span class='ocrx_word' id='word_1_717' title='bbox 3226 5053 3355 5093; x_wconf 88' lang='lat' dir='ltr'><strong>con-</strong></span> 
     </span>
    </p>
   </div>
   <div class='ocr_carea' id='block_1_110' title="bbox 1769 5127 3357 5199">
    <p class='ocr_par' dir='ltr' id='par_1_110' title="bbox 1769 5127 3357 5199">
     <span class='ocr_line' id='line_1_110' title="bbox 1769 5127 3357 5199; baseline 0.001 -15"><span class='ocrx_word' id='word_1_718' title='bbox 1769 5131 1972 5185; x_wconf 90' lang='lat' dir='ltr'><strong>tristari</strong></span> <span class='ocrx_word' id='word_1_719' title='bbox 2011 5130 2175 5199; x_wconf 82' lang='lat' dir='ltr'><strong>capit</strong></span> <span class='ocrx_word' id='word_1_720' title='bbox 2223 5128 2400 5184; x_wconf 88' lang='lat' dir='ltr'><strong>sciens</strong></span> <span class='ocrx_word' id='word_1_721' title='bbox 2427 5127 2590 5182; x_wconf 83' lang='lat' dir='ltr'><strong>filiam</strong></span> <span class='ocrx_word' id='word_1_722' title='bbox 2632 5143 2786 5183; x_wconf 91' lang='lat' dir='ltr'><strong>suam</strong></span> <span class='ocrx_word' id='word_1_723' title='bbox 2830 5130 3060 5199; x_wconf 90' lang='lat' dir='ltr'><strong>positam</strong></span> <span class='ocrx_word' id='word_1_724' title='bbox 3086 5131 3139 5185; x_wconf 90' lang='lat' dir='ltr'><strong>in</strong></span> <span class='ocrx_word' id='word_1_725' title='bbox 3169 5139 3357 5187; x_wconf 91' lang='lat' dir='ltr'><strong>sancto</strong></span> 
     </span>
    </p>
   </div>
   <div class='ocr_carea' id='block_1_111' title="bbox 1768 5218 3353 5291">
    <p class='ocr_par' dir='ltr' id='par_1_111' title="bbox 1768 5218 3353 5291">
     <span class='ocr_line' id='line_1_111' title="bbox 1768 5218 3353 5291; baseline -0.001 -16"><span class='ocrx_word' id='word_1_726' title='bbox 1768 5219 2042 5291; x_wconf 91' lang='lat' dir='ltr'><strong>proposito</strong></span> <span class='ocrx_word' id='word_1_727' title='bbox 2073 5219 2284 5274; x_wconf 88' lang='lat' dir='ltr'><strong>facilius</strong></span> <span class='ocrx_word' id='word_1_728' title='bbox 2304 5218 2476 5274; x_wconf 86' lang='lat' dir='ltr'><strong>occidi</strong></span> <span class='ocrx_word' id='word_1_729' title='bbox 2501 5233 2679 5288; x_wconf 85' lang='lat' dir='ltr'><strong>posse,</strong></span> <span class='ocrx_word' id='word_1_730' title='bbox 2696 5234 2856 5290; x_wconf 90' lang='lat' dir='ltr'><strong>quam</strong></span> <span class='ocrx_word' id='word_1_731' title='bbox 2888 5220 3048 5276; x_wconf 88' lang='lat' dir='ltr'><strong>vinci.</strong></span> <span class='ocrx_word' id='word_1_732' title='bbox 3081 5221 3211 5288; x_wconf 84' lang='lat' dir='ltr'><strong>Qua</strong></span> <span class='ocrx_word' id='word_1_733' title='bbox 3231 5236 3353 5276; x_wconf 90' lang='lat' dir='ltr'><strong>cum</strong></span> 
     </span>
    </p>
   </div>
   <div class='ocr_carea' id='block_1_112' title="bbox 1766 5313 3355 5384">
    <p class='ocr_par' dir='ltr' id='par_1_112' title="bbox 1766 5313 3355 5384">
     <span class='ocr_line' id='line_1_112' title="bbox 1766 5313 3355 5384; baseline 0 -16"><span class='ocrx_word' id='word_1_734' title='bbox 1766 5315 1937 5384; x_wconf 90' lang='lat' dir='ltr'><strong>patris</strong></span> <span class='ocrx_word' id='word_1_735' title='bbox 1990 5313 2408 5370; x_wconf 68' lang='lat' dir='ltr'><strong>sollicitudinem</strong></span> <span class='ocrx_word' id='word_1_736' title='bbox 2459 5313 2638 5368; x_wconf 90' lang='lat' dir='ltr'><strong>studio</strong></span> <span class='ocrx_word' id='word_1_737' title='bbox 2695 5313 3001 5369; x_wconf 89' lang='lat' dir='ltr'><strong>sanctitatis</strong></span> <span class='ocrx_word' id='word_1_738' title='bbox 3061 5322 3355 5368; x_wconf 89' lang='lat' dir='ltr'><strong>conaretur</strong></span> 
     </span>
    </p>
   </div>
   <div class='ocr_carea' id='block_1_113' title="bbox 1765 5403 3351 5475">
    <p class='ocr_par' dir='ltr' id='par_1_113' title="bbox 1765 5403 3351 5475">
     <span class='ocr_line' id='line_1_113' title="bbox 1765 5403 3351 5475; baseline 0 -14"><span class='ocrx_word' id='word_1_739' title='bbox 1765 5407 2072 5474; x_wconf 85' lang='lat' dir='ltr'><strong>excludere,</strong></span> <span class='ocrx_word' id='word_1_740' title='bbox 2102 5415 2249 5462; x_wconf 90' lang='lat' dir='ltr'><strong>certa</strong></span> <span class='ocrx_word' id='word_1_741' title='bbox 2273 5405 2337 5459; x_wconf 90' lang='lat' dir='ltr'><strong>de</strong></span> <span class='ocrx_word' id='word_1_742' title='bbox 2363 5404 2493 5470; x_wconf 83' lang='lat' dir='ltr'><strong>Deo,</strong></span> <span class='ocrx_word' id='word_1_743' title='bbox 2523 5405 2657 5460; x_wconf 78' lang='lat' dir='ltr'><strong>dixit</strong></span> <span class='ocrx_word' id='word_1_744' title='bbox 2687 5405 2824 5474; x_wconf 92' lang='lat' dir='ltr'><strong>patri</strong></span> <span class='ocrx_word' id='word_1_745' title='bbox 2854 5423 2866 5458; x_wconf 90' lang='lat'>:</span> <span class='ocrx_word' id='word_1_746' title='bbox 2893 5403 3110 5475; x_wconf 90' lang='lat' dir='ltr'><strong>Depone</strong></span> <span class='ocrx_word' id='word_1_747' title='bbox 3136 5419 3351 5461; x_wconf 87' lang='lat' dir='ltr'><strong>omnem</strong></span> 
     </span>
    </p>
   </div>
   <div class='ocr_carea' id='block_1_114' title="bbox 1765 5494 3356 5567">
    <p class='ocr_par' dir='ltr' id='par_1_114' title="bbox 1765 5494 3356 5567">
     <span class='ocr_line' id='line_1_114' title="bbox 1765 5494 3356 5567; baseline -0.003 -11"><span class='ocrx_word' id='word_1_748' title='bbox 1765 5502 2181 5557; x_wconf 86' lang='lat' dir='ltr'><strong>sollicitudinem</strong></span> <span class='ocrx_word' id='word_1_749' title='bbox 2221 5508 2391 5563; x_wconf 90' lang='lat' dir='ltr'><strong>tuam,</strong></span> <span class='ocrx_word' id='word_1_750' title='bbox 2420 5508 2476 5554; x_wconf 93' lang='lat' dir='ltr'><strong>et</strong></span> <span class='ocrx_word' id='word_1_751' title='bbox 2506 5508 2558 5555; x_wconf 90' lang='lat' dir='ltr'><strong>te</strong></span> <span class='ocrx_word' id='word_1_752' title='bbox 2580 5499 2832 5553; x_wconf 89' lang='lat' dir='ltr'><strong>daturum</strong></span> <span class='ocrx_word' id='word_1_753' title='bbox 2864 5497 2939 5552; x_wconf 91' lang='lat' dir='ltr'><strong>illi</strong></span> <span class='ocrx_word' id='word_1_754' title='bbox 2962 5494 3242 5567; x_wconf 74' lang='lat' dir='ltr'><strong>coniugem</strong></span> <span class='ocrx_word' id='word_1_755' title='bbox 3270 5512 3356 5551; x_wconf 90' lang='lat' dir='ltr'><strong>re-</strong></span> 
     </span>
    </p>
   </div>
   <div class='ocr_carea' id='block_1_115' title="bbox 1719 5588 3358 5666">
    <p class='ocr_par' dir='ltr' id='par_1_115' title="bbox 1719 5588 3358 5666">
     <span class='ocr_line' id='line_1_115' title="bbox 1719 5588 3358 5666; baseline -0.002 -16"><span class='ocrx_word' id='word_1_756' title='bbox 1719 5641 1724 5650; x_wconf 48' lang='lat'><strong>.</strong></span> <span class='ocrx_word' id='word_1_757' title='bbox 1766 5597 2041 5666; x_wconf 85' lang='lat' dir='ltr'><strong>promitte,</strong></span> <span class='ocrx_word' id='word_1_758' title='bbox 2065 5602 2125 5650; x_wconf 93' lang='lat' dir='ltr'><strong>ut</strong></span> <span class='ocrx_word' id='word_1_759' title='bbox 2146 5594 2191 5649; x_wconf 92' lang='lat' dir='ltr'><strong>si</strong></span> <span class='ocrx_word' id='word_1_760' title='bbox 2219 5593 2543 5664; x_wconf 90' lang='lat' dir='ltr'><strong>Scytharum</strong></span> <span class='ocrx_word' id='word_1_761' title='bbox 2568 5589 2902 5661; x_wconf 87' lang='lat' dir='ltr'><strong>superaverit</strong></span> <span class='ocrx_word' id='word_1_762' title='bbox 2923 5598 3158 5659; x_wconf 86' lang='lat' dir='ltr'><strong>gentem,</strong></span> <span class='ocrx_word' id='word_1_763' title='bbox 3182 5588 3358 5646; x_wconf 88' lang='lat' dir='ltr'><strong>victor</strong></span> 
     </span>
    </p>
   </div>
   <div class='ocr_carea' id='block_1_116' title="bbox 1837 5709 2636 5779">
    <p class='ocr_par' dir='ltr' id='par_1_116' title="bbox 1837 5709 2636 5779">
     <span class='ocr_line' id='line_1_116' title="bbox 1837 5709 2636 5779; baseline -0.009 -12"><span class='ocrx_word' id='word_1_764' title='bbox 1837 5711 1862 5751; x_wconf 78' lang='grc' dir='ltr'><strong>ιι</strong></span> <span class='ocrx_word' id='word_1_765' title='bbox 1908 5712 2039 5766; x_wconf 82' lang='lat' dir='ltr'><strong>Vide</strong></span> <span class='ocrx_word' id='word_1_766' title='bbox 2062 5711 2154 5764; x_wconf 92' lang='lat' dir='ltr'><strong>lib.</strong></span> <span class='ocrx_word' id='word_1_767' title='bbox 2183 5710 2248 5764; x_wconf 88' lang='lat' dir='ltr'><strong>de</strong></span> <span class='ocrx_word' id='word_1_768' title='bbox 2278 5709 2422 5764; x_wconf 87' lang='lat' dir='ltr'><strong>Fest.</strong></span> <span class='ocrx_word' id='word_1_769' title='bbox 2449 5709 2636 5779; x_wconf 81' lang='lat' dir='ltr'><strong>Apost.</strong></span> 
     </span>
    </p>
   </div>
   <div class='ocr_carea' id='block_1_117' title="bbox 1842 5775 3352 5847">
    <p class='ocr_par' dir='ltr' id='par_1_117' title="bbox 1842 5775 3352 5847">
     <span class='ocr_line' id='line_1_117' title="bbox 1842 5775 3352 5847; baseline -0.003 -9"><span class='ocrx_word' id='word_1_770' title='bbox 1842 5795 1864 5823; x_wconf 72' lang='grc' dir='ltr'>ε</span> <span class='ocrx_word' id='word_1_771' title='bbox 1904 5783 2022 5838; x_wconf 83' lang='lat' dir='ltr'><strong>Act.</strong></span> <span class='ocrx_word' id='word_1_772' title='bbox 2054 5799 2148 5847; x_wconf 82' lang='lat' dir='ltr'><strong>xx,</strong></span> <span class='ocrx_word' id='word_1_773' title='bbox 2185 5780 2344 5838; x_wconf 82' lang='lat' dir='ltr'><strong>Rom.</strong></span> <span class='ocrx_word' id='word_1_774' title='bbox 2399 5775 2514 5834; x_wconf 62' lang='lat' dir='ltr'><strong>xvi.</strong></span> <span class='ocrx_word' id='word_1_775' title='bbox 2548 5778 2636 5835; x_wconf 55' lang='lat' dir='ltr'><strong>De:</strong></span> <span class='ocrx_word' id='word_1_776' title='bbox 2670 5793 2736 5834; x_wconf 87' lang='lat' dir='ltr'><strong>eo</strong></span> <span class='ocrx_word' id='word_1_777' title='bbox 2781 5775 3061 5846; x_wconf 47' lang='lat' dir='ltr'><strong>ingGestis</strong></span> <span class='ocrx_word' id='word_1_778' title='bbox 3106 5775 3262 5833; x_wconf 86' lang='lat' dir='ltr'><strong>Joan.</strong></span> <span class='ocrx_word' id='word_1_779' title='bbox 3294 5783 3352 5834; x_wconf 80' lang='lat' dir='ltr'><strong>et</strong></span> 
     </span>
    </p>
   </div>
   <div class='ocr_carea' id='block_1_118' title="bbox 1764 5853 2244 5928">
    <p class='ocr_par' dir='ltr' id='par_1_118' title="bbox 1764 5853 2244 5928">
     <span class='ocr_line' id='line_1_118' title="bbox 1764 5853 2244 5928; baseline -0.015 -14"><span class='ocrx_word' id='word_1_780' title='bbox 1764 5854 1937 5914; x_wconf 86' lang='lat' dir='ltr'><strong>Pauli.</strong></span> <span class='ocrx_word' id='word_1_781' title='bbox 1962 5855 2033 5911; x_wconf 75' lang='grc'><strong>26</strong></span> <span class='ocrx_word' id='word_1_782' title='bbox 2053 5853 2184 5909; x_wconf 83' lang='lat' dir='ltr'><strong>Jun.</strong></span> <span class='ocrx_word' id='word_1_783' title='bbox 2239 5925 2244 5928; x_wconf 23' lang='grc' dir='ltr'>η</span> 
     </span>
    </p>
   </div>
  </div>
