3962 6366
573 413 673 471 εθι

1569 405 1628 462 s.
1669 402 1923 461 morus
1962 366 2396 461 ARCHIEPISC.
2442 401 2854 460 VlENNENSlS

572 523 733 581 simul
760 529 817 578 et
862 519 1143 592 coniugem
1180 533 1266 574 me
1318 517 1566 587 accipiat.
1599 516 1768 571 Facta
1818 524 1946 571 sunt
1979 517 2161 570 omnia
2190 519 2237 578 Α
2267 531 2410 580 eum,
2437 524 2495 570 ut
2517 515 2568 569 in
2591 518 2707 587 ejus
2731 515 2947 571 nomine
2970 515 3255 571 ecclesiam
3282 512 3577 570 fabricaret
3602 515 3662 570 in
3686 524 3873 587 porta,

574 614 715 689 sicut
729 612 879 685 virgo
891 609 1173 682 disposuit;
1192 620 1246 663 et
1261 608 1418 662 veluti
1434 606 1823 662 subarrationis
1837 605 1953 660 loco
1967 606 2163 661 dantur

575 704 682 761 duo
714 702 912 759 fratres
940 702 1170 757 eunuchi
1209 699 1438 755 Joannes
1465 706 1520 752 et
1549 697 1744 751 Paulus
1770 713 1832 751 ex
1863 696 2031 751 latere
2054 696 2165 750 Au-

575 806 747 871 gustae
793 795 1091 859 Gallicano,
1137 800 1192 847 et
1229 792 1347 846 dum
1397 806 1649 856 sorores,
1706 789 1968 845 Gallicani
2017 789 2162 857 filiae,

579 887 752 943 Attica
773 895 827 941 et
848 884 1086 939 Artemia
1110 881 1208 953 ipsi
1240 882 1492 953 Augustrc
1521 883 1837 937 traduntur:
1859 897 1995 952 quas
2012 882 2164 954 virgo

582 977 649 1030 ad
684 975 969 1030 Dominum
1024 973 1313 1026 convertit.
1340 971 1508 1043 lgitur
1536 970 1846 1027 Gallicanus
1873 986 1901 1025 a
1931 972 2162 1043 Scythca

576 1079 735 1139 gente
764 1068 843 1121 'in
873 1064 1228 1119 Thraciarum
1262 1064 1615 1135 Philippopoli
1668 1065 1800 1119 urbe
1855 1063 2159 1129 conclusus,

574 1168 820 1215 metuens
851 1154 1139 1227 conﬂigere
1166 1171 1288 1210 cum
1336 1156 1434 1221 eis,
1484 1154 1626 1225 quod
1673 1153 1867 1226 exigua
1899 1154 1974 1208 illi
2022 1162 2165 1209 esset

575 1250 805 1303 militum
856 1262 1069 1312 manus,
1124 1246 1359 1303 hostium
1408 1260 1537 1299 vero
1565 1253 1709 1300 esset
1759 1244 2165 1299 innumerabilis

574 1340 892 1405 multitudo,
928 1338 1214 1394 insistebat
1266 1336 1569 1403 sacrificiis,
1602 1346 1655 1392 et
1687 1333 2165 1391 Martianas'victi-

574 1448 691 1488 mas
724 1431 1007 1489 offerebat.
1038 1430 1176 1498 Quid
1208 1430 1424 1485 multa?
1450 1429 1533 1484 Ad
1581 1428 1828 1483 ultimum
1866 1428 2036 1484 crevit
2066 1428 2165 1483 ob-

573 1522 729 1586 sidio,
760 1531 816 1577 et
843 1521 1081 1576 universi
1116 1522 1314 1576 tribuni
1351 1519 1467 1591 ejus
1492 1535 1556 1575 ac
1592 1519 1791 1575 milites
1834 1534 1891 1574 se
1921 1519 2167 1573 hostibus

575 1614 935 1670 tradiderunt.
952 1612 1196 1684 Cumque
1228 1623 1448 1683 cuperet
1503 1610 1740 1684 fugiendi
1780 1612 1984 1666 aditum
2014 1626 2168 1681 repe-

576 1706 707 1772 rire,
736 1704 933 1760 Paulus
960 1711 1018 1760 et
1040 1704 1295 1769 Joannes,
1334 1718 1403 1759 ex
1426 1699 1623 1774 quibus
1650 1704 1968 1775 prtepositus
2005 1719 2165 1770 unus,

576 1797 711 1853 alter
740 1796 1079 1868 primicerius
1109 1805 1226 1851 erat
1255 1794 1586 1851 Constantia:
1611 1795 1888 1867 Augustae,
1912 1794 2170 1851 dixerunt

2267 623 2387 678 qua:
2419 624 2559 663 nunc
2587 624 2758 678 usque
2784 608 3071 662 Laurentia
3098 616 3460 677 nuncupatur.
3496 605 3752 678 Rogatus
3778 624 3875 662 au-

2269 709 2372 756 tem
2404 711 2462 754 ut
2491 701 2561 756 ibi
2595 701 2865 755 levaretur
2890 700 3174 772 episcopus
3208 716 3310 753 non
3340 701 3644 763 consensit,
3680 714 3781 754 sex
3806 716 3871 755 ex

2268 806 2361 846 sua
2411 792 2687 846 voluntate
2713 792 2829 862 ipse
2865 791 2956 860 qui
3005 790 3350 845 ordinaretur
3391 790 3574 861 elegit.
3632 789 3871 844 Tantam

2269 898 2501 955 namque
2547 883 2597 938 ei
2639 885 2870 955 gratiam
2928 883 3156 938 contulit
3204 882 3367 949 Deus,
3420 892 3478 936 nt
3524 884 3871 939 (immunibus

2268 974 2429 1045 pleni,
2464 989 2588 1029 mox
2632 983 2689 1029 ut
2716 974 2813 1028 visi
2865 972 3097 1028 fuissent
3127 974 3192 1027 ab
3220 973 3393 1028 oculis
3438 973 3581 1043 ejus,
3614 974 3869 1043 protinus

2267 1066 2662 1120 mundarentnr
2689 1084 2700 1119 :
2730 1065 3005 1134 multaque
3036 1064 3091 1118 in
3117 1078 3182 1119 eo
3209 1073 3367 1119 crant
3388 1066 3711 1120 sanctitatis
3745 1066 3867 1118 insi-

2268 1156 2413 1226 gnia.
2459 1154 2565 1210 Sed
2595 1171 2717 1210 cum
2746 1172 2777 1209 a
2823 1153 3140 1210 Constantio
3169 1154 3418 1210 Julianus
3451 1155 3650 1211 Caesar
3694 1155 3868 1209 factos

2267 1254 2431 1311 esset,
2462 1247 2608 1300 dedit
2651 1246 2822 1315 legem
2855 1254 2913 1299 ut
2942 1245 3238 1301 Christiani
3264 1245 3401 1299 nihil
3430 1246 3484 1299 in
3533 1237 3644 1300 hoc
3672 1245 3866 1299 mulo

2268 1336 2627 1409 possiderent.
2655 1335 2809 1391 Tunc
2832 1335 3141 1392 Gallicanus
3159 1336 3362 1390 habens
3384 1336 3437 1391 in
3464 1334 3711 1391 Ostiensi
3738 1350 3865 1406 pago

2269 1437 2502 1496 quatuor
2522 1441 2697 1491 casas,
2731 1440 2957 1495 quarum
2989 1425 3279 1495 pensiones
3308 1425 3392 1479 his
3440 1424 3715 1495 operibus
3754 1427 3864 1493 qui-

2268 1521 2370 1575 bus
2399 1518 2655 1583 diximus,
2685 1517 3064 1582 ministrabat;
3114 1517 3187 1571 ita
3230 1516 3432 1572 habere
3460 1516 3637 1571 Deum
3669 1518 3865 1570 meruit

2270 1610 2610 1666 defensorem
2640 1617 2698 1663 ut
2721 1609 3027 1679 quicunque
3068 1607 3474 1679 ingrediebatur
3500 1608 3555 1662 in
3581 1621 3682 1662 eas
3720 1606 3863 1660 malio

2276 1703 2413 1758 tiose
2451 1711 2543 1756 aut
2570 1714 2772 1772 ponere
2802 1700 2985 1757 titulos
3009 1700 3145 1766 fisci,
3177 1710 3271 1756 aut
3304 1701 3525 1773 exigere
3547 1699 3861 1770 pensiones,

2274 1798 2457 1852 statim
2490 1812 2519 1851 a
2562 1796 2777 1852 diabolo
2803 1795 3127 1867 replebatur.
3168 1795 3237 1851 Et
3264 1784 3577 1867 quicunque
3618 1803 3862 1850 actorum

571 1888 621 1945 ci
657 1907 670 1943 :
711 1884 821 1943 Fac
846 1896 1028 1943 votum
1080 1886 1191 1942 Deo
1243 1886 1388 1952 creti,
1443 1880 1585 1955 quod
1633 1871 1679 1941 si
1730 1894 1781 1940 te
1832 1885 2165 1952 liberaverit,
2200 1912 2244 1973 Β
2272 1889 2388 1959 ejus
2421 1898 2566 1946 esset
2595 1897 2841 1955 exactor,
2868 1889 3112 1959 leprosus
3135 1887 3319 1944 ﬁebat.
3348 1888 3499 1943 Tunc
3525 1887 3863 1954 interrogata

572 1980 919 2039 Christianus
964 1980 1065 2037 fias
1095 1989 1151 2036 et
1176 1982 1284 2035 eris
1321 1980 1497 2035 victor
1542 1979 1737 2035 melius
1785 1995 1946 2050 quam
1995 1979 2165 2034 fuisti.

575 2072 698 2130 Mox
725 2082 785 2129 ut
809 2082 994 2129 vctum
1023 2087 1118 2127 ore
1142 2071 1411 2144 prolatum
1443 2082 1523 2127 est
1552 2072 1805 2143 apparuit
1832 2071 1906 2126 illi
1959 2070 2171 2141 juvenis

571 2170 779 2224 statura
809 2166 1076 2231 excelsus,
1115 2165 1297 2221 ferens
1328 2166 1382 2220 in
1409 2165 1651 2220 humeris
1679 2179 1917 2230 crucem,
1942 2166 2167 2220 dicens:

572 2262 739 2318 Sume
760 2258 993 2333 gladium
1022 2268 1193 2326 tuum,
1225 2269 1278 2315 et
1300 2273 1530 2330 sequere
1569 2273 1676 2312 me.
1709 2257 1881 2325 Quem
1911 2258 2038 2311 dum
2079 2272 2167 2313 se-

510 2418 519 2425 _
573 2361 1250 2426 queretur,‘apparuerunt
1271 2351 1321 2407 ei
1343 2351 1471 2407 hinc
1494 2358 1550 2405 et
1576 2350 1700 2405 inde
1724 2349 1921 2405 milites
1948 2350 2167 2416 armati,

572 2443 960 2499 confirmantes
991 2454 1138 2508 eum,
1176 2450 1235 2496 et
1267 2442 1512 2497 dicentes
1540 2454 1555 2495 :
1587 2439 1698 2496 Nos
1726 2441 1821 2495 tibi
1864 2440 2168 2512 praebemus

571 2532 827 2602 udicium,
862 2543 919 2589 tu
946 2532 1230 2606 ingredere
1258 2533 1493 2588 hostium
1544 2540 1746 2598 castra,
1770 2538 1825 2586 et
1854 2532 2042 2585 dextra
2074 2530 2169 2585 lae-

572 2641 747 2697 vaque
775 2626 1008 2698 gladium
1034 2634 1226 2680 tenens
1254 2622 1624 2695 evaginatum,
1652 2621 1862 2691 respice
1890 2634 2170 2691 quousque

570 2722 857 2793 pervenias
882 2720 950 2774 ad
979 2726 1161 2791 regem
1205 2717 1468 2788 ipsorum.
1511 2716 1629 2781 Ouo
1681 2731 1803 2771 cum
1832 2721 2169 2787 pervenisset

571 2827 694 2868 cum
745 2811 824 2866 eis
869 2818 1174 2880 prostratus
1218 2823 1310 2863 rex
1362 2808 1589 2878 pedibus
1637 2808 1827 2878 ipsius,
1880 2804 2171 2876 postulavit

572 2903 777 2959 nullum
810 2902 1023 2973 penitus
1040 2904 1106 2957 ex
1131 2900 1246 2955 suis
1266 2899 1441 2955 occidi
1462 2898 1660 2971 gladio.
1687 2899 1840 2965 Quod
1855 2898 2169 2953 Gallicanus

573 3008 674 3051 nec
709 2994 858 3060 fecit,
903 3008 1003 3047 nec
1055 2991 1221 3062 jussit
1245 2992 1321 3045 ita
1344 2991 1612 3045 universae
1639 2990 1883 3045 Thraciae
1908 2990 2167 3058 liberatae,

573 3093 628 3141 et
658 3099 791 3154 gens
845 3081 1168 3154 Scytharum
1219 3081 1505 3136 tributaria
1552 3079 1697 3135 facta
1735 3089 1840 3136 est.
1890 3080 2010 3151 lpse
2042 3097 2171 3137 vero

572 3175 646 3233 ita
674 3174 785 3229 Deo
826 3188 886 3227 se
914 3172 1151 3238 devovit,
1184 3181 1243 3227 ut
1284 3172 1451 3226 etiam
1480 3170 1733 3243 coniugio
1757 3188 1837 3227 se.
1861 3174 2171 3243 promiserit

577 3266 871 3321 abstinere.
904 3262 1202 3320 Revertens
1244 3263 1424 3333 itaque
1477 3263 1806 3331 Gallicanus,
1858 3282 1966 3320 non
2021 3270 2170 3338 prius

582 3356 863 3424 ingressus
903 3362 990 3409 est
1041 3352 1292 3419 Romam,
1331 3369 1491 3422 quam
1535 3353 1602 3408 ad
1631 3370 1787 3410 sacra
1835 3355 1977 3410 beati
2018 3355 2165 3420 Petri

574 3449 803 3522 apostoli
829 3448 1014 3505 limina
1048 3448 1396 3523 perrexisset.
1427 3448 1816 3507 Constantinus
1837 3466 1967 3506 vero
1996 3453 2168 3522 impe-

576 3555 728 3599 rator
773 3543 922 3599 misit
969 3558 1027 3599 se
1060 3543 1113 3598 in
1143 3543 1421 3614 amplexus
1445 3543 1561 3614 ejus
1598 3553 1883 3615 postquam
1912 3546 2167 3616 cognovit

570 3637 751 3695 omnia
781 3651 903 3706 quae
927 3634 1130 3692 Christi
1158 3635 1359 3705 pietate
1380 3635 1526 3690 circa
1566 3635 1716 3690 illum
1739 3636 1982 3706 perfecta
2014 3646 2160 3701 sunt,

574 3728 818 3807 referens
838 3728 901 3785 ei;
914 3727 1170 3784 universa
1190 3742 1311 3796 qua:
1330 3735 1484 3798 gesta
1514 3735 1641 3783 sunt
1665 3728 1812 3783 circa
1842 3727 1980 3783 filias
2027 3729 2165 3798 ejus,

570 3820 840 3889 quomodo
869 3829 995 3874 sunt
1025 3818 1262 3887 virgines
1302 3816 1521 3874 Christo
1569 3818 1773 3873 utiliter
1803 3829 2163 3889 consecratae.

571 3911 723 3966 Tunc
751 3926 873 3965 cum
901 3910 1141 3983 Augusto
1167 3908 1405 3963 intrante
1433 3908 1692 3979 palatium
1739 3910 2037 3977 Gallicano,
2070 3928 2165 3967 oc-

572 4002 715 4057 curit
744 4000 945 4055 Helena
988 4014 1109 4053 cum
1157 3999 1266 4052 filia
1298 3998 1631 4062 Constantia,
1676 4010 1730 4055 et
1760 4001 1969 4058 filiabus
1998 4004 2167 4073 ipsius

571 4093 855 4149 Gallicani.
884 4091 1270 4146 Fundebantur
1297 4091 1549 4163 lacrymze
1584 4095 1798 4164 gaudiis
1829 4096 2018 4166 plenm.
2063 4096 2165 4166 Qui

575 4204 699 4243 cum
730 4187 890 4244 vellet
922 4188 1166 4258 privatus
1206 4188 1518 4255 abscedere,
1552 4200 1771 4261 rogatus
1816 4192 1883 4246 ab
1924 4193 2166 4265 Augusto

574 4281 761 4337 consul
785 4280 1049 4352 processit
1073 4298 1086 4333 :
1109 4288 1164 4335 et
1186 4281 1239 4335 in
1263 4279 1498 4338 fascibus
1520 4285 1747 4353 positus,
1779 4286 2017 4356 quinque
2045 4286 2167 4340 mil.

571 4373 641 4429 lia
672 4388 954 4429 servorum
972 4371 1174 4428 liberos
1200 4371 1454 4443 civesque
1491 4373 1765 4430 Romanos
1794 4375 1942 4431 fecit.
1961 4376 2167 4443 Quibus

569 4466 771 4545 praedia
820 4464 1122 4539 domosque
1174 4464 1397 4520 donavit
1441 4483 1453 4517 :
1492 4476 1827 4537 cunctasque
1880 4466 2165 4523 facultates

571 4577 720 4625 suas,
762 4567 988 4629 excepto
1009 4556 1136 4627 jure
1166 4558 1418 4625 filiarum,
1453 4560 1683 4614 distrahi
1718 4574 1782 4615 ac
1810 4559 2001 4614 donari
2028 4576 2163 4630 pau-

2273 1984 2536 2039 daemonia
2561 1982 2828 2038 dederunt
2857 1996 3197 2053 responsum,
3228 1982 3396 2053 quod,
3418 1980 3523 2036 nisi
3552 1980 3866 2036 sacriﬁcare

2271 2086 2494 2135 coactus
2519 2075 2708 2131 fuisset
2732 2075 3060 2142 Gallicanus,
3090 2085 3374 2132 exactores
3414 2074 3726 2130 redditum
3754 2076 3867 2144 ejus

2274 2171 2378 2225 ista
2409 2170 2646 2241 pericula
2679 2184 2785 2225 non
2815 2169 3068 2224 vitarent.
3094 2168 3162 2224 Et
3182 2168 3445 2239 quoniam
3479 2167 3659 2222 nullus
3686 2168 3862 2221 aude-

2272 2260 2366 2316 bat
2391 2262 2684 2318 convenire
2722 2260 3062 2317 Gallicanum
3088 2262 3155 2317 de
3184 2264 3289 2317 hoc
3318 2261 3547 2326 scelere,
3584 2261 3864 2316 mandavit

2272 2357 2320 2411 ei
2344 2356 2591 2412 Julianus
2615 2355 2819 2421 Caesar,
2848 2356 3071 2411 dicens:
3104 2355 3213 2410 Aut
3230 2356 3482 2412 sacrifica
3502 2357 3633 2421 diis,
3664 2366 3767 2410 aut
3793 2357 3863 2410 di-

2272 2449 2429 2504 scede
2477 2465 2507 2503 a
2549 2448 2748 2504 finibus
2787 2447 2973 2503 Italiae.
3008 2447 3109 2515 Qui
3160 2448 3346 2502 statim
3382 2448 3590 2504 relictis
3614 2448 3861 2503 omnibus

2271 2542 2658 2599 Alexandriam
2683 2542 2858 2613 petiit,
2888 2551 2945 2597 et
2972 2541 3046 2597 ibi
3071 2542 3292 2613 junctus
3334 2552 3419 2597 est
3454 2542 3860 2598 confessoribns

2269 2634 2471 2691 Christi
2496 2648 2594 2704 per
2617 2634 2937 2689 continuum
2965 2649 3186 2689 annum.
3219 2632 3353 2690 Post
3377 2633 3541 2691 etiam
3558 2634 3796 2689 secessit
3814 2634 3855 2686 in

2270 2738 2533 2788 eremum,
2565 2723 2746 2793 ibique
2768 2738 2797 2777 a
2830 2723 3108 2779 Rauciano
3129 2726 3327 2781 comite
3360 2723 3730 2796 templorum,
3753 2739 3857 2779 cum

2269 2824 2556 2887 cogeretur
2575 2814 2905 2881 sacriﬁcare,
2936 2826 2990 2870 et
3015 2826 3405 2881 contemneret,
3431 2832 3740 2888 percussus
3761 2818 3856 2889 gla-

2271 2904 2362 2959 dio
2409 2906 2461 2959 in
2510 2919 2757 2975 corpore,
2804 2903 3007 2961 Christi
3060 2916 3351 2979 martyrem
3390 2906 3541 2973 fecit,
3593 2918 3771 2978 atque
3799 2911 3857 2963 ita

2271 2994 2511 3064 perrexit
2548 2996 2615 3050 ad
2660 2995 2950 3050 Dominum
2982 2997 3219 3067 gaudens
3265 3012 3389 3052 cum
3420 2997 3732 3067 triumpho.
3775 2997 3857 3053 Cui

2270 3088 2453 3142 statim
2481 3088 2760 3143 basilicam
2788 3097 3213 3144 construxerunt
3238 3090 3320 3146 sui
3352 3091 3589 3147 nominis
3611 3106 3630 3145 :
3672 3092 3733 3147 in
3767 3108 3858 3161 qua

2272 3180 2573 3234 exuberant
2608 3179 2874 3235 beneficia
2913 3183 3167 3253 martyris
3192 3198 3259 3237 ex
3302 3197 3386 3249 eo,
3421 3191 3477 3237 et
3511 3199 3664 3239 nunc
3702 3200 3857 3256 usque

2197 3292 2240 3355 ρ
2274 3272 2326 3325 in
2353 3272 2634 3325 sacculum.

2340 3365 2473 3421 Item
2498 3365 2706 3431 Beluae,
2746 3375 2948 3422 sanctae
2979 3367 3160 3422 Luciaa
3179 3367 3429 3440 virginis,
3459 3383 3580 3423 cum
3600 3367 3738 3424 aliis
3770 3369 3863 3423 tri-

2269 3458 2414 3529 ginta
2446 3459 2678 3515 duobus.

2763 3553 2824 3607 Β.
2866 3550 2935 3607 VI
2972 3551 3127 3607 ΚΑΒ.
3152 3550 3341 3608 JULll.

2923 3645 3016 3715 (ιθ
3059 3646 3216 3715 Jun.)

2340 3738 2549 3803 Romae,
2574 3745 2845 3793 sanctorm
2871 3736 3096 3792 Joannis
3120 3746 3175 3793 et
3211 3736 3362 3792 Pauli
3389 3735 3628 3792 fratrum
3644 3738 3849 3792 male.

2270 3830 2510 3898 Quorum
2545 3830 2753 3899 primus
2782 3830 3126 3900 praepositus,
3159 3830 3427 3885 secundus
3459 3828 3563 3883 fuit
3604 3832 3858 3899 primice-

2272 3924 2383 3977 rius
2410 3921 2741 3977 Constantite
2774 3922 3020 3992 virginis,
3054 3920 3176 3975 lilia:
3202 3916 3561 3977 Constantini.
3590 3920 3712 3990 Qui
3750 3936 3856 3977 cum

2268 4015 2415 4072 omni
2468 4016 2556 4070 die
2585 4023 2795 4070 turmas
2831 4014 3265 4069 Christianorum
3309 4025 3626 4069 recrearent
3679 4033 3747 4073 ex
3785 4017 3859 4070 his

2269 4108 2483 4177 opibus,
2530 4121 2664 4175 quas
2695 4106 3038 4160 sanctissima
3076 4106 3228 4176 virgo
3275 4103 3589 4160 Constantia
3639 4108 3856 4178 relique-

2271 4209 2376 4264 rat,
2398 4199 2649 4269 pervenit
2676 4199 2779 4253 hoc
2801 4198 2867 4252 ad
2893 4196 3188 4253 Julianum.
3214 4198 3282 4252 Et
3316 4198 3465 4252 misit
3490 4199 3581 4269 qui
3614 4215 3720 4256 eos
3741 4218 3855 4256 con-

2270 4293 2536 4357 venirent,
2570 4293 2756 4347 dicens
2790 4290 2990 4346 debere
3019 4290 3120 4345 sibi
3157 4306 3252 4346 eos
3284 4291 3583 4347 adhaerere.
3631 4292 3715 4347 Illi
3746 4304 3855 4347 rem

2272 4386 2670 4456 responderunt
2698 4384 2840 4438 inter
2880 4384 2983 4438 alia
3014 4400 3026 4436 :
3053 4382 3158 4438 Pro
3184 4383 3471 4454 iniquitate
3509 4394 3601 4438 tua
3655 4386 3852 4441 destiti-

2268 4490 2388 4531 mus
2416 4490 2445 4529 a
2478 4483 2569 4529 tua
2594 4473 2941 4539 salutatione,
2968 4482 3022 4528 et
3045 4489 3076 4528 a
3105 4474 3361 4530 societate
3382 4474 3602 4546 imperii
3636 4479 3713 4531 tui
3745 4480 3859 4531 nos-‘

2269 4568 2528 4637 metipsos
2554 4567 2775 4623 omnino
2802 4566 3190 4621 subtraximus.
3225 4565 3424 4622 Sumus
3452 4567 3601 4623 enim
3638 4582 3741 4625 nos
3760 4583 3851 4624 non

578 4653 800 4725 paribus
829 4650 1012 4720 thSSil-
1043 4651 1113 4707 Ει
1158 4665 1219 4708 δε
1265 4651 1318 4706 in
1351 4650 1587 4707 OstienSi
1615 4651 1747 4707 urbe
1774 4654 2010 4707 Iltattenli
2041 4654 2159 4707 Ctti-
2192 4676 2239 4735 ι)
2266 4661 2409 4725 falsi,
2440 4662 2533 4715 sed
2563 4660 2677 4714 veri
2697 4658 3020 4714 Christiani.
3045 4657 3251 4726 Quibus
3271 4656 3523 4715 Julianus
3550 4662 3859 4717 mandavitz‘

570 4745 695 4801 dam
746 4752 939 4800 sancto
969 4742 1107 4807 viro.
1156 4742 1399 4798 Hilarino
1424 4744 1663 4808 nomine,
1700 4744 1949 4798 sociavit.
1993 4743 2160 4815 Cujus

571 4836 1220 4912 habitaculum_ampliari
1247 4836 1375 4892 fecit
1402 4837 1470 4891 ad
1494 4837 1900 4907 peregrinorum
1933 4854 2160 4908 suscep-

571 4931 813 4997 tionem,
878 4944 1044 4999 quam
1115 4928 1231 4999 ipse
1282 4928 1533 5000 plurimis
1587 4929 1947 4999 impendebat.
2022 4930 2159 4985 Huic

570 5023 916 5079 adhzeserunt
990 5019 1140 5076 multi
1212 5034 1276 5076 ex
1327 5022 1500 5077 servis
1555 5022 1688 5086 suis,
1754 5038 1892 5095 quos
1961 5023 2158 5080 liberos

568 5112 717 5173 fecit.
772 5110 845 5166 Et
867 5109 1140 5182 divulgata
1193 5119 1279 5167 est
1325 5109 1467 5166 fama
1517 5112 1637 5182 ejus
1701 5127 1798 5182 per
1859 5122 2030 5169 totum
2069 5130 2160 5169 or-

568 5209 731 5273 bem,
780 5205 856 5261 ita
902 5213 962 5264 ut
998 5205 1068 5259 ab
1100 5202 1339 5260 Oriente
1379 5213 1437 5260 et
1478 5203 1771 5261 Occidente
1830 5208 2108 5263 venientes
2141 5247 2156 5273 ,

567 5297 816 5355 viderent
833 5294 1012 5350 virum
1030 5309 1100 5351 ea
1131 5294 1381 5365 patricio,
1419 5309 1487 5351 ex
1508 5294 1847 5365 consule,qui
1871 5306 1989 5351 erat
2016 5297 2146 5351 ami-

568 5389 821 5447 cissimus
856 5387 1115 5458 Augusto,
1154 5385 1421 5442 lavantem
1450 5387 1638 5457 pedes,
1674 5397 1961 5457 ponentem
1987 5406 2141 5444 mem.

570 5498 707 5549 sam,
733 5496 932 5553 aquam
965 5479 1214 5535 manibus
1236 5479 1620 5546 effundentem,
1650 5480 2025 5550 languentibus
2047 5483 2153 5539 sol-

570 5576 717 5637 licita
756 5576 1179 5638 ministrantem,
1223 5582 1279 5632 et
1324 5575 1668 5630 exhibentem
1717 5584 1914 5631 caetera
1950 5585 2154 5632 sancta:

571 5670 846 5726 servitutis
884 5668 1081 5724 officia.
1118 5668 1216 5723 llic
1255 5668 1462 5739 primus
1510 5670 1563 5722 in
1608 5667 1845 5725 Ostiensi
1885 5671 2019 5727 urbe
2057 5686 2153 5726 ex-

572 5763 774 5828 struxit
809 5762 1095 5821 ecclesiam
1130 5772 1187 5817 et
1216 5760 1406 5816 ditavit
1436 5759 1611 5817 oﬂicia
1638 5761 1981 5818 clericorum.
2015 5763 2152 5820 Huic

570 5874 630 5915 se
678 5866 897 5915 sanctus
936 5857 1123 5914 Levita
1164 5856 1491 5913 Laurentius
1540 5856 1816 5924 revelavit,
1860 5858 2173 5915 adhortans

2265 4755 2625 4811 Considerare
2649 4754 2880 4819 debetis,
2909 4754 3035 4823 quia
3063 4768 3157 4808 vos
3187 4753 3332 4823 regia
3360 4754 3483 4808 aula
3517 4756 3712 4809 nutriti
3755 4769 3850 4810 non

2267 4847 2473 4902 debetis
2519 4848 2706 4901 deesse
2730 4862 2759 4899 a
2799 4846 2966 4900 latere
2996 4859 3137 4910 meo,
3174 4854 3233 4899 ut
3275 4845 3507 4900 habeam
3534 4828 3633 4901 vos
3658 4848 3849 4917 primos

2268 4940 2321 4994 in
2350 4939 2550 5010 palatio
2578 4955 2720 4995 meo.
2751 4938 2906 5006 Quod
2952 4938 2998 4993 si
3029 4946 3372 5008 contemptus
3414 4954 3447 4993 a
3485 4939 3645 4994 vobis
3681 4938 3845 4999 fuero.

2267 5048 2490 5088 necesse
2527 5032 2659 5086 mihi
2703 5031 2808 5086 erit
2849 5046 3029 5102 agere,
3062 5039 3122 5087 ut
3159 5032 3432 5086 contemni
3476 5048 3588 5087 non
3632 5033 3845 5103 possim.

2270 5124 2468 5180 Paulus
2504 5133 2559 5179 et
2583 5122 2820 5179 Joannes
2860 5124 3153 5179 dixerunt:
3178 5121 3296 5179 Non
3329 5122 3427 5178 tibi
3454 5120 3691 5181 facimus
3720 5125 3848 5179 banc

2268 5217 2542 5287 iniuriam,
2575 5223 2633 5269 ιιι
2667 5229 3045 5285 praeponamus
3076 5214 3170 5269 tibi
3202 5213 3639 5287 qualemcunque
3674 5232 3848 5285 perio-

2266 5323 2389 5362 nam
2414 5324 2428 5371 ;
2460 5307 2626 5361 Deum
2651 5305 2746 5360 tibi
2775 5305 3158 5375 praeponimus,
3182 5306 3273 5374 qui
3295 5304 3423 5361 fecit
3443 5306 3645 5363 caelum
3673 5316 3733 5363 et
3751 5316 3851 5361 ten

2266 5413 2404 5463 ram,
2445 5411 2594 5451 mare
2642 5404 2698 5452 et
2737 5396 2920 5451 omnia
2954 5411 3074 5466 qua:
3119 5397 3173 5452 in
3221 5396 3303 5451 eis
3346 5404 3494 5453 sunt.
3524 5397 3597 5453 Et
3631 5400 3775 5455 scine
3804 5410 3849 5451 te

2264 5489 2510 5544 volumus
2527 5488 2654 5558 quia
2693 5503 2968 5559 nunquam
2999 5487 3068 5542 ad
3096 5487 3478 5543 salutationem
3513 5496 3682 5555 tuam,
3724 5505 3851 5545 nun-

2260 5596 2420 5652 quam
2445 5580 2512 5635 ad
2537 5579 2804 5635 culturam
2829 5589 2997 5645 tuam,
3022 5595 3295 5650 nunquam
3325 5589 3395 5636 ad
3415 5580 3674 5650 palatium
3702 5591 3847 5639 tum

2261 5674 2564 5729 veniemus.
2603 5671 2809 5740 Quibus
2829 5669 3075 5727 Julianus
3112 5671 3186 5727 ait
3217 5691 3231 5727 :
3264 5672 3459 5728 Decem
3483 5672 3673 5730 diebus
3698 5673 3846 5727 vobis

2262 5781 2292 5820 a
2321 5779 2405 5819 me
2436 5764 2634 5819 dantur
2660 5764 2926 5820 induciae:
2954 5763 3162 5820 decima
3208 5770 3481 5820 transacta
3520 5764 3617 5819 Dei
3655 5772 3845 5834 sponte

2263 5859 2328 5915 ad
2355 5875 2440 5915 me
2467 5859 2742 5915 venientes
2773 5878 2785 5913 :
2811 5860 3013 5915 amicos
3041 5873 3138 5915 vos
3164 5858 3414 5925 habeam,
3440 5873 3546 5913 non
3570 5856 3844 5913 venientes
