3962 6366
156 423 268 482 295

857 424 1465 483 MARTYROLOGIUM
1499 423 1643 479 CUM
1683 420 2221 480 ADDITAMENTIS.
2262 457 2332 467 —-
2372 424 2581 503 MENS.
2625 425 2775 483 JUN.

3337 412 3451 490 sat

157 532 311 581 vero,
342 526 600 587 tanquam
650 519 835 573 hostes
881 517 1123 588 publicos
1162 518 1343 587 punio.
1387 517 1537 571 Tunc
1577 516 1750 569 sancti
1780 522 1827 578 Α
1857 514 2040 586 ibique
2100 516 2420 573 Zachariam
2475 519 2795 589 discipulum
2854 532 2955 591 pro
3009 535 3070 577 se
3126 510 3459 596 episcopum

156 610 259 664 viri
287 609 532 665 Joannes
555 616 610 664 et
641 609 841 665 Paulus
873 609 1217 666 Christianos
1246 610 1312 662 ad
1348 625 1408 663 se
1439 610 1752 675 invitaulcs,

156 703 550 758 ordinaverunt
593 703 657 758 de
686 703 934 758 omnibus
974 717 1093 773 qua:
1135 702 1446 773 relinquere
1481 711 1751 773 poterant,

156 811 252 868 per
284 804 430 851 totos
458 797 645 851 decem
674 795 793 851 dies
820 796 1158 852 incessanter
1187 796 1275 853 die
1314 805 1586 865 noctuque
1611 794 1755 850 elee-

157 890 404 960 mosynis
431 890 761 945 insistentes.
790 890 885 944 Die
910 905 1039 944 vero
1059 890 1343 944 undecima
1370 897 1499 944 sunt
1523 890 1755 944 constri-

157 981 229 1039 cti
256 981 406 1038 intra
434 996 591 1037 suam
621 980 862 1035 domum.
889 979 1085 1037 Missus
1113 995 1347 1051 namque
1368 989 1452 1035 est
1482 980 1755 1035 Terentia-

157 1087 257 1127 nus
282 1072 658 1142 compiductor
680 1073 746 1126 ad
768 1087 861 1127 eos
886 1087 1009 1127 cum
1038 1073 1297 1126 militibus
1324 1074 1456 1127 hora
1478 1073 1749 1128 cmnandi.

158 1162 257 1231 Qui
286 1163 592 1235 ingmssus,
624 1164 833 1218 invenit
859 1179 955 1219 eos
980 1174 1224 1231 orantes,
1254 1174 1311 1222 et
1338 1164 1474 1219 dixit
1503 1166 1581 1222 eis
1609 1184 1621 1219 :
1649 1166 1754 1222 Do-

158 1255 342 1308 minus
365 1263 552 1309 noster
580 1254 826 1309 Julianus
857 1256 1223 1327 statunculum
1254 1272 1477 1312 aureum
1515 1256 1663 1315 Jovis
1683 1258 1752 1314 ad

279 1347 453 1413 misit,
477 1356 537 1402 ut
560 1346 965 1414 adoretisillud,
990 1357 1047 1407 et
1066 1349 1221 1407 thura
1247 1348 1571 1411 incendatis.
1596 1349 1751 1419 Quod

160 1426 338 1492 sinon
386 1437 644 1502 feceritis,
684 1438 844 1493 ambo
891 1439 1051 1495 modo
1095 1439 1275 1511 gladio
1304 1439 1592 1495 feriemini.
1633 1438 1750 1496 Non

160 1529 306 1584 enim
331 1528 490 1585 decet
516 1545 611 1585 vos
638 1529 781 1585 intra
808 1530 983 1585 aulam
1016 1532 1267 1597 nutritos,
1296 1532 1508 1603 publice
1537 1534 1752 1589 occida-

163 1620 317 1675 mini.
338 1617 574 1676 Joannes
592 1628 649 1675 et
671 1618 868 1675 Paulus
890 1621 1142 1676 dixerunt
1166 1621 1438 1678 :Julianus
1463 1624 1506 1679 si
1524 1631 1646 1680 tuus
1667 1633 1751 1680 est

163 1710 442 1774 Dominus,
456 1711 879 1783 habetopartem
890 1728 1017 1768 cum
1028 1728 1121 1769 eo:
1136 1714 1295 1771 nobis
1305 1725 1486 1772 autem
1501 1716 1750 1777 dominus

166 1802 306 1857 alius
334 1818 433 1857 non
464 1811 568 1868 est,
595 1803 699 1859 nisi
730 1820 870 1859 unus
898 1804 1059 1871 Deus,
1088 1805 1250 1861 Pater
1277 1816 1334 1862 et
1360 1806 1530 1863 Filius
1546 1816 1600 1862 et
1628 1808 1750 1879 Spi-

1858 608 2153 663 ordinavit.
2204 608 2437 666 Rediens
2469 626 2597 667 vero
2632 613 2699 667 ad
2729 622 2974 684 gentem;
3010 616 3096 671 cui
3132 618 3448 687 specialiter

1859 697 2033 755 fuerat
2077 700 2360 771 episcopus
2401 703 2581 768 datus,
2611 702 2850 769 Galatas,
2885 720 3058 776 usque
3108 707 3177 762 ad
3222 709 3443 765 beatum

1858 791 2019 847 ﬁnem
2044 793 2167 849 vita:
2198 809 2309 850 sua:
2340 795 2391 850 in
2422 811 2586 866 opere
2620 797 2830 853 Domini
2859 798 3206 873 confortavit.

1926 888 2081 959 Apud
2114 888 2452 945 Tiburtinam
2490 891 2653 947 Italia:
2694 893 2992 958 civitatem,
3029 897 3212 952 natale
3241 906 3444 954 sancta:
3499 964 3506 975 ι

1857 980 2254 1053 Symphorosaa,
2283 983 2423 1038 beati
2455 981 2652 1038 Getulii
2683 986 2939 1058 martyris
2969 987 3175 1051 uxoris,
3211 1004 3332 1043 cum
3361 1003 3447 1045 se-

1854 1080 1999 1142 ptem
2032 1071 2178 1137 ﬁliis,
2208 1071 2520 1137 Crescente,
2557 1072 3101 1140 Juliano,’Nemesio,
3137 1077 3442 1144 Primitlvo,

1852 1162 2085 1228 Justino,
2114 1161 2354 1229 StaCteo,
2392 1162 2655 1237 Eugenio,
2691 1176 2812 1220 cum
2853 1154 3053 1235 quibus
3094 1166 3254 1221 simul
3283 1183 3441 1239 passa

1853 1263 1930 1309 est
1964 1255 2065 1309 sub
2093 1254 2333 1310 Adriano
2358 1256 2602 1326 principe
2631 1260 2647 1310 ὲ
2672 1257 2765 1327 qui
2810 1258 2983 1327 ipsam
3014 1257 3438 1329 Symphorosam

1845 1344 2009 1415 jussit
2051 1346 2248 1418 palmis
2278 1348 2433 1413 caedi,
2482 1348 2679 1404 deinde
2725 1349 2979 1420 suspendi
3025 1351 3284 1407 crinibus.
3332 1350 3440 1409 Sed

1852 1451 1974 1491 cum
2011 1438 2255 1507 superari
2289 1437 2593 1493 nullatenus
2638 1449 2850 1510 posset;
2884 1441 3048 1511 jussit
3071 1454 3193 1497 eam
3221 1443 3442 1515 alligato
3534 1482 3541 1489 ι

1851 1541 1985 1581 saxo
2015 1527 2068 1581 in
2104 1525 2326 1582 ﬁuvium
2374 1529 2723 1600 praecipitari.
2759 1530 2924 1603 Cujus
2958 1532 3128 1589 frater
3167 1533 3442 1605 Eugenius

1851 1621 2015 1676 curia:
2055 1622 2370 1692 principalis
2419 1621 2741 1691 Tiburtinae,
2774 1624 3039 1705 colligens
3083 1643 3281 1699 corpus
3326 1628 3444 1697 ejus

1851 1713 2115 1787 sepelivit.
2144 1714 2301 1771 Mane
2332 1724 2510 1771 autem
2536 1716 2699 1783 facto,
2726 1708 3023 1788 imperator
3038 1717 3202 1787 jussit
3228 1729 3435 1790 septem

1851 1805 1941 1877 ﬁgi
1966 1807 2195 1877 stipites,
2227 1808 2407 1878 ibique
2435 1802 2573 1864 lilids
2601 1796 2717 1879 ejus
2742 1811 2809 1865 ad
2833 1802 3106 1866 trochlear
3124 1811 3361 1873 extendi.
3388 1804 3447 1867 ei

165 1893 299 1947 ritus
324 1900 561 1955 sanctus,
590 1908 750 1964 quem
779 1895 868 1950 ille
913 1910 1114 1968 negare
1142 1913 1250 1953 non
1283 1900 1483 1954 timuit.
1517 1900 1585 1955 Et
1615 1901 1745 1972 quia
1774 1883 1821 1944 Β
1847 1894 2193 1957 Crescentem
2227 1898 2278 1953 in
2301 1907 2513 1970 gutture
2538 1898 3090 1970 transﬁgi,Julianum
3118 1901 3172 1955 in
3197 1912 3438 1973 pectore,

163 1987 326 2043 semel
357 2004 387 2043 a
417 1988 556 2045 facie
584 1989 679 2044 Dei
716 1988 992 2059 projectus
1022 1999 1125 2057 est,
1155 1992 1266 2047 vult
1306 2002 1361 2049 et
1388 1994 1525 2049 alios
1554 2010 1739 2050 secum

165 2083 214 2138 in
248 2084 528 2139 interitum
557 2084 834 2140 devenire.
869 2083 1021 2141 Tunc
1058 2085 1416 2142 Terentianus
1446 2068 1577 2144 fecii
1626 2087 1742 2143 ﬁeri

163 2174 369 2229 foveam
402 2174 547 2229 intra
581 2174 801 2230 domum
829 2189 1039 2241 eorum,
1070 2184 1129 2230 ut
1163 2177 1282 2232 sine
1320 2178 1550 2249 strepitu
1579 2177 1739 2235 fama:

161 2268 515 2337 punirentur:
550 2276 606 2323 et
634 2268 714 2324 sic
764 2268 1041 2335 decollari,
1092 2270 1384 2338 statimque
1434 2273 1633 2327 involvi
1687 2284 1743 2329 et

160 2359 345 2430 reponi
368 2357 564 2427 jussit;
604 2359 911 2432 divulgans,
943 2361 1087 2431 quod
1123 2360 1276 2430 jussu
1330 2362 1560 2418 Caesaris
1590 2365 1741 2420 missi

161 2447 391 2504 fuissent
434 2449 490 2504 in
520 2450 796 2505 exsilium.
836 2451 1034 2508 Statim
1067 2461 1248 2507 autem
1297 2464 1356 2507 ut
1401 2452 1649 2509 Julianus
1688 2456 1740 2509 in

362 2538 650 2597 Pera-arum
712 2542 1029 2600 interfectus
1085 2555 1190 2611 est,
1257 2546 1544 2601 Joviniano
1598 2546 1742 2601 facto

166 2630 623 2689 Christianissimo
663 2634 1013 2704 imperatore,
1066 2648 1268 2707 apertae
1298 2644 1424 2691 sunt
1473 2636 1736 2701 ecclesiai,

166 2726 224 2777 α
251 2722 415 2794 εαξρῆ
441 2722 622 2795 religio
642 2724 948 2780 Christiana
972 2726 1223 2795 gaudere.
1253 2727 1535 2781 Daemones
1556 2735 1737 2780 autem

159 2826 227 2868 ex
244 2813 489 2869 obsessis
510 2816 827 2887 corporibus
847 2816 989 2870 intra
1012 2815 1233 2872 domum
1258 2815 1483 2874 Joannis
1506 2827 1562 2871 et
1588 2817 1736 2872 Pauli

156 2902 531 2973 ejiciebantur,
569 2906 891 2962 conﬁtentes
920 2915 1163 2962 sanctam
1193 2908 1500 2979 passionem
1523 2923 1735 2975 eorum,

157 2995 229 3050 ita
257 3004 317 3051 ut
343 2997 535 3053 unicus
563 2997 705 3054 ﬁlius
747 2999 1081 3065 Terentiani,
1112 3001 1203 3071 qui
1233 3015 1327 3055 eos
1351 3001 1735 3068 decollaverat,

156 3089 363 3143 veniret
403 3089 547 3145 intra
594 3090 812 3145 domum
858 3100 1195 3158 sanctorum,
1235 3101 1291 3148 et
1342 3093 1605 3149 clamaret
1642 3111 1740 3165 per

157 3193 217 3234 os
240 3182 361 3247 ejus
378 3180 610 3247 daemon,
642 3184 786 3252 quod
817 3183 1017 3238 Paulus
1043 3191 1100 3238 et
1124 3183 1361 3240 Joannes
1387 3186 1739 3242 incenderent

158 3287 298 3328 cum.
332 3272 486 3327 Tunc
529 3273 889 3329 Terentianus
938 3274 1178 3341 veniens,
1226 3277 1523 3348 prostravit
1574 3292 1633 3333 se
1682 3278 1737 3332 in

158 3363 347 3419 faciem
385 3364 647 3431 clamans,
677 3367 820 3436 quod
868 3368 1116 3422 nesciens
1152 3367 1281 3437 quid
1324 3367 1529 3423 faceret
1577 3369 1743 3424 homo

156 3458 569 3530 paganissimos,
591 3457 887 3529 jussionem
909 3460 1139 3517 Caesaris
1174 3461 1539 3530 adimplesset.
1586 3461 1741 3517 Unde

156 3548 356 3605 factum
378 3558 483 3617 est,
508 3562 565 3606 ut
588 3552 714 3608 dato
740 3554 962 3609 nomine
987 3568 1106 3619 suo,
1128 3553 1378 3624 proximo
1405 3553 1494 3607 die
1516 3554 1740 3609 Pascha:

156 3642 459 3711 perciperet
488 3643 718 3714 gratiam
744 3643 965 3700 Christi.
1010 3644 1076 3699 Et
1100 3644 1316 3699 assidue
1342 3658 1507 3699 orans
1522 3652 1577 3701 et
1602 3643 1737 3702 ﬁens

166 3732 234 3785 ad
264 3732 431 3787 locum
471 3734 620 3789 illum
648 3744 787 3801 erat,
822 3736 875 3791 in
906 3752 1015 3806 quo
1043 3745 1359 3791 sanctorum
1390 3751 1621 3806 corpora
1648 3752 1736 3792 re-

163 3823 457 3893 quiescunt,
495 3826 668 3883 donec
697 3845 727 3882 a
754 3829 956 3884 sanctis
984 3828 1078 3884 Dei
1110 3828 1251 3883 ﬁlius
1274 3826 1390 3897 ejus
1418 3830 1743 3884 emundare-

158 3924 263 3971 tur.
290 3912 357 3971 Et
385 3918 453 3971 ab
481 3918 598 3988 ipso
644 3919 968 3974 Terentiano
1008 3919 1277 3990 descripta
1302 3928 1381 3975 est
1414 3920 1598 3989 passio
1646 3921 1739 3977 ho-

156 4025 278 4064 rum
312 4022 629 4084 martyrum.
670 4011 826 4068 Passi
852 4024 982 4069 sunt
1007 4023 1188 4069 autem
1218 4030 1268 4069 vt
1299 4013 1417 4068 Kal.
1444 4013 1594 4069 Julii.

633 4128 691 4185 C.
738 4128 783 4185 ν
834 4127 988 4185 KAL.
1037 4128 1204 4185 JULII

788 4220 875 4295 (27
911 4222 1065 4296 Jun.)

142 4390 149 4396 .
222 4312 251 4356 δ
286 4314 439 4385 Apud
462 4313 750 4384 Calatiam,
776 4316 837 4371 B.
866 4315 1195 4385 Crescentis,
1225 4319 1470 4392 discipuli
1500 4318 1557 4375 S.
1586 4318 1740 4375 Pauli

145 4399 386 4481 apostoli
410 4402 493 4480 (11
514 4407 648 4463 Tim.
668 4408 769 4481 tv),
790 4411 878 4479 qui
904 4411 1181 4467 adGallias
1207 4413 1490 4468 transitum
1515 4412 1738 4479 faciens,

146 4488 324 4557 v‘érbo
345 4502 740 4572 praedicationis
755 4504 949 4558 multos
970 4506 1035 4558 ad
1055 4504 1212 4560 ﬁdem
1230 4504 1429 4561 Christi
1452 4506 1738 4572 convertit,

1848 1986 2155 2044 Nemesium
2189 1990 2241 2044 in
2275 1991 2456 2053 corde,
2490 1990 2832 2047 Primitivum
2860 1992 2913 2047 in
2945 1992 3218 2061 umbilico,
3268 1993 3440 2050 Justi-

1847 2095 1974 2147 num
2002 2094 2100 2150 per
2125 2080 2366 2135 membra
2394 2081 2687 2135 distentum
2716 2082 2889 2137 scindi
2918 2097 3017 2153 per
3037 2083 3279 2155 singulos
3316 2101 3451 2161 cor:

1844 2173 1995 2239 poris
2022 2169 2192 2225 nodos
2223 2177 2385 2239 atque
2415 2167 2721 2239 iuncturas,
2754 2170 3031 2228 Stacteum
3060 2174 3262 2231 lanceis
3284 2175 3443 2231 inuu-

1845 2265 2216 2330 merabilibus,
2245 2265 2420 2322 donec
2442 2276 2774 2333 moreretur,
2807 2266 2863 2322 in
2902 2276 3046 2322 terra
3071 2270 3301 2341 conligi;
3333 2269 3438 2326 Eu-

1844 2360 2060 2430 genium
2094 2357 2279 2413 [india
2310 2368 2528 2430 pectore
2554 2375 2729 2430 usque
2777 2360 2846 2415 ad
2893 2359 3179 2416 inferiores
3228 2371 3431 2432 partes.

1841 2452 2024 2505 Altera
2061 2440 2243 2505 autem
2264 2450 2353 2505 die
2391 2451 2667 2506 Adrianus
2689 2450 2947 2521 praecepit
2975 2466 3203 2521 corpora
3242 2452 3462 2507 eorum'

1843 2544 2004 2599 simul
2034 2543 2256 2609 auferri,
2297 2553 2350 2597 et
2376 2542 2565 2613 projici
2601 2545 2653 2598 in
2684 2544 2901 2613 foveam
2923 2542 3109 2597 altam.
3152 2543 3219 2598 Et
3241 2560 3438 2614 posue-

1844 2643 1969 2689 runt
1997 2635 2278 2705 pontiﬁces
2303 2649 2581 2690 sacrorum
2609 2648 2803 2691 nomen
2835 2632 2937 2689 loci
2964 2633 3105 2689 illius
3129 2650 3144 2687 :
3179 2635 3205 2673 δ
3227 2634 3311 2689 Ad
3339 2651 3431 2691 se-

1840 2735 1985 2797 ptem
2031 2725 2364 2781 Biotanatos.
2415 2724 2604 2780 Natale
2655 2740 2785 2780 vero
2833 2721 2934 2780 SS.
2986 2733 3291 2796 martyrum
3348 2734 3433 2797 est

1843 2835 1871 2872 v
1910 2817 2031 2872 Kal.
2068 2817 2214 2873 Julii.
2239 2818 2479 2886 Quorum
2506 2832 2738 2888 corpora
2756 2817 3104 2888 requiescunt
3127 2816 3211 2871 via
3235 2816 3434 2877 Tibur-

1843 2912 1973 2977 tina,
2005 2911 2269 2967 milliario
2292 2926 2457 2967 nono.
2832 2936 2843 2947 ε
3146 2978 3151 2983 ,

1910 3005 2112 3061 Eodem
2133 3005 2221 3062 die
2251 3004 2518 3061 Corduba:
2543 3004 2597 3061 in
2620 3003 2915 3074 Hispaniis,
2954 3002 3147 3060 natalis
3174 3002 3275 3058 SS.
3299 3003 3445 3069 Zolii

1840 3104 1897 3151 et
1933 3096 2163 3152 aliorum
2199 3097 2384 3152 decem
2426 3103 2483 3151 et
2528 3110 2739 3151 novem.
3104 3089 3111 3101 '

1913 3188 2036 3259 ipso
2063 3189 2151 3245 die
2178 3197 2329 3260 gesta
2362 3187 2586 3260 Septem
2614 3174 3033 3245 Dormientium.

2329 3304 2390 3359 D.
2447 3304 2513 3359 ιν
2560 3301 2716 3358 KAL.
2764 3300 2955 3358 JULll.

2500 3394 2594 3468 (es
2644 3394 2800 3466 luna

1913 3490 2103 3562 Vigilia
2146 3490 2511 3561 apostolorum
2544 3488 2689 3544 Petri
2719 3497 2773 3543 et
2801 3486 2953 3543 Pauli

1910 3581 2032 3652 ipso
2068 3581 2173 3646 die,
2217 3581 2411 3635 natalis
2445 3579 2505 3635 S.
2545 3579 2740 3635 Leonis
2767 3578 2944 3648 Papae.

1915 3685 1937 3713 ο
1977 3673 2132 3745 Apud
2171 3673 2488 3744 Lugdunum
2524 3669 2730 3736 Galliis,
2775 3669 2955 3725 natale
2985 3668 3043 3726 S.
3088 3669 3276 3726 lrensei
3317 3668 3443 3739 cpi;

1843 3770 2012 3841 scopi.
2047 3768 2170 3836 Qui,
2200 3768 2260 3822 Β.
2293 3767 2524 3822 Photino
2553 3778 2720 3836 prope
2763 3764 3132 3836 nonagenario
3172 3765 3240 3819 ob
3270 3763 3429 3819 Chri-

1843 3863 1913 3918 sti
1956 3862 2276 3934 martyrium
2319 3867 2601 3924 coronato,
2658 3858 2709 3912 in
2758 3856 2936 3912 locum
2982 3854 3097 3924 ejus
3149 3857 3431 3911 successit.

1843 3954 2013 4023 Quem
2047 3954 2213 4008 etiam
2241 3960 2453 4009 constat
2483 3949 2782 4007 beatissimi
2812 3948 3091 4022 Polycarpi
3124 3948 3429 4004 sacerdotis

1845 4054 1900 4101 et
1953 4044 2209 4116 martyris
2265 4044 2431 4099 fuisse
2482 4041 2838 4112 discipulum,
2892 4050 2946 4107 et
3013 4039 3433 4121 apostolicormn

1846 4143 2146 4205 temporum
2171 4134 2430 4189 vicinum.
2458 4133 2651 4189 Postea
2679 4147 2809 4188 vero
2833 4132 3211 4201 persecutione
3244 4130 3433 4211 Severi

1844 4245 1965 4284 cum
2003 4229 2149 4284 omni
2186 4226 2300 4281 fere
2327 4226 2564 4280 civitatis
2583 4242 2696 4281 sua:
2724 4224 2919 4295 populo
2946 4224 3178 4294 gloriose
3201 4238 3434 4309 corona;

1845 4332 1937 4377 tur
1979 4322 2281 4393 martyrio..
2318 4318 2574 4389 Sepultus
2615 4327 2701 4377 est
2728 4334 2757 4372 a
2798 4318 3060 4373 Zacharia
3108 4318 3430 4389 presbytero

1847 4416 1898 4470 iu
1922 4423 2109 4485 crypta
2141 4411 2374 4467 basilica}
2406 4412 2545 4465 beati
2582 4410 2807 4465 Joannis
2844 4409 3095 4479 Baptista:
3125 4409 3224 4464 sub
3247 4408 3427 4493 altari,

1846 4508 1946 4562 Cui
1990 4509 2056 4561 ab
2085 4518 2192 4560 uno
2244 4505 2413 4560 latere
2461 4504 2773 4575 Epipodius,
2816 4504 2887 4561 ab
2926 4502 3096 4557 altero
3126 4501 3431 4558 Alexander

140 4584 383 4655 Vienna:
412 4596 628 4653 civitate
653 4596 949 4665 Galliarum
992 4613 1087 4669 per
1129 4597 1337 4667 aliquot
1366 4614 1537 4653 annos
1577 4600 1733 4667 sedit,
1766 4602 1815 4662 D
1837 4607 2053 4668 martyr
2076 4606 2162 4651 est
2193 4595 2504 4650 tumulatus.
2550 4594 2725 4664 Hujus
2749 4601 2952 4665 cryptae
2993 4602 3102 4648 tam
3133 4594 3429 4653 reverenda

136 4756 153 4765 υ
221 4742 254 4773 ι
284 4730 401 4785 Ado
430 4731 485 4785 in
514 4731 716 4797 Chron.
745 4747 873 4785 ann.
906 4731 1010 4786 110
1572 4782 1577 4787 .
1714 4786 1719 4790 ,

222 4803 254 4865 ἓν
290 4802 373 4875 Ad
401 4816 593 4875 septem
614 4802 963 4875 biothanatus.
986 4802 1281 4875 Christiani
1309 4800 1435 4875 olim
1466 4803 1532 4858 ab
1558 4804 1734 4875 ethni-

141 4875 232 4932 cis
286 4870 592 4942 ignominiae
637 4870 799 4929 causa
855 4870 1159 4926 Biothmmti
1217 4872 1387 4937 dicti,
1436 4874 1581 4942 quod
1627 4883 1735 4928 tam

140 4942 398 5014 pro‘mpte
430 4945 681 5013 semorti
730 4951 1085 5013 exponerent,
1132 4942 1458 5014 etiviolenta
1503 4953 1674 4998 morte
1704 4960 1736 5001 e

138 5013 261 5070 vita
295 5015 641 5079 excederent,
674 5030 779 5070 non
831 5014 1083 5068 naturali.
1132 5013 1277 5068 Infra
1310 5030 1368 5069 ιιι
1407 5014 1556 5084 Sept.
1607 5015 1734 5070 Bio-

137 5086 371 5143 rhma
399 5094 446 5140 et
481 5085 740 5155 maleﬁca.
768 5086 925 5155 Apud
956 5085 1177 5155 magica:
1203 5085 1459 5141 vanitatis
1484 5095 1736 5155 auctores

140 5172 258 5219 vox
302 5157 416 5212 haec
455 5157 674 5221 usitata,
706 5166 763 5213 ut
790 5155 1026 5211 ostendit
1054 5155 1371 5211 Tertullian.
1400 5155 1491 5211 lib.
1523 5155 1589 5212 de
1608 5158 1738 5211 Ani-

139 5244 260 5297 ma,
282 5226 402 5297 ca'p.
426 5228 513 5282 57.
542 5247 559 5279 ι
588 5227 694 5281 Aut
731 5227 992 5297 optimum
1034 5236 1117 5281 est
1160 5225 1249 5281 hic
1274 5226 1515 5297 retineri,
1546 5242 1739 5283 secun-

124 5296 278 5354 dum
306 5295 550 5353 Aboros:
578 5306 671 5351 aut
690 5295 1002 5365 pessimum,
1034 5298 1328 5351 secundum
1360 5295 1733 5365 Binthanatos,

139 5315 278 5354 ("Im
306 5315 550 5353 111101⁵082
578 5315 671 5351 alll
726 5315 1002 5357 CSSIIIIIIIII,
1034 5315 1328 5351 secundum
1360 5315 1733 5365 nlotnanatos,

139 5372 207 5425 ist
248 5370 387 5440 ipsis
413 5368 525 5437 jam
557 5315 831 5427 vocagulis
863 5376 1007 5433 utar,
1034 5368 1231 5440 quibus
1275 5369 1487 5440 auctrix
1521 5369 1734 5439 opinio-

122 5437 288 5511 ςρμιιῖ
323 5441 557 5511 istarth
581 5440 787 5511 magica
826 5447 1003 5511 sonat.
1044 5437 1246 5511 sltem
1269 5438 1419 5511 apud,
1451 5437 1728 5511 Phy—sicas.

116 5504 397 5577 Servius,
424 5527 476 5567 Iv
497 5504 711 5564 IEneid.
740 5528 792 5562 ει
826 5508 1019 5563 Dicunt
1040 5507 1270 5580 physici,
1295 5504 1730 5565 biothanatorum

120 5583 361 5638 animas
406 5598 510 5636 non
559 5581 722 5651 recipi
765 5583 818 5635 iu
860 5581 1122 5651 originem
1153 5593 1387 5651 suam._g
1441 5582 1592 5651 Apud
1623 5581 1731 5635 Ge-

136 5654 567 5731 pethliacosvox
593 5668 656 5707 ea
674 5649 886 5731 crebra.
909 5649 1248 5721 Lampridius
1276 5652 1327 5731 in
1347 5649 1689 5731 ilelinga‘balo
1714 5669 1727 5705 :

140 5721 169 5778 ἃ
216 5726 293 5779 Et'
325 5725 848 5796 praedictumcidcm
879 5733 1074 5796 eratka
1125 5721 1518 5796 sacerdotibus
1542 5724 1728 5796 Syris,

1835 4722 2235 4807 Δβιοιιοθάιροιτοςὶ
2262 4730 2588 4807 ςι-βιοθανῂις,
2622 4743 2650 4782 a
2681 4729 2851 4807 βέῃ-(ξι
2874 4729 3085 4807 θᾴγατος
3115 4741 3426 4807 ιῃοιες-ιιοιι

1844 4797 1901 4856 ἱιι
1928 4810 2003 4857 est
2049 4801 2189 4871 apud
2220 4797 2483 4854 Isidorum
2520 4800 2611 4853 lih.
2643 4797 2880 4870 x'Origq
2912 4798 3091 4871 littera
3122 4797 3202 4852 B:
3236 4817 3260 4871 ι
3290 4798 3425 4871 Bio-

1845 4869 2101 4928 thanatus
2125 4913 2139 4933 ,
2190 4871 2331 4940 quod
2372 4882 2457 4925 est
2504 4872 2587 4927 bis
2635 4869 2900 4925 mortuus.
2938 4888 2956 4919 ι
2993 4869 3105 4924 lmo
3136 4888 3165 4922 ιι
3194 4870 3429 4926 violenta

1842 4954 2040 5007 morte,
2070 4959 2228 5013 quam
2265 4942 2348 4995 vel
2381 4942 2480 4995 sibi
2515 4943 2635 5009 quis
2671 4942 2947 5003 conciscit,
2979 4941 3069 5013 qui
3111 4940 3426 5013 aliasalia-

1840 5018 2050 5076 θάνατοι
2076 5009 2100 5078 ,⁷
2120 5012 2201 5067 vel
2230 5029 2393 5083 quam
2438 5014 2562 5082 quis
2604 5023 2795 5082 sponte
2838 5009 3084 5083 incurrit.
3115 5009 3424 5075 Cassianus,

1842 5085 2021 5145 collat.
2056 5101 2116 5150 ιι,
2162 5084 2225 5153 de
2256 5082 2612 5153 Discretioue,
2649 5098 2768 5153 cap.
2818 5082 2874 5147 5,
2905 5083 2971 5137 de
3013 5082 3226 5139 ilerone
3273 5096 3422 5153 sene,

1879 5164 1928 5210 ui
1963 5172 1992 5209 a
2022 5148 2237 5210 diabolo
2272 5148 2527 5223 deceptus
2557 5148 2614 5208 se
2646 5153 2697 5206 in
2717 5148 2943 5225 puteum
2970 5152 3300 5223 praecipitem
3331 5150 3425 5206 de-

1879 5173 1928 5210 Ul
1963 5173 1992 5209 a
2022 5173 2237 5210 UIaUOIO
2272 5173 2527 5223 (ICCCPIUS
2557 5173 2614 5208 SB
2646 5173 2697 5206 111
2727 5173 2942 5225 puteum
2971 5173 3300 5223 prampttcm
3331 5173 3425 5206 Ut."

1838 5173 1994 5282 ﬂerat
2022 5244 2037 5281 ι
2071 5245 2088 5277 ι
2122 5225 2486 5293 Quamobrem
2515 5240 2614 5294 pro
2637 5224 2844 5278 meritis
2882 5224 3126 5283 laborum
3151 5231 3425 5294 tantorum

1837 5305 1894 5353 et
1924 5292 2187 5374 annorum
2218 5292 2610 5374 numerositate
2639 5310 2756 5374 qua
2786 5296 2844 5350 in
2874 5310 3061 5361 eremo
3087 5292 3418 5374 perduravit,

1840 5385 1904 5425 ac
1949 5369 2296 5423 miseratione
2337 5376 2392 5420 et
2433 5366 2766 5421 humanitate
2804 5381 3044 5430 summa,
3075 5365 3143 5419 ab
3182 5364 3300 5429 bis,
3330 5364 3421 5435 qui

1838 5439 1954 5564 epis
2002 5439 2471 5511 cotnpatiebantur
2518 5437 2728 5500 exitio,
2780 5436 2869 5489 vix
2918 5451 2947 5489 a
2994 5434 3312 5516 presbytero
3344 5434 3423 5514 ,ει

1839 5525 1867 5563 a
1908 5509 2035 5564 hate
2062 5508 2365 5564 Paphnutio
2389 5506 2838 5564 notuitobtineri.
2870 5514 2930 5559 ιιι
2956 5519 3062 5559 non
3090 5503 3267 5564 (inter
3306 5503 3422 5557 blo-

1826 5501 2035 5564 abbate
2062 5501 2365 5578 Paphnutio
2388 5507 2565 5578 potuit
2584 5506 2838 5571 obtineri,
2870 5514 2930 5559 ιιι
2956 5501 3267 5578 non_(‘inter
3306 5501 3422 5557 bio-

1839 5582 2093 5635 thanatos
2113 5575 2415 5649 reputatus')
2443 5580 2607 5635 etiam
2631 5579 2889 5633 memoria
2914 5586 2970 5632 et
2994 5575 3266 5631 oblatione
3287 5588 3422 5646 pau-

1838 5652 2073 5706 santimn
2111 5652 2449 5720 judicaretur
2475 5649 2745 5720 indignus.

1912 5733 1933 5759 ε
1967 5715 2167 5775 Pontif.
2209 5737 2260 5776 c.
2292 5722 2383 5777 8|.
2424 5720 2519 5773 Est
2549 5715 2650 5773 leo.
2707 5717 2768 5772 li.
2815 5716 3037 5773 llieron.
3099 5716 3165 5769 de
3212 5715 3415 5777 Script.

136 5786 523 5853 biotha'natum
550 5810 608 5850 se
639 5794 903 5849 futurum.
942 5814 962 5846 ι
998 5793 1087 5863 Sic
1115 5792 1255 5863 apud
1289 5790 1486 5847 Julium
1536 5786 1732 5857 Firmi;
1781 5825 1803 5856 ο
1839 5792 1984 5863 Eccl.
2029 5790 2514 5863 c.745.etiEuseb.
2556 5786 2966 5863 [για-5,),
3004 5786 3055 5853 7,
3098 5786 3152 5855 8,
3189 5786 3283 5853 ‘20,
3322 5786 3418 5843 26.

131 5872 270 5924 tum
315 5885 455 5924 mors
503 5868 809 5923 biothanata
836 5865 1041 5922 Cascis
1083 5864 1281 5921 dicitur
1316 5864 1649 5937 βιοθάνατος,
1676 5875 1731 5920 et

1837 5861 2034 5919 Ruﬁ‘m.
2069 5861 2266 5918 Euseb.
2301 5862 2335 5915 l.
2369 5877 2447 5928 vt,
2492 5874 2543 5915 c.
2580 5857 2636 5926 4,
2676 5859 2727 5914 5.
2776 5857 2917 5914 Buff.
