3962 6366
483 361 593 420 295

486 493 572 540 est
601 455 861 544 iclaritas,
905 482 965 531 ut
1006 451 1284 530 meritum
1311 455 1631 540 martyrium
1680 468 1896 538 signare
1942 479 2061 521 cre-
2092 472 2148 530 Α

387 617 393 624 .
487 580 665 635 datur.

560 671 760 727 Eodem
796 667 885 722 die
921 665 1062 737 apud
1095 659 1494 723 Alexandriam,
1526 665 1838 712 sanctorum
1866 663 2068 723 marty-

488 780 608 820 rum
638 759 936 824 Plutarchi,
967 755 1178 819 Sereni,
1209 749 1533 815 Heraclidis,
1566 747 1781 811 Herois,
1809 747 1936 800 item
1965 744 2067 800 Se-

489 853 626 919 reni,
647 849 1016 910 Potamimnae,
1039 843 1324 906 Marcellae,
1339 848 1393 896 et
1411 833 2066 909 Catechumeuae[lihais.]

486 945 642 1001 Herae
664 943 898 1008 nomine,
930 938 1256 1009 baptismum
1283 933 1530 1005 martyrii
1555 940 1879 988 consecutae.
1921 929 2067 984 Inter

486 1052 622 1108 quos
643 1035 908 1108 praecipue
927 1031 1148 1088 emicuit
1172 1028 1510 1085 Potamimna
1528 1026 1681 1097 virgo
1713 1039 1728 1078 :
1751 1040 1871 1095 quae
1894 1023 2070 1094 primo

487 1132 778 1188 immensos
802 1138 858 1184 et
891 1128 1204 1183 innumeros
1233 1139 1434 1196 agones
1460 1137 1560 1192 pro
1582 1118 1890 1191 virginitate
1916 1119 2072 1172 desu-

487 1226 641 1289 dans,
671 1223 863 1278 deinde
893 1221 1058 1276 etiam
1099 1233 1199 1289 pro
1243 1215 1505 1292 martyrio
1545 1210 1812 1280 exquisita
1844 1218 1898 1264 et
1920 1209 2071 1262 inau-

485 1315 597 1371 dita
629 1321 898 1371 tormenta
937 1325 1212 1383 perpessa,
1238 1285 1308 1363 ad
1337 1279 1586 1362 ultimum
1614 1279 1752 1359 cum'
1773 1279 2091 1355 venerabili

484 1417 658 1464 matre
694 1404 944 1462 Marcella
980 1403 1120 1475 ignis
1144 1400 1420 1473 supplicii‘
1450 1402 1792 1466 consumpta,
1825 1408 1858 1449 e
1901 1394 2065 1449 terris

485 1499 738 1572 migravit
765 1491 834 1553 ad
862 1496 1058 1554 coelum

559 1645 587 1674 ι
620 1631 757 1689 Vide
781 1632 818 1686 l.
849 1631 917 1687 de
947 1629 1092 1686 Fest.
1127 1635 1305 1700 apost.

1494 353 1552 408 S.
1593 349 1846 406 ADONIS
1881 342 2309 404 ARCHIEPISC.
2353 338 2764 399 VIENNENSIS

2632 457 2692 512 E.
2753 455 2819 511 111
2870 453 3026 509 KAL.
3084 449 3272 508 JULII.

2826 547 2916 618 (29
2950 545 3104 614 [μηδ

2244 683 2266 710 ο
2303 667 2506 732 Romae,
2540 664 2733 720 natalis
2763 661 2863 718 SS.
2896 660 3043 717 Petri
3065 668 3122 714 et
3162 656 3336 714 Pauli.
3379 629 3392 645 ’

2581 797 2641 852 F.
2680 794 2906 851 PBJDIE
2954 792 3114 850 ΚΑΒ.
3153 789 3342 847 JULII.

2801 887 2896 960 (50
2941 883 3098 956 JunJ

2250 1007 2278 1046 δ
2323 1002 2529 1059 Natalis
2567 1009 2622 1057 et
2649 997 2943 1056 celebratio
2987 995 3182 1050 iterum
3225 992 3402 1049 sancti
3451 991 3605 1047 Pauli
3632 1006 3744 1063 apo

2179 1097 2325 1153 stoli.
3189 1135 3192 1139 .

2249 1193 2381 1247 Item
2429 1188 2625 1247 natalis
2660 1184 2985 1243 beatissima
3029 1179 3269 1245 Lucinae,
3317 1177 3595 1248 discipulae
3629 1192 3768 1248 apo-

2180 1284 2459 1341 stolorunt.

2197 1385 2202 1390 '
2248 1377 2380 1430 Item
2419 1371 2712 1430 Lemovico
2751 1367 2989 1432 civitate,
3030 1363 3090 1420 S.
3130 1359 3394 1418 Martialis
3423 1359 3664 1429 episcopi
3707 1365 3772 1412 et

2178 1468 2528 1527 confessoris.

2197 1659 2202 1662 .
2251 1608 2280 1648 ι»
2307 1605 2442 1662 Vide
2465 1603 2505 1659 1.
2535 1601 2604 1658 de
2629 1600 2779 1657 Fest.
2809 1604 2988 1670 apost.

491 1727 3759 1795 ___________________________—

1759 1888 2058 1950 LITANLE
2097 1883 2514 1946 lNDlCENDJE.

1702 2022 2086 2142 MENSIS
2153 2005 2528 2138 JULIUS

1469 2263 1682 2308 ΗΔΒΕΤ
1725 2260 1866 2305 DIES
1909 2259 2091 2314 XIX;
2137 2256 2304 2301 LUNA
2345 2251 2744 2311 νειο,ιιχ.

1027 2541 1092 2599 G.
1133 2538 1290 2596 ΚΑΒ.
1339 2533 1527 2591 ιυωι.
1587 2554 1598 2574 τ

1163 2636 1211 2705 (ι
1256 2632 1396 2703 JuL)

555 2739 614 2796 In
656 2743 837 2792 monte
876 2730 1006 2798 Hor,
1033 2726 1297 2800 depositio
1337 2723 1518 2778 Aaron
1552 2714 1852 2775 sacerdotis
1890 2709 2071 2784 primi.

559 2831 758 2890 Eodem
795 2829 902 2891 die,
937 2825 995 2881 S.
1028 2818 1383 2892 Monegundis
1413 2813 1660 2886 virginis.

556 2925 626 2980 Et
675 2923 730 2978 in
775 2916 1050 2975 territorio
1088 2905 1596 2984 Lugdunensi.loco
1639 2901 1732 2972 qui
1769 2897 1934 2953 Vallis
1973 2894 2076 2950 Ve-

487 3019 698 3073 bronna
744 3015 1106 3078 nuncupatur,
1167 2999 1431 3071 depositio
1468 2995 1572 3050 viri
1616 2993 1732 3056 Dei,
1775 2986 2074 3044 beatissimi

488 3101 780 3162 Domitiani
814 3077 1047 3159 abbatis,
1082 3092 1173 3163 qui
1207 3090 1416 3162 primus
1465 3085 1575 3142 illic
1617 3081 1955 3138 eremiticam
1995 3077 2077 3132 vi-

489 3207 600 3252 tam
640 3191 906 3256 exercuit,
945 3196 1004 3242 ut
1031 3185 1292 3257 plurimos
1331 3180 1436 3236 sibi
1481 3179 1536 3233 in
1578 3176 1670 3230 Dei
1713 3172 1942 3230 servitio
1984 3185 2078 3241 ag-

488 3304 741 3363 gregans,
780 3281 1168 3341 monasterium
1205 3275 1458 3338 instituit,
1507 3269 1827 3340 magnisque
1865 3263 2077 3319 virtuti-

489 3355 686 3440 bus'et
728 3375 981 3451 gloriosis
1030 3369 1312 3428 miraculis
1356 3365 1515 3421 valde
1569 3361 1769 3423 clarus,
1819 3355 2077 3414 collectus

488 3483 574 3531 est
617 3473 681 3528 ad
717 3478 899 3541 patres
923 3467 977 3522 in
1008 3469 1289 3520 senectute
1323 3458 1486 3513 bona.

561 3577 587 3605 ι
642 3536 880 3625 Viennae,
925 3558 985 3613 Β.
1030 3552 1268 3618 Martini,
1308 3549 1452 3606 tertii
1491 3544 1733 3616 ejusdem
1776 3540 1925 3596 urbis
1965 3536 2079 3609 epi-

487 3656 664 3729 scopi,
699 3655 766 3710 ab
794 3649 1052 3724 apostolis
1093 3646 1158 3702 ad
1196 3642 1475 3715 praefatam
1512 3638 1701 3692 urbem
1730 3632 1902 3690 missi.

953 3764 1019 3819 Α.
1058 3759 1128 3817 Vl
1165 3755 1392 3815 NONAS
1425 3751 1616 3810 JULH.

1189 3855 1224 3908 2
1279 3850 1418 3921 Jul.)

1189 3856 1224 3908 2
1279 3856 1418 3921 Jul.)

562 3957 592 3998 ι’
636 3955 845 4013 Romae.
879 3950 933 4004 in
979 3856 1297 4003 coemct(erio
1326 3938 1571 4003 Damasi,
1613 3933 1811 3990 natalis
1857 3937 2074 3986 sancto-

492 4061 613 4103 rum
646 4040 888 4097 Processi
918 4046 972 4094 et
996 4032 1326 4097 Martiniani,
1352 4029 1444 4100 qui
1478 4044 1508 4082 a
1542 4025 1606 4080 Β.
1633 4020 1894 4096 apostolis
1921 4019 2083 4074 Petro

488 4145 553 4192 et
587 4133 757 4190 Paulo
791 4126 1051 4202 baptizati
1077 4133 1132 4180 et
1173 4119 1426 4178 instructi
1469 4124 1619 4180 sunt,
1641 4127 1873 4186 quorum
1903 4108 2085 4182 passio

496 4227 552 4284 in
589 4224 771 4282 libello
801 4218 1171 4292 apostolorum
1195 4229 1356 4286 supra
1380 4219 1565 4268 notata
1585 4216 1691 4264 est.

567 4317 769 4376 Eodem
799 4317 907 4381 die,
934 4311 1034 4369 SS.
1075 4309 1239 4365 trium
1270 4305 1526 4369 militum,
1561 4300 1654 4372 qui
1689 4313 1813 4355 cum
1845 4295 1908 4350 Β.
1953 4309 2084 4366 apo-

495 4412 635 4470 stolo
673 4407 842 4465 Paulo
873 4404 1017 4478 passi
1053 4409 1199 4458 sunt.

569 4503 702 4558 Item
737 4500 853 4571 ipso
894 4498 980 4551 die
1022 4492 1124 4551 SS.
1155 4499 1456 4562 martyrum
1486 4481 1781 4546 Aristonis,
1821 4478 2089 4535 Crescen-

500 4595 654 4658 tiani,
691 4570 1034 4662 Eutychiani,
1066 4584 1290 4649 Urbani,
1321 4578 1528 4644 Vitalis,
1555 4575 1716 4641 Justi,
1740 4570 2089 4636 Felicissimi,

500 4687 722 4752 Felicis,
762 4683 968 4739 Martiae
998 4690 1054 4737 et
1103 4679 1484 4752 Symphorosae
1525 4691 1538 4726 :
1573 4671 1665 4743 qui
1713 4682 1905 4725 omnes
1949 4664 2091 4738 apud

502 4776 851 4850 Campaniam
884 4773 1118 4846 glorioso
1145 4767 1408 4840 martyrio
1442 4760 1687 4820 coronati
1730 4767 1877 4815 sunt.

998 4895 1058 4950 B.
1102 4894 1145 4948 V
1185 4891 1415 4951 NONAS
1451 4887 1640 4945 JULII.

1177 4986 1234 5060 (ὅ
1271 4985 1411 5056 Jul.,

2017 2508 2028 2525 ’
2103 2527 2151 2588 Β
2178 2522 2314 2595 gorii
2335 2520 2569 2592 episcopi
2597 2526 2650 2574 et
2678 2520 2953 2592 martyris,
2977 2517 3131 2594 beati
3165 2517 3493 2574 Antenodori
3521 2519 3772 2592 episcopi

2179 2613 2383 2668 fratris.
2418 2610 2520 2680 Qui
2565 2609 3188 2682 Gregoriusepiscopus.
3229 2610 3472 2666 doctrina
3498 2621 3556 2666 et
3598 2613 3775 2667 mir-ao

2179 2704 2315 2761 culis
2359 2701 2855 2767 clarissitnusfnit.
2906 2701 3148 2771 Denique
3188 2701 3458 2772 quoddam
3507 2711 3770 2773 stagnum

2178 2805 2297 2852 erat
2339 2797 2394 2851 in
2426 2795 2583 2850 Ponti
2629 2794 2941 2865 regionibus
2971 2795 3156 2859 situm,
3191 2793 3428 2864 piscibus
3458 2796 3773 2865 copiosum,

2178 2903 2247 2944 ex
2266 2902 2495 2958 quorum
2521 2894 2748 2958 captura
2776 2887 3081 2957 praedivites
3108 2888 3350 2942 redditus
3377 2888 3609 2944 dominis
3630 2905 3778 2959 pne-

2179 2977 2482 3033 stabantur.
2516 2977 2624 3033 Ista
2656 2976 2926 3048 possessio
2952 2977 3164 3032 duobus
3202 2976 3461 3033 fratribus
3489 2989 3636 3035 sorte
3661 2980 3781 3034 hae-

2179 3071 2427 3149 reditatis
2447 3071 2760 3135 obvenerat,
2784 3071 2878 3126 sed
2906 3070 3148 3140 pecuniae
3163 3071 3461 3141 cupiditas,
3481 3089 3600 3142 quae
3621 3089 3777 3144 pene

2181 3163 2422 3217 omnium
2467 3163 2633 3218 corda
2674 3162 2981 3217 mortalium
3010 3171 3250 3233 superat,
3277 3163 3440 3218 etiam
3468 3163 3777 3220 fraternam

2126 3284 2132 3295 ι
2179 3253 2633 3309 necessitudinem
2679 3253 2917 3308 violavit.
2971 3253 3160 3310 Caedes
3189 3270 3251 3310 ac
3281 3254 3418 3310 bella
3469 3257 3776 3311 moveban-

2183 3352 2288 3408 tur,
2337 3344 2606 3399 humanus
2652 3344 2932 3416 sanguinis
2981 3360 3079 3415 pro
3127 3344 3365 3414 piscibus
3415 3344 3771 3400 fundebatur.

2181 3432 2286 3488 Sed
2319 3434 2409 3489 Dei
2430 3434 2767 3503 providentia
2789 3434 3075 3504 aliquando
3093 3434 3243 3488 all‘uit
3265 3452 3277 3487 :
3310 3435 3594 3506 Gregorius
3614 3437 3786 3494 videt

2178 3527 2362 3598 praelia
2399 3536 2455 3581 et
2483 3536 2689 3583 mortes
2738 3528 2998 3595 virorum,
3061 3527 3412 3598 furentesque
3460 3543 3780 3601 germanos.

2181 3618 2422 3690 Cumque
2449 3619 2653 3675 honore
2687 3620 2948 3676 adventus
2979 3619 3061 3675 sui
3086 3628 3328 3689 utraeque
3348 3630 3526 3690 partes
3547 3621 3784 3690 paulum

2181 3710 2477 3775 siluisseut,
2521 3709 2712 3778 Nolite,
2744 3711 2992 3782 inquit,o
3038 3711 3206 3778 lilioli,
3235 3711 3588 3782 rationabiles
3648 3715 3783 3769 ani-

2182 3817 2300 3856 nias
2339 3816 2436 3871 pro
2482 3802 2645 3856 mutis
2689 3802 3054 3857 animantibus
3085 3801 3309 3866 violare,
3341 3801 3640 3857 fraternam
3685 3821 3788 3875 pa-

2105 3888 2152 3952 C
2184 3905 2300 3946 cem
2331 3899 2570 3961 quaestus
2596 3892 2890 3962 cupiditate
2921 3891 3234 3957 dissolvere,
3267 3894 3362 3948 Dei
3391 3893 3535 3964 leges
3576 3903 3644 3948 et
3691 3911 3790 3950 na-

2186 3972 2322 4038 turae
2345 3983 2548 4054 pariter
2570 3982 2692 4052 jura
2722 3992 2988 4038 temerare
3017 4001 3030 4036 :
3055 3993 3111 4038 et
3137 3999 3241 4038 una
3270 3999 3480 4039 mecum
3509 3983 3575 4038 ad
3621 4000 3790 4041 oram

2186 4079 2362 4150 stagni
2386 4079 2619 4134 exitialis
2647 4079 2906 4143 accedite,
2939 4086 2993 4133 et
3017 4093 3118 4150 ego
3139 4077 3253 4147 jam
3281 4093 3378 4134 vos
3397 4093 3492 4148 per
3515 4078 3790 4137 virtutem

2188 4170 2402 4226 Domini
2455 4171 2522 4225 ab
2577 4171 2725 4225 omni
2769 4169 3074 4248 certamine
3114 4165 3356 4224 cruentae
3412 4171 3794 4227 contentionis

2189 4264 2484 4320 absolvam.
2511 4264 2715 4318 Etcqu
2736 4263 2852 4319 hac
2871 4259 3119 4326 dixisset,
3144 4262 3197 4316 in
3219 4272 3508 4332 conspectu
3530 4262 3792 4318 omnium

2189 4356 2398 4427 virgam
2421 4370 2584 4425 quam
2614 4363 2832 4410 tenebat
2860 4354 2914 4408 in
2941 4369 3103 4409 manu
3130 4353 3199 4408 ad
3226 4353 3431 4424 primas
3455 4353 3662 4409 littoris
3691 4371 3795 4410 un-

2191 4448 2289 4504 das
2317 4447 2521 4519 detlgit,
2550 4456 2606 4502 et
2632 4447 2746 4518 ipse
2773 4446 2961 4517 positis
2983 4445 3207 4518 genibus
3233 4443 3441 4516 palmas
3463 4446 3703 4500 tetendit
3723 4445 3794 4502 ad

2193 4540 2412 4605 caelum,
2443 4548 2606 4609 atque
2637 4539 2922 4593 Dominum
2952 4537 3234 4608 supplicat.
3279 4535 3450 4591 Simul
3497 4547 3557 4590 ut
3586 4537 3794 4594 orandi

2195 4635 2358 4690 ﬁnem
2395 4633 2544 4698 fecit,
2578 4633 2763 4688 statim
2806 4647 2864 4687 se
2891 4631 3033 4686 unda
3067 4631 3391 4696 subducens,
3420 4638 3476 4684 et
3502 4645 3670 4687 cursu
3699 4647 3798 4687 ve-

2194 4726 2398 4783 lociore
2424 4724 2717 4796 refugiens,
2752 4740 2784 4779 a
2818 4732 3111 4795 conspectu
3157 4737 3390 4794 superno
3420 4719 3575 4790 jussa
3606 4722 3797 4778 disce-

2194 4821 2350 4885 dere,
2373 4819 2603 4891 ’abyssis
2643 4818 2758 4874 suis
2812 4817 3101 4873 redditur:
3145 4823 3199 4871 et
3241 4823 3482 4871 arentem
3534 4831 3800 4886 campum

2195 4911 2471 4984 germanis
2507 4909 2623 4979 jam
2668 4907 3026 4964 concordibus
3062 4905 3410 4976 derelinquit.
3465 4903 3575 4960 Sed
3631 4912 3688 4960 et
3741 4905 3801 4960 in

2198 5005 2520 5061 hodiernum
2564 5002 2780 5074 frugum
2812 5000 2963 5058 ferax
3002 5015 3125 5056 esse
3150 4999 3367 5055 dicitur.
3405 4998 3612 5054 lterum
3650 5011 3802 5065 quo-

634 5104 787 5179 Apud
829 5103 1089 5160 Edessam
1121 5097 1544 5170 Mesopotamiae,
1590 5093 1874 5150 translatio
1898 5105 2094 5164 corpo-
2199 5098 2322 5153 dam
2359 5098 2480 5152 loco
2505 5096 2650 5151 ruris
2673 5095 2912 5166 angusti,
2941 5109 3063 5149 cum
3105 5107 3192 5149 res
3215 5099 3464 5162 posceret
3501 5089 3803 5146 ecclesiam

505 5203 584 5259 ris
625 5199 682 5256 S.
720 5198 942 5254 Thomas
981 5192 1234 5266 apostoli.

2202 5191 2477 5255 construi,
2532 5205 2694 5260 rupes
2747 5187 2990 5257 quaedam
3045 5185 3206 5240 vicini
3253 5183 3454 5239 montis
3511 5198 3579 5238 ex
3637 5190 3807 5251 parte

577 5293 708 5348 Item
749 5292 865 5363 ipso
899 5288 988 5344 die
1017 5256 1160 5356 apud
1199 5278 1745 5352 Constantinopolim.
1790 5277 1986 5333 natalis
2032 5275 2078 5332 S

2202 5285 2441 5342 Orientis
2478 5256 2687 5351 objecta
2727 5256 2795 5334 ei:
2834 5279 2938 5334 alia
2980 5293 3111 5333 vero
3155 5275 3529 5347 praeterﬂuens
3571 5273 3802 5339 ﬂuvius,

556 5386 739 5442 ulonii.

556 5388 609 5442 ul
682 5388 739 5441 ii.

508 5388 553 5445 Ε
579 5403 738 5551 Αἰξαὰ
781 5476 1094 5534 Laodiciam
1132 5473 1324 5547 Syriae,
1371 5474 1514 5529 beati
1554 5470 1790 5528 Anatolii
1831 5465 2092 5539 episcopi.

583 5575 714 5630 Item
742 5572 884 5644 apud
912 5571 1316 5626 Neocaesaream
1344 5567 1526 5634 Ponti,
1557 5565 1752 5622 natalis
1775 5562 1946 5620 sancti
1969 5560 2101 5617 Gre-

589 5742 614 5770 ι
646 5729 762 5784 Ado
791 5729 842 5783 in
868 5727 1070 5784 Chron.
1105 5744 1195 5781 an.
1230 5725 1349 5780 l0l.

593 5801 621 5844 ι)
661 5799 794 5856 Vide
823 5799 857 5854 l.
889 5799 955 5855 de
980 5797 1128 5854 Fest.
1156 5798 1348 5873 Apost.

2203 5381 2436 5452 spatium
2478 5387 2740 5448 quantum
2789 5374 3034 5431 ecclesiae
3076 5372 3348 5428 sulIiceret
3372 5371 3697 5442 denegabat.
3732 5369 3808 5425 Et

2203 5487 2324 5528 cum
2362 5471 2500 5525 alius
2523 5467 2743 5524 omnino
2769 5482 2873 5521 non
2902 5472 3045 5521 esset
3065 5463 3214 5520 locus
3255 5463 3323 5517 ad
3368 5459 3808 5517 construendam

2167 5565 2507 5630 'ecclesiam,
2544 5561 2634 5618 ille
2679 5560 2784 5616 ﬁde
2814 5559 3005 5631 plenus
3055 5553 3506 5628 pernoctasse.in
3545 5550 3810 5607 oratione

2276 5730 2300 5759 ο
2345 5716 2482 5773 Vide
2539 5715 2575 5771 1.
2606 5715 2672 5770 de
2720 5713 2867 5768 Fest.
2895 5710 3081 5782 Apost.
3112 5709 3308 5767 Euseb.
3357 5707 3394 5764 l.
3445 5721 3548 5773 vn,
3597 5719 3646 5760 c.
3702 5703 3810 5766 28.

2204 5788 2403 5847 Ruliin.
2441 5787 2588 5844 Hier.
2622 5788 2688 5842 de
2729 5781 3107 5860 SeriphEccl.
