3962 6366
120 463 238 520 297

121 669 480 742 deposceret,
504 669 574 726 ad
594 669 771 726 lucem
801 673 1122 729 coeuntibus
1149 673 1385 745 populis,
1408 675 1626 731 inventa
1649 683 1732 730 est

122 777 302 834 rupes
330 762 644 833 importuna
674 763 968 820 secessisse
1006 771 1242 831 tantum,
1275 773 1541 838 quantum
1569 765 1733 836 spatii

124 854 198 910 ad
227 853 574 912 condendam
610 856 960 928 quaerebatur
986 855 1296 913 ecclesiam.
1340 858 1652 913 Traduntur
1678 865 1734 911 et

123 946 302 1018 hujus
326 945 472 1002 beati
512 945 616 1002 viri
648 955 707 1002 et
743 945 849 1003 alia
879 946 1302 1018 quamplurima,
1329 963 1451 1018 quae
1492 947 1651 1003 ﬁdem
1679 955 1736 1001 et

124 1038 487 1097 sanctitatem
531 1037 702 1110 ipsius
741 1037 1036 1110 plurimum
1081 1039 1484 1094 commendant.
1532 1036 1638 1093 Sed
1679 1044 1736 1092 et

126 1132 282 1189 inter
309 1131 414 1188 alia
441 1147 564 1203 quae
585 1131 1016 1188 luculentissime
1045 1131 1285 1202 scripsit,
1314 1132 1480 1186 etiam
1508 1129 1737 1187 catholi-

127 1240 209 1282 ca:
258 1224 388 1280 ﬁdei
439 1223 834 1294 expositionem
885 1223 1128 1279 breviter
1171 1223 1373 1279 editam
1421 1220 1732 1293 dereliquit.

129 1317 296 1376 Unus
341 1319 484 1375 Deus
526 1317 689 1374 Pater
722 1315 886 1374 Verbi
927 1317 1183 1383 viventis,
1230 1316 1510 1388 sapientiae
1559 1315 1737 1372 subsi-

129 1411 357 1477 stentis,
389 1418 445 1466 et
477 1409 697 1466 virtutis
725 1424 838 1465 sua:
875 1420 932 1465 et
974 1409 1180 1480 ﬁgurae,
1208 1408 1483 1479 perfectus
1513 1406 1737 1478 perfecti

132 1505 374 1579 genitor,
388 1503 556 1559 Pater
581 1501 704 1558 Filii
731 1503 1015 1573 unigeniti.
1036 1501 1186 1557 Unus
1212 1501 1474 1557 Dominus
1502 1500 1650 1556 solus
1671 1515 1738 1555 ex

133 1596 256 1654 solo
290 1596 420 1662 Deo,
462 1594 635 1667 ﬁgura
679 1602 735 1650 et
778 1593 958 1664 imago
999 1593 1248 1658 Deitatis,
1303 1592 1526 1648 verbum
1569 1609 1738 1664 pene-

139 1696 319 1754 trans,
348 1685 615 1757 sapientia
639 1684 1105 1755 comprehendens
1129 1685 1335 1750 omnia,
1365 1693 1421 1740 et
1439 1685 1613 1739 virtus
1633 1699 1740 1754 qua

141 1789 266 1838 tota
291 1787 534 1835 creatura
566 1777 683 1832 ﬁeri
709 1777 904 1849 potuit.
929 1775 1098 1832 Filius
1119 1792 1282 1832 verus
1308 1776 1444 1842 veri,
1471 1784 1526 1832 et
1554 1775 1742 1831 invisi-

153 1873 286 1931 bilis
334 1889 399 1930 ει
434 1871 716 1938 invisibili,
745 1871 1167 1942 incorruptibilis
1208 1887 1278 1928 ex
1316 1870 1740 1944 incorruptibili,

839 459 1446 523 MARTYROLOGIUM
1479 461 1628 522 CUM
1664 456 2199 519 ADDITAMENTIS.
2231 487 2306 502 —
2338 456 2549 524 MENS.
2585 457 2732 514 JUL.

121 577 359 635 dicitur.
401 576 646 648 Cumque
681 576 842 649 plena
873 576 977 636 ﬁde
1014 593 1080 634 ac
1119 579 1406 638 devotione
1437 577 1731 635 Dominum
1757 579 1814 643 Α

2217 571 2283 630 Ε.
2321 570 2548 630 PRIDIE
2586 568 2816 627 NONAS
2847 566 3038 627 JULH.

2498 690 2762 766 mima)

1906 831 2114 887 Natalis
2135 831 2288 888 lsaia:
2315 839 2371 888 et
2395 829 2512 888 Joel
2540 829 2945 903 prophetarum.

1908 922 1974 976 Et
2005 921 2220 978 Octava:
2248 921 2639 992 apostolorum.

1907 1014 1974 1069 Et
1998 1015 2206 1086 primus
2241 1015 2385 1070 beati
2413 1015 2639 1084 apostoli
2671 1013 2823 1069 Pauli
2851 1013 3124 1086 ingressus
3148 1014 3204 1071 in
3234 1017 3424 1073 urbem

1836 1107 2089 1175 Romam,
2129 1124 2273 1164 anno
2320 1109 2558 1165 secundo
2608 1107 2839 1165 Neronis
2890 1108 3122 1180 imperii.
3153 1109 3255 1178 Qui
3301 1127 3424 1167 cum

1831 1199 1942 1269 jam
1970 1201 2086 1257 haec
2114 1201 2229 1257 loca
2255 1211 2312 1256 et
2341 1203 2439 1257 has
2491 1201 2800 1273 provincias
2841 1202 3184 1270 prtedicando
3213 1205 3425 1273 perlus-

1839 1306 2061 1363 trasset,
2089 1297 2156 1352 ab
2187 1297 2476 1354 Antiochia
2523 1297 2636 1368 ipse
2670 1312 2794 1352 cum
2826 1294 3072 1351 Barnaba
3117 1298 3428 1368 praemissus

1838 1404 1869 1444 a
1896 1389 2099 1460 Spiritu
2129 1399 2319 1444 sancto
2347 1397 2634 1460 postquam
2667 1387 2783 1457 jam
2809 1388 2862 1441 in
2908 1388 3108 1442 Arabia
3139 1397 3196 1442 et
3238 1387 3430 1444 Cilicia

1839 1486 2064 1540 verbum
2097 1484 2214 1550 Dei,
2253 1483 2480 1554 aliisque
2507 1483 2804 1554 provinciis
2832 1483 3272 1548 aununtiaverat,
3303 1497 3428 1553 per-

1840 1573 2330 1640 venitSeleuciam,
2351 1573 2614 1645 Cyprum,
2643 1572 2998 1638 Salaminam,
3025 1572 3258 1644 Paphos,
3295 1573 3427 1628 Per-

1841 1683 1943 1739 gen
1988 1667 2335 1740 Pamphyliae,
2381 1667 2721 1722 Antiochiam
2766 1682 2885 1736 qua:
2913 1675 2997 1721 est
3039 1664 3274 1729 Pisidiw,
3313 1667 3432 1722 Ico-

1843 1760 2015 1826 nium,
2050 1760 2174 1816 inde
2201 1761 2268 1815 ad
2293 1760 2542 1816 civitates
2562 1757 2867 1830 Lycaonize,
2898 1758 3171 1830 Lystram,
3198 1759 3433 1823 Derben,

1843 1859 1900 1907 et
1931 1851 2244 1907 universam
2275 1850 2330 1906 in
2360 1851 2588 1906 circuitu
2624 1849 2920 1920 regionem.
2952 1849 3081 1905 Inde
3098 1858 3440 1906 revertentes

144 1964 471 2023 immortalis
525 1979 594 2020 ex
640 1941 979 2030 immortali;
1014 1963 1378 2035 sempiternus
1425 1980 1494 2020 ex
1535 1941 1736 2034 gem-
1765 1962 1816 2024 Β
1843 1945 2188 2001 Antiochiam
2221 1944 2455 2008 Pisidiae,
2481 1943 2819 2000 devenerunt
2848 1942 3054 2014 Pergen
3081 1941 3436 2015 Pamphyliae.

145 2068 326 2116 terno.
368 2057 520 2114 Unus
567 2055 806 2128 Spiritus
850 2064 1072 2114 sanctus
1106 2073 1174 2114 ex
1228 2057 1339 2115 Deo
1378 2058 1743 2115 substantiam

146 2153 376 2210 habens.
405 2151 475 2207 Et
493 2150 588 2222 qui
622 2165 720 2221 per
749 2149 920 2206 ﬁlium
961 2151 1211 2222 apparuit
1242 2151 1422 2223 imago
1466 2151 1591 2207 Filii
1621 2168 1746 2224 per-

147 2246 275 2304 fecti
314 2245 577 2318 perfecta,
618 2245 914 2301 viventium
961 2261 1149 2314 causa,
1190 2247 1474 2314 sanctitas,
1504 2247 1748 2305 sanctiﬁ-

147 2339 382 2397 cationis
405 2338 744 2410 praestatrix,
773 2353 872 2409 per
893 2353 1055 2410 quem
1092 2339 1236 2396 Deus
1262 2340 1410 2397 solus
1435 2357 1598 2413 super
1624 2356 1746 2396 om-

147 2435 241 2490 nia
267 2443 324 2489 et
354 2433 409 2489 in
439 2431 694 2488 omnibus
727 2433 1094 2504 cognoscitur,
1121 2442 1177 2489 et
1202 2432 1372 2490 Filius
1400 2448 1498 2505 per
1531 2449 1742 2490 omnes.

151 2529 395 2584 Trinitas
436 2525 700 2599 perfecta,
743 2526 1055 2598 majestate,
1097 2537 1155 2584 et
1193 2527 1646 2599 sempiternitate,
1689 2536 1747 2584 et

155 2637 330 2694 regno
383 2621 605 2677 minime
651 2621 912 2678 dividitur
951 2636 1129 2694 neque
1169 2622 1526 2679 abalienatur.
1577 2623 1747 2694 igitur

161 2728 342 2784 neque
364 2711 564 2769 factum
589 2711 735 2784 quid,
768 2720 862 2768 aut
889 2712 1134 2770 serviens
1162 2713 1216 2768 in
1245 2712 1533 2778 Trinitate,
1568 2728 1747 2784 neque

155 2809 598 2880 superinductum
623 2816 883 2880 tanquam
907 2815 1036 2863 ante
1061 2807 1165 2863 hoc
1186 2807 1406 2877 quidem
1436 2823 1544 2863 non
1570 2806 1747 2863 subsi-

151 2911 330 2967 stens,
365 2909 421 2957 et
457 2901 615 2973 quasi
657 2909 848 2973 postea
895 2901 1386 2973 superingressum.
1433 2899 1622 2973 Neque
1670 2901 1746 2957 ita

151 2992 323 3051 defuit
345 3009 584 3065 unquam
606 2992 776 3049 Filius
801 2993 971 3060 Patri,
1001 3008 1178 3065 neque
1201 2993 1341 3050 Filio
1364 2992 1601 3064 Spiritus
1621 3009 1748 3051 san-

151 3096 293 3154 ctus,
325 3086 420 3145 sed
464 3087 896 3145 inconvertibilis
938 3095 995 3144 et
1022 3087 1379 3147 immutabilis
1409 3089 1601 3148 eadem
1625 3087 1749 3146 Tri-

152 3177 297 3235 nitas
335 3193 558 3252 semper
591 3187 794 3236 manet.

601 3310 665 3369 C.
702 3311 774 3370 IV
808 3310 1040 3371 NONAS
1074 3311 1271 3372 JULH.

844 3427 1068 3502 HJMJ

223 3541 462 3601 οεεωει
488 3541 670 3618 Δεῃί
694 3543 1108 3616 prophetarum.
1214 3591 1218 3594 .
1304 3562 1306 3564 ν

229 3635 542 3704 ιτυωηὶε,
590 3635 877 3693 translatio
915 3636 1090 3693 sancti
1136 3634 1353 3693 Martini
1392 3638 1648 3709 episcopi,
1700 3644 1756 3693 et

160 3716 432 3785 ordinatio
476 3729 823 3803 episcopatus
877 3729 1034 3802 ejus,
1091 3737 1148 3787 et
1191 3730 1461 3790 dedicatio
1513 3731 1754 3789 basilicae

161 3818 356 3892 ipsius.

231 3912 440 3970 Eodem
465 3913 576 3983 die,
605 3914 663 3970 in
687 3913 892 3982 Africa,
936 3913 1134 3972 natalis
1165 3915 1222 3972 S.
1251 3914 1576 3973 Jucundiani
1606 3930 1753 3971 mar-

159 4005 304 4078 tyris
328 4006 383 4062 in
415 4023 566 4063 mare
593 4007 777 4066 mersi.

230 4099 304 4154 Et
338 4098 394 4154 in
440 4098 718 4156 territorio
759 4099 1014 4157 Bituricae
1051 4101 1312 4167 civitatis,
1357 4100 1480 4156 vico
1513 4099 1754 4167 Justino,

1848 2037 1988 2094 Hinc
2015 2035 2568 2100 Antiochiam,'unde
2595 2037 2748 2092 missi
2791 2035 3029 2114 fuerant,
3070 2044 3438 2091 revertuntur.

1845 2131 1978 2187 Inde
2003 2139 2226 2202 propter
2254 2130 2612 2202 qumstionem
2641 2130 3075 2187 circumcisionis
3102 2130 3156 2185 in
3190 2131 3446 2202 gentibus

1847 2223 2282 2298 Hierosolymam
2313 2224 2753 2296 proﬁciscuntur.
2796 2224 3000 2279 Deinde
3037 2216 3228 2280 rursus
3252 2223 3446 2278 Antio-

1848 2319 2027 2374 chiam
2059 2319 2304 2375 redeunt.
2344 2303 2504 2375 Unde.
2528 2333 2651 2375 cum
2684 2318 2827 2384 inter
2878 2333 2972 2374 eos
3021 2306 3289 2375 dissensio
3317 2334 3445 2390 pro-

1845 2420 1968 2484 pter
2015 2410 2300 2473 Joannem.
2325 2412 2418 2482 qui
2458 2411 2676 2468 Marcus
2703 2414 3118 2484 cognominatus
3162 2420 3264 2476 est,
3297 2411 3445 2466 acci—

1849 2505 2043 2571 disset,
2093 2505 2241 2561 solus
2293 2504 2512 2572 Paulus,
2573 2515 2852 2576 assumpto
2884 2504 3047 2569 Silea,
3102 2520 3133 2559 a
3189 2505 3451 2562 fratribus

1847 2597 2038 2668 gratiae
2070 2597 2163 2654 Dei
2192 2595 2444 2663 traditus,
2478 2596 2578 2652 has
2610 2597 2860 2666 regiones
2882 2604 2937 2651 et
2960 2595 3165 2650 insulas
3190 2611 3451 2666 peragra-

1848 2691 1928 2746 vit
1954 2691 2276 2762 prasdicans,
2312 2690 2547 2762 Syriam,
2593 2688 2863 2752 Ciliciam,
2899 2677 3132 2752 Derben,
3172 2686 3446 2758 Lystram,

1849 2779 2162 2854 Phrygiam,
2191 2791 2246 2836 et
2265 2781 2532 2838 Galatiam
2558 2780 2855 2852 regionem,
2884 2778 3130 2850 Mysiam,
3155 2778 3448 2845 Troadam,

1849 2873 2244 2942 Macedoniam,
2293 2872 2756 2936 Samothraciam,
2812 2869 3114 2941 Neapolim,
3148 2870 3447 2941 Philippos,

1849 2965 2248 3050 Amphipglim,
2290 2964 2667 3050 Apolloniam,
2711 2960 3175 3050 Thessalonicem,
3217 2961 3446 3025 Beroen,

1849 3046 2120 3123 Athenas,
2154 3047 2513 3114 Corinthum.
2554 3046 3096 3126 Et'indci'navigavit
3126 3053 3181 3109 in
3210 3053 3448 3126 Syriam,

1885 3151 2076 3207 tvenit
2103 3149 2399 3222 Ephesum,
2428 3149 2632 3208 etindc
2654 3147 2962 3204 Caesaream
2990 3157 3046 3205 et
3078 3146 3452 3215 Antiochiam,

1853 3253 1906 3302 et
1936 3246 2162 3302 Galatia:
2200 3247 2496 3319 regionem,
2529 3255 2603 3301 ει-
2632 3245 2946 3318 Phrygiam.
2979 3244 3116 3300 Hinc
3139 3258 3262 3300 cum
3290 3241 3456 3298 vellet

1753 3335 1823 3404 .C
1853 3337 1935 3394 ire
1975 3337 2430 3410 Hierosolymam,
2461 3337 2600 3393 dixit
2641 3338 2693 3392 ei
2742 3335 2977 3408 Spiritus
3005 3345 3226 3392 sanctus
3255 3346 3315 3390 ut
3366 3349 3455 3389 re-

1857 3438 2164 3488 verteretur
2190 3431 2246 3486 in
2271 3431 2478 3487 Asiam.
2507 3431 2721 3486 Etcum
2751 3437 3102 3502 peragrasset
3141 3419 3453 3502 Superiores

1854 3531 2063 3594 partes,
2089 3523 2360 3594 Ephesum
2393 3523 2561 3580 venit.
2593 3521 2732 3578 Hinc
2767 3521 3044 3593 profectus
3078 3532 3163 3578 est
3193 3524 3245 3576 in
3274 3521 3452 3578 Mace-

1856 3613 2098 3682 doniam,
2126 3623 2182 3671 et
2219 3613 2451 3688 accessit
2496 3613 2790 3684 Philippos,
2815 3613 3105 3679 Troadam,
3133 3613 3332 3680 Asson,
3357 3612 3476 3691 Mi-_

1858 3707 2077 3765 tilenem
2108 3715 2164 3763 et
2191 3716 2382 3764 contra
2403 3706 2623 3773 Chium,
2653 3707 2874 3773 Samon,
2907 3707 3198 3778 Trogylion
3221 3718 3271 3774 ο,
3296 3707 3448 3763 Mile-

1858 3809 1995 3868 tum,
2027 3799 2217 3865 Coum,
2250 3799 2520 3865 Rhodum,
2552 3798 2826 3857 Pataram.
2860 3799 2928 3855 Et
2953 3799 3106 3866 inde,
3128 3799 3244 3855 visa
3271 3799 3450 3871 Cypro

1857 3903 1913 3950 et
1937 3892 2126 3949 relicta
2149 3908 2215 3950 ea
2258 3893 2327 3949 ad
2372 3893 2669 3958 sinistram,
2716 3891 3086 3948 transfretavit
3131 3893 3185 3948 in
3212 3893 3446 3965 Syriam.

1858 3988 1927 4043 Et
1949 3987 2075 4044 inde
2099 3987 2247 4044 venit
2272 3987 2496 4060 Tyrum,
2529 3986 2943 4053 Ptolemaidem,
2973 3985 3299 4052 Caesaream,
3327 3985 3451 4042 Hie-

1861 4081 2118 4138 rusalem.
2150 4081 2228 4137 lbi
2264 4079 2462 4152 ligatur
2495 4097 2525 4135 a
2554 4079 2774 4144 Judaais,
2819 4089 2874 4136 et
2919 4080 3151 4136 traditur
3177 4080 3448 4151 gentibus.

158 4191 363 4249 natalis
392 4191 451 4248 S.
493 4192 749 4249 Lauriani
783 4195 1078 4267 martyris:
1108 4193 1262 4264 cujus
1302 4201 1464 4263 caput
1493 4193 1748 4266 Hispalim

1860 4175 1930 4234 Et
1956 4174 2081 4231 inde
2109 4174 2416 4231 destinatur
2441 4174 2510 4229 ad
2537 4173 2769 4230 Felicem
2791 4173 3080 4245 praesidem
3111 4174 3373 4231 Caesareae
3398 4173 3449 4228 ιι.

158 4285 230 4340 ad
249 4283 547 4355 Hispanias
573 4284 921 4358 deportatum
946 4295 1052 4344 est.

230 4375 393 4449 Apud
413 4375 714 4450 Syrmium,
752 4379 852 4435 SS.
890 4388 1192 4453 martyrum
1224 4379 1507 4438 lnnocent.
1535 4389 1592 4438 et
1618 4381 1755 4438 Sab-

159 4469 350 4538 batiae,
375 4483 502 4526 cum
528 4469 650 4528 aliis
679 4470 920 4542 triginta.

640 4607 703 4662 D.
741 4605 809 4663 lli
846 4605 1076 4666 NONAS
1111 4607 1304 4667 JULH.

857 4703 1082 4774 βιωδ

232 4813 398 4886 Apud
441 4812 683 4886 Syriam,
727 4813 922 4870 natalis
964 4813 1023 4870 S.
1072 4813 1293 4872 Domitii
1335 4814 1616 4887 martyris,
1667 4809 1759 4883 qui

158 4905 463 4964 virtutibus
484 4907 599 4963 suis
626 4905 795 4962 multa
823 4905 1015 4963 incolis
1044 4907 1306 4965 beneﬁcia
1337 4917 1580 4980 przestat.

236 5001 268 5043 ι’
292 5001 426 5058 Item
455 5001 663 5069 Romae,
693 5001 890 5058 natalis
915 5011 1118 5058 sancta:
1138 5002 1263 5058 Zoae
1286 5003 1474 5058 uxoris
1495 4999 1642 5057 beati
1662 4998 1758 5054 Ni-

162 5095 397 5152 costrati
427 5095 708 5167 martyris,
743 5111 864 5166 qua:
911 5096 1039 5151 dum
1083 5095 1150 5151 ad
1181 5094 1577 5152 confessionem
1616 5091 1761 5147 beati

161 5185 315 5243 Petri
346 5187 578 5258 apostoli
603 5195 809 5255 oraret,
835 5202 867 5241 a
889 5186 1118 5259 paganis
1140 5195 1373 5253 arctata,
1405 5187 1570 5242 ducta
1591 5182 1762 5240 estad

163 5288 460 5351 patronum
489 5280 727 5352 regionis
773 5280 1163 5337 Naumachiaa:
1197 5297 1230 5336 a
1275 5296 1386 5352 quo
1432 5280 1668 5351 primum
1710 5277 1767 5332 in

164 5373 476 5429 custodiam
529 5364 976 5430 obscurissimam
1037 5382 1211 5440 trusa,
1263 5381 1318 5430 et
1367 5369 1482 5445 per'
1513 5372 1629 5426 dies
1671 5383 1767 5426 sex

166 5466 320 5523 omni
362 5465 558 5522 solatio
588 5466 726 5523 lucis
770 5474 828 5523 et
873 5467 1052 5522 victus
1089 5465 1361 5530 fraudata,
1397 5463 1630 5535 septimo
1676 5461 1771 5518 de-

169 5575 324 5615 mum
357 5559 448 5616 die
489 5575 520 5614 a
548 5557 688 5616 collo
713 5567 769 5616 et
809 5574 842 5614 a
889 5557 1102 5631 capillis
1124 5558 1178 5613 in
1209 5572 1439 5629 corpore
1477 5569 1768 5627 suspensa,

167 5650 422 5707 adhibito
461 5651 650 5708 subter
677 5650 926 5721 horribili
951 5650 1134 5731 fumo,
1179 5650 1238 5707 in
1284 5645 1772 5727 confessionem).

171 5745 308 5802 mini
337 5745 522 5802 emisit
547 5745 817 5817 spiritum.

248 5904 273 5932 ι
297 5889 464 5960 Greg.
492 5889 626 5948 Tur.
650 5888 688 5946 l.
717 5905 758 5948 ιι
785 5887 926 5948 Hist.
949 5889 1172 5960 Franc.,
1202 5908 1253 5949 c.
1279 5892 1386 5949 M.‘

250 5963 277 6004 ιν
304 5961 382 6020 De
409 5961 508 6020 bac
537 5962 592 6019 in
621 5963 788 6035 gestis
817 5961 877 6020 S.
909 5961 1154 6031 Sebast,
1179 5963 1253 6021 20
1275 5963 1395 6021 Jan.

501 6056 776 6121 Panos.
833 6055 1126 6122 CXXIII.

1862 4267 2002 4325 Hinc
2025 4284 2148 4326 cum
2171 4267 2497 4339 appellasset
2523 4267 2814 4334 Caasarem,
2848 4267 3080 4323 Romam
3111 4269 3177 4323 ad
3203 4267 3453 4324 eumdem

1863 4362 2157 4430 Caesarem,
2187 4378 2346 4433 quem
2400 4361 2708 4434 appellavit,
2753 4363 3008 4429 mittitur,
3058 4370 3115 4418 et
3148 4363 3458 4435 enavigavit

1867 4452 2144 4520 Sidonem,
2177 4452 2438 4525 Cyprum,
2477 4451 2566 4508 cui
2608 4451 2762 4523 juxta
2807 4459 2927 4508 erat
2969 4451 3162 4508 civitas
3191 4451 3455 4509 Thalassa

1868 4546 1923 4602 in
1954 4545 2130 4601 insula
2173 4543 2432 4610 Mitilene,
2485 4542 2806 4615 Syracusas,
2839 4543 3106 4616 Rhegium
3148 4542 3456 4612 Puteoleos,

1872 4638 2100 4694 Romam
2133 4656 2147 4692 :
2179 4647 2235 4694 et
2255 4637 2475 4694 biennio
2503 4637 2556 4691 in
2585 4637 2751 4692 libera
2781 4652 3007 4693 manens
3041 4638 3306 4705 custodia,
3338 4646 3462 4709 post

1790 4714 1846 4775 Ι)
1873 4731 1989 4787 [ηερ
2017 4731 2083 4786 ad
2110 4729 2516 4801 priedicandum
2554 4727 2867 4783 dimittitur.
2920 4728 3037 4796 Quo
3068 4738 3311 4802 tempore
3343 4747 3463 4788 cre-

1871 4821 2038 4879 dibile
2081 4830 2164 4878 est
2208 4836 2334 4878 eum
2385 4821 2453 4877 ad
2506 4819 2792 4892 Hispanias
2838 4823 3174 4892 perrexisse,
3230 4825 3461 4883 necdum

1871 4910 2086 4987 Nerone
2132 4912 2189 4968 in
2227 4920 2376 4967 tanta
2425 4919 2740 4982 erumpente
2786 4911 2989 4968 scelera
3029 4921 3233 4984 quanta
3276 4915 3344 4972 de
3397 4931 3464 4972 eo

1870 5014 2098 5063 narrant
2128 5005 2391 5062 historiae.
3007 5033 3010 5036 ~
3357 5005 3360 5008 ‘

1944 5098 2151 5163 Romae,
2194 5095 2391 5151 natalis
2427 5095 2602 5151 sancti
2630 5094 3011 5166 Tranquillini,
3043 5097 3213 5169 patris
3256 5109 3460 5172 martyo

1875 5209 1997 5249 rum
2055 5190 2222 5246 Marci
2267 5199 2321 5246 et
2379 5187 2726 5269 Marcelliani,
2773 5190 2865 5261 qui
2912 5191 2980 5246 ad
3027 5191 3464 5261 puedicationem

1875 5285 2020 5344 beati
2051 5282 2358 5341 Sebastiani
2400 5283 2629 5339 credens
2673 5283 2728 5338 in
2769 5283 3054 5338 Dominum
3083 5281 3266 5338 Iesum
3306 5281 3467 5339 Chri-

1877 5389 2056 5447 stum;
2095 5377 2182 5435 die
2209 5377 2537 5434 Octavarum
2558 5377 2948 5448 apostolorum,
2977 5377 3102 5432 dum
3124 5376 3192 5430 ad
3221 5375 3283 5430 Β.
3313 5373 3466 5432 Pauli

1877 5473 2276 5531 confessionem
2301 5481 2506 5538 oraret,
2539 5479 2717 5528 tentus
2755 5486 2787 5525 a
2815 5470 3062 5542 paganis,
3088 5469 3376 5540 lapidatus,
3402 5483 3468 5527 ac

1879 5564 2203 5636 martyrium
2231 5561 2652 5620 consummavit.

1951 5657 2157 5715 Eodem
2197 5658 2318 5726 die,
2365 5657 2633 5731 depositio
2673 5654 2974 5716 beatissimi
3016 5651 3212 5713 Goaris
3248 5655 3467 5716 confes-

1882 5764 2021 5808 801³18
2029 5789 2043 5804 .

1920 5919 1923 5922 -
1959 5900 1982 5928 ο
2014 5887 2112 5946 Est
2135 5887 2193 5944 in
2217 5890 2412 5945 Graeco
2444 5906 2456 5942 :
2489 5885 2638 5945 deest
2663 5877 2835 5943 textui
2865 5884 3070 5946 Latino.

1959 5961 1983 6000 ἀ
2017 5961 2095 6020 De
2116 5975 2184 6020 eo
2215 5959 2271 6020 in
2300 5961 2471 6034 gestis
2495 5959 2665 6018 sancti
2699 5960 3029 6021 Sebastiani,
3056 5962 3126 6015 Et)
3153 5957 3272 6018 Jan.

3041 6057 3113 6118 10
