3962 6366
1059 518 1117 574 l“.
1148 517 1352 576 NONIS
1388 517 1574 574 JULlI.

1192 610 1450 683 (7JMﬁJ

599 719 626 750 ι
649 705 802 777 Apud
834 703 1236 768 Alexandriam,
1263 702 1459 758 natalis
1497 704 1667 758 sancti
1715 705 1975 770 Pantmni,
2004 705 2105 760 viri

520 800 824 872 apostolici,
851 810 905 854 et
929 799 1075 855 omni
1105 797 1368 868 sapientia
1406 799 1680 867 adornati,
1711 800 1866 872 cujus
1894 809 2105 857 tantum

521 895 682 951 studii
715 902 768 946 et
799 891 997 946 amoris
1025 905 1150 961 erga
1189 891 1414 945 verbum
1458 892 1552 947 Dei
1598 891 1718 960 fuit,
1747 902 1807 949 ut
1845 896 2008 951 etiam
2039 897 2106 951 ad

519 984 919 1056 praedicandum
950 982 1154 1038 Christi
1201 983 1552 1056 Evangelium
1578 987 1830 1044 omnibus
1857 991 2106 1060 gentibus

517 1093 638 1150 qua).
700 1077 753 1132 in
813 1074 1052 1133 Orientis
1098 1075 1302 1132 ultimis
1363 1077 1667 1134 secessibus
1715 1081 2100 1148 reconduntur,

516 1170 663 1234 ﬁdei,
697 1177 750 1224 et
779 1167 1079 1223 devotionis
1107 1167 1288 1224 calore
1333 1169 1609 1239 profectus
1636 1172 1727 1238 sit,
1755 1180 1811 1228 et
1839 1189 2010 1242 usque
2035 1175 2105 1229 ad

511 1261 718 1318 lndiam
745 1261 1057 1317 citeriorem
1083 1261 1428 1332 praedicando
1457 1263 1785 1332 pervenerit.
1817 1263 1914 1319 Ubi
1946 1280 2102 1336 repe—

513 1355 586 1410 rit
608 1354 1083 1421 Bartholomaeum,
1108 1356 1176 1410 de
1196 1355 1478 1412 duodecim
1504 1358 1785 1428 apostolis,
1813 1361 2102 1414 adventum

512 1447 725 1503 Domini
754 1447 881 1504 Jesu
921 1445 1076 1516 juxta
1103 1445 1339 1503 Matthaei
1370 1449 1721 1522 Evangelium
1758 1452 2098 1522 praedicasse.

513 1538 666 1606 Quod
700 1537 980 1594 Hebraicis
1015 1537 1212 1595 litteris
1246 1541 1530 1616 scriptum,
1558 1552 1838 1598 revertens
1862 1543 2098 1598 Alexan-

514 1629 689 1686 driam
716 1645 901 1686 secum
938 1630 1168 1685 detulit:
1201 1631 1291 1686 ubi
1321 1632 1635 1702 praeclaram
1667 1642 1722 1688 et
1762 1634 1994 1690 nobilem
2025 1636 2102 1690 vi-

514 1728 624 1775 tam
647 1721 808 1776 beato
831 1719 938 1776 ﬁne
961 1720 1245 1777 conclusit.

584 1814 614 1856 δ
644 1812 854 1880 Romae,
881 1814 1078 1869 natalis
1129 1814 1413 1870 beatorum
1457 1827 1760 1889 martyrum
1811 1818 2096 1876 Nicostrati

1517 405 1575 463 S.
1617 403 1870 462 ADONlS
1906 403 2334 464 ARCHIEPISC.
2378 403 2790 472 VIENNENSIS

3701 407 3807 466 300

2133 523 2187 584 Α
2212 521 2432 576 nomine
2454 519 2748 584 Audacem,
2782 535 2938 576 mane
2965 537 2996 575 a
3025 537 3126 578 suo
3151 532 3400 594 serpente
3431 525 3803 581 devorandum

2210 613 2432 685 eripuit,
2457 621 2511 669 et
2532 614 2599 669 ad
2635 613 2837 670 Christi
2865 616 3184 688 martyrium
3214 618 3498 673 convertit.
3528 617 3662 674 Nam
3693 620 3806 690 ipse

2209 716 2330 778 post
2357 709 2472 764 hzec
2501 708 2570 763 ob
2591 707 2986 765 confessionem
3017 710 3267 766 veritatis
3292 711 3344 766 in
3375 712 3680 766 custodiam
3712 713 3800 765 εἰει-

2213 809 2298 854 tus
2325 808 2426 854 est.
2465 799 2581 870 Ipsa
2635 814 2850 871 quoque
2888 799 3042 872 virgo
3076 800 3278 857 Christi
3335 801 3802 864 transverberata,

2209 907 2332 947 cum
2353 901 2523 947 staret
2548 894 2790 949 extensis
2821 893 3071 948 manibus
3101 893 3156 949 in
3191 895 3462 961 oratione,
3496 895 3566 951 ita
3602 904 3660 950 ut
3710 910 3805 965 per

2209 983 2490 1038 dexterum
2521 983 2662 1039 latus
2691 984 2899 1054 gladius
2938 985 3153 1049 missus,
3179 999 3276 1056 per
3297 986 3575 1041 sinistrum
3603 986 3801 1040 exiret.

2208 1075 2338 1144 Quae
2362 1093 2521 1148 passa
2543 1086 2627 1133 est
2651 1079 2880 1149 septimo
2908 1078 3094 1133 Iduum
3119 1078 3386 1134 Juliarum
3416 1099 3427 1133 :
3459 1079 3674 1149 sepulta
3708 1095 3804 1132 au-

2210 1179 2314 1225 tem
2346 1187 2505 1226 mane
2540 1188 2571 1226 a
2602 1172 2810 1228 civibus
2853 1171 3221 1245 Tyriensibus.
3263 1174 3452 1229 Audax
3498 1190 3632 1230 vero
3678 1175 3803 1246 quia

2208 1263 2275 1316 de
2305 1261 2527 1320 Oriente
2559 1272 2698 1328 erat,
2730 1265 2798 1319 ab
2832 1278 3002 1320 uxore
3025 1280 3123 1321 sua
3155 1273 3213 1321 et
3246 1263 3372 1320 ﬁliis
3417 1265 3543 1321 illuc
3570 1265 3806 1320 transla-

2208 1364 2295 1410 tus
2319 1363 2420 1410 est.

2277 1443 2479 1500 Eodem
2529 1445 2634 1507 die,
2699 1445 2897 1500 natalis
2951 1446 3125 1502 sancti
3182 1444 3370 1518 Cyrilli
3416 1445 3678 1516 episcopi,
3708 1445 3804 1514 qui

2206 1535 2437 1591 ﬂammis
2465 1536 2714 1607 injectus,
2748 1536 2948 1594 illaesus
2973 1538 3168 1605 evasit,
3200 1553 3264 1592 ac
3292 1547 3511 1608 stupore
3541 1539 3678 1592 tanti
3703 1539 3808 1592 mi-

2207 1627 2376 1683 raculi
2411 1643 2442 1682 a
2484 1627 2665 1697 judice
2710 1629 2986 1684 dimissus.
3034 1629 3168 1685 Cum
3211 1645 3400 1686 rursus
3439 1631 3667 1686 verbum
3704 1631 3803 1686 Dei

2205 1721 2459 1776 alacriter
2496 1722 2842 1793 praedicaret,
2873 1737 2937 1778 ac
2990 1722 3176 1794 plures
3220 1722 3492 1779 efﬁcacius
3521 1724 3588 1778 ad
3639 1723 3800 1778 ﬁdem

2204 1811 2404 1868 Christi
2433 1821 2791 1877 converteret,
2826 1811 2993 1882 judex
3045 1813 3364 1885 pmnitentia
3395 1816 3590 1870 ductus
3626 1815 3802 1885 capite

510 1907 868 1964 Primiscrinii
901 1948 915 1973 ,
970 1905 1182 1962 Claudii
1241 1906 1761 1967 Commentariensis
1786 1953 1800 1978 ,
1842 1912 2098 1980 Castorii,
2130 1900 2178 1961 Β
2205 1905 2368 1976 plecti
2397 1921 2518 1961 eum
2540 1906 2721 1978 jussit,
2749 1914 2912 1978 atque
2941 1914 3184 1976 optatum
3219 1907 3462 1978 martyrii
3485 1907 3649 1962 ﬁnem
3677 1921 3800 1962 con-

511 1998 796 2064 Victorini,
827 1998 1269 2071 Symphroniani,
1319 2017 1454 2071 quos
1495 2002 1554 2056 B.
1591 2003 1947 2060 Sebastianus
1985 2021 2106 2061 cre-

511 2093 640 2148 dere
669 2092 722 2146 in
745 2089 1024 2148 Christum
1047 2092 1256 2159 docuit,
1279 2103 1334 2148 et
1370 2103 1591 2150 sanctus
1625 2094 1953 2168 Polycarpus
1980 2113 2104 2169 pre-

510 2185 696 2256 sbyter
724 2183 1039 2254 baptizavit.
1067 2183 1170 2252 Qui
1203 2201 1325 2240 cum
1370 2201 1601 2258 corpora
1648 2196 1962 2244 sanctorum
2005 2205 2104 2261 per

507 2291 603 2330 ora
631 2273 885 2330 Tiberina
913 2274 1197 2344 requirunt
1225 2278 1360 2330 tenti
1400 2285 1549 2343 sunt,
1589 2284 1642 2333 et
1673 2278 1740 2333 ad
1781 2278 1940 2336 Urbis
1965 2295 2102 2350 prae-

509 2364 712 2424 fectum
736 2366 999 2438 perducti.
1037 2365 1350 2435 Eratjudex
1391 2367 1684 2436 Fabianus,
1715 2371 1806 2442 qui
1834 2385 1928 2427 eos
1974 2372 2103 2429 hor-

507 2459 726 2516 tabatur
761 2457 1300 2526 ad’sacrilicandum,
1336 2477 1432 2532 per
1475 2464 1660 2519 decem
1693 2466 1807 2522 dies
1849 2467 2010 2522 minis
2047 2476 2104 2524 et

509 2554 783 2611 blanditiis
813 2570 937 2612 cum
963 2555 1043 2612 eis
1090 2571 1276 2628 agens,
1309 2565 1364 2611 et
1409 2558 1615 2614 nullum
1657 2560 1875 2630 penitus
1923 2563 2101 2631 potuit

503 2664 862 2706 commovere.
893 2647 1044 2704 Tunc
1075 2648 1202 2705 fecit
1231 2650 1294 2704 de
1322 2650 1402 2706 eis
1432 2654 1837 2724 suggestionem
1865 2653 2100 2725 impera-

504 2743 710 2800 toribus
741 2761 752 2796 :
781 2742 980 2814 quique
999 2741 1281 2813 jusserunt
1325 2760 1419 2800 eos
1449 2745 1611 2800 tertio
1640 2746 1906 2816 torqueri.
1929 2744 2096 2801 Cum-

501 2849 607 2907 que
630 2833 776 2890 nulla
805 2835 1017 2891 ratione
1062 2834 1325 2904 compulsi
1373 2835 1650 2902 cederent,
1689 2837 1972 2907 jusserunt
2004 2850 2099 2892 eos

504 2930 558 2984 in
598 2945 747 2985 mare
789 2928 1098 3000 przecipites
1143 2926 1282 2981 dari.
1333 2927 1616 2983 lmmensis
1670 2928 1856 3000 itaque
1899 2929 2097 2982 arctati

502 3020 856 3092 ponderibus,
910 3019 1083 3091 pelagi
1134 3016 1388 3074 ﬂuctibus
1432 3019 1542 3074 dati
1591 3029 1737 3086 sunt,
1789 3029 1848 3074 ut
1877 3021 1932 3076 in
1979 3020 2098 3077 loco

504 3111 707 3169 mundo
737 3111 879 3166 inter
903 3125 1072 3182 aquas
1098 3124 1352 3165 coronam
1378 3111 1623 3182 martyrii
1653 3110 2012 3169 celebrarent.

573 3203 731 3274 Apud
762 3201 1051 3269 Viennam,
1092 3201 1281 3257 Evoldi
1321 3203 1586 3276 episcopi,
1627 3205 1780 3275 cujus
1829 3205 2097 3262 industria

2208 1997 2522 2051 sumtnavit.

2277 2086 2334 2142 ln
2384 2088 2604 2144 civitate
2652 2087 2977 2154 Martulana,
3017 2089 3193 2145 sancti
3236 2087 3426 2144 Brictii
3472 2089 3712 2160 episcopi
3744 2099 3799 2145 et

2207 2179 2552 2247 confessoris,
2585 2182 2676 2251 qui
2707 2183 2808 2238 sub
2829 2181 3012 2251 judice
3040 2182 3326 2249 Martiano,
3354 2197 3418 2239 os
3451 2183 3626 2254 lapide
3651 2200 3795 2240 cou-

2205 2281 2360 2328 tnsus
2394 2281 2477 2330 est
2504 2283 2559 2330 et
2589 2275 2640 2329 in
2667 2275 2896 2344 equuleo
2935 2275 3309 2332 crudelissime
3349 2278 3722 2343 excruciatus,
3745 2280 3798 2332 in

2204 2364 2417 2420 Domini
2450 2364 2792 2422 confessione
2823 2367 3146 2437 perdurans,
3193 2369 3246 2424 in
3292 2384 3570 2426 carcerem
3617 2379 3798 2426 trusus

2203 2467 2304 2513 est.
2334 2457 2501 2515 Nocte
2535 2471 2715 2516 autem
2743 2470 3052 2517 terraemotu
3096 2463 3244 2530 gravi
3284 2463 3794 2536 civitasconcussa,

2204 2550 2348 2605 inter
2405 2551 2541 2607 alios
2602 2552 2807 2623 plures,
2857 2556 3022 2608 etiam
3076 2554 3404 2610 Manlianum
3462 2556 3689 2613 occidit.
3737 2558 3796 2613 Et

2202 2642 2405 2700 Christi
2438 2645 2716 2700 confessor
2749 2647 2817 2702 ab
2845 2647 3035 2718 angelo
3064 2657 3273 2712 sancto,
3305 2657 3362 2703 et
3391 2663 3422 2703 a
3446 2649 3608 2706 beato
3635 2648 3799 2706 Petro

2202 2737 2446 2806 apostolo
2476 2737 2746 2802 visitatus,
2799 2748 2960 2808 atque
2995 2740 3062 2794 ad
3116 2740 3520 2810 pratdicandum
3550 2741 3796 2814 Evange—

2201 2829 2331 2884 lium
2375 2828 2749 2895 confortatus,
2807 2846 3032 2903 magnas
3088 2833 3412 2903 populorum
3459 2833 3796 2890 credentium

2201 2921 2574 2977 multitudines
2621 2922 2979 2993 omnipotenti
3019 2923 3131 2979 Deo
3176 2923 3542 2989 lucrifaciens,
3589 2925 3798 2995 quievit

2200 3014 2258 3070 in
2283 3030 2436 3087 pace.
2465 3015 2630 3087 Cujus
2655 3017 2891 3072 animam
2932 3017 3184 3072 viderunt
3213 3018 3496 3075 adstantes
3535 3019 3590 3074 in
3615 3019 3798 3090 spede

2201 3106 2466 3162 columbae
2491 3109 2661 3163 niveae
2690 3108 2830 3165 coelo
2854 3109 3044 3180 recipi.

2273 3199 2406 3254 Item
2451 3202 2591 3271 apud
2637 3201 2948 3275 Egyptum,
2999 3202 3058 3258 S.
3103 3202 3420 3275 Serapionis
3449 3205 3698 3277 episcopi
3744 3213 3797 3260 et

503 3265 695 3350 dela-taa
729 3304 855 3352 sunt
885 3265 1127 3368 reliquiae
1156 3265 1469 3356 sanctorum
1507 3265 1811 3374 martyrum
1835 3300 2094 3359 Theban-

2209 3290 2555 3347 confessoris.

503 3401 625 3446 rum
653 3387 721 3444 ad
749 3389 939 3445 urbem
962 3387 1252 3446 Viennam.

984 3502 1051 3560 G.
1083 3504 1195 3560 VIII
1227 3503 1388 3561 IDUS
1425 3505 1616 3564 JULll.

1160 3594 1416 3668 arma)

572 3706 725 3777 Apud
752 3707 935 3763 Asiam
961 3707 1246 3774 minorem,
1279 3709 1454 3763 sancti
1493 3708 1721 3779 Aquilae,
1750 3716 1805 3764 et
1833 3709 2094 3767 Priscilla:

503 3801 688 3855 uxoris
715 3798 832 3868 ejus
861 3801 927 3855 de
972 3800 1171 3870 quibus
1199 3801 1255 3855 in
1280 3800 1509 3856 Actibus
1553 3802 1923 3872 apostolorum
1951 3805 2091 3860 scri-

500 3893 855 3962 bitnrzapud
903 3907 1040 3964 quos
1087 3893 1276 3948 beatus
1303 3892 1505 3948 Paulus
1552 3893 1826 3963 apostolus
1874 3905 2094 3966 propter

502 3983 791 4038 artificium
820 3983 1005 4054 (erant
1047 3983 1191 4036 enim
1233 3981 1478 4051 ejusdem
1507 3983 1663 4049 artis,
1688 3983 1740 4038 id
1770 3993 1853 4038 est
1904 3999 2092 4039 sceno-

501 4073 695 4142 pegiaa,
716 4069 870 4140 cujus
899 4081 953 4126 et
978 4070 1286 4142 Apostolus)
1318 4073 1633 4128 morabatur
1659 4082 1714 4129 et
1743 4075 2089 4144 operabatur,

505 4165 793 4232 postquam
835 4163 934 4233 ipsi
978 4164 1032 4217 in
1074 4163 1333 4218 Achaiam
1366 4165 1432 4219 ab
1460 4166 1594 4220 urbe
1625 4165 1795 4221 Roma
1822 4178 2092 4225 venerunt
2137 4213 2141 4222 ,

503 4255 684 4326 (liam.
718 4270 841 4321 XVI;
867 4254 892 4308 ι
921 4252 1044 4310 Cor.
1070 4271 1196 4321 XVI;
1231 4257 1345 4310 Act.
1381 4257 1561 4326 xvtn).

571 4348 630 4403 ln
657 4347 967 4413 Palaestina,
997 4347 1196 4404 natalis
1222 4349 1397 4403 sancti
1418 4347 1668 4419 Procopii
1687 4351 1966 4423 martyris,
1997 4353 2092 4422 qui

500 4447 569 4499 ab
596 4443 911 4514 Scythopolt
938 4444 1133 4500 ductus
1153 4442 1476 4510 Caesaream,
1511 4445 1577 4498 ad
1605 4445 1835 4515 primam
1863 4462 2090 4517 respon-

500 4537 713 4591 sionum
737 4536 855 4605 ejus
885 4536 1269 4592 conﬁdentiam
1312 4537 1454 4592 irato
1477 4536 1659 4605 judice
1705 4539 1964 4606 Fabiano,
1995 4556 2088 4596 ca-

501 4627 609 4698 pite
634 4641 807 4682 caesus
826 4634 932 4682 est.

1003 4739 1070 4793 A.
1099 4738 1188 4794 VII
1212 4738 1371 4795 IDUS
1408 4739 1596 4796 JULII.

1167 4830 1428 4904 (alma)

573 4947 778 5013 Romae,
811 4947 878 5002 ad
925 4946 1145 5002 Guttam
1171 4946 1372 5018 jugiter
1415 4957 1728 5001 manantem
1770 4947 1940 5002 sancti
1989 4945 2086 5001 Ze«

497 5040 675 5105 nonis,
699 5049 755 5096 et
781 5039 1009 5094 aliorum
1039 5039 1225 5094 decem
1258 5038 1482 5093 millium
1516 5039 1870 5095 ducentorum
1898 5040 2082 5094 trium.

566 5132 623 5190 In
655 5133 874 5188 civitate
911 5131 1112 5204 Tyriae,
1154 5132 1348 5187 natalis
1389 5131 1488 5188 SS.
1517 5132 1781 5187 Anatoliae
1811 5141 1864 5188 et
1910 5132 2088 5187 Anda-

498 5233 599 5294 cis.
650 5229 752 5286 sub
800 5229 961 5283 Decio
1003 5228 1346 5297 imperatore.
1381 5227 1621 5296 Quorum
1675 5227 1923 5283 Anatolia
1963 5243 2084 5282 cum

498 5324 696 5380 nmltos
726 5323 779 5376 in
809 5322 1006 5376 Piceno
1029 5321 1290 5385 infirmos,
1321 5321 1608 5385 lunaticos,
1639 5336 1702 5374 ac
1727 5319 2087 5375 daemoniacos

497 5423 763 5478 curasset,
783 5416 941 5467 ducta
963 5411 1308 5480 est,_jubente
1324 5411 1690 5474 Faustiniano,
1717 5413 1782 5464 ad
1809 5411 2085 5466 civitatem

499 5505 694 5577 Tyria},
713 5515 766 5561 et
781 5506 1011 5561 diversis
1030 5506 1311 5576 plagarum
1330 5506 1619 5578 generibus
1643 5514 1854 5559 vexata.
1880 5501 2085 5561 Deinde

497 5612 618 5651 cum
671 5606 920 5667 serpente
977 5606 1085 5651 tota
1138 5605 1297 5652 nocte
1341 5596 1570 5662 inclusa,
1613 5596 1745 5650 nihil
1795 5595 1919 5652 laesa
1952 5605 2078 5652 est:

498 5687 628 5757 quin
672 5696 727 5742 et
777 5688 951 5757 ipsum
1004 5687 1258 5751 Marsum,
1288 5687 1381 5758 qui
1429 5695 1733 5757 serpentem
1779 5686 2082 5754 dimiserat,

568 5819 594 5844 ι
625 5804 821 5933 ἑὲιᾶεει).
847 5805 940 5862 lib.
975 5821 1152 5878 v,cap.
1197 5805 1296 5871 10;
1326 5803 1548 5860 Hieron.
1575 5805 1638 5861 de
1678 5803 1877 5876 Script.
1908 5803 2082 5871 Eccl.,

568 5890 618 5933 ι).

499 5890 618 5948 cap.

2113 4637 2170 4700 D

2706 3386 2764 3441 Β.
2799 3387 2865 3442 Vl
2902 3387 3063 3446 IDUS
3101 3387 3287 3444 JULll.

2847 3477 3144 3548 001mm)

2271 3577 2474 3641 Romae,
2507 3587 2715 3648 septem
2752 3578 2980 3634 fratrum
3025 3579 3257 3636 filiorum
3296 3590 3498 3637 sanctae
3536 3579 3791 3639 Felicitao

2199 3669 2300 3736 tis,
2336 3669 2389 3724 id
2437 3679 2522 3726 est
2553 3667 2819 3737 Januarii,
2850 3670 3069 3739 Felicis,
3100 3671 3354 3743 Philippi,
3387 3672 3634 3746 Sylrani,
3666 3675 3790 3730 Ale-

2199 3761 2417 3826 xandri,
2453 3761 2643 3818 Vitalis
2667 3772 2720 3817 et
2743 3763 3026 3830 Martialis,
3055 3765 3155 3820 sub
3194 3764 3449 3836 praefecto
3484 3765 3654 3822 Urbis
3696 3767 3794 3823 Pu-

2199 3851 2328 3918 blio,
2364 3861 2605 3923 tempore
2645 3853 2904 3910 Antonini
2962 3855 3239 3928 principis.
3291 3857 3541 3913 Primum
3599 3860 3790 3923 auditi,

2199 3944 2393 4000 deinde
2421 3959 2519 4015 per
2541 3945 2724 4002 varios
2748 3947 2986 4017 judices,
3027 3955 3088 4002 ut
3115 3949 3281 4004 variis
3311 3950 3596 4020 suppliciis
3625 3950 3792 4007 lania.

2200 4046 2407 4105 rentur,
2445 4039 2618 4095 missi.
2649 4040 2690 4094 E
2723 4041 2920 4110 quibus
2946 4039 3239 4098 Ianuarius
3263 4053 3391 4115 post
3416 4045 3654 4100 verbera
3681 4047 3792 4100 vir—

2196 4143 2382 4199 garum
2411 4137 2464 4185 et
2495 4145 2770 4187 carcerem
2802 4132 2868 4187 ad
2909 4132 3216 4203 plumbatas
3247 4136 3460 4192 occisus
3504 4146 3613 4194 est.
3645 4138 3793 4195 Felix

2197 4232 2250 4276 et
2277 4223 2557 4294 Philippus
2603 4223 2838 4280 fustibus
2885 4229 3134 4296 mactati,
3173 4229 3442 4304 Sylvanus
3491 4235 3795 4308 praecipitio

2197 4313 2554 4386 interemptus
2583 4324 2686 4372 est.
2719 4315 3048 4386 Alexander,
3079 4318 3273 4379 Vitalis
3310 4330 3368 4378 et
3404 4321 3674 4383 Martialis
3700 4341 3790 4382 ca-

2196 4404 2348 4476 pitali
2367 4407 2632 4460 sententia
2656 4407 2855 4478 puniti.

2267 4496 2470 4552 Eodem
2493 4497 2581 4552 die
2610 4498 2663 4552 in
2690 4497 2875 4554 Africa
2906 4501 3106 4558 natalis
3134 4501 3235 4560 SS.
3271 4502 3541 4574 Januarii,
3571 4506 3789 4574 Marini,

2197 4585 2426 4642 Naboris
2455 4596 2509 4642 et
2547 4588 2772 4652 Felicis,
2817 4590 3209 4659 decollatorum
3241 4613 3255 4651 :
3289 4611 3526 4666 quorum
3557 4615 3790 4672 corpora

2196 4675 2553 4733 Mediolanum
2581 4679 2845 4736 translata
2874 4693 3021 4738 sunt.

2265 4766 2452 4824 Roma:
2479 4769 2733 4826 milliario
2762 4773 2993 4841 decimo,
3023 4775 3206 4833 natale
3231 4775 3460 4844 Ruﬁnte,
3496 4779 3789 4850 Secundae,

2193 4873 2466 4926 sororum,
2496 4870 2649 4931 patre
2677 4862 2984 4920 clarissimo
3009 4868 3316 4938 genitarum
3338 4870 3579 4936 Asterio,
3614 4883 3790 4932 matre

2193 4951 2493 5008 clarissima
2539 4951 2780 5021 Aurelia,
2835 4958 2935 5013 sub
2981 4961 3359 5029 persecutione
3408 4963 3690 5020 Valeriani
3738 4976 3793 5022 et

2192 5043 2440 5112 Gallieni,
2480 5045 2773 5115 judicibus,
2806 5049 2968 5106 Junio
3017 5050 3225 5109 Donato
3270 5055 3566 5126 praefecto,
3600 5067 3657 5114 et
3687 5061 3790 5115 Ar-

2192 5137 2428 5194 chesilao
2464 5141 2682 5196 comite.
2723 5141 2925 5198 Harum
2970 5145 3241 5216 virginum
3283 5148 3470 5218 sponsi
3497 5148 3791 5206 Armenta-

2191 5229 2305 5285 rius
2357 5239 2409 5285 et
2447 5228 2678 5287 Verinns
2717 5249 2746 5288 a
2792 5233 2895 5290 ﬁde
2942 5235 3370 5294 Christianitatis
3411 5252 3785 5298 recesserunt.

2191 5319 2296 5376 Pro
2320 5339 2423 5394 qua
2459 5338 2518 5378 re
2545 5325 2790 5381 volentes
2816 5327 2990 5384 heat-.0
3021 5328 3260 5400 virgines
3291 5331 3566 5388 declinare
3591 5349 3788 5391 eorum

2190 5417 2566 5485 persuasiones
2590 5419 2828 5483 insanas,
2873 5420 2938 5474 ad
2988 5422 3305 5492 prtediolum
3335 5440 3517 5492 suum,
3549 5426 3701 5497 quod
3733 5427 3788 5482 in

2190 5503 2399 5562 Tusciae
2426 5509 2671 5577 partibus
2699 5511 3022 5567 videbantur
3053 5513 3277 5580 habere,
3305 5516 3577 5572 basterna:
3595 5532 3791 5589 perge-

2187 5597 2318 5656 bant
2348 5600 2614 5657 vehiculo.
2646 5600 2799 5670 Quod
2841 5604 3125 5662 audientes
3164 5604 3544 5662 Armentarius
3585 5619 3641 5663 et
3673 5605 3785 5664 Ve-

2188 5693 2362 5759 rinus,
2391 5693 2578 5750 comiti
2606 5695 2923 5752 Archesilao
2948 5707 3335 5768 suggesserunt
3375 5715 3481 5771 qua
3512 5700 3579 5756 de
3602 5713 3785 5756 causa

2259 5808 2287 5848 ιι
2319 5807 2397 5862 De
2422 5807 2508 5865 his
2537 5809 2592 5864 in
2627 5810 2794 5880 gestis
2819 5809 2879 5866 S.
2913 5809 3243 5879 Sebastiani,
3269 5813 3340 5868 ΞΟ
3365 5811 3487 5869 Jan.
