3962 6366
192 353 321 432 θυι

898 353 1505 423 ΜΑκτΥιιοιοοι,υΜ
1544 355 1687 414 cum
1727 356 1804 430 At

1919 355 2262 418 PAMENTIS.
2300 389 2370 406 --
2401 359 2610 424 MENS.
2652 359 2796 420 JUL.

3372 367 3482 426 302

195 475 405 548 Urbem
452 482 722 546 lugerent.
752 473 904 530 Tunc
951 474 1407 532 sceleratissimus
1439 474 1789 532 Archesilaus
1813 482 2038 548 Amata
2077 491 2307 549 corpora
2359 477 2704 550 derelinquit.
2741 475 2850 534 Sed
2891 475 3104 534 Domini
3146 481 3321 549 gratia
3371 499 3480 541 non

192 559 329 622 cum
363 565 624 620 militibus
673 566 786 622 suis
833 569 1180 638 equestribus
1210 569 1317 624 iter
1359 583 1548 640 agens,
1577 578 1795 630 sanctas

195 660 297 716 Dei
328 659 572 730 virgines
600 659 654 714 in
683 647 765 713 via
791 658 1059 715 Flaminia
1086 660 1339 716 milliario
1365 661 1577 716 decimo
1601 670 1795 731 quarto

193 750 692 821 comprehendens,
739 759 902 820 atque
923 766 1189 806 revocans
1221 753 1290 805 ad
1321 753 1509 806 urbem
1538 751 1791 818 Romam,

189 840 368 900 Iunio
394 843 604 898 Donato
647 841 903 912 praefecto
929 843 1146 898 obtulit.
1178 843 1280 910 Qui
1307 845 1472 914 jussit
1496 860 1590 900 eas
1619 844 1672 900 in
1697 860 1793 899 cu-

192 937 414 996 stodias
443 936 613 1006 redigi
641 951 673 990 n
699 951 759 991 se
784 935 1022 992 invicem
1070 948 1372 1009 separatas,
1397 947 1452 993 et
1481 939 1534 992 in
1572 937 1658 993 die
1692 949 1798 992 ter-

196 1031 278 1090 tia
316 1033 375 1088 in
401 1030 760 1088 secretarium
793 1030 940 1086 duci.
970 1030 1028 1084 In
1055 1047 1163 1101 quo
1189 1032 1439 1087 Ruﬁnam
1483 1032 1689 1104 ingredi
1711 1031 1799 1102 ju-

194 1125 362 1194 heas,
385 1123 523 1182 dixit
567 1124 637 1179 ad
660 1138 782 1180 eam
810 1139 824 1177 :
854 1123 990 1180 Cum
1021 1124 1096 1180 sis
1146 1124 1345 1182 nobilis
1371 1133 1518 1192 nata,
1545 1125 1677 1194 quid
1714 1133 1799 1180 est

193 1219 348 1291 quod
397 1216 467 1272 ad
517 1214 912 1288 ignobilitatem
942 1215 1191 1272 devoluta
1236 1231 1328 1283 es,
1381 1227 1436 1274 et
1489 1217 1644 1288 cupis
1676 1232 1796 1272 esse

197 1311 420 1383 captiva
453 1309 510 1366 in
537 1308 788 1373 vinculis,
832 1308 1006 1381 magis
1029 1323 1192 1380 quam
1234 1309 1405 1365 libera
1449 1324 1571 1364 cum
1601 1307 1798 1364 marito

198 1401 481 1476 gaudere?
540 1399 737 1456 Ruﬁna
793 1401 1074 1470 respondit
1113 1415 1128 1454 :
1173 1399 1475 1472 Captivitas
1518 1401 1619 1455 ista
1659 1409 1798 1454 tem-

199 1491 410 1564 poralis
450 1500 708 1548 ater-nam
752 1492 1124 1562 captivitatem
1152 1492 1430 1558 excludit;
1483 1501 1537 1546 et
1579 1491 1796 1547 vincula

201 1582 546 1655 temporalia,
584 1590 848 1654 perpetua
879 1583 1222 1639 vinculorum
1273 1584 1566 1656 ligamenta
1599 1582 1796 1639 dissol-

206 1686 360 1731 vunt.
392 1674 686 1730 Praefectus
714 1675 852 1731 dixit
881 1693 894 1728 :
920 1673 1059 1731 Istas
1085 1691 1254 1732 vanas
1281 1674 1494 1730 fabulas
1532 1683 1589 1729 et
1623 1674 1798 1730 aniles

211 1767 404 1836 abjice,
441 1777 495 1822 et
526 1766 774 1824 sacriﬁca
820 1767 923 1825 diis
972 1766 1460 1832 immortabilibus,
1513 1775 1574 1822 ut
1622 1767 1798 1837 possis

211 1871 304 1916 tuo
329 1875 526 1932 sponso
553 1875 674 1914 cum
704 1859 902 1930 gaudio
925 1861 1152 1930 perfrui,
1175 1869 1232 1914 et
1251 1875 1423 1930 usque
1453 1859 1520 1914 ad
1543 1869 1798 1915 senectu-
1826 1852 1874 1914 B

209 1963 317 2008 tem
332 1969 456 2007 cum
485 1951 682 2023 gaudio
708 1951 1023 2007 deliciarum
1043 1953 1334 2024 attingere.
1353 1952 1547 2009 Ruﬁna
1569 1967 1795 2026 respon-

206 2042 287 2098 dit
313 2061 326 2096 :
353 2042 472 2097 Duo
498 2051 626 2098 sunt
659 2041 870 2096 inutilia
897 2057 1017 2113 quae
1041 2043 1356 2113 persuades,
1407 2052 1462 2099 et
1509 2059 1676 2099 unum
1703 2044 1802 2099 du-

206 2134 354 2191 bium
404 2135 549 2206 quod
599 2133 889 2204 promittis.
940 2133 1076 2189 Nam
1109 2135 1246 2190 dicis
1275 2152 1364 2192 me
1405 2136 1606 2194 debere
1644 2135 1803 2192 idolis

207 2227 515 2283 sacriﬁcare
547 2236 603 2281 ut
634 2225 687 2280 in
738 2235 1058 2297 perpetuum
1099 2227 1356 2298 peream?
1410 2236 1464 2284 et
1531 2237 1652 2300 post
1699 2229 1800 2284 hoc

208 2323 467 2376 maritum
504 2321 753 2390 accipere
785 2328 844 2374 ut
891 2320 1119 2391 gloriam
1149 2322 1477 2394 virginitatis
1527 2323 1797 2378 amittam.

211 2414 340 2470 Post
383 2415 487 2469 ista
524 2415 632 2469 duo
673 2423 781 2468 tam
809 2415 1086 2470 contraria
1117 2417 1417 2487 promittis,
1455 2418 1598 2490 quod
1630 2432 1802 2486 usque

217 2505 288 2560 ad
336 2512 662 2560 senectutem
711 2519 833 2560 cum
885 2505 1084 2578 gaudio
1137 2507 1454 2563 deliciarum
1511 2510 1799 2580 attingam,

222 2609 342 2652 cum
387 2596 452 2651 de
479 2605 531 2652 te
558 2595 671 2667 ipso
707 2596 947 2652 incertus
973 2597 1070 2663 sis,
1110 2613 1178 2653 an
1211 2599 1278 2653 ad
1317 2600 1458 2660 diem
1505 2601 1802 2653 crastinum

223 2689 474 2762 attingas.
494 2687 695 2744 Prieses
738 2688 931 2745 adduci
960 2686 1124 2758 jussit
1169 2687 1495 2757 Secundam,
1525 2698 1586 2743 ut
1609 2688 1800 2743 Ruﬁna

219 2795 375 2836 soror
405 2779 520 2849 ejus
565 2779 618 2834 in
665 2789 957 2851 conspectu
1011 2779 1177 2851 ipsius
1216 2778 1440 2851 ﬂagellis
1481 2778 1803 2835 caederetur.

217 2869 348 2940 Quie
367 2884 490 2926 cum
531 2869 758 2926 vidisset
797 2884 1042 2925 sororem
1067 2885 1220 2924 suam
1247 2869 1473 2942 ﬂagellis
1507 2871 1659 2936 caedi,
1691 2869 1802 2925 cla-

215 2979 364 3021 mare
397 2965 566 3036 coepit
597 2965 662 3020 ad
687 2964 926 3033 judicent
963 2983 978 3019 :
1011 2964 1150 3032 Quid
1180 2977 1264 3021 est
1292 2968 1435 3037 quod
1469 2967 1601 3037 agis,
1635 2967 1802 3022 scele-

213 3058 510 3124 ratissime,
542 3065 597 3112 et
627 3057 778 3128 regni
811 3057 1072 3114 caelorum
1112 3057 1356 3114 invisor?
1381 3058 1510 3129 quid
1547 3067 1631 3114 est
1659 3060 1801 3130 quod

215 3167 460 3210 sororem
494 3166 669 3205 meam
693 3150 964 3221 glorilicas
997 3158 1053 3205 et
1079 3164 1167 3205 me
1205 3149 1546 3206 exhonoras?
1583 3150 1722 3205 Dicit
1751 3151 1800 3206 ei

214 3244 505 3318 praefectus
528 3261 541 3297 :
572 3241 643 3300 Ut
661 3243 832 3305 video,
852 3243 1093 3297 insanior
1119 3257 1308 3298 sorore
1336 3250 1427 3298 tua
1454 3258 1533 3298 es.
1556 3242 1808 3298 Secunda

215 3338 498 3411 respondit
528 3355 541 3392 :
573 3336 684 3392 Nec
715 3351 872 3392 soror
909 3350 1028 3390 mea
1061 3334 1252 3390 insana
1301 3343 1406 3400 est,
1445 3350 1546 3390 nec
1589 3350 1689 3406 ego
1721 3334 1806 3388 in-

214 3434 392 3498 sanio,
422 3431 517 3488 sed
557 3431 728 3486 ambae
776 3429 1102 3486 Christianae
1139 3446 1350 3497 sumus,
1382 3438 1438 3486 et
1483 3430 1692 3501 justum
1726 3439 1810 3485 est

214 3535 272 3580 ut
317 3523 479 3579 simul
523 3522 796 3579 Christum
848 3522 1132 3578 Dominum
1183 3520 1525 3577 conﬁtemur.
1565 3520 1633 3575 Et
1683 3536 1807 3576 cum

216 3617 387 3674 libere
416 3616 574 3672 ﬁdem
597 3617 844 3672 veritatis
870 3615 1190 3682 faterentur,
1216 3623 1348 3670 tunc
1361 3615 1529 3687 jussit
1547 3630 1642 3670 eas
1668 3629 1809 3684 prae-

223 3712 401 3768 fectus
444 3711 498 3766 in
544 3711 834 3767 tenebroso
876 3709 999 3766 loco
1029 3708 1234 3764 includi
1258 3716 1316 3764 et
1351 3705 1562 3764 fumum
1603 3716 1810 3764 sterco-

224 3816 345 3857 rum
370 3801 503 3859 lieri.
536 3799 671 3858 Cum
693 3802 798 3858 hoc
827 3801 1018 3857 fuisset
1043 3798 1272 3866 factum,
1301 3798 1484 3856 fumus
1523 3798 1613 3860 ille
1653 3799 1808 3870 quasi

220 3894 517 3966 thymiama
538 3893 850 3960 exhalabat,
871 3901 928 3950 et
951 3892 1260 3949 obscuritas
1282 3891 1375 3948 iﬂa
1398 3892 1556 3963 quasi
1577 3891 1666 3948 die
1692 3907 1808 3949 me-

216 3987 311 4042 dio
342 3985 677 4044 vincebatur.
709 3984 920 4057 ,Iterum
951 3983 1121 4054 jussm
1158 3993 1287 4040 sunt
1329 3983 1456 4040 inde
1498 3983 1630 4051 tolli,
1660 3991 1717 4039 et
1754 3983 1809 4038 in

213 4078 339 4133 suis
371 4076 583 4134 balneis
604 4075 830 4144 includi,
874 4084 1037 4148 atque
1064 4076 1120 4131 in
1148 4075 1285 4132 solio
1329 4076 1556 4133 ardente
1593 4083 1649 4131 et
1699 4090 1809 4132 non

215 4178 526 4242 temperato
543 4168 757 4240 iactari.
795 4167 898 4226 Ubi
923 4184 1048 4226 cum
1071 4168 1306 4228 fuissent
1327 4178 1452 4241 post
1479 4171 1616 4228 duas
1649 4171 1810 4227 horas

212 4265 454 4338 ingressi
479 4265 574 4337 qui
597 4279 791 4322 earum
837 4278 1071 4335 corpora
1102 4264 1375 4332 tollerent,
1411 4265 1693 4321 inveniunt
1721 4265 1806 4320 in-

213 4368 312 4414 tus
345 4355 537 4412 solium
588 4356 846 4430 frigidum
891 4365 948 4411 et
998 4366 1338 4428 vaporatum.
1381 4357 1537 4426 Quod
1583 4357 1809 4414 audiens

212 4453 528 4523 praefectus,
558 4450 856 4520 obstupuit,
887 4459 942 4506 et
961 4449 1126 4522 jussit
1149 4466 1244 4507 eas
1271 4451 1419 4518 duci,
1449 4460 1504 4506 et
1547 4451 1600 4506 in
1630 4449 1810 4506 medio

214 4545 437 4602 Tiberis
462 4544 625 4612 mitti,
651 4553 706 4601 et
736 4561 844 4601 uno
871 4560 1005 4601 saxo
1033 4544 1201 4617 ligato
1239 4545 1294 4599 in
1335 4544 1472 4600 collo
1501 4543 1806 4609 ambarum,

1897 569 2069 628 defuit
2122 571 2178 627 in
2228 571 2444 630 Cbrism
2470 573 2819 630 credentibus
2867 585 2967 628 nec
3012 573 3299 632 defunctis.
3343 575 3482 635 Nam

1894 662 2146 719 Plautilla
2171 674 2437 732 matrona,
2474 665 2531 722 in
2571 664 2726 735 cujus
2769 665 2974 737 praedio
3002 666 3108 724 hoc
3145 666 3348 726 factum
3374 680 3482 738 est,

1895 754 2033 809 vidit
2058 770 2153 811 eas
2179 755 2232 812 in
2262 757 2379 816 visu
2424 757 2674 812 sedentes
2717 766 3018 829 gemmatas
3063 758 3118 814 in
3145 758 3405 829 thalamo,
3428 771 3487 820 et

1897 845 2141 902 dicentes
2168 847 2271 904 sibi
2301 866 2315 902 :
2347 847 2619 916 Plautilla,
2650 849 2836 905 desine
2877 865 2908 904 a
2943 848 3163 922 ﬂagitiis
3194 851 3483 921 idolorum,

1897 948 1952 995 et
1983 942 2050 995 ab
2088 942 2465 1000 incredulitate
2492 944 2658 1014 impia
2687 959 2862 1010 cessa,
2891 953 2949 1000 et
2991 946 3220 1010 credens
3246 947 3300 1002 in
3323 947 3484 1006 Cbri-

1899 1042 2042 1090 stum
2070 1036 2194 1091 veni
2218 1037 2272 1091 in
2297 1053 2411 1092 rem
2443 1047 2609 1103 tuam,
2633 1047 2689 1094 et
2713 1053 2940 1108 corpora
2968 1049 3153 1095 nostra
3185 1041 3486 1108 inveniens,

1899 1126 1972 1182 ibi
2000 1128 2186 1200 sepeli.
2218 1129 2530 1200 Exsurgens
2577 1138 2756 1186 autem
2801 1129 3074 1197 Plautilla,
3124 1133 3371 1203 pervenit
3418 1135 3485 1188 ad

1899 1219 2099 1288 locum,
2147 1230 2203 1277 et
2235 1223 2516 1278 inveniens
2566 1232 2877 1280 sanctarum
2912 1223 3184 1296 virginum
3236 1241 3486 1298 corpora,

1900 1309 2172 1379 adoravit,
2196 1323 2252 1368 et
2280 1314 2531 1381 credidit,
2576 1323 2631 1370 et
2657 1314 2944 1372 fabricavit
2985 1318 3296 1392 sepulcrum
3326 1319 3492 1391 virgi-

1898 1419 2030 1460 num
2062 1406 2130 1461 ad
2167 1405 2380 1464 laudem
2405 1407 2621 1462 Domini
2648 1405 2777 1464 Jesu
2806 1407 3030 1464 Christi.

2429 1522 2490 1580 C.
2523 1523 2562 1580 V
2588 1523 2748 1581 IDUS
2783 1524 2974 1582 JULII.
3037 1579 3040 1582 .

2550 1617 2636 1688 (II
2665 1617 2850 1687 Julii.)

1973 1706 2284 1764 Translatio
2314 1707 2372 1764 S.
2405 1708 2681 1766 Benedicti
2712 1711 2925 1768 abbatis
2972 1732 2984 1766 :
3019 1722 3306 1786 postquam
3345 1716 3489 1778 enim

1903 1797 2068 1871 (sicut
2102 1801 2216 1872 ipse
2261 1800 2449 1858 vivens
2493 1801 2844 1876 praedixerat)
2869 1807 3260 1864 monasterium
3313 1807 3432 1880 ejus
3461 1825 3492 1866 a

1903 1894 2156 1964 gentibus
2185 1903 2271 1950 est
2293 1905 2588 1964 vastatum,
2629 1897 2860 1954 Domino
2891 1900 3183 1969 revelante,
3217 1913 3494 1977 repertum

1904 1997 1989 2045 est
2017 2005 2238 2061 corpus,
2270 1999 2325 2046 et
2354 1991 2410 2046 in
2445 1992 2649 2049 Gallias
2676 1993 3018 2063 translatum,
3049 2005 3212 2067 atque
3251 1999 3302 2052 in
3336 2000 3495 2054 terri-

1905 2083 2045 2138 torio
2076 2083 2475 2149 Aurelianensi,
2498 2086 2829 2142 monasterio
2858 2087 3002 2157 quod
3035 2098 3263 2144 vocatur
3287 2088 3498 2144 Floria-

1903 2191 2052 2241 cum,
2110 2177 2377 2249 condigne
2439 2177 2743 2248 sepultum;
2795 2177 3116 2234 translatum
3163 2188 3248 2236 est
3293 2182 3499 2253 pariter

1903 2271 2069 2326 etiam
2093 2283 2291 2341 corpus
2315 2271 2486 2326 beatae
2513 2268 2862 2326 Scholasticaz
2884 2272 3111 2345 virginis
3133 2273 3336 2330 sororis
3357 2273 3494 2345 ejus,

1906 2372 2072 2436 atque
2103 2365 2157 2420 in
2189 2364 2434 2436 partibus
2457 2363 2969 2434 Cenomanensium,
3001 2366 3376 2439 religiosorum
3405 2368 3502 2426 de-

1904 2457 2149 2522 votione,
2181 2457 2479 2511 conditum.
2539 2456 2706 2528 Cujus
2747 2458 2984 2512 animam
3035 2457 3180 2514 idem
3222 2459 3305 2514 vir
3341 2459 3440 2515 Dei
3467 2476 3499 2516 e

1905 2563 2135 2618 corpore
2165 2563 2464 2621 egressam,
2498 2548 2633 2604 vidit
2656 2549 2711 2604 in
2747 2549 3011 2605 columbae
3052 2552 3232 2621 specie
3263 2552 3386 2622 caeli
3414 2568 3500 2608 se-

1907 2649 2059 2694 creta
2085 2649 2376 2710 penetrare
2405 2658 2417 2694 :
2441 2655 2750 2711 corpusque
2779 2639 2897 2711 ejus
2923 2657 3109 2697 secum
3133 2642 3184 2696 in
3212 2642 3504 2713 unojussit

1905 2731 2033 2802 poni
2071 2731 2344 2802 sepulcro,
2369 2739 2430 2787 ut
2468 2746 2698 2803 quorum
2736 2747 2893 2788 mens
2920 2748 3026 2788 una
3067 2748 3282 2806 semper
3309 2734 3362 2789 in
3390 2731 3502 2792 Deo

1908 2821 2109 2891 fuerat,
2139 2838 2328 2881 eorum
2365 2838 2583 2898 quoque
2629 2839 2861 2896 corpora
2903 2840 3004 2881 nec
3036 2823 3315 2895 sepultura
3342 2840 3501 2897 sepa-

1907 2927 2055 2974 raret
2077 2930 2124 2972 ⁸.

1980 3011 2183 3066 Eodem
2215 3011 2302 3076 die
2332 3012 2386 3068 in
2434 3010 2695 3068 Armenia
2723 3012 2953 3080 minore,
2981 3013 3204 3071 civitate
3231 3012 3500 3088 Nicopoli,

1908 3101 2108 3157 natalis
2159 3109 2472 3158 sanctorum
2522 3109 2823 3174 martyrum
2873 3102 3126 3163 Januarii
3163 3112 3218 3161 et
3247 3104 3500 3179 Pelagize,

1835 3222 1881 3292 ρ
1912 3192 2026 3263 qui,
2055 3193 2108 3246 in
2138 3193 2391 3264 equuleo,
2423 3192 2638 3266 ungulis
2665 3204 2720 3248 et
2743 3203 3003 3251 testarum
3030 3195 3350 3270 fragmentis
3383 3198 3498 3255 die-

1910 3283 2015 3339 bus
2040 3291 2276 3353 quatuor
2295 3283 2543 3350 cruciati,
2575 3287 2899 3356 martyrium
2922 3285 3304 3357 impleverunt.

1988 3375 2172 3451 Roma:
2202 3376 2256 3430 in
2296 3377 2582 3444 Vaticano,
2618 3375 2676 3433 S.
2705 3377 2785 3433 Pii
2812 3393 2987 3450 papaz,
3010 3382 3101 3451 qui
3133 3381 3274 3437 sedit
3306 3382 3359 3437 in
3384 3381 3499 3454 epi-

1912 3479 2138 3540 scopatu
2163 3486 2336 3526 annos
2353 3472 2680 3528 octodecim.
2699 3471 2811 3528 Sub
2827 3473 2990 3546 hujus
3012 3483 3252 3548 tempore
3273 3477 3501 3536 Hermes

1910 3559 2109 3614 librum
2154 3561 2394 3632 scripsit,
2423 3562 2516 3632 qui
2561 3562 2865 3636 appellatur
2902 3561 3118 3635 Pastor,
3152 3569 3276 3640 quia
3323 3569 3380 3626 In
3406 3569 3503 3627 ha-

1910 3653 2026 3710 bitu
2053 3654 2290 3726 pastoris
2314 3653 2365 3711 ei
2395 3654 2626 3727 angelus
2650 3657 2919 3727 apparuit.

2329 3821 2333 3826 .
2430 3765 2494 3820 D.
2523 3765 2592 3823 IV
2617 3765 2778 3824 IDUS
2813 3766 3004 3825 JULII.

2548 3860 2641 3932 (ιε
2666 3860 2850 3934 Julii.)

1886 3976 1888 3980 ‘
1981 3970 2139 4040 Apud
2161 3969 2487 4042 Aquileiam,
2516 3971 2717 4028 natalis
2740 3974 2915 4030 sancti
2943 3974 3315 4050 Hermagoras,
3340 3982 3500 4052 primi

1910 4061 2153 4133 ejusdem
2207 4063 2445 4121 civitatis
2507 4067 2779 4139 episcopi,
2831 4071 3079 4145 discipuli
3137 4074 3281 4134 beati
3335 4077 3502 4136 Marci

1909 4153 2256 4224 evangelistae
2273 4154 2409 4226 (Act.
2436 4157 2572 4229 ut).

1986 4245 2013 4286 δ
2037 4247 2192 4316 Apud
2215 4245 2474 4318 Cyprum,
2504 4251 2701 4307 natalis
2732 4251 2792 4321 Β.
2819 4253 3054 4312 Nasonis
3091 4256 3214 4331 [αι.,
3261 4260 3500 4333 Jasonis,

1911 4339 1990 4395 vel
2021 4340 2340 4414 Mnasonis],
2380 4343 2588 4414 antiqui
2611 4343 2819 4402 Christi
2840 4349 3107 4422 discipuli.

1985 4433 2142 4503 Apud
2167 4433 2495 4501 Caesaream,
2525 4439 2697 4492 sancti
2729 4439 2811 4494 Dii

1986 4523 2298 4592 Mediolani,
2349 4525 2632 4584 translatio
2682 4526 2783 4585 SS.
2833 4541 3136 4606 martyrum
3180 4534 3410 4597 Naboris
3447 4553 3504 4601 et

213 4637 569 4710 praecipitari.
610 4602 756 4692 eum
789 4651 898 4708 quo
949 4602 1396 4706 postvdimidiam
1450 4634 1564 4690 fere
1619 4602 1810 4690 horam
1843 4602 2132 4670 DFelicis-

214 4745 418 4786 mersze
449 4738 576 4785 sunt
606 4748 620 4784 :
647 4737 702 4786 et
731 4745 853 4800 quae
878 4729 1036 4786 nudae
1083 4729 1265 4786 missae
1299 4727 1535 4793 fuerant,
1561 4727 1619 4782 in
1649 4742 1809 4798 supe-

215 4825 370 4879 riore
397 4832 547 4893 parte
589 4823 824 4878 ﬂuminis
851 4822 1014 4877 siccis
1051 4822 1296 4876 vestibus
1333 4828 1700 4892 apparuerunt
1723 4819 1810 4876 in-

215 4920 390 4982 dutas,
409 4916 611 4972 Christi
642 4915 870 4988 gloriam
895 4916 1268 4971 decantantes.
1295 4913 1448 4979 Quod
1472 4929 1596 4968 cum
1622 4911 1814 4967 fuisset

209 5010 391 5084 judici
415 5009 741 5075 nuntiatum,
767 5008 902 5084 dixit
921 5006 1218 5064 Praefectus
1241 5005 1557 5062 Archesilao
1583 5005 1768 5060 comiti
1795 5023 1808 5060 :

217 5082 350 5160 Istae
381 5119 517 5175 quas
547 5103 677 5158 mihi
706 5082 996 5169 tradidisti,
1025 5109 1122 5157 aut
1146 5102 1356 5174 magica
1381 5111 1501 5156 arte
1523 5115 1622 5156 nos
1658 5115 1817 5171 supe-

155 5197 158 5200 ’
221 5203 373 5260 rant,
401 5203 497 5254 aut
522 5209 650 5258 vere
673 5194 728 5249 in
750 5194 832 5251 eis
857 5194 1119 5250 sanctitas
1137 5201 1351 5265 regnat.
1378 5191 1532 5249 Unde
1553 5193 1694 5248 sicut
1723 5206 1817 5246 eas

220 5289 363 5346 mihi
393 5289 682 5355 tradidisti,
710 5289 791 5345 ita
814 5304 912 5346 eas
931 5305 1033 5362 ego
1059 5290 1158 5346 tibi
1183 5290 1369 5358 reddo,
1394 5298 1454 5345 ut
1476 5298 1567 5344 tuo
1589 5288 1818 5344 arbitrio

217 5382 313 5439 vel
337 5383 664 5440 sententiam
697 5384 986 5454 accipiant,
1026 5383 1112 5438 vel
1141 5383 1391 5438 evadant.
1420 5382 1573 5438 Tunc
1613 5382 1818 5438 Arche-

221 5475 400 5533 silaus
442 5475 607 5548 jussit
639 5492 735 5534 eas
763 5477 886 5533 duci
918 5478 970 5533 in
1001 5476 1192 5533 silvam
1223 5477 1278 5532 in
1322 5477 1407 5531 via
1449 5475 1722 5542 Cornelia,
1749 5476 1819 5532 ab

221 5568 364 5624 urbe
409 5567 583 5628 Roma
625 5569 880 5626 milliario
921 5570 1150 5634 decimo,
1184 5569 1240 5625 in
1270 5567 1436 5625 fundo
1467 5570 1560 5640 qui
1593 5579 1820 5624 vocatur

224 5661 405 5730 Dum,
431 5672 488 5718 et
517 5662 628 5720 illic
655 5679 749 5720 eas
778 5664 958 5735 capite
987 5664 1215 5735 percuti,
1249 5673 1306 5720 et
1339 5663 1419 5720 sic
1441 5678 1631 5720 earum
1655 5663 1814 5718 inhu-

301 5791 327 5817 ει
362 5776 532 5850 Hujus
571 5779 937 5850 translationis
983 5780 1041 5835 ﬁt
1074 5781 1285 5850 mentio
1308 5780 1363 5837 in
1387 5777 1510 5836 Vita
1543 5777 1600 5836 S.
1632 5777 1790 5850 Aigul

228 5849 345 5915 DIlI,
376 5849 410 5904 5
442 5847 589 5918 Sept.
624 5848 851 5919 Pontif.,
889 5865 1007 5921 cap.
1041 5849 1122 5906 l2.

1987 4709 2118 4762 Item
2149 4708 2342 4764 eodem
2367 4709 2472 4775 die,
2508 4709 2565 4766 S.
2598 4711 2734 4768 Cleti
2781 4731 2952 4787 papie,
2995 4719 3084 4790 qui
3129 4720 3315 4780 Romae
3361 4729 3502 4782 sedit

1917 4815 2089 4856 annos
2119 4801 2425 4856 duodecim.
2460 4801 2559 4857 Hic
2584 4818 2650 4857 ex
2679 4815 2948 4877 prmeepto
2976 4809 3036 4863 Β.
3073 4811 3217 4868 Petri
3269 4817 3499 4886 apostoli
3577 4833 3587 4840 ·

1918 4893 2104 4964 viginti
2133 4892 2374 4962 quinque
2390 4893 2738 4964 presbyteros
2760 4896 2813 4951 in
2838 4900 2972 4954 urbe
2997 4900 3170 4958 Roma
3190 4906 3497 4964 ordinavit:

1915 4987 2264 5058 sepultusque
2293 4995 2382 5044 est
2401 4985 2554 5056 juxta
2581 5003 2778 5059 corpus
2802 4990 2862 5045 Β.
2901 4992 3070 5051 Petri.

2417 5099 2480 5157 E.
2510 5100 2575 5156 III
2616 5100 2776 5158 IDUS
2812 5103 2998 5163 JULII.

2559 5194 2650 5266 (ιδ
2687 5196 2868 5272 Julii.)

1990 5287 2178 5344 Esdrae
2207 5295 2264 5344 et
2287 5286 2402 5344 Joel
2437 5290 2844 5360 prophetarum.

1993 5382 2125 5437 Item
2150 5381 2349 5438 natalis
2380 5381 2437 5438 S.
2473 5381 2630 5439 Sileaa
2669 5382 2787 5458 [al.,
2818 5383 2968 5459 Silae]
2999 5384 3248 5458 apostoli.

1997 5487 2019 5514 ο
2047 5476 2203 5547 Apud
2232 5474 2477 5531 Africam
2512 5479 2708 5534 natalis
2761 5488 3068 5535 sanctorum
3128 5479 3501 5540 confessorunl

1923 5568 2148 5641 Eugenii
2191 5569 2638 5641 Carthaginensis
2664 5571 2922 5642 episcopi,
2965 5557 3068 5627 ﬁde
3113 5581 3166 5626 et
3216 5573 3504 5632 virtutibus

1920 5675 1985 5716 ac
2039 5662 2312 5718 miraculis
2351 5661 2605 5734 gloriosi,
2671 5671 2725 5719 et
2779 5664 3016 5720 universi
3073 5664 3200 5722 cleri
3262 5669 3504 5728 ecclesiae

1993 5777 2020 5818 b
2049 5776 2276 5848 Pontif”
2309 5793 2430 5848 cap.
2459 5778 2513 5832 5.

1989 5859 2014 5886 ο
2044 5847 2174 5902 Vide
2203 5847 2296 5903 lib.
2334 5847 2408 5904 De
2438 5849 2584 5905 Fest.
2610 5849 2799 5922 Apost.
