3962 6366
533 368 640 430 503

1535 377 1594 436 S.
1629 378 1882 437 ADONIS
1919 376 2352 438 ARCHIEPISC.
2394 379 2803 442 VIENNENSIS

3642 407 3725 473 δοι

531 488 793 560 ejusdem.
825 490 930 560 Qui
975 491 1123 550 caede
1158 493 1448 565 inediaque
1485 497 1769 564 macerati,
1810 496 1929 555 fere
1957 499 2116 570 quin-
2142 500 2192 561 Α
2221 495 2422 554 Gallias
2443 499 2750 567 translatae,
2803 509 3133 558 venerantur
3185 503 3423 581 Lugduni
3463 513 3514 573 in
3549 518 3725 589 ωηερε

530 584 703 657 genti,
733 583 817 641 vel
845 599 911 641 eo
936 585 1168 657 amplius
1196 586 1363 659 (inter
1390 603 1526 659 quos
1552 590 1938 662 quamplurimi
1961 601 2119 649 erant

529 675 763 734 lectores
812 675 1105 750 infantuli),
1159 679 1463 749 gaudentes
1513 682 1570 737 in
1628 681 1880 752 Domino,
1925 685 2116 757 procul

529 768 724 827 exsilio
745 769 956 826 crudeli
982 772 1188 827 extrusi
1211 782 1357 828 sunt.
1384 771 1443 828 In
1474 773 1673 844 quibus
1699 785 1857 832 erant
1890 778 2115 834 nobilis-

527 863 677 930 simi,
709 864 1127 922 archidiaconus
1179 866 1403 924 nomine
1456 866 1745 934 Salutaris,
1787 879 1844 927 et
1895 870 2113 927 Muritta

528 957 802 1013 secundus
849 956 905 1012 in
953 955 1126 1013 cilicio
1173 958 1568 1032 ministrorum.
1600 961 1701 1029 Qui
1740 963 1973 1033 plurima
2013 979 2114 1036 pro

526 1049 866 1107 confessione
922 1050 1188 1107 catholica
1236 1055 1482 1125 perpessi
1530 1055 1816 1128 supplicia,
1863 1067 1918 1114 et
1952 1060 2113 1115 tertio

523 1142 867 1199 confessores
892 1142 1096 1206 eﬁ'ecti.
1139 1146 1391 1218 gloriosae
1423 1147 1480 1204 in
1509 1149 1729 1207 Christo
1751 1166 2110 1224 perseveran-

521 1232 611 1289 tiae
639 1233 795 1291 titulo
817 1233 1077 1292 illustrati
1103 1246 1251 1294 sunt.

944 1349 1006 1406 F.
1035 1348 1265 1408 PRIDIE
1304 1351 1465 1411 IDUS
1501 1352 1690 1413 JULII.

1163 1443 1254 1518 (ιι
1278 1445 1461 1520 Julii.)
1615 1517 1620 1522 ,

591 1553 618 1584 ι
657 1541 813 1613 Apud
844 1540 1100 1609 Pontum,
1125 1544 1325 1600 natalis
1359 1544 1416 1600 S.
1445 1545 1643 1603 Phocaa
1695 1547 1934 1619 episcopi
1969 1547 2106 1604 civi-

513 1633 648 1690 tatis
677 1632 916 1706 Sinopis,
939 1634 1032 1705 qui
1059 1635 1159 1690 sub
1190 1634 1428 1705 Trajano
1459 1637 1810 1710 imperatore,
1851 1641 2109 1711 prmfecto

511 1727 797 1795 Africano,
842 1744 1140 1797 carcerem,
1182 1721 1419 1797 vincula,
1451 1731 1680 1800 ferrum,
1721 1733 1900 1806 ignem
1942 1734 2108 1791 etiam

510 1834 613 1891 pro
656 1821 876 1878 Christo
931 1822 1228 1893 superavit.
1259 1822 1425 1892 Cuius
1479 1823 1723 1896 reliquiae
1768 1826 1824 1881 in
1881 1825 2104 1884 basilica

510 1913 881 1984 apostolorum
902 1913 958 1970 in
980 1913 1152 1971 Gallia
1179 1915 1400 1972 civitate
1422 1915 1634 1975 Vienna
1661 1919 1954 1977 habentur.

1019 2027 1083 2084 G.
1117 2027 1343 2086 lDlBUS
1377 2029 1567 2087 .IULII.

1163 2120 1256 2192 (is
1280 2118 1465 2194 Julii.)

583 2209 616 2255 δ
643 2211 839 2279 Nisibi,
879 2211 1079 2269 natalis
1107 2211 1171 2269 S.
1214 2211 1402 2270 Jacobi
1443 2215 1708 2289 episc0pi.
1741 2233 1952 2292 magnae
1984 2219 2098 2276 vir-

505 2306 641 2363 tutis
665 2305 787 2372 viri,
813 2306 888 2362 ita
913 2314 974 2361 ut
1002 2305 1071 2361 ad
1101 2305 1220 2377 ejus
1239 2322 1432 2377 preces
1452 2323 1598 2381 saepe
1625 2311 1757 2368 urbs
1782 2313 2100 2370 discrimine

504 2395 734 2455 liberata
773 2399 862 2454 sit.
897 2397 996 2454 Hic
1022 2414 1162 2453 unus
1212 2397 1315 2453 fuit
1359 2415 1428 2456 ex
1466 2418 1694 2459 numero
1724 2405 2099 2463 confessorum

503 2491 607 2547 sub
635 2490 1019 2562 persecutione
1063 2490 1400 2560 Maximiani,
1449 2502 1505 2550 et
1558 2509 1747 2551 eorum
1775 2497 1868 2568 qui
1913 2497 1969 2553 in
1998 2496 2097 2554 Ni-

501 2601 652 2641 caena
684 2584 892 2656 synodo
939 2585 1356 2656 perversitatem
1385 2585 1503 2643 Arii
1559 2589 1832 2646 homousii
1871 2591 2095 2663 opposi-

501 2666 652 2737 tione
680 2680 1077 2737 damnaverunt
1109 2699 1122 2737 :
1151 2690 1315 2752 atque
1340 2681 1483 2738 intra
1507 2698 1694 2740 muros
1715 2684 1865 2740 urbis
1891 2700 2005 2741 suae
2028 2701 2097 2742 ex

498 2782 776 2846 praecepto
805 2775 1158 2845 imperatoris
1181 2775 1524 2832 Constantini
1553 2776 1622 2832 ad
1645 2775 1870 2833 tutelam
1897 2786 1955 2834 et
1980 2794 2097 2834 mu-

499 2865 805 2923 nimentum
859 2867 1120 2938 sepultus,
1164 2874 1351 2937 postea
1412 2866 1530 2924 zelo
1584 2867 1785 2924 Juliani
1831 2879 2094 2941 apostata:

499 2968 658 3016 extra
687 2963 879 3017 urbem
908 2961 1086 3017 elatus
1108 2968 1165 3016 et
1189 2959 1460 3016 conditus.
1501 2962 1609 3018 Sed
1639 2978 1768 3019 mox
1792 2964 1986 3020 eadem
2015 2964 2094 3021 ci-

497 3050 662 3119 vitas,
698 3051 834 3107 tanti
876 3050 1096 3122 patroni
1127 3051 1323 3109 orbata
1373 3051 1642 3124 reliquiis,
1671 3051 1962 3110 Persarum
2006 3055 2091 3111 di-

497 3141 635 3198 tioni
664 3142 968 3199 succubuit.

2131 1887 2183 1950 B

2215 589 2518 648 beatissimi
2549 591 2775 650 Joannis
2811 594 3087 666 Baptistae.

2640 706 2702 764 C.
2735 706 2829 766 XV
2864 709 3023 766 KAL.
3049 707 3367 774 AUGUSTI.

2869 803 2959 877 (rs
3013 804 3153 874 Jul.)

2283 915 2442 987 Apud
2465 915 2868 991 Carthaginem,
2903 917 3101 977 natalis
3129 932 3328 981 sanctae
3370 926 3625 995 Guddenes
3644 941 3726 998 vir-

2213 1006 2378 1080 ginis,
2408 1023 2529 1079 qua:
2568 1008 2821 1066 Plutiano
2863 1019 2920 1066 et
2967 1011 3095 1068 Zeta
3159 1013 3470 1084 [Plautiano
3505 1035 3555 1081 et
3591 1027 3724 1092 Geta]

2213 1099 2547 1168 consulibus,
2564 1100 2718 1171 jussu
2746 1101 2930 1158 Ruﬁni
2949 1106 3308 1176 proconsulis,
3337 1122 3518 1184 quater
3546 1098 3725 1182 diversis

2214 1195 2548 1265 temporibus
2570 1195 2786 1268 equulei
2804 1197 3131 1256 extensione
3151 1211 3362 1270 vexata,
3387 1214 3441 1262 et
3466 1211 3722 1283 ungularum

2211 1283 2483 1342 horrenda
2507 1285 2840 1344 laceratione
2867 1289 3128 1358 cruciata,
3181 1295 3414 1352 carceris
3441 1300 3586 1357 etiam
3605 1317 3724 1376 aqua.

2209 1373 2328 1433 lore
2354 1376 2657 1434 diutissime
2681 1377 2896 1446 aﬁlicta,
2931 1383 3226 1440 novissime
3245 1386 3420 1458 gladio
3443 1406 3570 1449 caesa
3589 1373 3672 1452 est.

2292 1469 2452 1561 Apud
2481 1471 2756 1529 civitatem
2788 1473 3130 1545 Metensium,
3160 1477 3219 1534 S.
3248 1479 3501 1553 Arnulphi
3519 1487 3721 1561 episcopi,

2209 1560 2302 1632 qui
2334 1562 2627 1619 sanctitate
2651 1572 2709 1620 et
2755 1565 3144 1626 miraculorum
3173 1571 3345 1642 gratia
3381 1573 3600 1646 illustris,
3637 1560 3724 1638 ere-

2211 1652 2452 1712 miticam
2477 1657 2647 1714 vitam
2674 1657 2924 1732 diligens,
2967 1661 3128 1719 beato
3166 1663 3275 1720 ﬁne
3302 1666 3512 1737 quievit.

2626 1769 2668 1826 I.
2700 1770 2823 1830 XIV
2884 1774 3044 1832 KAL.
3070 1777 3398 1838 AUGUSTI.

2845 1867 2936 1943 (19
2979 1869 3130 1946 Jul.)

2274 1979 2303 2024 ά
2325 1981 2532 2042 Natalis
2548 1985 2695 2043 beati
2718 1985 3005 2060 Epaphras.

2272 2077 2408 2165 l‘tem
2429 2080 2620 2136 eodem
2646 2081 2755 2148 die,
2791 2080 2848 2137 S.
2877 2082 3056 2140 Patris
3106 2087 3284 2143 nostri
3308 2085 3530 2158 Arsenii,
3573 2092 3712 2165 dequo

2202 2169 2260 2226 in
2283 2157 2479 2230 Verbis
2510 2174 2785 2231 seniorum
2814 2176 3053 2234 refertur
3079 2179 3236 2251 quia,
3260 2192 3474 2254 propter
3514 2157 3717 2243 redunda-

2202 2262 2406 2319 tionem
2435 2264 2800 2338 lacrymarum
2857 2272 3204 2342 tergendam,
3257 2274 3523 2332 sudarium
3562 2262 3721 2348 seraper

2201 2353 2258 2410 in
2287 2355 2412 2412 sinu
2432 2358 2517 2412 vel
2540 2359 2595 2414 in
2620 2375 2784 2417 manu
2811 2361 3082 2422 habuerit.

2273 2445 2478 2505 Eodem
2500 2450 2588 2508 die
2608 2449 2818 2524 Hispali
2841 2457 2982 2536 apud
3009 2455 3349 2530 Hispaniam,
3369 2461 3547 2536 natalis
3567 2461 3647 2518 SS.
3657 2459 3720 2518 lu-

2205 2543 2307 2593 sta:
2339 2545 2394 2593 et
2430 2538 2687 2598 Ruﬁna}:
2731 2559 2852 2615 quae
2903 2533 2951 2601 ad
2977 2546 3316 2622 Diogeniano
3367 2534 3574 2625 praeside
3615 2567 3721 2608 com-

2198 2629 2502 2700 prehensae,
2519 2633 2735 2705 equulei
2753 2638 3072 2697 extensione
3087 2649 3143 2698 et
3158 2644 3474 2718 ungularum
3495 2644 3720 2700 laniatione

2200 2730 2406 2780 vexata:
2426 2732 2576 2791 sunt,
2604 2725 2731 2783 dein
2755 2735 2918 2786 trusae
2960 2741 3088 2788 sunt
3114 2733 3173 2790 in
3203 2751 3490 2802 carcerem,
3522 2735 3665 2792 inedia
3683 2744 3721 2788 et

2198 2814 2475 2899 doloribus
2499 2815 2731 2876 aﬁlictxe.
2762 2819 2894 2879 Post
2922 2824 3038 2888 haec
3084 2825 3256 2897 jussit
3297 2843 3487 2899 praeses
3531 2835 3583 2884 ut
3620 2840 3718 2898 quo-

2209 2897 2426 2980 cunque
2448 2909 2572 2976 iret,
2600 2909 2734 2984 ipsaa
2759 2913 2919 2971 nudis
2943 2916 3176 2986 pedibus
3218 2897 3573 2991 sequerentur.
3612 2897 3717 2972 Tan-

2197 2998 2320 3055 dem
2345 2998 2500 3058 Justa
2555 3003 2611 3059 in
2670 3019 2892 3063 carcere
2937 3009 3194 3079 spiritum
3244 3012 3524 3069 exhalavit.
3558 3012 3714 3082 Corpus

2196 3091 2313 3162 ejus
2333 3095 2388 3150 in
2409 3107 2633 3166 puteum
2658 3097 2981 3169 projectum,
3006 3111 3064 3160 et
3089 3120 3120 3160 a
3159 3105 3372 3164 Gabino
3416 3107 3635 3179 episcopo
3664 3103 3718 3158 le-

2195 3194 2405 3252 vatum,
2441 3187 2496 3242 in
2529 3187 2836 3260 llispalensi
2867 3196 3188 3254 cmmeterio
3230 3198 3495 3255 conditum
3519 3205 3606 3254 est.
3640 3193 3717 3248 Ill!-

565 3234 837 3295 Romaein
864 3237 1050 3306 Portu,
1076 3238 1346 3313 Eutropii,
1375 3239 1625 3311 Zosimaa,
1649 3250 1706 3298 et
1741 3239 1969 3299 Bonosus
1995 3258 2088 3300 so-

2209 3234 2405 3252 -_-_---,
2529 3234 2836 3260 --.Ὗ-...μω
2868 3234 3188 3254 “um...”
3230 3234 3495 3255 w...........
3519 3234 3606 3254 ω..

2197 3274 2291 3332 ﬁni
2331 3278 2517 3334 cervix
2542 3279 2843 3353 confracta,
2867 3292 2925 3340 et
2969 3300 3168 3358 corpus
3210 3289 3328 3360 ejus
3352 3288 3459 3360 igni
3500 3275 3708 3345 traditum.

495 3345 723 3492 “inutili
747 3419 1154 3493 Alexandriam,
1179 3425 1376 3484 natalis
1397 3422 1502 3485 SS.
1544 3424 1802 3501 Philippi,
1833 3428 2090 3496 Zenonis,

492 3514 714 3586 Marsei,
737 3528 793 3576 et
818 3521 1005 3578 decem
1039 3521 1323 3580 infantum.

560 3603 624 3664 In
659 3605 1010 3685 Carthagine,
1057 3613 1292 3670 Catulini
1345 3615 1582 3685 diaconi,
1638 3615 1904 3684 Januarii,
1965 3617 2090 3674 Flo-

489 3703 655 3772 renti,
699 3702 855 3764 Iuliae
881 3715 938 3764 et
993 3706 1180 3777 Justaa,
1236 3709 1330 3782 qui
1375 3719 1504 3767 sunt
1555 3712 1720 3783 positi
1763 3712 1819 3770 in
1861 3712 2086 3770 basilica

486 3790 700 3853 Fausti.

577 3872 585 3876 ’
871 3892 938 3949 Α.
980 3892 1124 3950 xvu
1163 3894 1322 3951 KAL.
1367 3895 1703 3954 AUGUSTI.

1138 3987 1231 4059 (ιδ
1297 3987 1444 4060 Jul.)

562 4103 586 4142 ε
617 4099 676 4157 ln
708 4100 880 4168 Ostia,
908 4101 1107 4160 natalis
1135 4103 1306 4160 sancti
1342 4102 1596 4173 Hilarini,
1621 4107 1712 4179 qui
1766 4108 1866 4165 sub
1893 4124 2082 4182 perse-

485 4192 704 4249 cutione
732 4191 953 4260 Juliani,
981 4210 1106 4252 cum
1132 4195 1302 4252 nollet
1328 4196 1659 4268 sacriﬁcare,
1694 4199 1932 4258 fustibus
1972 4217 2080 4259 ca:-

484 4301 600 4354 sus,
640 4289 964 4360 martyrium
985 4291 1236 4362 sumpsit.

555 4380 713 4450 Apud
756 4378 1102 4438 Antiochiam
1139 4382 1332 4457 Syrim,
1357 4386 1556 4446 natalis
1580 4389 1755 4446 sancti
1798 4389 2080 4448 Eustachii

482 4470 722 4542 episcopi
745 4479 798 4528 et
824 4473 1172 4539 confessoris,
1209 4475 1303 4547 qui
1325 4477 1426 4533 sub
1464 4478 1785 4537 Constantio
1833 4482 2079 4554 principe

480 4563 554 4619 ob
580 4563 903 4621 catholicam
925 4565 1086 4638 ﬁdem
1106 4567 1161 4622 in
1185 4568 1587 4643 Trajanopolim
1608 4573 1882 4632 civitatem
1903 4575 2078 4633 Thra-

480 4653 582 4711 cia:
615 4655 804 4727 pulsus
828 4656 1019 4713 exsilio
1047 4658 1246 4714 ibidem
1276 4662 1558 4733 requievit.

909 4771 971 4828 B.
997 4771 1114 4832 XVI
1133 4775 1292 4834 KAL.
1318 4775 1642 4838 AUGUSTI.

1139 4869 1230 4942 (l7
1267 4870 1411 4946 Jul.)

427 4940 435 4952 ’
551 4953 612 5014 In
639 4954 988 5030 Carthagine,
1023 4940 1219 5018 natalis
1247 4940 1559 5024 sanctorum
1582 4978 1883 5044 martyrum
1929 4973 2068 5032 Scil-

475 5047 792 5118 Iitanorum,
828 5051 882 5106 id
907 5061 991 5108 est
1017 5051 1250 5124 Sperati,
1282 5054 1549 5127 Narthali,
1571 5060 1810 5135 Cythini,
1859 5066 2064 5125 Betha-

473 5141 570 5211 vii,
597 5141 812 5209 Felicis,
851 5142 1110 5229 Aquilini,
1141 5145 1400 5218 Lethatii,
1423 5150 1721 5225 Januariaa,
1754 5156 2067 5234 Generosm,

474 5232 698 5301 Bessiae,
736 5237 958 5293 Donata:
988 5247 1045 5292 et
1093 5237 1378 5310 Secundae,
1407 5245 1510 5302 sub
1565 5247 1862 5310 Saturnino
1895 5232 2068 5325 prae?

473 5326 639 5385 lecto.
665 5326 768 5398 Qui
790 5339 912 5402 post
937 5330 1167 5401 primam
1195 5331 1398 5391 Christi
1430 5339 1827 5401 confessionem
1858 5346 1914 5403 in
1939 5362 2066 5404 car-

473 5434 656 5478 cerem
687 5423 934 5490 missi,et
958 5425 1012 5480 in
1037 5425 1183 5498 ligno
1211 5429 1434 5498 conﬁxi,
1466 5449 1624 5491 mane
1663 5437 1842 5508 gladio
1889 5439 2068 5499 decol-

472 5509 571 5569 lati
591 5522 738 5570 sunt.
761 5513 966 5573 Horum
988 5518 1231 5592 reliquiae
1245 5537 1368 5580 cum
1382 5525 1596 5584 ossibus
1614 5529 1760 5586 beati
1784 5530 2064 5605 Cypriani,
2095 5560 2100 5605 ί

472 5614 531 5664 et
557 5609 733 5680 capite
756 5613 931 5668 sancti
965 5612 1313 5676 Pantaleonis
1351 5621 1630 5692 martyris,
1660 5639 1730 5682 ex
1774 5624 1959 5685 Africa
2005 5629 2061 5686 in

545 5753 573 5782 ι
601 5740 722 5800 Ado
745 5743 801 5799 in
831 5746 1033 5804 Chron.
1071 5765 1161 5806 an.
1193 5753 1318 5810 IOI.

546 5811 848 5898 {Genuam
879 5819 944 5874 de
969 5817 1084 5898 Vir.
1112 5822 1308 5898 illust.,
1338 5843 1458 5898 cap.
1506 5828 1550 5884 l.

547 5893 569 5919 ε
605 5881 682 5940 De
706 5885 808 5942 hoc
836 5889 886 5942 in
910 5892 1075 5958 gestis
1103 5881 1307 5950 Joann.’
1339 5881 1598 5957 ctrPauli.

2197 3369 2363 3440 Cujus
2385 3370 2629 3444 reliquiae
2650 3389 2684 3430 a
2709 3374 2956 3436 ﬁdelibus
2987 3389 3196 3437 curatae
3219 3391 3364 3445 sunt.

2611 3489 2676 3547 E.
2703 3489 2818 3548 XIII
2853 3492 3013 3550 KAL.
3053 3494 3383 3556 AUGUSTI.

2847 3588 2942 3662 (20
2983 3589 3126 3666 Jul.)

2261 3699 2465 3758 Natalis
2489 3701 2637 3759 beati
2663 3701 2886 3774 Ioseph,
2924 3705 3017 3776 qui
3044 3709 3458 3779 cognominatus
3489 3714 3564 3764 est
3579 3703 3720 3761 Justus

2192 3795 2329 3868 (Act.
2355 3796 2440 3864 1):
2481 3796 2722 3869 quicum
2744 3799 2904 3856 beato
2933 3797 3190 3871 Matthia,
3235 3812 3298 3860 ut
3340 3815 3600 3860 numerum
3617 3797 3717 3854 duo-

2190 3886 2389 3943 denum
2411 3887 2663 3959 impleret
2681 3889 2751 3947 ab
2772 3891 3034 3962 apostolis
3071 3895 3354 3952 statuitur.
3404 3894 3505 3952 Sed
3543 3885 3719 3948 Matthit

2187 3979 2368 4036 locum
2401 3979 2553 4038 Iudae
2571 3984 2866 4054 proditoris
2893 3986 3176 4059 implente,
3199 3991 3392 4048 beatus
3442 3987 3619 4059 Ioseph
3655 3984 3718 4040 ni-

2186 4070 2483 4129 hilominus
2504 4076 2906 4146 praadicationis
2935 4088 2991 4136 et
3010 4084 3322 4140 sanctitatis
3373 4082 3540 4139 oﬁlcio
3583 4079 3719 4135 inser-

2184 4162 2361 4230 viens,
2392 4163 2727 4238 multamque
2765 4185 2865 4242 pro
2887 4169 3090 4229 Christi
3145 4174 3255 4232 ﬁde
3298 4171 3718 4247 persecutionem:

2183 4250 2385 4312 Judaais
2411 4257 2712 4327 sustinens,
2737 4259 3190 4324 victoriosissimo
3212 4266 3322 4324 ﬁne
3341 4267 3396 4323 in
3414 4265 3584 4323 Iudaea
3607 4259 3719 4334 quie-

2184 4343 2282 4401 vit.
2311 4345 2390 4402 De
2414 4363 2524 4420 quo
2554 4350 2793 4409 refertur
2823 4357 2967 4426 quod
2995 4373 3269 4418 venenum
3303 4362 3514 4426 biberit,
3565 4367 3614 4415 et
3653 4355 3718 4412 ni-

2184 4436 2261 4528 hil
2326 4453 2396 4496 ex
2451 4439 2558 4498 hoc
2609 4442 2766 4502 triste
2810 4449 3117 4520 pertulerit,
3179 4463 3406 4528 propter
3449 4449 3637 4511 Domini
3671 4447 3718 4504 ll-

2183 4527 2330 4586 dem.

2260 4623 2500 4696 °-Apud
2553 4625 2900 4700 Damascum,
2949 4636 3148 4694 natalis
3192 4647 3506 4698 sanctorum
3547 4627 3713 4694 Sabini.

2180 4710 2484 4786 Maximini,
2505 4716 2727 4790 Juliani,
2747 4717 3031 4795 Macrobii,
3064 4727 3259 4799 Cassii,
3284 4729 3479 4788 Paulae.
3498 4741 3607 4786 cum
3625 4721 3715 4780 aliis

2179 4805 2388 4864 decem.

2602 4901 2667 4960 F.
2697 4904 2788 4962 XII
2818 4907 2976 4966 KAL.
3007 4910 3335 4974 AUGUSTI.

2814 4998 2900 5072 (at
2986 5001 3129 5077 Jul.)

2248 5080 2486 5142 Danielis
2509 5089 2810 5159 prophetae.
3115 5135 3121 5141 .
3155 5158 3157 5161 τ

2245 5173 2456 5244 Romae,
2478 5179 2661 5236 natale
2691 5179 2750 5238 S.
2801 5182 3034 5245 Paxedis
3065 5189 3316 5263 virginis.
3355 5190 3481 5248 Haec
3501 5201 3611 5248 cum
3647 5196 3713 5241 ω-

2171 5280 2298 5322 rore
2325 5282 2421 5324 sua
2445 5267 2772 5331 Potentiana
2810 5291 2843 5332 a
2875 5279 3223 5340 sanctissimo
3276 5292 3433 5356 patre
3491 5279 3712 5339 Ριιιιοιιιει

2171 5358 2265 5430 qui
2286 5357 2391 5416 fuit
2409 5360 2633 5421 edoctus
2658 5365 2714 5422 in
2737 5366 2844 5426 ﬁde
2862 5371 2930 5428 ab
2956 5376 3201 5445 apostolo
3265 5366 3470 5445 Paulo,
3494 5375 3547 5432 in
3593 5365 3712 5428 omni

2169 5454 2421 5513 castitate
2448 5467 2504 5513 et
2530 5459 2651 5534 lege
2675 5462 2859 5521 divina
2899 5469 3134 5540 erudita,
3171 5481 3298 5546 post
3340 5453 3610 5548 transitum
3641 5475 3712 5535 μ’

2171 5548 2364 5617 rentis,
2379 5551 2577 5624 vigiliis
2595 5563 2653 5612 et
2661 5557 3002 5620 orationibus
3015 5572 3178 5638 atque
3193 5565 3414 5637 jejuniis
3430 5561 3627 5622 assidue
3637 5569 3710 5612 va-

2168 5653 2321 5710 cans,
2351 5658 2515 5704 omne
2539 5649 2924 5720 patrimonium
2941 5669 3100 5716 suum
3128 5658 3290 5718 simul
3321 5672 3444 5722 cum
3471 5652 3706 5730 Ρηάκυο

2239 5777 2266 5864 (ξ
2294 5777 2552 5864 Eidelib:
2584 5785 2652 5844 de
2671 5787 3034 5864 Fest.‘Apost.

2245 5861 2270 5890 ο
2296 5851 2494 5913 Euseb.
2524 5855 2562 5912 l.
2597 5873 2680 5929 Ill,
2712 5877 2760 5916 c.
2786 5861 2880 5918 ult.

2338 6048 2347 6055 υ
2397 6045 2406 6056 ι
2429 6049 2474 6068 ν
