3962 6366
245 433 410 492 '305

992 424 1594 486 MARTYROLOGIUM
1631 426 1776 486 CUM
1812 424 2344 482 ADDITAMENTIS.
2384 455 2451 466 —-
2490 424 2696 480 MENS.
2740 425 2883 481 JUl..

3469 429 3573 486 306

294 553 459 608 beata
484 560 673 604 sorore
706 545 758 600 in
804 543 1196 600 sustentatione
1246 556 1543 615 pauperum
1586 551 1638 598 et
1679 540 1884 598 Christi
1909 543 1963 602 Α
1989 549 2097 596 tem
2122 539 2381 594 Irenaeum
2411 537 2652 603 nomine,
2681 532 2837 607 cujus
2858 535 2999 593 ﬁlius
3027 549 3146 594 erat
3173 553 3370 596 caecus.
3399 542 3574 609 Quem

291 636 927 710 sanctorumv.erogavit.
967 635 1029 692 In
1068 634 1226 692 titulo
1253 649 1386 692 vero
1417 649 1579 706 quem
1605 643 1761 705 pater
1783 647 1884 688 ea-

289 753 422 794 rum
445 733 680 799 Pudens,
712 731 930 788 nomine
955 729 1104 787 beati
1152 729 1398 786 Pastoris
1441 727 1733 796 dedicavit,
1774 743 1885 784 una

288 844 420 886 cum
470 825 702 884 concilio
728 825 790 880 Β.
822 823 907 880 Pii
937 823 1085 880 sedis
1129 820 1443 893 apostolicae
1471 821 1740 892 episcopi,
1764 819 1885 877 fon-

287 929 407 978 tem
435 917 692 992 baptismi
737 925 1062 974 construere
1109 930 1268 972 soror
1299 923 1358 972 et
1405 915 1522 986 ipsa
1547 914 1794 982 studens,
1822 923 1885 970 ut

287 1012 500 1069 familia
547 1025 736 1067 earum
793 1009 883 1065 die
951 1016 1140 1064 sancto
1193 1007 1423 1065 Pascha:
1487 1008 1878 1079 baptizaretur.

285 1103 443 1170 Quos
481 1101 550 1157 ad
593 1100 884 1173 nonaginta
919 1115 1016 1156 sex
1057 1115 1286 1156 numero
1323 1099 1707 1167 manumissos,
1746 1101 1882 1157 bea-

287 1202 382 1249 tus
407 1193 536 1248 Pius
583 1192 739 1264 aquis
786 1191 1116 1274 salutaribus
1151 1191 1342 1248 abluit.
1389 1190 1518 1248 lude
1558 1201 1678 1264 post
1716 1193 1879 1248 innu-

284 1302 442 1344 mera
468 1285 688 1358 pietatis
725 1299 912 1357 opera,
955 1292 1080 1356 post
1131 1284 1424 1340 multorum
1468 1292 1771 1358 martyrum
1797 1300 1882 1342 se-

282 1379 538 1451 pulturas
558 1378 726 1451 (inter
747 1392 885 1448 quos
919 1377 1138 1432 beatum
1170 1375 1563 1448 Symmetrium
1588 1376 1875 1448 presbyte-

284 1487 414 1528 rum
439 1485 564 1527 cum
604 1468 724 1526 aliis
772 1467 964 1540 viginti
994 1469 1204 1524 duobus
1232 1467 1374 1538 apud
1415 1467 1654 1524 Titulum
1682 1482 1880 1537 supra-

282 1563 495 1618 dictum
549 1560 802 1616 manibus
842 1560 956 1615 suis
1009 1559 1302 1632 sepelivit),
1351 1560 1443 1630 qui
1485 1574 1584 1631 per
1628 1559 1877 1631 martyrii

283 1655 525 1728 palmam
585 1655 655 1709 ad
711 1668 879 1726 regna
930 1653 1196 1709 caelorum
1237 1653 1568 1709 transierant
1621 1669 1635 1706 :
1684 1653 1877 1708 eadem

287 1748 600 1806 beatissima
651 1747 807 1818 virgo
850 1747 1101 1818 migravit
1145 1748 1214 1802 ad
1266 1747 1573 1810 Dominum,
1622 1761 1876 1802 coronam

280 1841 505 1912 justitiaa
534 1849 844 1911 receptura,
883 1856 960 1895 xu
1004 1839 1230 1895 Kalend.
1276 1840 1526 1910 Augusti.
1566 1838 1787 1910 Sepulta
1817 1838 1874 1894 in

1993 633 2060 688 ad
2094 647 2154 688 se
2185 631 2501 703 perductum
2531 630 2672 686 facto
2717 632 2870 702 signo
2898 631 3075 688 crucis
3117 631 3472 701 illuminavit,
3519 647 3576 692 at

1988 738 2096 794 que
2123 731 2374 796 parentes
2399 713 2544 779 illius
2565 714 2905 794 postmodum
2923 724 3236 795 baptizavit.
3269 713 3574 786 MatrOnam

1989 832 2119 874 vero
2163 817 2441 888 cujusdam
2490 817 2690 873 tribuni
2743 816 2973 872 militum
3020 817 3240 874 nomine
3297 819 3572 890 Theclam,

1988 927 2107 984 quae
2133 912 2381 985 plurimis
2405 912 2560 968 annis
2582 900 2903 982 gravissima
2926 911 3210 968 tenebatur
3233 911 3573 982 inﬁrmitate,

1988 1020 2112 1060 cum
2144 1005 2197 1060 in
2239 1003 2458 1060 nomine
2509 1003 2721 1059 Domini
2750 1003 2922 1061 nostri
2948 1003 3075 1060 Jesu
3102 1003 3328 1070 Christi,
3353 1021 3577 1062 manum

1987 1098 2399 1170 apprehendens
2426 1096 2560 1165 ejus,
2595 1097 2662 1153 de
2689 1096 2832 1152 lecto
2864 1103 3110 1152 sanatam
3158 1097 3444 1164 erexisset,
3477 1098 3575 1154 tri-

1985 1190 2189 1246 bunum
2215 1205 2340 1247 cum
2361 1204 2531 1245 uxore
2551 1189 2762 1255 eadem,
2793 1197 2850 1244 et
2876 1187 3014 1243 ﬁlios
3042 1203 3108 1245 ac
3135 1188 3400 1246 familiam
3431 1191 3575 1262 ipso-

1986 1299 2107 1338 rum
2138 1283 2192 1338 in
2215 1282 2491 1338 Christum
2520 1282 2803 1339 credentes
2847 1281 3163 1355 baptizavit.
3204 1285 3263 1340 in
3291 1285 3446 1357 cujus
3471 1287 3574 1342 do-

1984 1391 2074 1431 mo
2104 1375 2444 1446 postmodum
2495 1375 2638 1430 intra
2691 1376 2880 1431 urbem
2931 1375 3249 1431 Ravennam
3288 1377 3484 1433 missas
3517 1360 3578 1434 et

1981 1469 2306 1540 baptismata
2333 1469 2527 1540 agebat
2569 1484 2692 1525 cum
2724 1468 3002 1538 discipulis
3023 1469 3135 1526 suis
3158 1484 3258 1542 per
3287 1469 3574 1527 duodecim

1983 1577 2176 1618 annos.
2224 1561 2506 1617 Ordinavit
2557 1571 2739 1617 autem
2769 1562 2904 1617 duos
2929 1563 3298 1634 presbyteros,
3327 1561 3576 1620 Adhere-

1980 1659 2095 1706 tum
2135 1659 2190 1707 et
2236 1650 2556 1708 Caloccrum
2590 1671 2604 1708 :
2656 1651 2978 1709 Martianum
3009 1669 3138 1709 vero
3166 1653 3563 1710 nobilissimum

1978 1743 2179 1809 virum,
2209 1753 2265 1798 et
2288 1743 2617 1800 Leucadium
2665 1745 3046 1816 philosophum
3081 1746 3364 1814 diaconos,
3391 1755 3449 1802 et
3473 1761 3572 1804 sex

1977 1837 2207 1895 clericos
2227 1839 2436 1904 statuit,
2486 1855 2610 1894 cum
2655 1839 2853 1910 quibus
2889 1839 2977 1895 die
3019 1850 3285 1911 nocteque
3331 1841 3572 1912 psalmos

283 1931 602 1987 cmmeterio
648 1930 930 1995 Priscillae,
982 1931 1071 1986 via
1119 1929 1374 1997 Salaria,
1417 1931 1575 2000 juxta
1623 1921 1868 1987 sororem
1898 1925 1949 1988 B
1978 1930 2231 1986 canebat.
2287 1929 2712 2001 Nuntiatumque
2777 1940 2863 1986 est
2925 1931 3052 1988 duci
3100 1931 3415 1988 Saturnino.
3465 1931 3572 2002 Qui

280 2039 434 2080 suam
461 2031 624 2094 atque
642 2032 890 2080 sanctum
911 2033 1123 2094 patrem
1165 2023 1468 2079 Pudentem
1506 2023 1703 2095 posita.

350 2115 557 2172 Eodem
603 2114 692 2170 die
732 2115 787 2170 in
833 2114 1046 2181 Galliis,
1095 2115 1316 2170 civitate
1359 2114 1620 2184 Massilia,
1673 2117 1871 2173 natalis

280 2209 340 2266 S.
377 2208 633 2265 Victoris.
666 2208 769 2277 Qui
816 2208 1198 2281 persecutione
1242 2208 1564 2265 Diocletiani
1610 2218 1665 2266 et
1698 2209 1869 2267 Maxi-

279 2302 470 2368 miani,
500 2316 627 2358 cum
671 2309 820 2358 esset
846 2302 1023 2370 miles,
1063 2312 1120 2360 et
1150 2316 1252 2359 nec
1287 2302 1540 2370 militare,
1575 2319 1677 2360 nec
1707 2303 1869 2361 idolis

281 2395 592 2452 sacriﬁcare
616 2395 797 2463 vellet,
843 2397 1082 2469 primum
1122 2413 1153 2453 a
1192 2397 1410 2456 tribuno
1441 2414 1541 2455 suo
1565 2399 1784 2456 Asterio
1811 2400 1868 2456 in

286 2502 558 2543 carcerem
583 2496 786 2555 trusus,
838 2491 935 2546 sed
962 2493 1109 2548 omni
1143 2501 1303 2550 nocte
1330 2493 1400 2549 ad
1423 2494 1782 2551 consolandos
1811 2505 1869 2553 et

289 2578 583 2636 visitandos
616 2580 858 2638 inﬁrmos
895 2583 964 2639 ab
1011 2583 1204 2654 angelo
1247 2585 1476 2642 eductus
1523 2593 1628 2642 est.
1666 2587 1869 2647 Deinde

288 2670 438 2742 jussu
465 2670 706 2742 Eutychii
727 2672 989 2744 praefecti,
1037 2676 1260 2733 retortis
1286 2677 1547 2746 brachiis,
1580 2679 1714 2736 loris
1739 2682 1868 2738 sub-
1900 2726 1912 2733 .

289 2760 470 2816 tilibus
487 2760 698 2833 ligatus,
724 2771 780 2819 et
822 2764 1052 2836 pedibus
1082 2764 1210 2824 fune
1249 2770 1602 2837 constrictus,
1632 2785 1731 2841 per
1753 2784 1868 2828 me-

281 2853 425 2910 diam
455 2863 661 2912 tractus
687 2864 771 2916 est
792 2858 1088 2916 civitatem.
1120 2859 1249 2918 Post
1275 2862 1391 2918 lucc
1413 2862 1648 2918 fustibus
1675 2863 1868 2918 crude-

275 2947 482 3006 lissime
501 2961 693 3018 ωερε,
716 2968 781 3009 ac
807 2969 1100 3024 suspensus
1124 2963 1179 3010 et
1192 2955 1398 3013 taureis
1422 2956 1714 3025 cruciatus,
1737 2971 1866 3013 cum

274 3045 649 3102 exbibuissent
694 3061 844 3102 aram
889 3047 944 3103 in
985 3063 1091 3118 qua
1122 3048 1475 3116 sacriﬁcaret,
1516 3057 1572 3105 et
1611 3063 1732 3106 eam
1763 3064 1865 3106 nec

273 3138 550 3208 respicere
599 3140 895 3207 sustinens,
945 3141 1013 3197 de
1066 3158 1230 3198 manu
1273 3143 1572 3199 sacerdotis
1592 3143 1743 3200 calce
1769 3157 1863 3200 ex-

271 3229 557 3298 cussisset,
586 3231 778 3302 pedem
801 3233 851 3288 ei
872 3233 1249 3304 praesesjussit
1282 3234 1466 3290 incidi.
1487 3234 1570 3290 Ad
1610 3235 1860 3291 ultimum

1971 2025 2280 2096 producens
2306 2038 2451 2090 eum,
2481 2024 2671 2080 statuit
2704 2031 2830 2082 ante
2874 2022 3162 2094 pontiﬁces
3189 2025 3430 2097 capitolii
3459 2024 3570 2081 Ra-

1972 2119 2260 2175 vennatis:
2291 2134 2322 2173 a
2351 2119 2547 2188 quibus
2581 2118 2751 2174 nimia
2803 2119 2950 2175 caede
2996 2128 3294 2186 mactatus,
3323 2118 3566 2190 eiectus-

1973 2226 2080 2284 que
2107 2212 2176 2267 ad
2205 2225 2378 2278 mare,
2404 2210 2699 2267 semivivus
2729 2209 3073 2282 relinquitur.
3111 2210 3286 2280 Quem
3313 2209 3569 2282 discipuli

1973 2303 2091 2374 ejus
2118 2303 2450 2376 colligentes,
2481 2303 2847 2360 adhibuerunt
2876 2304 2926 2359 ei
2948 2319 3158 2360 curam.
3188 2302 3320 2360 Post
3346 2316 3566 2360 menses

1972 2413 2069 2454 sex
2092 2397 2430 2453 Bonifacium
2469 2396 2864 2453 nobilissimum
2915 2397 3118 2464 virum,
3149 2397 3245 2469 qui
3275 2399 3564 2454 obmutue-

1971 2497 2077 2556 rat,
2109 2498 2398 2545 sanaturus
2430 2489 2498 2543 ad
2528 2489 2747 2547 domum
2771 2487 2890 2560 ejus
2937 2489 3182 2557 veniens,
3206 2489 3437 2560 puellam
3463 2489 3565 2546 im-

1969 2583 2230 2640 mundum
2284 2582 2532 2654 spiritum
2581 2583 2894 2651 habentem,
2946 2583 3142 2641 deinde
3198 2583 3562 2654 Bonifacium,

1969 2674 2151 2730 soluto
2173 2673 2388 2730 vinculo
2433 2673 2628 2746 linguae
2665 2673 2806 2744 ejus,
2866 2675 3099 2731 sanavit.
3139 2674 3239 2731 Ubi
3281 2676 3566 2748 quingenti

1967 2769 2217 2827 homines
2243 2767 2462 2824 Christo
2491 2768 2864 2826 crediderunt.
2917 2767 3042 2842 Non.
3065 2776 3188 2841 post
3218 2768 3419 2826 multos
3445 2769 3564 2827 dies

1969 2879 2000 2919 a
2029 2864 2253 2936 paganis
2274 2871 2475 2930 tentus,
2528 2870 2584 2918 et
2631 2863 2938 2920 diutissime
2971 2863 3208 2921 fustibus
3243 2879 3419 2922 cresus
3451 2873 3560 2931 est,

1969 2970 2036 3012 ac
2078 2955 2238 3011 nudis
2283 2954 2510 3026 pedibus
2550 2969 2714 3026 super
2757 2969 2964 3025 prunas
3003 2955 3313 3027 impositus,
3341 2964 3399 3012 et
3424 2956 3554 3013 inde

1968 3049 2038 3104 ab
2084 3047 2216 3103 urbe
2245 3046 2450 3118 pulsus.
2510 3045 2620 3102 Sed
2668 3062 2778 3103 non
2824 3047 2984 3121 longe
3009 3063 3041 3104 a
3076 3063 3234 3104 muro
3286 3046 3565 3104 habebant

1967 3136 2264 3193 Christiani
2319 3137 2612 3208 tugurium,
2667 3138 2759 3194 ubi
2809 3138 3005 3194 missas
3047 3139 3307 3206 faciebat,
3333 3139 3388 3196 in
3420 3140 3562 3196 mari

1967 3244 2100 3286 vero
2131 3229 2442 3301 baptizabat
2471 3247 2484 3284 :
2530 3228 2712 3300 ibique
2743 3230 2997 3286 timentes
3031 3231 3204 3288 Deum
3239 3232 3304 3287 de
3332 3229 3562 3287 faculta-

269 3323 328 3379 in
349 3297 695 3402 confessione
716 3297 1033 3395 persistens,
1065 3297 1264 3382 missus
1285 3327 1439 3382 estin
1465 3325 1661 3382 molam
1692 3327 1862 3398 pisto-
1887 3297 1934 3360 θ
1970 3325 2116 3383 tibus
2168 3297 2282 3380 suis
2339 3297 2724 3380 ministrabant
2771 3325 2842 3382 ei.
2901 3325 3028 3390 Post
3065 3326 3330 3398 plurimos
3379 3341 3555 3384 annos

269 3413 434 3479 riam,
466 3413 521 3469 in
551 3429 658 3485 qua
683 3429 929 3486 sparsum
952 3431 1181 3488 granum
1203 3417 1466 3488 vertigine
1478 3417 1730 3474 animalis
1749 3433 1860 3473 ma-

269 3505 448 3562 cerari
475 3504 653 3562 solet:
695 3515 859 3577 atque
900 3507 977 3562 ita
1017 3507 1308 3574 contritus,
1349 3508 1670 3580 martyrium
1725 3525 1857 3565 con-

271 3599 585 3656 summavit.
609 3599 764 3657 Passi
785 3611 911 3658 sunt
933 3618 1056 3659 cum
1070 3618 1136 3659 eo
1159 3611 1269 3659 tres
1291 3603 1511 3672 milites,
1528 3604 1855 3674 Alexander,

276 3691 602 3760 Felicianus,
628 3701 685 3749 et
709 3693 1005 3767 Longinus.
1031 3695 1134 3764 Qui
1161 3696 1290 3752 dum
1327 3711 1454 3752 eum
1483 3705 1749 3754 nocturno
1779 3699 1859 3754 si-

278 3786 444 3842 lentio
469 3787 522 3842 in
549 3802 772 3844 carcere
815 3790 1174 3856 custodirent,
1202 3789 1550 3846 visitantibus
1582 3791 1734 3846 illum
1758 3807 1855 3847 an-

270 3877 411 3950 gelis
447 3880 670 3946 sanctis,
709 3889 860 3937 tanto
904 3881 1167 3938 claritatis
1214 3881 1424 3954 fulgore
1477 3883 1857 3953 obstupefacti,

269 3979 440 4041 atque
463 3971 532 4027 ad
572 3972 689 4044 ejus
731 3988 906 4044 genua
948 3973 1237 4045 provoluti,
1293 3973 1581 4031 credentes
1623 3979 1677 4030 in
1704 3975 1861 4031 Chri-

266 4070 420 4118 stum
447 4071 605 4118 nocte
631 4063 890 4118 eademin
905 4064 1042 4119 mari
1062 4064 1324 4136 baptizati
1350 4073 1505 4132 sunt;
1531 4073 1584 4120 et
1611 4066 1858 4136 sequenti

231 4155 383 4218 'die,
415 4163 540 4211 ante
586 4155 1113 4212 consummationem
1158 4156 1222 4210 B.
1255 4159 1528 4230 martyris,
1571 4156 1753 4229 gladio
1775 4158 1858 4228 ju-

265 4246 465 4320 gulati.
489 4246 631 4304 Puer
679 4263 894 4320 quoque
927 4249 1276 4317 Deutherius,
1309 4253 1403 4323 qui
1428 4251 1562 4308 dum
1590 4253 1658 4308 ad
1681 4253 1861 4326 sepul-

264 4355 430 4396 crum
458 4339 577 4414 ejus
603 4350 808 4410 oraret,
833 4342 1015 4399 emisit
1043 4351 1098 4398 et
1119 4344 1392 4414 spiritum.

704 4457 768 4517 G.
813 4457 884 4514 XI
910 4458 1068 4515 KAL.
1105 4458 1431 4518 AUGUSTI.
1502 4519 1504 4521 ,

929 4552 1025 4624 (22
1050 4551 1192 4624 Jul.)

341 4655 371 4684 ι
400 4641 604 4700 Natalis
629 4643 688 4700 S.
721 4643 904 4701 Maria:
923 4644 1272 4716 Magdalenae.

340 4736 410 4792 Et
463 4737 637 4793 beatae
683 4737 1008 4811 Syntyches,
1061 4755 1182 4810 qua:
1210 4738 1473 4812 Philippis
1525 4741 1728 4799 dormit
1768 4757 1857 4800 se-

259 4828 418 4902 pulta
453 4847 467 4882 :
496 4827 566 4885 de
604 4845 710 4901 qua
741 4831 930 4888 beatus
967 4832 1241 4902 apostolus
1266 4831 1466 4890 Paulus
1498 4833 1688 4890 scribit
1728 4832 1857 4890 Phi-

260 4923 604 4994 lippensibus
629 4938 645 4979 :
675 4923 934 4980 Evodiam
961 4943 1085 4995 rogo
1110 4968 1125 4991 ,
1177 4935 1227 4982 et
1258 4926 1558 4999 Syntychen
1604 4928 1855 4998 deprecor

258 5014 496 5084 idipsum
521 5031 702 5086 sapere
728 5016 784 5070 in
814 5015 1039 5072 Domino
1066 5013 1233 5085 (Phil.
1262 5018 1356 5090 tv).

336 5108 555 5180 Ancyra
583 5106 834 5177 Galatiae,
863 5110 1061 5166 natalis
1089 5110 1262 5166 sancti
1285 5109 1530 5168 Platonis
1555 5110 1845 5183 martyris:

237 5194 423 5274 cujus
456 5212 608 5274 gesta
634 5203 920 5261 habentur.
1006 5248 1008 5250 .

691 5321 759 5378 A.
806 5321 858 5378 x
885 5320 1041 5378 KAL.
1079 5318 1417 5392 raucus“.

914 5417 1007 5479 (25
1040 5415 1182 5488 Jul.)

336 5536 366 5578 ιι
415 5534 570 5608 Apud
593 5535 931 5600 Ravennam,
956 5533 1140 5590 natale
1178 5532 1350 5590 sancti
1373 5532 1699 5605 Apollinaris
1726 5535 1844 5604 epi-

258 5629 435 5702 scopi.
477 5617 576 5686 Hic
599 5628 784 5685 Romae
818 5629 1097 5684 ordinatus
1133 5643 1163 5682 a
1191 5627 1350 5684 beato
1369 5626 1536 5683 Petro
1577 5626 1846 5698 apostolo,

259 5723 582 5779 Ravennam
629 5721 868 5777 directus
915 5707 1018 5776 est.
1047 5717 1150 5776 Ubi
1178 5735 1302 5776 cum
1351 5719 1710 5790 pervenisset,
1736 5734 1844 5776 non

257 5813 424 5885 longe
450 5811 520 5868 ab
540 5811 673 5868 urbe
708 5811 963 5867 Ravenna
993 5812 1191 5867 mansit
1217 5811 1359 5882 apud
1384 5811 1674 5882 quemdam
1702 5811 1814 5868 mili
1836 5842 1845 5848 -

337 5936 365 5966 α
388 5922 526 5982 Vide
546 5924 638 5982 lib.
677 5925 745 5982 de
763 5925 908 5982 Fest.
949 5926 1134 5996 Apost.

1884 4671 1938 4735 D

1936 4811 2179 4867 carcere
2225 4795 2502 4862 horriﬁco,
2545 4805 2708 4867 atque
2749 4796 2807 4852 in
2842 4796 2992 4870 ligno
3039 4794 3260 4853 extendi
3298 4815 3311 4852 :
3355 4797 3448 4854 ubi
3475 4799 3546 4856 ab

1965 3414 2135 3470 etiam
2157 3414 2226 3469 ad
2258 3412 2536 3469 IEmiliam
2581 3416 2826 3485 perrexit
2861 3417 3086 3473 verbum
3115 3416 3328 3473 Domini
3362 3417 3560 3488 praedi-

1963 3521 2134 3573 care,
2193 3506 2398 3564 faciens
2450 3508 2648 3564 multas
2696 3509 2925 3566 virtutes
2983 3510 3039 3566 in
3084 3511 3306 3568 nomine
3337 3510 3557 3567 Domini

1964 3596 2138 3652 nostri
2165 3596 2294 3654 Jesu
2315 3598 2535 3654 Christi.
2570 3598 2839 3671 Tempore
2875 3615 2982 3670 quo
3008 3615 3261 3658 reversus
3292 3611 3394 3668 est,
3427 3601 3555 3658 Ruﬁ

1962 3688 2183 3745 Patricii
2217 3688 2382 3744 ﬁliam
2408 3705 2460 3752 ,a
2502 3698 2680 3746 morte
2714 3691 2962 3764 corporis
3016 3693 3335 3759 suscitavit,
3388 3708 3555 3764 quam

1963 3782 2183 3840 Christo
2213 3783 2478 3855 virginem
2525 3782 2784 3852 ﬁrmavit,
2821 3793 2997 3840 matre
3025 3800 3149 3841 cum
3192 3785 3393 3841 familia
3419 3801 3552 3858 pro-

1964 3875 2158 3931 miscui
2179 3889 2340 3932 sexus
2358 3876 2612 3931 trecentis
2637 3884 2872 3947 quatuor
2890 3877 3198 3948 baptizatis.
3221 3876 3551 3954 Perventum

1962 3977 2047 4023 est
2076 3977 2256 4024 autem
2279 3969 2344 4024 ad
2367 3965 2640 4024 Caesarem
2671 3967 2738 4023 de
2758 3969 2917 4024 beato
2945 3968 3084 4033 viro,
3117 3976 3174 4024 et
3193 3968 3335 4039 quod
3359 3969 3553 4027 domus

1965 4057 2087 4113 Ruﬁ
2113 4057 2340 4114 Patricii
2367 4059 2613 4116 obediret
2638 4058 2877 4116 Christo.
2916 4059 2984 4115 Et
3018 4061 3241 4117 mittens
3263 4058 3408 4116 Rufo
3429 4073 3552 4117 suc-

1965 4165 2259 4217 cessorem,
2301 4151 2520 4221 scripsit
2548 4143 2766 4209 Vicario
2790 4153 3047 4225 prayt‘ecto
3073 4152 3317 4224 praetorii
3347 4151 3552 4209 Massa-

1961 4243 2094 4310 lino,
2139 4252 2316 4299 utaut
2345 4243 2450 4300 diis
2495 4245 2784 4301 inclinaret
2810 4245 3196 4318 Apollinarem,
3249 4253 3346 4302 aut
3389 4245 3551 4318 longe

1961 4335 2016 4390 in
2041 4335 2291 4391 exsilium
2320 4335 2648 4393 traderetur.
2695 4336 2868 4405 Quem
2899 4339 3228 4394 accersitum
3275 4337 3548 4407 Vicarius,

1960 4436 2084 4498 post
2104 4428 2583 4501 interrogationem
2617 4437 2839 4485 exutum
2863 4436 3014 4485 veste
3041 4430 3214 4502 virgis
3237 4431 3371 4487 caedi
3395 4430 3548 4500 fecit,

1961 4528 2018 4574 et
2060 4535 2202 4591 aqua
2240 4519 2498 4576 bulliente
2541 4520 2728 4592 plagas
2774 4519 2893 4590 ejus
2925 4519 3176 4587 infundi,
3221 4528 3279 4576 et
3317 4522 3550 4594 equuleo

1963 4627 2284 4682 suspensum
2329 4613 2592 4684 torqueri,
2626 4626 2691 4668 ac
2725 4625 2860 4668 saxo
2901 4625 2966 4668 os
3006 4611 3126 4683 ejus
3155 4613 3441 4681 contundi,
3492 4623 3552 4672 et

1963 4721 2087 4762 cum
2124 4706 2443 4778 gravissimo
2494 4705 2626 4763 ferri
2653 4709 2892 4778 pondere
2929 4716 3218 4762 oneratum
3258 4707 3462 4764 includi
3488 4708 3550 4765 in

1957 4888 2271 4946 hominibus
2291 4887 2509 4958 quidem
2538 4887 2855 4960 negligitur,
2881 4886 2978 4943 sed
3002 4886 3072 4943 ab
3100 4886 3294 4960 angelo
3331 4885 3548 4958 publica

1955 4983 2217 5056 pascitur.
2259 4982 2466 5051 Quarto
2504 4981 2592 5039 die
2620 4981 2788 5054 judex
2837 4981 2904 5036 de
2941 4994 3162 5038 carcere
3193 4980 3543 5051 productum,

1953 5082 2296 5141 catenatum,
2347 5074 2404 5129 in
2463 5072 2588 5128 navi
2618 5073 2878 5144 positum,
2931 5071 2989 5128 in
3022 5069 3275 5128 exsilium
3319 5069 3542 5127 direxit.

1956 5166 2090 5223 Tres
2114 5174 2296 5222 autem
2327 5164 2432 5220 viri
2484 5179 2610 5221 eum
2651 5164 2718 5221 de
2750 5163 2899 5219 clero
2923 5162 3095 5219 secuti
3145 5167 3305 5227 sunt,
3353 5159 3448 5232 qui
3488 5167 3547 5216 et

1956 5256 2339 5316 ministrabant
2387 5257 2458 5311 ei.
2511 5253 2737 5312 Mortuis
2765 5268 2896 5310 vero
2942 5251 3196 5309 omnibus
3221 5256 3544 5320 tempestate

1956 5352 2122 5410 maris
2167 5359 2226 5408 et
2262 5347 2565 5420 naufragio,
2624 5348 2742 5418 ipse
2790 5361 2914 5403 cum
2965 5342 3179 5401 clericis
3225 5348 3284 5396 et
3326 5339 3540 5398 duobus

1954 5443 2218 5500 militibus
2262 5438 2459 5508 evasit,
2500 5452 2636 5510 quos
2663 5436 2883 5493 Christo
2913 5434 3059 5491 illico
3087 5430 3431 5518 consecravit
3457 5429 3543 5488 lo-

1955 5547 2039 5594 tos
2065 5550 2207 5607 aqua
2254 5533 2500 5591 salutari.
2541 5529 2610 5586 Et
2638 5529 2926 5586 transitum
2952 5526 3157 5584 faciens
3191 5532 3317 5596 post
3344 5522 3539 5581 Corin-

1949 5629 2104 5684 thum
2149 5640 2248 5698 per
2296 5624 2567 5697 Mysiam,
2621 5622 2897 5694 leprosum
2932 5626 3058 5676 cute
3109 5617 3428 5674 mundatum
3472 5615 3532 5673 in

1947 5718 2164 5776 Christo
2190 5716 2341 5773 lavit.
2370 5715 2577 5772 Deinde
2603 5715 2670 5770 ad
2717 5713 2890 5783 ripam
2915 5709 3144 5766 Danubii
3177 5709 3525 5782 perveniens.

1944 5809 2144 5867 multos
2192 5807 2298 5862 ﬁde
2342 5806 2446 5862 sibi
2472 5804 2732 5862 sociavit.
2788 5801 3260 5873 Et'quaerentibus
3290 5800 3528 5863 eumiu-

2014 5921 2044 5961 ιι
2069 5919 2203 5978 Vide
2227 5918 2322 5974 lib.
2363 5917 2430 5972 de
2457 5916 2604 5978 Fest.
2630 5916 2819 5990 Apost.
