3962 6366
500 446 606 504 507

1503 435 1557 492 S.
1602 431 1854 491 ADONIS
1893 431 2327 490 ARCHIEPISC.
2371 424 2778 489 VIENNENSIS

500 509 758 619 credulis.
785 555 1054 622 occidere,
1103 556 1156 611 in
1197 561 1381 625 partes
1415 549 1660 607 Thraciae
1681 550 1982 605 descendit.
2014 547 2083 603 Et
2110 551 2156 610 Α
2187 546 2268 602 Ob
2291 547 2416 611 hoc,
2437 545 2660 616 jubente
2682 553 2873 615 patre,
2903 541 3074 615 alapis
3100 542 3318 609 aﬂlicta,
3354 544 3720 607 verberibus-di.

499 671 625 713 cum
655 653 727 709 ibi
769 651 883 707 dies
928 649 1132 721 aliquot
1186 645 1423 711 fecisset,
1455 653 1510 700 et
1548 643 1602 699 in
1629 642 1830 714 templo
1860 642 2082 712 Serapis

498 745 786 821 praesentia
813 743 982 815 ipsius
994 740 1313 798 obticuisset
1339 738 1573 804 daemon,
1599 737 1819 792 tandem
1858 742 2084 807 rogatus

501 839 727 912 spiritus
771 850 1085 908 responsum
1137 833 1281 889 dedit
1337 845 1352 885 :
1409 831 1546 899 Quia
1596 830 1892 899 discipulus
1937 828 2081 883 Petri

501 929 731 1003 apostoli
759 927 884 984 Iesu
925 925 1125 983 Christi
1177 925 1283 979 huc
1319 924 1489 990 venit,
1532 931 1588 979 et
1634 922 1818 994 ligavit
1855 922 2084 984 me,-hic

501 1025 604 1081 nisi
634 1023 795 1078 fuerit
815 1021 883 1076 ab
907 1021 991 1076 his
1012 1019 1147 1075 locis
1171 1018 1446 1090 expulsus,
1471 1017 1624 1074 vobis
1660 1017 1788 1072 dare
1824 1032 2082 1086 responsa

501 1133 608 1174 non
635 1131 871 1189 possum.
907 1113 1199 1184 lnquisitus
1238 1113 1491 1167 inventus
1539 1121 1623 1167 est
1659 1111 1851 1166 beatus
1877 1110 2082 1180 Apolli-

499 1209 670 1273 naris,
699 1215 756 1262 et
779 1206 1054 1261 discussus
1108 1205 1412 1260 diutissime
1461 1203 1694 1259 fustibus
1734 1204 1981 1268 caaditur,
2029 1212 2084 1259 et

497 1311 670 1372 usque
707 1300 773 1354 ad
803 1313 955 1354 mare
983 1299 1276 1368 perductus
1307 1313 1336 1352 a
1369 1305 1582 1354 rectore
1609 1298 1922 1368 provinciae,
1956 1298 2081 1352 navi

496 1390 737 1448 currenti
767 1391 835 1446 ad
854 1389 1070 1446 Italiam
1102 1405 1224 1445 cum
1262 1391 1376 1445 suis
1399 1389 1716 1445 hominibus
1747 1390 2082 1460 superimpo-

493 1483 664 1540 nitur.
711 1481 900 1554 Itaqtie
955 1487 1078 1556 post
1115 1481 1332 1538 tertium
1391 1496 1590 1536 annum
1635 1480 1952 1536 Ravennam
2007 1482 2086 1535 in-

415 1613 420 1619 η
496 1575 780 1647 greditur:
815 1559 1007 1629 deinde
1037 1581 1158 1646 post
1189 1573 1304 1628 dies
1341 1573 1548 1644 aliquot
1591 1571 1770 1628 subita
1817 1574 2083 1630 seditione

493 1665 694 1730 ortain
719 1666 938 1721 civitate
965 1664 1296 1720 irruentibus
1325 1665 1570 1735 paganis,
1599 1663 1796 1736 ligatus
1815 1667 1881 1720 ad
1904 1663 2082 1720 forum

451 1756 855 1827 .perducltur:
913 1755 988 1810 ibi
1041 1770 1214 1811 caesus
1264 1769 1329 1810 ac
1373 1754 1688 1810 vnlneratus
1727 1763 1829 1811 est.
1876 1755 2085 1811 Exinde

493 1846 780 1918 pontiﬁces
807 1847 1048 1919 capitolii
1082 1855 1330 1919 egerunt,
1358 1857 1419 1903 ut
1441 1849 1507 1903 ad
1539 1847 1794 1917 templum
1821 1847 2084 1918 Apollinis

2189 638 2410 703 laniata,
2440 638 2587 695 ferro
2614 645 2830 703 onusta,
2859 637 2913 692 in
2943 650 3224 692 carcerem
3245 634 3484 704 eortjecta
3501 649 3592 694 est.
3620 641 3719 702 Post

2188 731 2292 784 hoc
2319 745 2441 784 cum
2460 727 2768 788 diutissime
2786 733 2840 782 et
2865 725 3245 784 crudelissime
3285 725 3632 800 dilaniaretur,
3671 737 3719 791 de

2186 821 2442 877 carnibus
2462 821 2577 877 suis
2593 822 2737 892 patri
2770 821 2826 878 in
2853 820 3046 878 faciem
3096 820 3347 891 prole-cit.
3386 819 3609 894 Cumque
3631 827 3720 884 alli.

2185 925 2306 986 gata
2339 926 2488 981 rotae,
2533 917 2642 988 igni
2673 917 2970 988 supposito,
3001 925 3057 972 et
3089 915 3214 972 fuso
3243 918 3471 988 desuper
3488 919 3596 976 oleo
3636 932 3719 978 tor-

2185 1013 2424 1072 reretur,
2451 1021 2744 1077 erumpens
2780 1006 2997 1062 ﬂamma
3024 1007 3174 1062 mille
3230 1007 3504 1078 gentilium
3543 1010 3720 1070 interfe-

2185 1100 2278 1154 cit.
2309 1099 2505 1154 Iterum
2532 1100 2741 1156 carceri
2769 1099 2987 1166 tradita,
3033 1099 3228 1170 angelo
3256 1099 3524 1166 visitante,
3569 1114 3718 1161 sanata

2184 1200 2267 1246 est
2294 1203 2350 1247 et
2375 1191 2596 1248 refecta.
2623 1192 2827 1248 Deinde
2857 1209 2979 1248 cum
3010 1207 3208 1263 magno
3267 1193 3381 1248 saxi
3435 1194 3643 1265 pondere
3678 1200 3715 1256 in

2185 1297 2356 1346 mare,
2386 1283 2440 1337 id
2472 1291 2556 1339 est
2604 1284 2659 1338 in
2714 1283 2888 1338 lacum
2931 1283 3218 1340 Vulsinum
3260 1281 3486 1354 jactata,
3527 1289 3720 1356 angelico

2183 1374 2436 1444 praesidio
2461 1374 2689 1429 liberata
2731 1383 2834 1430 est.
2887 1374 3059 1442 Quam
3101 1389 3390 1430 successor
3436 1379 3590 1447 patris
3633 1381 3720 1449 ejus

2184 1463 2320 1520 Dion
2347 1465 2739 1522 multisiterum
2764 1466 3041 1536 suppliciis
3065 1465 3277 1520 aﬂlixit.
3307 1465 3434 1532 Sed,
3454 1473 3717 1538 oranteilla,

2185 1558 2536 1614 simulacrum
2565 1557 2852 1629 Apollinis,
2881 1559 3025 1630 quod
3078 1560 3313 1614 adorare
3363 1558 3642 1628 jubebatur,
3680 1566 3717 1620 in

2187 1649 2423 1718 favillam
2454 1651 2634 1706 subito
2665 1651 2944 1706 redactum
2975 1658 3076 1706 est.
3103 1652 3224 1718 Quo
3253 1652 3508 1709 miraculo
3523 1655 3609 1709 tria
3632 1657 3719 1710 mil-

2183 1742 2254 1797 lia
2279 1743 2558 1798 hominum
2582 1744 2649 1798 ad
2669 1743 2829 1798 ﬁdem
2856 1743 3060 1799 Christi
3087 1759 3355 1800 conversa
3393 1757 3528 1801 sunt.
3570 1747 3718 1805 Novis-

2186 1841 2323 1897 sime
2347 1855 2630 1897 successor
2649 1838 3174 1911 praadicttJulianus,
3201 1849 3328 1910 post
3350 1839 3601 1896 fornacem
3625 1858 3715 1898 can-

495 1939 802 1996 duceretur.
859 1941 976 2009 Quo
1001 1955 1124 1996 cum
1157 1943 1516 2013 pervenisset,
1549 1942 1675 1998 data
1718 1941 1966 1998 oratione
2011 1943 2084 1998 si-
2110 1933 2160 1996 B
2189 1934 2538 2001 dentem,nbi
2553 1933 2792 2005 quinque
2805 1933 2995 1990 diebus
3013 1933 3179 1989 illaesa
3195 1936 3508 2005 permansit,
3520 1945 3619 2006 post
3635 1951 3716 1992 ser-

493 2031 797 2088 mulacrum
849 2031 1122 2099 solutum,
1182 2041 1237 2090 et
1283 2033 1543 2104 templum
1591 2035 1928 2090 destructum
1975 2042 2081 2091 est.

493 2125 698 2197 Pagani
749 2125 853 2181 hoc
893 2125 1152 2190 videntes,
1205 2126 1518 2182 clamabant
1575 2144 1589 2181 :
1657 2125 1836 2183 Senex
1885 2127 2084 2198 impius

491 2217 875 2274 interﬁciatur.
917 2219 983 2274 Et
1031 2220 1372 2276 tradiderunt
1399 2235 1521 2275 eum
1543 2220 1734 2291 judici,
1768 2220 1855 2276 cui
1886 2236 2083 2277 nomen

490 2320 611 2368 erat
637 2310 869 2378 Taurus,
899 2312 992 2384 qui
1039 2313 1274 2369 habebat
1311 2313 1480 2368 ﬁlium
1527 2311 1853 2368 naturaliter
1880 2328 2081 2370 caecum

491 2405 702 2469 natum,
731 2417 895 2476 quem
926 2405 978 2458 in
1011 2405 1228 2460 nomine
1254 2404 1460 2465 Christi
1491 2411 1709 2460 sanctus
1753 2403 2083 2476 Apollinaris

490 2496 854 2563 illuminavit,
884 2496 1070 2552 multis
1108 2497 1443 2568 stupefactis,
1477 2506 1531 2553 et
1567 2498 1843 2556 conversis
1876 2499 1943 2554 ad
1973 2499 2082 2555 Do-

491 2589 720 2645 minum.
787 2585 987 2645 Mansit
1040 2599 1220 2646 autem
1271 2590 1327 2645 in
1375 2590 1578 2662 praedio
1631 2589 1794 2646 Tauri
1838 2591 2085 2661 prtesidis

492 2681 653 2736 annis
677 2689 931 2751 quatuor.
963 2679 1095 2736 Erat
1139 2682 1285 2737 enim
1337 2682 1406 2738 ab
1431 2681 1566 2738 urbe
1603 2681 1859 2738 milliario
1901 2691 2079 2750 sexto,

489 2771 584 2829 ubi
607 2773 1006 2830 concurrebant
1059 2773 1377 2842 Christiani,
1425 2783 1481 2829 et
1525 2775 1859 2831 docebantur
1888 2775 1958 2830 ab
1995 2791 2079 2833 eo.

493 2865 562 2922 Et
590 2879 914 2938 quacunque
954 2863 1269 2921 inﬁrmitate
1291 2866 1416 2937 quis
1467 2866 1834 2930 detinebatur,
1870 2866 1938 2921 ad
1960 2882 2085 2924 eum

491 2957 789 3030 perductus
831 2959 1144 3014 sanabatur.
1191 2958 1360 3028 Igitur
1383 2957 1646 3014 invidiosa
1684 2957 1878 3014 relatio
1908 2960 2086 3029 ponti-

493 3051 659 3107 ﬁcum
703 3050 942 3121 capitolii
974 3051 1217 3106 cucurrit
1259 3051 1328 3105 ad
1367 3050 1638 3105 Caasarem
1671 3051 1932 3106 adversus
1953 3052 2084 3107 bea-

492 3149 609 3196 tum
667 3138 1054 3212 Apollinarem.
1100 3140 1204 3208 Qui
1261 3155 1383 3196 mox
1427 3141 1616 3208 edixit,
1657 3149 1714 3196 ut
1757 3141 1800 3197 si
1833 3141 1936 3197 diis
1965 3141 2087 3212 quis

493 3234 787 3290 temerario
816 3248 913 3288 ore
937 3233 1191 3304 injuriam
1235 3233 1488 3302 inferret,
1527 3244 1623 3291 aut
1659 3236 1977 3304 satisfaciat,
1997 3247 2089 3293 aut

495 3328 632 3384 urbe
655 3329 918 3398 privetur.
973 3327 1102 3396 Quae
1123 3327 1299 3397 jussio
1335 3344 1458 3384 mox
1499 3331 1772 3401 percurrit
1797 3331 1864 3387 ad
1895 3333 2087 3389 Demo-

499 3423 747 3478 sthenem
768 3420 1081 3492 patricium.
1105 3421 1226 3490 Qui,
1245 3423 1608 3493 exquisitione
1630 3425 1813 3490 missa,
1839 3434 2086 3481 sanctum

496 3513 864 3584 Apollinarem
908 3515 1010 3570 sibi
1063 3515 1309 3571 exhiberi
1347 3514 1504 3585 jubet
1557 3531 1573 3571 :
1637 3532 1797 3588 quem
1845 3519 2088 3575 auditum

499 3605 723 3660 tradidit
769 3607 824 3661 in
851 3607 1097 3662 custodia
1130 3607 1345 3662 cuidam
1371 3608 1676 3664 centurioni
1702 3607 1912 3666 occulte
1935 3611 2089 3667 Chri-

498 3699 676 3754 stiano
724 3701 971 3771 cogitans
1019 3700 1218 3770 quibus
1274 3701 1607 3758 cruciatibus
1653 3717 1776 3757 eum
1809 3703 2086 3773 perderet.

497 3788 599 3857 Qui
629 3790 804 3847 media
847 3798 1008 3846 nocte
1055 3790 1258 3846 laxavit
1307 3806 1456 3859 eum,
1487 3800 1547 3847 ut
1586 3793 1813 3864 fugeret.
1847 3792 2092 3864 Cumque

498 3881 692 3938 inisset
735 3882 962 3954 paganis
994 3882 1292 3954 cognitum,
1331 3892 1622 3953 sequentes
1650 3899 1796 3948 eum,
1829 3900 1934 3939 non
1977 3885 2092 3939 lon-

499 3985 564 4044 ge
594 3988 624 4027 a
671 3981 826 4042 porta
877 3973 1383 4042 apprehenderunt;
1429 3982 1486 4028 et
1542 3975 1730 4030 tandiu
1771 3991 1944 4032 caasus
1985 3986 2089 4044 est,

499 4077 786 4136 quousque
841 4064 1206 4120 aestimaretur
1252 4074 1517 4124 mortuus.
1577 4067 1788 4124 Exinde
1833 4071 2090 4126 collectus

495 4164 580 4210 est
616 4171 645 4208 a
675 4154 978 4224 discipulis,
1002 4163 1057 4210 et
1087 4156 1380 4226 perductus
1426 4167 1508 4212 est
1540 4158 1592 4212 in
1641 4159 1844 4226 vicum,
1895 4160 1984 4216 ubi
2018 4161 2092 4217 le-

498 4246 649 4319 prosi
679 4247 1052 4313 morabantur,
1092 4255 1148 4301 et
1175 4255 1385 4317 septem
1408 4249 1523 4304 dies
1555 4251 1874 4319 supervixit,
1903 4253 2088 4308 admo-

499 4352 636 4394 nens
686 4349 902 4409 semper
930 4338 1251 4406 Ecclesiam,
1281 4355 1350 4395 ne
1379 4356 1408 4394 a
1440 4340 1545 4397 fide
1571 4341 1772 4398 Christi
1795 4343 2088 4401 descende-

502 4442 604 4487 ret.
650 4430 728 4487 Ita
765 4443 974 4506 martyr
1001 4433 1426 4504 gloriosissimus
1471 4435 1798 4507 Apollinaris
1850 4438 1902 4494 in
1932 4439 2088 4494 laude

499 4524 702 4582 Christi
765 4526 1071 4591 defunctus,
1136 4528 1379 4598 sepultus
1432 4538 1517 4585 est
1563 4528 1698 4586 foris
1748 4547 1985 4601 murum,
2034 4541 2088 4588 et

503 4621 746 4675 clausum
797 4621 851 4674 in
897 4635 1026 4675 arca
1075 4637 1234 4677 saxea
1275 4623 1377 4678 sub
1415 4633 1555 4679 terra
1597 4639 1795 4696 corpus
1824 4625 1942 4696 ejus
1963 4628 2090 4683 mis-

500 4729 619 4770 sum
656 4724 762 4770 est.
797 4714 894 4770 Hic
919 4716 986 4770 ab
1034 4716 1360 4773 Anthiochia
1394 4729 1615 4773 secutus
1654 4719 1957 4788 apostolum
1987 4720 2093 4775 Pe-

501 4815 668 4875 trum,
701 4817 754 4864 et
801 4808 871 4864 ab
893 4810 1026 4865 urbe
1074 4809 1245 4866 Roma
1276 4810 1346 4865 ab
1371 4812 1560 4867 eodem
1609 4813 1856 4882 apostolo
1895 4814 2093 4869 missus

502 4902 845 4970 Ravennam,
872 4905 1008 4960 rexit
1036 4904 1331 4960 Ecclesiam
1346 4904 1503 4960 annis
1523 4905 1712 4978 viginti
1739 4914 1884 4973 octo,
1905 4921 2094 4964 mense

501 5010 632 5064 uno,
658 4997 846 5052 diebus
873 5006 1122 5068 quatuor.
1149 4995 1349 5053 Passus
1367 4997 1618 5052 ultimum
1643 4999 1964 5069 martyrium
1991 4997 2092 5055 sub

502 5089 835 5161 Vespasiano
863 5088 1102 5154 Caesare,
1151 5097 1207 5144 et
1249 5089 1609 5146 Demosthene
1645 5091 1895 5161 patricio,
1928 5107 1959 5145 x
1987 5091 2091 5147 Ka-

499 5181 687 5239 lendas
711 5182 962 5254 Augusti.

926 5295 987 5350 B.
1011 5293 1083 5350 IX
1111 5291 1268 5349 KAL.
1319 5291 1641 5352 AUGUSTI.

1171 5388 1264 5460 (24
1303 5388 1443 5463 Jul.)

574 5506 775 5564 Eodem
801 5506 890 5562 die
909 5506 1050 5577 apud
1104 5505 1393 5562 Italiamin
1434 5488 1598 5578 Tyro,
1646 5523 1768 5578 quae
1819 5516 1902 5564 est
1949 5509 2092 5565 circa

500 5597 677 5660 lacum
730 5598 1036 5665 Vulsinum,
1071 5597 1253 5653 natale
1303 5597 1810 5654 salictaeChristinae
1830 5601 2086 5671 virginis:

502 5706 622 5764 qua
653 5691 711 5754 in
739 5690 1016 5748 Christum
1041 5691 1293 5758 credens,
1327 5693 1457 5752 deos
1497 5708 1694 5749 aureos
1739 5691 1946 5750 Urbani
2001 5711 2093 5766 pa-

503 5787 608 5848 tris
632 5786 714 5842 sui
750 5785 987 5857 praefecti
1020 5788 1296 5848 contrivit,
1340 5797 1395 5843 et
1420 5788 1748 5859 pauperibus
1793 5790 2089 5847 distribuit.

582 5939 605 5970 ι
638 5923 716 5984 De
737 5925 824 5984 his
853 5925 908 5980 in
937 5925 1064 5984 Vita
1091 5927 1148 5982 D.
1179 5926 1578 6002 Christophori.

2186 2037 2374 2099 pentes
2394 2042 2425 2081 a
2453 2026 2700 2083 veneﬁco
2728 2026 3023 2093 immissos,
3051 2027 3146 2082 sed
3172 2027 3375 2084 Christi
3403 2027 3500 2083 ﬁde
3547 2043 3712 2098 supera-

2186 2127 2291 2184 tos,
2327 2128 2446 2190 post
2471 2119 2833 2175 abscisionem
2870 2119 3092 2191 linguae,
3139 2121 3357 2189 sagittis
3411 2135 3523 2176 eam
3569 2121 3708 2192 conﬁgi

2184 2221 2460 2285 praecepit.
2511 2213 2714 2284 Sicque
2771 2214 3022 2286 martyrii
3068 2228 3295 2270 cursum
3356 2212 3711 2279 consummavit,

2187 2318 2332 2359 anno
2354 2305 2532 2360 aetatis
2556 2320 2668 2361 sua;
2692 2305 2998 2360 undecimo.

2259 2394 2464 2463 Romae,
2488 2397 2576 2452 via
2601 2396 2907 2456 Tiburtina.
2934 2395 3192 2456 milliario
3212 2396 3420 2455 decimo
3440 2411 3584 2462 nono,
3603 2403 3712 2451 uata-
3753 2416 3758 2422 ε

2186 2490 2254 2546 lis
2279 2491 2458 2546 sancti
2480 2490 2771 2548 Vincentii.

2257 2585 2411 2656 Apud
2433 2585 2725 2641 Emeritam
2756 2585 3026 2658 Hispaniae
3055 2587 3358 2653 civitatem,
3383 2587 3559 2642 natalis
3583 2586 3710 2640 sancti

2194 2677 2422 2734 Victoris
2444 2677 2716 2744 militaris,
2748 2677 2839 2748 qui
2896 2693 3021 2734 cum
3061 2677 3277 2735 duobus
3319 2676 3562 2734 fratribus
3601 2676 3711 2731 Ster-

2187 2773 2328 2828 catio
2347 2783 2402 2830 et
2450 2772 2792 2844 Antinogeno
2841 2771 3070 2828 diversis
3107 2771 3451 2829 examinatus
3494 2766 3710 2840 suppliciis

2188 2868 2503 2939 martyrium
2543 2866 2970 2922 consummavit.-

2259 2973 2286 3002 ε
2311 2961 2512 3016 Eodem
2539 2961 2648 3026 die,
2669 2959 2868 3016 natalis
2905 2969 3219 3016 sanctarum
3275 2959 3528 3031 virginum
3561 2955 3709 3010 Niseia

2190 3058 2246 3106 et
2267 3051 2516 3121 Aquilae:
2553 3065 2675 3122 quae
2709 3051 2776 3108 ad
2824 3052 3268 3122 praedicationem
3315 3050 3478 3107 sancti
3525 3048 3710 3103 Christo.

2191 3143 2348 3214 phori
2390 3143 2668 3216 martyris,
2727 3147 2794 3200 ad
2858 3143 3132 3200 Christum
3186 3159 3475 3208 conversae,
3521 3134 3708 3208 martyrii

2191 3237 2424 3306 palmam
2449 3237 2644 3307 capitis
2681 3239 2984 3294 abscisione
3015 3247 3384 3310 sumpserunt.

2115 3303 2161 3367 θ
2193 3303 2209 3306 _
2266 3330 2335 3386 Et
2355 3331 2494 3400 apud
2515 3303 2904 3386 Amiterninam
2935 3303 3232 3396 civitatem,
3260 3331 3478 3385 militum
3499 3322 3700 3394 octoginta

2194 3424 2378 3479 trium.

2613 3534 2673 3592 C.
2710 3535 2816 3591 VIII
2841 3535 2995 3591 KAL.
3029 3535 3355 3592 AUGUSTI.

2859 3627 2952 3696 (as
2979 3628 3120 3699 Jul.)

2263 3748 2290 3787 τι
2321 3747 2527 3802 Natalis
2555 3745 2617 3801 Β.
2644 3745 2830 3802 Jacobi
2873 3745 3114 3801 Zebedaei
3140 3743 3364 3816 apostoli

2263 3839 2466 3895 Eodem
2497 3838 2582 3894 die
2604 3839 2658 3893 in
2681 3836 2867 3911 Lycia,
2891 3837 3110 3892 civitate
3133 3836 3322 3905 Samo,
3351 3833 3511 3890 sancti
3530 3827 3715 3886 Clu-isto-

2193 3933 2371 4004 pltori,
2389 3933 2481 4002 qui
2507 3931 2671 4002 virgis
2693 3928 2884 3985 ferreis
2905 3931 3147 3996 attritus,
3170 3939 3230 3986 et
3249 3946 3278 3985 a
3294 3926 3511 3985 ﬂammis
3532 3928 3714 3978 :rstuan-

2197 4027 2265 4080 tis
2298 4024 2528 4080 incendii
2565 4022 2767 4078 Christi
2791 4023 2992 4079 virtute
3014 4023 3278 4091 salvatus,
3305 4021 3371 4078 ad
3401 4019 3614 4074 ultimum
3652 4025 3714 4064 sa-

2194 4119 2450 4188 gittarum
2493 4116 2691 4172 ictibus
2722 4115 3029 4184 confossus,
3069 4117 3389 4190 martyrium
3444 4107 3610 4181 capitis
3647 4101 3715 4154 olr

2200 4214 2542 4270 truncatione
2589 4213 2894 4284 complevit.

2263 4307 2322 4363 In
2353 4307 2646 4379 Hispaniis,
2673 4307 2892 4364 civitate
2917 4306 3244 4376 Barcinona,
3270 4306 3325 4364 S.
3347 4299 3715 4362 Cucufatismar-

2199 4400 2353 4471 tyris,
2392 4399 2483 4469 qui
2514 4415 2579 4455 ex
2609 4400 2830 4455 civitate
2857 4395 3102 4454 Sillitana
3126 4399 3388 4455 oriundus
3413 4394 3523 4457 fuit,
3555 4397 3600 4444 et
3621 4385 3715 4439 Bar-

2195 4491 2404 4546 cinonae
2425 4492 2524 4546 sub
2559 4490 2775 4546 Galerio
2828 4491 3168 4562 proconsule,
3226 4499 3280 4549 et
3325 4485 3634 4545 Maximiano,
3677 4480 3715 4527 et

2194 4582 2393 4637 Rufino
2419 4599 2629 4652 passus.
2659 4583 2844 4638 Primo
2889 4584 3209 4656 gravissime
3268 4591 3438 4639 tortus
3479 4584 3526 4632 et
3565 4581 3712 4627 casus.

2121 4681 2175 4743 Β
2199 4675 2392 4730 deinde
2420 4675 2628 4730 catenis
2650 4676 2907 4732 astrictus
2931 4676 2983 4731 in
3015 4675 3276 4732 craticula
3339 4673 3712 4744 superexteusus

2200 4773 2353 4820 aceto
2375 4776 2429 4820 et
2458 4766 2630 4835 sinapi
2665 4766 2918 4837 perfusus
2963 4769 3134 4823 assari
3158 4767 3338 4838 jussus
3365 4771 3458 4820 est.
3486 4758 3598 4815 Cum
3618 4762 3713 4807 vero

2200 4857 2267 4912 ab
2300 4858 2421 4928 igne
2443 4865 2497 4912 et
2525 4857 2862 4914 ﬂammarum
2891 4859 3064 4931 globis
3093 4859 3290 4914 illmsus
3318 4850 3632 4926 apparuisset,
3665 4851 3712 4892 εἰ

2197 4957 2467 5021 prmccpto
2487 4949 2634 5021 impii
2662 4949 2860 5020 judicis
2880 4961 3035 5005 extra
3059 4951 3274 5006 civitem
3297 4949 3496 5007 ductus,
3515 4941 3558 4995 in
3579 4938 3712 5006 ignem

2201 5044 2478 5114 copiosum
2517 5045 2712 5099 iterum
2735 5045 3010 5116 projectus
3036 5052 3139 5100 est.
3170 5044 3285 5112 Quo
3310 5038 3482 5096 divino
3502 5039 3610 5086 nutu
3645 5037 3712 5076 el-

2197 5137 2417 5203 stincto,
2435 5136 2629 5192 iterum
2649 5134 2790 5192 ferro
2803 5136 3017 5191 vinctus
3035 5137 3088 5191 in
3103 5134 3398 5192 custodiam
3415 5119 3711 5182 retrususest.

2197 5231 2290 5287 ubi
2320 5232 2503 5287 divino
2532 5231 2816 5302 splendore
2838 5231 3172 5310 consolatur.
3208 5230 3403 5286 Iterum
3445 5215 3601 5310 cardis
3633 5207 3712 5260 fet“

2201 5324 2307 5379 reis
2333 5333 2388 5379 et
2408 5324 2611 5380 taureis
2631 5324 3006 5380 crudelissime
3031 5307 3226 5390 means,
3264 5323 3317 5378 in
3340 5317 3534 5376 ultimo,
3560 5307 3712 5400 dicta-la

2198 5417 2486 5482 sententia,
2533 5415 2854 5472 Cucufatem
2907 5415 3160 5473 rebellem
3206 5412 3510 5488 principum,
3550 5406 3595 5453 et
3637 5391 3713 5490 diis

2197 5508 2506 5564 sacriﬁcare
2531 5509 2824 5574 nolentem,
2867 5507 3045 5580 gladio
3068 5477 3221 5564 feriri
3232 5506 3407 5579 jubet;
3438 5503 3604 5556 octavo
3623 5477 3712 5538 mi“

2200 5603 2355 5659 liario
2375 5619 2405 5657 a
2433 5603 2737 5658 Bareinona
2776 5602 3069 5673 perductus
3097 5602 3344 5672 ferroque
3373 5581 3712 5680 animat-h't‘lrflIs

2200 5697 2522 5768 martyrium
2545 5695 2961 5753 consummavit.
2997 5695 3162 5766 Cujus
3196 5705 3385 5762 corpus
3430 5700 3456 5738 a
3504 5675 3710 5768 Christia-

2199 5792 2282 5846 nis
2306 5767 2427 5846 cum
2460 5789 2761 5845 reverentia
2785 5788 3060 5858 sepelitur.
3081 5786 3234 5846 Unde
3253 5774 3563 5857 postmodum
3585 5767 3712 5816 trant-

2258 5923 2289 5970 δ
2320 5928 2454 5988 Vide
2471 5926 2566 5983 lib.
2599 5927 2666 5984 de
2691 5926 2840 5986 Fest.
2872 5926 3062 6002 Apost.
3085 5924 3340 5983 Prudent.
3363 5918 3532 5989 bymn-
3553 5896 3584 5955 ‘
