3962 6366
193 360 325 425 809

926 367 1528 429 MARTYROLOGIUM
1564 370 1710 450 CUM
1745 332 2279 437 ADDITAMIENTIS.
2310 412 2381 423 —
2419 382 2624 443 MENS.
2660 384 2805 445 JUL.

3396 390 3501 448 510

198 483 391 563 latum
412 524 428 552 ,
471 496 580 540 non
605 480 763 556 longe
787 496 818 538 a
853 480 1187 539 Parisiorum
1213 484 1452 553 civitate,
1482 485 1538 542 in
1566 487 1813 543 ecclesia
1838 498 1890 560 Α
1918 497 2032 546 tum
2063 491 2117 547 in
2152 492 2373 551 basilica
2419 511 2582 568 quam
2632 499 2749 571 ipse
2795 502 3100 559 construxit
3145 503 3232 561 via
3260 504 3497 576 Aurelia,

194 576 501 636 beatorum
534 585 831 649 martyrum
856 575 1119 649 Dionysii,
1174 576 1408 645 Rustici,
1454 585 1509 634 et
1554 576 1813 637 Eleuthe—

186 666 306 739 ‘rii,
335 683 464 727 cum
485 668 693 724 honore
710 666 1033 723 tumulatum
1057 676 1159 724 est.

283 774 317 805 ι
338 761 547 819 Eodem
561 760 649 818 die
667 758 914 831 Parisiis,
940 760 1209 834 depositio
1230 764 1404 820 sancti
1420 758 1677 823 Germani
1699 766 1815 838 epi-

201 854 393 926 scopi.

284 944 473 1016 ﬂetis,
510 944 709 1004 natalis
734 943 794 1002 S.
816 945 1159 1004 Giodesindis
1181 948 1426 1020 virginis.

588 1106 607 1118 .
636 1055 701 1113 Ι).
734 1056 827 1113 VII
854 1057 1013 1113 KAL.
1049 1058 1378 1117 AUGUSTI.

889 1151 977 1225 (ac
1016 1152 1158 1223 Jul.)

284 1238 480 1298 Romae
533 1238 586 1298 in
623 1241 815 1312 Portu,
868 1245 1049 1301 natale
1112 1244 1287 1302 sancti
1333 1240 1656 1320 Hyacinthi,
1713 1249 1813 1307 sub

207 1333 491 1392 consulari
543 1336 787 1402 Leontio,
818 1335 1060 1393 Luxurio
1095 1338 1273 1408 primo
1321 1338 1559 1395 civitatis
1614 1338 1815 1394 Tarra-

210 1427 358 1483 cina:
401 1427 666 1483 tradente.
721 1427 847 1496 Qui,
888 1428 1087 1486 missus
1118 1432 1172 1486 in
1205 1432 1404 1503 ignem,
1458 1433 1607 1490 nullo
1652 1434 1813 1491 modo

209 1519 342 1576 laedi
368 1519 546 1590 potuit
576 1539 589 1575 :
625 1519 749 1578 inde
775 1522 1146 1594 praecipitatus
1180 1541 1235 1579 in
1279 1523 1675 1583 validissimum
1706 1535 1816 1582 tor-

216 1618 454 1675 rentem,
505 1611 793 1668 incolumis
825 1612 1028 1683 ejectus
1076 1623 1162 1671 est
1200 1615 1268 1671 ad
1323 1616 1494 1673 littus.
1524 1618 1815 1674 Nuntiatur

217 1701 326 1758 hoc
365 1703 637 1759 consulari
686 1704 934 1773 Leontio,
964 1717 1018 1762 et
1062 1708 1212 1766 misit
1262 1709 1645 1781 spiculatorem
1690 1728 1814 1768 cum

219 1795 517 1861 militibus,
565 1804 626 1851 ut
677 1812 801 1853 eum
851 1802 1299 1871 comprehensum
1339 1802 1533 1876 gladio
1561 1801 1810 1859 ferirent.

1918 583 2325 656 quintodecimo
2359 588 2630 647 Kalendas
2657 591 2991 663 Decembris,
3035 596 3089 651 in
3134 596 3390 656 milliario
3414 614 3504 658 se-

1915 679 2110 735 cundo.
2166 679 2332 752 Cujus
2384 685 2579 742 natalis
2631 686 2939 744 celebratur
2983 698 3181 761 quarto
3227 690 3503 753 Kalendas

1913 771 2163 845 Augusti.
2196 773 2351 832 Sedit
2381 785 2564 834 autem
2594 780 2648 836 in
2691 781 3006 855 episcopatu
3032 800 3177 843 anno
3194 800 3326 854 uno,
3356 802 3506 845 men-

1914 864 2064 921 sibus
2096 866 2291 934 tribus,
2319 869 2506 926 diebus
2529 870 2757 930 duobus.

1988 965 2010 994 α
2047 956 2180 1012 Item
2218 960 2410 1016 eodem
2444 962 2532 1018 die
2554 1004 2569 1030 ,
2618 964 2796 1021 natale
2843 976 3157 1024 sanctorum
3202 977 3504 1044 martyrum

1914 1044 2203 1118 Simplicii,
2234 1049 2480 1109 Faustini
2522 1063 2579 1111 et
2617 1056 2900 1128 Beatricis,
2930 1062 3267 1134 temporibus
3293 1062 3504 1122 Diocle-

1916 1137 2049 1193 tiani
2082 1148 2137 1195 et
2161 1140 2474 1201 Maximiani
2505 1164 2518 1201 :
2550 1149 2643 1218 qui
2669 1158 2794 1221 post
2835 1152 3001 1209 multa
3030 1169 3095 1210 ac
3134 1156 3349 1213 diversa
3380 1171 3506 1230 sup-

1914 1228 2075 1300 plicia
2120 1232 2256 1303 jussi
2301 1244 2428 1292 sunt
2478 1240 2765 1309 capitalem
2806 1243 2990 1301 subire
3036 1247 3395 1316 sententiam;
3446 1228 3510 1304 et

1915 1318 2082 1391 ligato
2103 1339 2234 1381 saxo
2260 1326 2315 1381 in
2356 1327 2496 1384 collo
2541 1346 2751 1400 eorum,
2777 1334 2975 1405 jactari
3008 1352 3107 1409 per
3138 1349 3381 1409 pontem,
3411 1339 3506 1411 qui

1914 1427 2141 1471 vocatur
2166 1417 2455 1489 Lapideus,
2482 1422 2536 1477 in
2565 1423 2836 1483 Tiberinis
2860 1429 3245 1486 theumatibus.
3260 1430 3504 1499 Quorum

1916 1523 2142 1578 corpora
2176 1511 2271 1566 Det
2295 1523 2426 1568 nutu
2456 1514 2673 1572 inventa
2710 1527 2835 1573 sunt
2857 1532 2888 1573 a
2915 1518 3075 1576 beata
3104 1536 3295 1578 sorore
3313 1537 3507 1579 eorum

1918 1596 2184 1667 Beatrice,
2201 1611 2256 1658 et
2281 1617 2309 1657 a
2340 1603 2512 1662 beatis
2541 1609 2879 1681 presbyteris
2892 1609 3086 1685 Crispo
3110 1622 3166 1670 et
3190 1613 3508 1674 Joanne:et

1917 1691 2124 1761 sepulta
2152 1703 2292 1761 sunt
2319 1697 2372 1751 in
2405 1695 2523 1753 loco
2552 1701 2643 1770 qui
2667 1702 2971 1774 appellatur
2999 1704 3226 1762 Sextum
3250 1706 3509 1780 Philippi,
3542 1728 3550 1737 ν

1914 1783 2003 1838 via
2038 1784 2347 1855 Portuensi,
2398 1800 2597 1861 quarto
2647 1794 2916 1853 Kalendas
2965 1797 3217 1871 Augusti.
3280 1799 3504 1857 Beatrix
3572 1806 3579 1813 '

214 1886 370 1944 Tunc
391 1888 638 1959 quaedam
669 1900 915 1948 matrona
948 1892 1221 1965 religiosa,
1252 1894 1472 1949 nomine
1515 1891 1680 1962 Julia,
1711 1908 1807 1950 ve-

1916 1886 2095 1932 autem
2136 1894 2294 1935 soror
2323 1881 2620 1956 Martyrum
2651 1901 2778 1941 cum
2824 1899 3133 1946 moraretur
3179 1891 3321 1963 apud
3350 1906 3514 1949 vene-

216 1978 376 2036 nicns
422 1990 583 2037 nocte
630 1995 753 2036 cum
811 1984 984 2041 Servis
1023 1985 1153 2050 suis,
1197 1985 1415 2060 collegit
1450 2002 1648 2058 corpus
1693 1984 1813 2057 ejus

214 2082 422 2127 etcum
449 2072 655 2129 honore
693 2074 938 2146 sepelivit
978 2076 1033 2132 in
1070 2077 1276 2148 praedio
1313 2092 1412 2136 suo
1435 2076 1591 2149 juxta
1621 2079 1813 2137 urbem

220 2164 472 2233 Romam,
503 2182 578 2224 γη
605 2165 729 2223 Kal.
752 2167 1006 2241 Augusti.

645 2283 709 2339 E.
755 2282 824 2339 VI
861 2283 1021 2341 KAL.
1053 2283 1379 2344 AUGUSTI.

890 2377 981 2450 (27
1022 2377 1162 2452 Jul.)

294 2480 323 2527 ξι
345 2467 501 2541 Apud
526 2468 897 2527 Nicomediam
914 2511 927 2535 ,
953 2470 1153 2527 natalis
1175 2471 1349 2531 sancti
1383 2466 1652 2529 Hermolai
1692 2485 1814 2544 pre-

230 2560 468 2633 sbyteri,
508 2563 655 2639 cujus
707 2562 952 2619 doctrina
1002 2562 1148 2619 beati
1194 2561 1491 2619 Pantaleon
1540 2563 1606 2618 ad
1652 2560 1815 2619 ﬁdem

232 2665 524 2709 conversus
576 2664 674 2713 est.
702 2654 807 2722 Qui
863 2660 1046 2712 tentus
1080 2671 1113 2710 a
1165 2650 1533 2721 Maximiano,
1592 2654 1816 2727 capitali

227 2745 493 2805 sententia
522 2745 593 2804 ob
636 2746 1033 2805 confessionem
1064 2746 1264 2806 Christi
1294 2749 1517 2820 punitus
1540 2757 1643 2807 est.

293 2835 499 2895 Eodem
520 2839 626 2906 die,
655 2839 713 2896 in
760 2839 968 2907 Sicilia,
998 2841 1173 2897 sancti
1215 2834 1486 2898 Simeonis
1516 2838 1788 2896 monachi.

673 2951 735 3009 Ρ.
774 2952 818 3009 ν
845 2952 1001 3009 KAL.
1032 2950 1364 3011 AUGUSTI.

879 3047 975 3119 (as
1010 3046 1151 3119 Jul.)

290 3134 646 3204 Nicomediae,
679 3138 863 3209 passio
908 3139 1086 3196 sancti
1137 3138 1504 3197 Pantaleonis.
1538 3137 1639 3207 Qui
1685 3153 1812 3194 cum

214 3228 439 3298 iubente
460 3229 788 3288 Maximiano
821 3240 995 3288 artem
1018 3232 1252 3289 disceret
1278 3232 1595 3298 medicinae,
1624 3247 1653 3286 a
1681 3247 1808 3302 pre-
1837 3244 1884 3310 ο

220 3322 440 3395 sbytero
463 3322 753 3381 Hermolao
781 3324 850 3380 ad
880 3324 1041 3383 ﬁdem
1071 3323 1275 3382 Christi
1305 3339 1620 3389 conversus,
1644 3324 1812 3380 multa

219 3415 479 3472 miracula
502 3414 655 3486 fecit,
688 3424 1007 3489 patremque
1043 3433 1203 3475 suum
1234 3426 1539 3475 senatorem
1586 3417 1814 3472 Eustor—

219 3507 367 3579 gium
409 3490 613 3564 Christi
666 3508 789 3564 ﬁdei
856 3506 1183 3582 subiugavit.
1234 3508 1315 3565 Ob
1372 3524 1535 3581 quam
1589 3523 1811 3564 causam

220 3605 402 3656 tentus
425 3599 496 3656 ab
522 3599 712 3657 eodem
747 3600 1103 3668 Maximiano,
1133 3600 1345 3672 equulei
1394 3614 1556 3671 poena
1593 3609 1648 3655 et
1675 3599 1812 3654 iam-

224 3692 483 3762 padarum
518 3696 802 3751 exustione
823 3696 1099 3752 cruciatus
1129 3694 1246 3769 (sed
1275 3695 1417 3752 inter
1447 3696 1561 3752 haec
1580 3693 1811 3749 Domino

225 3782 329 3838 sibi
356 3792 649 3856 apparente
672 3785 1072 3859 refrigeratus),
1097 3784 1314 3843 tandem
1343 3785 1451 3841 ictu
1476 3784 1639 3857 gladii
1667 3801 1810 3839 mar-

222 3874 419 3947 tyrium
448 3878 865 3934 consummavit.

284 3965 494 4024 Eodem
520 3969 627 4037 die,
659 3967 930 4042 Lugduni,
961 3971 1135 4027 sancti
1179 3969 1457 4044 Peregrini
1484 3969 1806 4043 presbyteri,

215 4056 376 4130 cujus
399 4057 790 4117 beatitudinem
821 4058 1207 4117 miraculorum
1251 4059 1420 4133 gloria
1450 4068 1698 4116 testatur.

639 4172 701 4229 G.
748 4173 817 4232 IV
854 4173 1012 4230 ΚΑΒ.
1046 4172 1372 4231 AUGUSTI.

881 4268 971 4340 (se
1014 4265 1158 4339 Jul.)

280 4379 311 4409 ο
342 4365 568 4435 Romae,
594 4371 680 4426 via
726 4369 980 4437 Aurelia,
1024 4370 1165 4427 beati
1196 4370 1237 4441 -ι-
1276 4368 1474 4426 Felicis
1509 4368 1782 4439 pontiﬁcis

208 4460 312 4519 sub
363 4458 682 4518 Constantio
728 4462 841 4519 ﬁlio
884 4462 1219 4521 Coutantini.
1265 4461 1408 4518 idem
1454 4460 1805 4517 Constantius

206 4551 521 4624 Augustus,
576 4553 861 4611 consilium
897 4553 1302 4620 haereticorum,
1350 4568 1416 4609 ac
1467 4551 1707 4608 Valentis
1750 4560 1805 4607 et

1916 1967 2144 2024 rabilem
2177 1970 2439 2028 Lucinam
2461 2014 2477 2041 ,
2526 1975 2731 2031 factum
2776 1987 2893 2045 est,
2930 1988 2987 2034 ut
3038 1981 3257 2051 quidam
3294 1983 3509 2041 vicinus

1914 2074 2197 2130 possessor
2222 2063 2512 2123 Lucretius
2565 2069 2797 2125 ambiret
2841 2074 3337 2143 possessiunculam
3364 2073 3505 2146 ejus.

1915 2153 2023 2210 Pro
2066 2157 2170 2213 hoc
2226 2160 2409 2231 itaque
2438 2160 2567 2220 fecit
2598 2167 2770 2222 teneri
2820 2178 3062 2225 sanctam
3102 2169 3426 2240 Beatriccm,
3454 2181 3513 2229 et

1915 2250 2038 2308 duci
2069 2253 2137 2308 ad
2184 2255 2621 2315 sacriﬁcandum.
2653 2260 2805 2317 Tunc
2834 2262 2995 2318 beata
3033 2263 3281 2333 Beatrix,
3328 2265 3511 2323 excla-

1915 2343 2130 2398 mavit:
2178 2344 2491 2405 Christiana
2529 2366 2685 2416 sum,
2740 2368 2847 2409 non
2892 2356 3145 2414 sacriﬁco
3203 2357 3505 2416 daemoniis.

1898 2435 2085 2493 ‘Ducta
2123 2447 2208 2495 est
2242 2441 2447 2512 itaque,
2481 2451 2535 2498 et
2577 2447 2835 2502 carcerali
2882 2450 3142 2506 custodiae
3178 2452 3506 2523 mancipata.

1914 2530 2156 2605 Cumque
2201 2534 2255 2589 in
2282 2536 2376 2591 Dei
2412 2539 2632 2597 nomine
2656 2538 2825 2598 libere
2848 2552 3053 2615 ageret,
3084 2543 3212 2601 fecit
3247 2560 3367 2603 eam
3391 2563 3508 2604 am-

1915 2624 2147 2682 bitiosus
2173 2624 2460 2686 Lucretius
2508 2633 2794 2702 przel‘ocari
2843 2644 3025 2691 noctu.
3074 2636 3247 2704 Quam
3278 2654 3509 2695 venera-

1914 2715 2039 2777 bilis
2076 2717 2284 2775 Luciua
2308 2720 2464 2791 juxta
2500 2734 2718 2783 sanctos
2756 2723 3025 2801 martyres
3065 2745 3356 2802 germanos
3383 2734 3504 2804 ejus

1912 2808 2200 2879 scpelivit,
2246 2822 2443 2883 quarto
2472 2814 2744 2874 Kalendas
2796 2820 3043 2893 Augusti.
3095 2820 3224 2879 Post
3254 2823 3357 2879 hoc
3414 2824 3506 2880 iu-

1915 2914 2137 2970 gressus
2185 2903 2447 2974 praedium
2504 2918 2820 2965 sanctorum
2876 2910 3190 2979 Lucretius,
3251 2912 3378 2970 dum
3427 2913 3501 2970 ibi

1915 2992 2514 3067 epularetur,quedam
2546 3000 2740 3057 mulier
2762 3001 3085 3060 infantulum
3114 3005 3374 3062 iactabat.
3400 3005 3506 3075 Qui

1918 3082 2216 3142 infantulus
2237 3102 2424 3144 coram
2442 3092 2699 3149 omnibus
2726 3093 2782 3148 in
2809 3095 3060 3153 convivio
3080 3111 3267 3157 vocem
3290 3097 3504 3154 emisit:

1915 3177 2077 3244 Audi,
2112 3178 2363 3249 Lucreti;
2391 3185 2671 3253 occidisti,
2701 3196 2757 3242 et
2795 3188 3065 3258 invasisti,
3097 3206 3225 3248 ecce
3250 3190 3409 3249 datus
3446 3206 3509 3247 es

1917 3271 1971 3327 in
2003 3275 2407 3343 possessionem
2458 3278 2661 3335 inimici
2696 3298 2709 3335 :
2764 3281 2831 3337 ad
2874 3284 3012 3340 hanc
3062 3299 3249 3341 vocem
3286 3283 3508 3341 invasus

1916 3371 2002 3419 est
2019 3365 2300 3437 amaligno
2321 3368 2516 3439 spiritu
2541 3370 2612 3426 ibi
2645 3372 2697 3427 in
2725 3373 3067 3443 convivio,et
3091 3391 3190 3447 per
3211 3384 3321 3433 tres
3346 3375 3509 3431 horas

1915 3465 2163 3524 vexatus,
2193 3460 2376 3516 emisit
2404 3462 2676 3533 spiritum.

1984 3545 2012 3587 ά
2047 3546 2249 3605 Eodem
2294 3553 2405 3617 die,
2463 3554 2730 3625 depositio
2771 3558 2945 3615 sancti
2984 3559 3121 3631 Lupi
3161 3560 3402 3629 episcopi
3441 3560 3508 3616 de

1917 3637 2137 3696 Trecas.
2195 3641 2297 3710 Qui
2355 3659 2479 3700 cum
2535 3645 2811 3706 Germano
2864 3651 3013 3707 venit
3058 3650 3397 3707 Britanniam
3452 3658 3507 3707 et

1914 3731 2301 3805 quinquaginta
2360 3738 2571 3794 duobus
2617 3742 2776 3798 annis
2810 3744 3114 3801 sacerdotio
3144 3744 3363 3802 functus
3397 3752 3504 3801 est.

1915 3824 2017 3893 Qui
2063 3834 2304 3898 tempore
2346 3829 2509 3902 Regis
2545 3831 2758 3899 Attilae,
2797 3832 3024 3892 Galliam
3059 3836 3305 3893 vastabat
3337 3835 3506 3909 (sicut

1913 3920 1967 3976 in
1991 3920 2107 3991 ejus
2124 3920 2330 3993 hymno
2352 3926 2567 3981 canitur
2583 3968 2598 3992 ,
2626 3926 2766 3983 Dum
2787 3929 2920 3985 bella
2936 3970 2951 3995 ,
2973 3940 3161 3987 cuncta
3181 3929 3505 4003 perderent),

1912 4013 2121 4069 orando
2152 4014 2353 4072 Trecas
2388 4019 2636 4074 munivit.

2350 4151 2414 4204 A.
2457 4149 2524 4205 III
2555 4151 2711 4207 KAL.
2746 4151 3070 4211 AUGUSTI.

2564 4242 2657 4314 (50
2680 4242 2842 4316 lat).

1990 4364 2012 4392 ε
2039 4353 2228 4409 Romae
2249 4394 2265 4420 ,
2319 4354 2496 4411 natale
2524 4354 2714 4441 Abdon
2746 4367 2800 4412 et
2828 4356 3037 4415 Sennes
3065 4358 3503 4432 subreguiorum,

1912 4444 2012 4500 sub
2042 4444 2206 4502 Decio
2228 4446 2559 4518 imperatore
2587 4465 2603 4502 :
2630 4464 2768 4518 quos
2790 4448 2986 4507 Decius
3014 4450 3068 4506 in
3099 4448 3330 4509 Cordula
3367 4452 3503 4510 civi-

1913 4555 2020 4600 tate
2082 4544 2372 4601 Persarum
2441 4545 2543 4601 sibi
2601 4547 2919 4617 praesentari
2961 4545 3145 4619 jussit.
3187 4544 3395 4616 Quibus
3443 4559 3500 4606 et

210 4611 431 4701 υι-ξπίί
462 4611 787 4702 gignor...“
816 4646 1144 4717 αρρι-οωηε,
1174 4611 1301 4717 qui;
1329 4653 1385 4700 ei
1410 4645 1528 4715 ipse
1566 4645 1802 4701 Arianus
1831 4611 1882 4672 D
1907 4638 2084 4693 dixit:
2112 4636 2202 4693 Sic
2226 4636 2376 4693 stulti
2399 4636 2527 4693 facti
2559 4637 2710 4705 estis,
2743 4648 2801 4693 ut
2829 4641 3321 4707 nonrecordemini
3346 4643 3495 4714 quia,
3522 4702 3525 4705 _

205 4746 354 4804 erat,
383 4738 454 4794 ab
480 4738 718 4796 Eusebio
744 4738 1143 4797 Nicomediensi
1190 4739 1555 4811 rebaptizatus
1580 4780 1595 4807 ,
1641 4739 1801 4810 ejccit

206 4836 462 4885 sanctum
488 4828 700 4887 felicem
722 4829 885 4888 Urbis
910 4833 1226 4903 episcopum
1264 4832 1334 4889 de
1376 4831 1503 4889 sede
1528 4832 1804 4902 episcopa-

208 4928 296 4976 tus
322 4922 429 4975 sui.
455 4920 522 4976 Et
544 4920 689 4978 facta
712 4930 798 4978 est
820 4923 1122 4995 persecutio
1143 4939 1338 4997 magna
1364 4924 1420 4979 in
1446 4925 1614 4991 clero,
1640 4924 1712 4979 ita
1742 4932 1803 4979 ut

204 5015 518 5087 presbyteri
546 5024 603 5071 et
636 5016 820 5074 clerici
854 5019 1041 5088 plures
1080 5027 1409 5077 necarentur
1433 5028 1490 5075 et
1537 5017 1799 5091 martyrio

205 5116 624 5163 coronarentur.
657 5108 943 5180 Depositus
965 5120 1186 5168 sanctus
1215 5128 1278 5167 ac
1299 5110 1642 5169 beatissimus
1662 5126 1801 5182 papa

205 5198 383 5266 Felix,
416 5200 678 5257 habitavit
713 5203 766 5257 in
799 5202 1058 5274 praediolo
1088 5219 1216 5271 suo,
1261 5205 1404 5274 quod
1443 5212 1526 5259 est
1551 5202 1636 5257 via
1670 5201 1798 5257 Por-

207 5293 410 5349 mensi.
462 5293 532 5349 Et
565 5295 847 5364 agentibus
890 5294 1251 5367 postmodum.
1278 5295 1571 5361 hmreticis,
1602 5295 1799 5351 exinde

206 5387 442 5453 levatus,
469 5386 666 5444 ductus
693 5398 778 5444 est
803 5389 869 5443 ad
904 5389 1200 5456 civitatem,
1232 5398 1286 5444 et
1314 5388 1494 5459 capite
1522 5395 1794 5453 truncato,

208 5479 481 5551 martyrio
511 5487 802 5537 coronatur
831 5496 883 5536 tv
926 5481 1051 5538 idus
1100 5480 1436 5537 Novembris.
1468 5480 1679 5535 Exinde
1712 5494 1798 5534 ra-

205 5581 359 5640 ptum
387 5586 586 5643 corpus
611 5572 730 5643 ejus
767 5589 798 5630 a
825 5574 1158 5647 presbyteris
1187 5582 1242 5630 et
1277 5573 1512 5638 clericis,
1540 5582 1594 5629 et
1619 5571 1797 5644 sepul-

280 5720 308 5749 ι
344 5708 460 5764 Deo
488 5709 540 5764 in
569 5708 690 5765 Vita
722 5710 780 5767 S.
811 5711 1018 5767 Pantal.
1051 5710 1120 5768 28
1151 5711 1260 5768 Jul.

282 5780 516 5868 iiiis!
543 5781 691 5865 Felix
723 5781 981 5868 1_|.P9.mlf-
1010 5797 1128 5868 cep-
1148 5783 1248 5868 .57.-
1281 5852 1331 5868 ..
1369 5853 1404 5867 ..

285 5861 309 5892 ο
341 5852 421 5923 De
444 5852 530 5909 his
556 5854 610 5909 in
640 5852 805 5928 gestis
827 5853 886 5910 S.
913 5852 1163 5914 Ansbimi
1188 5854 1248 5909 II
1281 5852 1427 5910 Maii.

1909 4745 2014 4785 non
2049 4731 2287 4789 colentes
2314 4735 2464 4803 deos,
2488 4736 2671 4793 traditi
2685 4739 2887 4795 estisiu
2908 4755 3103 4798 manus
3127 4739 3498 4799 Romanorum

1908 4832 1962 4878 et
2004 4824 2255 4881 nostras?
2294 4825 2394 4881 Cui
2442 4826 2632 4884 beatus
2657 4828 2849 4885 Abdon
2881 4845 2895 4884 :
2926 4828 3095 4904 Magis
3130 4847 3230 4888 nos
3257 4832 3521 4905 victores,

1876 4986 1879 4989 Δ
1912 4913 2035 4969 facti
2060 4917 2395 4982 sumus,Deo
2409 4917 2647 4988 favente,
2675 4921 2970 4978 etDomino
2991 4921 3117 4980 Jesu
3137 4923 3377 4989 Christo,
3404 4924 3499 4995 qui

1908 5013 2095 5075 regnat
2120 5005 2173 5060 in
2199 5015 2483 5063 aeternum.
2515 5006 2746 5066 lubente
2778 5011 2940 5081 igitur
2968 5012 3157 5078 Decio,
3198 5012 3367 5069 vincti
3395 5028 3489 5070 ca-

1909 5097 2047 5152 tenis
2080 5098 2275 5154 reclusi
2316 5109 2442 5156 sunt
2478 5102 2531 5156 in
2569 5111 2718 5158 arcta
2752 5106 3017 5161 custodia.
3048 5102 3199 5164 Tunc
3225 5106 3490 5164 dixitAb-

1905 5195 2008 5249 don
2049 5195 2113 5250 ad
2159 5194 2397 5252 Senuem
2438 5219 2450 5253 :
2488 5198 2629 5257 Ecce
2666 5201 2833 5273 gloria
2865 5217 3026 5273 quam
3057 5218 3273 5274 semper
3302 5217 3493 5273 spera-

1903 5287 2098 5344 vimus.
2126 5288 2254 5345 Post
2284 5306 2498 5349 menses
2525 5301 2761 5363 quatuor
2781 5294 3004 5350 veniens
3027 5295 3225 5350 Decius
3240 5293 3489 5364 Romam,

1901 5387 1955 5434 et
1982 5380 2255 5439 adducens
2290 5396 2476 5440 secum
2514 5385 2701 5442 beatos
2728 5386 2916 5442 Abdon
2940 5394 2992 5442 et
3023 5384 3256 5441 Sennem
3284 5387 3493 5443 catenis

1904 5471 2144 5541 vinctos,
2167 5472 2335 5545 jussit
2371 5492 2587 5532 omnem
2623 5484 2867 5532 senatum
2907 5477 3214 5544 convocari,
3263 5486 3319 5533 et
3360 5475 3493 5533 fecit

1904 5569 2298 5624 conventumin
2317 5569 2540 5625 Tellude
2569 5585 2691 5625 cum
2709 5570 2997 5626 Valeriano
3029 5570 3285 5640 praefecto
3315 5588 3345 5627 v
3378 5572 3489 5628 Ka-

1972 5708 2000 5749 ά
2029 5710 2257 5781 Gregor.
2291 5710 2423 5765 Tur.
2462 5710 2528 5765 de
2552 5707 2840 5781 Glor.gCC.
2872 5708 3046 5781 c.767,
3079 5708 3165 5765 68.

1979 5792 2003 5821 ο
2034 5782 2111 5839 De
2138 5779 2223 5837 his
2244 5781 2298 5837 in
2330 5781 2580 5850 passione
2606 5779 2664 5835 S.
2693 5779 2857 5834 Laur.
2892 5780 2960 5835 i0
2978 5779 3113 5853 Aug.
