3962 6366
509 362 610 419 5H
687 427 706 437 ,ι
1288 433 1292 437 _
1445 359 1502 416 s.
1543 342 1796 418 ADONIS
1835 357 2266 417 ARCHIEPISC.
2312 359 2720 420 VIENNENSIS
3690 373 3801 432 an

508 431 706 533 lendas“
739 431 967 547 angusti
992 517 1007 543 ,
1028 453 1090 532 et
1120 433 1292 546 jussit
1324 475 1428 532 sibi
1467 476 1787 546 praesentari
1820 474 2013 532 Abdon
2039 482 2096 530 et
2121 474 2177 535 Α
2198 483 2254 534 et
2283 477 2474 532 tenuit.
2505 475 2642 534 Cum
2661 491 2794 552 ergo
2817 479 3208 551 egrederentur
3236 479 3410 538 beatae
3436 492 3714 558 martyres
3740 498 3800 546 et

509 569 1080 639 Sennemmaceratos
1105 570 1336 627 diversis
1367 571 1562 642 poenis.
1591 571 1656 626 Et
1679 571 1816 627 dixit
1847 573 1915 628 ad
1943 587 2101 628 sena-
2204 571 2587 642 procederent,
2637 571 2889 629 Secunda
2929 571 3127 629 festina
3179 573 3451 631 clamabat
3479 587 3605 648 post
3641 594 3742 637 eas
3778 601 3795 638 :

508 673 624 720 tum
660 681 674 720 :
707 663 792 733 Dii
820 664 1043 736 deaeque
1079 662 1415 720 tradiderunt
1441 664 1626 720 hostes
1647 664 2014 720 ferocissimos
2043 664 2098 720 in

505 772 704 813 manus
739 765 978 814 nostras.
1017 756 1154 812 Ecce
1185 755 1389 811 inimici
1422 755 1750 826 Reipublicae
1774 766 1829 811 et
1865 755 2096 812 Romani

506 849 746 921 imperii.
789 851 857 906 Et
905 848 1197 905 introducti
1247 856 1372 904 sunt
1417 849 1597 903 ornati
1637 864 1770 904 auro
1818 858 1874 904 et
1919 849 2097 920 lapide

504 944 778 1015 pretioso,
818 942 981 999 vincti
1027 941 1234 996 catenis
1271 959 1283 996 :
1330 941 1614 1012 omnisque
1647 953 1867 998 senatus
1906 943 2096 998 mirari

505 1036 676 1106 coepit
702 1037 756 1090 in
784 1036 1092 1106 aspectibus
1118 1050 1326 1091 eorum.
1355 1036 1422 1090 Et
1451 1051 1572 1092 cum
1602 1036 2092 1094 constanterChri-

503 1135 646 1185 stum
683 1128 735 1182 in
774 1137 1065 1198 conspectu
1106 1141 1293 1184 eorum
1335 1127 1663 1196 faterentur,
1695 1131 1892 1187 Decius
1924 1131 2095 1187 iratus

495 1215 659 1286 jussit
682 1217 971 1273 Valariano
992 1218 1247 1290 praefecto
1267 1261 1280 1286 ,
1312 1229 1372 1275 ut
1400 1221 1444 1275 si
1478 1237 1584 1276 non
1610 1221 1904 1278 adorarent
1931 1223 2092 1280 deum

501 1307 682 1364 Solem
706 1349 721 1374 ,
763 1307 1002 1365 ferarum
1043 1313 1314 1368 morsibus
1343 1313 1645 1370 interirent.
1677 1314 1779 1382 Qui
1802 1316 2094 1375 denudavit

498 1415 623 1467 eos,
665 1410 720 1456 et
757 1403 912 1459 duxit
945 1414 1070 1460 ante
1105 1406 1456 1462 simulacrum
1501 1405 1644 1465 Solis
1678 1407 1833 1478 juxta
1875 1412 2090 1483 amphi-

499 1491 770 1547 theatrum
793 1535 807 1557 ,
824 1504 891 1568 ut
913 1494 1302 1552 sacriﬁcarent.
1330 1496 1530 1553 Verum
1553 1498 1628 1554 illi
1655 1509 2086 1570 contemnentes,

497 1595 831 1655 cxspuerunt
877 1589 928 1642 in
971 1588 1323 1646 simulacrum
1361 1589 1521 1647 Solis.
1575 1593 1726 1648 Tunc
1765 1594 2088 1652 Valerianus

491 1673 652 1745 jussit
700 1686 757 1732 ut
798 1678 1090 1749 plumbatis
1150 1682 1503 1738 cmderentur.
1554 1683 1757 1741 Deinde
1794 1686 2087 1745 introducti

495 1767 551 1823 in
575 1769 1032 1840 amphitheatrum
1054 1813 1068 1838 ,
1091 1781 1142 1828 et
1174 1773 1381 1830 dimissi
1415 1783 1541 1830 sunt
1567 1777 1647 1832 eis
1679 1778 1862 1835 leones
1882 1780 2008 1846 duo,
2031 1788 2089 1837 et

2203 662 2382 720 Nolite
2409 680 2496 720 me
2516 664 2807 733 dimittere,
2834 665 3045 722 veniam
3068 663 3366 724 vobiscum.
3394 666 3464 724 Et
3485 670 3650 726 simul
3669 688 3802 730 cum

2201 754 2308 812 illis
2353 756 2626 813 civitatem
2672 757 3100 813 Tuburbitanam
3143 758 3387 831 ingressa
3420 771 3523 818 est.
3554 762 3675 820 Alia
3706 765 3799 822 die

2200 847 2334 903 hora
2387 848 2544 904 tertia
2588 848 2851 904 Anolinus
2874 850 3166 920 proconsul
3193 866 3292 922 pro
3316 853 3571 911 tribunali
3601 872 3799 914 conse-

2199 939 2317 1006 dit,
2347 948 2402 995 et
2424 939 2714 996 Maximam
2743 950 2800 997 et
2821 941 3145 998 Donatillam
3174 943 3278 998 sibi
3306 949 3624 1016 presentari
3646 965 3794 1020 prae-

2199 1032 2375 1102 cepit,
2418 1040 2473 1087 et
2517 1033 2585 1088 ad
2626 1040 2895 1090 tormenta
2942 1033 3087 1091 elidi.
3140 1035 3206 1090 Et
3248 1052 3373 1093 cum
3414 1041 3794 1111 crederentur,

2190 1125 2354 1196 jussit
2380 1125 2584 1182 calcem
2614 1141 2777 1199 super
2800 1125 3199 1199 pla'gasearum
3228 1131 3449 1202 spargi,
3480 1140 3537 1188 et
3569 1133 3793 1204 fricari,

2197 1219 2391 1275 deinde
2416 1218 2470 1274 in
2492 1219 2720 1290 equuleo
2758 1220 2975 1276 extendi
2999 1230 3056 1276 et
3080 1223 3326 1294 torqueri
3357 1236 3384 1265 ε
3406 1265 3422 1292 ,
3443 1233 3498 1282 et
3532 1229 3792 1285 stativam

2196 1310 2265 1366 ab
2295 1311 2582 1367 bibendum
2600 1310 2782 1367 oﬁ‘erri
2815 1329 2828 1366 :
2861 1312 3057 1368 deinde
3079 1313 3134 1369 in
3157 1315 3476 1373 craticulam
3497 1328 3550 1374 et
3574 1321 3643 1376 ad
3665 1338 3792 1378 car-

2192 1399 2364 1455 bones
2391 1401 2576 1472 igncos
2603 1401 2804 1467 sterni,
2827 1411 2882 1456 et
2901 1418 3110 1474 prunas
3133 1405 3390 1464 ardentes
3420 1424 3584 1480 super
3613 1413 3792 1483 capita

2191 1507 2380 1549 earum
2427 1491 2584 1562 adjici
2638 1512 2650 1547 :
2695 1495 3039 1564 postmodum
3074 1497 3130 1552 in
3175 1499 3386 1556 theatro
3415 1500 3483 1555 ad
3503 1503 3790 1560 delubrum

2191 1586 2422 1657 deponi,
2460 1587 2626 1643 etab
2675 1588 2928 1645 omnibus
2964 1591 3298 1647 conculcari.
3330 1592 3483 1650 Tunc
3516 1612 3581 1650 ex
3616 1596 3791 1653 olIicio

2190 1681 2392 1736 dictum
2421 1691 2524 1749 est,
2553 1696 2674 1738 esse
2702 1697 2824 1738 cum
2861 1684 2940 1739 eis
2967 1684 3200 1755 puellam
3230 1686 3415 1752 aliam,
3444 1690 3666 1746 nomine
3700 1690 3791 1748 Se-

2179 1765 2419 1830 lcundam
2445 1792 2458 1828 :
2487 1791 2649 1846 quam
2671 1791 2768 1832 suo
2791 1775 2998 1846 judicio
3016 1777 3280 1834 Anolinus
3301 1781 3592 1849 proconsul
3622 1784 3791 1854 applis

493 1862 605 1915 ursi
637 1871 899 1932 quatuor,
948 1866 1041 1936 qui
1069 1867 1345 1938 rugientes
1380 1879 1647 1926 venerunt
1668 1873 1733 1927 ad
1762 1874 1927 1944 pedes
1953 1890 2079 1932 san-

2193 1866 2308 1922 cari
2340 1866 2522 1937 jussit.
2566 1865 2806 1938 Cumque
2836 1868 3071 1934 adesset,
3094 1870 3169 1923 ait
3207 1887 3220 1924 :
3261 1847 3573 1927 Christiana
3599 1847 3785 1941 εει-,ἐπι

491 1960 734 2019 ctorum,
768 1961 825 2009 et
867 1955 1177 2014 nullatenus
1224 1960 1540 2018 recedentes
1562 1965 1941 2023 custodiebant
1967 1983 2080 2025 eos.

491 2044 811 2102 Valerianus
844 2063 974 2104 vero
996 2090 1011 2115 ,
1051 2050 1242 2121 plenus
1279 2052 1462 2112 furore
1487 2097 1503 2123 ,
1544 2058 1707 2129 jussit
1757 2061 2086 2132 gladiatores

489 2137 719 2194 introire
742 2180 757 2205 ,
791 2148 848 2196 et
885 2141 1072 2198 beatos
1106 2143 1424 2216 subregulos
1460 2148 1801 2221 interﬁcere,
1831 2164 1888 2210 et
1915 2156 2086 2230 ligare

487 2229 655 2296 pedes
679 2245 866 2286 eorum
886 2273 900 2297 ,
931 2241 985 2288 et
1016 2244 1144 2290 ante
1171 2234 1530 2300 simulacrum,
1552 2239 1922 2312 Solisjactare
1951 2229 2082 2304 :Vubi

483 2318 773 2394 iacuerunt
825 2338 1053 2396 corpora
1107 2335 1419 2384 sanctorum
1471 2331 1646 2388 tribus
1701 2334 1910 2392 diebus.
1956 2336 2085 2395 Post

491 2415 730 2470 triduum
767 2417 916 2473 venit
953 2419 1172 2489 quidam
1205 2421 1462 2489 Quirinus
1494 2423 1837 2485 Christianus
1863 2431 2082 2488 subdia-

489 2519 659 2561 conus
681 2547 698 2573 ,
726 2508 818 2578 qui
851 2509 1103 2566 manebat
1122 2509 1279 2580 juxta
1305 2516 1768 2587 amphitheatrum
1789 2563 1805 2586 ,
1835 2530 1891 2577 et
1915 2523 2054 2579 colle

487 2601 563 2670 git
594 2610 755 2658 noctu
789 2619 1045 2675 corpora,
1082 2614 1137 2661 et
1166 2609 1466 2666 recondidit
1505 2611 1558 2668 in
1584 2628 1712 2670 area
1746 2614 1995 2686 plumbea
2026 2617 2081 2674 in

487 2693 649 2770 domo
695 2711 793 2752 sua
838 2698 998 2753 tertio
1049 2696 1318 2758 Kalendas
1354 2702 1618 2777 Augusti,
1666 2705 1759 2762 ubi
1808 2707 2085 2786 latuerunt

485 2802 658 2858 usque
712 2791 782 2846 ad
825 2802 1066 2865 tempora
1104 2799 1466 2856 Constantini.
1502 2799 1654 2858 Tunc
1681 2817 1741 2857 se
1772 2813 2083 2862 reserantes

487 2881 638 2954 beati.
662 2881 929 2955 Martyres
945 2928 960 2954 ,
989 2888 1150 2946 levati
1176 2899 1324 2958 sunt,
1345 2900 1402 2948 et
1427 2890 1676 2948 translati
1693 2893 1748 2948 in
1765 2896 2080 2954 coemeterio

487 2972 761 3034 Pontiani.

559 3094 760 3151 Eodem
783 3095 871 3153 die
889 3100 1030 3169 apud
1051 3099 1311 3168 Africam,
1329 3101 1578 3159 civitate:
1599 3104 1858 3163 Tuburbo
1876 3107 2076 3165 Lucer-

485 3188 684 3255 uariae,
746 3190 928 3246 natale
979 3200 1291 3249 sanctarum
1340 3195 1607 3268 virginum
1649 3197 1936 3266 Maximae,
1973 3201 2078 3256 Do-

480 3279 686 3336 natillae
733 3290 787 3336 et
831 3280 1096 3339 Secundae
1129 3301 1142 3338 :
1172 3299 1290 3355 quae
1313 3287 1688 3357 persecutione
1713 3288 1942 3346 Gallieni
1975 3293 2075 3349 sub

479 3370 714 3428 Anolino
744 3370 928 3442 judice
961 3390 1132 3446 passae
1170 3385 1316 3431 sunt.
1349 3376 1451 3445 Qui
1479 3378 1904 3453 interrogatione
1932 3381 2074 3438 facta

483 3461 692 3518 distulit
735 3463 1064 3520 audientiam
1087 3507 1104 3532 ,
1149 3476 1206 3522 et
1243 3468 1430 3524 beatas
1469 3471 1706 3543 virgines
1737 3482 1792 3528 et
1821 3488 2072 3541 sorores,

480 3552 770 3610 Maximam
789 3563 844 3612 et
867 3555 1193 3614 Donatillam
1209 3599 1226 3627 ,
1249 3561 1317 3615 ad
1341 3559 1615 3617 civitatem
1645 3563 2072 3621 Tuburbitanam

480 3649 700 3719 perduci
731 3648 926 3720 jussit,
971 3652 1169 3723 quibus
1209 3669 1310 3710 nec
1349 3671 1545 3725 panem
1573 3672 1674 3713 nec
1705 3674 1901 3729 aquam
1940 3660 2070 3715 sub-

480 3743 780 3799 ministrari
804 3747 1097 3818 praecepit,
1119 3746 1212 3803 sed
1235 3758 1390 3804 aceto
1414 3759 1467 3804 et
1491 3749 1614 3806 l'elle
1641 3752 1836 3822 potari.
1871 3750 2072 3810 Videns

480 3843 663 3891 autem
707 3835 1144 3893 beatissimarum
1184 3839 1469 3905 ﬁduciam,
1504 3842 1709 3897 exarsit
1737 3842 1790 3896 in
1818 3842 1989 3909 iram,
2019 3852 2074 3899 et

475 3925 641 3997 jussit
662 3935 1060 4000 uturgerentur
1075 3931 1372 3986 ambulare.
1394 3932 1525 3986 Erat
1546 3933 1792 4003 quaedam
1813 3935 1990 4005 puella
2012 3936 2068 3991 in

481 4006 854 4092 superioribus
896 4025 1090 4080 domus
1129 4039 1241 4080 suae
1269 4027 1596 4094 constituta,
1637 4043 1906 4084 annorum
1933 4030 2070 4086 duo-

480 4121 656 4176 decim
675 4163 690 4186 ,
720 4121 940 4177 nomine
967 4121 1214 4178 Secunda
1248 4142 1260 4178 :
1287 4125 1371 4180 cui
1395 4125 1522 4181 dum
1552 4126 1735 4183 multae
1764 4128 2073 4200 nuptiarum

481 4213 824 4270 conditiones
849 4213 1180 4282 oﬁ‘eruntur,
1210 4231 1397 4274 omnes
1424 4221 1780 4290 contempsit,
1815 4232 1870 4277 et
1906 4239 2072 4278 unum

479 4303 652 4360 Deum
677 4304 885 4360 dilexit.
913 4303 1038 4361 Hazc
1067 4321 1293 4364 accensa
1329 4309 1519 4380 spiritu
1553 4309 1679 4377 Dei,
1704 4328 1826 4368 cum
1866 4313 2075 4370 videret

479 4407 876 4468 commartyres
901 4413 1028 4452 suas
1053 4397 1341 4454 Maximam
1365 4408 1420 4456 et
1443 4389 1768 4457 Donatillam.
1793 4414 2075 4460 transeun-

480 4498 560 4544 tes
583 4489 705 4559 (l‘uit
727 4490 874 4544 enim
902 4490 957 4545 in
979 4492 1349 4562 superioribus
1367 4492 1560 4548 domus
1579 4492 1694 4561 ejus
1714 4494 2068 4569 moenianum,

2190 1958 2438 2029 pagana?
2489 1956 2740 2014 Secunda
2779 1959 2915 2016 dixit
2969 1977 2982 2014 :
3037 1958 3345 2018 Christiana
3395 1978 3536 2019 sum.
3590 1965 3782 2022 Statim

2186 2051 2454 2109 Anolinus
2489 2053 2663 2124 ipsam
2685 2068 2810 2110 cum
2840 2053 3076 2110 Maxima
3104 2063 3160 2111 et
3187 2055 3457 2112 Donatilla
3485 2059 3553 2114 ad
3579 2059 3781 2117 bestias

2189 2149 2504 2216 damnavit,
2533 2158 2590 2206 et
2623 2164 2717 2206 eas
2746 2148 2894 2206 ferro
2931 2150 3146 2206 vinctas
3174 2150 3243 2205 ad
3280 2151 3644 2222 spectaculum
3679 2170 3784 2225 po-

2186 2240 2299 2312 puli
2353 2241 2548 2298 adduci
2578 2242 2855 2314 praacepit.
2915 2241 3046 2311 Quae
3090 2258 3215 2300 cum
3267 2242 3684 2312 inducerentur,
3729 2248 3779 2302 in

2186 2333 2366 2389 media
2392 2349 2558 2389 arena
2581 2334 2839 2391 osculata:
2867 2344 2995 2390 sunt
3023 2350 3082 2391 se
3111 2335 3339 2392 invicem
3371 2347 3432 2393 ut
3457 2339 3782 2411 martyrium

2185 2441 2320 2499 pace
2359 2427 2714 2498 complerent.
2750 2427 2921 2484 Ursus
2958 2438 3138 2484 autem
3169 2428 3536 2485 ferocissimus
3578 2444 3643 2484 ac
3688 2446 3780 2486 sae-

2185 2521 2440 2577 vissimus
2458 2520 2602 2578 illico
2620 2523 2702 2579 eis
2723 2520 2956 2587 laxatus,
2989 2521 3043 2576 in
3067 2521 3536 2578 mansuetudinem
3566 2538 3780 2589 versus,

2183 2627 2371 2669 earum
2409 2613 2639 2686 vestigia
2678 2613 2838 2668 linxit
2866 2613 3046 2684 potius
3073 2628 3238 2685 quam
3266 2614 3580 2670 momordit.
3604 2614 3783 2673 Iratus

2181 2705 2465 2771 Anolinus,
2489 2705 2613 2775 quia
2649 2720 2708 2761 se
2729 2704 2940 2760 furente
2962 2704 3168 2761 bestias
3198 2704 3357 2762 mites
3377 2707 3532 2773 vidit,
3565 2705 3783 2765 locutus

2184 2813 2307 2853 cum
2334 2797 2594 2864 concilio,
2624 2800 2950 2854 sententiam
2985 2812 3054 2852 ex
3083 2797 3279 2853 tabella
3310 2799 3580 2854 recitavit.
3607 2798 3784 2855 Maxi-

2183 2906 2328 2948 mam
2354 2933 2371 2961 ,
2418 2891 2744 2948 Donatillam
2790 2900 2847 2947 et
2884 2891 3189 2947 Secundam
3215 2933 3230 2959 ,
3285 2892 3339 2947 in
3394 2893 3783 2964 superstitione

2180 2999 2278 3041 sua
2315 2985 2710 3057 perdurantes,
2749 2999 2870 3056 qua:
2909 2985 3153 3041 diversas
3185 2999 3376 3056 pmnas
3401 2985 3781 3056 pertulerunt,

2178 3085 2236 3134 et
2266 3076 2456 3134 bestiis
2479 3077 2703 3149 objecta:
2731 3085 2877 3143 sunt,
2903 3085 2960 3133 et
2985 3077 3089 3134 diis
3115 3076 3316 3133 nostris
3345 3076 3662 3133 sacriﬁcare
3687 3094 3782 3133 no-

2180 3168 2426 3235 luerunt,
2456 3167 2632 3239 gladio
2669 3168 3028 3224 animadverti
3067 3166 3264 3238 placet.
3300 3166 3530 3223 Maxima
3551 3208 3568 3234 ,
3596 3167 3782 3224 Dona-

2183 3259 2295 3316 tilla
2324 3268 2380 3314 et
2409 3257 2660 3315 Secunda
2684 3260 2938 3316 dixerunt
2963 3277 2978 3314 :
3017 3259 3130 3315 Deo
3161 3259 3384 3332 gratias.
3424 3258 3491 3314 Et
3523 3274 3779 3317 consun-

2173 3358 2337 3407 mata:
2366 3359 2494 3407 sunt
2519 3351 2682 3407 tertio
2707 3349 2977 3408 Kalendas
3014 3351 3263 3422 Augusti.

2435 3464 2438 3467 ’
2529 3465 2594 3523 Β.
2635 3465 2862 3522 PRIDIE
2891 3465 3051 3522 KAL.
3093 3465 3416 3524 AUGUSTI.

2833 3557 2920 3629 (5t
2953 3557 3138 3630 Julii.)

2248 3652 2508 3708 Caesareae.
2544 3651 2728 3724 passio
2779 3651 2954 3707 sancti
3003 3650 3158 3706 Fabii
3201 3652 3475 3725 martyris.
3513 3650 3618 3720 QII!
3656 3669 3778 3712 cum

2176 3743 2322 3800 ferre
2370 3742 2569 3800 vexilla
2609 3742 2915 3815 prmsidalia
2963 3752 3282 3811 recusaret,
3320 3744 3556 3816 primum
3587 3745 3782 3801 diebus

2175 3835 2382 3907 aliquot
2427 3837 2484 3891 in
2534 3851 2816 3894 carcerem
2869 3846 3056 3894 trusus
3100 3848 3216 3905 est,
3259 3836 3452 3895 deinde
3485 3840 3781 3912 productus

2176 3931 2388 3987 sistitur
2416 3939 2544 3987 ante
2588 3931 2845 3987 tribunal.
2879 3930 3246 4004 Interrogatus
3273 3933 3442 3990 semel
3469 3942 3525 3989 et
3555 3935 3778 4000 iterum,

2175 4026 2230 4080 in
2261 4023 2465 4080 Christi
2493 4022 2837 4080 confessione
2864 4027 3124 4096 perdurat
3160 4041 3175 4080 :
3200 4033 3256 4080 et
3281 4039 3405 4081 mox
3429 4041 3461 4080 a
3485 4025 3780 4082 furibundo

2171 4119 2354 4192 judice
2395 4117 2614 4190 capitali
2655 4119 2924 4175 sententia
2953 4120 3364 4175 condemnatur.
3395 4120 3527 4176 Post
3551 4122 3674 4176 haec
3699 4122 3781 4176 in-

2180 4213 2462 4267 humatum
2507 4227 2704 4282 corpus
2752 4212 3013 4268 custodiri
3046 4213 3268 4284 iubetur
3302 4227 3317 4267 :
3349 4214 3494 4284 quod
3524 4224 3652 4286 post
3683 4215 3778 4270 tri-

2179 4303 2345 4360 duum
2369 4303 2596 4360 reticulo
2620 4303 2861 4359 insutum
2879 4345 2894 4369 ,
2924 4304 2981 4360 in
3009 4305 3178 4360 maris
3207 4304 3502 4376 profunda,
3529 4321 3777 4362 seorsum

2178 4408 2378 4468 caput,
2423 4411 2668 4453 seorsum
2717 4397 2952 4453 cadaver
2997 4397 3356 4472 immergitur.
3409 4398 3518 4456 Sed
3559 4400 3777 4457 Domini

2179 4490 2382 4546 virtute
2420 4489 2651 4546 rescisso
2680 4489 2940 4557 reticulo,
2962 4491 3206 4546 membra
3228 4490 3390 4561 capiti
3417 4501 3778 4564 revocantur,

482 4581 571 4636 abi
589 4583 1184 4652 stabatletsanctarum
1209 4584 1472 4654 virginum
1488 4585 1928 4654 puchritudinem
1947 4585 2071 4643 ﬁdei
2099 4595 2154 4656 1)
2179 4590 2234 4639 et
2272 4584 2507 4656 scapulis
2535 4584 2722 4640 cervix
2749 4599 2873 4639 cum
2899 4583 3117 4640 indiciis
3143 4584 3414 4654 passionis
3442 4582 3773 4657 adjungitur.

477 4675 651 4732 oculis
684 4675 1084 4742 consideraret,
1120 4677 1378 4748 cogitavit
1407 4686 1460 4734 et
1487 4678 1728 4734 decrevit
1749 4680 1817 4734 ad
1838 4679 2071 4737 similem

478 4766 708 4838 gratiam
747 4767 1049 4836 pervenire.
1082 4767 1149 4822 Et
1181 4783 1248 4822 ne
1278 4768 1476 4840 aliquis
1502 4768 1819 4846 prohiberet
1845 4770 2074 4829 honeste

477 4861 841 4925 descendere,
879 4867 939 4915 ut
972 4860 1357 4932 impedimenta
1391 4863 1622 4930 vitaret,
1654 4878 1755 4920 nec
1779 4878 1937 4936 opes,
1970 4879 2075 4922 nec

477 4961 754 5010 nationem
781 4967 934 5008 suam
966 4954 1333 5025 contemplata
1361 4963 1447 5012 est
1465 4996 1481 5022 ,
1518 4970 1620 5012 nec
1647 4965 1857 5028 patrem
1881 4973 2073 5015 carna-

475 5047 587 5105 lem
631 5046 883 5103 curavit:
914 5049 1034 5115 sed,
1055 5049 1260 5106 relictis
1287 5049 1562 5119 omnibus,
1590 5067 1758 5108 unum
1789 5062 2072 5111 auctorem

475 5140 746 5198 castitatis
775 5140 946 5199 Deum
958 5143 1229 5214 quaesivit,
1259 5159 1421 5215 quem
1443 5145 1499 5203 in
1519 5153 1784 5203 aeternum
1808 5147 2072 5219 possedit,

451 5333 454 5337 .
480 5348 523 5353 __
548 5290 575 5321 ι
615 5277 685 5332 Et
708 5279 955 5353 “utinam
981 5281 1050 5335 ad
1071 5280 1349 5338 bibendum
1368 5282 1569 5353 offerri.
1595 5282 1672 5338 Ita
1694 5299 1827 5340 mss.
1856 5298 2070 5342 omnes.

477 5348 752 5426 Hactenus
780 5351 988 5426 editum
1024 5369 1037 5405 :
1065 5361 1381 5426 etstatugm
1402 5348 1494 5407 "ad
1539 5354 1814 5426 libandum
1846 5356 2028 5426 offerri
2052 5375 2072 5413 :

475 5422 621 5494 quod
667 5423 1074 5496 supposititium
1125 5433 1182 5482 et
1209 5423 1502 5482 allectum.
1557 5422 2071 5498 Intelligit'aquam

2176 4673 2354 4745 Atque
2376 4674 2453 4730 ita
2472 4689 2585 4730 suae
2613 4673 2912 4745 integritati
2938 4674 3206 4730 redditum
3239 4689 3436 4744 corpus
3457 4676 3601 4730 unda
3626 4675 3779 4730 blan-

2177 4767 2330 4822 diore
2357 4767 2426 4822 ad
2461 4765 2570 4840 [ΛΙ.
2621 4765 3049 4834 Cartemianum,
3091 4765 3250 4837 vulgo
3287 4763 3777 4840 Carternitanum].

2177 4858 2558 4915 Cartenarium
2579 4859 2708 4916 litus
2735 4869 3002 4927 evectum,
3017 4861 3296 4934 .condigno
3323 4860 3514 4917 cultua
3531 4861 3779 4918 ﬁdelibus

2179 4952 2504 5009 tumulatum
2529 4962 2633 5010 est.

2248 5048 2622 5120 Antisiodori,
2679 5049 2853 5108 sancti
2894 5047 3186 5119 Germani,
3218 5050 3458 5124 episcopi
3482 5059 3539 5108 et
3562 5049 3778 5108 confes-

2179 5157 2341 5201 SOI'IS.

2178 5301 2432 5429 stativam
2458 5345 2474 5371 ,
2517 5317 2641 5374 qua:
2681 5301 2860 5362 Plinio
2894 5310 3188 5378 stagnans.
3224 5304 3460 5364 Varroni
3506 5317 3659 5364 reses
3692 5303 3777 5362 dl-

2179 5389 2229 5429 CI
2261 5389 2343 5429 ur.

2179 5389 2343 5431 οιιιιτ.

1675 5667 2589 5714 ’ψ
