3962 6366
138 353 258 414 si:
838 286 1446 402 naurvnosociun
1480 287 2304 389 ΩυΜ”⁷ΑΒῡ1ΤΑδΙΕΝΤ18.-
2339 316 2545 377 usus.
2586 316 2752 374 auc.
3329 306 3436 366 διδ

151 448 3435 527 ____._.———-———4———___.______———-————-————-—

1436 615 1741 680 LITANIE
1775 609 2194 674 INDICENDIE.

1295 792 1696 916 ΜΕΝὸΙὸ
1716 801 1728 823 '
1749 780 2302 873 AUGUSTUS

1126 1001 1338 1049 ΗΔΒΕΤ
1379 998 1520 1044 DIES
1563 994 1765 1052 XXXI;
1812 992 1978 1040 LUNA
2022 989 2217 1047 VERO,
2262 983 2452 1030 XXIX.

1648 1148 1876 1164 ﬂ

700 1270 762 1328 C.
792 1267 952 1326 ΚΑΒ.
983 1261 1291 1323 AUGUSTI

836 1364 886 1437 (ι
927 1359 1089 1432 Aug.)

237 1485 270 1518 ι
290 1471 504 1533 Romae,
527 1463 597 1520 ad
627 1467 874 1519 sanctum
898 1455 1118 1510 Petrum
1144 1449 1210 1505 ad
1225 1446 1470 1505 Vincula.

236 1559 580 1622 Antiochia,
619 1549 814 1611 natalis
843 1555 1155 1606 sanctorum
1191 1540 1639 1597 Machabaeorum.

243 1654 398 1728 Apud
446 1648 691 1711 Italiam,
741 1641 962 1700 civitate
1016 1633 1306 1698 Vercellis,
1353 1631 1496 1687 beati
1547 1628 1764 1685 Eusebii

176 1721 415 1821 episcopi
443 1753 501 1800 et
530 1735 892 1800 confessoris,
929 1731 1022 1804 qui
1059 1730 1129 1785 ob
1158 1725 1554 1783 confessionem
1582 1721 1702 1776 ﬁtlei
1733 1736 1764 1775 a

174 1815 496 1898 constantia
528 1832 775 1906 principe
802 1822 1172 1898 Scythopolim
1192 1860 1208 1886 ,
1247 1828 1303 1874 et
1333 1818 1454 1872 inde
1483 1815 1763 1887 Cappado-

175 1933 317 1991 ciam
342 1929 633 2002 relegatus,
657 1923 759 1981 sub
782 1920 996 1977 Juliano
1019 1918 1342 1987 imperatore
1368 1912 1435 1967 ad
1482 1909 1768 1965 ecclesiam

176 2041 328 2084 suam
351 2036 606 2081 reversus
627 2028 731 2076 est.
754 2012 1056 2083 Novissime
1076 2006 1524 2083 persequentibus
1553 2002 1771 2058 Arianis

178 2116 498 2188 martyrium
522 2126 737 2184 passus.

243 2209 404 2281 Apud
436 2204 722 2270 Arabiam,
764 2200 987 2256 civitate
1015 2193 1378 2273 Philadelphia
1397 2231 1412 2257 ,
1440 2189 1540 2246 SS.
1571 2195 1773 2259 marty-

178 2319 298 2360 rum
320 2301 539 2375 Cyrilli,
565 2296 791 2370 Aquilae,
819 2293 985 2359 Petri,
1018 2288 1330 2353 Domianiti,
1367 2283 1484 2340 Ruﬁ
1506 2325 1521 2351 ,
1551 2283 1774 2338 Menanv

180 2395 264 2450 dri
291 2437 308 2461 ,
336 2408 445 2449 una
471 2392 558 2447 die
593 2395 998 2446 coronatorum.

251 2486 282 2526 δ
297 2485 358 2539 In
368 2481 660 2553 Hispaniis.
675 2480 893 2535 civitate
907 2474 1158 2531 Gerunda
1169 2515 1181 2537 ,
1191 2470 1384 2526 natalis
1397 2468 1567 2525 sancti
1580 2465 1776 2524 Felicis

190 2576 456 2648 martyris
478 2615 494 2642 ,
540 2576 629 2646 qui
657 2574 723 2629 de
763 2571 1042 2627 Scillitana
1078 2567 1298 2623 civitate
1321 2565 1617 2629 oriundus,
1649 2577 1772 2618 cum

193 2667 596 2740 persecutiones
631 2666 683 2721 in
724 2663 1000 2735 Hispaniis
1029 2660 1288 2716 adversus
1317 2656 1656 2713 Christianos
1685 2655 1772 2725 agi

190 2762 500 2832 cepissent,
521 2773 740 2815 ascensa
766 2762 1128 2811 mercatorum
1149 2749 1295 2817 navi,
1313 2761 1499 2804 amore
1525 2745 1775 2818 martyrii

185 2855 341 2911 ocius
370 2852 626 2909 accurrit.
658 2851 724 2906 Et
745 2865 869 2908 cum
891 2845 1202 2919 aliquandiu
1229 2839 1370 2917 apud
1392 2843 1772 2908 Barcinonam,

185 2947 496 3020 Empurias,
522 2955 578 3002 et
600 2944 929 3008 Gerundam,
959 2941 1184 2997 verbum
1213 2939 1306 2994 Dei
1333 2937 1634 3009 praedicans
1659 2935 1776 3008 plu-

185 3041 355 3095 rimos
382 3038 437 3093 in
461 3036 568 3094 ﬁde
597 3035 974 3102 confortasset,
995 3041 1051 3089 et
1072 3031 1215 3087 fama
1237 3029 1354 3100 ejus
1374 3029 1534 3101 longe
1563 3027 1778 3099 lateque

186 3131 578 3196 crebresceret,
604 3129 823 3200 iubente
839 3127 1098 3192 Daciano,
1125 3133 1349 3197 repente
1374 3139 1406 3179 a
1438 3121 1633 3178 Ruﬁno
1656 3122 1778 3177 ofﬁ-

187 3225 308 3282 ciali
333 3234 518 3280 tentus
543 3234 646 3280 est.
677 3223 920 3295 Cumque
961 3235 1158 3277 nomen
1193 3218 1394 3275 Christi
1423 3216 1778 3274 conﬁdentis-

186 3318 324 3373 sime
373 3315 673 3383 fateretur,
721 3314 900 3387 primo
947 3311 1184 3366 fustibus
1231 3325 1424 3376 caesus,
1461 3316 1518 3364 et
1562 3309 1618 3363 in
1669 3309 1778 3363 ima

185 3409 426 3467 carceris
461 3416 666 3473 trusus,
706 3405 902 3462 deinde
923 3404 1174 3460 manibus
1197 3401 1536 3474 pedibusque
1571 3399 1776 3470 ligatis,

185 3509 384 3573 negato
406 3499 529 3556 cibo
569 3506 624 3555 et
647 3505 798 3568 potu,
831 3497 884 3551 in
911 3495 1029 3551 loco
1055 3493 1302 3565 squalido
1333 3490 1627 3562 proiectus,
1657 3497 1782 3561 post

187 3597 295 3652 hoc
321 3593 486 3650 etiam
517 3591 725 3648 catenis
751 3588 1088 3660 gravioribus
1111 3587 1466 3654 vinctas,per
1497 3590 1638 3639 totas
1665 3581 1782 3654 pla-

191 3697 315 3743 teas
352 3687 418 3742 ab
445 3683 724 3740 indomitis
751 3681 914 3738 mulis
949 3687 1267 3746 tractus,~et
1313 3691 1452 3748 pene
1499 3675 1557 3731 in
1604 3675 1780 3730 frusta

194 3780 495 3849 discerptus
521 3783 624 3832 est.
653 3774 858 3832 Deinde
886 3773 1088 3829 missus
1113 3771 1169 3826 in
1195 3775 1783 3837 carcerem,nocteque

186 3875 260 3931 ab
287 3871 479 3944 angelo
502 3870 757 3926 visitatus
792 3876 956 3938 atque
1000 3871 1242 3928 sanatus,
1275 3862 1421 3917 facto
1452 3860 1540 3916 die
1568 3859 1636 3914 ad
1665 3873 1784 3915 cer-

186 3967 397 4023 tamina
417 3971 700 4020 revocatus
721 3960 985 4018 est.Tunc
1010 3957 1223 4032 ungulis
1251 3956 1578 4020 excoriatus,
1604 3953 1782 4025 capite

185 4059 412 4115 inverso
438 4057 506 4111 ab
522 4053 654 4110 hora
686 4052 848 4109 tertia
876 4066 1047 4122 usque
1067 4051 1135 4106 ad
1157 4063 1438 4118 vesperam
1467 4060 1782 4117 suspensus,

183 4149 400 4207 nullum
433 4146 647 4220 penitus
684 4145 857 4201 sensit
884 4143 1145 4199 dolorem.
1179 4139 1384 4196 Deinde
1418 4139 1475 4194 in
1507 4151 1786 4192 carcerem

186 4243 426 4300 Ruﬁnus
473 4255 593 4294 eum
625 4238 767 4294 trudi
797 4236 1078 4309 praecepit,
1107 4233 1199 4289 ubi
1245 4247 1345 4304 per
1369 4240 1535 4287 totam
1570 4238 1786 4286 noctem

184 4338 448 4413 splendor
492 4337 743 4409 copiosus
785 4333 1002 4390 effulsit.
1055 4329 1162 4387 Sed
1189 4337 1245 4386 et
1270 4343 1433 4385 voces
1470 4324 1787 4398 angelorum

184 4431 539 4505 psallentium
582 4430 780 4485 auditae
807 4435 953 4483 sunt.
981 4424 1138 4495 Quod
1161 4437 1286 4479 cum
1317 4419 1624 4476 nuntiatum
1656 4415 1788 4473 fuis-

185 4534 279 4582 set
320 4522 517 4579 Ruﬁno
567 4537 598 4578 a
632 4519 966 4585 custodibus,
1011 4516 1175 4588 jussit
1201 4529 1348 4580 eum,
1379 4511 1632 4568 manibus
1654 4518 1779 4581 post

188 4629 407 4690 tergum
437 4616 642 4690 ligatis,
666 4616 720 4672 in
747 4615 916 4671 maris
941 4610 1268 4685 profundum
1291 4607 1574 4681 mergi.lbi
1601 4607 1785 4663 conti-

185 4727 303 4768 nuo
324 4709 541 4767 vincula
569 4709 686 4781 ejus
714 4707 928 4777 dirupta
952 4713 1102 4771 sunt,
1130 4710 1186 4759 et
1207 4699 1416 4774 angelis
1444 4699 1546 4756 sibi
1570 4713 1788 4752 manum

188 4803 534 4868 tenentibus,
587 4816 750 4873 super
790 4798 968 4854 undas
1011 4793 1366 4853 deambulans
1390 4791 1458 4847 ad
1487 4791 1644 4846 littus
1667 4804 1790 4861 per-

183 4899 372 4957 venit.
406 4895 559 4952 Tunc
587 4890 1005 4961 Ruﬁnusjussit
1053 4889 1252 4944 iterum
1293 4895 1477 4942 cutem
1522 4883 1639 4954 ejus
1692 4897 1792 4936 un-

186 4993 342 5066 gulis
367 4989 602 5055 detrahi,
636 5003 700 5043 ac
739 4986 935 5042 deinde
978 4997 1152 5053 usque
1190 4980 1258 5034 ad
1300 4993 1427 5036 ossa
1474 4976 1709 5043 laniari,
1738 4983 1795 5030 et

190 5097 311 5142 tam
346 5082 439 5138 diu
469 5079 693 5135 vulnera
719 5075 1036 5132 vulneribus
1085 5071 1410 5136 instaurari,
1443 5083 1616 5140 usque
1663 5067 1790 5122 dum

189 5179 468 5238 invictum
491 5175 710 5232 Christo
744 5171 996 5244 spiritum
1024 5165 1276 5224 reddidit.
1307 5162 1516 5234 Corpus
1545 5161 1662 5232 ejus
1689 5157 1793 5216 Ge-

189 5271 394 5332 runda:
427 5269 485 5325 in‘
517 5272 890 5331 monumento,
917 5259 1066 5334 quod
1089 5259 1205 5331 ipse
1229 5255 1332 5313 sibi
1369 5259 1792 5327 praeparaverat,

192 5366 486 5425 conditum
519 5372 636 5429 est,
675 5357 847 5416 Nonis
867 5354 1116 5428 Augusti.
1171 5433 1174 5436 ἢ

602 5477 667 5534 D.
696 5475 764 5533 Ν
803 5471 1036 5533 NONAS
1075 5465 1404 5528 AUGUSTI.

862 5567 923 5640 (2
952 5563 1115 5638 Aug.)
1347 5617 1350 5622 .

280 5684 304 5714 ε
343 5671 552 5735 Roma,
574 5667 631 5738 in
670 5660 991 5740 cmmeterio
1017 5657 1229 5738 Callisti
1257 5653 1441 5713 natale
1470 5649 1642 5710 sancti
1669 5647 1798 5708 Ste-

283 5825 316 5855 α
341 5812 376 5866 2
404 5809 582 5866 Mach.
613 5807 667 5862 7.
708 5803 858 5861 Hier.
886 5801 954 5858 de
975 5785 1154 5870 Sci-ip.
1184 5793 1396 5870 Eccles.
1423 5807 1474 5848 c.
1507 5788 1598 5847 96.

289 5884 321 5926 δ
346 5865 515 5954 Greg.
539 5879 671 5934 Tur.
703 5876 771 5933 de
795 5872 979 5932 Gloria
1010 5865 1168 5927 Mart.
1198 5882 1248 5924 c.
1279 5865 1368 5921 92.

1811 4004 1858 4068 C

1784 1272 1833 1320 Α
1859 1272 2026 1347 phani
2047 1284 2198 1344 papae
2216 1276 2274 1325 et
2300 1266 2576 1338 martyris,
2594 1263 2694 1320 sub
2711 1260 2994 1318 Valeriano
3014 1266 3069 1317 et
3085 1257 3329 1317 Gallieno
3349 1257 3453 1316 im-

1861 1365 2223 1440 peratoribus.
2263 1361 2366 1430 Qui
2401 1374 2523 1417 cum
2563 1356 2871 1430 persecutio
2900 1369 3042 1410 saeva
3083 1360 3450 1425 grassaretur,

1862 1464 2055 1519 beatus
2091 1457 2422 1528 Stephanus,
2475 1460 2805 1524 congregato
2834 1448 3090 1504 universo
3134 1446 3281 1503 clero
3329 1459 3449 1510 suo,

1865 1552 2188 1610 hortabatur
2230 1564 2325 1605 eos
2370 1555 2432 1602 ut
2477 1560 2577 1617 pro
2630 1542 2848 1600 Christo
2897 1554 3155 1596 coronam
3204 1533 3452 1609 martyrii

1867 1651 2120 1708 alacriter
2163 1645 2543 1716 susciperent;
2589 1639 2940 1695 ordinaverat
2967 1643 3146 1692 autem
3188 1640 3301 1688 tres
3329 1645 3457 1703 pre-

1869 1744 2136 1814 shyteros,
2167 1748 2222 1794 et
2250 1744 2458 1808 septem
2486 1734 2764 1796 diaconos,
2791 1735 2846 1785 et
2871 1727 3100 1784 clericos
3129 1723 3404 1782 sexdecim
3435 1761 3452 1789 ,

1869 1849 1990 1890 cum
2027 1832 2224 1903 quibus
2273 1829 2339 1884 de
2388 1840 2553 1898 regno
2582 1823 2678 1880 Dei
2709 1821 2929 1877 assidue
2983 1818 3230 1874 docebat.
3263 1813 3457 1870 Divina

1871 1935 2050 1982 autem
2081 1923 2255 1995 gratia
2279 1925 2628 1992 procurante,
2651 1913 3012 1971 occurrebant
3035 1910 3188 1966 multi
3226 1924 3295 1966 ex
3322 1924 3456 1980 gen-

1872 2018 2053 2073 tilibus
2081 2025 2134 2071 et
2157 2011 2370 2069 honesti
2409 2009 2532 2075 viri,
2560 2015 2620 2061 ut
2641 2004 3056 2077 baptizarentur
3085 1999 3153 2055 ab
3185 2015 3272 2056 eo.
3310 1997 3461 2054 Inter

1872 2126 2008 2182 quos
2036 2107 2318 2164 Nemesius
2345 2103 2592 2158 tribunus
2614 2115 2736 2156 cum
2763 2096 2911 2154 omni
2945 2095 3106 2151 domo
3134 2107 3231 2148 sua
3259 2131 3276 2159 ,
3317 2088 3456 2146 ﬁlia-

1874 2220 1978 2277 que
2010 2202 2181 2274 ipsius
2215 2198 2432 2254 nomine
2479 2193 2706 2254 Lucilla.
2741 2205 2860 2263 quae
2909 2203 3051 2244 caeca
3096 2201 3194 2257 per
3240 2184 3462 2240 beatum

1876 2271 2210 2364 Stephanum
2264 2287 2564 2344 illuminata
2621 2284 2837 2348 fuerat,
2886 2288 2942 2336 et
2996 2275 3276 2350 Olympius
3324 2271 3464 2328 alter

1879 2361 2126 2443 tribunus
2154 2396 2276 2437 cum
2305 2393 2474 2435 uxore
2505 2391 2601 2432 sua
2626 2372 2990 2445 Exuperia,et
3017 2367 3126 2424 ﬁlio
3163 2361 3462 2427 Theodulo,

1877 2490 1930 2536 et
1953 2484 2215 2552 quotquot
2232 2472 2583 2530 crediderunt
2603 2469 2658 2524 in
2690 2468 2849 2532 domo
2870 2461 3128 2536 Olympii,
3155 2457 3248 2530 qui
3275 2461 3466 2528 postea

1879 2573 2111 2647 gloriosa
2133 2566 2475 2626 confessione
2496 2561 2816 2634 martyrium
2842 2562 3179 2612 meruerunt.
3203 2547 3465 2606 Celebra-

1876 2667 1969 2722 bat
1990 2673 2171 2720 autem
2196 2661 2392 2718 missas
2433 2665 2598 2727 atque
2625 2649 2850 2710 concilia
2875 2663 2971 2720 per
3012 2652 3232 2717 cryptas
3258 2648 3465 2710 marty-

1877 2773 2018 2814 rum.
2057 2754 2284 2810 Factum
2315 2757 2400 2807 est
2427 2757 2608 2814 autem
2626 2787 2642 2810 ,
2667 2752 2730 2800 ut
2755 2739 3076 2799 Valerianus
3100 2743 3156 2793 et
3184 2733 3466 2791 Gallienus

1873 2857 2250 2925 persecutores
2265 2841 2502 2900 nominis
2521 2837 2746 2904 Christi,
2760 2847 2970 2891 summo
2992 2827 3331 2900 requirerent
3354 2830 3472 2880 stu-

1849 2943 1852 2946 ’
1874 2919 1968 3000 dio
1990 2935 2207 2997 beatum
2227 2936 2582 3008 Stephanum,
2599 2939 2660 2988 ut
2674 2945 2798 2986 eum
2822 2936 2879 2984 et
2899 2923 3127 2982 clericos
3147 2919 3263 2990 ejus
3289 2919 3470 2976 diver-

1850 3033 1956 3094 'sis
1995 3031 2274 3090 adicerent
2316 3027 2510 3100 paenis.
2551 3019 3035 3090 Miserunt'itaque
3073 3011 3472 3071 multitudinem

1880 3129 2137 3193 militum,
2163 3133 2220 3182 et
2248 3129 2536 3178 tenuerunt
2571 3134 2695 3176 eum
2725 3131 2850 3172 cum
2874 3110 3218 3170 multitudine
3243 3108 3466 3165 clerico.

1880 3238 2002 3279 rum
2034 3219 2498 3291 presbyterorum,
2525 3219 2582 3268 et
2606 3211 2975 3266 diaconorum.
3015 3203 3117 3274 Qui
3154 3202 3378 3258 veniens
3406 3199 3476 3255 ad

1880 3290 2120 3371 tribunal
2138 3307 2433 3373 Valeriani,
2451 3304 2599 3362 solus
2613 3301 2874 3359 introivit.
2900 3297 2998 3355 Cui
3016 3295 3336 3354 Valerianus
3355 3311 3367 3347 ε
3385 3290 3469 3347 Tu

1881 3425 1942 3466 es
1965 3407 2293 3478 Stephanus,
2321 3399 2414 3474 qiti
2445 3397 2836 3470 rempublicam
2879 3392 3097 3450 conaris
3127 3373 3394 3455 evertere,
3421 3395 3479 3445 et
3545 3417 3547 3420 ‹

1856 3479 2326 3581 ῗρετευαεὶοηὶὒιις
2354 3501 2516 3563 atque
2539 3486 2938 3546 hortationihus
2966 3483 3124 3541 malis
3157 3479 3413 3554 populum
3443 3491 3478 3534 a

1885 3573 2109 3652 deorum
2137 3588 2395 3646 recedere
2427 3583 2624 3639 suades
2660 3579 2905 3637 cultura?
2941 3577 3141 3632 Beatus
3173 3573 3480 3646 Stephanus

1886 3682 2180 3753 dixit:Ego
2211 3678 2428 3750 quidem
2449 3690 2558 3731 non
2582 3679 2769 3729 everte
2791 3667 3203 3740 rempublicam,
3225 3664 3320 3720 sed
3343 3663 3473 3720 hor-

1862 3765 1974 3857 :tor
1987 3771 2352 3843 ut,derelictis
2372 3766 2654 3826 daemoniis
2673 3779 2792 3837 quae
2813 3765 3112 3819 adorantur
3130 3759 3184 3814 in
3212 3755 3388 3822 idolis,
3409 3755 3477 3811 ad

1886 3871 2060 3927 Deum
2096 3867 2280 3923 vivum
2323 3873 2380 3920 et
2411 3875 2604 3918 verum
2651 3857 2875 3914 redeant
2924 3860 3227 3910 creatorem
3259 3847 3383 3904 cmli
3425 3856 3483 3906 et

1890 3972 2070 4027 terras,
2107 3967 2164 4015 et
2193 3960 2528 4028 cognoscant
2571 3948 2852 4007 Christum
2901 3942 3086 4000 Jesum
3135 3939 3331 3997 Filium
3383 3936 3480 3994 Dei

1891 4057 2062 4113 Deum
2092 4065 2236 4117 esse,
2273 4047 2521 4120 quicum
2553 4042 2721 4099 Patre
2771 4047 2828 4096 et
2869 4035 3075 4110 Spiritu
3103 4041 3293 4092 sancto
3333 4031 3483 4089 solus

1889 4157 1975 4206 est
2009 4133 2395 4218 sempiternus,
2427 4146 2488 4194 ut
2513 4151 2620 4193 non
2661 4139 2888 4206 pereant
2915 4146 3040 4188 cum
3066 4126 3281 4184 diabolo
3321 4125 3377 4182 in
3400 4124 3485 4181 in-

1890 4244 2111 4303 teritum
2141 4237 2556 4309 sempiternum.
2609 4229 2765 4285 Tunc
2794 4224 3116 4283 Valerianus
3161 4219 3327 4291 jussit
3355 4232 3482 4274 eum

1891 4338 2015 4395 duci
2050 4336 2120 4392 ad
2149 4329 2410 4403 templum
2432 4317 2639 4390 Martis,
2670 4331 2726 4379 et
2763 4319 2963 4377 ibidem
2987 4316 3186 4372 dictata
3213 4311 3485 4370 sententia

1891 4433 2070 4503 capite
2093 4401 2356 4490 truncari,
2387 4422 2434 4478 si
2454 4435 2563 4478 non
2590 4415 2964 4488 acquiesceret
2986 4409 3217 4464 adorare
3254 4401 3478 4461 nefandi

1892 4498 2083 4582 Martis
2125 4518 2500 4578 simulacrum.
2539 4510 2844 4568 Perductus
2889 4506 3082 4561 beatus
3113 4498 3422 4572 Stephanus
3449 4510 3486 4554 α

1892 4614 2158 4676 militibus
2177 4611 2325 4668 foras
2338 4619 2523 4663 muros
2542 4601 2726 4675 Appia:
2747 4604 2918 4670 porta:
2932 4594 3001 4650 ad
3021 4589 3305 4663 templum,
3325 4586 3474 4644 leva-

1893 4711 1962 4767 tis
1980 4706 2154 4765 oculis
2169 4704 2238 4760 ad
2257 4699 2479 4766 coelum,
2496 4694 2660 4752 dixit:
2680 4690 2906 4750 Domine
2930 4689 3073 4744 Deus
3091 4691 3246 4756 pater
3269 4679 3485 4737 Domini

1898 4800 2008 4858 mei
2042 4797 2173 4854 Jesu
2202 4791 2428 4857 Christi,
2457 4787 2552 4861 qui
2592 4785 2786 4841 turrim
2817 4777 3151 4838 confusionis
3177 4771 3489 4846 Babylonia

1895 4887 2237 4954 destruxisti,
2265 4886 2485 4943 destrue
2513 4893 2659 4937 nunc
2684 4887 2740 4934 et
2762 4875 2910 4932 hunc
2937 4871 3118 4928 locum
3135 4909 3151 4936 ,
3182 4866 3278 4924 ubi
3301 4865 3487 4924 diabo-

1895 4989 1999 5045 lica
2049 4979 2433 5057 superstitionc
2461 4989 2585 5047 .per
2639 4968 2906 5027 idolorum
2966 4964 3236 5021 culturam
3288 4957 3488 5015 animat

1894 5047 2134 5156 pereunt.
2146 5071 2490 5150 populorum.
2524 5067 2592 5122 Et
2617 5063 2800 5123 statim
2825 5060 2973 5116 facto
3002 5056 3228 5129 fragore
3259 5047 3484 5108 tonitrui

1895 5147 2022 5235 cum
2052 5147 2354 5230 terroribus
2372 5161 2832 5222 coruscationum,
2862 5152 3071 5210 corruit
3091 5147 3330 5206 maxima
3356 5157 3488 5215 pars

1900 5267 2121 5342 templi,
2149 5272 2208 5323 et
2246 5261 2450 5320 milites
2493 5253 2765 5329 pavefacti
2809 5248 3082 5321 fugerunt.
3123 5241 3322 5297 Beatus
3355 5248 3489 5292 vero

1822 5345 1878 5440 ᾗ)
1904 5326 2213 5437 Stephanus
2273 5326 2519 5428 perrexit
2565 5363 2691 5406 cum
2741 5341 3004 5440 omnibus.
3035 5328 3372 5440 Christianis
3409 5326 3489 5440 ‘ad

1903 5415 2510 5516 cmmeteriumsancta:
2534 5438 2775 5501 Lucinae,
2802 5441 2858 5490 et
2896 5427 3082 5486 multis
3121 5436 3214 5481 eos
3241 5415 3491 5516 consola-

1903 5557 1990 5606 tos
2032 5509 2376 5603 sermonibus
2399 5579 2416 5607 ,
2461 5533 2659 5594 obtulit
2703 5542 2803 5602 pro
2856 5524 2938 5581 eis
2987 5515 3317 5578 sacriﬁcium
3371 5509 3490 5607 Deo

1903 5603 2283 5711 omnipotenti.
2315 5603 2448 5701 Quae
2496 5635 2650 5700 gesta
2681 5619 2908 5680 audiens
2947 5610 3303 5675 Valerianus,
3339 5603 3490 5668 misit

1893 5792 1907 5800 ”“
1981 5781 2232 5843 cPontif.
2257 5798 2304 5838 ο.
2340 5778 2431 5842 ει.
