3962 6366
474 394 483 405 ³
528 403 633 460 545
1449 400 1507 458 S.
1544 398 1799 458 ADONlS
1835 394 2266 456 ARCHIEPISC.
2318 394 2732 456 VIENNENSIS
3654 384 3675 405 ³
3716 382 3829 445 3η

480 516 497 529 ⁸
523 518 787 593 plurimos
814 515 1075 584 militum,
1102 513 1195 589 qui
1229 514 1445 573 beatum
1467 512 1806 586 Stephanum
1837 513 2109 586 punirent.
2141 509 2193 574 Ᾱ
2218 510 2348 568 daeis
2376 526 2474 583 pro
2502 511 2605 566 fide
2633 508 2832 565 Christi
2874 504 3264 578 Hierosolymis
3288 505 3821 578 lapidibus‘oppres-

528 612 630 682 Qui
672 612 951 669 venientes
990 612 1317 667 invenerunt
1344 608 1679 665 sacrificium
1731 608 1844 664 Deo
1882 604 2114 663 oﬂ'eren—
2218 619 2313 660 sus
2361 603 2657 669 torrentis;
2693 601 2958 672 jussuque
3003 599 3347 657 sacerdotum
3388 598 3614 656 relictus
3658 608 3824 657 extra

525 713 655 760 tem.
686 702 862 773 Quem
899 703 1224 775 intrepidum
1275 709 1331 757 et
1363 689 1876 757 constantem'ante
1930 695 2116 753 altaris

523 797 809 864 solemnia,
839 804 895 852 et
934 803 1105 867 empta
1136 792 1529 865 perficientem,
1562 792 1618 847 in
1660 792 1851 848 eodem
1898 790 2018 846 loco
2060 789 2114 844 in

526 904 624 947 sua
648 889 1048 945 decollaverunt
1070 887 1197 943 sede
1217 887 1317 941 sub
1348 886 1433 942 die
1460 901 1517 941 iv
1544 882 1820 939 Nonarum
1843 880 2114 951 Augusta-

524 997 667 1037 rum.
712 979 877 1051 Cujus
906 994 1103 1050 corpus
1128 978 1427 1035 Christiani
1461 976 1645 1049 populi
1686 975 2018 1051 sepelierunt
2060 973 2114 1028 in

524 1071 710 1125 eadem
738 1050 927 1143 crypta
952 1084 1078 1124 cum
1115 1069 1232 1140 ipsa
1262 1068 1410 1133 sede,
1428 1067 1518 1122 ubi
1545 1050 1728 1123 astans
1758 1065 1977 1137 sanguis
1999 1062 2117 1134 ejus

523 1159 724 1217 effusus
752 1170 838 1218 est
864 1162 917 1218 in
946 1161 1086 1227 loco,
1112 1163 1205 1233 qui
1232 1162 1534 1233 appellatur
1557 1160 1715 1215 hodie
1736 1158 2116 1214 ctemeterium

523 1253 749 1310 Callisti.
797 1254 952 1313 Sedit
996 1266 1179 1313 autem
1220 1256 1274 1312 in
1326 1256 1641 1329 episcopatu
1681 1270 1853 1311 annos
1886 1264 2115 1325 septem,

474 1346 479 1351 ’
523 1358 740 1404 menses
763 1350 1023 1422 quinque,
1052 1351 1168 1406 dies
1195 1354 1349 1407 duos.

596 1438 798 1496 Eodem
840 1441 946 1508 die,
990 1442 1169 1498 natale
1200 1440 1257 1499 S.
1286 1441 1579 1498 Theodotae
1616 1457 1737 1497 cum
1781 1439 1955 1497 tribus
1996 1439 2121 1497 tiliis

519 1532 636 1587 suis
684 1533 738 1589 in
778 1535 1055 1605 provincia
1117 1534 1392 1608 Bithynia:
1439 1535 1574 1591 urbe
1616 1532 1813 1597 Nicaea,
1875 1541 2118 1603 tempore

522 1618 861 1692 Diocletiani,
886 1626 986 1682 sub
1008 1626 1283 1682 consulari
1300 1622 1506 1680 Nicetio
1527 1635 1582 1680 et
1600 1626 1803 1680 comite
1823 1623 2113 1680 Leucadio.

522 1715 626 1784 Qui
658 1716 799 1774 hanc
846 1734 944 1790 per
987 1720 1183 1776 multos
1214 1720 1332 1776 dies
1378 1718 1766 1776 blandimentis
1794 1728 1850 1774 et
1894 1718 2117 1775 terrori-

2218 706 2454 769 portam,
2492 697 2579 751 via
2606 709 2727 766 quae
2751 695 2918 750 mittit
2946 693 3144 759 Cedar,
3174 692 3363 748 bestiis
3388 708 3455 748 ac
3494 693 3699 749 avibus
3731 695 3826 749 de-

2221 789 2510 844 vorandos.
2544 787 2650 843 Sed
2681 787 2784 842 hoc
2818 784 3043 841 omnino
3093 783 3372 853 prohibuit
3414 782 3505 839 ille
3553 784 3645 840 cui
3690 784 3824 842 illab-

2218 897 2333 939 sam
2364 882 2503 936 idem
2528 890 2737 952 martyr
2766 880 2926 935 ﬁdem
2952 877 3209 934 servavit.
3258 876 3377 945 Quo
3436 875 3608 942 facto,
3667 893 3820 934 rare-

2220 982 2404 1029 scente
2446 971 2755 1032 Iudaeorum
2798 970 3046 1042 perfidia,
3099 983 3407 1024 convocans
3456 969 3629 1024 ascivi
3681 970 3817 1027 mihi

2220 1065 2595 1137 religiosorum
2621 1064 2863 1119 virorum
2908 1063 3149 1128 turbam,
3199 1068 3639 1132 conventumque
3682 1060 3815 1116 ﬁde-

2220 1162 2371 1227 lium,
2420 1176 2482 1216 ac
2509 1158 2817 1224 blandiens,
2862 1157 3224 1227 suadensque,
3282 1153 3478 1211 affatus
3519 1171 3646 1211 sum
3698 1155 3815 1210 ita:

2220 1257 2458 1314 Obsecro
2483 1270 2603 1319 vos,
2635 1253 2831 1309 fratres
2877 1250 3210 1315 charissimi,
3245 1258 3304 1305 ut
3350 1251 3627 1306 neminem
3669 1266 3817 1306 reve-

2220 1348 2469 1413 reamini,
2522 1346 2836 1417 colligentes
2885 1352 3130 1399 sanctum
3179 1341 3376 1413 pignus
3418 1341 3479 1395 Β.
3525 1340 3813 1412 Stephani,

2219 1441 2426 1498 deferte
2454 1439 2653 1495 villula:
2685 1447 2903 1504 nostrze,
2935 1452 3098 1506 quam
3134 1435 3352 1489 nomine
3404 1450 3504 1489 suo
3557 1435 3815 1495 rioniina-

2220 1545 2374 1591 verat
2401 1530 2846 1604 Caphargamala,
2876 1544 2996 1600 qua:
3038 1526 3303 1601 vigesimo
3346 1527 3583 1585 secundo
3640 1527 3814 1599 lapide

2220 1630 2289 1687 ab
2346 1629 2477 1685 urbe
2530 1625 2904 1697 Hierosolyma
2960 1624 3145 1689 distat,
3198 1630 3255 1678 et
3298 1637 3449 1678 more
3486 1621 3681 1697 solito,
3728 1637 3812 1677 so-

2218 1720 2383 1780 lemni
2444 1736 2569 1777 cum
2597 1695 2793 1775 funere
2842 1716 3085 1788 sepelite.
3135 1715 3293 1784 Quod
3350 1724 3406 1772 et
3451 1695 3670 1774 factum
3715 1724 3808 1771 est.

482 1824 487 1835 ί
522 1809 623 1864 bus
668 1824 862 1884 cegere
905 1814 1077 1869 voluit
1112 1822 1172 1869 ut
1200 1812 1320 1884 ejus
1370 1813 1618 1885 conjugio
1647 1822 1972 1868 necteretur.
2009 1810 2115 1867 Sed
2216 1814 2310 1871 ille
2335 1829 2465 1869 vero
2492 1813 2584 1882 qui
2625 1811 2788 1881 hujus
2835 1810 3028 1867 locello
3056 1808 3205 1879 jacet
3227 1810 3530 1882 contiguus,
3562 1811 3693 1882 ipse
3734 1818 3811 1865 est

521 1915 643 1956 cum
676 1912 862 1959 sancta
918 1904 1120 1961 femina
1169 1905 1316 1961 nullo
1352 1904 1515 1960 modo
1566 1904 1922 1968 consentiret,
1966 1901 2112 1957 ferro
2141 1885 2187 1945 Β
2216 1907 2539 1965 Nicodemus
2567 1922 2735 1978 nepos
2760 1922 2939 1972 meus,
2966 1905 3058 1976 qui
3087 1913 3147 1960 ut
3170 1913 3549 1960 renasceretur
3566 1920 3644 1959 ex
3674 1918 3806 1973 aqua

519 1993 758 2051 vinctam
796 2013 918 2053 cum
948 1997 1073 2053 filiis
1102 1997 1371 2055 consulari
1397 1997 1666 2069 Bithyniae
1705 1994 1916 2052 Nicetio
1948 1995 2111 2051 desti-

520 2089 691 2143 navit.
723 2089 793 2144 At
842 2090 933 2146 ille
979 2089 1149 2146 ﬁlium
1199 2090 1315 2159 ejus
1360 2089 1779 2162 primogenitum
1827 2088 2111 2154 Evodium,

520 2175 794 2236 Christum
828 2181 1153 2238 tiducialiter
1180 2183 1553 2249 confitentem,
1578 2182 1630 2238 in
1672 2189 1967 2253 conspectu
1998 2197 2115 2236 ma-

521 2271 622 2328 tris
654 2264 784 2329 fecit
836 2274 1070 2333 fustibus
1104 2277 1256 2333 caedi.
1310 2276 1408 2332 Cui
1450 2286 1625 2331 mater
1668 2276 1754 2348 pia
1801 2275 2108 2331 clamabat:

520 2360 663 2432 Noli,
716 2365 816 2435 illi,
876 2368 1067 2425 timere
1126 2369 1228 2425 ista
1268 2370 1527 2437 verbera;
1582 2384 1679 2442 per
1724 2372 1837 2441 ipsa
1870 2369 2014 2424 enim
2044 2368 2113 2424 ad

520 2464 732 2515 (eterna
780 2459 983 2515 Christi
1040 2460 1234 2532 gaudia
1273 2452 1572 2533 pertinges.
1618 2461 1768 2516 Tunc
1811 2460 2113 2517 c0nsularis

518 2552 761 2610 Nicetius
806 2548 969 2619 jussit
1023 2551 1237 2607 cuidam
1290 2551 1532 2620 Hirtaco,
1584 2560 1645 2607 ut
1700 2552 2112 2622 apprehendens

517 2644 736 2702 beatam
788 2639 1124 2710 Theodoten,
1171 2644 1321 2715 prius
1366 2642 1441 2697 illi
1475 2641 1752 2708 illuderet;
1785 2649 1839 2698 et
1867 2650 2110 2714 postmo-

518 2738 645 2795 dum
674 2738 818 2794 inter
846 2738 1093 2808 publicas
1142 2739 1460 2794 meretrices
1510 2738 1888 2795 constitueret.
1936 2739 2108 2807 Quam

515 2827 606 2885 ille
646 2828 830 2886 volens
862 2839 1067 2895 tenere,
1107 2828 1175 2885 de
1224 2831 1447 2886 naribus
1500 2831 1618 2901 ejus
1672 2832 1838 2902 coepit
1887 2832 2109 2903 sanguis

517 2922 867 2979 vehementer
892 2921 1130 2977 emuere.
1158 2922 1259 2990 Qui
1283 2922 1526 2979 clamans
1546 2922 1682 2978 dixit
1707 2922 1917 2979 Nicetio
1945 2943 1956 2979 :
1987 2922 2110 2980 Stat

514 3012 665 3085 juxta
698 3030 818 3070 eam
842 3012 1057 3085 juvenis
1083 3014 1328 3085 pulcher,
1364 3015 1570 3071 auratis
1605 3012 1846 3071 vestibus
1867 3014 2105 3084 indutus,

514 3120 580 3163 ex
613 3104 766 3175 cujus
796 3123 959 3162 manu
987 3121 1225 3180 pugnum
1265 3107 1448 3178 accepi
1471 3107 1524 3162 in
1556 3108 1796 3163 naribus.
1846 3106 2107 3164 Consula-

2214 2010 2269 2056 et
2299 1998 2506 2071 Spiritu
2539 2006 2726 2056 sancto
2773 2014 2805 2054 a
2848 1997 3132 2053 Salvatore
3171 1996 3405 2062 audivit;
3445 1996 3596 2066 quia
3648 1994 3810 2051 Petro

2215 2109 2341 2149 mox
2375 2101 2431 2148 et
2449 2091 2658 2147 Joanne
2683 2099 2766 2146 est
2800 2090 3127 2161 baptizatus.
3160 2085 3266 2143 Pro
3313 2102 3423 2158 quo
3452 2087 3810 2158 postmodum

2216 2186 2480 2260 indignati
2509 2186 2783 2259 principes
2805 2184 3173 2247 sacerdotum,
3205 2180 3484 2236 subtracto
3509 2180 3556 2235 ei
3597 2179 3810 2250 princi-

2212 2291 2373 2354 patus
2418 2283 2641 2347 honore,
2711 2278 3049 2335 conabantur
3121 2288 3245 2331 eum
3322 2273 3535 2329 tradere
3614 2273 3801 2327 morti.

2215 2376 2321 2432 Sed
2390 2374 2559 2430 nostri
2626 2372 2801 2446 gratia
2859 2378 3169 2438 nostraeque
3215 2363 3641 2437 propinquitatis
3694 2364 3806 2436 jure

2214 2467 2470 2539 repressi,
2547 2480 2656 2521 non
2729 2463 2995 2518 fecerunt.
3065 2457 3443 2515 Verumtamen
3517 2454 3804 2526 expulsum

2213 2560 2363 2616 foras
2438 2559 2627 2615 urbem
2710 2556 3050 2626 diripuerunt
3128 2566 3343 2607 omnem
3418 2546 3802 2620 supellectilem

2213 2653 2354 2724 ejus,
2410 2649 2699 2719 multisque
2742 2645 3035 2702 allicientes
3088 2642 3257 2716 plagis
3306 2640 3632 2697 semivivum
3698 2641 3804 2695 reli-

2212 2749 2469 2816 querunt.
2512 2741 2625 2812 Ego
2652 2739 2906 2795 nimirum
2948 2747 3003 2792 et
3027 2737 3172 2791 hunc
3206 2733 3417 2806 collegi,
3445 2742 3499 2789 et
3530 2748 3733 2789 curam
3759 2733 3801 2787 ei

2213 2835 2457 2892 adhiberi
2474 2831 2724 2904 praacepi.
2756 2830 2856 2898 Qui
2872 2827 3148 2902 paululum
3163 2827 3261 2882 fuit
3284 2825 3507 2881 instanti
3525 2834 3801 2896 superstes

2211 2927 2341 2992 vita,
2366 2924 2431 2981 ad
2458 2932 2698 2996 optatam
2737 2932 2794 2977 et
2841 2921 2955 2990 ipse
2997 2919 3234 2990 quietem
3279 2917 3583 2987 migravit;
3646 2931 3797 2988 quem

2210 3012 2468 3076 exhibitis
2495 3015 2702 3073 funeris
2730 3013 3027 3087 exsequiis,
3058 3011 3124 3069 ad
3172 3010 3596 3084 protomartyris
3643 3011 3801 3081 pedes

2204 3114 2343 3186 jussi
2376 3113 2591 3169 tradere
2619 3110 2929 3183 sepuituraa.
2976 3107 3069 3164 Ille
3091 3116 3270 3163 autem
3305 3105 3517 3171 tertius,
3557 3106 3661 3175 qui
3701 3118 3801 3160 me-

516 3196 595 3252 ris
628 3211 756 3267 ergo
791 3196 1031 3252 Nicetius
1045 3196 1209 3266 jussit
1232 3197 1413 3269 ignem
1444 3199 1722 3267 copiosum
1750 3199 1995 3265 accendi,
2049 3208 2106 3255 et
2137 3267 2176 3278 _
2209 3222 2332 3264 cum
2354 3203 2666 3278 quiescendi
2696 3202 2935 3272 possidet
2958 3201 3162 3266 locum,
3196 3201 3308 3269 ipse
3328 3208 3413 3254 est
3433 3197 3643 3253 Abibas
3670 3196 3800 3252 ﬁlius

514 3288 730 3347 beatam
770 3288 1083 3346 Theodoten
1124 3267 1465 3346 cum'tribus
1517 3290 1641 3369 filiis
1698 3291 1811 3349 suis
1862 3293 2099 3349 immitti.
2131 3267 2176 3330 ο
2207 3267 2389 3363 meus:
2424 3297 2515 3369 qui
2564 3267 2775 3353 mecum
2822 3293 3038 3350 Christo
3088 3267 3233 3357 Iesu,
3268 3290 3588 3363 vigesimum
3636 3303 3800 3363 agens

517 3380 649 3450 Qua:
676 3382 883 3455 gratias
907 3379 1147 3438 referens
1174 3381 1309 3449 Deo,
1332 3381 1546 3438 dicebat
1574 3363 1966 3440 {Benedictum
2006 3402 2105 3442 no-

516 3489 641 3530 men
664 3466 883 3546 pietatis
917 3483 1040 3540 tuac,
1066 3473 1311 3543 Domine,
1347 3477 1434 3547 qui
1465 3491 1551 3533 me
1577 3477 1746 3533 neciu
1769 3479 1874 3534 isto
1906 3480 2105 3536 saeculo

515 3584 544 3622 a
580 3568 702 3623 filiis
735 3569 868 3626 meis
892 3568 1180 3640 separasti,
1219 3584 1316 3625 nec
1344 3571 1397 3625 in
1427 3571 1502 3626 tui
1545 3571 1779 3628 nominis
1812 3572 2108 3628 confessio-

516 3673 584 3714 ne
614 3656 845 3732 disjungi
875 3676 1068 3732 passus
1095 3677 1184 3727 es,
1216 3678 1318 3718 nec
1356 3662 1409 3717 in
1451 3664 1715 3736 martyrio
1764 3664 1930 3719 dividi
1976 3679 2103 3734 per-

515 3750 733 3807 misisti.
758 3750 1144 3808 Consummata
1165 3762 1250 3808 est
1273 3754 1437 3826 igitur
1467 3771 1588 3810 cum
1624 3756 1798 3811 tribus
1829 3754 1955 3810 filiis
1990 3756 2104 3811 suis

515 3852 703 3898 sancta
734 3841 1036 3910 Theodota,
1065 3845 1165 3901 sub
1197 3845 1284 3901 die
1309 3855 1504 3916 quarto
1534 3846 1805 3902 Nonarum
1835 3846 2105 3920 Augusta-

517 3949 658 3991 rum.

908 4025 967 4082 E.
1007 4024 1071 4082 [ll
1112 4022 1343 4084 NONAS
1391 4024 1713 4085 AUGUSTI.

718 4160 724 4166 .
1193 4122 1250 4194 (3
1279 4121 1441 4195 Aug.)

586 4220 617 4252 ι
654 4208 1067 4284 Hierosolymis,
1103 4212 1342 4269 inventio
1372 4214 1618 4285 corporis
1646 4213 1949 4270 beatissimi
1983 4214 2106 4271 Ste-

515 4298 681 4373 phani
705 4302 1144 4376 protomartyris,
1178 4312 1235 4359 et
1279 4311 1593 4360 sanctorum
1645 4302 1978 4372 Gamalielis,
2012 4304 2103 4361 Ni-

515 4394 749 4463 codemi,
800 4404 854 4452 et
881 4394 1117 4464 Abibon,
1172 4396 1314 4453 sicut
1353 4398 1652 4455 revelatum
1686 4407 1769 4454 est
1813 4410 1842 4454 a
1874 4399 2104 4458 Domino

515 4490 677 4546 beato
702 4491 1023 4564 presbytero
1053 4488 1319 4559 Luciano,
1361 4491 1593 4564 septimo
1638 4490 1860 4549 Honorii
1905 4494 2106 4564 princi-

2207 3409 2407 3450 annum
2432 3391 2606 3448 aetatis
2633 3405 2777 3456 suae,
2804 3404 2911 3445 una
2932 3388 3183 3453 credidit,
3228 3394 3280 3442 et
3320 3401 3350 3441 a
3390 3384 3633 3456 praefatis
3673 3398 3799 3453 apo-

2207 3487 2362 3545 stolis
2383 3485 2576 3541 azterni
2598 3484 2763 3540 fontis
2793 3482 2934 3538 unda
2959 3479 3229 3555 perfusus.
3251 3479 3322 3545 is,
3346 3478 3475 3534 dum
3494 3486 3650 3533 esset
3675 3475 3798 3547 legis

2207 3579 2454 3641 doctrina
2512 3576 2669 3648 plene
2718 3575 3003 3641 eruditus,
3054 3572 3254 3643 templo
3310 3569 3409 3627 Dei
3462 3585 3590 3626 cum
3639 3567 3795 3624 Paulo

2205 3671 2393 3729 sedulo
2418 3685 2638 3734 vacans,
2669 3667 2850 3724 divina
2897 3665 3208 3722 meditando
3248 3673 3540 3736 praecepta.
3594 3662 3668 3718 ab
3717 3661 3794 3716 illo

2206 3766 2363 3831 vitio,
2395 3763 2482 3820 cui
2506 3775 2566 3818 se
2589 3776 2759 3833 genus
2775 3759 3012 3817 maxime
3037 3757 3272 3815 subdere
3310 3755 3450 3812 solet
3476 3755 3791 3818 humanum,

2207 3857 2542 3926 protectione
2583 3860 2769 3909 tuente
2797 3849 3287 3922 superna,.exstitit
3314 3848 3471 3912 liber,
3517 3856 3576 3903 et
3622 3848 3681 3904 in
3707 3847 3796 3903 hoc

2209 3951 2476 4007 castitatis
2505 3949 2782 4023 prOposito
2807 3946 3055 4018 pausavit
3075 3945 3132 4000 in
3162 3958 3297 4017 pace
3324 3960 3341 4009 ;
3375 3958 3502 4000 cum
3528 3941 3734 4013 quibus
3753 3951 3799 3998 et

2207 4059 2306 4114 ego
2329 4043 2508 4114 jaceo.
2559 4040 2764 4111 Conjux
2790 4053 3008 4111 quoque
3047 4052 3167 4093 mea
3201 4036 3412 4102 Ethna,
3452 4044 3511 4090 et
3538 4032 3799 4091 Selemias

2207 4138 2596 4210 primogenitus
2623 4145 2829 4201 noster,
2876 4135 3125 4191 nolentes
3169 4135 3388 4192 credere
3428 4132 3681 4200 Christo,
3716 4131 3798 4187 sed

2209 4231 2487 4303 religionis
2523 4230 2719 4285 unitati
2747 4238 2799 4283 et
2836 4227 2960 4284 fidei
2988 4228 3333 4298 derogantes,
3363 4224 3418 4279 in
3457 4224 3799 4296 possessione

2207 4322 2643 4393 Capharselemia
2672 4329 2799 4379 sunt
2829 4321 3099 4377 tumulati.
3128 4320 3540 4386 Verumtamen,
3569 4334 3683 4391 quo
3710 4332 3797 4374 nos

2207 4416 2431 4488 repositi
2470 4432 2657 4473 sumus
2693 4431 2817 4472 cum
2857 4414 3046 4472 fodere
3085 4414 3340 4486 carperis,
3375 4414 3566 4469 inanes
3618 4428 3796 4470 eorum

2208 4507 2446 4578 reperies
2478 4506 2733 4573 tumulos,
2775 4506 2900 4577 quia
2931 4505 3210 4562 nobiscum
3258 4519 3367 4560 non
3395 4502 3623 4560 fuerunt
3664 4502 3796 4574 digni

438 4604 439 4607 η
498 4585 601 4658 'pis
623 4600 785 4640 anno.
823 4584 956 4640 Nam
996 4586 1121 4642 dum
1145 4588 1450 4659 queisceret
1478 4588 1532 4642 in
1558 4586 1778 4643 basilica
1794 4587 2100 4658 haptisterii
2130 4633 2184 4694 Β
2210 4598 2484 4654 inmutari.
2525 4597 2768 4669 cumque
2804 4596 3132 4653 venerabilis
3167 4595 3450 4668 presbyter
3483 4593 3796 4666 praedictum

517 4677 571 4732 in
604 4686 775 4733 stratu
803 4695 920 4745 suo,
952 4679 1040 4735 die
1071 4690 1223 4736 sexta
1256 4679 1390 4738 feria
1420 4680 1789 4749 illucescente,
1829 4685 1974 4739 circa
2000 4684 2101 4739 ho-

515 4785 633 4826 ram
659 4772 871 4827 tertiam
904 4771 1098 4837 noctis,
1150 4773 1275 4829 dum
1334 4774 1512 4829 adhuc
1564 4759 1933 4848 pervigilaret,
1984 4782 2103 4830 tan-

516 4880 680 4939 quam
720 4865 773 4920 in
801 4879 1026 4920 excessu
1048 4866 1246 4921 mentis
1264 4864 1507 4933 effectus,
1536 4866 1672 4922 vidit
1693 4869 1866 4922 virum
1896 4882 2099 4932 senem,

517 4964 726 5012 statura
774 4971 1082 5028 procerum,
1138 4956 1286 5011 vultu
1323 4955 1600 5024 decorum,
1649 4956 1859 5029 prolixa
1909 4957 2101 5025 barba,

519 5047 574 5104 in
605 5049 804 5104 vestitu
854 5050 1104 5114 candido,
1138 5050 1394 5104 amictum
1428 5049 1611 5121 pallio,
1668 5051 1721 5105 in
1768 5052 1923 5122 cujus
1950 5066 2100 5106 sum-

521 5139 802 5195 mitatibus
837 5148 994 5194 erant
1038 5130 1294 5210 tanquam
1335 5154 1514 5195 aureae
1563 5156 1754 5196 cruces
1804 5149 2101 5207 contextae;

518 5232 818 5289 calceatum
844 5232 1052 5305 caligis,
1085 5233 1136 5287 in
1176 5231 1464 5303 superficie
1491 5233 1787 5299 deauratis,
1837 5242 1892 5288 ct
1943 5249 2106 5288 manu

519 5326 739 5381 tenebat
762 5326 963 5398 virgam
992 5340 1231 5387 auream,
1273 5325 1337 5380 de
1368 5341 1475 5395 qua
1517 5333 1742 5395 tangens
1781 5329 1928 5391 eum,
1970 5324 2107 5381 dixit

518 5428 576 5476 se
601 5433 722 5476 esse
747 5418 1123 5493 Gamalielem,
1162 5419 1254 5489 qui
1286 5419 1513 5474 nutrivit
1533 5420 1833 5491 apostolum
1855 5418 2102 5486 Paulum,

518 5520 573 5568 et
596 5512 739 5570 inter
766 5512 869 5568 alia
902 5510 1039 5567 dixit
1057 5513 1107 5567 ei
1144 5530 1155 5565 :
1183 5510 1407 5567 Summa
1435 5524 1557 5565 cum
1585 5510 1862 5583 diligentia
1892 5520 2107 5568 nostros

512 5590 808 5677 patefacito
858 5604 1112 5670 tumulos,
1168 5604 1296 5675 quia
1328 5605 1645 5660 indecenter
1686 5603 1940 5674 despecto
1990 5603 2110 5661 loco

521 5698 783 5753 reconditi
817 5714 1022 5754 sumus.
1068 5697 1133 5753 Et
1172 5713 1295 5753 cum
1348 5696 1755 5769 interrogasset,
1785 5698 1874 5768 qui
1924 5706 2111 5753 essent

523 5806 645 5849 cum
666 5804 733 5845 eo
760 5804 775 5845 :
810 5788 958 5846 Unus
977 5798 1084 5856 est,
1110 5789 1305 5861 inquit,
1341 5788 1572 5845 domnus
1601 5788 1934 5862 Stephanus,
1958 5805 1990 5845 a
2015 5787 2111 5845 Ju-

595 5917 621 5959 ρ
660 5900 904 5969 Gennad.
930 5905 1001 5963 de
1019 5903 1138 5962 Vir.
1170 5903 1365 5961 illustr.
1399 5917 1519 5983 cap.
1547 5899 1637 5958 46.

2208 4693 2382 4747 virum
2412 4692 2788 4748 sciscitaretur
2816 4710 2830 4745 :
2864 4691 2965 4747 Ubi
2996 4707 3112 4759 vos,
3139 4689 3410 4762 inquiens,
3445 4688 3795 4755 inveniemus,

2210 4784 2475 4840 Domine?
2502 4785 2577 4839 ait
2607 4783 2698 4841 ille
2724 4803 2738 4839 ι
2770 4784 2830 4840 In
2872 4784 3045 4856 agello
3071 4794 3278 4850 nostro,
3321 4782 3414 4853 qui
3441 4781 3672 4854 Syrisce
3701 4780 3796 4836 De-

2209 4874 2559 4947 lamgabrica,
2592 4890 2800 4931 necnon
2829 4874 3168 4931 Debatthalia
3212 4883 3455 4941 vocatur,
3507 4873 3562 4928 id
3608 4882 3696 4929 est
3727 4871 3799 4927 vi-

2210 4984 2393 5024 rorum
2418 4968 2513 5023 Dei
2539 4983 2634 5022 seu
2660 4967 2941 5022 beatorum
2969 4967 3261 5038 possessio.
3302 4964 3432 5032 Qua:
3460 4964 3604 5022 visio
3629 4963 3797 5022 consi-

2212 5060 2357 5117 milis
2382 5062 2430 5117 ei
2474 5062 2671 5117 iterum
2704 5060 3010 5129 iterumque
3031 5060 3297 5131 apparuit.
3335 5058 3581 5132 Surgens
3624 5066 3798 5115 autem

2214 5156 2541 5212 venerabilis
2572 5155 2878 5228 presbyter,
2905 5155 3149 5224 perrexit
3179 5157 3233 5210 in
3271 5154 3547 5211 civitatem
3591 5155 3660 5210 ad
3708 5170 3797 5209 an-

2214 5247 2438 5304 tistitem
2482 5245 2780 5311 Joannem,
2828 5245 2894 5301 de
2942 5261 3051 5316 quo
3104 5260 3201 5316 per
3249 5247 3513 5301 visionem
3565 5246 3797 5305 monitus

2213 5341 2410 5399 fuerat.
2438 5342 2682 5410 Cumque
2709 5340 2803 5407 illi,
2834 5332 3088 5409 cleroque
3110 5339 3227 5409 ejus
3254 5339 3618 5411 particulatim
3640 5340 3797 5393 visio-

2165 5484 2173 5494 .
2214 5437 2298 5492 nis
2332 5437 2528 5492 seriem
2557 5434 2852 5499 retulisset,
2884 5433 2972 5488 ille
2992 5433 3248 5505 lacrymis
3282 5448 3393 5505 prae
3422 5433 3617 5504 gaudio
3645 5430 3794 5493 fusis,

2211 5533 2489 5591 benedixit
2545 5531 2860 5597 Dominum;
2919 5544 3082 5600 teque
3136 5529 3401 5602 veraciter
3442 5537 3503 5583 ut
3549 5535 3664 5584 erat
3707 5540 3797 5597 per

2211 5627 2395 5683 omnia
2419 5632 2692 5696 comperta
2704 5664 2718 5690 ,
2733 5624 2923 5679 beatus
2937 5622 3223 5695 episcOpus
3243 5623 3344 5677 sub
3358 5622 3505 5677 omni
3529 5619 3794 5676 celeritate

2214 5707 2281 5762 ad
2310 5706 2506 5762 fratres
2539 5712 2595 5761 et
2632 5704 2980 5775 coepiscopos
3030 5702 3326 5759 vicinarum
3376 5701 3586 5757 urbium
3625 5700 3790 5754 misit.

2215 5786 2318 5856 Qui
2344 5803 2469 5844 cum
2494 5785 2881 5855 occurrissent,
2910 5792 2965 5842 et
3000 5783 3182 5842 locum
3206 5784 3586 5873 prtesignatuni
3612 5780 3793 5836 fodere
