3962 6366
74 424 190 481 ΕΠ

770 392 1377 463 MARTYROLOGIUM
1412 400 1558 460 CUM
1597 394 2132 458 ADDITAMENTIS.
2170 429 2241 439 —
2274 394 2481 453 MENS.
2521 392 2681 450 AUG.

3162 416 3167 420 ·
3257 389 3361 448 318

22 550 29 555 ·
74 536 403 606 cmpiSs‘ent,
429 537 590 588 terrai
617 534 769 585 metu
811 522 992 584 statim
1023 520 1189 593 facto,
1216 524 1465 582 immensi
1493 525 1678 580 odoris
1705 529 1753 590 Α
1783 522 2135 590 remandavit,
2168 529 2246 589 ut,
2291 524 2414 579 data
2441 521 2728 588 sententia,
2760 517 2876 592 ejus
2900 524 3062 588 caput
3081 500 3367 572 abscinde-

73 625 331 685 suavitas
352 622 504 680 tanta
549 617 747 677 exinde
787 622 1167 689 reapersa'est,
1201 620 1459 687 quantam
1505 612 1678 669 nullo-

72 736 206 779 rum
249 714 385 775 artas
433 713 713 772 hominum
766 716 895 766 tunc
943 708 1201 782 temporis
1252 698 1573 764 meminerat
1619 721 1681 764 se

72 806 364 879 sensisse:
394 808 470 867 ita
497 816 557 865 ut
580 808 837 880 putarent
860 818 920 861 se
964 808 1259 874 praesentes
1283 800 1337 859 in
1367 799 1681 859 amoenitate

74 904 324 982 paradisi
350 906 505 963 sitos.
541 900 608 957 Et
637 901 691 956 in
720 892 836 972 ipsa
876 896 1010 955 hora
1066 897 1130 954 de
1180 895 1462 952 suavitatis
1515 896 1683 951 odore

77 996 432 1073 septuaginta
458 1000 571 1052 tres
595 994 789 1050 animae
810 1002 937 1049 sunt
964 997 1166 1047 curatae
1211 1004 1242 1044 a
1281 988 1508 1045 diVersis
1529 984 1683 1042 infir-

82 1092 393 1148 mitatibus.
408 1088 650 1144 Aderant
675 1095 801 1141 tunc
819 1083 1079 1155 temporis
1092 1091 1260 1137 testes
1272 1081 1678 1146 miraculorum,

79 1198 208 1239 cum
245 1181 413 1236 beato
436 1175 665 1242 Joanne,
695 1173 1044 1232 Eustontihus
1064 1170 1412 1239 Sebastenus,
1436 1172 1489 1228 el
1517 1170 1679 1229 Eleu-

80 1274 303 1331 therius
353 1268 723 1328 Jericontinus
786 1264 1072 1339 pontiﬁces
1101 1307 1117 1333 ,
1175 1278 1297 1319 cum
1358 1260 1680 1320 Clericorum

84 1364 441 1423 sanctissimo
467 1360 748 1417 comitatu.
771 1356 874 1427 Qui
905 1356 1212 1414 osculantes
1246 1339 1389 1412 beati
1419 1350 1682 1425 Stephani

85 1461 311 1532 pignus,
342 1456 628 1525 locumque
647 1452 983 1516 claudentes,
1000 1446 1347 1522 cum.gaudio
1374 1445 1438 1503 ad
1463 1444 1682 1519 propria

88 1561 217 1608 sunt
250 1548 471 1607 reversi.
504 1547 636 1603 Post
676 1558 878 1617 paucos
907 1552 1085 1599 autem
1112 1543 1228 1598 dies
1258 1554 1456 1614 corpus
1495 1548 1685 1611 proto-

88 1644 352 1716 martyris
373 1638 636 1712 Stephani
667 1639 718 1693 in
751 1636 879 1693 Sion
904 1635 970 1691 ad
993 1642 1235 1692 sanctam
1261 1630 1567 1697 ecclesiam,
1592 1630 1686 1687 ubi

93 1735 509 1791 archidiaconus
530 1731 711 1791 fuerat
744 1726 1050 1793 ordinatus,
1076 1742 1151 1783 vn
1182 1724 1407 1781 Kalend.
1441 1722 1687 1781 Januarii

92 1843 229 1893 cum,
266 1825 483 1898 psalmis
508 1832 561 1880 et
596 1821 815 1895 hymnis
859 1819 1184 1876 detulerunt.
1230 1812 1383 1872 Tunc
1427 1814 1688 1886 temporis

98 1936 220 1977 cum
269 1919 489 1990 prolixa:
515 1914 778 1972 siccitatis
808 1920 952 1969 esset
1002 1909 1366 1974 immensitas,
1418 1904 1688 1963 sulliciens
1715 1907 1766 1971 Β

103 2031 346 2090 supernae
396 2011 615 2087 pietatis
670 2010 854 2082 pluvia
885 2004 1185 2073 descendit,
1246 2020 1366 2077 quae
1413 2004 1688 2086 sitientem

99 2082 300 2184 largius
341 2082 546 2166 terram
586 2100 1240 2172 madefaciensirrigavit.
1276 2097 1429 2167 Quod
1481 2082 1692 2151 meritis

98 2203 242 2262 beati
290 2201 545 2274 martyris
592 2192 853 2268 Stephani
886 2193 1066 2250 nullus
1097 2190 1321 2262 ambigit
1362 2186 1691 2261 periclitanti

95 2297 295 2374 populo
323 2306 641 2354 concessum
681 2290 867 2347 fuisse.
908 2284 1061 2343 lianc
1086 2283 1468 2343 revelationcm
1495 2279 1691 2336 Lucin-

96 2372 203 2449 nus
225 2382 509 2463 presbyter
535 2384 726 2441 Grzeco
753 2396 1004 2439 sermone
1032 2376 1101 2445 ad
1144 2377 1386 2433 omnium
1435 2372 1695 2430 ecclesia-

97 2501 224 2541 rum
269 2492 555 2555 personam
608 2475 924 2551 descripsit,
972 2468 1135 2546 quam
1167 2466 1360 2527 Avitus
1390 2467 1693 2540 presbyter,

96 2578 272 2633 homo
297 2570 590 2646 Hispanus,
619 2569 673 2626 in
710 2566 961 2625 Latinum
990 2562 1189 2631 vertit,
1219 2566 1274 2617 et
1301 2574 1397 2633 per
1445 2557 1696 2615 Orosium

102 2666 486 2739 presbyterum
516 2657 943 2719 Occidentalibus
989 2652 1164 2723 dedit;
1198 2653 1290 2726 qui
1336 2648 1501 2707 etiam
1538 2648 1699 2705 simul

102 2754 367 2830 reliquias
397 2748 536 2812 beati
568 2752 826 2827 Stephani
844 2748 1052 2824 primus
1071 2745 1352 2806 Occidenti
1376 2742 1587 2807 detulit,
1606 2740 1697 2797 ubi

103 2850 174 2907 ad
202 2847 496 2906 memorias
541 2838 599 2904 S.
648 2844 905 2920 martyris
941 2844 1224 2899 innumera
1264 2834 1529 2895 miracula
1554 2833 1700 2891 facta

104 2948 247 2998 sunt.
282 2936 361 2996 De
381 2936 580 3011 quibus
613 2935 844 3009 plurima
869 2930 1059 2991 beatus
1082 2926 1415 3002 Augustinus
1444 2924 1498 2983 in
1546 2923 1702 2982 libris

106 3032 174 3089 de
190 3026 422 3088 Civitate
451 3024 544 3085 Dei
573 3034 839 3083 memorat
858 3037 907 3081 ι.

178 3118 673 3195 Constantinopoli,
702 3118 901 3176 natalis
934 3116 1106 3175 sancti
1135 3108 1393 3171 Hermelll
1423 3108 1699 3184 martyris.

422 3232 487 3295 F.
526 3234 756 3293 PRIDIE
791 3230 1021 3290 NONAS
1055 3225 1382 3287 AUGUSTI.

622 3337 641 3346 ο
787 3327 843 3400 (4
864 3327 1025 3399 Aug.)

180 3426 391 3491 Natalis
439 3423 583 3495 beati
636 3419 972 3487 Aristarchi,
1019 3416 1266 3488 discipuli
1328 3412 1502 3470 sancti
1550 3408 1704 3465 Pauli

114 3519 361 3594 apostoli.

194 3613 227 3654 ιν
256 3612 391 3670 Item
420 3608 681 3669 Romaein
700 3614 889 3678 crypta
907 3602 1194 3667 Arenaria,
1218 3596 1395 3654 natale
1420 3591 1705 3654 Tertullini

114 3703 398 3775 martyris,
411 3715 570 3773 quem
586 3700 777 3756 beatus
791 3693 1032 3767 pontifex
1049 3690 1362 3763 Stephanus
1385 3684 1703 3760 baptizavit,

114 3806 173 3854 et
201 3798 257 3853 in
288 3795 420 3852 albis
442 3795 820 3868 presbyterum
850 3786 1219 3853 consecravit,
1242 3783 1330 3840 cui
1346 3783 1488 3838 inter
1509 3786 1707 3836 uetera

113 3889 345 3955 monita,
397 3887 668 3959 praecipue
717 3879 1169 3940 commendavit:
1227 3874 1453 3941 Frater,
1510 3872 1707 3943 inquit,

111 3998 249 4040 cura
290 3979 364 4036 sit
409 3979 503 4036 tibi
534 3978 874 4035 diversorum
904 3972 1185 4043 requirere
1227 3975 1539 4025 sanctorum
1590 3978 1713 4019 cor-

109 4093 249 4151 pora
283 4084 602 4149 martyrum.
637 4071 739 4141 Qui
784 4080 909 4141 post
942 4067 1165 4123 biduum
1197 4059 1556 4119 ordinationis
1600 4072 1713 4113 suae

116 4178 307 4229 tentus
335 4185 364 4223 a
395 4166 576 4224 Marco
600 4163 878 4239 praefecto,
907 4161 1137 4217 eductus
1151 4166 1235 4214 est
1266 4157 1333 4213 ad
1360 4153 1714 4211 Valerianum

113 4256 528 4342 imperatorem.
563 4263 733 4334 Quem
766 4260 856 4317 ille
880 4267 1164 4316 extensum
1209 4252 1438 4310 mactari
1484 4248 1717 4305 fustibus

107 4340 303 4434 jussit.
347 4356 591 4429 Cumque
624 4355 785 4426 impie
810 4351 1128 4419 caederetur,
1154 4345 1424 4403 clamabat
1453 4360 1467 4398 :
1499 4340 1719 4397 Gratias

115 4430 221 4527 ago
250 4452 375 4518 tibi,
398 4450 624 4508 Domine
646 4446 775 4503 Jesu
801 4441 1136 4514 Christe,qu‘i
1158 4456 1245 4496 me
1267 4454 1375 4495 non
1403 4430 1666 4507 separasti
1687 4446 1718 4485 a

115 4521 350 4601 domino
394 4556 515 4598 meo
552 4538 798 4614 Olympio
827 4549 986 4592 servo
1012 4540 1130 4597 tuo,
1171 4530 1263 4602 qui
1302 4543 1390 4584 me
1442 4521 1722 4599 prmecssit

116 4635 394 4708 martyrio
414 4640 807 4690 consummato.
833 4626 1076 4699 Cumque
1097 4626 1242 4681 inter
1262 4623 1439 4678 caedes
1455 4620 1560 4675 hoc
1576 4616 1715 4673 dice-

117 4739 232 4794 ret,
256 4724 428 4797 jussit
448 4723 765 4780 Valerianus
803 4720 1063 4778 lateribus
1102 4717 1220 4789 ejus
1248 4714 1427 4788 ignem
1466 4709 1713 4781 supponi.

117 4822 380 4890 Cumque
409 4814 564 4873 laetus
591 4824 646 4871 et
668 4822 925 4870 constans
947 4815 1347 4883 perseveraret,
1375 4804 1718 4874 diceretque:

117 4912 261 4977 Fac,
303 4910 491 4981 miser,
523 4909 665 4980 quod
694 4905 831 4962 facis
858 4902 1090 4962 celerius
1123 4910 1184 4957 ut
1208 4916 1295 4956 me
1318 4902 1383 4957 de
1410 4898 1515 4954 hoc
1541 4897 1724 4951 incen-

119 5009 240 5072 dio,
274 5003 401 5060 licet
420 5012 784 5074 peccatorem,
803 5002 979 5053 tamen
1002 5010 1101 5068 pro
1117 4995 1234 5068 ejus
1259 4987 1725 5056 nomine,Christo

120 5096 334 5158 offeras
377 5095 738 5160 sacriﬁcium;
777 5092 941 5164 jussit
967 5089 1288 5145 Valerianus
1328 5084 1528 5142 elevari
1579 5097 1723 5147 eum,

119 5206 180 5251 ct
214 5191 361 5248 tradi
390 5188 646 5263 praefecto
681 5188 927 5258 Saprico.
968 5184 1070 5254 Qui
1117 5183 1294 5254 primo
1329 5180 1492 5253 jussit
1520 5193 1582 5234 os
1611 5176 1728 5246 ejus

120 5283 408 5357 lapidibus
434 5281 811 5353 conquassari,
838 5279 1033 5337 deinde
1060 5276 1278 5334 extendi
1305 5290 1429 5330 eum
1473 5274 1528 5328 in
1560 5286 1728 5340 equu-

120 5377 239 5439 leo,
271 5382 329 5429 et
357 5374 540 5429 nervis
564 5373 764 5429 diutius
797 5370 1055 5442 torqueri,
1109 5368 1304 5425 deinde
1346 5364 1560 5436 ignibus
1602 5377 1731 5417 con-

120 5465 395 5525 cremari.
419 5464 661 5538 Cumque
687 5472 1119 5537 perseveranter,
1147 5458 1381 5530 Spiritus
1406 5453 1580 5511 sancti
1603 5468 1730 5524 gra-

121 5560 209 5617 tia
243 5557 555 5623 roboratus,
581 5554 856 5611 Christum
900 5548 1188 5609 Dominum
1244 5546 1526 5610 fateretur,
1576 5558 1732 5599 man-

1780 625 1952 673 retur.
1983 615 2136 673 'l‘unc
2180 615 2460 688 Sapricius
2486 613 2788 685 depositum
2836 611 2902 667 de
2939 606 3168 682 equuleo
3204 602 3367 679 jussit

1780 708 1899 767 duci
1934 709 2018 765 via
2057 707 2245 776 Latina
2276 707 2328 763 in
2360 709 2595 764 secundo
2619 704 2890 770 milliario,
2926 709 2980 758 et
3024 692 3223 756 ibidem
3275 696 3370 751 de-

1780 800 1988 859 collari.
2020 799 2185 874 Cujus
2207 814 2404 872 corpus
2432 800 2489 857 S.
2508 798 2818 871 Stephanus
2846 792 3087 868 pontifex
3113 788 3371 862 colligens

1781 912 1903 952 cum
1950 895 2185 965 clericis,
2240 905 2295 951 et
2349 894 2568 966 hymnis
2617 888 2844 947 redditis
2868 887 2980 945 Deo
3019 877 3269 957 sepelivit
3312 881 3370 938 in

1781 982 1967 1057 eodem
2009 987 2150 1054 loco,
2192 987 2244 1041 in
2271 995 2456 1058 crypta
2491 976 2777 1049 Arenaria,
2832 979 3071 1037 secundo
3098 975 3218 1033 Kal.
3260 973 3373 1030 Au-

1782 1082 1943 1152 gusti.
1974 1078 2077 1136 Ubi
2105 1093 2403 1135 concursus
2429 1074 2684 1134 solemnis
2714 1074 2774 1129 iit
2804 1070 2863 1127 ll
2899 1070 3082 1128 Nonas
3120 1066 3369 1139 Augusti.

1852 1173 2007 1245 Apud
2042 1172 2383 1246 Lugdunum,
2436 1169 2704 1226 adventus
2735 1164 2979 1239 corporis
3025 1161 3200 1220 sancti
3231 1158 3373 1216 iusti

1784 1268 2018 1340 episcopi
2051 1268 2117 1325 de
2142 1282 2344 1324 eremo.
2376 1264 2479 1336 Qui
2509 1279 2631 1320 cum
2667 1261 2874 1334 aliquot
2912 1258 3069 1316 annis
3094 1257 3149 1312 in
3187 1269 3373 1311 eremo

1786 1359 1990 1433 angelis
2016 1359 2318 1431 proximam
2364 1356 2567 1431 egisset
2610 1353 2777 1409 vitam
2823 1359 2880 1406 et
2929 1349 3122 1419 dignus
3163 1345 3378 1401 adesset

1789 1453 1912 1510 finis
1961 1453 2128 1510 tantis
2173 1452 2469 1517 laboribus,
2505 1463 2730 1521 regnum
2777 1441 3043 1501 scandens
3090 1438 3374 1502 caelorum,

1786 1539 1947 1601 beato
1983 1544 2131 1599 lucro
2167 1542 2485 1615 promeruit.
2525 1538 2691 1611 Cujus
2721 1544 2968 1593 sanctum
2999 1527 3377 1602 corpusculum

1789 1635 2176 1693 venerabilium
2206 1633 2402 1690 civium
2419 1630 2666 1703 Lugduni
2697 1628 2846 1684 urbis
2875 1640 3006 1682 cura
3033 1618 3377 1694 requisitum,

1791 1744 1821 1784 a
1851 1730 2073 1785 remotis
2093 1735 2252 1783 terrae
2283 1726 2528 1799 partibus
2557 1739 2683 1781 cum
2717 1720 3000 1777 alacritate
3020 1728 3079 1773 et
3118 1712 3380 1786 religione
3442 1713 3452 1727 '

1793 1820 2105 1893 reportavit,
2133 1828 2295 1892 atque
2324 1820 2375 1875 in
2399 1818 2531 1874 urbe
2561 1813 2851 1872 sacerdotii
2884 1810 2966 1869 sui
3000 1807 3265 1884 sepelivit.

2255 1950 2321 2009 G.
2353 1949 2559 2007 NONIS
2592 1945 2926 2005 AUGUSTI.

2464 2043 2522 2115 (ες
2549 2041 2710 2114 Aug.)

1865 2171 1889 2201 ο
1927 2158 2085 2230 Apud
2113 2155 2450 2230 provinciam
2498 2151 2742 2216 Rhaetite,
2771 2148 2995 2206 civitate
3043 2145 3381 2218 Augustam,

1794 2250 1994 2311 natalis
2020 2248 2078 2306 Β.
2110 2248 2255 2305 Afrae
2282 2246 2556 2319 martyris.
2589 2242 2720 2312 Quae
2747 2256 2872 2297 cum
2902 2244 3050 2296 esset
3083 2246 3291 2308 pagana
3329 2240 3388 2288 et

1796 2343 2057 2402 meretrix
2080 2383 2096 2409 ,
2138 2356 2237 2414 per
2279 2339 2583 2397 doctrinam
2626 2336 2684 2391 S.
2736 2333 2977 2390 Narcissi
3024 2328 3267 2404 episcopi
3315 2325 3387 2384 ad

1798 2438 1958 2497 [idem
1984 2450 2270 2502 conversa,
2302 2443 2360 2490 et
2386 2446 2509 2489 eum
2562 2429 2710 2488 omni
2751 2429 2913 2484 domo
2960 2440 3057 2482 sua
3088 2423 3382 2497 baptizata,

1755 2560 1758 2564 λ
1796 2545 1897 2603 pro
1918 2530 2259 2587 confessione
2288 2524 2503 2582 Domini
2533 2524 2644 2597 igni
2682 2520 2879 2577 tradita
2907 2526 3014 2575 est.

1870 2622 2267 2696 Augustuduni,
2297 2618 2494 2676 natalis
2519 2617 2579 2675 S.
2611 2615 2860 2672 Cassiani
2883 2610 3143 2684 episcopi.

2194 2740 2259 2797 A.
2302 2732 2415 2796 VIII
2458 2734 2621 2795 IDUS
2669 2728 2992 2791 AUGUSTI.

2474 2829 2530 2903 (6
2568 2830 2727 2902 Aug.)

1873 2949 1900 2992 ἀ
1940 2938 2150 3015 Romae,
2176 2947 2267 3004 via
2289 2944 2485 3018 Appia,
2515 2942 2571 2999 in
2608 2940 2927 2999 cmmeterio
2956 2934 3181 3003 Callisti,
3210 2934 3394 2995 natale

1708 3048 1711 3049 ⁷
1805 3043 1865 3102 S.
1918 3044 2060 3101 Sixti
2111 3041 2349 3114 episcopi
2396 3051 2452 3095 et
2498 3030 2778 3111 mariyris.
2848 3037 2916 3093 Et
2970 3037 3024 3093 in
3079 3031 3396 3090 cmmeterio

1805 3135 2118 3192 Praatextati
2145 3142 2457 3190 sanctorum
2489 3129 2815 3186 Felicissimi
2851 3137 2906 3185 et
2929 3126 3176 3201 Agapiti,
3216 3125 3398 3181 diaco-

1807 3245 2001 3285 norum
2046 3228 2311 3302 ejusdem,
2364 3224 2466 3286 sub
2514 3224 2678 3282 Decio
2734 3223 3079 3294 imperatore,
3107 3219 3399 3277 Valeriano

1729 3279 1777 3345 ϐ
1808 3279 2099 3395 praefecto;
2153 3322 2246 3392 qui
2304 3319 2477 3376 tenuit
2531 3279 2904 3375 beatissimum
2952 3328 3137 3371 senem
3183 3311 3400 3366 Sixtum

1807 3417 2118 3486 episcopum
2143 3411 2449 3467 Romanum
2471 3424 2595 3465 cum
2612 3407 2760 3465 omni
2787 3407 2933 3463 clero
2956 3412 3145 3471 suo,et
3171 3401 3402 3461 reclusit

1808 3524 1903 3565 eos
1931 3507 1985 3563 in
2013 3504 2259 3562 custodia
2286 3504 2523 3575 publica,
2554 3511 2611 3557 et
2655 3500 2878 3558 fuerunt
2917 3499 2989 3556 ibi
3017 3497 3187 3555 clausi
3218 3495 3405 3553 multis

1810 3601 2017 3657 diebus.
2070 3579 2298 3652 Factum
2358 3604 2442 3651 est
2509 3602 2688 3649 autem
2746 3599 2804 3647 ut
2868 3592 3063 3648 Decius
3118 3590 3302 3645 Caesar
3347 3594 3405 3643 et

1809 3689 2128 3746 Valerianus
2155 3686 2445 3761 praefectus
2483 3683 2738 3756 juberent
2764 3680 2868 3739 sibi
2913 3682 3132 3738 beatum
3189 3678 3404 3739 Sixtum

1811 3782 2122 3856 episcopum
2166 3797 2291 3838 cum
2337 3777 2483 3836 clero
2527 3793 2625 3835 suo
2680 3774 3001 3848 prtesentari
3053 3780 3214 3831 noctu
3263 3772 3406 3831 intra

1812 3878 2088 3935 civitatem
2116 3873 2170 3931 in
2196 3872 2436 3931 Tellude.
2472 3870 2568 3929 Cui
2600 3866 2793 3927 Decius
2836 3868 3017 3926 Caesar
3067 3864 3243 3923 dixit:
3282 3863 3406 3922 Scis

1814 3983 1912 4023 cur
1944 3975 2157 4032 tentus;
2215 3975 2271 4022 et
2314 3949 2674 4021 conventione
2728 3961 2944 4034 publica
2973 3961 3130 4016 nobis
3168 3974 3404 4033 praesen-

1817 4070 1960 4118 tatus
2005 4060 2116 4117 es?
2161 4056 2461 4129 Respondit
2506 4058 2693 4114 Sixtus
2730 4077 2742 4111 :
2793 4057 2940 4124 Scio,
2986 4064 3041 4112 et
3092 4056 3229 4112 bene
3271 4052 3406 4110 scio.

1819 4152 2014 4210 Decius
2035 4151 2173 4207 dixit
2201 4166 2215 4205 :
2242 4151 2384 4224 Ergo
2412 4151 2455 4206 si
2488 4150 2615 4213 scis,
2659 4148 2742 4205 fac
2767 4157 2825 4203 ut
2854 4147 3094 4204 universi
3130 4147 3328 4214 sciant,
3355 4153 3414 4203 et

1821 4253 1877 4302 tu
1908 4245 2078 4309 vivas,
2104 4252 2159 4299 et
2187 4240 2367 4298 clerus
2394 4251 2516 4297 tuus
2545 4249 2827 4313 augeatur.
2882 4239 3076 4297 Beatus
3110 4229 3411 4294 Sixtusre-

1820 4334 2037 4409 spondit
2064 4353 2077 4391 :
2113 4332 2252 4390 Vere
2281 4332 2384 4389 feci
2424 4344 2479 4388 et
2510 4333 2647 4388 facio
2687 4320 2744 4387 ut
2768 4331 2943 4388 clerus
2957 4345 3107 4386 meus
3128 4341 3409 4402 augeatur.

1822 4428 1921 4484 Cui
1942 4426 2138 4484 Decius
2165 4443 2179 4481 :
2214 4417 2356 4498 Ergo
2383 4425 2631 4482 sacriﬁca
2656 4426 2759 4482 diis
2779 4424 3200 4490 immortalibus,
3220 4435 3276 4479 et
3296 4432 3414 4496 esto

1823 4518 2074 4591 princeps
2103 4518 2466 4573 sacerdotum.
2506 4513 2588 4571 Ad
2641 4516 2746 4570 hoc
2798 4524 3021 4571 sanctus
3074 4514 3410 4585 episcopus:

1825 4610 1936 4682 Ego
1966 4624 2181 4681 semper
2218 4608 2519 4664 sacrificavi
2558 4615 2613 4664 et
2656 4606 2915 4679 sacrifico,
2951 4606 3061 4661 Deo
3110 4603 3255 4660 Patri
3300 4620 3417 4661 om-

1825 4703 2108 4775 nipotenti,
2156 4709 2210 4757 et
2266 4699 2496 4756 Domino
2543 4698 2669 4755 Jesu
2713 4697 2930 4754 Christo
2980 4698 3117 4753 Filio
3173 4695 3311 4767 ejus,
3362 4704 3420 4753 et

1826 4793 2051 4866 Spiritui
2100 4801 2291 4849 sancto
2340 4790 2575 4846 hostiam
2630 4805 2819 4862 puram
2884 4799 2938 4845 et
2989 4788 3413 4845 immaculatatn.

1827 4880 1979 4945 Tunc
2007 4904 2074 4943 ex
2103 4895 2374 4958 praecepto
2418 4884 2565 4941 Decii
2616 4884 2885 4940 duxerunt
2925 4900 3046 4939 eum
3090 4882 3291 4941 milites
3349 4878 3417 4937 ad

1831 4977 2087 5050 templum
2134 4975 2345 5043 Martis,
2382 4984 2442 5030 ut
2471 4974 2758 5031 sacriﬁciis
2785 4974 3255 5046 coinquinaretur.
3310 4966 3419 5028 Sed

1830 5077 2267 5126 contemnentem
2296 5066 2608 5123 sacrificare
2644 5066 2983 5122 recluserunt
3031 5080 3157 5120 eum
3207 5063 3259 5118 in
3290 5076 3417 5117 cus-

1835 5161 1978 5218 todia
2002 5159 2234 5231 privata,
2262 5175 2384 5214 cum
2420 5159 2631 5214 duobus
2661 5156 2975 5213 diaconibus
3002 5152 3341 5211 Felicissimo
3365 5158 3423 5206 et

1834 5252 2081 5325 Agapito.
2116 5249 2362 5322 Cumque
2396 5251 2702 5316 duceretur,
2738 5248 2825 5305 his
2867 5244 3046 5304 verbis
3076 5238 3266 5301 b‘eatus
3294 5256 3421 5297 eum

1834 5345 2161 5402 Laurentius
2201 5342 2615 5400 archidiaconus
2663 5341 2828 5415 coepit
2874 5336 3203 5411 compellare
3240 5354 3252 5390 :
3303 5333 3422 5404 Quo

1837 5437 2185 5510 progrederis
2222 5434 2339 5492 sine
2377 5434 2507 5500 lilio,
2550 5432 2740 5505 pater?
2788 5431 2905 5500 Quo
2953 5429 3206 5486 sacerdos
3236 5435 3423 5482 sancte

1841 5531 1959 5587 sine
1996 5528 2225 5585 diacono
2250 5527 2545 5599 properas?
2590 5520 2669 5580 Tu
2702 5539 2976 5594 nunquam
3025 5521 3142 5576 sine
3172 5516 3424 5573 ministro

122 5650 291 5710 davit
315 5651 420 5706 hoc
447 5648 652 5705 factum
685 5647 972 5705 Valeriano
1003 5654 1253 5716 tyranno.
1282 5639 1380 5697 Cui
1408 5635 1735 5694 Valerianus
1841 5625 2166 5683 sacriﬁcium
2214 5620 2408 5678 otl'erre
2450 5633 2831 5677 consueveras.
2874 5614 3013 5684 Quid
3054 5614 3107 5668 in
3159 5610 3249 5669 me
3292 5622 3423 5689 ergo

208 5774 239 5805 ι
275 5760 473 5817 Exstat
522 5770 655 5817 tom.
704 5758 753 5814 X
814 5757 873 5814 S.
917 5756 1055 5828 Aug.
1103 5754 1372 5828 Sigebert
1428 5751 1479 5806 in
1524 5748 1728 5807 Chron.

122 5851 231 5895 an.
262 5831 393 5904 418,
424 5830 563 5904 Aug.
592 5828 847 5904 de_Civit._
881 5828 975 5884 Dei
1003 5824 1207 5904 l._xxt_i,
1241 5824 1375 5904 c..8.

207 5906 240 5953 ιι
280 5903 420 5973 Vide
443 5891 540 5975 lib:
561 5904 628 5962 de
651 5902 799 5971 Fest.
823 5902 1015 5983 Apost.
1037 5896 1118 5961 De
1140 5897 1260 5954 hoc
1299 5895 1353 5954 in
1384 5894 1503 5957 Vita
1534 5891 1728 5983 Steph.

1840 5753 2011 5812 papae.
2051 5737 2087 5791 2
2116 5735 2251 5859 Anig.

1913 5820 1934 5889 ξ
1971 5808 2138 5889 gres.-
2181 5804 2397 5889 ."Eaf‘e
2418 5802 2540 5889 9.12-
2556 5801 2669 5889 βε-
2706 5800 2996 5889 ear-A9-

1908 5880 1936 5921 d
1971 5872 2152 5957 Deliis
2180 5876 2234 5932 in
2261 5874 2379 5932 Vita
2417 5873 2473 5929 S‘.
2501 5872 2786 5942 Laurent.,
2815 5872 2884 5931 10
2907 5872 3047 5959 Aug.
3104 5933 3117 5941 ,
