3962 6366
611 387 716 445 519

1609 390 1666 444 S.
1709 387 1961 447 ADONIS
1998 388 2433 449 ARCHIEPISC.
2472 387 2885 447 VIENNENSIS

613 503 889 579 displicuit
915 506 1034 576 tibi,
1060 508 1253 579 pater?
1281 505 1417 564 Num
1441 506 1764 580 degenerem
1795 506 2064 576 probasti?
2089 506 2196 563 Ex-
2221 510 2277 572 Α
2299 505 2516 580 legitur,
2539 504 2850 573 Ianuarius,
2878 490 3215 576 Vincentius,
3235 516 3294 566 et
3317 502 3637 581 Stephanus
3675 513 3883 570 subdia-

612 599 793 671 perire
810 610 961 658 certe
977 609 1158 657 utrum
1178 601 1448 682 idoneum.
1468 599 1778 656 ministrum
1814 598 2062 670 elegeris.
2096 597 2198 656 Cui

615 696 935 753 commisisti
973 695 1243 753 Dominici
1273 694 1554 767 sanguinis
1579 694 2068 762 consecrationem,
2107 692 2198 750 cui

615 790 1158 848 consummandorum
1180 789 1513 848 consortium
1535 797 2004 846 sacramentorum
2026 787 2200 846 credi-

615 881 765 947 disti,
788 881 914 938 huic
937 881 1211 952 sanguinis
1236 880 1318 936 tui
1361 880 1695 936 consortium
1737 879 1942 952 negas?
1969 877 2105 935 Vide
2128 893 2199 936 ne

612 972 947 1046 periclitetur
963 971 1230 1045 judicium
1261 979 1436 1038 tuum,
1471 972 1596 1028 dum
1628 969 1890 1028 fortitudo
1921 970 2192 1026 laudatur.

612 1065 857 1135 Abjectio
897 1064 1145 1137 discipuli
1184 1065 1568 1121 detrimentum
1619 1064 1865 1137 magistri
1913 1071 2014 1121 est.
2055 1061 2198 1131 Quid

611 1157 755 1228 quod
775 1153 1037 1213 illustrius
1060 1163 1383 1228 praestantes
1413 1155 1518 1211 viri
1541 1155 1927 1226 discipulorum
1950 1154 2200 1211 certami-

610 1251 770 1305 nibus
800 1264 964 1322 quam
1007 1249 1121 1305 suis
1147 1249 1407 1306 vincunt?
1437 1249 1678 1320 Denique
1705 1248 1982 1304 Abraham
2022 1248 2194 1304 illium

529 1339 532 1342 ’
609 1339 980 1412 obtulit(Gen.
1005 1341 1145 1413 χχιι)
1173 1359 1187 1408 ;
1214 1341 1407 1398 Petrus
1438 1339 1771 1412 Stephanum
1802 1341 2082 1416 praemisit.
2130 1340 2201 1398 Et

610 1440 689 1500 tu,
736 1434 922 1501 Pater,
985 1434 1211 1491 ostende
1253 1435 1309 1490 in
1365 1435 1477 1492 ﬁlio
1526 1437 1783 1491 virtutem
1834 1445 2014 1503 tuam;
2063 1435 2199 1492 offer

609 1540 768 1596 quem
795 1528 1045 1594 erudisti,
1070 1535 1131 1583 ut
1163 1543 1386 1585 securus
1415 1527 1608 1598 judicii
1637 1530 1712 1584 tui
1739 1530 2000 1585 comitatu
2027 1529 2199 1587 nobili

609 1619 894 1690 pervenias
917 1620 982 1676 ad
1003 1635 1283 1678 coronam.
1311 1621 1462 1676 Tunc
1489 1622 1682 1676 beatus
1714 1619 1900 1677 Sixtus
1924 1622 2000 1676 ait
2024 1636 2040 1676 :
2077 1620 2198 1677 Non

607 1723 708 1780 ego
731 1718 784 1764 te
813 1709 1146 1781 derelinquo,
1176 1711 1271 1776 ﬁli,
1321 1726 1422 1767 nec
1459 1713 1672 1776 desero,
1721 1712 1816 1767 sed
1855 1712 2058 1784 majora
2099 1711 2199 1767 tibi

609 1798 875 1856 debentur
895 1801 1215 1858 certamina.
1246 1801 1356 1858 Nos
1393 1802 1548 1874 quasi
1574 1816 1733 1858 senes
1762 1801 1981 1858 levioris
2004 1818 2197 1873 pugnae

2299 599 2441 657 coni.
2463 599 2664 657 Passus
2688 608 2745 656 et
2773 615 2898 657 cum
2924 601 3006 657 eis
3057 600 3251 657 beatus
3277 600 3540 670 Quartus,
3591 613 3659 661 ut
3710 605 3881 662 scribit

2298 692 2488 749 beatus
2515 691 2816 764 Cyprianus
2856 693 2961 765 (ep.
2993 691 3106 765 82).
3154 691 3255 750 Hic
3291 695 3488 752 beatus
3513 694 3720 753 Sinus
3758 701 3877 769 apd

2297 784 2539 842 Athenas
2567 792 2747 852 natus,
2764 793 2821 841 et
2845 786 3060 851 doctus,
3087 785 3240 858 prius
3267 786 3484 858 quidem
3507 787 3876 860 philosophus,

2298 887 2489 951 postea
2521 878 2726 935 Christi
2767 878 3066 950 discipulus
3106 879 3231 937 fuit.
3261 881 3417 938 Sedit
3463 882 3518 938 in
3571 882 3874 954 episcopatu

2299 983 2443 1026 anno
2492 985 2635 1037 uno,
2679 969 2958 1026 mensibus
3021 970 3232 1038 decem,
3291 970 3483 1029 diebus
3533 971 3740 1044 viginti
3799 973 3876 1028 tri-

2297 1063 2420 1120 bus.

2371 1167 2399 1196 ι
2435 1151 2638 1212 Eodem
2662 1156 2751 1212 die
2769 1156 2824 1229 in
2851 1154 3147 1229 Hispaniis,
3180 1156 3399 1214 civitate
3427 1156 3752 1229 Compluto,
3772 1174 3872 1216 sau-

2298 1253 2506 1303 ctorum
2551 1245 2691 1303 Justi
2730 1256 2788 1304 et
2824 1246 3068 1304 Pastoris
3095 1246 3344 1304 fratrum.
3379 1247 3482 1317 Qui
3525 1263 3660 1304 cum
3720 1252 3870 1307 adhuc

2298 1339 2452 1411 pueri
2489 1337 2688 1396 litteris
2711 1340 3105 1407 imbuerentur,
3139 1339 3395 1412 proiectis
3415 1342 3469 1397 in
3497 1341 3700 1399 schola
3744 1344 3870 1398 taba-

2298 1430 2384 1497 lis,
2418 1439 2610 1502 sponte
2645 1431 2712 1488 ad
2755 1434 3078 1504 martyrium
3132 1445 3534 1501 cucurrerunt;
3572 1445 3630 1489 et
3686 1450 3803 1490 mox
3844 1453 3865 1491 ι

2301 1523 2529 1580 diacono
2551 1525 2725 1581 teneri
2743 1524 2901 1594 jussi,
2940 1541 3064 1580 cum
3090 1539 3148 1581 se
3179 1526 3381 1582 mutuis
3414 1526 3868 1581 exhortationibus

2301 1617 2738 1673 constantissime
2804 1617 3148 1684 roborarent,
3213 1625 3368 1673 extra
3433 1618 3725 1674 civitatem
3775 1634 3868 1687 pro-

2300 1709 2470 1776 ducti,
2515 1710 2660 1766 etin
2697 1709 2902 1780 Campo
2947 1707 3228 1775 laudabiﬁ,
3269 1725 3299 1764 a
3341 1709 3712 1767 carniﬁcibus
3734 1707 3868 1778 juga-

2299 1803 2393 1859 lati
2443 1812 2586 1860 sunt.
2639 1803 2744 1861 Ubi
2778 1804 2942 1860 etiam
2972 1803 3029 1858 in
3056 1803 3282 1860 basilica
3305 1804 3388 1860 sui
3425 1805 3676 1861 nominis
3720 1804 3869 1875 quies-

605 1903 824 1945 cursum
848 1892 1160 1962 recipimus,
1185 1899 1239 1946 te
1279 1893 1433 1963 quasi
1467 1893 1724 1964 juvenem
1761 1892 2049 1965 gleriosior
2075 1909 2196 1950 ma-
2222 1888 2273 1951 B
2301 1904 2447 1952 cunt.

606 1985 701 2034 net
728 1981 794 2036 de
830 1987 1060 2053 tyranno
1083 1983 1406 2054 triumphus.
1432 1982 1550 2038 Mox
1572 1984 1796 2040 veniens
1821 1983 1952 2040 ﬂere
1976 1985 2196 2053 desiste,

605 2079 734 2140 post
747 2072 986 2128 triduum
1015 2089 1102 2130 me
1125 2075 1391 2146 sequeris.
1429 2075 1579 2132 Inter
1607 2078 1943 2132 sacerdotem
1987 2085 2043 2135 et
2065 2076 2200 2134 levi-

609 2169 722 2217 tam
751 2163 840 2219 hic
867 2165 1080 2221 medius
1107 2182 1367 2223 numerus
1392 2169 1567 2224 decet.
1619 2167 1737 2224 Non
1767 2177 1886 2224 erat
1915 2178 2068 2226 tuum
2095 2171 2197 2228 sub

607 2254 868 2326 magistro
915 2256 1155 2326 vincere,
1189 2260 1343 2330 quasi
1390 2259 1690 2329 adjutorem
1736 2277 2028 2332 quaereres.
2057 2262 2198 2332 Quid

605 2347 936 2405 consortium
962 2350 1231 2421 passionis
1262 2366 1398 2408 mea:
1421 2353 1670 2424 expetis?
1697 2362 1867 2409 totam
1899 2353 1996 2410 tibi
2017 2355 2194 2412 haere-

606 2435 834 2494 ditatem
859 2439 1094 2497 dimitto.
1127 2440 1266 2509 Quid
1306 2443 1651 2512 praesentiam
1697 2459 1875 2501 meam
1924 2445 2197 2517 requiris?

605 2527 753 2586 Elias
776 2529 1012 2588 Eliseum
1039 2533 1257 2604 reliquit
1286 2533 1337 2606 (I
1355 2533 1395 2588 V
1421 2536 1551 2608 Reg.
1589 2535 1675 2608 ιι),
1707 2547 1762 2594 et
1792 2537 2047 2596 virtutem
2085 2553 2195 2596 nou

604 2620 848 2676 abstulit.
877 2622 946 2678 Et
975 2623 1326 2682 dixitbeatus
1353 2624 1540 2684 Sixtus
1563 2629 1653 2696 gad
1685 2629 1916 2688 .beatum
1955 2630 2197 2688 Lauren-

605 2713 776 2769 tium:
803 2714 1006 2788 Accipe
1049 2715 1338 2774 facultates
1365 2720 1609 2777 ecclesia‘
1665 2721 1747 2778 vel
1775 2723 2082 2792 thesauros,
2143 2733 2202 2782 et

606 2807 784 2865 divide
828 2811 1158 2882 pauperibus
1219 2813 1415 2885 quibus
1468 2813 1564 2870 tibi
1612 2815 1901 2872 videbitur.
1959 2817 2196 2889 Accepta

602 2914 892 2979 potestate,
923 2907 1117 2966 beatus
1137 2908 1463 2967 Laurentius
1489 2912 1657 2982 ccepit
1690 2927 1789 2983 per
1829 2913 2080 2985 regiones
2100 2928 2197 2969 cu-

605 3000 750 3057 riose
773 3016 1043 3073 quzerere,
1072 3005 1384 3075 ubicunque
1409 3006 1586 3062 sancti
1612 3005 1795 3062 clerici
1820 3007 1906 3062 vel
1932 3021 2198 3079 pauperes

604 3102 788 3149 essent
812 3094 1085 3162 absconsi,
1129 3105 1186 3154 et
1213 3106 1436 3168 portans
1465 3099 1770 3166 thesauros,
1804 3109 1969 3171 prout
1999 3101 2196 3171 cuique

603 3197 741 3255 opus
761 3193 898 3251 erat,
924 3187 1285 3244 ministrabat.
1317 3189 1487 3261 igitur
1510 3200 1634 3261 post
1650 3192 1754 3247 hoc
1781 3193 1976 3248 beatus
2004 3192 2192 3250 Sixtus

2700 1986 2763 2042 Β.
2804 1985 2896 2043 VII
2939 1985 3103 2044 IDUS
3157 1986 3482 2045 AUGUSTI.

2951 2079 3009 2153 (7
3053 2079 3214 2152 Aug.)

2373 2170 2404 2212 δ
2441 2169 2597 2242 Apud
2626 2169 2905 2236 Tusciam,
2935 2169 3157 2227 civitate
3203 2169 3413 2236 Aretio,
3465 2169 3668 2227 natalis
3715 2173 3871 2227 sancti

2269 2249 2492 2319 Donati
2522 2261 2759 2333 episcopi
2784 2269 2841 2317 et
2865 2260 3124 2332 martyris
3157 2278 3172 2314 :
3223 2261 3317 2332 qui
3345 2261 3586 2318 nutritus
3619 2277 3657 2317 a
3708 2274 3869 2318 sancto

2298 2353 2581 2426 Pigmenio
2608 2353 2948 2426 presbytero,
2974 2352 3030 2408 in
3060 2351 3217 2408 titulo
3246 2352 3393 2408 beati
3424 2353 3697 2424 pastoris,
3716 2354 3870 2408 erudi-

2298 2455 2388 2503 tus
2415 2454 2524 2513 est,
2554 2461 2663 2502 non
2710 2444 2884 2502 solum
2914 2445 2971 2500 in
3013 2443 3237 2512 divinis,
3289 2459 3480 2500 verum
3533 2445 3589 2501 in
3645 2445 3866 2501 humanis

2297 2537 2495 2594 litteris
2526 2535 3007 2593 sufﬁcientissime.
3036 2534 3172 2592 Cum
3194 2551 3303 2607 quo
3331 2544 3388 2591 et
3407 2534 3669 2593 Julianus
3703 2539 3861 2598 crevit.

2299 2637 2354 2686 et
2379 2627 2743 2685 subdiaconus
2769 2627 3073 2693 ordinatus,
3109 2625 3313 2696 rejecto
3333 2627 3696 2698 postmodum
3721 2628 3857 2699 gradu

2297 2722 2508 2780 inutilis
2532 2721 2729 2789 factus,
2760 2721 2830 2776 ad
2857 2720 3146 2791 imperium
3185 2719 3462 2791 aspiravit.
3491 2719 3618 2789 Quo
3655 2729 3862 2791 tempore

2299 2817 2518 2873 beatum
2541 2813 2880 2886 Pigmenium
2910 2811 3100 2869 Romae
3143 2811 3200 2866 in
3241 2811 3487 2868 custodia
3530 2812 3861 2882 maneiparit,

2297 2917 2356 2965 et
2379 2916 2600 2966 sanctos
2633 2915 2845 2978 patrem
2875 2903 2932 2960 et
2958 2912 3189 2960 matrem
3219 2902 3415 2959 Donati
3456 2902 3652 2975 gladio
3676 2904 3862 2960 occidit.

2297 3001 2541 3056 Donatus
2581 3013 2713 3055 vero
2738 2997 2912 3053 lector
2940 2995 3063 3066 fuga
3095 2995 3254 3066 petiit
3297 2995 3577 3051 civitatem
3617 2994 3862 3060 Aretium,

2297 3100 2354 3146 et
2402 3090 2670 3147 habitavit
2697 3105 2822 3144 cum
2868 3087 3114 3143 Hilarino
3161 3085 3554 3157 gloriosissimo
3599 3087 3863 3148 monacho.

2301 3183 2543 3239 serviens
2570 3181 2683 3237 Deo
2713 3179 2990 3237 continuis
3017 3179 3358 3234 orationibus
3389 3187 3446 3235 et
3467 3176 3724 3250 ieiuniis.
3751 3176 3862 3233 Fae-

606 3275 885 3332 reducitur
911 3277 967 3334 iu
992 3277 1291 3349 Telludem,
1335 3290 1393 3338 ut
1421 3282 1672 3339 audirent
1721 3300 1846 3340 cum
1872 3299 1938 3340 eo
1971 3285 2188 3344 diaconi

2299 3284 2411 3332 tum
2433 3284 2518 3332 est
2546 3283 2606 3330 ut
2625 3273 2822 3330 mulier
2847 3272 3067 3328 nomine
3094 3271 3306 3327 Surana
3329 3270 3548 3342 gentilis
3564 3279 3622 3327 et
3651 3286 3864 3342 pagana,

602 3367 975 3427 Felicissimus
997 3380 1055 3428 et
1079 3373 1364 3446 Agapitus.
1392 3375 1461 3431 Et
1489 3376 1710 3433 sedente
1736 3369 1900 3434 Decio
1931 3393 1994 3433 ac
2039 3376 2192 3435 Vale-
2295 3377 2454 3440 capta
2479 3366 2672 3434 oculis,
2699 3373 2758 3422 et
2781 3365 2945 3422 corde
2991 3378 3121 3420 vere
3167 3377 3337 3430 caeca.
3383 3378 3512 3420 cum
3558 3362 3722 3418 unica
3769 3360 3869 3415 ﬁlio

603 3460 778 3526 riano,
801 3470 1162 3532 praesentatus
1186 3472 1270 3520 est
1305 3463 1499 3523 beatus
1528 3465 1736 3524 Sixtus.
1779 3467 1863 3522 Ad
1889 3482 2050 3540 quem
2083 3469 2189 3526 De-
2292 3478 2392 3519 suo
2444 3459 2712 3518 Herculeo
2777 3458 2998 3516 nomine
3043 3457 3238 3515 cellam
3275 3457 3425 3514 beati
3482 3456 3865 3521 Hilarini,cum

601 3551 1018 3611 ciusiracundia
1045 3555 1237 3627 plenus
1266 3576 1280 3613 :
1308 3557 1440 3626 Nos,
1476 3558 1676 3630 inquit,
1717 3561 2050 3618 consulimus
2106 3578 2192 3620 se-
2292 3569 2400 3626 quo
2468 3553 2662 3610 beatus
2733 3551 2820 3607 Vil‘
2889 3550 3204 3618 habiiabat.
3280 3549 3636 3621 requireret;
3721 3563 3860 3620 quam

600 3648 805 3703 nectuti
849 3657 975 3716 tuae,
1024 3650 1150 3705 audi
1200 3662 1471 3724 praecepta
1535 3662 1742 3720 nostra,
1810 3663 1866 3710 et
1917 3654 2186 3712 sacrifica.

2299 3645 2400 3701 [ide
2468 3643 2673 3702 Christi
2769 3644 3123 3712 instructam,
3196 3642 3265 3699 ad
3333 3643 3558 3700 beatum
3633 3641 3862 3716 Satyrum

605 3739 908 3814 Respondit
932 3744 1126 3800 beatus
1157 3743 1341 3802 Sixtus
1375 3765 1388 3803 :
1419 3746 1604 3815 Miser,
1633 3756 1692 3804 tu
1723 3749 1820 3806 tibi
1852 3751 2096 3817 consule,
2135 3759 2192 3806 et

2299 3740 2603 3811 episcopum
2652 3735 2927 3792 Hilarinus
2967 3745 3023 3792 et
3065 3736 3305 3792 Donatus
3345 3733 3750 3807 perduxerunt.
3783 3734 3864 3804 Qui

599 3833 711 3890 noli
732 3834 1135 3907 blasphemare,
1162 3840 1258 3894 sed
1288 3854 1384 3910 age
1412 3841 1788 3911 paenitentiam
1825 3843 1892 3899 de
1925 3845 2188 3916 sanguine
2290 3832 2452 3889 ﬁdem
2491 3831 2663 3902 iPSius
2715 3839 2777 3886 ιιι
2813 3831 3048 3900 accepit:
3073 3832 3277 3904 ετθιίθε
3318 3831 3432 3887 Deo
3463 3847 3667 3902 38305:
3702 3832 3866 3888 ίηάίιίί

596 3934 935 3994 sanctorum,
957 3942 1118 3998 quem
1139 3928 1397 3986 eﬁ‘udisti.
1419 3929 1571 3987 Tunc
1599 3942 1852 3989 monente
1877 3933 2185 4002 Valeriano,

2299 3925 2339 3979 ei
2360 3923 2650 3996 jejunium,
2681 3932 2740 3979 ut
2779 3923 3161 3980 humiliaretur
3193 3925 3249 3980 in
3283 3923 3460 3981 cilicio
3494 3934 3552 3981 et
3585 3926 3793 3982 cinere.
3814 3923 3864 3980 Et

598 4016 764 4088 jussit
787 4020 984 4075 Decius
1026 4029 1086 4075 ut
1120 4022 1448 4078 ducerentur
1485 4023 1553 4078 ad
1587 4026 1848 4096 templum
1887 4027 2094 4096 Martis,
2133 4037 2189 4086 et

2299 4017 2370 4072 sic
2398 4016 2593 4073 deinde
2624 4015 2984 4073 catechizavit
3003 4031 3146 4083 eam,
3173 4025 3229 4073 et
3256 4017 3554 4087 baptizavit
3581 4028 3701 4074 tam
3723 4020 3863 4090 ipsam

595 4108 644 4165 si
670 4109 874 4166 nollent
903 4111 1235 4178 sacriﬁcare,
1260 4114 1314 4169 in
1342 4115 1530 4172 eodem
1574 4116 1693 4173 loco
1730 4119 1908 4188 capite
1963 4129 2186 4178 trunca-
2289 4124 2455 4181 quam
2481 4108 2651 4164 “lium
2678 4106 2814 4178 eius-
2838 4108 2908 4163 Ει
2931 4123 3059 4165 ωσι
3089 4108 3260 4180 aper“
3289 4115 3418 4165 ειυη
3450 4107 3602 4165 θαιιί
3646 4109 3864 4171 sum

596 4194 808 4262 rentur.
838 4207 1030 4264 Educti
1056 4223 1187 4279 ergo
1206 4208 1352 4267 foras
1379 4227 1594 4268 murum
1639 4224 1810 4285 portae
1846 4216 2056 4288 Appiae,
2104 4217 2187 4275 di-

2299 4205 2561 4276 eoepitque
2586 4203 2824 4260 clamare
2855 4222 2868 4257 :
2895 4203 3036 4260 Vere
3059 4203 3205 4260 Deus
3233 4201 3485 4260 Christus
3507 4215 3619 4272 est,
3648 4205 3740 4275 qui
3764 4203 3863 4259 illu-

595 4295 676 4352 xit
713 4297 905 4354 beatus
946 4297 1134 4357 Sixtus
1181 4300 1249 4356 ad
1279 4303 1538 4375 templum
1577 4303 1803 4363 Mariis;
1837 4307 2091 4365 oestrum
2132 4319 2186 4367 ιο
2288 4297 2514 4354 minavit
2540 4297 2728 4352 oculos
2758 4311 2929 4353 meos.
2963 4295 3117 4365 Quod
3140 4297 3342 4353 factum
3364 4296 3597 4352 audiens
3618 4295 3863 4370 Apronia-

596 4385 844 4447 Christus
890 4389 1060 4448 Filius
1131 4392 1225 4449 Dei
1288 4393 1417 4450 vivi.
1478 4379 1721 4469 cumque
1778 4401 2185 4471 respondissent

2299 4409 2411 4462 nus,
2441 4410 2550 4451 non
2580 4394 2752 4452 multo
2796 4403 2920 4467 post
2957 4393 3140 4450 attulit
3184 4392 3355 4448 illium
3399 4407 3561 4449 suum
3588 4394 3862 4451 dmonit-

594 4496 785 4540 omnes
809 4482 1129 4554 Christiani,
1154 4487 1353 4555 Amen,
1381 4489 1561 4546 subito
1604 4491 1807 4548 cecidit
1847 4492 2028 4564 aliqua
2054 4509 2184 4564 pars
2287 4501 2412 4542 cum
2461 4489 2530 4544 ad
2579 4489 2797 4544 bealum
2839 4489 3130 4546 Donatum.
3173 4486 3291 4557 Quo
3319 4495 3511 4544 orante
3547 4488 3724 4544 Simul
3764 4502 3863 4543 αιω

597 4575 803 4646 templi,
829 4584 886 4631 et
909 4578 1244 4634 comminuta
1271 4590 1374 4636 est.
1424 4581 1576 4638 Tunc
1618 4583 1810 4639 beatus
1855 4583 2183 4640 Laurentius
2207 4636 2259 4654 ἢ
2288 4578 2487 4654 Satyro
2527 4581 2780 4653 episcopo
2806 4590 2862 4636 et
2891 4580 3156 4647 Hilarino,
3193 4580 3450 4653 expulsus
3497 4580 3719 4637 daemon
3757 4596 3865 4652 pue-

595 4667 761 4738 cmpit
784 4667 1022 4726 clamare
1049 4683 1065 4724 :
1090 4668 1207 4727 Non
1232 4687 1319 4728 me
1356 4673 1727 4746 derelinquas,
1775 4684 1934 4746 pater
1967 4686 2178 4745 sancte,
2209 4667 2262 4699 ν
2286 4686 2408 4727 rum
2439 4688 2630 4728 sanum
2658 4673 2896 4744 reliquit.
2925 4671 3032 4729 Sed
3059 4681 3248 4729 etnon
3277 4672 3436 4745 longo
3465 4682 3722 4745 tempore
3743 4684 3863 4745 post.

591 4761 722 4832 quia
775 4761 1058 4820 thesauros
1099 4772 1220 4820 tuos
1271 4766 1384 4838 jam
1413 4769 1668 4839 expendi,
1718 4785 1853 4839 quos
1909 4770 2183 4827 tradidisti

2299 4762 2371 4815 vir
2414 4763 2635 4834 quidam
2682 4762 2985 4831 Eustasius,
3034 4772 3217 4820 rector
3263 4762 3509 4832 Tusciae,
3557 4776 3622 4823 et
3666 4777 3864 4823 exactor

595 4851 750 4909 mihi.
783 4852 979 4912 Milites
1023 4865 1206 4914 autem
1261 4857 1543 4916 audientes
1574 4860 1641 4916 de
1675 4861 1966 4931 thesauris,
2000 4871 2186 4921 tenue-
2287 4853 2428 4921 θεαῖν
2452 4855 2581 4910 dum
2624 4865 2921 4929 οοουρθιιιε
2956 4855 3122 4914 animi
3163 4865 3460 4926 ῑθυθτθῑυτν
3497 4863 3867 4931 ευΡθιὟεηίεη·

591 4955 722 5003 runt
783 4947 1000 5006 beatum
1039 4949 1390 5009 Laurentium
1456 4954 1936 5025 archidiaconum;
1965 4968 2184 5015 sanctos

2299 4946 2434 5004 tibus
2455 4946 2722 5015 hostibus,
2742 4963 2879 5004 uxor
2901 4948 3071 5020 ipsius
3084 4947 3423 5021 Euphrosiua
3447 4953 3744 5021 pecuniam
3765 4951 3865 5008 ﬁsci

589 5053 742 5105 vero,
773 5037 1006 5106 Sixtum,
1041 5041 1459 5111 Felicissimum,
1481 5055 1536 5100 et
1563 5047 1858 5119 Agapitum
1907 5050 2185 5107 duxerunt
2289 5036 2592 5105 abscondit,
2624 5046 2679 5094 ει
2722 5038 2912 5109 Pallas
2950 5037 3142 5096 diebus
3182 5041 3626 5109 succedentibus.
3658 5043 3862 5099 αδεεηιε

590 5131 646 5188 in
677 5132 875 5189 clivum
899 5132 1087 5192 Martis
1121 5145 1246 5194 ante
1281 5138 1537 5209 templum
1558 5180 1574 5206 ,
1601 5149 1655 5195 et
1679 5140 1751 5198 ibi
1779 5141 2027 5198 decollati
2052 5153 2181 5199 sunt
2282 5131 2461 5189 adhuc
2500 5133 2640 5198 νίνου
2668 5133 2998 5207 ἀθίυηείιυτο
3031 5133 3266 5191 Rediens
3310 5142 3489 5191 autem
3527 5139 3862 5208 Ροειωοάυω

588 5235 782 5286 oetavo
806 5228 928 5284 ldus
958 5229 1208 5301 Augusti.
1239 5229 1412 5290 Noctu
1453 5241 1636 5291 autem
1668 5245 1936 5291 venerunt
1964 5235 2175 5305 clerici,

2299 5223 2366 5278 vir
2408 5222 2547 5294 ejus,
2573 5226 2780 5282 invenit
2819 5241 3045 5283 uxorem
3088 5241 3243 5282 suam
3288 5236 3582 5294 mortuam,
3615 5239 3672 5285 et
3712 5245 3860 5302 pecn-

587 5327 644 5376 et
666 5319 903 5378 maxima
934 5336 1061 5392 pars
1085 5319 1544 5391 Christianorum,
1589 5333 1645 5381 et
1685 5324 2021 5398 collegerunt
2055 5341 2178 5384 cor-
2282 5318 2428 5374 "iam
2454 5317 2573 5374 θεοί
2611 5317 2714 5374 Sibi
2761 5317 2944 5374 Celari-
2975 5317 3091 5386 Qua
3116 5317 3185 5375 de
3210 5333 3270 5374 re
3301 5332 3408 5375 non
3457 5335 3652 5391 parum
3687 5322 3863 5382 tristis.

586 5425 724 5488 pora
748 5420 1086 5478 sanctorum,
1119 5421 1176 5468 et
1221 5413 1556 5485 sepelierunt
1598 5415 1818 5471 beatum
1865 5413 2091 5473 Sextum
2123 5418 2178 5473 in

585 5511 780 5577 crypta
802 5504 857 5559 in
881 5503 1197 5560 coemeterio
1222 5502 1431 5560 Callisti
1471 5504 1526 5560 in
1571 5505 1761 5563 eadem
1793 5505 1898 5563 via.
1941 5504 2175 5564 Sanctos

586 5610 721 5654 vero
760 5595 1158 5655 Felicissimum
1197 5605 1254 5654 et
1307 5596 1596 5670 Agapitum
1643 5607 1912 5672 martyres
1951 5598 2178 5671 sepelie-

588 5704 721 5754 runt
740 5697 800 5755 in
826 5696 1143 5754 cmmeterio
1162 5695 1498 5753 Praetextati.
1530 5694 1796 5754 Decollati
1822 5704 2010 5752 autem
2049 5701 2179 5752 sunt

588 5805 718 5852 cum
743 5791 826 5850 eis
847 5800 903 5848 et
926 5791 1022 5848 alii
1065 5798 1322 5864 quatuor,
1349 5799 1412 5850 ut
1459 5791 1517 5850 in
1546 5790 1716 5865 gestis
1761 5788 2178 5848 Pontiﬁcalibus

665 5918 696 5951 ο
731 5904 924 5978 Eulog.
950 5903 990 5962 l.
1019 5919 1084 5972 ll,
1112 5918 1163 5961 c.
1197 5904 1286 5960 ll.

2282 5411 2442 5467 simul
2482 5427 2582 5483 pro
2625 5412 2888 5484 requisita
2918 5413 3169 5484 pecunia,
3197 5428 3320 5469 cum
3351 5413 3516 5469 etiam
3551 5429 3582 5468 a
3612 5415 3865 5485 principi-

2279 5506 2382 5562 bus
2418 5506 2583 5563 curiae
2621 5505 2882 5578 supplicia
2913 5507 3016 5579 ipsi
3044 5507 3459 5574 meditarentur,
3491 5506 3710 5578 fugiens
3738 5509 3864 5563 idem

2281 5599 2585 5668 Eustasius,
2614 5600 2765 5656 venit
2799 5601 2868 5656 ad
2894 5600 3113 5657 beatum
3143 5599 3398 5674 Satyrum
3426 5609 3482 5656 et
3514 5600 3866 5666 Douatum,et

2283 5694 2546 5752 indicavit
2599 5695 2679 5751 eis
2727 5696 3055 5752 anxietatem
3107 5696 3276 5753 animi
3323 5695 3429 5752 sui.
3477 5693 3640 5751 Stans
3694 5697 3866 5767 itaque

2283 5781 2526 5844 Donatus
2550 5803 2714 5860 super
2737 5787 3045 5860 sepulcrum
3067 5789 3266 5848 uxoris
3302 5789 3490 5863 ipsius,
3515 5803 3646 5848 voce
3674 5804 3864 5862 magia

2359 5878 2390 5942 ε
2408 5880 2586 5972 ἀνείς.
2613 5899 2750 5959 Dial.
2779 5901 2818 5958 l.
2843 5917 2882 5967 ι,
2907 5901 2962 5970 6,
2989 5903 3044 5958 7.
