3962 6366
590 364 724 452 325.
783 370 786 371 ,

1582 389 1641 450 s.
1673 388 1926 451 ADONIS
1961 376 2392 449 Αιιαιιιωιεα.
2437 387 2852 450 "causam

3781 397 3886 456 336

588 515 876 565 duceretur
911 505 1100 562 beatus
1131 505 1317 562 Sixtus
1341 520 1464 563 cum
1487 506 1694 562 duobus
1743 506 2081 570 diaconibus,
2114 513 2174 559 ut
2203 509 2250 569 Α
2278 504 2387 560 noli
2407 504 2680 560 conlidere
2703 506 2759 560 in
2789 503 3081 561 thesauris.
3113 518 3250 574 quos
3288 504 3457 562 habes
3494 506 3878 578 absconditos,

586 601 907 672 martyrium
921 617 1078 656 suum
1102 607 1520 665 consummaret,
1555 608 1610 655 et
1639 601 1830 655 beatus
1848 599 2174 655 Laurentius

587 695 848 751 clamaret
868 695 1161 752 adveniens
1196 714 1208 750 :
1233 694 1348 751 Non
1369 710 1457 750 me
1480 695 1844 765 dereiinquas,
1869 703 2020 765 pater
2049 707 2174 749 sano

589 799 676 844 ete
706 786 889 861 (Joan.
917 802 1049 852 xvn,
1082 785 1196 858 24),
1233 787 1357 856 quia
1389 787 1672 842 thesaurus
1702 798 1821 842 tuos
1833 784 1948 855 jam
1969 800 2174 855 expen-

587 880 663 944 di,
699 895 836 952 quos
889 879 1155 936 tradidisti
1197 880 1348 945 mihi,
1395 887 1575 934 tentus
1619 888 1704 934 est
1757 895 1787 934 a
1832 878 2094 934 militibus
2119 885 2174 934 et

588 971 820 1029 traditus
853 970 1142 1027 Parthenio
1171 971 1536 1043 tribunouni
1563 972 1833 1026 nuntiavit
1854 972 2015 1027 Decio
2030 970 2172 1042 quod

586 1067 926 1132 Laurentius,
981 1068 1072 1139 qui
1127 1068 1352 1125 haberet
1391 1071 1674 1125 thesauros
1710 1069 2040 1134 reconditos,
2089 1082 2174 1120 ar-

585 1162 932 1217 chidiaconus
955 1161 1092 1216 Sixti
1125 1163 1177 1217 in
1206 1163 1452 1218 custodia
1484 1170 1778 1218 teneretur.
1809 1159 1910 1228 Qui
1932 1160 2171 1231 gavisus,

584 1252 715 1309 fecit
742 1270 864 1309 eum
896 1254 998 1310 sibi
1026 1245 1369 1326 praesentari,
1401 1263 1456 1309 et
1485 1254 1727 1308 auditum
1762 1251 1984 1308 tradidit
2015 1250 2172 1306 Vale-

583 1347 736 1404 riano
766 1347 1042 1418 praefecto,
1076 1347 1167 1419 qui
1215 1357 1271 1404 et
1302 1348 1416 1419 ipse
1459 1347 1605 1403 dedit
1633 1361 1756 1402 eum
1788 1345 1839 1400 in
1873 1343 2171 1400 custodiam

582 1441 794 1496 cuidam
827 1440 1145 1514 Hippolyto;
1188 1450 1244 1498 et
1272 1440 1588 1512 Hippolytus
1641 1439 1863 1494 reclusit
1896 1454 2018 1494 eum
2049 1452 2171 1492 cum

580 1537 783 1592 multis.
831 1535 962 1592 Erat
988 1546 1168 1592 autem
1201 1537 1273 1592 ibi
1302 1537 1483 1603 homo,
1513 1533 1750 1592 Lucilius
1798 1533 2036 1598 nomine,
2071 1547 2172 1588 cae-

581 1644 696 1696 cus,
735 1629 802 1684 ad
827 1644 988 1700 quem
1020 1638 1244 1684 sanctus
1269 1627 1598 1683 Laurentius
1624 1646 1636 1679 :
1668 1624 1860 1690 Crede,
1893 1624 2090 1694 inquit,
2119 1623 2170 1677 in

579 1719 777 1778 Filium
803 1720 901 1776 Dei
949 1720 1236 1777 Dominum
1277 1728 1520 1775 nostrum
1577 1711 1760 1775 Jesum
1788 1717 2084 1782 Christum,
2117 1725 2172 1772 et

579 1813 880 1884 baptizare,
908 1821 961 1867 et
984 1811 1304 1866 illuminabit
1327 1822 1398 1866 te.
1424 1811 1721 1882 Respondit
1749 1809 2024 1865 Lucillus':
2059 1808 2169 1880 Ego

2274 595 2466 653 beatus
2494 596 2821 652 Laurentius
2848 597 3018 654 libere
3045 599 3360 669 respondit:
3389 598 3528 655 Vere
3545 608 3608 656 et
3628 601 3875 668 conﬁdo,

2274 699 2330 744 et
2353 705 2579 746 securus
2606 705 2724 746 sum
2755 691 2822 746 de
2875 691 3146 746 thesauris
3191 691 3346 746 meis.
3382 690 3540 748 Unde
3584 691 3874 750 iracundia

2273 783 2464 854 plenus
2491 784 2712 850 Decius,
2748 783 2910 852 jussit
2935 798 3057 838 eum
3091 784 3295 839 nudum
3317 784 3556 842 fustibus
3584 786 3753 843 cadi.
3780 787 3874 857 Qui

2274 892 2398 932 cum
2421 879 2743 944 caederetur,
2771 878 3045 932 clamabat
3065 878 3131 932 ad
3155 877 3424 935 Caesarem
3450 896 3466 933 :
3489 879 3660 946 Ecce,
3684 881 3871 946 miser,

2272 971 2357 1026 vel
2408 972 2568 1027 mede
2624 986 2894 1043 cognosce
2947 971 3075 1042 quia
3138 971 3414 1042 triumpho
3473 972 3542 1028 de
3595 973 3874 1032 thesauris

2273 1062 2497 1131 Christi,
2534 1070 2588 1120 et
2617 1080 2723 1120 non
2754 1064 2927 1120 sentio
2977 1072 3250 1121 tormenta
3279 1074 3390 1122 tua.
3432 1066 3632 1123 Adhuc
3683 1067 3868 1126 Decius

2272 1155 2444 1211 fustes
2467 1169 2688 1227 augere.
2719 1164 2775 1210 et
2803 1155 2936 1212 dare
2965 1156 3034 1211 ad
3059 1155 3227 1212 latera
3253 1155 3375 1226 ejus
3398 1156 3640 1214 laminas
3667 1159 3870 1216 ferreas

2273 1252 2527 1309 ardentes
2547 1251 2720 1321 jubet.
2770 1251 2971 1308 Beatus
2998 1267 3130 1308 vero
3183 1251 3511 1309 Laurentius
3551 1253 3747 1308 dixit:
3780 1253 3866 1309 Do-

2273 1345 2420 1400 mine
2446 1345 2576 1401 Jesu
2596 1343 2834 1408 Christe,
2852 1344 2995 1402 Deus
3019 1346 3088 1401 de
3109 1344 3241 1412 Deo,
3267 1347 3532 1402 miserere
3552 1345 3702 1403 mihi
3725 1361 3865 1402 sem

2275 1445 2386 1502 tuo,
2435 1438 2564 1509 quia
2615 1438 2902 1496 accusatus
2959 1455 3068 1496 non
3120 1441 3348 1512 negavi,
3395 1439 3780 1512 interrogatus
3821 1451 3864 1496 te

2273 1526 2561 1582 Dominum
2607 1527 2792 1583 Jesum
2841 1528 3118 1585 Christum
3163 1529 3446 1587 confessus
3473 1546 3619 1586 sum.
3657 1530 3728 1586 Et
3755 1546 3860 1587 cura

2274 1618 2576 1674 diutissime
2605 1635 2728 1675 cum
2751 1621 3048 1691 plumbatis
3076 1622 3397 1688 caederetur,
3429 1623 3603 1679 dixit:
3643 1622 3857 1682 Domine

2271 1708 2396 1766 Jesu
2429 1709 2643 1767 Christe
2664 1753 2677 1775 ,
2731 1713 2822 1784 qui
2846 1727 2944 1783 pro
2968 1723 3154 1770 nostra
3185 1714 3364 1770 salute
3385 1714 3653 1787 dignatus
3681 1729 3745 1770 es
3765 1716 3859 1771 Ior-

2273 1817 2416 1856 mam
2443 1804 2584 1858 servi
2617 1805 2888 1875 accipere,
2920 1814 3004 1862 ut.
3027 1822 3128 1862 nos
3154 1822 3186 1862 a
3216 1807 3440 1863 servitio
3463 1807 3783 1864 demonnm
3802 1807 3856 1862 li-

577 1921 794 1976 semper
827 1905 1125 1960 desideravi
1157 1905 1423 1974 baptizari
1453 1905 1506 1958 in
1546 1903 1764 1958 nomine
1794 1901 2007 1958 Domini
2038 1899 2162 1956 Jesu
2196 1884 2243 1945 Β
2271 1895 2518 1964 berares,
2560 1898 2748 1968 accipe
2779 1898 3032 1970 spiritum
3062 1915 3263 1956 meum.
3308 1900 3377 1956 Et
3399 1900 3581 1956 audita
3609 1910 3705 1956 est
3729 1917 3852 1956 vox:

576 1995 801 2056 Christi.
828 1997 982 2054 Tunc
1007 1998 1198 2052 beatus
1227 1997 1555 2052 Laurentius
1598 1995 1995 2052 cathechizavit
2019 2010 2164 2060 eum,

577 2099 634 2146 et
682 2098 906 2160 accepta
932 2104 1070 2160 aqua
1099 2088 1414 2159 baptizavit,
1455 2097 1510 2142 et
1535 2085 1822 2141 illuminati
1854 2095 1978 2142 sunt
2027 2084 2168 2142 oculi

575 2182 712 2252 ejus.
745 2182 856 2238 Hoc
890 2180 1090 2237 factum
1119 2183 1418 2238 audientes.
1455 2181 1603 2235 multi
1627 2180 1754 2236 caeci
1784 2179 2075 2236 veniebant
2103 2179 2168 2235 ad

577 2274 795 2330 beatum
823 2273 1196 2339 Laurentium,
1237 2283 1290 2328 et
1318 2273 1549 2345 ponebat
1578 2288 1798 2326 manum
1827 2287 1978 2326 suam
2008 2286 2168 2341 super

578 2367 764 2422 oculos
795 2381 1006 2433 eorum,
1053 2375 1109 2421 et
1160 2366 1622 2422 illuminabantur.
1669 2366 1871 2422 Videns
1901 2365 2004 2420 hoc
2033 2365 2168 2436 Hip-

577 2456 814 2529 polytus,
868 2456 1116 2526 credidit,
1149 2465 1202 2511 et
1232 2456 1639 2511 cathechizatus
1667 2466 1831 2526 atque
1863 2455 2169 2524 baptizatus

575 2559 676 2607 est.
711 2550 896 2620 Itaque
921 2566 989 2606 ex
1015 2550 1266 2605 mandato
1307 2548 1568 2604 adductus
1597 2557 1681 2604 est
1705 2549 1894 2602 beatus
1921 2545 2164 2601 Lauren-

576 2644 682 2698 tius
709 2654 835 2698 ante
859 2651 1208 2714 conspectunt
1237 2639 1535 2704 Valeriani,
1563 2639 1654 2710 qui
1681 2639 1816 2695 dixit
1839 2640 1999 2695 beato
2025 2637 2167 2693 Lau-

577 2734 792 2790 rentio:
829 2731 949 2788 Jam
995 2734 1203 2804 depone
1252 2731 1630 2803 pertinaciam,
1683 2739 1738 2786 et
1763 2730 1829 2784 da
1859 2731 2163 2796 thesauros,

576 2842 715 2897 quos
762 2826 904 2897 apud
935 2832 988 2880 te
1013 2825 1369 2896 cognovimus
1395 2838 1518 2880 esse
1547 2821 1876 2878 reconditos.
1908 2820 2008 2876 Cui
2033 2836 2154 2876 san-

575 2928 695 2975 ctus
714 2918 1072 2974 Laurentius:
1104 2918 1181 2971 Da
1206 2917 1338 2971 mihi
1369 2916 1612 2972 inducias
1647 2914 1810 2970 biduo
1839 2922 1936 2970 aut
1965 2913 2160 2978 triduo,

571 3023 626 3068 et
674 3012 948 3082 proferam
979 3011 1072 3067 tibi
1104 3011 1409 3066 thesauros.
1439 3009 1522 3064 Ab
1543 3009 1733 3065 eadem
1755 3008 1842 3063 die
1858 3007 2028 3077 coepit
2049 3005 2164 3064 col-

574 3105 742 3178 ligere
765 3121 960 3171 caecos,
1007 3113 1061 3161 et
1090 3103 1332 3168 claudos,
1363 3102 1570 3158 debiles
1590 3112 1645 3157 et
1674 3115 1963 3172 pauperes,
1990 3100 2160 3162 etab-

575 3199 788 3254 scondit
840 3213 936 3255 eos
973 3198 1028 3253 in
1071 3198 1230 3253 domo
1282 3195 1574 3268 Hippolyti.
1622 3194 1940 3252 Valerianus
1979 3204 2160 3252 autem

2274 1988 2467 2045 Adhuc
2487 1989 2654 2046 multa
2675 1992 2973 2046 certamina
2997 1993 3091 2048 tibi
3113 1993 3398 2050 debentur.
3412 1993 3583 2051 Porro
3601 2006 3855 2052 extensus

2275 2079 2329 2134 in
2359 2088 2584 2147 catasta,
2608 2089 2663 2136 et
2687 2083 3064 2154 scorpionibus
3085 2086 3404 2156 gravissime
3419 2101 3588 2143 caesus
3609 2098 3732 2154 est;
3771 2090 3856 2159 qui

2273 2173 2580 2240 subridens,
2615 2185 2670 2230 et
2689 2177 2894 2246 gratias
2919 2192 3105 2248 agens,
3140 2177 3391 2235 dicebat:
3425 2179 3753 2237 Benedictus
3781 2195 3852 2245 es,

2272 2263 2500 2320 Domine
2524 2267 2690 2332 Deus,
2717 2267 2882 2324 Pater
2907 2268 3122 2324 Domini
3149 2267 3278 2326 Jesu
3309 2270 3542 2336 Christi,
3583 2273 3684 2341 qui
3715 2275 3853 2328 nobis

2272 2357 2484 2413 donasti
2509 2358 2962 2426 misericordiam,
2987 2377 3150 2432 quam
3174 2362 3355 2418 meriti
3386 2379 3494 2420 non
3520 2380 3735 2419 sumus.
3759 2363 3850 2422 Sed

2273 2459 2350 2516 tu,
2369 2450 2614 2518 Domine,
2636 2461 2858 2523 propter
2886 2462 3032 2509 tuam
3055 2455 3313 2525 pietatem
3338 2457 3405 2512 da
3431 2456 3592 2512 nobis
3612 2458 3846 2528 gratiam,

2216 2531 2225 2539 ’
2269 2548 2330 2594 ιιι
2359 2551 2691 2612 cognoscant
2708 2557 2898 2600 omnes
2918 2545 3356 2612 circumstantes,
3379 2548 3509 2618 quia
3536 2557 3592 2603 tu
3615 2549 3844 2604 consola—

2271 2633 2346 2688 ris
2385 2648 2572 2690 servos
2597 2643 2738 2692 tuos.
2766 2636 2919 2694 Tunc
2947 2652 3089 2695 unus
3117 2654 3184 2694 ex
3205 2640 3489 2706 militibus,
3516 2641 3740 2697 nomine
3758 2642 3844 2696 lto-

2269 2740 2481 2793 manus,
2527 2728 2758 2786 credidit
2779 2729 3012 2787 Domino
3037 2730 3166 2787 Jesu
3195 2732 3433 2798 Christo,
3462 2740 3526 2788 et
3547 2733 3692 2790 dixit
3715 2735 3843 2788 beato

2267 2819 2560 2878 Laurentio
2591 2840 2604 2876 :
2636 2822 2803 2880 Video
2851 2833 2978 2881 ante
3012 2834 3066 2882 te
3113 2827 3388 2883 hominem
3436 2827 3841 2898 pulcherrimum

2267 2919 2502 2969 stantem
2529 2928 2654 2969 cum
2704 2914 2891 2982 linteo,
2919 2916 2976 2972 et
3008 2926 3378 2990 extergentem
3432 2921 3690 2978 membra
3737 2932 3841 2986 tua;

2267 3003 2462 3072 adjuro
2483 3013 2538 3061 te
2563 3021 2660 3076 per
2676 3004 2971 3072 Christum,
2991 3009 3084 3079 qui
3105 3009 3200 3065 tibi
3228 3009 3375 3064 misit
3401 3010 3661 3081 angelum
3687 3029 3842 3078 suum,

2267 3111 2337 3152 ne
2360 3111 2446 3152 me
2479 3096 2848 3170 derelinquas.
2881 3099 3118 3157 Levatus
3145 3102 3308 3173 igitur
3334 3103 3533 3160 beatus
3560 3115 3768 3177 martyr
3789 3107 3843 3161 de

2267 3199 2478 3246 castata
2507 3199 2562 3247 et
2585 3191 2817 3258 solutus,
2844 3193 3085 3250 redditus
3111 3202 3196 3250 est
3240 3193 3537 3268 Hippolyto
3563 3208 3772 3252 tantum
3797 3199 3842 3252 in

573 3292 919 3348 nuntiaverat
957 3290 1140 3355 Decio,
1170 3289 1294 3359 quia
1323 3261 1681 3359 promisisset,
1713 3289 1853 3345 datis
1877 3289 1980 3345 sibi
2012 3289 2164 3344 indu-
2189 3261 2234 3325 ς
2264 3282 2488 3352 palatio.
2522 3282 2752 3342 Veniens
2776 3294 2958 3344 autem
2978 3286 3254 3344 Romanus
3274 3261 3510 3346 adieretis
3523 3305 3732 3360 aquam,
3756 3290 3845 3345 mi-

575 3381 696 3448 ciis,
729 3381 1055 3437 Laurentius
1111 3381 1415 3436 thesauros.
1458 3378 1757 3451 Completis
1785 3380 1952 3450 igitur
1988 3380 2161 3436 tribus

573 3471 784 3539 diebus,
817 3471 1165 3544 praesentavit
1187 3486 1244 3526 se
1267 3470 1319 3524 in
1347 3469 1544 3540 palatio
1571 3468 1902 3526 Salustiano.
1935 3469 2004 3525 Et
2027 3471 2162 3526 dixit

573 3565 622 3619 ei
654 3565 883 3621 Decius:
909 3563 1009 3621 Ubi
1036 3570 1160 3618 sunt
1193 3562 1456 3627 thesauri,
1485 3577 1622 3632 quos
1646 3561 1992 3633 pollicituses
2019 3576 2159 3634 pra:-

574 3656 829 3712 sentare?
872 3653 1424 3734 BeatusLanrentius
1447 3652 1730 3708 collectam
1760 3652 2158 3708 multitudinem

570 3765 867 3821 pauperum
893 3748 1197 3805 introduxit
1229 3749 1281 3802 in
1311 3748 1586 3820 palatium,
1615 3754 1669 3802 ct
1697 3761 1827 3803 voce
1857 3761 2052 3817 magna
2075 3744 2158 3800 di-

573 3843 690 3898 xit:
721 3843 861 3898 Ecce
895 3841 984 3897 isti
1031 3850 1157 3896 sunt
1202 3840 1441 3896 thesauri
1496 3840 1706 3906 aeterni,
1737 3840 1828 3910 qui
1883 3855 2159 3908 nunquam

572 3935 967 3999 diminuuntur,
997 3947 1100 3988 nec
1128 3932 1481 3996 decrescunt;
1511 3931 1604 4000 qui
1635 3931 1690 3984 in
1722 3930 1948 4000 singulis
1971 3945 2158 4001 aSpcr-

572 4030 736 4102 gitur,
767 4034 822 4081 et
852 4027 908 4082 iu
938 4024 1189 4082 omnibus
1209 4024 1501 4079 invenitur.
1528 4021 1845 4078 Valerianus
1875 4022 2159 4094 przefectus

573 4118 746 4174 dixit:
781 4115 922 4184 Quid
952 4114 1132 4170 varias
1157 4129 1257 4184 per
1283 4113 1486 4168 multa?
1509 4111 1766 4169 Sacriﬁca
1788 4113 1915 4180 diis,
1939 4121 1994 4168 et
2017 4114 2156 4170 obli-

572 4211 782 4272 viscere
805 4217 950 4264 artes
976 4207 1235 4278 magicas,
1270 4206 1322 4261 in
1365 4193 1558 4277 quibus
1582 4205 1826 4261 conﬁdis.
1881 4205 1979 4261 Cui
2033 4221 2156 4261 cum

574 4303 799 4362 dixisset
827 4302 1019 4359 beatus
1042 4301 1368 4357 Laurentius
1399 4320 1410 4355 :
1446 4301 1624 4368 Quare
1653 4315 1748 4355 vos
1767 4307 2010 4356 coarctat
2036 4300 2156 4354 dia-

571 4395 751 4463 bolus,
797 4402 856 4450 ut
883 4391 1212 4451 Christianis
1239 4392 1466 4448 dicatis:
1500 4390 1816 4446 Sacriﬁcate
1836 4391 2158 4446 daemoniis?

570 4486 766 4543 Decius
797 4485 970 4540 iratus
1010 4483 1175 4557 jussit
1222 4498 1348 4538 eum
1391 4482 1706 4554 exspoliari,
1762 4493 1815 4537 et
1846 4481 1979 4537 caedi
2030 4497 2152 4537 cum

571 4577 968 4649 scorpionibus.
993 4575 1094 4644 Qui
1121 4591 1244 4631 cum
1267 4575 1583 4640 mederetur,
1609 4574 1823 4630 dicebat
1849 4591 1861 4626 :
1894 4573 2006 4646 Ego
2031 4576 2153 4645 qui-

571 4669 693 4725 dem
723 4669 926 4741 gratias
954 4684 1054 4740 ago
1091 4667 1200 4723 Deo
1240 4682 1378 4731 meo,
1415 4667 1504 4738 qui
1536 4682 1621 4722 me
1643 4667 1894 4738 dignatus
1917 4674 1999 4722 est
2027 4682 2158 4723 con-

565 4761 793 4836 jungere
813 4759 985 4816 servis
1007 4759 1146 4825 suis;
1175 4768 1255 4842 ‘tu,
1289 4761 1474 4827 miser,
1502 4760 1766 4831 torqueris
1796 4761 2004 4816 insania
2044 4769 2156 4829 tua,

570 4866 626 4914 et
665 4857 848 4912 furore
879 4865 987 4910 tuo.
1034 4854 1186 4910 Tunc
1221 4854 1438 4922 Decius,
1463 4855 1634 4910 levate
1679 4855 1896 4929 (inquit)
1928 4870 2072 4924 eum,
2103 4863 2159 4911 et

570 4953 694 5009 date
715 4960 840 5007 ante
857 4957 1205 5022 conspectum
1225 4948 1341 5019 ejus
1365 4965 1525 5005 omne
1549 4965 1716 5021 genus
1740 4958 2151 5005 tormentorum.

572 5043 638 5101 Et
667 5043 842 5100 allatae
879 5052 1006 5098 sunt
1040 5042 1255 5098 lamina:
1284 5043 1495 5110 ferrem,
1542 5053 1596 5098 et
1625 5042 1770 5110 lecti,
1793 5052 1846 5098 et
1873 5043 2153 5115 plumbati,

567 5145 623 5193 et
650 5136 818 5192 cardi.
849 5134 979 5192 Post
998 5135 1212 5190 vinctus
1231 5135 1438 5192 catenis
1465 5136 1654 5192 ductus
1681 5145 1762 5203 est
1792 5137 1980 5192 beatus
2004 5134 2149 5190 Lau-

568 5228 778 5285 rentius
812 5228 866 5283 in
897 5227 1154 5300 palatium
1184 5226 1411 5294 Tiberii,
1457 5236 1516 5282 ut
1543 5229 1613 5283 ibi
1639 5228 1805 5298 gestis
1848 5228 2145 5282 audiretur.

568 5320 636 5376 Et
675 5320 814 5377 sedit
848 5319 1044 5376 Decius
1085 5336 1186 5393 pro
1233 5321 1492 5376 tribunali
1521 5321 1573 5376 in
1615 5320 1835 5376 basilica
1881 5319 2063 5386 lovis;
2097 5329 2151 5376 et

565 5420 896 5490 przesentato
917 5411 1209 5468 Laurentio
1227 5428 1350 5467 cum
1374 5413 1598 5467 dixisset
1623 5427 1636 5466 ε
1661 5409 1921 5466 Sacriﬁca
1944 5412 2065 5479 diis,
2097 5422 2154 5470 et

639 5543 668 5574 ι
690 5529 908 5602 Βαιιιιί.
941 5530 1175 5602 Omnino
1205 5530 1603 5602 inteliiguntur,
1630 5530 1721 5600 qui
1753 5530 1872 5586 aliis
1899 5532 2151 5588 dicuntur

569 5601 760 5669 batilli,
805 5602 890 5657 vel
935 5601 1136 5657 batilla.
1185 5601 1401 5658 Plinius
1438 5602 1529 5656 lib.
1563 5617 1756 5669 χχχιιι,
1797 5618 1845 5657 c.
1874 5607 1906 5658 8
1939 5621 1950 5656 ε
1989 5623 2006 5656 ‹
2044 5605 2149 5659 Ar-

568 5673 715 5744 genti
758 5674 877 5729 duae
919 5673 1237 5729 diﬂ'erentiae
1268 5691 1280 5727 :
1315 5673 1515 5729 batillis
1562 5671 1752 5730 ferreis
1791 5675 2150 5731 candentibus

567 5752 816 5816 ramento
844 5746 1126 5815 imposito,
1155 5746 1296 5815 quod
1342 5744 1630 5800 candidum
1660 5756 1994 5816 permaneat,
2026 5762 2150 5816 pro-

567 5762 816 5801 ramento
844 5762 1126 5815 nnposuo,
1155 5762 1296 5815 quou
1342 5762 1630 5800 candidum
1697 5762 1994 5813 ermaneat,
2026 5762 2150 5816 pro-

567 5814 752 5895 batur,
788 5836 828 5895 i_
852 5826 907 5872 et
947 5816 1272 5895 lib.__xsxt_v,
1321 5817 1542 5895 capsit
1581 5836 1600 5895 :_
1628 5762 2052 5895 Ειὲρετὶῃιεηιτῳι
2096 5820 2150 5895 in

572 5886 752 5942 batillo
799 5887 988 5958 ferreo.
1033 5887 1333 5945 Trebellius
1370 5886 1542 5944 Pollio
1588 5889 1639 5944 in
1682 5888 1945 5946 Claudio:
1979 5886 2148 5944 Cocti-

2181 4628 2236 4690 D

2265 3378 2338 3433 sit
2367 3379 2523 3435 se'ad
2546 3373 2711 3450 pedes
2738 3383 2885 3439 beati
2907 3383 3184 3441 Laurentii
3213 3394 3272 3441 ut
3308 3386 3708 3458 baptizaretur;
3737 3387 3841 3457 qui,

2264 3468 2552 3525 benedicta
2603 3486 2764 3542 aqua,
2794 3474 3094 3544 baptizavit
3123 3490 3270 3531 eum.
3302 3475 3462 3544 Quod
3507 3476 3714 3534 factmn
3763 3494 3841 3532 au-

2265 3561 2419 3618 diens
2449 3561 2845 3634 Decius,jussit
2873 3582 2998 3622 eum
3035 3568 3140 3624 sibi
3169 3568 3412 3624 exhiberi
3443 3584 3570 3624 cum
3605 3567 3835 3626 fustibus.

2263 3645 2761 3726 Non'interrogatus
2785 3659 2950 3728 coepit
2965 3658 3223 3727 clamare,
3238 3659 3589 3719 Christianus
3607 3679 3746 3720 sum.
3767 3663 3835 3727 Et,

2255 3740 2484 3810 iubente
2513 3743 2699 3814 Decio,
2726 3747 2954 3803 eductus
2985 3747 3132 3805 foras
3167 3767 3352 3807 muros
3385 3765 3558 3823 portae
3611 3754 3834 3819 Salaria.

2265 3840 2562 3896 decollatus
2588 3849 2673 3898 est
2695 3843 2884 3913 quinto
2902 3843 3026 3901 ldus
3046 3845 3292 3918 Augusti.
3321 3847 3491 3919 Cujus
3529 3864 3734 3921 corpus
3755 3865 3836 3904 no-

2264 3938 2354 3985 ctu
2385 3931 2598 4004 collegit
2617 3931 2862 3990 Justinus
2882 3935 3186 4008 presbyter,
3212 3946 3267 3992 et
3291 3937 3541 4008 sepelivit
3566 3941 3626 3994 in
3647 3947 3832 4010 crypta.

2264 4024 2318 4078 in
2351 4039 2479 4095 agro
2505 4024 2738 4082 Verano.
2767 4027 2962 4084 Decius
2988 4038 3171 4084 autem
3195 4029 3378 4086 Caesar
3397 4033 3580 4102 pergit
3608 4044 3765 4088 noctu
3783 4030 3834 4084 ad

2265 4119 2503 4175 thermas
2529 4119 2684 4190 juxta
2707 4122 2969 4192 palatium
3005 4124 3262 4190 Salustii;
3292 4132 3346 4179 et
3375 4125 3660 4182 exhibitus
3696 4135 3772 4182 est
3796 4121 3835 4178 ei

2262 4213 2459 4269 iterum
2481 4223 2701 4271 sanctus
2712 4215 3054 4282 Laurentius,
3074 4217 3302 4273 etallata
3316 4226 3541 4274 suntom
3550 4220 3644 4274 nia
3661 4231 3832 4290 genera

2264 4318 2680 4378 tormentorum,
2695 4311 2984 4381 plumbata:
2998 4311 3188 4379 fustes,
3202 4311 3434 4377 laminae,
3459 4327 3694 4384 ungues,
3711 4311 3830 4373 lecti,

2261 4413 2289 4442 ει
2315 4401 2575 4469 batuli;et
2594 4403 2730 4458 dixit
2751 4405 2911 4466 beato
2927 4406 3151 4478 martyri
3170 4423 3181 4459 :
3199 4403 3317 4469 Jam
3336 4407 3546 4478 depone
3571 4405 3831 4478 perﬁdiam

2261 4493 2394 4547 artis
2410 4494 2713 4565 magicm,et
2726 4495 2810 4550 dic
2823 4496 2977 4552 nobis
2993 4498 3414 4568 generositatem
3431 4508 3604 4554 tuam.
3621 4498 3718 4555 Cui
3733 4499 3832 4553 bea-

2262 4589 2351 4637 tus
2364 4581 2988 4654 Laurentiusanantum
3003 4589 3068 4643 ad
3083 4605 3274 4661 genus,
3294 4589 3566 4663 Hispanus
3577 4607 3723 4655 sum,
3736 4603 3831 4644 eru-

2263 4677 2407 4732 ditus
2422 4694 2485 4733 ac
2497 4681 2733 4735 nutritus
2747 4680 2954 4748 Romae,
2969 4692 3024 4738 et
3036 4697 3066 4737 a
3080 4684 3347 4740 cunabilis
3361 4684 3830 4751 Christianus,em-

2263 4767 2406 4824 ditus
2432 4787 2648 4826 omnem
2677 4771 2847 4845 legem
2878 4785 3124 4831 sanctam
3149 4785 3208 4833 et
3226 4777 3489 4834 divinam.
3520 4778 3592 4833 Et
3619 4779 3824 4835 Decius:

2263 4858 2522 4916 Sacriﬁca
2538 4863 2660 4932 diis;
2677 4881 2802 4921 nam
2830 4883 2934 4924 nox
2959 4868 3064 4924 ista
3085 4872 3421 4941 expendetur
3446 4872 3570 4928 inte
3587 4888 3708 4927 cum
3725 4885 3825 4940 sup-

2259 4952 2453 5022 pliciis.
2484 4953 2622 5020 Mea,
2653 4956 2827 5027 inquit
2864 4957 3216 5029 Laurentius,
3255 4978 3363 5018 nox
3405 4963 3702 5018 obscurum
3739 4977 3827 5017 non

2258 5045 2442 5112 habet,
2471 5047 2563 5102 sed
2605 5049 2784 5104 omnia
2819 5051 2871 5105 in
2909 5052 3031 5108 luce
3069 5053 3397 5110 clarescunt.
3428 5055 3493 5110 Et
3522 5071 3648 5111 cum
3679 5055 3828 5109 mde-

2259 5144 2412 5192 retur
2445 5136 2708 5208 lapidibus
2729 5155 2790 5195 os
2815 5140 2951 5210 ejus,
2984 5144 3212 5210 ridebat,
3240 5154 3296 5200 et
3325 5144 3751 5211 confortabatur,
3775 5159 3827 5199 ac

2259 5229 2511 5286 dicebat:
2542 5231 2757 5288 Gratias
2798 5234 2895 5290 tibi
2937 5250 3060 5306 ago,
3084 5235 3321 5306 Christe,
3350 5240 3477 5309 quia
3516 5246 3575 5292 tu
3613 5254 3677 5294 es
3707 5238 3828 5292 Deus

2259 5325 2500 5380 omnium
2534 5341 2732 5381 rerum.
2766 5326 2976 5384 Allatus
3018 5338 3103 5386 est
3147 5341 3325 5387 autem
3376 5333 3548 5389 lectus
3587 5348 3711 5389 cum
3749 5327 3827 5384 tri-

2258 5414 2360 5472 bus
2403 5416 2598 5485 costis;
2642 5426 2697 5473 et
2724 5419 3060 5491 exspoliatus
3088 5421 3150 5477 Β.
3186 5422 3512 5479 Laurentius
3553 5423 3826 5479 vestimen-

2257 5527 2385 5583 lium
2433 5531 2743 5609 quotidiana
2791 5533 3266 5609 batillahqugtuor.
3311 5534 3596 5600 Horatius,
3629 5533 3821 5609 sat.

2256 5602 2846 5679 manisque-batillum.
2861 5602 3067 5679 Abditas
3088 5602 3192 5679 lib.
3241 5624 3297 5663 1x
3328 5609 3662 5679 AApostolicae
3692 5623 3714 5679 τί

2258 5687 2376 5724 cum
2408 5671 2682 5749 quasi”;
2705 5675 3008 5749 ιξιωήίὸιιιὶο.
3053 5678 3261 5749 Minora
3295 5671 3435 5736 forte
3466 5681 3566 5736 hac
3604 5675 3822 5749 igniaria

2257 5740 2682 5830 vascula'batilli
2711 5745 2839 5826 dicti
2860 5751 3063 5830 ;._unde_
3090 5748 3295 5830 6195s.,
3327 5751 3561 5830 equitum
3588 5740 3822 5830 πῦρςειμη

2259 5812 2340 5867 vel
2365 5814 2638 5895 impingam;
2661 5812 2867 5885 majora
2897 5820 3086 5890 batuli,
3108 5822 3188 5878 uti
3217 5812 3306 5879 hic
3329 5823 3412 5880 bis
3438 5823 3619 5888 habes,
3642 5812 3824 5892 (idibus

2261 5893 2429 5937 sancti
2462 5898 2918 5956 Sttperjmrttttttur.
