3962 6366
96 412 232 473 325

815 398 1421 463 MARTYROLOGIUM
1455 396 1601 471 CUM
1640 393 2175 465 ADNTAMENTIS.
2208 399 2513 463 —-~HENS
2539 399 2703 460 AUG.

3318 394 3461 465 ὅπα

101 526 188 583 tis
237 524 386 591 suis,
417 529 672 581 extentus
706 528 793 577 est
830 519 887 575 iu
932 528 1139 577 cratem
1172 517 1442 584 ferream;
1482 524 1538 573 et
1572 513 1721 573 allati
1748 516 1801 581 Α
1822 516 1985 588 quasi
2016 516 2154 575 nihil
2184 517 2314 577 mali
2351 518 2670 595 contigisset
2708 517 2780 591 ei.
2815 516 2970 577 Tunc
3004 517 3424 590 apprehendens

103 628 259 677 sunt
283 616 459 676 bstuli
491 631 615 680 cum
642 613 855 685 prunis,
885 619 942 668 et
976 611 1243 669 miserunt
1268 610 1369 666 sub
1396 617 1601 669 eratcui
1627 606 1730 663 fer-

103 729 306 771 ream.
341 712 447 781 Qui
483 724 606 767 cum
637 707 810 767 furcis
847 704 1043 763 ferreis
1078 709 1449 761 coarctaretur
1471 701 1727 773 desuper,

108 805 272 867 dixit
310 802 483 861 Decio
513 821 526 856 :
554 800 666 874 Ego
700 815 790 855 me
825 797 998 857 obtuli
1028 796 1356 854 sacriﬁcium
1385 796 1494 853 Deo
1525 794 1577 850 in
1601 796 1732 851 odo-

108 912 248 957 rem
289 894 615 959 suavitatis,
666 892 794 964 quia
849 890 1179 948 sacrificium
1219 890 1331 945 Deo
1379 895 1463 945 est
1509 887 1735 959 spiritus

114 989 554 1055 contribulatus.
594 984 892 1044 Carniﬁces
940 994 1119 1042 tamen
1168 991 1423 1055 urgentes
1459 981 1735 1039 ministra-

118 1083 293 1147 bant,
328 1082 594 1143 carbones
628 1079 907 1139 mittentes
946 1077 1133 1133 subter
1171 1085 1398 1142 cratem,
1423 1080 1479 1131 et
1507 1072 1737 1143 desuper

116 1175 567 1247 comprimente;
606 1187 731 1231 eum
770 1170 937 1227 furcis
978 1168 1189 1225 ferreis.
1224 1167 1460 1225 Sanctus
1485 1166 1732 1222 Lauren-

120 1266 249 1324 tius
274 1265 459 1329 dixit:
494 1263 672 1329 Disce,
701 1261 890 1328 miser,
913 1268 1115 1332 quanta
1143 1268 1227 1315 est
1256 1258 1434 1315 virtus
1468 1254 1567 1310 Dei
1604 1255 1733 1311 mei.

121 1355 274 1412 Nam
320 1354 589 1417 carbones
630 1353 707 1410 tui
753 1352 884 1408 mihi
930 1351 1273 1425 refrigerium
1299 1337 1602 1420 praestant,
1641 1344 1734 1401 tibi

124 1457 405 1509 mternum
454 1442 812 1519 supplicium;
886 1441 1012 1513 quia
1068 1440 1184 1511 ipse
1238 1438 1499 1494 Dominus
1549 1435 1735 1501 novit,

125 1537 284 1607 quod
323 1542 613 1599 accusauts
653 1548 761 1593 non
801 1530 1022 1603 negavi,
1052 1530 1418 1599 interrogatus
1460 1526 1735 1583 Christum

130 1624 426 1697 confessus
473 1639 619 1689 sum,
660 1628 873 1679 assatus
919 1619 1121 1692 gratias
1160 1634 1282 1690 ago.
1310 1617 1376 1672 Et
1424 1617 1574 1673 vultu
1616 1615 1736 1689 pul-

134 1717 420 1776 cherrimo
468 1715 683 1772 dicebat
719 1732 731 1769 :
765 1712 983 1770 Gratias
1033 1710 1128 1767 tibi
1182 1722 1303 1780 ago,
1344 1706 1571 1762 Domine
1610 1701 1738 1759 Jesu

135 1806 383 1875 Christe,
407 1807 499 1880 qui
543 1822 630 1863 me
672 1803 966 1862 confortari
1005 1801 1258 1874 dignatus
1298 1815 1376 1854 es.
1408 1797 1474 1853 Et
1520 1795 1739 1852 elevans

1834 618 2091 679 parentes
2109 609 2250 681 ejus,
2274 611 2580 684 segregavit
2600 624 2695 669 eos
2717 626 2748 669 a
2781 610 2975 677 turbis,
2992 619 3046 670 et
3066 610 3326 671 indicavit
3343 612 3426 669 eis

1835 704 2095 763 virtutem
2141 705 2380 763 nominis
2403 704 2630 763 Christi.
2657 706 2723 762 Et
2756 706 2947 763 videns
2971 705 3213 761 animum
3238 720 3429 765 eorum.

1837 797 2005 857 ﬁxum
2048 798 2265 855 fortiter
2313 798 2370 854 in
2422 798 2614 857 timore
2641 798 2875 867 Domini,
2924 798 3177 871 perduxit
3223 814 3318 859 eos
3359 799 3428 855 ad

1838 888 2026 945 Caium
2050 905 2265 962 papam.
2291 888 2396 959 Qui
2417 889 2671 961 juvenem
2699 897 2951 947 sanatum
2982 890 3093 947 Deo
3120 891 3324 961 gratias
3349 903 3432 947 re-

1836 981 2126 1048 ferentem,
2149 990 2205 1038 et
2231 990 2486 1053 parentes
2507 983 2625 1055 ejus
2649 982 2853 1053 pariter
2875 980 3192 1054 baptizavit.
3216 982 3426 1039 interea

1839 1078 1965 1131 dum
2001 1076 2240 1148 procella
2280 1077 2681 1148 persecutionis
2705 1077 2946 1148 graviter
2969 1076 3432 1146 inundaret,jun-

1838 1168 1917 1224 xit
1945 1183 2004 1225 se
2027 1169 2269 1240 quidam,
2299 1168 2552 1227 simulata
2594 1169 2721 1236 ﬁde,
2748 1170 2910 1227 beato
2940 1167 3093 1233 Caio.
3124 1167 3297 1226 Porro
3339 1167 3431 1225 hic

1838 1269 2086 1333 apostata
2119 1262 2427 1328 exstiterat,
2443 1272 2501 1320 et
2519 1271 2638 1320 erat
2657 1260 3036 1323 fraudulentus
3063 1263 3119 1319 in
3148 1261 3295 1321 omni
3323 1276 3433 1319 ser-

1839 1362 2092 1421 moue,et
2108 1353 2333 1410 callidus
2348 1355 2403 1410 in
2422 1355 2571 1411 omni
2595 1355 2909 1412 commissu.
2932 1354 3059 1423 Qui,
3076 1355 3203 1412 dum
3227 1370 3257 1409 a
3271 1354 3435 1415 beato

1843 1443 2095 1502 Tiburtio
2120 1446 2242 1505 viro
2269 1446 2775 1514 scholasticissimo,
2802 1458 2861 1507 et
2905 1447 3071 1511 nobili
3123 1456 3180 1504 et
3221 1456 3433 1514 sancto,

1840 1536 2156 1609 frequenter
2195 1547 2543 1610 argueretur,
2574 1539 2718 1611 quod
2756 1539 2982 1611 capillos
3024 1554 3189 1610 super
3224 1540 3434 1610 apicem

1840 1629 2037 1687 frontis
2082 1632 2325 1689 tonsoris
2363 1640 2484 1691 arte
2527 1643 2915 1704 componeret,
2952 1639 3010 1689 et
3041 1632 3187 1703 quod
3220 1630 3437 1689 assidue

1839 1730 2114 1791 pasceret,
2131 1729 2188 1776 et
2202 1721 2438 1779 ludendo
2450 1723 2765 1803 pranderet,
2780 1724 2925 1793 quod
2941 1722 3200 1781 libentius
3214 1721 3438 1779 femina-

1842 1827 1965 1867 rum
1991 1826 2052 1868 se
2076 1813 2389 1884 aspectibus
2418 1812 2592 1881 daret,
2616 1813 2762 1885 quod
2792 1828 2824 1869 a
2848 1813 3077 1886 jejuniis
3099 1822 3157 1868 et
3180 1811 3437 1873 orationi-

136 1900 335 1957 Wulos
364 1898 417 1955 in
447 1897 691 1962 Βθεῖυων
718 1895 855 1950 dim
882 1913 895 1949 ε
921 1893 1082 1959 Ecce»
1112 1891 1299 1955 miser,
1342 1885 1538 1943 95335“
1573 1901 1735 1941 “nam
1766 1893 1814 1954 Β
1840 1906 1945 1961 bus
1972 1921 2032 1962 se
2058 1905 2293 1975 tolleret,
2317 1906 2463 1979 quod
2493 1921 2686 1963 somno
2725 1906 2942 1962 deditus
2968 1921 3073 1963 non
3114 1904 3437 1967 iuterresset

140 2001 381 2065 partem,
422 2005 618 2063 regyra
675 1988 837 2044 aliam
888 1995 943 2043 et
988 1985 1278 2041 manduca.
1315 1981 1533 2038 Gratias
1572 1980 1735 2051 igitur

142 2098 315 2154 agens
355 2089 411 2137 et
455 2078 767 2152 glorificans
800 2077 1002 2144 Deum,
1035 2075 1170 2132 dixit
1197 2091 1210 2128 :
1240 2072 1455 2129 Gratias
1488 2071 1582 2127 tibi
1611 2086 1732 2143 ago,

142 2172 374 2230 Domine
400 2169 529 2228 Iesu
559 2169 798 2235 Christe,
830 2168 954 2240 quia
993 2167 1191 2239 januas
1226 2175 1346 2221 tuas
1378 2163 1588 2236 ingredi
1618 2177 1734 2218 me-

140 2267 269 2345 rui;
306 2275 362 2323 et
397 2264 579 2322 emisit
623 2263 895 2336 spiritum.
926 2260 1083 2315 Mane
1119 2268 1300 2314 autem
1340 2258 1517 2330 primo
1560 2254 1738 2310 adhuc

139 2357 483 2433 crepusculo,
514 2355 693 2429 rapuit
715 2369 911 2427 corpus
939 2354 1055 2426 ejus
1085 2350 1431 2424 Hippolytus,
1464 2357 1519 2404 et
1546 2347 1733 2404 condi-

139 2450 227 2504 vit
254 2465 381 2505 cum
417 2448 596 2504 linteis
620 2457 676 2503 et
705 2446 1077 2513 aromatibus;
1116 2452 1171 2499 et
1198 2443 1302 2498 hoc
1336 2440 1540 2496 factum
1578 2454 1734 2495 man-

141 2539 301 2595 davit
342 2537 552 2596 Iustino
595 2539 929 2613 presbytero.
975 2534 1129 2590 Tunc
1173 2533 1365 2590 beatus
1398 2530 1642 2587 Justinus
1681 2536 1737 2584 et

148 2628 477 2704 Hippolytus
523 2629 815 2702 plorantes,
865 2635 920 2685 et
969 2625 1199 2682 multum
1245 2623 1451 2690 tristes,
1499 2620 1738 2676 tulerunt

147 2738 354 2794 corpus
378 2721 522 2778 beati
548 2722 825 2795 martyris,
848 2729 905 2776 et
930 2726 1197 2775 venerunt
1224 2717 1279 2772 in
1320 2717 1407 2773 via
1431 2713 1738 2780 Tiburtina,

144 2815 206 2873 in
225 2815 486 2887 praedium
514 2821 776 2870 matronae
799 2812 974 2868 viduae
997 2810 1240 2883 Cyriaca:
1266 2808 1321 2864 in
1350 2821 1479 2881 agro
1503 2804 1737 2870 Verane,

145 2909 216 2965 ad
260 2926 426 2986 quam
465 2910 581 2982 ipse
608 2917 814 2982 martyr
842 2905 1019 2963 fuerat
1064 2912 1250 2972 noctu,
1278 2900 1367 2958 cui
1417 2908 1473 2956 et
1514 2899 1738 2955 linteum

148 3001 313 3069 dedit,
347 3001 492 3069 unde
515 3002 684 3077 pedes
709 3009 1020 3058 sanctorum
1052 3004 1371 3060 extorserat,
1400 3002 1456 3050 et
1495 2991 1626 3049 illud
1662 2989 1736 3047 ibi

141 3090 253 3159 jam
278 3091 415 3148 hora
461 3092 774 3165 vespertina
825 3089 1175 3163 sepelierunt,
1220 3103 1274 3143 Iv
1316 3086 1441 3142 ldus
1489 3080 1737 3155 Augusti.

150 3182 216 3237 Et
252 3180 641 3254 jejunaverunt
685 3191 909 3256 agentes
962 3179 1176 3253 vigilias
1223 3177 1398 3234 noctis
1448 3174 1647 3241 triduo,
1685 3180 1742 3229 et

152 3272 496 3330 multitudine
526 3255 981 3333 Christianorum.
1023 3269 1226 3325 Beatus
1275 3274 1456 3323 autem
1493 3262 1743 3320 Justinus
1767 3255 1815 3322 C

151 3370 435 3442 presbyter
474 3367 674 3425 obtulit
718 3365 1044 3424 sacriﬁcium
1088 3362 1285 3431 laudis,
1328 3368 1385 3419 et
1429 3358 1741 3434 participati

152 3468 278 3516 sunt
313 3476 527 3517 omnes.

223 3551 429 3609 Eodem
481 3552 569 3609 die
608 3550 815 3620 Romae,
845 3551 1079 3609 militum
1123 3557 1342 3606 centum
1376 3554 1432 3601 et
1464 3542 1743 3617 sexaginta

155 3644 415 3717 quinque.
465 3638 618 3701 Tunc
661 3644 807 3719 passi
852 3652 981 3700 sunt
1016 3641 1296 3706 Claudius,
1327 3638 1587 3704 Severus,
1621 3633 1746 3692 Cre-

160 3735 371 3791 scentio
414 3742 469 3792 et
516 3734 825 3803 Romanus,
874 3736 991 3806 ipso
1028 3735 1114 3790 die
1144 3746 1251 3811 quo
1280 3732 1473 3789 beatus
1504 3727 1746 3785 Lauren-

163 3828 293 3894 tius,
317 3836 437 3905 post
468 3829 690 3886 tertium
726 3836 851 3899 post
887 3828 1032 3885 diem
1071 3824 1340 3901 passionis
1378 3822 1551 3879 sancti
1582 3820 1721 3877 Sixti

570 3973 632 4030 F.
673 3974 738 4030 [ll
773 3971 934 4031 lDUS
970 3967 1303 4029 AUGUSTI.

811 4089 895 4164 (il
940 4088 1072 4159 Aug.
1084 4096 1102 4159 )

229 4241 261 4272 ι
299 4229 509 4294 Romae,
536 4226 679 4291 inter
715 4224 851 4281 duas
886 4221 1088 4287 lauros,
1120 4217 1319 4275 natalis
1347 4217 1521 4273 sancti
1557 4214 1750 4271 Tibur-

151 4323 214 4378 tii
256 4319 536 4393 martyris,
568 4319 663 4375 lilii
711 4314 1014 4372 Chromatii
1062 4312 1212 4369 urbis
1262 4309 1539 4383 praefecti,
1590 4322 1751 4378 quem

151 4412 478 4473 erudierunt
523 4411 578 4466 in
620 4409 726 4466 ﬁde
766 4407 831 4462 B.
863 4405 1220 4463 Sebastianus
1246 4413 1302 4457 et
1334 4401 1391 4459 S.
1426 4397 1754 4471 Tranquilli-

150 4519 286 4570 nus,
312 4518 379 4560 ac
430 4501 698 4574 gloriosus
731 4498 1012 4573 presbyter
1056 4495 1410 4566 Polycarpus,
1437 4490 1530 4563 qui
1576 4489 1752 4561 ipsum

93 4593 118 4678 ς
153 4612 320 4654 sacro
358 4595 509 4653 fonte
551 4592 892 4675 baptismatis
934 4587 1236 4651 innovavit,
1262 4596 1316 4642 et
1349 4583 1610 4640 familiam
1636 4581 1754 4652 ejus

151 4690 458 4762 promiscui
487 4703 650 4747 sexus
676 4685 823 4742 mille
852 4683 1282 4756 quadringentos
1308 4692 1431 4734 cum
1458 4691 1524 4732 eo
1546 4675 1755 4749 pariter

153 4780 481 4853 baptizavit.
509 4778 680 4849 Hujus
720 4778 926 4835 etenim
966 4774 1109 4831 ﬁlius
1138 4771 1438 4834 Tiburtius,
1473 4784 1595 4824 cum
1624 4783 1753 4839 pro-

151 4883 283 4946 pter
309 4872 705 4933 immanitatem
733 4867 1129 4941 persecutionis
1166 4864 1337 4921 isdem
1374 4871 1531 4934 pater
1557 4861 1673 4933 ejus
1701 4867 1756 4916 et

154 4965 355 5034 ingens
382 4961 671 5021 multitudo
699 4959 1138 5016 Christianorum
1165 4970 1288 5011 cum
1322 4952 1414 5009 illo
1438 4953 1491 5008 in
1522 4951 1754 5021 Campa-

90 5094 96 5099 -
154 5054 310 5111 niam
351 5069 422 5110 ex
465 5052 696 5110 consilio
725 5049 1000 5123 pontiﬁcis
1044 5046 1160 5103 Caii
1192 5045 1543 5118 perrexisset,
1572 5056 1758 5098 amore

156 5144 417 5217 martyrii
445 5143 701 5216 flagrans,
732 5141 934 5197 resedit
961 5140 1017 5195 in
1047 5137 1184 5194 urbe
1210 5137 1403 5193 Roma.
1438 5135 1505 5190 Et
1532 5150 1654 5190 cum
1673 5133 1755 5204 je-

148 5235 332 5308 juuiis
358 5241 415 5290 et
437 5234 775 5291 orationibus
807 5231 881 5286 ibi
916 5244 1041 5285 cum
1068 5228 1228 5285 beato
1257 5225 1387 5283 Caio
1416 5240 1557 5298 papa
1586 5239 1753 5280 occu-
1798 5226 1804 5232 “

153 5336 409 5402 paretur,
436 5325 670 5400 quadam
712 5324 801 5381 die
847 5321 1119 5377 transiens
1154 5319 1393 5377 occurrit
1429 5317 1634 5372 homini
1664 5314 1756 5386 qui

157 5422 231 5478 de
260 5420 376 5477 alto
402 5420 586 5492 lapsus
612 5421 812 5487 fuerat,
836 5426 893 5475 et
924 5416 997 5473 ita
1031 5423 1193 5488 caput
1220 5423 1275 5470 et
1301 5412 1484 5470 omnia
1514 5411 1757 5467 membra

156 5521 522 5585 quassaverat
574 5523 633 5568 ut
680 5513 748 5568 de
811 5510 924 5567 sola
990 5510 1268 5582 sepultura
1317 5506 1433 5577 ejus
1478 5512 1751 5578 ageretur.

154 5604 329 5667 Juxta
356 5624 518 5680 quem
545 5606 661 5683 ipse
687 5606 939 5675 accessit,
964 5611 1019 5661 et
1043 5605 1209 5676 cmpit
1233 5603 1413 5661 dicere
1452 5616 1615 5673 super
1638 5599 1755 5657 vul-

158 5718 301 5761 nera
323 5702 442 5776 ejus
460 5702 606 5772 lente
631 5703 935 5761 orationem
960 5700 1300 5758 Dominicam
1325 5706 1380 5753 et
1401 5695 1752 5771 Symbolum;

157 5805 220 5855 et
245 5795 328 5854 ita
359 5795 539 5856 factus
564 5806 650 5855 est
674 5797 858 5866 homo,
889 5793 1135 5853 solidatis
1156 5793 1438 5861 membris,
1470 5791 1757 5851 incolumis

242 5912 276 5945 ι
308 5898 388 5960 De
411 5899 497 5962 his
526 5900 583 5961 in
611 5900 776 5977 gestis
801 5898 1042 5970 Sebast.,
1080 5897 1152 5956 20
1173 5894 1297 5957 Jan.

1840 1999 2067 2070 pervigil
2087 1998 2142 2055 in
2163 1999 2381 2071 hymnis
2398 1998 2497 2056 Dei
2519 2015 2535 2067 ;
2560 1999 2709 2066 dum,
2728 1999 2973 2071 inquam,
2993 2013 3094 2069 pro
3114 1998 3202 2057 his
3221 2013 3254 2054 a
3276 1996 3438 2063 beato

1840 2090 2089 2149 Tiburtio
2127 2091 2310 2147 acrius
2358 2099 2702 2164 argueretur,
2749 2090 3044 2148 simulabat
3082 2106 3145 2151 se
3185 2090 3433 2161 aequani-

1841 2183 2002 2239 miter
2046 2182 2401 2240 monitionem
2447 2181 2718 2253 accipere,
2759 2190 2817 2239 et
2847 2183 2959 2252 egit
3003 2191 3123 2241 arte
3169 2192 3439 2255 quatenus
3534 2220 3535 2223 η

1839 2281 2087 2330 orantem
2133 2283 2385 2330 sanetum
2414 2271 2719 2329 Tiburtium
2769 2273 2965 2347 pagani
3007 2274 3436 2345 comprehende-

1841 2373 1994 2431 rent;
2028 2365 2084 2421 in
2112 2379 2221 2436 qua
2250 2362 2737 2433 comprehensione
2774 2362 3010 2434 seipsum
3061 2362 3193 2420 fecit
3238 2363 3436 2439 teneri,
3532 2412 3535 2415 η

1839 2466 1896 2512 et
1921 2457 2082 2517 simul
2110 2456 2233 2513 duci
2280 2456 2350 2513 ad
2378 2455 2735 2513 secretarium
2763 2453 2988 2525 judicis.
3030 2456 3100 2511 At
3125 2456 3216 2515 ubi
3260 2457 3434 2517 intro-

1840 2549 1988 2606 ducti
2016 2555 2165 2615 sunt,
2186 2546 2461 2605 Fabianus
2486 2546 2626 2603 dixit
2648 2547 2716 2602 ad
2745 2548 2892 2614 eum,
2917 2545 3010 2617 qui
3032 2560 3091 2602 se
3119 2532 3237 2607 arte
3268 2546 3436 2607 tradi-

1841 2641 1997 2697 derat
2048 2656 2062 2696 :
2105 2638 2238 2707 Quis
2292 2636 2493 2693 diceris
2528 2636 2553 2690 ?
2588 2635 2680 2692 ille
2724 2616 3004 2709 respondit
3045 2653 3059 2689 :
3106 2616 3434 2709 Torquatus.

1840 2736 1981 2807 Quid
2018 2733 2328 2808 proﬁteris?
2356 2731 2700 2790 Christianus
2740 2730 3115 2803 sum,-iuquit.
3164 2710 3463 2809 Fabianus.

1841 2830 1978 2887 dixit
2007 2847 2020 2885 :
2052 2828 2276 2901 ignoras
2304 2827 2450 2900 quod
2469 2827 2753 2899 jusserunt
2771 2824 3117 2885 invictissimi
3138 2824 3437 2907 principes,

1842 2930 1905 2980 ut
1943 2922 2037 2993 qui
2087 2922 2401 2978 sacriﬁcare
2428 2919 2531 2976 diis
2574 2917 2850 2976 noluerint
2891 2916 3122 2979 diversis
3162 2916 3461 2995 suppliciis,

1842 3015 2224 3074 macerentur?
2250 3014 2558 3086 Torquatus
2580 3012 2658 3073 ait
2694 3010 2841 3069 :Hic
2875 3010 3132 3084 magister
3156 3026 3313 3087 meus
3334 3020 3439 3081 est,

1844 3118 1901 3166 et
1922 3110 2036 3182 ipse
2059 3123 2148 3165 me
2177 3123 2392 3180 semper
2421 3106 2635 3173 docuit;
2666 3105 2812 3178 quod
2840 3104 2990 3179 hunc
3023 3105 3211 3183 videro
3236 3104 3444 3177 facere,

1844 3215 2071 3260 necesse
2107 3208 2193 3259 est
2222 3207 2283 3255 ut
2306 3199 2409 3256 hoc
2444 3197 2664 3255 faciam.
2714 3196 2990 3257 Fabianus
3040 3212 3337 3275 conversus
3375 3194 3446 3273 ad
3536 3252 3537 3255 η

1846 3294 2153 3352 Tiburtium
2209 3292 2287 3349 ait
2337 3309 2350 3346 :
2402 3290 2617 3349 Audisti
2670 3289 2798 3361 quid
2852 3286 3160 3365 Torquatus
3204 3285 3446 3347 asserit?

1846 3387 2081 3447 Sanctus
2127 3385 2407 3447 Tiburtius
2453 3382 2734 3459 respondit
2782 3398 2797 3438 :
2844 3381 3155 3455 Torquatus
3217 3381 3312 3441 diu
3362 3388 3451 3441 est

1845 3484 1991 3559 quod
2017 3495 2078 3541 se
2124 3478 2496 3539 Christianum
2548 3491 2674 3537 esse
2728 3476 3022 3545 mentitur;
3078 3476 3252 3539 virtus
3295 3474 3466 3539 enim.

1846 3574 1962 3646 ipsa
1993 3570 2234 3630 nominis
2280 3568 2456 3626 sancti
2496 3567 2740 3640 graviter
2776 3565 2885 3623 fert
2910 3575 2966 3622 et
3011 3566 3239 3625 moleste
3285 3580 3446 3627 suum

1847 3682 2045 3725 nomen
2075 3680 2187 3727 non
2213 3679 2246 3720 a
2280 3662 2405 3720 suis.
2436 3648 2685 3719 moribus
2714 3660 2986 3732 usurpari.
3030 3658 3244 3719 Revera
3276 3658 3445 3727 enim,

1846 3760 1932 3817 vir
1952 3758 2336 3822 illustrissime,
2371 3754 2474 3811 hoc
2502 3751 2869 3811 Christianum
2893 3749 3215 3809 vocabulum
3251 3747 3449 3807 divina:

1846 3853 2066 3911 virtutis
2111 3859 2231 3917 est,
2262 3857 2596 3913 sectatorum
2649 3845 2861 3904 scilicet
2910 3843 3150 3912 Christi,
3180 3842 3274 3923 qui
3317 3857 3449 3903 vere

1847 3944 2216 4019 philosophati
2242 3951 2391 4010 sunt,
2419 3940 2510 4014 qui
2542 3955 2673 3999 vere
2697 3938 2998 3999 Christiani
3022 3937 3151 3999 dicti
3179 3943 3328 4004 sunt,
3352 3935 3449 4007 qui

1851 4038 1918 4094 ad
1948 4036 2278 4094 obtereudas
2315 4034 2569 4091 libidines
2603 4029 2818 4089 fortiter
2851 4029 3172 4087 militarunt.
3218 4026 3299 4083 Ne
3331 4041 3450 4084 cre-

1851 4131 1969 4197 das,
1995 4129 2081 4189 vir
2110 4127 2499 4195 illustrissime,
2530 4125 2677 4182 hunc
2703 4140 2827 4182 esse
2851 4123 3223 4201 Christianum
3264 4121 3357 4193 qui
3393 4120 3449 4181 in

1851 4224 2121 4289 lenocinio
2165 4223 2249 4279 sui
2280 4221 2573 4299 molliendo
2620 4221 2816 4293 capitis
2861 4219 3027 4279 fibras
3071 4216 3276 4276 omittit
3323 4213 3447 4289 [al.,

1852 4318 2038 4375 vibras
2065 4317 2378 4383 committit,
2412 4315 2565 4386 vulgo
2590 4314 2841 4371 fimbrias
2875 4309 3162 4389 admittit],
3195 4310 3287 4382 qui
3330 4317 3451 4364 ton-

1854 4425 2032 4467 sorem
2057 4408 2257 4480 diligit,
2281 4407 2373 4479 qui
2400 4408 2453 4463 in
2485 4404 2723 4478 scapulis
2753 4402 2992 4460 molliter
3015 4400 3203 4475 gestit,
3227 4399 3321 4471 qui
3351 4397 3453 4454 ﬁu-

1854 4517 1981 4557 xum
2006 4514 2257 4572 gressum
2287 4496 2534 4571 improbo
2565 4495 2686 4557 nisu
2709 4493 2990 4560 distendit,
3022 4490 3116 4562 qui
3155 4489 3303 4546 viros
3346 4504 3450 4545 uc-

1780 4597 2124 4690 Dgligenter
2178 4592 2306 4665 agit,
2341 4591 2573 4648 feminas
2627 4587 2939 4661 diligentius
2986 4588 3247 4644 intuetur.
3295 4585 3452 4644 Nun-

1857 4705 2020 4762 quam
2054 4686 2190 4743 tales
2217 4696 2399 4758 pestes
2426 4683 2676 4741 Christus
2708 4681 2961 4757 dignatus
2985 4690 3072 4745 est
3100 4681 3300 4739 habere
3336 4697 3453 4737 ser-

1857 4796 1975 4841 vos.
2007 4772 2209 4836 Verum
2240 4777 2330 4837 hic
2366 4774 2624 4848 quoniam
2653 4789 2740 4837 me
2765 4788 2825 4839 se
2866 4773 3202 4829 imitaturum
3231 4772 3450 4841 asserit,

1858 4870 1948 4926 hic
1970 4870 2022 4927 in
2068 4878 2160 4925 tuo
2202 4875 2496 4938 conspectu
2528 4865 2782 4938 probabis
2816 4881 2940 4921 eum
2980 4868 3291 4923 mentitum.
3352 4865 3452 4925 llic

1859 4964 2002 5022 enim
2031 4961 2207 5035 qualis
2234 4974 2450 5031 semper
2472 4959 2638 5016 fuerit
2682 4974 2829 5016 nunc
2858 4958 3138 5021 evidenter
3176 4959 3447 5019 ostendet.

1857 5056 2131 5120 Fabianus
2158 5055 2295 5111 dixit
2325 5072 2339 5110 :
2368 5053 2680 5112 Consultius
2713 5038 2971 5128 facieysi
3001 5053 3159 5110 saluti
3192 5061 3296 5109 tua:
3322 5066 3451 5109 cou-

1859 5147 2065 5213 sulens,
2086 5146 2393 5219 principum
2420 5145 2638 5202 decreta
2661 5160 2769 5207 non
2804 5153 3142 5207 contemnas.
3167 5141 3452 5221 Tiburtius

1860 5240 2142 5313 respondit
2167 5258 2180 5294 :
2216 5240 2327 5311 Ego
2347 5238 2509 5295 saluti
2530 5253 2664 5297 meae
2687 5237 2880 5299 melius
2907 5253 3012 5316 non
3039 5235 3263 5299 consulo
3284 5249 3449 5306 quam

1860 5342 1921 5388 ut
1950 5318 2079 5389 deos
2124 5333 2361 5402 deasque
2409 5340 2795 5399 contemnens,
2838 5346 3004 5387 unum
3054 5331 3222 5387 Deum
3265 5326 3451 5389 Jesutu

1832 5426 2139 5483 ‘Christum
2175 5424 2461 5480 conﬁtear.
2490 5424 2798 5497 Torquatus
2842 5424 3040 5493 adjecit
3081 5440 3094 5478 :
3125 5420 3242 5479 Non
3274 5420 3449 5481 solum

1863 5518 1979 5591 ipse
2003 5516 2349 5577 Christianus
2405 5516 2640 5573 crudelis
2677 5525 2783 5585 est,
2818 5531 3007 5579 verum
3054 5513 3219 5569 etiam
3265 5511 3452 5595 multis

1862 5612 2153 5682 persuadet
2178 5619 2235 5669 et
2258 5610 2481 5684 decipit,
2512 5626 2577 5666 ac
2606 5625 2729 5666 cum
2752 5609 2866 5665 suis
2892 5609 3076 5689 sociis,
3106 5622 3227 5667 cum
3253 5606 3454 5687 quibus

1865 5702 2104 5774 magicas
2132 5710 2280 5758 artes
2307 5710 2547 5766 exercet,
2580 5699 2671 5755 diu
2695 5708 2965 5770 noctuque
2995 5696 3453 5765 incantationibus

1864 5792 2179 5871 occupatur.
2208 5792 2443 5854 Sanctus
2467 5795 2747 5855 Tiburtius
2767 5793 2905 5853 dixit
2927 5812 2940 5850 :
2968 5780 3163 5859 Falsus
3181 5793 3329 5851 testia
3346 5809 3452 5875 non

1988 6008 2036 6028 αντ
2080 6013 2122 6036 η
