3962 6366
486 413 605 474 οδε-ι
1496 381 1566 466 ἐ.
1603 403 1859 466 socrus
1895 401 2121 462 ARCHI]

2226 400 2330 460 SC.
2370 399 2786 459 VlENNENSIS
3684 395 3795 452 328

502 533 575 589 rit
600 529 891 601 impunitus
945 527 1132 601 (Prov.
1163 527 1281 601 xix)
1312 542 1328 583 :
1357 527 1464 585 iste
1483 541 1646 599 quem
1669 527 1844 593 vides,
1864 524 1952 597 vir
1970 523 2090 581 illu-
2109 525 2169 587 Α
2189 521 2575 580 consobrinum
2603 533 2814 585 eorum,
2859 522 2922 572 ut
2944 512 3253 572 Susannam
3311 525 3411 568 suo
3451 509 3564 567 lilio
3611 509 3798 565 maxi-

498 621 792 690 strissime,
819 619 1041 678 malitiae
1077 635 1191 677 suae
1217 619 1365 677 curis
1409 627 1670 687 aestuans,
1693 618 1761 674 ad
1785 617 1922 674 nihil
1942 615 2092 673 aliud
2193 614 2342 671 mino
2369 613 2424 670 in
2451 610 2736 686 coniugem
2754 616 2984 684 peteret.
3015 605 3148 676 Qua:
3177 603 3384 676 Spiritu
3423 610 3617 660 sancto
3667 618 3798 658 cor-

500 714 833 774 Cbristianis
879 722 962 771 est
981 711 1229 785 iunctus,
1262 711 1368 769 nisi
1400 721 1462 768 ut
1505 712 1773 785 cogitaret
1815 711 2088 784 quomodo
2191 709 2472 776 roborata,
2493 705 2803 780 coniugium
2847 701 3155 773 huiusmodi
3194 698 3421 770 respuit.
3455 698 3527 754 Et
3551 713 3789 770 respon-

498 823 562 866 se
587 806 747 865 nobis
792 805 949 878 quasi
977 804 1326 862 Christanum
1358 804 1673 862 ostenderet
1718 813 1774 862 et
1822 804 2092 876 quomodo
2191 801 2327 859 dens
2345 801 2489 875 patri
2509 808 2566 856 et
2583 796 2875 863 avunculo,
2897 795 3074 852 dixit:
3098 793 3282 860 Pater,
3309 791 3423 849 scio
3446 791 3576 864 quia
3601 791 3678 847 de
3699 805 3796 847 ore

501 897 624 954 aliis
664 911 726 954 se
779 895 1159 952 fidelissimum
1204 895 1556 952 mentiretur.
1610 893 2091 966 Reprehendebam
2193 903 2286 951 tuo
2321 910 2444 950 sum
2469 891 2702 960 erudita,
2733 900 2796 948 ut
2822 890 3128 947 castitatem
3151 885 3394 943 studeam
3431 899 3685 950 servare,
3739 893 3795 939 et

503 998 686 1046 tamen
714 987 769 1044 in
795 1003 861 1043 eo
891 985 1229 1059 Cyclopasam
1269 987 1627 1054 edacitatem,
1653 1001 1923 1044 emersum
1965 984 2091 1040 vino
2190 985 2508 1058 pudicitiam
2537 983 2770 1042 Domino
2794 981 2928 1038 Jesu
2966 979 3186 1038 Christo
3207 978 3500 1045 exhibere;
3560 976 3619 1032 in
3675 973 3794 1044 eius

499 1090 773 1152 putorem,
815 1086 871 1134 et
900 1077 1167 1149 sepultam
1213 1077 1382 1135 divini
1446 1077 1683 1135 nominis
1727 1077 2090 1134 sanctitatem.
2192 1094 2324 1151 ergo
2347 1079 2545 1134 timore
2567 1078 2681 1149 iam
2707 1074 3024 1141 constituta,
3062 1085 3338 1142 nunquam
3389 1066 3792 1140 coinquinabor

500 1168 698 1226 Ebrius
729 1167 1042 1240 patiebatur
1074 1168 1242 1236 sitim,
1265 1177 1322 1224 et
1349 1167 1586 1225 esuriem
1613 1183 1861 1235 vomens,
1889 1182 1992 1224 nec
2033 1174 2096 1223 ut
2191 1167 2338 1223 virili
2365 1168 2762 1234 commistione,
2787 1165 2884 1223 sed
2913 1165 3000 1221 cui
3028 1179 3116 1220 me
3161 1161 3328 1220 semel
3354 1160 3632 1217 tradidisti
3688 1158 3790 1231 ipsi

503 1257 868 1324 Christianus,
895 1257 993 1314 sed
1025 1265 1086 1314 ut
1128 1257 1470 1314 Antonianus
1514 1258 1790 1330 quondam
1820 1257 1910 1313 ille
1959 1273 2088 1314 con-
2195 1259 2393 1325 servio,
2425 1267 2482 1315 et
2509 1259 2565 1314 in
2595 1259 2712 1330 ipso
2745 1255 2981 1314 confido.
3012 1256 3130 1327 Ipse
3160 1255 3307 1311 enim
3330 1253 3482 1310 novit
3507 1253 3792 1310 conscia:-

498 1354 648 1421 νίνθν
685 1352 1072 1419 ῐηειηάιιεδδλῑ,
1095 1351 1338 1420 bibebat,
1361 1353 1646 1419 Vomebal;
1689 1361 1744 1408 θῐ
1771 1367 1915 1408 nunc
1939 1349 2095 1407 Chri-
2195 1356 2329 1412 tiam
2353 1371 2551 1412 meam.
2579 1353 2814 1411 Proinde
2835 1351 3093 1410 Claudius
3119 1353 3235 1424 ipse
3271 1349 3617 1422 respondens
3640 1351 3715 1414 ei,
3737 1357 3790 1403 et

501 1445 710 1504 stianos
759 1444 958 1518 arguit,
1003 1443 1349 1501 Christianos
1376 1452 1638 1512 accusat;
1677 1443 1734 1500 in
1774 1459 1875 1501 nos
1905 1442 2095 1500 mitem
2197 1449 2448 1521 aperiens
2473 1456 2658 1506 votum
2698 1446 3040 1514 Diocletiani,
3093 1461 3218 1503 cum
3263 1443 3412 1500 nullo
3461 1443 3633 1500 modo
3683 1439 3793 1510 eius

494 1538 736 1611 iudicem
781 1538 995 1606 incitat,
1025 1537 1263 1610 gladium
1303 1538 1512 1596 nolenti
1547 1536 1720 1608 iudici
1761 1538 2009 1610 porrigit,
2040 1545 2097 1594 et
2202 1542 2445 1597 animum
2470 1541 2737 1613 potuisset
2759 1539 3044 1606 inclinare,
3074 1549 3137 1593 ut
3174 1534 3596 1607 coniungeretur
3626 1531 3792 1588 laxi-

499 1640 562 1688 ut
589 1631 876 1690 daamoniis
909 1632 1150 1690 cervices
1194 1640 1412 1689 nostras
1463 1631 1790 1690 inclinemus
1819 1633 2092 1688 hortatur.
2199 1634 2348 1690 mino
2384 1633 2495 1690 filio
2525 1632 2666 1704 eius,
2693 1631 2789 1689 sed
2813 1632 3034 1703 insuper
3086 1629 3336 1686 eruditus
3386 1635 3443 1683 et
3497 1625 3791 1682 instructus

505 1725 762 1783 Videmus
792 1734 978 1784 votum
1016 1734 1189 1793 tuum,
1217 1725 1466 1783 videmus
1487 1732 1720 1782 cruenta
1756 1724 2006 1789 consilia,
2043 1734 2098 1780 et
2198 1731 2255 1786 in
2288 1730 2376 1786 via
2403 1731 2498 1787 Dei
2525 1746 2556 1785 a
2583 1730 2760 1787 beatis
2779 1728 2916 1786 Gaio
2941 1736 2999 1785 et
3015 1726 3272 1794 Gabinio,
3305 1723 3690 1797 paenitentiam
3735 1723 3791 1777 de

501 1817 766 1876 scelerata
792 1827 912 1874 arte
956 1819 1250 1875 verborum
1273 1833 1486 1875 venena
1514 1817 1596 1873 tui
1645 1817 1885 1889 pectoris
1913 1816 2096 1871 intue—
2201 1824 2462 1896 sanguine
2488 1833 2797 1881 sanctorum
2818 1837 2981 1896 quem
2999 1820 3286 1888 extuderat,
3314 1819 3684 1892 poposcisset,
3706 1817 3794 1872 ba‘

498 1929 644 1972 mur.
677 1913 978 1987 Accingere
1015 1927 1180 1980 nunc,
1203 1928 1237 1968 ο
1258 1911 1699 1980 sceleratissime,
1731 1919 1888 1966 utere
1912 1909 2097 1966 carni-
2124 1902 2175 1963 B
2203 1918 2435 1990 plizatus
2453 1926 2539 1974 est
2568 1933 2674 1972 una
2699 1932 2822 1972 cum
2851 1930 3023 1973 uxore
3049 1930 3148 1972 sua
3177 1913 3397 1970 nomine
3420 1910 3787 1984 Pmpedigna,

502 2004 625 2063 θεῖε
671 2003 867 2069 οΠίοίο,
898 2003 1118 2059 νίηάίο³
1161 2001 1258 2058 tibi
1308 2011 1366 2058 θῐ
1412 2002 1585 2074 ίρεὶιιε
1631 1999 1836 2071 Ῑυάίθίε
1883 2014 2095 2064 Vocem.
2203 2018 2258 2066 et
2283 2009 2410 2064 filiis
2428 2008 2738 2065 Alexandro
2763 2017 2818 2064 et
2840 2007 3099 2074 Cutia,-et
3128 2006 3183 2063 in
3214 2014 3426 2061 tantum
3454 2003 3639 2060 infide
3664 2018 3791 2058 con-

508 2097 721 2170 applica
760 2096 1042 2169 equuleos,
1071 2096 1313 2169 appende
1335 2096 1700 2164 ChristiaDOS,
1723 2097 1940 2164 damna,
1971 2111 2098 2167 per-
2202 2101 2376 2159 valuit
2401 2111 2462 2158 ut
2505 2117 2697 2159 omnes
2718 2101 3004 2160 facultates
3032 2117 3159 2158 suas
3177 2101 3456 2166 venderet,
3510 2108 3560 2156 et
3592 2113 3794 2170 paupe-

502 2200 650 2260 cute,
672 2191 924 2258 incende,
947 2193 1087 2248 bene
1110 2206 1210 2249 nos
1230 2192 1469 2264 accipis;
1497 2192 1545 2249 si
1565 2192 1820 2249 exsilium
1846 2192 2098 2259 minaris,
2203 2197 2355 2253 ribus
2383 2195 2710 2253 Christianis
2735 2206 2990 2269 erogaret
3014 2213 3029 2264 ;
3060 2204 3116 2253 et
3140 2211 3498 2268 quoscunque
3528 2193 3678 2251 adire
3702 2208 3793 2264 po.

504 2284 610 2344 hoc
635 2285 1146 2358 philosophantibus
1191 2294 1338 2343 totus
1368 2295 1454 2343 est
1481 2286 1737 2344 mundus.
1788 2285 1848 2342 Si
1899 2287 2102 2359 suppli-
2206 2297 2368 2356 terat,
2397 2289 2493 2360 qui
2516 2289 2570 2344 in
2599 2289 2846 2346 custodia
2877 2287 3224 2355 tenebantur,
3245 2288 3393 2344 victu
3417 2297 3475 2343 et
3503 2285 3788 2342 vestimen-

506 2377 678 2446 cium,
713 2377 996 2435 evadimus
1039 2378 1229 2435 mundi
1257 2393 1569 2447 carcerem;
1599 2379 1646 2436 si
1667 2379 1820 2450 ignes
1839 2420 1854 2447 ,
1891 2377 2099 2448 maiora
2205 2383 2276 2439 tis
2305 2383 2602 2451 relevabat,
2633 2383 2856 2440 mittens
2881 2399 2941 2439 se
2971 2382 3039 2439 ad
3059 2383 3224 2454 pedes
3254 2381 3597 2454 singulorum
3647 2388 3790 2448 atque

504 2473 593 2530 his
643 2471 894 2530 incendia
944 2471 1000 2529 in
1054 2472 1439 2545 cupiditatibus
1498 2473 1789 2530 vincimus.
1862 2472 2104 2529 Decerne
2206 2477 2474 2534 orationis
2513 2477 2745 2550 gratiam
2770 2477 2839 2532 ab
2860 2476 2942 2532 eis
2999 2483 3205 2532 tantum
3251 2483 3543 2546 exoptans.
3596 2472 3791 2527 Interea

502 2563 768 2636 quidquid
795 2563 946 2621 libet.
990 2562 1180 2622 Omnis
1209 2565 1368 2623 nobis
1389 2565 1515 2622 vilis
1541 2574 1627 2623 est
1649 2582 1832 2638 paena,
1851 2565 1943 2622 ubi
1967 2580 2102 2637 pura
2206 2567 2333 2624 dum
2356 2577 2476 2640 post
2496 2584 2736 2625 mensem
2759 2583 2928 2623 unum
2954 2576 3013 2623 et
3038 2567 3156 2623 dies
3184 2566 3458 2623 sexdecim
3508 2563 3792 2636 requiritur

504 2669 690 2714 comes
711 2663 797 2714 est
821 2655 1180 2714 conscientia.
1209 2656 1343 2715 Post
1371 2659 1490 2715 haec
1519 2657 1817 2726 Fabianus,
1847 2674 1972 2714 cum
2009 2674 2106 2716 ve-
2207 2675 2238 2714 a
2267 2658 2621 2725 Diocletiano,
2646 2665 2701 2714 et
2730 2673 3054 2730 responsum
3101 2665 3184 2714 est
3205 2656 3254 2712 ei
3291 2656 3436 2727 quod
3483 2653 3791 2726 argritudine

503 2747 723 2807 rissime
740 2747 960 2821 iuvenis
990 2751 1373 2809 sanctissimus
1409 2751 1693 2808 Christum
1719 2740 2104 2819 confiteretur,
2210 2759 2509 2816 teneretur,
2540 2750 2796 2820 misitque
2843 2748 3068 2804 fratrem
3116 2746 3234 2817 eius
3291 2747 3357 2802 ad
3404 2762 3530 2802 eum
3590 2745 3792 2801 nomine

499 2839 668 2914 iussit
716 2850 844 2900 ante
891 2843 1060 2914 pedes
1107 2841 1228 2913 eius
1270 2843 1538 2901 carbones
1582 2845 1835 2901 ardentes
1879 2843 2104 2911 effundi,
2210 2835 2526 2910 Maximum,
2556 2843 2810 2899 comitem
2835 2842 2916 2897 rei
2941 2841 3186 2913 privatae,
3215 2848 3276 2895 ut
3299 2839 3550 2896 visitaret
3577 2854 3722 2904 eum,
3749 2844 3795 2892 et

507 2931 697 2990 dicens
739 2933 808 2989 ad
849 2948 976 2991 eum
1024 2951 1038 2988 :
1081 2933 1234 3006 Elige
1284 2933 1384 2991 tibi
1417 2950 1586 2990 unum
1634 2935 1704 2992 de
1737 2934 1949 2992 duobus
1979 2942 2111 2990 :aut
2210 2943 2396 3008 ageret
2423 2950 2546 2990 cum
2579 2933 2671 2989 illo
2701 2933 2768 2989 de
2805 2932 2982 3003 puella
3029 2931 3294 2988 Susanna.
3349 2931 3592 2987 Veniens
3645 2929 3796 3000 igitur

509 3026 673 3083 thura
698 3027 756 3082 in
785 3026 907 3085 istis
935 3019 1268 3084 carbonibus
1313 3026 1516 3097 adiice,
1544 3034 1640 3082 aut
1665 3027 1898 3098 pedibus
1947 3041 2111 3097 super
2211 3025 2480 3082 Maximus
2508 3025 2714 3082 invenit
2745 3024 3027 3080 Claudium
3085 3025 3142 3079 in
3195 3022 3373 3079 cilicio
3429 3029 3696 3087 orantem,
3751 3026 3797 3075 et

507 3133 606 3176 eos
631 3117 795 3174 nudis
823 3119 1036 3176 incede.
1063 3117 1159 3174 llle
1206 3127 1389 3175 autem
1420 3118 1631 3176 faciens
1657 3118 1871 3192 signum
1903 3118 2108 3186 crucis,
2215 3122 2530 3193 obstupuit;
2563 3134 2797 3192 cumque
2837 3133 2953 3174 rem
2975 3132 3078 3188 pro
3098 3132 3204 3187 qua
3230 3123 3456 3172 venerat
3506 3129 3606 3186 per
3656 3110 3798 3168 ordi-

510 3219 828 3269 constanter
877 3227 1042 3284 super
1081 3226 1177 3269 eos
1201 3211 1346 3268 nuda
1388 3212 1666 3284 ingressus
1715 3219 1800 3268 est
1828 3211 2031 3284 planta,
2056 3219 2114 3268 et
2142 3267 2182 3284 η
2214 3228 2337 3268 nem
2363 3219 2694 3279 enarrasset,
2723 3208 2978 3282 perduxit
3015 3223 3138 3264 eum
3165 3206 3424 3265 Claudius
3478 3205 3546 3261 ad
3591 3205 3797 3260 domum

511 3304 682 3376 carpit
724 3304 946 3362 dicere:
979 3305 1199 3377 Depone
1245 3303 1645 3373 infidelitatem,
1681 3313 1736 3361 et
1781 3304 1931 3360 disce
1979 3303 2108 3375 quia
2138 3293 2184 3332 υ
2214 3302 2361 3359 beati
2388 3300 2629 3380 Gabinii,
2671 3309 2728 3358 et
2757 3300 3046 3372 diligenter
3096 3297 3148 3355 ei
3202 3296 3398 3354 beatus
3447 3293 3694 3352 Gabinius
3743 3300 3797 3348 et

513 3399 606 3458 hic
631 3400 779 3457 solus
798 3410 885 3456 est
909 3400 1075 3468 Deus,
1099 3413 1265 3472 quem
1307 3400 1637 3457 confitemur
1679 3397 1947 3455 creaturis
1993 3413 2112 3454 om-
2215 3402 2439 3453 sanctus
2465 3393 2634 3452 Gaius
2653 3394 2801 3450 viam
2823 3392 3036 3450 Domini
3061 3398 3456 3463 exposuerunt.
3488 3387 3634 3446 Unde
3655 3403 3800 3445 com-

521 3493 683 3551 nibus
732 3493 1037 3561 dominari;
1072 3509 1199 3550 nam
1243 3493 1378 3549 mihi
1419 3493 1476 3549 in
1503 3493 1723 3550 nomine
1748 3491 1961 3548 Domini
2003 3491 2112 3548 mei

513 3581 644 3642 Jesu
679 3584 886 3642 Christi
934 3584 1148 3642 videtur
1202 3585 1348 3657 quod
1394 3600 1560 3656 super
1587 3599 1772 3642 roseos
1814 3583 1976 3640 flores
2029 3582 2112 3638 in-

514 3677 753 3750 grediar;
779 3679 907 3751 quia
943 3686 1195 3735 creatura
1237 3678 1354 3750 ipsa
1396 3677 1670 3736 Creatoris
1699 3676 1990 3734 famulatur
2013 3677 2115 3733 im-

513 3769 688 3842 perio.
714 3769 815 3828 Cui
841 3769 1119 3828 Fabianus
1149 3789 1162 3824 :
1198 3769 1333 3839 Quis
1377 3771 1590 3843 ignorat
1627 3778 1801 3828 artem
1845 3771 2115 3842 magicam

523 3875 624 3919 vos
650 3861 900 3919 docuisse
919 3861 1201 3918 Christum
1220 3863 1500 3918 vestrum?
1529 3861 1879 3929 Obmutesce,
1901 3861 2112 3929 infelix,

523 3953 794 4010 exclamat
834 3953 1137 4020 Tiburtius,
1162 3963 1218 4010 et
1252 3954 1363 4011 noli
1384 3953 1607 4010 auribus
1632 3954 1769 4011 meis
1797 3955 1939 4010 hanc
1976 3951 2119 4022 iniu-

521 4047 661 4103 riam
691 4048 895 4114 facere,
915 4054 978 4102 ut
1016 4046 1233 4105 audiam
1266 4055 1318 4104 te
1343 4046 1535 4103 rabido
1557 4061 1654 4103 ore
1677 4046 1967 4103 latrantem
1985 4045 2120 4103 mel-

521 4138 729 4196 liﬂuum
753 4154 952 4198 nomen
974 4147 1031 4196 et
1052 4147 1302 4197 sanctum
1323 4139 1628 4198 nominare.
1648 4138 1824 4197 Iratus
1843 4139 2121 4197 Fabianus

524 4232 753 4290 dictavit
781 4232 1132 4300 sententiam,
1150 4241 1211 4288 ut
1230 4217 1410 4305 gladio
1435 4231 1985 4300 animadverteretur.
2013 4230 2120 4288 Du-

525 4334 648 4384 ctus
675 4333 858 4383 autem
880 4325 937 4382 in
969 4325 1058 4382 via
1079 4325 1352 4382 Lavicana
1383 4325 1546 4382 tertio
1566 4324 1826 4382 milliaria
1851 4325 1921 4382 ab
1947 4323 2117 4394 Urbe,

531 4433 640 4475 uno
669 4417 778 4474 ictu
809 4416 974 4490 gladii
1000 4433 1291 4490 percussus
1321 4417 1606 4475 abscessit.
1632 4416 1694 4472 In
1721 4417 1914 4474 eodem
1935 4425 2120 4474 autem

521 4507 642 4565 loco
672 4524 703 4565 a
731 4509 965 4582 quodam
987 4518 1217 4582 parente
1239 4507 1550 4568 Christiano
1577 4509 1824 4583 sepultus
1841 4517 1926 4567 est
1952 4510 2117 4567 tertio

523 4598 644 4658 ldus
664 4600 913 4674 Augusti.

595 4691 796 4749 Eodem
820 4691 919 4756 die.
937 4693 1146 4763 Romae,
1169 4703 1349 4753 natale
1379 4705 1584 4754 sancta
1640 4694 1905 4754 Susannae
1956 4695 2120 4769 virgi-

525 4787 613 4844 nis
634 4794 691 4844 et
719 4787 1004 4860 martyris,
1031 4788 1135 4844 sub
1153 4788 1489 4849 Diocletiano
1527 4801 1585 4848 et
1619 4789 1950 4848 Maximiano
2003 4791 2117 4848 Au-

526 4881 722 4955 gustis,
743 4881 926 4954 judice
957 4881 1290 4941 Macedonio.
1350 4884 1476 4942 Fuit
1520 4893 1702 4941 autem
1744 4885 1855 4942 illia
1900 4885 2121 4956 gloriosi

527 4975 834 5048 presbyteri
861 4982 916 5033 et
945 4976 1204 5050 martyris
1223 4975 1463 5046 Gabinii,
1488 4977 1677 5036 fratris
1701 4978 1824 5036 Gaii
1879 4979 2120 5052 episcopi

527 5076 585 5124 et
608 5066 885 5142 martyris,
918 5068 1086 5125 nobili
1105 5070 1241 5127 satis
1263 5078 1384 5128 orta
1422 5071 1705 5144 progenie,
1754 5087 1920 5144 quam
1963 5081 2122 5144 pater

526 5159 857 5228 nutriverat,
883 5167 941 5218 et
965 5160 1164 5219 divinis
1183 5161 1381 5221 litteris
1407 5164 1698 5222 imbuerat.
1743 5165 1985 5223 Audiens
2024 5166 2127 5228 ita-

528 5265 637 5323 que
665 5250 1031 5310 Diocletianus
1058 5253 1126 5311 de
1153 5253 1328 5326 puella
1356 5256 1500 5328 quod
1516 5257 1920 5329 pulchritudine
1959 5268 2017 5315 et
2041 5273 2127 5314 sa-

527 5344 735 5418 pientia
754 5347 1112 5420 praecelleret,
1140 5349 1288 5407 misit
1312 5351 1380 5408 ad
1409 5351 1699 5409 Gabinium
1722 5351 2012 5424 quemdam
2033 5352 2130 5424 qui

532 5449 652 5497 erat
697 5455 767 5498 ex
819 5457 1020 5514 genere
1077 5444 1194 5516 eius
1236 5447 1622 5504 consobrinum
1675 5463 1850 5514 suum,
1908 5448 2130 5504 nomine

533 5533 838 5605 Claudium,
858 5544 916 5595 et
943 5537 1136 5612 petivit
1158 5553 1279 5598 eam
1300 5539 1542 5613 Augusto
1572 5540 1866 5598 Maximino
1895 5540 2008 5597 filio
2029 5553 2128 5596 suo

533 5624 594 5684 in
617 5625 922 5702 coniugem.
953 5626 1194 5690 Veniens
1248 5631 1482 5704 denique
1527 5631 1792 5691 Gabinius
1840 5633 1911 5692 ad
1959 5633 2129 5692 ﬁliam

535 5731 692 5778 suam
737 5722 1068 5794 Susannam,
1108 5725 1320 5801 rogavit
1368 5725 1630 5784 interesse
1669 5726 1867 5784 Gaium
1919 5728 2129 5801 episco-

535 5822 667 5891 pum
694 5818 871 5888 urbis,
907 5821 1235 5879 avunculum
1273 5818 1415 5891 eius,
1463 5828 1520 5879 et
1570 5821 1813 5879 narravit
1854 5822 1937 5880 eis
1990 5839 2128 5895 quo-

537 5910 700 5969 modo
751 5909 1116 5973 Diocletianus
1174 5913 1454 5987 Augustus
1507 5913 1797 5976 direxisset
1837 5914 2120 5975 Claudium

2213 3500 2452 3565 punctus
2472 3489 2703 3548 credidit
2723 3489 3011 3554 Maximus,
3036 3496 3092 3544 et
3117 3487 3426 3560 baptizatus
3451 3494 3554 3542 est.
3595 3484 3676 3540 Ab
3717 3497 3800 3538 ea-

2216 3587 2340 3643 dem
2371 3600 2502 3641 vero
2527 3584 2615 3642 die
2642 3585 2810 3657 coepit
2862 3583 3176 3640 facultatem
3225 3597 3379 3638 suam
3428 3578 3665 3637 vendere
3714 3591 3801 3648 per

2217 3679 2506 3750 quemdam
2526 3678 2762 3735 amicum
2801 3693 2958 3733 suum
3014 3675 3233 3732 nomine
3275 3673 3619 3730 Thrasonem
3659 3667 3802 3726 Chri-

2218 3771 2609 3828 stianissimum
2659 3778 2906 3845 r0gatum
2940 3813 2956 3839 ,
3028 3769 3121 3842 qui
3179 3766 3424 3826 occultus
3476 3764 3801 3824 Christianus

2219 3872 2358 3933 erat,
2401 3880 2562 3935 quem
2618 3872 2745 3920 ante
2785 3861 2984 3919 multos
3041 3876 3212 3918 annos
3261 3859 3458 3916 beatus
3504 3855 3670 3913 Gaius
3717 3851 3800 3909 ha-

2219 3959 2543 4031 ptizaverat.
2569 3957 2672 4026 Qui
2704 3955 3034 4013 circumiens
3059 3952 3341 4010 nocturnis
3379 3949 3533 4006 horis
3570 3948 3722 4004 vicos
3759 3952 3802 4000 et

2221 4065 2497 4119 carceres,
2527 4049 2860 4122 pauperibus
2914 4045 3241 4104 Christianis
3299 4041 3613 4100 necessaria
3652 4038 3799 4096 mini

2221 4147 2452 4212 strabat,
2497 4153 2554 4201 et
2599 4152 2750 4218 gesta
2801 4158 2991 4201 eorum
3048 4140 3373 4212 colligebat,
3417 4136 3802 4205 memoriasque

2221 4239 2543 4296 exornabat.
2567 4237 2698 4294 Post
2721 4237 2839 4294 dies
2859 4235 3192 4309 quindecim,
3220 4242 3350 4291 nota
3371 4231 3520 4289 facta
3543 4239 3670 4288 sunt
3703 4244 3802 4285 om-

2222 4333 2313 4390 nia
2343 4331 2701 4400 Diocletiano,
2729 4339 2786 4388 et
2814 4330 2965 4386 misit
2991 4328 3214 4396 Julium,
3263 4325 3358 4398 qui
3409 4323 3713 4391 Claudium,
3759 4329 3802 4377 et

2223 4422 2539 4490 Maximum,
2597 4422 3034 4496 Praepedignam,
3080 4420 3452 4478 Alexandrum
3507 4427 3673 4491 atque
3715 4415 3802 4473 Cu-

2222 4517 2360 4580 riam
2392 4515 2965 4588 puniret;Gabinium
2995 4531 3128 4573 vero
3155 4523 3212 4571 et
3236 4513 3546 4570 Susannam
3592 4507 3802 4566 vinculis

2224 4610 2648 4682 constringeret.
2682 4610 2749 4664 Et
2787 4619 2911 4680 post
2970 4609 3086 4665 dies
3132 4605 3526 4678 quinquaginta
3583 4603 3801 4674 quinque

2220 4703 2386 4774 iussit
2413 4701 2781 4759 Diocletianus
2802 4714 2862 4757 ut
2889 4703 3048 4758 beata
3077 4702 3323 4757 Susanna
3365 4697 3726 4755 adduceretur
3747 4692 3801 4750 ad

2231 4796 2493 4853 Serenam
2519 4809 2747 4851 uxorem
2769 4811 2947 4862 suam,
2971 4809 3092 4864 qua:
3119 4793 3328 4849 occulte
3346 4791 3660 4848 Christiana
3681 4796 3799 4846 erat.

2229 4888 2366 4947 Cum
2391 4889 2576 4960 itaque
2600 4887 2817 4960 hymnis
2846 4895 2904 4944 et
2925 4886 3264 4943 orationibus
3290 4899 3414 4940 cum
3461 4898 3526 4939 ea
3583 4888 3801 4944 vacaret,

2227 4990 2284 5038 et
2318 4981 2406 5038 die
2460 4988 2734 5052 noctuque
2779 4980 2836 5036 in
2888 4979 3048 5035 laude
3100 4978 3198 5035 Dei
3249 4975 3489 5049 psalmos
3530 4975 3800 5032 reciperet.

2230 5075 2539 5131 nuntiatum
2593 5079 2678 5128 est
2718 5073 2824 5127 hoc
2864 5069 3216 5127 Diocletiano.
3293 5065 3444 5122 Tunc
3494 5066 3645 5122 idem
3690 5063 3802 5119 dixit

2231 5163 2524 5222 Maximino
2549 5163 2662 5219 ﬁlio
2704 5178 2803 5220 suo
2840 5171 2901 5216 ut
2929 5170 3278 5218 revocaretur
3321 5157 3574 5215 Susanna
3621 5159 3688 5214 ad
3727 5170 3802 5226 pa-

2231 5259 2332 5316 tris
2359 5259 2444 5316 sui
2472 5257 2689 5315 Gabinii
2720 5258 2964 5323 domum,
2988 5264 3043 5312 ct
3081 5255 3156 5312 ibi
3179 5254 3498 5310 abuteretur
3517 5267 3610 5318 ea,
3635 5261 3694 5306 ut
3719 5248 3800 5319 ipsi

2231 5351 2446 5409 liberet.
2479 5352 2597 5422 Ipsa
2620 5365 2752 5407 vero
2782 5359 2961 5417 nocte,
2988 5353 3275 5422 postquam
3300 5357 3553 5404 revocata
3604 5354 3704 5411 est,
3731 5343 3801 5397 in-

2234 5460 2454 5518 gressus
2478 5444 2806 5500 Maximianus
2835 5444 2891 5499 in
2916 5443 3156 5509 domum,
3181 5442 3274 5499 ubi
3299 5441 3493 5497 orabat
3549 5439 3799 5495 Susanna.

2233 5540 2370 5596 vidit
2391 5539 2614 5596 nimiam
2636 5538 2940 5604 claritatem
2967 5537 3347 5610 superdpsam,
3388 5543 3444 5592 et
3469 5531 3731 5595 extimuit,
3758 5535 3801 5582 et

2237 5633 2441 5691 cursim
2479 5631 2642 5689 rediit
2682 5631 2750 5689 ad
2791 5631 3074 5704 palatium.
3127 5628 3497 5688 Diocletianus
3542 5640 3670 5682 vero
3716 5629 3802 5678 hoc

2237 5727 2344 5784 arti
2371 5727 2596 5801 magicae
2629 5726 2917 5800 deputans,
2953 5725 3102 5782 misit
3123 5711 3516 5789 Macedonium,
3561 5719 3651 5791 qui
3694 5726 3798 5772 eam

2237 5819 2637 5891 constringeret
2655 5815 2798 5874 infra
2828 5817 3049 5876 domum
3073 5815 3212 5887 eius,
3237 5825 3299 5873 ut
3331 5813 3674 5874 sacrificaret.
3713 5803 3798 5873 Qui

2239 5913 2367 5971 dum
2391 5911 2554 5972 vellet
2575 5927 2697 5971 eam
2724 5911 2961 5982 ﬂectere,
2993 5921 3053 5969 ut
3091 5911 3196 5970 diis
3253 5909 3579 5969 immolaret.
3623 5917 3796 5972 exsw‘
