  <div class='ocr_page' id='page_1' title='image "/cluster/home/n/w/nwhite01/storage/ocr_20150623/123/hvd.32044011218062/182.png"; bbox 0 0 3962 6366; ppageno 0'>
   <div class='ocr_carea' id='block_1_1' title="bbox 151 346 270 403">
    <p class='ocr_par' dir='ltr' id='par_1_1' title="bbox 151 346 270 403">
     <span class='ocr_line' id='line_1_1' title="bbox 151 346 270 403; baseline -0.008 0"><span class='ocrx_word' id='word_1_1' title='bbox 151 346 270 403; x_wconf 70' lang='lat'><strong>329</strong></span> 
     </span>
    </p>
   </div>
   <div class='ocr_carea' id='block_1_2' title="bbox 845 318 2771 393">
    <p class='ocr_par' dir='ltr' id='par_1_2' title="bbox 845 318 2771 393">
     <span class='ocr_line' id='line_1_2' title="bbox 845 318 2771 393; baseline -0.008 1"><span class='ocrx_word' id='word_1_2' title='bbox 845 332 1454 393; x_wconf 76' lang='lat' dir='ltr'><strong>MARTYROLOGIUM</strong></span> <span class='ocrx_word' id='word_1_3' title='bbox 1491 331 1637 387; x_wconf 74' lang='lat' dir='ltr'><strong>CUM</strong></span> <span class='ocrx_word' id='word_1_4' title='bbox 1676 318 2214 386; x_wconf 70' lang='lat' dir='ltr'><strong>ADDITAMENTIS.</strong></span> <span class='ocrx_word' id='word_1_5' title='bbox 2254 357 2328 368; x_wconf 89' lang='lat'><strong>--—</strong></span> <span class='ocrx_word' id='word_1_6' title='bbox 2366 328 2568 383; x_wconf 60' lang='lat' dir='ltr'><strong>lli-3X8.</strong></span> <span class='ocrx_word' id='word_1_7' title='bbox 2610 328 2771 383; x_wconf 67' lang='lat' dir='ltr'><strong>AlfG.</strong></span> 
     </span>
    </p>
   </div>
   <div class='ocr_carea' id='block_1_3' title="bbox 3340 331 3445 387">
    <p class='ocr_par' dir='ltr' id='par_1_3' title="bbox 3340 331 3445 387">
     <span class='ocr_line' id='line_1_3' title="bbox 3340 331 3445 387; baseline -0.019 0"><span class='ocrx_word' id='word_1_8' title='bbox 3340 331 3445 387; x_wconf 67' lang='lat'><strong>554</strong></span> 
     </span>
    </p>
   </div>
   <div class='ocr_carea' id='block_1_4' title="bbox 152 446 3450 529">
    <p class='ocr_par' dir='ltr' id='par_1_4' title="bbox 152 446 3450 529">
     <span class='ocr_line' id='line_1_4' title="bbox 152 446 3450 529; baseline -0.005 -13"><span class='ocrx_word' id='word_1_9' title='bbox 152 463 302 518; x_wconf 88' lang='lat' dir='ltr'><strong>lians</strong></span> <span class='ocrx_word' id='word_1_10' title='bbox 322 475 444 517; x_wconf 88' lang='lat' dir='ltr'><strong>eam</strong></span> <span class='ocrx_word' id='word_1_11' title='bbox 470 458 633 529; x_wconf 67' lang='lat' dir='ltr'><strong>coepit</strong></span> <span class='ocrx_word' id='word_1_12' title='bbox 660 456 892 513; x_wconf 85' lang='lat' dir='ltr'><strong>fustibus</strong></span> <span class='ocrx_word' id='word_1_13' title='bbox 912 456 1142 512; x_wconf 61' lang='lat' dir='ltr'><strong>taedere.</strong></span> <span class='ocrx_word' id='word_1_14' title='bbox 1164 454 1330 510; x_wconf 87' lang='lat' dir='ltr'><strong>Beata</strong></span> <span class='ocrx_word' id='word_1_15' title='bbox 1355 468 1482 508; x_wconf 87' lang='lat' dir='ltr'><strong>vero</strong></span> <span class='ocrx_word' id='word_1_16' title='bbox 1507 450 1758 506; x_wconf 79' lang='lat' dir='ltr'><strong>Susanna</strong></span> <span class='ocrx_word' id='word_1_17' title='bbox 1788 455 1835 512; x_wconf 82' lang='grc' dir='ltr'><strong>Λ</strong></span> <span class='ocrx_word' id='word_1_18' title='bbox 1864 454 2118 507; x_wconf 85' lang='lat' dir='ltr'><strong>sumeret,</strong></span> <span class='ocrx_word' id='word_1_19' title='bbox 2154 456 2418 501; x_wconf 87' lang='lat' dir='ltr'><strong>venerunt</strong></span> <span class='ocrx_word' id='word_1_20' title='bbox 2454 446 2653 500; x_wconf 86' lang='lat' dir='ltr'><strong>milites</strong></span> <span class='ocrx_word' id='word_1_21' title='bbox 2678 457 2733 500; x_wconf 90' lang='lat' dir='ltr'><strong>et</strong></span> <span class='ocrx_word' id='word_1_22' title='bbox 2761 455 3048 502; x_wconf 79' lang='lat' dir='ltr'><strong>tenuerunt</strong></span> <span class='ocrx_word' id='word_1_23' title='bbox 3092 458 3142 505; x_wconf 87' lang='lat' dir='ltr'><strong>et</strong></span> <span class='ocrx_word' id='word_1_24' title='bbox 3177 452 3450 522; x_wconf 70' lang='lat' dir='ltr'><strong>perduxe-</strong></span> 
     </span>
    </p>
   </div>
   <div class='ocr_carea' id='block_1_5' title="bbox 153 543 1762 616">
    <p class='ocr_par' dir='ltr' id='par_1_5' title="bbox 153 543 1762 616">
     <span class='ocr_line' id='line_1_5' title="bbox 153 543 1762 616; baseline -0.011 -7"><span class='ocrx_word' id='word_1_25' title='bbox 153 555 419 609; x_wconf 83' lang='lat' dir='ltr'><strong>dieebat:</strong></span> <span class='ocrx_word' id='word_1_26' title='bbox 450 550 638 607; x_wconf 85' lang='lat' dir='ltr'><strong>Gloria</strong></span> <span class='ocrx_word' id='word_1_27' title='bbox 691 549 810 614; x_wconf 91' lang='lat' dir='ltr'><strong>tibi,</strong></span> <span class='ocrx_word' id='word_1_28' title='bbox 866 548 1114 602; x_wconf 85' lang='lat' dir='ltr'><strong>Domine.</strong></span> <span class='ocrx_word' id='word_1_29' title='bbox 1157 545 1360 616; x_wconf 84' lang='lat' dir='ltr'><strong>Sicque</strong></span> <span class='ocrx_word' id='word_1_30' title='bbox 1396 545 1555 599; x_wconf 87' lang='lat' dir='ltr'><strong>beata</strong></span> <span class='ocrx_word' id='word_1_31' title='bbox 1611 543 1762 610; x_wconf 82' lang='lat' dir='ltr'><strong>virgo</strong></span> 
     </span>
    </p>
   </div>
   <div class='ocr_carea' id='block_1_6' title="bbox 151 636 1762 716">
    <p class='ocr_par' dir='ltr' id='par_1_6' title="bbox 151 636 1762 716">
     <span class='ocr_line' id='line_1_6' title="bbox 151 636 1762 716; baseline -0.005 -20"><span class='ocrx_word' id='word_1_32' title='bbox 151 659 492 716; x_wconf 75' lang='lat' dir='ltr'><strong>permanens</strong></span> <span class='ocrx_word' id='word_1_33' title='bbox 522 641 576 697; x_wconf 92' lang='lat' dir='ltr'><strong>in</strong></span> <span class='ocrx_word' id='word_1_34' title='bbox 607 639 950 697; x_wconf 82' lang='lat' dir='ltr'><strong>confessione</strong></span> <span class='ocrx_word' id='word_1_35' title='bbox 982 639 1220 704; x_wconf 88' lang='lat' dir='ltr'><strong>Domini,</strong></span> <span class='ocrx_word' id='word_1_36' title='bbox 1270 636 1452 710; x_wconf 83' lang='lat' dir='ltr'><strong>gladio</strong></span> <span class='ocrx_word' id='word_1_37' title='bbox 1505 649 1762 706; x_wconf 77' lang='lat' dir='ltr'><strong>percussa</strong></span> 
     </span>
    </p>
   </div>
   <div class='ocr_carea' id='block_1_7' title="bbox 152 727 1761 801">
    <p class='ocr_par' dir='ltr' id='par_1_7' title="bbox 152 727 1761 801">
     <span class='ocr_line' id='line_1_7' title="bbox 152 727 1761 801; baseline -0.009 -8"><span class='ocrx_word' id='word_1_38' title='bbox 152 746 249 793; x_wconf 86' lang='lat' dir='ltr'><strong>est</strong></span> <span class='ocrx_word' id='word_1_39' title='bbox 274 736 422 792; x_wconf 86' lang='lat' dir='ltr'><strong>intra</strong></span> <span class='ocrx_word' id='word_1_40' title='bbox 452 734 671 790; x_wconf 90' lang='lat' dir='ltr'><strong>domum</strong></span> <span class='ocrx_word' id='word_1_41' title='bbox 700 747 876 797; x_wconf 90' lang='lat' dir='ltr'><strong>suam,</strong></span> <span class='ocrx_word' id='word_1_42' title='bbox 902 740 958 787; x_wconf 88' lang='lat' dir='ltr'><strong>et</strong></span> <span class='ocrx_word' id='word_1_43' title='bbox 986 729 1235 801; x_wconf 80' lang='lat' dir='ltr'><strong>spiritum</strong></span> <span class='ocrx_word' id='word_1_44' title='bbox 1278 727 1761 783; x_wconf 88' lang='lat' dir='ltr'><strong>incontaminatum</strong></span> 
     </span>
    </p>
   </div>
   <div class='ocr_carea' id='block_1_8' title="bbox 156 819 1826 893">
    <p class='ocr_par' dir='ltr' id='par_1_8' title="bbox 156 819 1826 893">
     <span class='ocr_line' id='line_1_8' title="bbox 156 819 1826 893; baseline -0.008 -9"><span class='ocrx_word' id='word_1_45' title='bbox 156 829 281 884; x_wconf 83' lang='lat' dir='ltr'><strong>Deo</strong></span> <span class='ocrx_word' id='word_1_46' title='bbox 313 826 569 883; x_wconf 90' lang='lat' dir='ltr'><strong>reddidit.</strong></span> <span class='ocrx_word' id='word_1_47' title='bbox 598 823 727 893; x_wconf 83' lang='lat' dir='ltr'><strong>Ejus</strong></span> <span class='ocrx_word' id='word_1_48' title='bbox 760 839 960 893; x_wconf 90' lang='lat' dir='ltr'><strong>corpus</strong></span> <span class='ocrx_word' id='word_1_49' title='bbox 1006 821 1224 890; x_wconf 77' lang='lat' dir='ltr'><strong>collegit</strong></span> <span class='ocrx_word' id='word_1_50' title='bbox 1272 820 1478 876; x_wconf 83' lang='lat' dir='ltr'><strong>Serena</strong></span> <span class='ocrx_word' id='word_1_51' title='bbox 1521 819 1763 890; x_wconf 85' lang='lat' dir='ltr'><strong>Augusta</strong></span> <span class='ocrx_word' id='word_1_52' title='bbox 1822 876 1826 880; x_wconf 19' lang='grc' dir='ltr'><strong>Α</strong></span> 
     </span>
    </p>
   </div>
   <div class='ocr_carea' id='block_1_9' title="bbox 156 912 1762 981">
    <p class='ocr_par' dir='ltr' id='par_1_9' title="bbox 156 912 1762 981">
     <span class='ocr_line' id='line_1_9' title="bbox 156 912 1762 981; baseline -0.008 -6"><span class='ocrx_word' id='word_1_53' title='bbox 156 928 350 981; x_wconf 84' lang='lat' dir='ltr'><strong>noctu,</strong></span> <span class='ocrx_word' id='word_1_54' title='bbox 375 924 432 972; x_wconf 89' lang='lat' dir='ltr'><strong>et</strong></span> <span class='ocrx_word' id='word_1_55' title='bbox 450 916 705 971; x_wconf 88' lang='lat' dir='ltr'><strong>manibus</strong></span> <span class='ocrx_word' id='word_1_56' title='bbox 733 916 848 971; x_wconf 85' lang='lat' dir='ltr'><strong>suis</strong></span> <span class='ocrx_word' id='word_1_57' title='bbox 868 929 994 971; x_wconf 91' lang='lat' dir='ltr'><strong>cum</strong></span> <span class='ocrx_word' id='word_1_58' title='bbox 1019 912 1431 969; x_wconf 81' lang='lat' dir='ltr'><strong>linteaminibus</strong></span> <span class='ocrx_word' id='word_1_59' title='bbox 1459 919 1516 966; x_wconf 90' lang='lat' dir='ltr'><strong>et</strong></span> <span class='ocrx_word' id='word_1_60' title='bbox 1543 926 1762 965; x_wconf 87' lang='lat' dir='ltr'><strong>aroma-</strong></span> 
     </span>
    </p>
   </div>
   <div class='ocr_carea' id='block_1_10' title="bbox 157 1002 1762 1077">
    <p class='ocr_par' dir='ltr' id='par_1_10' title="bbox 157 1002 1762 1077">
     <span class='ocr_line' id='line_1_10' title="bbox 157 1002 1762 1077; baseline -0.004 -16"><span class='ocrx_word' id='word_1_61' title='bbox 157 1011 316 1064; x_wconf 89' lang='lat' dir='ltr'><strong>tibus</strong></span> <span class='ocrx_word' id='word_1_62' title='bbox 333 1009 567 1071; x_wconf 86' lang='lat' dir='ltr'><strong>ornavit,</strong></span> <span class='ocrx_word' id='word_1_63' title='bbox 599 1016 655 1063; x_wconf 87' lang='lat' dir='ltr'><strong>et</strong></span> <span class='ocrx_word' id='word_1_64' title='bbox 680 1007 858 1077; x_wconf 86' lang='lat' dir='ltr'><strong>posuit</strong></span> <span class='ocrx_word' id='word_1_65' title='bbox 877 1005 1035 1075; x_wconf 83' lang='lat' dir='ltr'><strong>juxta</strong></span> <span class='ocrx_word' id='word_1_66' title='bbox 1066 1019 1295 1075; x_wconf 91' lang='lat' dir='ltr'><strong>corpora</strong></span> <span class='ocrx_word' id='word_1_67' title='bbox 1357 1010 1667 1059; x_wconf 89' lang='lat' dir='ltr'><strong>sanctorum</strong></span> <span class='ocrx_word' id='word_1_68' title='bbox 1708 1002 1762 1056; x_wconf 91' lang='lat' dir='ltr'><strong>iu</strong></span> 
     </span>
    </p>
   </div>
   <div class='ocr_carea' id='block_1_11' title="bbox 155 1092 1763 1163">
    <p class='ocr_par' dir='ltr' id='par_1_11' title="bbox 155 1092 1763 1163">
     <span class='ocr_line' id='line_1_11' title="bbox 155 1092 1763 1163; baseline -0.007 -7"><span class='ocrx_word' id='word_1_69' title='bbox 155 1099 482 1157; x_wconf 76' lang='lat' dir='ltr'><strong>easmeterio</strong></span> <span class='ocrx_word' id='word_1_70' title='bbox 504 1097 796 1153; x_wconf 87' lang='lat' dir='ltr'><strong>Alexandri</strong></span> <span class='ocrx_word' id='word_1_71' title='bbox 821 1095 1172 1159; x_wconf 87' lang='lat' dir='ltr'><strong>inarenario,</strong></span> <span class='ocrx_word' id='word_1_72' title='bbox 1227 1094 1283 1148; x_wconf 92' lang='lat' dir='ltr'><strong>iu</strong></span> <span class='ocrx_word' id='word_1_73' title='bbox 1341 1101 1554 1163; x_wconf 85' lang='lat' dir='ltr'><strong>crypta,</strong></span> <span class='ocrx_word' id='word_1_74' title='bbox 1606 1092 1763 1163; x_wconf 74' lang='lat' dir='ltr'><strong>juxta</strong></span> 
     </span>
    </p>
   </div>
   <div class='ocr_carea' id='block_1_12' title="bbox 156 1182 1765 1255">
    <p class='ocr_par' dir='ltr' id='par_1_12' title="bbox 156 1182 1765 1255">
     <span class='ocr_line' id='line_1_12' title="bbox 156 1182 1765 1255; baseline -0.006 -9"><span class='ocrx_word' id='word_1_75' title='bbox 156 1200 417 1247; x_wconf 85' lang='lat' dir='ltr'><strong>sanctum</strong></span> <span class='ocrx_word' id='word_1_76' title='bbox 449 1188 836 1253; x_wconf 78' lang='lat' dir='ltr'><strong>Alexandrum,</strong></span> <span class='ocrx_word' id='word_1_77' title='bbox 869 1186 1031 1242; x_wconf 91' lang='lat' dir='ltr'><strong>tertio</strong></span> <span class='ocrx_word' id='word_1_78' title='bbox 1063 1184 1188 1240; x_wconf 89' lang='lat' dir='ltr'><strong>ldus</strong></span> <span class='ocrx_word' id='word_1_79' title='bbox 1229 1187 1477 1255; x_wconf 79' lang='lat' dir='ltr'><strong>Augusti.</strong></span> <span class='ocrx_word' id='word_1_80' title='bbox 1532 1182 1765 1254; x_wconf 85' lang='lat' dir='ltr'><strong>Sangui-</strong></span> 
     </span>
    </p>
   </div>
   <div class='ocr_carea' id='block_1_13' title="bbox 156 1272 1764 1348">
    <p class='ocr_par' dir='ltr' id='par_1_13' title="bbox 156 1272 1764 1348">
     <span class='ocr_line' id='line_1_13' title="bbox 156 1272 1764 1348; baseline -0.005 -12"><span class='ocrx_word' id='word_1_81' title='bbox 156 1294 309 1339; x_wconf 52' lang='lat' dir='ltr'><strong>nem,</strong></span> <span class='ocrx_word' id='word_1_82' title='bbox 329 1292 462 1333; x_wconf 84' lang='lat' dir='ltr'><strong>vero</strong></span> <span class='ocrx_word' id='word_1_83' title='bbox 486 1277 765 1348; x_wconf 82' lang='lat' dir='ltr'><strong>martyris,</strong></span> <span class='ocrx_word' id='word_1_84' title='bbox 796 1276 890 1346; x_wconf 89' lang='lat' dir='ltr'><strong>qui</strong></span> <span class='ocrx_word' id='word_1_85' title='bbox 915 1275 1120 1331; x_wconf 81' lang='lat' dir='ltr'><strong>ell&#39;usus</strong></span> <span class='ocrx_word' id='word_1_86' title='bbox 1146 1272 1328 1330; x_wconf 80' lang='lat' dir='ltr'><strong>fuerat</strong></span> <span class='ocrx_word' id='word_1_87' title='bbox 1354 1273 1405 1328; x_wconf 90' lang='lat' dir='ltr'><strong>in</strong></span> <span class='ocrx_word' id='word_1_88' title='bbox 1433 1272 1552 1328; x_wconf 90' lang='lat' dir='ltr'><strong>loco</strong></span> <span class='ocrx_word' id='word_1_89' title='bbox 1572 1273 1764 1328; x_wconf 88' lang='lat' dir='ltr'><strong>domus</strong></span> 
     </span>
    </p>
   </div>
   <div class='ocr_carea' id='block_1_14' title="bbox 157 1364 1762 1434">
    <p class='ocr_par' dir='ltr' id='par_1_14' title="bbox 157 1364 1762 1434">
     <span class='ocr_line' id='line_1_14' title="bbox 157 1364 1762 1434; baseline -0.004 -11"><span class='ocrx_word' id='word_1_90' title='bbox 157 1382 307 1433; x_wconf 60' lang='lat' dir='ltr'><strong>sua,</strong></span> <span class='ocrx_word' id='word_1_91' title='bbox 332 1366 607 1421; x_wconf 79' lang='lat' dir='ltr'><strong>velamine</strong></span> <span class='ocrx_word' id='word_1_92' title='bbox 626 1366 874 1430; x_wconf 83' lang='lat' dir='ltr'><strong>detersit,</strong></span> <span class='ocrx_word' id='word_1_93' title='bbox 900 1373 957 1420; x_wconf 89' lang='lat' dir='ltr'><strong>et</strong></span> <span class='ocrx_word' id='word_1_94' title='bbox 975 1364 1158 1434; x_wconf 90' lang='lat' dir='ltr'><strong>posuit</strong></span> <span class='ocrx_word' id='word_1_95' title='bbox 1198 1380 1254 1418; x_wconf 84' lang='lat' dir='ltr'><strong>in</strong></span> <span class='ocrx_word' id='word_1_96' title='bbox 1301 1378 1461 1433; x_wconf 85' lang='lat' dir='ltr'><strong>capsa</strong></span> <span class='ocrx_word' id='word_1_97' title='bbox 1507 1372 1762 1434; x_wconf 82' lang='lat' dir='ltr'><strong>argentea</strong></span> 
     </span>
    </p>
   </div>
   <div class='ocr_carea' id='block_1_15' title="bbox 157 1452 1763 1528">
    <p class='ocr_par' dir='ltr' id='par_1_15' title="bbox 157 1452 1763 1528">
     <span class='ocr_line' id='line_1_15' title="bbox 157 1452 1763 1528; baseline -0.006 -13"><span class='ocrx_word' id='word_1_98' title='bbox 157 1460 217 1515; x_wconf 88' lang='lat' dir='ltr'><strong>in</strong></span> <span class='ocrx_word' id='word_1_99' title='bbox 244 1457 455 1528; x_wconf 89' lang='lat' dir='ltr'><strong>palatio</strong></span> <span class='ocrx_word' id='word_1_100' title='bbox 474 1471 596 1522; x_wconf 89' lang='lat' dir='ltr'><strong>suo,</strong></span> <span class='ocrx_word' id='word_1_101' title='bbox 624 1456 716 1510; x_wconf 89' lang='lat' dir='ltr'><strong>ubi</strong></span> <span class='ocrx_word' id='word_1_102' title='bbox 756 1457 844 1512; x_wconf 87' lang='lat' dir='ltr'><strong>die</strong></span> <span class='ocrx_word' id='word_1_103' title='bbox 873 1464 1144 1524; x_wconf 86' lang='lat' dir='ltr'><strong>noctuque</strong></span> <span class='ocrx_word' id='word_1_104' title='bbox 1184 1453 1401 1508; x_wconf 81' lang='lat' dir='ltr'><strong>furtivis</strong></span> <span class='ocrx_word' id='word_1_105' title='bbox 1424 1452 1763 1508; x_wconf 86' lang='lat' dir='ltr'><strong>orationibus</strong></span> 
     </span>
    </p>
   </div>
   <div class='ocr_carea' id='block_1_16' title="bbox 156 1542 1760 1618">
    <p class='ocr_par' dir='ltr' id='par_1_16' title="bbox 156 1542 1760 1618">
     <span class='ocr_line' id='line_1_16' title="bbox 156 1542 1760 1618; baseline -0.004 -15"><span class='ocrx_word' id='word_1_106' title='bbox 156 1549 510 1618; x_wconf 72' lang='lat' dir='ltr'><strong>semetipsum</strong></span> <span class='ocrx_word' id='word_1_107' title='bbox 539 1545 770 1600; x_wconf 86' lang='lat' dir='ltr'><strong>Domino</strong></span> <span class='ocrx_word' id='word_1_108' title='bbox 796 1542 1125 1600; x_wconf 73' lang='lat' dir='ltr'><strong>eﬁ&#39;undebat.</strong></span> <span class='ocrx_word' id='word_1_109' title='bbox 1164 1542 1332 1599; x_wconf 83' lang='lat' dir='ltr'><strong>Passa</strong></span> <span class='ocrx_word' id='word_1_110' title='bbox 1356 1550 1443 1599; x_wconf 88' lang='lat' dir='ltr'><strong>est</strong></span> <span class='ocrx_word' id='word_1_111' title='bbox 1485 1549 1665 1597; x_wconf 89' lang='lat' dir='ltr'><strong>autem</strong></span> <span class='ocrx_word' id='word_1_112' title='bbox 1699 1555 1760 1596; x_wconf 86' lang='grc' dir='ltr'><strong>ιιι</strong></span> 
     </span>
    </p>
   </div>
   <div class='ocr_carea' id='block_1_17' title="bbox 101 1637 577 1719">
    <p class='ocr_par' dir='ltr' id='par_1_17' title="bbox 101 1637 577 1719">
     <span class='ocr_line' id='line_1_17' title="bbox 101 1637 577 1719; baseline -0.004 -26"><span class='ocrx_word' id='word_1_113' title='bbox 101 1708 117 1719; x_wconf 40' lang='grc'><strong>⁹</strong></span> <span class='ocrx_word' id='word_1_114' title='bbox 157 1637 292 1695; x_wconf 81' lang='lat' dir='ltr'><strong>ldus</strong></span> <span class='ocrx_word' id='word_1_115' title='bbox 323 1638 577 1708; x_wconf 78' lang='lat' dir='ltr'><strong>Augusti.</strong></span> 
     </span>
    </p>
   </div>
   <div class='ocr_carea' id='block_1_18' title="bbox 519 1725 1439 1787">
    <p class='ocr_par' dir='ltr' id='par_1_18' title="bbox 519 1725 1439 1787">
     <span class='ocr_line' id='line_1_18' title="bbox 519 1725 1439 1787; baseline -0.005 -2"><span class='ocrx_word' id='word_1_116' title='bbox 519 1728 587 1785; x_wconf 81' lang='lat' dir='ltr'><strong>G.</strong></span> <span class='ocrx_word' id='word_1_117' title='bbox 614 1728 844 1786; x_wconf 80' lang='lat' dir='ltr'><strong>PRIDIE</strong></span> <span class='ocrx_word' id='word_1_118' title='bbox 870 1728 1031 1786; x_wconf 87' lang='lat' dir='ltr'><strong>lDUS</strong></span> <span class='ocrx_word' id='word_1_119' title='bbox 1067 1725 1397 1787; x_wconf 84' lang='lat' dir='ltr'><strong>AUGUSTI.</strong></span> <span class='ocrx_word' id='word_1_120' title='bbox 1438 1766 1439 1771; x_wconf 57' lang='grc' dir='ltr'><strong>η</strong></span> 
     </span>
    </p>
   </div>
   <div class='ocr_carea' id='block_1_19' title="bbox 827 1822 1118 1893">
    <p class='ocr_par' dir='ltr' id='par_1_19' title="bbox 827 1822 1118 1893">
     <span class='ocr_line' id='line_1_19' title="bbox 827 1822 1118 1893; baseline -0.007 -17"><span class='ocrx_word' id='word_1_121' title='bbox 827 1822 922 1893; x_wconf 76' lang='lat' dir='ltr'><strong>(l2</strong></span> <span class='ocrx_word' id='word_1_122' title='bbox 957 1822 1118 1893; x_wconf 84' lang='lat' dir='ltr'><strong>Aug.)</strong></span> 
     </span>
    </p>
   </div>
   <div class='ocr_carea' id='block_1_20' title="bbox 232 1912 1756 1984">
    <p class='ocr_par' dir='ltr' id='par_1_20' title="bbox 232 1912 1756 1984">
     <span class='ocr_line' id='line_1_20' title="bbox 232 1912 1756 1984; baseline -0.002 -13"><span class='ocrx_word' id='word_1_123' title='bbox 232 1916 290 1972; x_wconf 84' lang='lat' dir='ltr'><strong>In</strong></span> <span class='ocrx_word' id='word_1_124' title='bbox 319 1914 527 1981; x_wconf 87' lang='lat' dir='ltr'><strong>Sicilia,</strong></span> <span class='ocrx_word' id='word_1_125' title='bbox 555 1918 775 1972; x_wconf 67' lang='lat' dir='ltr'><strong>civitate</strong></span> <span class='ocrx_word' id='word_1_126' title='bbox 795 1915 1111 1981; x_wconf 87' lang='lat' dir='ltr'><strong>Cataoensi,</strong></span> <span class='ocrx_word' id='word_1_127' title='bbox 1162 1913 1339 1970; x_wconf 85' lang='lat' dir='ltr'><strong>natale</strong></span> <span class='ocrx_word' id='word_1_128' title='bbox 1390 1914 1564 1969; x_wconf 84' lang='lat' dir='ltr'><strong>sancti</strong></span> <span class='ocrx_word' id='word_1_129' title='bbox 1599 1912 1756 1984; x_wconf 91' lang='lat' dir='ltr'><strong>Eupli</strong></span> 
     </span>
    </p>
   </div>
   <div class='ocr_carea' id='block_1_21' title="bbox 163 2004 1757 2079">
    <p class='ocr_par' dir='ltr' id='par_1_21' title="bbox 163 2004 1757 2079">
     <span class='ocr_line' id='line_1_21' title="bbox 163 2004 1757 2079; baseline -0.003 -16"><span class='ocrx_word' id='word_1_130' title='bbox 163 2007 400 2073; x_wconf 91' lang='lat' dir='ltr'><strong>diaconi,</strong></span> <span class='ocrx_word' id='word_1_131' title='bbox 444 2006 778 2070; x_wconf 84' lang='lat' dir='ltr'><strong>Diocletiano</strong></span> <span class='ocrx_word' id='word_1_132' title='bbox 800 2017 859 2064; x_wconf 93' lang='lat' dir='ltr'><strong>et</strong></span> <span class='ocrx_word' id='word_1_133' title='bbox 898 2006 1228 2062; x_wconf 77' lang='lat' dir='ltr'><strong>Maximiano</strong></span> <span class='ocrx_word' id='word_1_134' title='bbox 1284 2006 1564 2079; x_wconf 76' lang='lat' dir='ltr'><strong>Augustis.</strong></span> <span class='ocrx_word' id='word_1_135' title='bbox 1622 2004 1757 2062; x_wconf 90' lang='lat' dir='ltr'><strong>Cum</strong></span> 
     </span>
    </p>
   </div>
   <div class='ocr_carea' id='block_1_22' title="bbox 159 2099 1756 2171">
    <p class='ocr_par' dir='ltr' id='par_1_22' title="bbox 159 2099 1756 2171">
     <span class='ocr_line' id='line_1_22' title="bbox 159 2099 1756 2171; baseline -0.003 -13"><span class='ocrx_word' id='word_1_136' title='bbox 159 2102 303 2158; x_wconf 87' lang='lat' dir='ltr'><strong>enim</strong></span> <span class='ocrx_word' id='word_1_137' title='bbox 331 2112 481 2158; x_wconf 85' lang='lat' dir='ltr'><strong>esset</strong></span> <span class='ocrx_word' id='word_1_138' title='bbox 527 2112 683 2158; x_wconf 90' lang='lat' dir='ltr'><strong>extra</strong></span> <span class='ocrx_word' id='word_1_139' title='bbox 729 2102 908 2158; x_wconf 85' lang='lat' dir='ltr'><strong>velum</strong></span> <span class='ocrx_word' id='word_1_140' title='bbox 957 2101 1238 2158; x_wconf 87' lang='lat' dir='ltr'><strong>secretarii</strong></span> <span class='ocrx_word' id='word_1_141' title='bbox 1294 2101 1485 2156; x_wconf 86' lang='lat' dir='ltr'><strong>beatus</strong></span> <span class='ocrx_word' id='word_1_142' title='bbox 1532 2099 1756 2171; x_wconf 86' lang='lat' dir='ltr'><strong>Euplus,</strong></span> 
     </span>
    </p>
   </div>
   <div class='ocr_carea' id='block_1_23' title="bbox 161 2193 1757 2267">
    <p class='ocr_par' dir='ltr' id='par_1_23' title="bbox 161 2193 1757 2267">
     <span class='ocr_line' id='line_1_23' title="bbox 161 2193 1757 2267; baseline -0.003 -14"><span class='ocrx_word' id='word_1_143' title='bbox 161 2196 530 2267; x_wconf 76' lang='lat' dir='ltr'><strong>Christianum</strong></span> <span class='ocrx_word' id='word_1_144' title='bbox 558 2212 617 2253; x_wconf 91' lang='lat' dir='ltr'><strong>se</strong></span> <span class='ocrx_word' id='word_1_145' title='bbox 643 2196 951 2261; x_wconf 90' lang='lat' dir='ltr'><strong>confessus,</strong></span> <span class='ocrx_word' id='word_1_146' title='bbox 996 2196 1342 2251; x_wconf 85' lang='lat' dir='ltr'><strong>intromissus</strong></span> <span class='ocrx_word' id='word_1_147' title='bbox 1385 2202 1492 2257; x_wconf 89' lang='lat' dir='ltr'><strong>est,</strong></span> <span class='ocrx_word' id='word_1_148' title='bbox 1531 2193 1757 2265; x_wconf 88' lang='lat' dir='ltr'><strong>jnbente</strong></span> 
     </span>
    </p>
   </div>
   <div class='ocr_carea' id='block_1_24' title="bbox 159 2285 1759 2355">
    <p class='ocr_par' dir='ltr' id='par_1_24' title="bbox 159 2285 1759 2355">
     <span class='ocr_line' id='line_1_24' title="bbox 159 2285 1759 2355; baseline -0.003 -10"><span class='ocrx_word' id='word_1_149' title='bbox 159 2289 472 2345; x_wconf 82' lang='lat' dir='ltr'><strong>Calvisiano</strong></span> <span class='ocrx_word' id='word_1_150' title='bbox 498 2290 795 2355; x_wconf 87' lang='lat' dir='ltr'><strong>consulari,</strong></span> <span class='ocrx_word' id='word_1_151' title='bbox 825 2289 879 2343; x_wconf 87' lang='lat' dir='ltr'><strong>in</strong></span> <span class='ocrx_word' id='word_1_152' title='bbox 908 2287 1255 2342; x_wconf 84' lang='lat' dir='ltr'><strong>auditorium.</strong></span> <span class='ocrx_word' id='word_1_153' title='bbox 1308 2285 1520 2341; x_wconf 86' lang='lat' dir='ltr'><strong>Etcum</strong></span> <span class='ocrx_word' id='word_1_154' title='bbox 1569 2286 1641 2340; x_wconf 81' lang='lat' dir='ltr'><strong>ibi</strong></span> <span class='ocrx_word' id='word_1_155' title='bbox 1696 2286 1759 2340; x_wconf 83' lang='lat' dir='ltr'><strong>ti-</strong></span> 
     </span>
    </p>
   </div>
   <div class='ocr_carea' id='block_1_25' title="bbox 160 2376 1759 2451">
    <p class='ocr_par' dir='ltr' id='par_1_25' title="bbox 160 2376 1759 2451">
     <span class='ocr_line' id='line_1_25' title="bbox 160 2376 1759 2451; baseline -0.004 -15"><span class='ocrx_word' id='word_1_156' title='bbox 160 2380 283 2436; x_wconf 85' lang='lat' dir='ltr'><strong>dem</strong></span> <span class='ocrx_word' id='word_1_157' title='bbox 313 2395 467 2435; x_wconf 86' lang='lat' dir='ltr'><strong>suam</strong></span> <span class='ocrx_word' id='word_1_158' title='bbox 488 2380 851 2451; x_wconf 86' lang='lat' dir='ltr'><strong>proﬁteretur,</strong></span> <span class='ocrx_word' id='word_1_159' title='bbox 884 2378 1225 2434; x_wconf 81' lang='lat' dir='ltr'><strong>Calvisianus</strong></span> <span class='ocrx_word' id='word_1_160' title='bbox 1255 2377 1392 2431; x_wconf 81' lang='lat' dir='ltr'><strong>dixit</strong></span> <span class='ocrx_word' id='word_1_161' title='bbox 1424 2395 1435 2430; x_wconf 90' lang='lat'><strong>:</strong></span> <span class='ocrx_word' id='word_1_162' title='bbox 1482 2376 1759 2447; x_wconf 89' lang='lat' dir='ltr'><strong>Torquea-</strong></span> 
     </span>
    </p>
   </div>
   <div class='ocr_carea' id='block_1_26' title="bbox 163 2469 1756 2544">
    <p class='ocr_par' dir='ltr' id='par_1_26' title="bbox 163 2469 1756 2544">
     <span class='ocr_line' id='line_1_26' title="bbox 163 2469 1756 2544; baseline -0.002 -18"><span class='ocrx_word' id='word_1_163' title='bbox 163 2485 255 2527; x_wconf 92' lang='lat' dir='ltr'><strong>tur</strong></span> <span class='ocrx_word' id='word_1_164' title='bbox 274 2472 478 2544; x_wconf 81' lang='lat' dir='ltr'><strong>Enplus</strong></span> <span class='ocrx_word' id='word_1_165' title='bbox 506 2487 787 2543; x_wconf 88' lang='lat' dir='ltr'><strong>quousque</strong></span> <span class='ocrx_word' id='word_1_166' title='bbox 812 2472 1136 2526; x_wconf 86' lang='lat' dir='ltr'><strong>conﬁteatur</strong></span> <span class='ocrx_word' id='word_1_167' title='bbox 1177 2470 1309 2524; x_wconf 89' lang='lat' dir='ltr'><strong>deos</strong></span> <span class='ocrx_word' id='word_1_168' title='bbox 1347 2483 1525 2533; x_wconf 87' lang='lat' dir='ltr'><strong>veros,</strong></span> <span class='ocrx_word' id='word_1_169' title='bbox 1578 2469 1756 2523; x_wconf 83' lang='lat' dir='ltr'><strong>omni-</strong></span> 
     </span>
    </p>
   </div>
   <div class='ocr_carea' id='block_1_27' title="bbox 166 2561 1759 2632">
    <p class='ocr_par' dir='ltr' id='par_1_27' title="bbox 166 2561 1759 2632">
     <span class='ocr_line' id='line_1_27' title="bbox 166 2561 1759 2632; baseline 0.002 -19"><span class='ocrx_word' id='word_1_170' title='bbox 166 2571 448 2632; x_wconf 76' lang='lat' dir='ltr'><strong>potentes,</strong></span> <span class='ocrx_word' id='word_1_171' title='bbox 480 2561 722 2627; x_wconf 75' lang='lat' dir='ltr'><strong>Martem,</strong></span> <span class='ocrx_word' id='word_1_172' title='bbox 753 2562 1081 2632; x_wconf 86' lang='lat' dir='ltr'><strong>Apollinem,</strong></span> <span class='ocrx_word' id='word_1_173' title='bbox 1102 2568 1158 2617; x_wconf 88' lang='lat' dir='ltr'><strong>et</strong></span> <span class='ocrx_word' id='word_1_174' title='bbox 1180 2561 1510 2629; x_wconf 82' lang='lat' dir='ltr'><strong>Asclepium.</strong></span> <span class='ocrx_word' id='word_1_175' title='bbox 1558 2561 1759 2616; x_wconf 81' lang='lat' dir='ltr'><strong>Beatus</strong></span> 
     </span>
    </p>
   </div>
   <div class='ocr_carea' id='block_1_28' title="bbox 172 2652 1759 2724">
    <p class='ocr_par' dir='ltr' id='par_1_28' title="bbox 172 2652 1759 2724">
     <span class='ocr_line' id='line_1_28' title="bbox 172 2652 1759 2724; baseline 0.001 -18"><span class='ocrx_word' id='word_1_176' title='bbox 172 2652 378 2723; x_wconf 74' lang='lat' dir='ltr'><strong>Euplus</strong></span> <span class='ocrx_word' id='word_1_177' title='bbox 400 2654 668 2724; x_wconf 90' lang='lat' dir='ltr'><strong>respondit</strong></span> <span class='ocrx_word' id='word_1_178' title='bbox 692 2673 704 2707; x_wconf 88' lang='lat'><strong><em>:</em></strong></span> <span class='ocrx_word' id='word_1_179' title='bbox 737 2653 889 2710; x_wconf 82' lang='lat' dir='ltr'><strong>Bene</strong></span> <span class='ocrx_word' id='word_1_180' title='bbox 909 2654 1113 2719; x_wconf 76' lang='lat' dir='ltr'><strong>dixisti,</strong></span> <span class='ocrx_word' id='word_1_181' title='bbox 1140 2652 1464 2718; x_wconf 91' lang='lat' dir='ltr'><strong>Calvisianc,</strong></span> <span class='ocrx_word' id='word_1_182' title='bbox 1489 2662 1547 2708; x_wconf 92' lang='lat' dir='ltr'><strong>ut</strong></span> <span class='ocrx_word' id='word_1_183' title='bbox 1566 2654 1759 2708; x_wconf 85' lang='lat' dir='ltr'><strong>adora-</strong></span> 
     </span>
    </p>
   </div>
   <div class='ocr_carea' id='block_1_29' title="bbox 164 2745 1758 2819">
    <p class='ocr_par' dir='ltr' id='par_1_29' title="bbox 164 2745 1758 2819">
     <span class='ocr_line' id='line_1_29' title="bbox 164 2745 1758 2819; baseline 0 -17"><span class='ocrx_word' id='word_1_184' title='bbox 164 2761 284 2802; x_wconf 79' lang='lat' dir='ltr'><strong>rent</strong></span> <span class='ocrx_word' id='word_1_185' title='bbox 311 2745 624 2802; x_wconf 76' lang='lat' dir='ltr'><strong>Trinitatem</strong></span> <span class='ocrx_word' id='word_1_186' title='bbox 656 2747 1093 2819; x_wconf 82' lang='lat' dir='ltr'><strong>inseparabilem,</strong></span> <span class='ocrx_word' id='word_1_187' title='bbox 1117 2763 1280 2801; x_wconf 88' lang='lat' dir='ltr'><strong>unum</strong></span> <span class='ocrx_word' id='word_1_188' title='bbox 1306 2746 1496 2802; x_wconf 87' lang='lat' dir='ltr'><strong>Deum.</strong></span> <span class='ocrx_word' id='word_1_189' title='bbox 1518 2746 1758 2802; x_wconf 85' lang='lat' dir='ltr'><strong>Audiens</strong></span> 
     </span>
    </p>
   </div>
   <div class='ocr_carea' id='block_1_30' title="bbox 159 2837 1759 2909">
    <p class='ocr_par' dir='ltr' id='par_1_30' title="bbox 159 2837 1759 2909">
     <span class='ocr_line' id='line_1_30' title="bbox 159 2837 1759 2909; baseline -0.002 -15"><span class='ocrx_word' id='word_1_190' title='bbox 159 2837 524 2905; x_wconf 82' lang='lat' dir='ltr'><strong>Calvisiauns,</strong></span> <span class='ocrx_word' id='word_1_191' title='bbox 549 2840 756 2909; x_wconf 77' lang='lat' dir='ltr'><strong>putavit</strong></span> <span class='ocrx_word' id='word_1_192' title='bbox 784 2855 908 2894; x_wconf 91' lang='lat' dir='ltr'><strong>eum</strong></span> <span class='ocrx_word' id='word_1_193' title='bbox 932 2839 999 2893; x_wconf 88' lang='lat' dir='ltr'><strong>de</strong></span> <span class='ocrx_word' id='word_1_194' title='bbox 1030 2840 1133 2892; x_wconf 89' lang='lat' dir='ltr'><strong>diis</strong></span> <span class='ocrx_word' id='word_1_195' title='bbox 1159 2839 1272 2893; x_wconf 91' lang='lat' dir='ltr'><strong>suis</strong></span> <span class='ocrx_word' id='word_1_196' title='bbox 1298 2838 1519 2901; x_wconf 80' lang='lat' dir='ltr'><strong>dixisse,</strong></span> <span class='ocrx_word' id='word_1_197' title='bbox 1544 2848 1598 2891; x_wconf 88' lang='lat' dir='ltr'><strong>et</strong></span> <span class='ocrx_word' id='word_1_198' title='bbox 1626 2853 1759 2907; x_wconf 86' lang='lat' dir='ltr'><strong>gau-</strong></span> 
     </span>
    </p>
   </div>
   <div class='ocr_carea' id='block_1_31' title="bbox 163 2925 1758 2999">
    <p class='ocr_par' dir='ltr' id='par_1_31' title="bbox 163 2925 1758 2999">
     <span class='ocr_line' id='line_1_31' title="bbox 163 2925 1758 2999; baseline -0.001 -17"><span class='ocrx_word' id='word_1_199' title='bbox 163 2927 253 2982; x_wconf 85' lang='lat' dir='ltr'><strong>dio</strong></span> <span class='ocrx_word' id='word_1_200' title='bbox 280 2928 544 2996; x_wconf 89' lang='lat' dir='ltr'><strong>repletus,</strong></span> <span class='ocrx_word' id='word_1_201' title='bbox 574 2929 650 2982; x_wconf 89' lang='lat' dir='ltr'><strong>ait</strong></span> <span class='ocrx_word' id='word_1_202' title='bbox 684 2946 697 2982; x_wconf 91' lang='lat'><strong>:</strong></span> <span class='ocrx_word' id='word_1_203' title='bbox 738 2928 880 2999; x_wconf 84' lang='lat' dir='ltr'><strong>Ergo</strong></span> <span class='ocrx_word' id='word_1_204' title='bbox 909 2928 1178 2983; x_wconf 84' lang='lat' dir='ltr'><strong>sacriﬁca.</strong></span> <span class='ocrx_word' id='word_1_205' title='bbox 1233 2925 1330 2982; x_wconf 91' lang='lat' dir='ltr'><strong>Cui</strong></span> <span class='ocrx_word' id='word_1_206' title='bbox 1373 2927 1563 2982; x_wconf 87' lang='lat' dir='ltr'><strong>beatus</strong></span> <span class='ocrx_word' id='word_1_207' title='bbox 1614 2944 1758 2981; x_wconf 87' lang='lat' dir='ltr'><strong>mar-</strong></span> 
     </span>
    </p>
   </div>
   <div class='ocr_carea' id='block_1_32' title="bbox 160 3019 1759 3091">
    <p class='ocr_par' dir='ltr' id='par_1_32' title="bbox 160 3019 1759 3091">
     <span class='ocr_line' id='line_1_32' title="bbox 160 3019 1759 3091; baseline 0.001 -18"><span class='ocrx_word' id='word_1_208' title='bbox 160 3030 281 3091; x_wconf 86' lang='lat' dir='ltr'><strong>tyr:</strong></span> <span class='ocrx_word' id='word_1_209' title='bbox 317 3019 430 3091; x_wconf 81' lang='lat' dir='ltr'><strong>Ego</strong></span> <span class='ocrx_word' id='word_1_210' title='bbox 465 3021 713 3076; x_wconf 84' lang='lat' dir='ltr'><strong>sacriﬁco</strong></span> <span class='ocrx_word' id='word_1_211' title='bbox 741 3030 796 3075; x_wconf 91' lang='lat' dir='ltr'><strong>et</strong></span> <span class='ocrx_word' id='word_1_212' title='bbox 846 3019 1066 3074; x_wconf 89' lang='lat' dir='ltr'><strong>immolo</strong></span> <span class='ocrx_word' id='word_1_213' title='bbox 1122 3035 1208 3073; x_wconf 85' lang='lat' dir='ltr'><strong>me</strong></span> <span class='ocrx_word' id='word_1_214' title='bbox 1265 3020 1440 3088; x_wconf 89' lang='lat' dir='ltr'><strong>ipsum</strong></span> <span class='ocrx_word' id='word_1_215' title='bbox 1491 3019 1661 3084; x_wconf 84' lang='lat' dir='ltr'><strong>Patri,</strong></span> <span class='ocrx_word' id='word_1_216' title='bbox 1704 3028 1759 3074; x_wconf 89' lang='lat' dir='ltr'><strong>et</strong></span> 
     </span>
    </p>
   </div>
   <div class='ocr_carea' id='block_1_33' title="bbox 160 3111 1752 3183">
    <p class='ocr_par' dir='ltr' id='par_1_33' title="bbox 160 3111 1752 3183">
     <span class='ocr_line' id='line_1_33' title="bbox 160 3111 1752 3183; baseline -0.001 -17"><span class='ocrx_word' id='word_1_217' title='bbox 160 3111 322 3177; x_wconf 77' lang='lat' dir='ltr'><strong>Filio,</strong></span> <span class='ocrx_word' id='word_1_218' title='bbox 348 3122 407 3168; x_wconf 91' lang='lat' dir='ltr'><strong>et</strong></span> <span class='ocrx_word' id='word_1_219' title='bbox 432 3111 657 3183; x_wconf 83' lang='lat' dir='ltr'><strong>Spiritui</strong></span> <span class='ocrx_word' id='word_1_220' title='bbox 688 3121 895 3168; x_wconf 88' lang='lat' dir='ltr'><strong>sancto.</strong></span> <span class='ocrx_word' id='word_1_221' title='bbox 928 3112 1168 3167; x_wconf 88' lang='lat' dir='ltr'><strong>Audiens</strong></span> <span class='ocrx_word' id='word_1_222' title='bbox 1196 3112 1298 3166; x_wconf 90' lang='lat' dir='ltr'><strong>hoc</strong></span> <span class='ocrx_word' id='word_1_223' title='bbox 1332 3111 1528 3181; x_wconf 90' lang='lat' dir='ltr'><strong>impius</strong></span> <span class='ocrx_word' id='word_1_224' title='bbox 1566 3112 1752 3182; x_wconf 85' lang='lat' dir='ltr'><strong>judcx,</strong></span> 
     </span>
    </p>
   </div>
   <div class='ocr_carea' id='block_1_34' title="bbox 1869 538 3450 606">
    <p class='ocr_par' dir='ltr' id='par_1_34' title="bbox 1869 538 3450 606">
     <span class='ocr_line' id='line_1_34' title="bbox 1869 538 3450 606; baseline 0.006 -15"><span class='ocrx_word' id='word_1_225' title='bbox 1869 547 1996 592; x_wconf 84' lang='lat' dir='ltr'><strong>runt</strong></span> <span class='ocrx_word' id='word_1_226' title='bbox 2015 538 2082 592; x_wconf 88' lang='lat' dir='ltr'><strong>ad</strong></span> <span class='ocrx_word' id='word_1_227' title='bbox 2112 538 2352 594; x_wconf 84' lang='lat' dir='ltr'><strong>Decium.</strong></span> <span class='ocrx_word' id='word_1_228' title='bbox 2386 538 2557 606; x_wconf 85' lang='lat' dir='ltr'><strong>Quem</strong></span> <span class='ocrx_word' id='word_1_229' title='bbox 2597 548 2655 592; x_wconf 91' lang='lat' dir='ltr'><strong>ut</strong></span> <span class='ocrx_word' id='word_1_230' title='bbox 2681 540 2834 601; x_wconf 86' lang='lat' dir='ltr'><strong>vidit,</strong></span> <span class='ocrx_word' id='word_1_231' title='bbox 2858 540 3144 598; x_wconf 81' lang='lat' dir='ltr'><strong>subridens</strong></span> <span class='ocrx_word' id='word_1_232' title='bbox 3172 543 3309 597; x_wconf 79' lang='lat' dir='ltr'><strong>dixit</strong></span> <span class='ocrx_word' id='word_1_233' title='bbox 3349 545 3401 600; x_wconf 87' lang='lat' dir='ltr'><strong>ei</strong></span> <span class='ocrx_word' id='word_1_234' title='bbox 3431 558 3450 600; x_wconf 85' lang='lat'><strong>:</strong></span> 
     </span>
    </p>
   </div>
   <div class='ocr_carea' id='block_1_35' title="bbox 1865 628 3453 701">
    <p class='ocr_par' dir='ltr' id='par_1_35' title="bbox 1865 628 3453 701">
     <span class='ocr_line' id='line_1_35' title="bbox 1865 628 3453 701; baseline 0.005 -19"><span class='ocrx_word' id='word_1_235' title='bbox 1865 628 2116 697; x_wconf 78' lang='lat' dir='ltr'><strong>Nunquid</strong></span> <span class='ocrx_word' id='word_1_236' title='bbox 2152 638 2207 683; x_wconf 88' lang='lat' dir='ltr'><strong>et</strong></span> <span class='ocrx_word' id='word_1_237' title='bbox 2230 639 2284 683; x_wconf 88' lang='lat' dir='ltr'><strong>tu</strong></span> <span class='ocrx_word' id='word_1_238' title='bbox 2310 645 2499 701; x_wconf 85' lang='lat' dir='ltr'><strong>magus</strong></span> <span class='ocrx_word' id='word_1_239' title='bbox 2533 628 2758 684; x_wconf 60' lang='lat' dir='ltr'><strong>cile-ctus</strong></span> <span class='ocrx_word' id='word_1_240' title='bbox 2782 646 2862 691; x_wconf 85' lang='lat' dir='ltr'><strong>es.</strong></span> <span class='ocrx_word' id='word_1_241' title='bbox 2896 638 3021 700; x_wconf 82' lang='lat' dir='ltr'><strong>quia</strong></span> <span class='ocrx_word' id='word_1_242' title='bbox 3067 646 3263 700; x_wconf 83' lang='lat' dir='ltr'><strong>corpus</strong></span> <span class='ocrx_word' id='word_1_243' title='bbox 3312 633 3453 689; x_wconf 83' lang='lat' dir='ltr'><strong>Lau-</strong></span> 
     </span>
    </p>
   </div>
   <div class='ocr_carea' id='block_1_36' title="bbox 1866 720 3452 795">
    <p class='ocr_par' dir='ltr' id='par_1_36' title="bbox 1866 720 3452 795">
     <span class='ocr_line' id='line_1_36' title="bbox 1866 720 3452 795; baseline 0.004 -20"><span class='ocrx_word' id='word_1_244' title='bbox 1866 720 2026 775; x_wconf 86' lang='lat' dir='ltr'><strong>rentii</strong></span> <span class='ocrx_word' id='word_1_245' title='bbox 2080 721 2369 777; x_wconf 89' lang='lat' dir='ltr'><strong>abstulisse</strong></span> <span class='ocrx_word' id='word_1_246' title='bbox 2421 721 2664 777; x_wconf 85' lang='lat' dir='ltr'><strong>diceris?</strong></span> <span class='ocrx_word' id='word_1_247' title='bbox 2710 721 2944 777; x_wconf 85' lang='lat' dir='ltr'><strong>Sanctus</strong></span> <span class='ocrx_word' id='word_1_248' title='bbox 2997 723 3309 795; x_wconf 80' lang='lat' dir='ltr'><strong>Hippolytus</strong></span> <span class='ocrx_word' id='word_1_249' title='bbox 3363 745 3452 782; x_wconf 85' lang='lat' dir='ltr'><strong>re-</strong></span> 
     </span>
    </p>
   </div>
   <div class='ocr_carea' id='block_1_37' title="bbox 1863 810 3456 884">
    <p class='ocr_par' dir='ltr' id='par_1_37' title="bbox 1863 810 3456 884">
     <span class='ocr_line' id='line_1_37' title="bbox 1863 810 3456 884; baseline 0.004 -20"><span class='ocrx_word' id='word_1_250' title='bbox 1863 811 2083 880; x_wconf 87' lang='lat' dir='ltr'><strong>spondit</strong></span> <span class='ocrx_word' id='word_1_251' title='bbox 2110 828 2125 865; x_wconf 90' lang='lat'><strong>:</strong></span> <span class='ocrx_word' id='word_1_252' title='bbox 2152 810 2264 867; x_wconf 84' lang='lat' dir='ltr'><strong>Hoc</strong></span> <span class='ocrx_word' id='word_1_253' title='bbox 2293 810 2396 867; x_wconf 82' lang='lat' dir='ltr'><strong>feci</strong></span> <span class='ocrx_word' id='word_1_254' title='bbox 2427 827 2531 867; x_wconf 89' lang='lat' dir='ltr'><strong>non</strong></span> <span class='ocrx_word' id='word_1_255' title='bbox 2556 813 2710 882; x_wconf 86' lang='lat' dir='ltr'><strong>quasi</strong></span> <span class='ocrx_word' id='word_1_256' title='bbox 2735 828 2943 884; x_wconf 81' lang='lat' dir='ltr'><strong>magns.</strong></span> <span class='ocrx_word' id='word_1_257' title='bbox 2976 818 3068 870; x_wconf 78' lang='lat' dir='ltr'><strong>sed</strong></span> <span class='ocrx_word' id='word_1_258' title='bbox 3101 816 3255 884; x_wconf 85' lang='lat' dir='ltr'><strong>quasi</strong></span> <span class='ocrx_word' id='word_1_259' title='bbox 3297 815 3456 873; x_wconf 86' lang='lat' dir='ltr'><strong>Chri-</strong></span> 
     </span>
    </p>
   </div>
   <div class='ocr_carea' id='block_1_38' title="bbox 1863 903 3460 980">
    <p class='ocr_par' dir='ltr' id='par_1_38' title="bbox 1863 903 3460 980">
     <span class='ocr_line' id='line_1_38' title="bbox 1863 903 3460 980; baseline 0.006 -23"><span class='ocrx_word' id='word_1_260' title='bbox 1863 905 2090 959; x_wconf 89' lang='lat' dir='ltr'><strong>stianus.</strong></span> <span class='ocrx_word' id='word_1_261' title='bbox 2122 904 2318 960; x_wconf 86' lang='lat' dir='ltr'><strong>Decius</strong></span> <span class='ocrx_word' id='word_1_262' title='bbox 2340 903 2523 960; x_wconf 84' lang='lat' dir='ltr'><strong>furore</strong></span> <span class='ocrx_word' id='word_1_263' title='bbox 2547 905 2807 976; x_wconf 84' lang='lat' dir='ltr'><strong>repletus,</strong></span> <span class='ocrx_word' id='word_1_264' title='bbox 2847 908 3009 976; x_wconf 88' lang='lat' dir='ltr'><strong>jussit</strong></span> <span class='ocrx_word' id='word_1_265' title='bbox 3040 916 3099 962; x_wconf 83' lang='lat' dir='ltr'><strong>ut</strong></span> <span class='ocrx_word' id='word_1_266' title='bbox 3143 924 3266 962; x_wconf 90' lang='lat' dir='ltr'><strong>eum</strong></span> <span class='ocrx_word' id='word_1_267' title='bbox 3319 908 3460 980; x_wconf 87' lang='lat' dir='ltr'><strong>lapi-</strong></span> 
     </span>
    </p>
   </div>
   <div class='ocr_carea' id='block_1_39' title="bbox 1863 995 3456 1069">
    <p class='ocr_par' dir='ltr' id='par_1_39' title="bbox 1863 995 3456 1069">
     <span class='ocr_line' id='line_1_39' title="bbox 1863 995 3456 1069; baseline 0.006 -20"><span class='ocrx_word' id='word_1_268' title='bbox 1863 995 2023 1051; x_wconf 88' lang='lat' dir='ltr'><strong>dibus</strong></span> <span class='ocrx_word' id='word_1_269' title='bbox 2037 1012 2099 1051; x_wconf 89' lang='lat' dir='ltr'><strong>os</strong></span> <span class='ocrx_word' id='word_1_270' title='bbox 2123 996 2241 1067; x_wconf 89' lang='lat' dir='ltr'><strong>ejus</strong></span> <span class='ocrx_word' id='word_1_271' title='bbox 2263 997 2705 1053; x_wconf 84' lang='lat' dir='ltr'><strong>contunderetur.</strong></span> <span class='ocrx_word' id='word_1_272' title='bbox 2732 998 2799 1053; x_wconf 83' lang='lat' dir='ltr'><strong>Et</strong></span> <span class='ocrx_word' id='word_1_273' title='bbox 2819 1000 3136 1069; x_wconf 79' lang='lat' dir='ltr'><strong>exspoliavit</strong></span> <span class='ocrx_word' id='word_1_274' title='bbox 3151 1017 3274 1056; x_wconf 83' lang='lat' dir='ltr'><strong>eum</strong></span> <span class='ocrx_word' id='word_1_275' title='bbox 3302 1015 3456 1058; x_wconf 80' lang='lat' dir='ltr'><strong>veste</strong></span> 
     </span>
    </p>
   </div>
   <div class='ocr_carea' id='block_1_40' title="bbox 1862 1086 3456 1156">
    <p class='ocr_par' dir='ltr' id='par_1_40' title="bbox 1862 1086 3456 1156">
     <span class='ocr_line' id='line_1_40' title="bbox 1862 1086 3456 1156; baseline 0.005 -17"><span class='ocrx_word' id='word_1_276' title='bbox 1862 1101 1967 1155; x_wconf 88' lang='lat' dir='ltr'><strong>qua</strong></span> <span class='ocrx_word' id='word_1_277' title='bbox 1996 1086 2325 1143; x_wconf 88' lang='lat' dir='ltr'><strong>induebatur</strong></span> <span class='ocrx_word' id='word_1_278' title='bbox 2355 1088 2543 1143; x_wconf 88' lang='lat' dir='ltr'><strong>habitu</strong></span> <span class='ocrx_word' id='word_1_279' title='bbox 2582 1088 2915 1156; x_wconf 82' lang='lat' dir='ltr'><strong>Christiano,</strong></span> <span class='ocrx_word' id='word_1_280' title='bbox 2978 1104 3031 1146; x_wconf 88' lang='lat' dir='ltr'><strong>et</strong></span> <span class='ocrx_word' id='word_1_281' title='bbox 3081 1091 3285 1147; x_wconf 83' lang='lat' dir='ltr'><strong>dixitei</strong></span> <span class='ocrx_word' id='word_1_282' title='bbox 3317 1112 3329 1146; x_wconf 88' lang='lat'><strong>:</strong></span> <span class='ocrx_word' id='word_1_283' title='bbox 3356 1092 3456 1148; x_wconf 48' lang='lat' dir='ltr'><strong>Sa-</strong></span> 
     </span>
    </p>
   </div>
   <div class='ocr_carea' id='block_1_41' title="bbox 1862 1176 3457 1251">
    <p class='ocr_par' dir='ltr' id='par_1_41' title="bbox 1862 1176 3457 1251">
     <span class='ocr_line' id='line_1_41' title="bbox 1862 1176 3457 1251; baseline 0.003 -20"><span class='ocrx_word' id='word_1_284' title='bbox 1862 1176 2068 1242; x_wconf 85' lang='lat' dir='ltr'><strong>critica,</strong></span> <span class='ocrx_word' id='word_1_285' title='bbox 2091 1186 2142 1231; x_wconf 93' lang='lat' dir='ltr'><strong>ct</strong></span> <span class='ocrx_word' id='word_1_286' title='bbox 2167 1177 2351 1243; x_wconf 87' lang='lat' dir='ltr'><strong>vives;</strong></span> <span class='ocrx_word' id='word_1_287' title='bbox 2382 1178 2465 1232; x_wconf 84' lang='lat' dir='ltr'><strong>sin</strong></span> <span class='ocrx_word' id='word_1_288' title='bbox 2496 1178 2658 1234; x_wconf 89' lang='lat' dir='ltr'><strong>aliter</strong></span> <span class='ocrx_word' id='word_1_289' title='bbox 2682 1183 2861 1249; x_wconf 88' lang='lat' dir='ltr'><strong>peries</strong></span> <span class='ocrx_word' id='word_1_290' title='bbox 2898 1196 2993 1251; x_wconf 89' lang='lat' dir='ltr'><strong>per</strong></span> <span class='ocrx_word' id='word_1_291' title='bbox 3021 1190 3287 1237; x_wconf 87' lang='lat' dir='ltr'><strong>tormenta</strong></span> <span class='ocrx_word' id='word_1_292' title='bbox 3311 1183 3457 1237; x_wconf 87' lang='lat' dir='ltr'><strong>sicut</strong></span> 
     </span>
    </p>
   </div>
   <div class='ocr_carea' id='block_1_42' title="bbox 1862 1270 3546 1345">
    <p class='ocr_par' dir='ltr' id='par_1_42' title="bbox 1862 1270 3546 1345">
     <span class='ocr_line' id='line_1_42' title="bbox 1862 1270 3546 1345; baseline 0.004 -21"><span class='ocrx_word' id='word_1_293' title='bbox 1862 1270 2207 1326; x_wconf 88' lang='lat' dir='ltr'><strong>Laurentius.</strong></span> <span class='ocrx_word' id='word_1_294' title='bbox 2264 1270 2498 1327; x_wconf 88' lang='lat' dir='ltr'><strong>Sanctus</strong></span> <span class='ocrx_word' id='word_1_295' title='bbox 2554 1271 2876 1345; x_wconf 84' lang='lat' dir='ltr'><strong>Hippolytus</strong></span> <span class='ocrx_word' id='word_1_296' title='bbox 2929 1274 3453 1345; x_wconf 69' lang='lat' dir='ltr'><strong>dixittlclxcmphnn</strong></span> <span class='ocrx_word' id='word_1_297' title='bbox 3534 1327 3546 1339; x_wconf 80' lang='grc'><em>,</em></span> 
     </span>
    </p>
   </div>
   <div class='ocr_carea' id='block_1_43' title="bbox 1863 1360 3453 1435">
    <p class='ocr_par' dir='ltr' id='par_1_43' title="bbox 1863 1360 3453 1435">
     <span class='ocr_line' id='line_1_43' title="bbox 1863 1360 3453 1435; baseline 0.004 -21"><span class='ocrx_word' id='word_1_298' title='bbox 1863 1376 2074 1416; x_wconf 88' lang='lat' dir='ltr'><strong>merear</strong></span> <span class='ocrx_word' id='word_1_299' title='bbox 2096 1361 2239 1415; x_wconf 80' lang='lat' dir='ltr'><strong>beati</strong></span> <span class='ocrx_word' id='word_1_300' title='bbox 2267 1360 2547 1418; x_wconf 87' lang='lat' dir='ltr'><strong>Laurentii</strong></span> <span class='ocrx_word' id='word_1_301' title='bbox 2574 1366 2832 1435; x_wconf 79' lang='lat' dir='ltr'><strong>martyris</strong></span> <span class='ocrx_word' id='word_1_302' title='bbox 2860 1365 2999 1424; x_wconf 77' lang='lat' dir='ltr'><strong>ﬁeri.</strong></span> <span class='ocrx_word' id='word_1_303' title='bbox 3037 1381 3199 1433; x_wconf 91' lang='lat' dir='ltr'><strong>quem</strong></span> <span class='ocrx_word' id='word_1_304' title='bbox 3230 1378 3307 1433; x_wconf 86' lang='lat' dir='ltr'><strong>tu,</strong></span> <span class='ocrx_word' id='word_1_305' title='bbox 3354 1370 3453 1433; x_wconf 79' lang='lat' dir='ltr'><strong>mi-</strong></span> 
     </span>
    </p>
   </div>
   <div class='ocr_carea' id='block_1_44' title="bbox 1861 1455 3450 1531">
    <p class='ocr_par' dir='ltr' id='par_1_44' title="bbox 1861 1455 3450 1531">
     <span class='ocr_line' id='line_1_44' title="bbox 1861 1455 3450 1531; baseline 0.004 -23"><span class='ocrx_word' id='word_1_306' title='bbox 1861 1470 1973 1520; x_wconf 88' lang='lat' dir='ltr'><strong>ser,</strong></span> <span class='ocrx_word' id='word_1_307' title='bbox 2001 1470 2166 1511; x_wconf 89' lang='lat' dir='ltr'><strong>ausus</strong></span> <span class='ocrx_word' id='word_1_308' title='bbox 2191 1455 2339 1510; x_wconf 79' lang='lat' dir='ltr'><strong>fuisti</strong></span> <span class='ocrx_word' id='word_1_309' title='bbox 2363 1471 2458 1511; x_wconf 90' lang='lat' dir='ltr'><strong>ore</strong></span> <span class='ocrx_word' id='word_1_310' title='bbox 2482 1457 2687 1527; x_wconf 87' lang='lat' dir='ltr'><strong>polluto</strong></span> <span class='ocrx_word' id='word_1_311' title='bbox 2718 1459 3019 1512; x_wconf 85' lang='lat' dir='ltr'><strong>nominare.</strong></span> <span class='ocrx_word' id='word_1_312' title='bbox 3049 1457 3318 1514; x_wconf 83' lang='lat' dir='ltr'><strong>Extensns</strong></span> <span class='ocrx_word' id='word_1_313' title='bbox 3348 1460 3450 1531; x_wconf 89' lang='lat' dir='ltr'><strong>igi-</strong></span> 
     </span>
    </p>
   </div>
   <div class='ocr_carea' id='block_1_45' title="bbox 1861 1546 3454 1612">
    <p class='ocr_par' dir='ltr' id='par_1_45' title="bbox 1861 1546 3454 1612">
     <span class='ocr_line' id='line_1_45' title="bbox 1861 1546 3454 1612; baseline 0.005 -13"><span class='ocrx_word' id='word_1_314' title='bbox 1861 1555 1970 1612; x_wconf 90' lang='lat' dir='ltr'><strong>tur,</strong></span> <span class='ocrx_word' id='word_1_315' title='bbox 1999 1546 2229 1602; x_wconf 86' lang='lat' dir='ltr'><strong>t&#39;ustibus</strong></span> <span class='ocrx_word' id='word_1_316' title='bbox 2247 1556 2303 1603; x_wconf 90' lang='lat' dir='ltr'><strong>et</strong></span> <span class='ocrx_word' id='word_1_317' title='bbox 2337 1550 2518 1604; x_wconf 90' lang='lat' dir='ltr'><strong>cardis</strong></span> <span class='ocrx_word' id='word_1_318' title='bbox 2541 1550 2633 1604; x_wconf 91' lang='lat' dir='ltr'><strong>diu</strong></span> <span class='ocrx_word' id='word_1_319' title='bbox 2678 1566 2851 1606; x_wconf 66' lang='lat' dir='ltr'><strong>cmsus</strong></span> <span class='ocrx_word' id='word_1_320' title='bbox 2878 1560 2980 1611; x_wconf 90' lang='lat' dir='ltr'><strong>est.</strong></span> <span class='ocrx_word' id='word_1_321' title='bbox 3032 1552 3207 1607; x_wconf 86' lang='lat' dir='ltr'><strong>donec</strong></span> <span class='ocrx_word' id='word_1_322' title='bbox 3247 1556 3454 1608; x_wconf 70' lang='lat' dir='ltr'><strong>caeden-</strong></span> 
     </span>
    </p>
   </div>
   <div class='ocr_carea' id='block_1_46' title="bbox 1862 1640 3454 1716">
    <p class='ocr_par' dir='ltr' id='par_1_46' title="bbox 1862 1640 3454 1716">
     <span class='ocr_line' id='line_1_46' title="bbox 1862 1640 3454 1716; baseline 0.004 -22"><span class='ocrx_word' id='word_1_323' title='bbox 1862 1649 1943 1695; x_wconf 88' lang='lat' dir='ltr'><strong>tes</strong></span> <span class='ocrx_word' id='word_1_324' title='bbox 1997 1642 2310 1697; x_wconf 89' lang='lat' dir='ltr'><strong>delicerent.</strong></span> <span class='ocrx_word' id='word_1_325' title='bbox 2359 1640 2487 1697; x_wconf 84' lang='lat' dir='ltr'><strong>inde</strong></span> <span class='ocrx_word' id='word_1_326' title='bbox 2529 1642 2736 1698; x_wconf 87' lang='lat' dir='ltr'><strong>levatus</strong></span> <span class='ocrx_word' id='word_1_327' title='bbox 2787 1655 2922 1699; x_wconf 89' lang='lat' dir='ltr'><strong>esta</strong></span> <span class='ocrx_word' id='word_1_328' title='bbox 2971 1654 3163 1709; x_wconf 73' lang='lat' dir='ltr'><strong>terra,</strong></span> <span class='ocrx_word' id='word_1_329' title='bbox 3193 1654 3250 1702; x_wconf 85' lang='lat' dir='ltr'><strong>et</strong></span> <span class='ocrx_word' id='word_1_330' title='bbox 3288 1644 3454 1716; x_wconf 89' lang='lat' dir='ltr'><strong>jussit</strong></span> 
     </span>
    </p>
   </div>
   <div class='ocr_carea' id='block_1_47' title="bbox 1859 1733 3453 1809">
    <p class='ocr_par' dir='ltr' id='par_1_47' title="bbox 1859 1733 3453 1809">
     <span class='ocr_line' id='line_1_47' title="bbox 1859 1733 3453 1809; baseline 0.006 -22"><span class='ocrx_word' id='word_1_331' title='bbox 1859 1749 1985 1788; x_wconf 86' lang='lat' dir='ltr'><strong>eum</strong></span> <span class='ocrx_word' id='word_1_332' title='bbox 2011 1733 2209 1789; x_wconf 82' lang='lat' dir='ltr'><strong>Decius</strong></span> <span class='ocrx_word' id='word_1_333' title='bbox 2229 1736 2417 1791; x_wconf 82' lang='lat' dir='ltr'><strong>vestiri</strong></span> <span class='ocrx_word' id='word_1_334' title='bbox 2441 1737 2662 1792; x_wconf 86' lang='lat' dir='ltr'><strong>militari</strong></span> <span class='ocrx_word' id='word_1_335' title='bbox 2694 1747 2862 1803; x_wconf 81' lang='lat' dir='ltr'><strong>veste,</strong></span> <span class='ocrx_word' id='word_1_336' title='bbox 2909 1754 3015 1809; x_wconf 88' lang='lat' dir='ltr'><strong>qua</strong></span> <span class='ocrx_word' id='word_1_337' title='bbox 3066 1740 3281 1809; x_wconf 73' lang='lat' dir='ltr'><strong>gentilis</strong></span> <span class='ocrx_word' id='word_1_338' title='bbox 3335 1751 3453 1797; x_wconf 75' lang='lat' dir='ltr'><strong>etc—</strong></span> 
     </span>
    </p>
   </div>
   <div class='ocr_carea' id='block_1_48' title="bbox 1788 1818 3453 1895">
    <p class='ocr_par' dir='ltr' id='par_1_48' title="bbox 1788 1818 3453 1895">
     <span class='ocr_line' id='line_1_48' title="bbox 1788 1818 3453 1895; baseline 0.005 -17"><span class='ocrx_word' id='word_1_339' title='bbox 1788 1818 1835 1878; x_wconf 86' lang='lat' dir='ltr'><strong>B</strong></span> <span class='ocrx_word' id='word_1_340' title='bbox 1864 1823 2045 1887; x_wconf 84' lang='lat' dir='ltr'><strong>batur,</strong></span> <span class='ocrx_word' id='word_1_341' title='bbox 2073 1834 2129 1878; x_wconf 89' lang='lat' dir='ltr'><strong>et</strong></span> <span class='ocrx_word' id='word_1_342' title='bbox 2149 1825 2288 1880; x_wconf 83' lang='lat' dir='ltr'><strong>dixit</strong></span> <span class='ocrx_word' id='word_1_343' title='bbox 2322 1828 2404 1882; x_wconf 87' lang='lat' dir='ltr'><strong>ei:</strong></span> <span class='ocrx_word' id='word_1_344' title='bbox 2430 1827 2628 1883; x_wconf 82' lang='lat' dir='ltr'><strong>Recole</strong></span> <span class='ocrx_word' id='word_1_345' title='bbox 2683 1829 2952 1895; x_wconf 89' lang='lat' dir='ltr'><strong>militiam,</strong></span> <span class='ocrx_word' id='word_1_346' title='bbox 3002 1839 3058 1885; x_wconf 85' lang='lat' dir='ltr'><strong>et</strong></span> <span class='ocrx_word' id='word_1_347' title='bbox 3101 1841 3219 1887; x_wconf 90' lang='lat' dir='ltr'><strong>esto</strong></span> <span class='ocrx_word' id='word_1_348' title='bbox 3265 1841 3453 1888; x_wconf 81' lang='lat' dir='ltr'><strong>noster</strong></span> 
     </span>
    </p>
   </div>
   <div class='ocr_carea' id='block_1_49' title="bbox 1861 1918 3450 1995">
    <p class='ocr_par' dir='ltr' id='par_1_49' title="bbox 1861 1918 3450 1995">
     <span class='ocr_line' id='line_1_49' title="bbox 1861 1918 3450 1995; baseline 0.007 -27"><span class='ocrx_word' id='word_1_349' title='bbox 1861 1930 2094 1977; x_wconf 85' lang='lat' dir='ltr'><strong>amicus.</strong></span> <span class='ocrx_word' id='word_1_350' title='bbox 2127 1928 2181 1971; x_wconf 90' lang='lat' dir='ltr'><strong>et</strong></span> <span class='ocrx_word' id='word_1_351' title='bbox 2219 1918 2270 1972; x_wconf 91' lang='lat' dir='ltr'><strong>in</strong></span> <span class='ocrx_word' id='word_1_352' title='bbox 2295 1931 2588 1990; x_wconf 89' lang='lat' dir='ltr'><strong>conspectu</strong></span> <span class='ocrx_word' id='word_1_353' title='bbox 2618 1931 2807 1976; x_wconf 79' lang='lat' dir='ltr'><strong>nostro</strong></span> <span class='ocrx_word' id='word_1_354' title='bbox 2829 1931 2981 1976; x_wconf 88' lang='lat' dir='ltr'><strong>utere</strong></span> <span class='ocrx_word' id='word_1_355' title='bbox 3013 1923 3202 1978; x_wconf 90' lang='lat' dir='ltr'><strong>militia</strong></span> <span class='ocrx_word' id='word_1_356' title='bbox 3223 1924 3450 1995; x_wconf 72' lang='lat' dir='ltr'><strong>pristina</strong></span> 
     </span>
    </p>
   </div>
   <div class='ocr_carea' id='block_1_50' title="bbox 1859 2009 3454 2083">
    <p class='ocr_par' dir='ltr' id='par_1_50' title="bbox 1859 2009 3454 2083">
     <span class='ocr_line' id='line_1_50' title="bbox 1859 2009 3454 2083; baseline 0.005 -25"><span class='ocrx_word' id='word_1_357' title='bbox 1859 2022 2022 2076; x_wconf 88' lang='lat' dir='ltr'><strong>quam</strong></span> <span class='ocrx_word' id='word_1_358' title='bbox 2078 2023 2292 2077; x_wconf 84' lang='lat' dir='ltr'><strong>semper</strong></span> <span class='ocrx_word' id='word_1_359' title='bbox 2351 2010 2605 2064; x_wconf 90' lang='lat' dir='ltr'><strong>habuisti.</strong></span> <span class='ocrx_word' id='word_1_360' title='bbox 2679 2009 2922 2079; x_wconf 89' lang='lat' dir='ltr'><strong>Cumque</strong></span> <span class='ocrx_word' id='word_1_361' title='bbox 2985 2012 3177 2067; x_wconf 88' lang='lat' dir='ltr'><strong>beatus</strong></span> <span class='ocrx_word' id='word_1_362' title='bbox 3246 2023 3454 2083; x_wconf 80' lang='lat' dir='ltr'><strong>martyr</strong></span> 
     </span>
    </p>
   </div>
   <div class='ocr_carea' id='block_1_51' title="bbox 1859 2098 3451 2165">
    <p class='ocr_par' dir='ltr' id='par_1_51' title="bbox 1859 2098 3451 2165">
     <span class='ocr_line' id='line_1_51' title="bbox 1859 2098 3451 2165; baseline 0.004 -14"><span class='ocrx_word' id='word_1_363' title='bbox 1859 2098 2124 2153; x_wconf 75' lang='lat' dir='ltr'><strong>dixisset:</strong></span> <span class='ocrx_word' id='word_1_364' title='bbox 2156 2098 2346 2152; x_wconf 76' lang='lat' dir='ltr'><strong>Militia</strong></span> <span class='ocrx_word' id='word_1_365' title='bbox 2378 2114 2497 2153; x_wconf 83' lang='lat' dir='ltr'><strong>mea</strong></span> <span class='ocrx_word' id='word_1_366' title='bbox 2522 2101 2638 2154; x_wconf 69' lang='lat' dir='ltr'><strong>haec</strong></span> <span class='ocrx_word' id='word_1_367' title='bbox 2672 2109 2777 2165; x_wconf 91' lang='lat' dir='ltr'><strong>est,</strong></span> <span class='ocrx_word' id='word_1_368' title='bbox 2817 2100 3189 2156; x_wconf 90' lang='lat' dir='ltr'><strong>Christianum</strong></span> <span class='ocrx_word' id='word_1_369' title='bbox 3231 2102 3451 2158; x_wconf 89' lang='lat' dir='ltr'><strong>ﬁrmum</strong></span> 
     </span>
    </p>
   </div>
   <div class='ocr_carea' id='block_1_52' title="bbox 1861 2190 3453 2264">
    <p class='ocr_par' dir='ltr' id='par_1_52' title="bbox 1861 2190 3453 2264">
     <span class='ocr_line' id='line_1_52' title="bbox 1861 2190 3453 2264; baseline 0.003 -18"><span class='ocrx_word' id='word_1_370' title='bbox 1861 2190 2120 2255; x_wconf 85' lang='lat' dir='ltr'><strong>militare,</strong></span> <span class='ocrx_word' id='word_1_371' title='bbox 2165 2192 2309 2247; x_wconf 87' lang='lat' dir='ltr'><strong>unde</strong></span> <span class='ocrx_word' id='word_1_372' title='bbox 2332 2192 2490 2262; x_wconf 88' lang='lat' dir='ltr'><strong>cupio</strong></span> <span class='ocrx_word' id='word_1_373' title='bbox 2516 2194 2583 2248; x_wconf 89' lang='lat' dir='ltr'><strong>ad</strong></span> <span class='ocrx_word' id='word_1_374' title='bbox 2606 2193 2840 2248; x_wconf 86' lang='lat' dir='ltr'><strong>celerem</strong></span> <span class='ocrx_word' id='word_1_375' title='bbox 2886 2194 3119 2264; x_wconf 88' lang='lat' dir='ltr'><strong>palmam</strong></span> <span class='ocrx_word' id='word_1_376' title='bbox 3169 2212 3292 2251; x_wconf 86' lang='lat' dir='ltr'><strong>cum</strong></span> <span class='ocrx_word' id='word_1_377' title='bbox 3322 2198 3453 2251; x_wconf 81' lang='lat' dir='ltr'><strong>fru-</strong></span> 
     </span>
    </p>
   </div>
   <div class='ocr_carea' id='block_1_53' title="bbox 1859 2282 3447 2353">
    <p class='ocr_par' dir='ltr' id='par_1_53' title="bbox 1859 2282 3447 2353">
     <span class='ocr_line' id='line_1_53' title="bbox 1859 2282 3447 2353; baseline 0.003 -16"><span class='ocrx_word' id='word_1_378' title='bbox 1859 2291 1948 2337; x_wconf 92' lang='lat' dir='ltr'><strong>ctu</strong></span> <span class='ocrx_word' id='word_1_379' title='bbox 1973 2282 2162 2338; x_wconf 87' lang='lat' dir='ltr'><strong>venire</strong></span> <span class='ocrx_word' id='word_1_380' title='bbox 2185 2300 2201 2348; x_wconf 89' lang='lat'><strong>;</strong></span> <span class='ocrx_word' id='word_1_381' title='bbox 2232 2282 2510 2337; x_wconf 88' lang='lat' dir='ltr'><strong>iracundia</strong></span> <span class='ocrx_word' id='word_1_382' title='bbox 2536 2283 2726 2353; x_wconf 90' lang='lat' dir='ltr'><strong>plenus</strong></span> <span class='ocrx_word' id='word_1_383' title='bbox 2750 2284 2944 2339; x_wconf 78' lang='lat' dir='ltr'><strong>Decius</strong></span> <span class='ocrx_word' id='word_1_384' title='bbox 2964 2285 3102 2340; x_wconf 88' lang='lat' dir='ltr'><strong>dixit</strong></span> <span class='ocrx_word' id='word_1_385' title='bbox 3124 2286 3447 2342; x_wconf 81' lang='lat' dir='ltr'><strong>Valeriano:</strong></span> 
     </span>
    </p>
   </div>
   <div class='ocr_carea' id='block_1_54' title="bbox 1858 2374 3446 2447">
    <p class='ocr_par' dir='ltr' id='par_1_54' title="bbox 1858 2374 3446 2447">
     <span class='ocr_line' id='line_1_54' title="bbox 1858 2374 3446 2447; baseline 0.003 -17"><span class='ocrx_word' id='word_1_386' title='bbox 1858 2376 2059 2447; x_wconf 80' lang='lat' dir='ltr'><strong>Accipe</strong></span> <span class='ocrx_word' id='word_1_387' title='bbox 2081 2391 2273 2431; x_wconf 90' lang='lat' dir='ltr'><strong>omnes</strong></span> <span class='ocrx_word' id='word_1_388' title='bbox 2300 2374 2585 2431; x_wconf 89' lang='lat' dir='ltr'><strong>facultates</strong></span> <span class='ocrx_word' id='word_1_389' title='bbox 2610 2377 2748 2447; x_wconf 87' lang='lat' dir='ltr'><strong>ejus,</strong></span> <span class='ocrx_word' id='word_1_390' title='bbox 2774 2388 2830 2432; x_wconf 88' lang='lat' dir='ltr'><strong>et</strong></span> <span class='ocrx_word' id='word_1_391' title='bbox 2858 2378 3103 2434; x_wconf 88' lang='lat' dir='ltr'><strong>interﬁce</strong></span> <span class='ocrx_word' id='word_1_392' title='bbox 3151 2396 3275 2434; x_wconf 88' lang='lat' dir='ltr'><strong>eum</strong></span> <span class='ocrx_word' id='word_1_393' title='bbox 3320 2397 3446 2435; x_wconf 91' lang='lat' dir='ltr'><strong>cru-</strong></span> 
     </span>
    </p>
   </div>
   <div class='ocr_carea' id='block_1_55' title="bbox 1858 2466 3448 2540">
    <p class='ocr_par' dir='ltr' id='par_1_55' title="bbox 1858 2466 3448 2540">
     <span class='ocr_line' id='line_1_55' title="bbox 1858 2466 3448 2540; baseline 0.004 -19"><span class='ocrx_word' id='word_1_394' title='bbox 1858 2467 1963 2523; x_wconf 88' lang='lat' dir='ltr'><strong>deli</strong></span> <span class='ocrx_word' id='word_1_395' title='bbox 1989 2468 2411 2523; x_wconf 86' lang='lat' dir='ltr'><strong>cxanimatione.</strong></span> <span class='ocrx_word' id='word_1_396' title='bbox 2442 2466 2979 2538; x_wconf 79' lang='lat' dir='ltr'><strong>Valerianusitaque.</strong></span> <span class='ocrx_word' id='word_1_397' title='bbox 3011 2471 3278 2540; x_wconf 83' lang='lat' dir='ltr'><strong>exquisita</strong></span> <span class='ocrx_word' id='word_1_398' title='bbox 3299 2474 3448 2539; x_wconf 82' lang='lat' dir='ltr'><strong>omni</strong></span> 
     </span>
    </p>
   </div>
   <div class='ocr_carea' id='block_1_56' title="bbox 1860 2559 3447 2635">
    <p class='ocr_par' dir='ltr' id='par_1_56' title="bbox 1860 2559 3447 2635">
     <span class='ocr_line' id='line_1_56' title="bbox 1860 2559 3447 2635; baseline 0.004 -21"><span class='ocrx_word' id='word_1_399' title='bbox 1860 2559 2118 2615; x_wconf 87' lang='lat' dir='ltr'><strong>facultate</strong></span> <span class='ocrx_word' id='word_1_400' title='bbox 2145 2560 2285 2629; x_wconf 83' lang='lat' dir='ltr'><strong>ejus,</strong></span> <span class='ocrx_word' id='word_1_401' title='bbox 2336 2560 2542 2615; x_wconf 85' lang='lat' dir='ltr'><strong>invenit</strong></span> <span class='ocrx_word' id='word_1_402' title='bbox 2590 2561 2644 2615; x_wconf 80' lang='lat' dir='ltr'><strong>in</strong></span> <span class='ocrx_word' id='word_1_403' title='bbox 2700 2561 2862 2616; x_wconf 85' lang='lat' dir='ltr'><strong>domo</strong></span> <span class='ocrx_word' id='word_1_404' title='bbox 2915 2562 3181 2635; x_wconf 75' lang='lat' dir='ltr'><strong>Hippolyti</strong></span> <span class='ocrx_word' id='word_1_405' title='bbox 3230 2580 3447 2620; x_wconf 82' lang='lat' dir='ltr'><strong>omnem</strong></span> 
     </span>
    </p>
   </div>
   <div class='ocr_carea' id='block_1_57' title="bbox 1859 2650 3449 2727">
    <p class='ocr_par' dir='ltr' id='par_1_57' title="bbox 1859 2650 3449 2727">
     <span class='ocr_line' id='line_1_57' title="bbox 1859 2650 3449 2727; baseline 0.004 -22"><span class='ocrx_word' id='word_1_406' title='bbox 1859 2650 2120 2706; x_wconf 86' lang='lat' dir='ltr'><strong>familiam</strong></span> <span class='ocrx_word' id='word_1_407' title='bbox 2158 2650 2521 2706; x_wconf 82' lang='lat' dir='ltr'><strong>Christianam</strong></span> <span class='ocrx_word' id='word_1_408' title='bbox 2548 2692 2564 2717; x_wconf 92' lang='lat'><strong>,</strong></span> <span class='ocrx_word' id='word_1_409' title='bbox 2614 2668 2777 2723; x_wconf 89' lang='lat' dir='ltr'><strong>quam</strong></span> <span class='ocrx_word' id='word_1_410' title='bbox 2834 2657 3145 2724; x_wconf 89' lang='lat' dir='ltr'><strong>conspectui</strong></span> <span class='ocrx_word' id='word_1_411' title='bbox 3178 2671 3276 2711; x_wconf 91' lang='lat' dir='ltr'><strong>suo</strong></span> <span class='ocrx_word' id='word_1_412' title='bbox 3310 2672 3449 2727; x_wconf 73' lang='lat' dir='ltr'><strong>prte—</strong></span> 
     </span>
    </p>
   </div>
   <div class='ocr_carea' id='block_1_58' title="bbox 1860 2741 3449 2817">
    <p class='ocr_par' dir='ltr' id='par_1_58' title="bbox 1860 2741 3449 2817">
     <span class='ocr_line' id='line_1_58' title="bbox 1860 2741 3449 2817; baseline 0.003 -19"><span class='ocrx_word' id='word_1_413' title='bbox 1860 2741 2242 2798; x_wconf 85' lang='lat' dir='ltr'><strong>sentarifecit.</strong></span> <span class='ocrx_word' id='word_1_414' title='bbox 2293 2743 2359 2797; x_wconf 69' lang='lat' dir='ltr'><strong>lit</strong></span> <span class='ocrx_word' id='word_1_415' title='bbox 2400 2742 2565 2813; x_wconf 89' lang='lat' dir='ltr'><strong>jussit</strong></span> <span class='ocrx_word' id='word_1_416' title='bbox 2621 2744 2839 2798; x_wconf 90' lang='lat' dir='ltr'><strong>beatum</strong></span> <span class='ocrx_word' id='word_1_417' title='bbox 2903 2744 3243 2817; x_wconf 87' lang='lat' dir='ltr'><strong>Hippolytum</strong></span> <span class='ocrx_word' id='word_1_418' title='bbox 3298 2747 3449 2803; x_wconf 81' lang='lat' dir='ltr'><strong>foras</strong></span> 
     </span>
    </p>
   </div>
   <div class='ocr_carea' id='block_1_59' title="bbox 1860 2830 3449 2906">
    <p class='ocr_par' dir='ltr' id='par_1_59' title="bbox 1860 2830 3449 2906">
     <span class='ocr_line' id='line_1_59' title="bbox 1860 2830 3449 2906; baseline 0.003 -15"><span class='ocrx_word' id='word_1_419' title='bbox 1860 2852 2046 2891; x_wconf 90' lang='lat' dir='ltr'><strong>muros</strong></span> <span class='ocrx_word' id='word_1_420' title='bbox 2073 2830 2240 2906; x_wconf 74' lang='lat' dir='ltr'><strong>porta:</strong></span> <span class='ocrx_word' id='word_1_421' title='bbox 2263 2835 2560 2891; x_wconf 77' lang='lat' dir='ltr'><strong>Tiburtina:</strong></span> <span class='ocrx_word' id='word_1_422' title='bbox 2587 2851 2710 2891; x_wconf 89' lang='lat' dir='ltr'><strong>cum</strong></span> <span class='ocrx_word' id='word_1_423' title='bbox 2733 2836 2935 2892; x_wconf 87' lang='lat' dir='ltr'><strong>familia</strong></span> <span class='ocrx_word' id='word_1_424' title='bbox 2976 2853 3074 2893; x_wconf 86' lang='lat' dir='ltr'><strong>sua</strong></span> <span class='ocrx_word' id='word_1_425' title='bbox 3114 2840 3255 2894; x_wconf 89' lang='lat' dir='ltr'><strong>duci.</strong></span> <span class='ocrx_word' id='word_1_426' title='bbox 3312 2838 3449 2896; x_wconf 83' lang='lat' dir='ltr'><strong>Bea-</strong></span> 
     </span>
    </p>
   </div>
   <div class='ocr_carea' id='block_1_60' title="bbox 1863 2925 3442 2997">
    <p class='ocr_par' dir='ltr' id='par_1_60' title="bbox 1863 2925 3442 2997">
     <span class='ocr_line' id='line_1_60' title="bbox 1863 2925 3442 2997; baseline 0.004 -18"><span class='ocrx_word' id='word_1_427' title='bbox 1863 2935 1947 2980; x_wconf 91' lang='lat' dir='ltr'><strong>tus</strong></span> <span class='ocrx_word' id='word_1_428' title='bbox 1994 2942 2126 2980; x_wconf 90' lang='lat' dir='ltr'><strong>vero</strong></span> <span class='ocrx_word' id='word_1_429' title='bbox 2173 2925 2492 2997; x_wconf 86' lang='lat' dir='ltr'><strong>Hippolytus</strong></span> <span class='ocrx_word' id='word_1_430' title='bbox 2543 2926 2885 2982; x_wconf 89' lang='lat' dir='ltr'><strong>confortabat</strong></span> <span class='ocrx_word' id='word_1_431' title='bbox 2934 2944 3162 2995; x_wconf 89' lang='lat' dir='ltr'><strong>omnes,</strong></span> <span class='ocrx_word' id='word_1_432' title='bbox 3215 2930 3402 2986; x_wconf 88' lang='lat' dir='ltr'><strong>dicens</strong></span> <span class='ocrx_word' id='word_1_433' title='bbox 3430 2974 3442 2986; x_wconf 93' lang='lat'><strong>.</strong></span> 
     </span>
    </p>
   </div>
   <div class='ocr_carea' id='block_1_61' title="bbox 1861 3014 3446 3090">
    <p class='ocr_par' dir='ltr' id='par_1_61' title="bbox 1861 3014 3446 3090">
     <span class='ocr_line' id='line_1_61' title="bbox 1861 3014 3446 3090; baseline 0.004 -20"><span class='ocrx_word' id='word_1_434' title='bbox 1861 3014 2103 3082; x_wconf 86' lang='lat' dir='ltr'><strong>Fratres,</strong></span> <span class='ocrx_word' id='word_1_435' title='bbox 2138 3015 2302 3071; x_wconf 89' lang='lat' dir='ltr'><strong>nolite</strong></span> <span class='ocrx_word' id='word_1_436' title='bbox 2326 3026 2587 3084; x_wconf 81' lang='lat' dir='ltr'><strong>metuere,</strong></span> <span class='ocrx_word' id='word_1_437' title='bbox 2619 3019 2742 3088; x_wconf 89' lang='lat' dir='ltr'><strong>quia</strong></span> <span class='ocrx_word' id='word_1_438' title='bbox 2766 3033 2868 3090; x_wconf 79' lang='lat' dir='ltr'><strong>ego</strong></span> <span class='ocrx_word' id='word_1_439' title='bbox 2889 3029 2944 3074; x_wconf 87' lang='lat' dir='ltr'><strong>et</strong></span> <span class='ocrx_word' id='word_1_440' title='bbox 2974 3037 3067 3075; x_wconf 91' lang='lat' dir='ltr'><strong>vos</strong></span> <span class='ocrx_word' id='word_1_441' title='bbox 3087 3038 3250 3076; x_wconf 89' lang='lat' dir='ltr'><strong>unum</strong></span> <span class='ocrx_word' id='word_1_442' title='bbox 3276 3022 3446 3079; x_wconf 87' lang='lat' dir='ltr'><strong>Deum</strong></span> 
     </span>
    </p>
   </div>
   <div class='ocr_carea' id='block_1_62' title="bbox 1863 3105 3449 3178">
    <p class='ocr_par' dir='ltr' id='par_1_62' title="bbox 1863 3105 3449 3178">
     <span class='ocr_line' id='line_1_62' title="bbox 1863 3105 3449 3178; baseline 0.004 -17"><span class='ocrx_word' id='word_1_443' title='bbox 1863 3105 2143 3161; x_wconf 87' lang='lat' dir='ltr'><strong>habenuts.</strong></span> <span class='ocrx_word' id='word_1_444' title='bbox 2168 3106 2236 3160; x_wconf 86' lang='lat' dir='ltr'><strong>Et</strong></span> <span class='ocrx_word' id='word_1_445' title='bbox 2259 3106 2508 3161; x_wconf 87' lang='lat' dir='ltr'><strong>decoliati</strong></span> <span class='ocrx_word' id='word_1_446' title='bbox 2530 3117 2658 3163; x_wconf 86' lang='lat' dir='ltr'><strong>sunt</strong></span> <span class='ocrx_word' id='word_1_447' title='bbox 2684 3110 2975 3178; x_wconf 88' lang='lat' dir='ltr'><strong>promiscui</strong></span> <span class='ocrx_word' id='word_1_448' title='bbox 3002 3125 3165 3166; x_wconf 83' lang='lat' dir='ltr'><strong>sexus</strong></span> <span class='ocrx_word' id='word_1_449' title='bbox 3220 3127 3449 3168; x_wconf 84' lang='lat' dir='ltr'><strong>numero</strong></span> 
     </span>
    </p>
   </div>
   <div class='ocr_carea' id='block_1_63' title="bbox 161 3200 3448 3275">
    <p class='ocr_par' dir='ltr' id='par_1_63' title="bbox 161 3200 3448 3275">
     <span class='ocr_line' id='line_1_63' title="bbox 161 3200 3448 3275; baseline 0 -16"><span class='ocrx_word' id='word_1_450' title='bbox 161 3214 469 3259; x_wconf 86' lang='lat' dir='ltr'><strong>commotus</strong></span> <span class='ocrx_word' id='word_1_451' title='bbox 500 3205 599 3269; x_wconf 84' lang='lat' dir='ltr'><strong>ira,</strong></span> <span class='ocrx_word' id='word_1_452' title='bbox 622 3202 787 3272; x_wconf 89' lang='lat' dir='ltr'><strong>jussit</strong></span> <span class='ocrx_word' id='word_1_453' title='bbox 810 3219 934 3258; x_wconf 91' lang='lat' dir='ltr'><strong>eum</strong></span> <span class='ocrx_word' id='word_1_454' title='bbox 976 3203 1207 3272; x_wconf 88' lang='lat' dir='ltr'><strong>amplius</strong></span> <span class='ocrx_word' id='word_1_455' title='bbox 1253 3202 1516 3271; x_wconf 89' lang='lat' dir='ltr'><strong>torqueri.</strong></span> <span class='ocrx_word' id='word_1_456' title='bbox 1564 3202 1632 3257; x_wconf 84' lang='lat' dir='ltr'><strong>Et</strong></span> <span class='ocrx_word' id='word_1_457' title='bbox 1676 3201 1746 3255; x_wconf 88' lang='lat' dir='ltr'><strong>nl-</strong></span> <span class='ocrx_word' id='word_1_458' title='bbox 1781 3200 1825 3261; x_wconf 91' lang='lat' dir='ltr'><strong>C</strong></span> <span class='ocrx_word' id='word_1_459' title='bbox 1857 3200 2042 3255; x_wconf 87' lang='lat' dir='ltr'><strong>decem</strong></span> <span class='ocrx_word' id='word_1_460' title='bbox 2073 3208 2130 3253; x_wconf 87' lang='lat' dir='ltr'><strong>et</strong></span> <span class='ocrx_word' id='word_1_461' title='bbox 2157 3215 2370 3254; x_wconf 87' lang='lat' dir='ltr'><strong>novem.</strong></span> <span class='ocrx_word' id='word_1_462' title='bbox 2410 3201 2607 3257; x_wconf 78' lang='lat' dir='ltr'><strong>Beatus</strong></span> <span class='ocrx_word' id='word_1_463' title='bbox 2631 3214 2761 3256; x_wconf 88' lang='lat' dir='ltr'><strong>vero</strong></span> <span class='ocrx_word' id='word_1_464' title='bbox 2789 3200 3109 3274; x_wconf 83' lang='lat' dir='ltr'><strong>Hippolytus</strong></span> <span class='ocrx_word' id='word_1_465' title='bbox 3133 3204 3324 3273; x_wconf 79' lang='lat' dir='ltr'><strong>ligatus</strong></span> <span class='ocrx_word' id='word_1_466' title='bbox 3351 3220 3448 3275; x_wconf 76' lang='lat' dir='ltr'><strong>pe-</strong></span> 
     </span>
    </p>
   </div>
   <div class='ocr_carea' id='block_1_64' title="bbox 163 3291 1756 3363">
    <p class='ocr_par' dir='ltr' id='par_1_64' title="bbox 163 3291 1756 3363">
     <span class='ocr_line' id='line_1_64' title="bbox 163 3291 1756 3363; baseline -0.002 -15"><span class='ocrx_word' id='word_1_467' title='bbox 163 3295 296 3348; x_wconf 91' lang='lat' dir='ltr'><strong>timo</strong></span> <span class='ocrx_word' id='word_1_468' title='bbox 322 3295 471 3348; x_wconf 83' lang='lat' dir='ltr'><strong>dedit</strong></span> <span class='ocrx_word' id='word_1_469' title='bbox 494 3294 840 3358; x_wconf 89' lang='lat' dir='ltr'><strong>sententiam,</strong></span> <span class='ocrx_word' id='word_1_470' title='bbox 866 3293 1053 3348; x_wconf 90' lang='lat' dir='ltr'><strong>dicens</strong></span> <span class='ocrx_word' id='word_1_471' title='bbox 1077 3307 1091 3346; x_wconf 91' lang='lat'><strong>:</strong></span> <span class='ocrx_word' id='word_1_472' title='bbox 1112 3291 1372 3347; x_wconf 86' lang='lat' dir='ltr'><strong>Jubemus</strong></span> <span class='ocrx_word' id='word_1_473' title='bbox 1400 3291 1628 3363; x_wconf 89' lang='lat' dir='ltr'><strong>Euplum</strong></span> <span class='ocrx_word' id='word_1_474' title='bbox 1668 3292 1756 3362; x_wconf 90' lang='lat' dir='ltr'><strong>jn-</strong></span> 
     </span>
    </p>
   </div>
   <div class='ocr_carea' id='block_1_65' title="bbox 160 3380 1756 3458">
    <p class='ocr_par' dir='ltr' id='par_1_65' title="bbox 160 3380 1756 3458">
     <span class='ocr_line' id='line_1_65' title="bbox 160 3380 1756 3458; baseline -0.001 -16"><span class='ocrx_word' id='word_1_475' title='bbox 160 3396 246 3442; x_wconf 86' lang='lat' dir='ltr'><strong>sto</strong></span> <span class='ocrx_word' id='word_1_476' title='bbox 269 3387 480 3458; x_wconf 75' lang='lat' dir='ltr'><strong>judicio</strong></span> <span class='ocrx_word' id='word_1_477' title='bbox 501 3380 689 3442; x_wconf 83' lang='lat' dir='ltr'><strong>nostro</strong></span> <span class='ocrx_word' id='word_1_478' title='bbox 714 3387 890 3458; x_wconf 88' lang='lat' dir='ltr'><strong>gladio</strong></span> <span class='ocrx_word' id='word_1_479' title='bbox 914 3386 1163 3441; x_wconf 88' lang='lat' dir='ltr'><strong>interﬁci.</strong></span> <span class='ocrx_word' id='word_1_480' title='bbox 1188 3387 1385 3441; x_wconf 86' lang='lat' dir='ltr'><strong>Beatus</strong></span> <span class='ocrx_word' id='word_1_481' title='bbox 1401 3402 1530 3441; x_wconf 90' lang='lat' dir='ltr'><strong>vero</strong></span> <span class='ocrx_word' id='word_1_482' title='bbox 1555 3386 1756 3456; x_wconf 86' lang='lat' dir='ltr'><strong>Euplus</strong></span> 
     </span>
    </p>
   </div>
   <div class='ocr_carea' id='block_1_66' title="bbox 160 3477 1757 3550">
    <p class='ocr_par' dir='ltr' id='par_1_66' title="bbox 160 3477 1757 3550">
     <span class='ocr_line' id='line_1_66' title="bbox 160 3477 1757 3550; baseline -0.001 -17"><span class='ocrx_word' id='word_1_483' title='bbox 160 3481 370 3550; x_wconf 80' lang='lat' dir='ltr'><strong>gratias</strong></span> <span class='ocrx_word' id='word_1_484' title='bbox 396 3480 507 3550; x_wconf 83' lang='lat' dir='ltr'><strong>egit</strong></span> <span class='ocrx_word' id='word_1_485' title='bbox 533 3479 757 3535; x_wconf 89' lang='lat' dir='ltr'><strong>Domino</strong></span> <span class='ocrx_word' id='word_1_486' title='bbox 786 3490 971 3533; x_wconf 90' lang='lat' dir='ltr'><strong>nostro</strong></span> <span class='ocrx_word' id='word_1_487' title='bbox 992 3477 1119 3533; x_wconf 85' lang='lat' dir='ltr'><strong>Jcsu</strong></span> <span class='ocrx_word' id='word_1_488' title='bbox 1142 3477 1377 3533; x_wconf 88' lang='lat' dir='ltr'><strong>Christo.</strong></span> <span class='ocrx_word' id='word_1_489' title='bbox 1421 3477 1485 3531; x_wconf 87' lang='lat' dir='ltr'><strong>Et</strong></span> <span class='ocrx_word' id='word_1_490' title='bbox 1510 3495 1633 3532; x_wconf 91' lang='lat' dir='ltr'><strong>cum</strong></span> <span class='ocrx_word' id='word_1_491' title='bbox 1660 3478 1757 3532; x_wconf 84' lang='lat' dir='ltr'><strong>du-</strong></span> 
     </span>
    </p>
   </div>
   <div class='ocr_carea' id='block_1_67' title="bbox 159 3567 1758 3641">
    <p class='ocr_par' dir='ltr' id='par_1_67' title="bbox 159 3567 1758 3641">
     <span class='ocr_line' id='line_1_67' title="bbox 159 3567 1758 3641; baseline -0.002 -15"><span class='ocrx_word' id='word_1_492' title='bbox 159 3580 404 3635; x_wconf 88' lang='lat' dir='ltr'><strong>ceretur,</strong></span> <span class='ocrx_word' id='word_1_493' title='bbox 437 3570 672 3641; x_wconf 87' lang='lat' dir='ltr'><strong>repletus</strong></span> <span class='ocrx_word' id='word_1_494' title='bbox 692 3570 893 3640; x_wconf 88' lang='lat' dir='ltr'><strong>Spiritu</strong></span> <span class='ocrx_word' id='word_1_495' title='bbox 916 3578 1104 3625; x_wconf 89' lang='lat' dir='ltr'><strong>sancto</strong></span> <span class='ocrx_word' id='word_1_496' title='bbox 1136 3568 1367 3623; x_wconf 88' lang='lat' dir='ltr'><strong>canebat</strong></span> <span class='ocrx_word' id='word_1_497' title='bbox 1392 3583 1407 3623; x_wconf 90' lang='lat'><strong>:</strong></span> <span class='ocrx_word' id='word_1_498' title='bbox 1436 3567 1625 3638; x_wconf 82' lang='lat' dir='ltr'><strong>Magna</strong></span> <span class='ocrx_word' id='word_1_499' title='bbox 1673 3578 1758 3623; x_wconf 89' lang='lat' dir='ltr'><strong>est</strong></span> 
     </span>
    </p>
   </div>
   <div class='ocr_carea' id='block_1_68' title="bbox 165 3659 1757 3729">
    <p class='ocr_par' dir='ltr' id='par_1_68' title="bbox 165 3659 1757 3729">
     <span class='ocr_line' id='line_1_68' title="bbox 165 3659 1757 3729; baseline 0.001 -16"><span class='ocrx_word' id='word_1_500' title='bbox 165 3660 341 3729; x_wconf 70' lang='lat' dir='ltr'><strong>gloria</strong></span> <span class='ocrx_word' id='word_1_501' title='bbox 366 3670 474 3724; x_wconf 86' lang='lat' dir='ltr'><strong>tua,</strong></span> <span class='ocrx_word' id='word_1_502' title='bbox 517 3661 764 3726; x_wconf 87' lang='lat' dir='ltr'><strong>Domine,</strong></span> <span class='ocrx_word' id='word_1_503' title='bbox 790 3662 842 3715; x_wconf 88' lang='lat' dir='ltr'><strong>in</strong></span> <span class='ocrx_word' id='word_1_504' title='bbox 875 3660 1049 3721; x_wconf 83' lang='lat' dir='ltr'><strong>servis</strong></span> <span class='ocrx_word' id='word_1_505' title='bbox 1074 3659 1205 3723; x_wconf 88' lang='lat' dir='ltr'><strong>tuis,</strong></span> <span class='ocrx_word' id='word_1_506' title='bbox 1227 3673 1364 3728; x_wconf 90' lang='lat' dir='ltr'><strong>quos</strong></span> <span class='ocrx_word' id='word_1_507' title='bbox 1391 3659 1458 3713; x_wconf 89' lang='lat' dir='ltr'><strong>ad</strong></span> <span class='ocrx_word' id='word_1_508' title='bbox 1487 3669 1537 3713; x_wconf 88' lang='lat' dir='ltr'><strong>te</strong></span> <span class='ocrx_word' id='word_1_509' title='bbox 1562 3674 1757 3714; x_wconf 86' lang='lat' dir='ltr'><strong>vocare</strong></span> 
     </span>
    </p>
   </div>
   <div class='ocr_carea' id='block_1_69' title="bbox 167 3750 1758 3821">
    <p class='ocr_par' dir='ltr' id='par_1_69' title="bbox 167 3750 1758 3821">
     <span class='ocr_line' id='line_1_69' title="bbox 167 3750 1758 3821; baseline 0.001 -17"><span class='ocrx_word' id='word_1_510' title='bbox 167 3751 418 3821; x_wconf 81' lang='lat' dir='ltr'><strong>dignatus</strong></span> <span class='ocrx_word' id='word_1_511' title='bbox 436 3766 514 3806; x_wconf 88' lang='lat' dir='ltr'><strong>es.</strong></span> <span class='ocrx_word' id='word_1_512' title='bbox 557 3750 808 3806; x_wconf 73' lang='lat' dir='ltr'><strong>Flecteris</strong></span> <span class='ocrx_word' id='word_1_513' title='bbox 839 3752 1022 3821; x_wconf 89' lang='lat' dir='ltr'><strong>itaque</strong></span> <span class='ocrx_word' id='word_1_514' title='bbox 1050 3766 1225 3820; x_wconf 78' lang='lat' dir='ltr'><strong>genua</strong></span> <span class='ocrx_word' id='word_1_515' title='bbox 1259 3766 1379 3816; x_wconf 87' lang='lat' dir='ltr'><strong>sua,</strong></span> <span class='ocrx_word' id='word_1_516' title='bbox 1429 3751 1583 3805; x_wconf 88' lang='lat' dir='ltr'><strong>llnita</strong></span> <span class='ocrx_word' id='word_1_517' title='bbox 1633 3767 1758 3806; x_wconf 88' lang='lat' dir='ltr'><strong>ora-</strong></span> 
     </span>
    </p>
   </div>
   <div class='ocr_carea' id='block_1_70' title="bbox 168 3842 1759 3911">
    <p class='ocr_par' dir='ltr' id='par_1_70' title="bbox 168 3842 1759 3911">
     <span class='ocr_line' id='line_1_70' title="bbox 168 3842 1759 3911; baseline 0.001 -15"><span class='ocrx_word' id='word_1_518' title='bbox 168 3843 338 3906; x_wconf 89' lang='lat' dir='ltr'><strong>tione,</strong></span> <span class='ocrx_word' id='word_1_519' title='bbox 367 3844 578 3911; x_wconf 87' lang='lat' dir='ltr'><strong>paravit</strong></span> <span class='ocrx_word' id='word_1_520' title='bbox 626 3844 924 3907; x_wconf 88' lang='lat' dir='ltr'><strong>cervicem,</strong></span> <span class='ocrx_word' id='word_1_521' title='bbox 974 3852 1031 3898; x_wconf 93' lang='lat' dir='ltr'><strong>et</strong></span> <span class='ocrx_word' id='word_1_522' title='bbox 1074 3842 1374 3898; x_wconf 82' lang='lat' dir='ltr'><strong>decollatus</strong></span> <span class='ocrx_word' id='word_1_523' title='bbox 1416 3852 1499 3897; x_wconf 89' lang='lat' dir='ltr'><strong>est</strong></span> <span class='ocrx_word' id='word_1_524' title='bbox 1552 3858 1608 3896; x_wconf 80' lang='lat' dir='ltr'><strong>iv</strong></span> <span class='ocrx_word' id='word_1_525' title='bbox 1636 3842 1759 3898; x_wconf 88' lang='lat' dir='ltr'><strong>ldus</strong></span> 
     </span>
    </p>
   </div>
   <div class='ocr_carea' id='block_1_71' title="bbox 160 3932 1758 4005">
    <p class='ocr_par' dir='ltr' id='par_1_71' title="bbox 160 3932 1758 4005">
     <span class='ocr_line' id='line_1_71' title="bbox 160 3932 1758 4005; baseline -0.003 -14"><span class='ocrx_word' id='word_1_526' title='bbox 160 3934 414 4005; x_wconf 72' lang='lat' dir='ltr'><strong>Augusti.</strong></span> <span class='ocrx_word' id='word_1_527' title='bbox 443 3934 726 4004; x_wconf 87' lang='lat' dir='ltr'><strong>Sepultum</strong></span> <span class='ocrx_word' id='word_1_528' title='bbox 746 3943 831 3989; x_wconf 86' lang='lat' dir='ltr'><strong>est</strong></span> <span class='ocrx_word' id='word_1_529' title='bbox 850 3950 1048 4004; x_wconf 92' lang='lat' dir='ltr'><strong>corpus</strong></span> <span class='ocrx_word' id='word_1_530' title='bbox 1076 3932 1192 4002; x_wconf 89' lang='lat' dir='ltr'><strong>ejus</strong></span> <span class='ocrx_word' id='word_1_531' title='bbox 1225 3935 1501 3990; x_wconf 88' lang='lat' dir='ltr'><strong>conditum</strong></span> <span class='ocrx_word' id='word_1_532' title='bbox 1542 3950 1758 3989; x_wconf 88' lang='lat' dir='ltr'><strong>aroma-</strong></span> 
     </span>
    </p>
   </div>
   <div class='ocr_carea' id='block_1_72' title="bbox 162 4026 1761 4093">
    <p class='ocr_par' dir='ltr' id='par_1_72' title="bbox 162 4026 1761 4093">
     <span class='ocr_line' id='line_1_72' title="bbox 162 4026 1761 4093; baseline 0 -12"><span class='ocrx_word' id='word_1_533' title='bbox 162 4028 334 4092; x_wconf 80' lang='lat' dir='ltr'><strong>tibus,</strong></span> <span class='ocrx_word' id='word_1_534' title='bbox 355 4027 407 4081; x_wconf 89' lang='lat' dir='ltr'><strong>in</strong></span> <span class='ocrx_word' id='word_1_535' title='bbox 435 4026 554 4083; x_wconf 92' lang='lat' dir='ltr'><strong>loco</strong></span> <span class='ocrx_word' id='word_1_536' title='bbox 579 4027 869 4082; x_wconf 89' lang='lat' dir='ltr'><strong>venerabili</strong></span> <span class='ocrx_word' id='word_1_537' title='bbox 903 4027 1229 4083; x_wconf 87' lang='lat' dir='ltr'><strong>Catanensis</strong></span> <span class='ocrx_word' id='word_1_538' title='bbox 1254 4028 1509 4093; x_wconf 89' lang='lat' dir='ltr'><strong>civitatis,</strong></span> <span class='ocrx_word' id='word_1_539' title='bbox 1545 4040 1582 4081; x_wconf 90' lang='grc' dir='ltr'><strong>ιι</strong></span> <span class='ocrx_word' id='word_1_540' title='bbox 1637 4026 1761 4081; x_wconf 84' lang='lat' dir='ltr'><strong>ldus</strong></span> 
     </span>
    </p>
   </div>
   <div class='ocr_carea' id='block_1_73' title="bbox 158 4118 417 4190">
    <p class='ocr_par' dir='ltr' id='par_1_73' title="bbox 158 4118 417 4190">
     <span class='ocr_line' id='line_1_73' title="bbox 158 4118 417 4190; baseline 0 -17"><span class='ocrx_word' id='word_1_541' title='bbox 158 4118 417 4190; x_wconf 73' lang='lat' dir='ltr'><strong>Augusti.</strong></span> 
     </span>
    </p>
   </div>
   <div class='ocr_carea' id='block_1_74' title="bbox 233 4207 1762 4275">
    <p class='ocr_par' dir='ltr' id='par_1_74' title="bbox 233 4207 1762 4275">
     <span class='ocr_line' id='line_1_74' title="bbox 233 4207 1762 4275; baseline -0.001 -11"><span class='ocrx_word' id='word_1_542' title='bbox 233 4210 441 4264; x_wconf 81' lang='lat' dir='ltr'><strong>Eodem</strong></span> <span class='ocrx_word' id='word_1_543' title='bbox 462 4210 795 4274; x_wconf 71' lang='lat' dir='ltr'><strong>die,sanct:e</strong></span> <span class='ocrx_word' id='word_1_544' title='bbox 825 4210 1066 4275; x_wconf 81' lang='lat' dir='ltr'><strong>Hilari-.e,</strong></span> <span class='ocrx_word' id='word_1_545' title='bbox 1122 4211 1313 4263; x_wconf 90' lang='lat' dir='ltr'><strong>matris</strong></span> <span class='ocrx_word' id='word_1_546' title='bbox 1362 4218 1565 4263; x_wconf 76' lang='lat' dir='ltr'><strong>sancta:</strong></span> <span class='ocrx_word' id='word_1_547' title='bbox 1615 4207 1762 4263; x_wconf 76' lang='lat' dir='ltr'><strong>Afrze</strong></span> 
     </span>
    </p>
   </div>
   <div class='ocr_carea' id='block_1_75' title="bbox 157 4300 1759 4372">
    <p class='ocr_par' dir='ltr' id='par_1_75' title="bbox 157 4300 1759 4372">
     <span class='ocr_line' id='line_1_75' title="bbox 157 4300 1759 4372; baseline -0.002 -17"><span class='ocrx_word' id='word_1_548' title='bbox 157 4312 187 4341; x_wconf 73' lang='grc' dir='ltr'><strong>ι</strong></span> <span class='ocrx_word' id='word_1_549' title='bbox 214 4301 498 4372; x_wconf 82' lang='lat' dir='ltr'><strong>martyris,</strong></span> <span class='ocrx_word' id='word_1_550' title='bbox 529 4317 650 4372; x_wconf 71' lang='lat' dir='ltr'><strong>quae</strong></span> <span class='ocrx_word' id='word_1_551' title='bbox 673 4318 796 4357; x_wconf 89' lang='lat' dir='ltr'><strong>cum</strong></span> <span class='ocrx_word' id='word_1_552' title='bbox 830 4303 896 4356; x_wconf 88' lang='lat' dir='ltr'><strong>ad</strong></span> <span class='ocrx_word' id='word_1_553' title='bbox 919 4301 1227 4371; x_wconf 86' lang='lat' dir='ltr'><strong>sepulcrum</strong></span> <span class='ocrx_word' id='word_1_554' title='bbox 1256 4300 1400 4353; x_wconf 89' lang='lat' dir='ltr'><strong>illius</strong></span> <span class='ocrx_word' id='word_1_555' title='bbox 1443 4301 1759 4365; x_wconf 81' lang='lat' dir='ltr'><strong>excubaret,</strong></span> 
     </span>
    </p>
   </div>
   <div class='ocr_carea' id='block_1_76' title="bbox 158 4393 1762 4464">
    <p class='ocr_par' dir='ltr' id='par_1_76' title="bbox 158 4393 1762 4464">
     <span class='ocr_line' id='line_1_76' title="bbox 158 4393 1762 4464; baseline 0 -16"><span class='ocrx_word' id='word_1_556' title='bbox 158 4393 371 4448; x_wconf 83' lang='lat' dir='ltr'><strong>ibidem</strong></span> <span class='ocrx_word' id='word_1_557' title='bbox 398 4408 496 4463; x_wconf 89' lang='lat' dir='ltr'><strong>pro</strong></span> <span class='ocrx_word' id='word_1_558' title='bbox 520 4396 622 4450; x_wconf 90' lang='lat' dir='ltr'><strong>lide</strong></span> <span class='ocrx_word' id='word_1_559' title='bbox 650 4394 852 4451; x_wconf 88' lang='lat' dir='ltr'><strong>Christi</strong></span> <span class='ocrx_word' id='word_1_560' title='bbox 873 4411 902 4449; x_wconf 72' lang='grc' dir='ltr'>λι</span> <span class='ocrx_word' id='word_1_561' title='bbox 934 4394 1376 4464; x_wconf 87' lang='lat' dir='ltr'><strong>persecutoribus</strong></span> <span class='ocrx_word' id='word_1_562' title='bbox 1406 4393 1513 4463; x_wconf 81' lang='lat' dir='ltr'><strong>igni</strong></span> <span class='ocrx_word' id='word_1_563' title='bbox 1566 4394 1762 4448; x_wconf 89' lang='lat' dir='ltr'><strong>tradita</strong></span> 
     </span>
    </p>
   </div>
   <div class='ocr_carea' id='block_1_77' title="bbox 156 4486 1764 4560">
    <p class='ocr_par' dir='ltr' id='par_1_77' title="bbox 156 4486 1764 4560">
     <span class='ocr_line' id='line_1_77' title="bbox 156 4486 1764 4560; baseline -0.002 -17"><span class='ocrx_word' id='word_1_564' title='bbox 156 4496 253 4543; x_wconf 83' lang='lat' dir='ltr'><strong>est</strong></span> <span class='ocrx_word' id='word_1_565' title='bbox 302 4502 428 4542; x_wconf 91' lang='lat' dir='ltr'><strong>cum</strong></span> <span class='ocrx_word' id='word_1_566' title='bbox 475 4488 668 4560; x_wconf 83' lang='lat' dir='ltr'><strong>Digna,</strong></span> <span class='ocrx_word' id='word_1_567' title='bbox 734 4498 789 4542; x_wconf 85' lang='lat' dir='ltr'><strong>et</strong></span> <span class='ocrx_word' id='word_1_568' title='bbox 845 4488 1125 4550; x_wconf 86' lang='lat' dir='ltr'><strong>Eumeuia,</strong></span> <span class='ocrx_word' id='word_1_569' title='bbox 1187 4495 1243 4539; x_wconf 89' lang='lat' dir='ltr'><strong>et</strong></span> <span class='ocrx_word' id='word_1_570' title='bbox 1286 4486 1588 4557; x_wconf 82' lang='lat' dir='ltr'><strong>Enprepia,</strong></span> <span class='ocrx_word' id='word_1_571' title='bbox 1643 4501 1764 4555; x_wconf 81' lang='lat' dir='ltr'><strong>qua:</strong></span> 
     </span>
    </p>
   </div>
   <div class='ocr_carea' id='block_1_78' title="bbox 157 4578 1052 4651">
    <p class='ocr_par' dir='ltr' id='par_1_78' title="bbox 157 4578 1052 4651">
     <span class='ocr_line' id='line_1_78' title="bbox 157 4578 1052 4651; baseline -0.002 -16"><span class='ocrx_word' id='word_1_572' title='bbox 157 4579 389 4635; x_wconf 74' lang='lat' dir='ltr'><strong>fuerant</strong></span> <span class='ocrx_word' id='word_1_573' title='bbox 437 4581 626 4651; x_wconf 75' lang='lat' dir='ltr'><strong>puella:</strong></span> <span class='ocrx_word' id='word_1_574' title='bbox 650 4592 852 4635; x_wconf 77' lang='lat' dir='ltr'><strong>sancta:</strong></span> <span class='ocrx_word' id='word_1_575' title='bbox 888 4578 1052 4634; x_wconf 65' lang='lat' dir='ltr'><strong>Afrae.</strong></span> 
     </span>
    </p>
   </div>
   <div class='ocr_carea' id='block_1_79' title="bbox 235 4669 1619 4743">
    <p class='ocr_par' dir='ltr' id='par_1_79' title="bbox 235 4669 1619 4743">
     <span class='ocr_line' id='line_1_79' title="bbox 235 4669 1619 4743; baseline -0.001 -16"><span class='ocrx_word' id='word_1_576' title='bbox 235 4670 300 4727; x_wconf 87' lang='lat' dir='ltr'><strong>In</strong></span> <span class='ocrx_word' id='word_1_577' title='bbox 328 4670 485 4743; x_wconf 88' lang='lat' dir='ltr'><strong>Syria</strong></span> <span class='ocrx_word' id='word_1_578' title='bbox 510 4673 708 4727; x_wconf 89' lang='lat' dir='ltr'><strong>natalis</strong></span> <span class='ocrx_word' id='word_1_579' title='bbox 731 4682 1043 4728; x_wconf 90' lang='lat' dir='ltr'><strong>sanctorum</strong></span> <span class='ocrx_word' id='word_1_580' title='bbox 1071 4669 1289 4725; x_wconf 82' lang='lat' dir='ltr'><strong>Macarii</strong></span> <span class='ocrx_word' id='word_1_581' title='bbox 1318 4680 1372 4725; x_wconf 92' lang='lat' dir='ltr'><strong>et</strong></span> <span class='ocrx_word' id='word_1_582' title='bbox 1394 4670 1619 4725; x_wconf 81' lang='lat' dir='ltr'><strong>Juliani.</strong></span> 
     </span>
    </p>
   </div>
   <div class='ocr_carea' id='block_1_80' title="bbox 577 4788 1261 4847">
    <p class='ocr_par' dir='ltr' id='par_1_80' title="bbox 577 4788 1261 4847">
     <span class='ocr_line' id='line_1_80' title="bbox 577 4788 1261 4847; baseline -0.003 -2"><span class='ocrx_word' id='word_1_583' title='bbox 577 4791 643 4845; x_wconf 94' lang='lat' dir='ltr'><strong>A.</strong></span> <span class='ocrx_word' id='word_1_584' title='bbox 674 4789 899 4846; x_wconf 87' lang='lat' dir='ltr'><strong>lDlBUS</strong></span> <span class='ocrx_word' id='word_1_585' title='bbox 935 4788 1261 4847; x_wconf 73' lang='lat' dir='ltr'><strong>AUGUSTI.</strong></span> 
     </span>
    </p>
   </div>
   <div class='ocr_carea' id='block_1_81' title="bbox 813 4881 1109 4954">
    <p class='ocr_par' dir='ltr' id='par_1_81' title="bbox 813 4881 1109 4954">
     <span class='ocr_line' id='line_1_81' title="bbox 813 4881 1109 4954; baseline -0.003 -19"><span class='ocrx_word' id='word_1_586' title='bbox 813 4881 906 4954; x_wconf 78' lang='lat' dir='ltr'><strong>(is</strong></span> <span class='ocrx_word' id='word_1_587' title='bbox 944 4882 1109 4953; x_wconf 77' lang='lat' dir='ltr'><strong>Aug.)</strong></span> 
     </span>
    </p>
   </div>
   <div class='ocr_carea' id='block_1_82' title="bbox 238 4971 1761 5045">
    <p class='ocr_par' dir='ltr' id='par_1_82' title="bbox 238 4971 1761 5045">
     <span class='ocr_line' id='line_1_82' title="bbox 238 4971 1761 5045; baseline -0.003 -16"><span class='ocrx_word' id='word_1_588' title='bbox 238 4973 450 5039; x_wconf 58' lang='lat' dir='ltr'><strong>Romae,</strong></span> <span class='ocrx_word' id='word_1_589' title='bbox 478 4974 650 5029; x_wconf 90' lang='lat' dir='ltr'><strong>sancti</strong></span> <span class='ocrx_word' id='word_1_590' title='bbox 671 4972 946 5045; x_wconf 79' lang='lat' dir='ltr'><strong>Hippolyti</strong></span> <span class='ocrx_word' id='word_1_591' title='bbox 970 4971 997 5012; x_wconf 70' lang='grc' dir='ltr'>δ</span> <span class='ocrx_word' id='word_1_592' title='bbox 1027 4981 1306 5044; x_wconf 86' lang='lat' dir='ltr'><strong>martyris,</strong></span> <span class='ocrx_word' id='word_1_593' title='bbox 1352 4972 1456 5028; x_wconf 85' lang='lat' dir='ltr'><strong>sub</strong></span> <span class='ocrx_word' id='word_1_594' title='bbox 1476 4971 1638 5027; x_wconf 91' lang='lat' dir='ltr'><strong>Decio</strong></span> <span class='ocrx_word' id='word_1_595' title='bbox 1662 4971 1761 5026; x_wconf 89' lang='lat' dir='ltr'><strong>im-</strong></span> 
     </span>
    </p>
   </div>
   <div class='ocr_carea' id='block_1_83' title="bbox 151 5064 1759 5143">
    <p class='ocr_par' dir='ltr' id='par_1_83' title="bbox 151 5064 1759 5143">
     <span class='ocr_line' id='line_1_83' title="bbox 151 5064 1759 5143; baseline -0.007 -14"><span class='ocrx_word' id='word_1_596' title='bbox 151 5082 442 5143; x_wconf 83' lang='lat' dir='ltr'><strong>peratore,</strong></span> <span class='ocrx_word' id='word_1_597' title='bbox 478 5068 772 5125; x_wconf 79' lang='lat' dir='ltr'><strong>Valeriano</strong></span> <span class='ocrx_word' id='word_1_598' title='bbox 793 5067 1069 5139; x_wconf 68' lang='lat' dir='ltr'><strong>praefecto.</strong></span> <span class='ocrx_word' id='word_1_599' title='bbox 1121 5068 1277 5125; x_wconf 85' lang='lat' dir='ltr'><strong>Hunc</strong></span> <span class='ocrx_word' id='word_1_600' title='bbox 1302 5067 1516 5123; x_wconf 86' lang='lat' dir='ltr'><strong>beatum</strong></span> <span class='ocrx_word' id='word_1_601' title='bbox 1561 5064 1759 5137; x_wconf 64' lang='lat' dir='ltr'><strong>Hippo»</strong></span> 
     </span>
    </p>
   </div>
   <div class='ocr_carea' id='block_1_84' title="bbox 154 5158 1762 5236">
    <p class='ocr_par' dir='ltr' id='par_1_84' title="bbox 154 5158 1762 5236">
     <span class='ocr_line' id='line_1_84' title="bbox 154 5158 1762 5236; baseline -0.003 -18"><span class='ocrx_word' id='word_1_602' title='bbox 154 5166 211 5236; x_wconf 81' lang='lat' dir='ltr'><strong>ly</strong></span> <span class='ocrx_word' id='word_1_603' title='bbox 223 5175 343 5219; x_wconf 89' lang='lat' dir='ltr'><strong>tum</strong></span> <span class='ocrx_word' id='word_1_604' title='bbox 370 5162 632 5217; x_wconf 90' lang='lat' dir='ltr'><strong>vicarium</strong></span> <span class='ocrx_word' id='word_1_605' title='bbox 660 5170 881 5216; x_wconf 89' lang='lat' dir='ltr'><strong>sanctus</strong></span> <span class='ocrx_word' id='word_1_606' title='bbox 911 5158 1257 5225; x_wconf 85' lang='lat' dir='ltr'><strong>Laurentius,</strong></span> <span class='ocrx_word' id='word_1_607' title='bbox 1280 5174 1405 5214; x_wconf 89' lang='lat' dir='ltr'><strong>cum</strong></span> <span class='ocrx_word' id='word_1_608' title='bbox 1449 5158 1591 5229; x_wconf 90' lang='lat' dir='ltr'><strong>apud</strong></span> <span class='ocrx_word' id='word_1_609' title='bbox 1637 5172 1762 5213; x_wconf 84' lang='lat' dir='ltr'><strong>eum</strong></span> 
     </span>
    </p>
   </div>
   <div class='ocr_carea' id='block_1_85' title="bbox 151 5251 1760 5324">
    <p class='ocr_par' dir='ltr' id='par_1_85' title="bbox 151 5251 1760 5324">
     <span class='ocr_line' id='line_1_85' title="bbox 151 5251 1760 5324; baseline -0.004 -12"><span class='ocrx_word' id='word_1_610' title='bbox 151 5265 313 5312; x_wconf 75' lang='lat' dir='ltr'><strong>esset</strong></span> <span class='ocrx_word' id='word_1_611' title='bbox 337 5256 392 5310; x_wconf 94' lang='lat' dir='ltr'><strong>in</strong></span> <span class='ocrx_word' id='word_1_612' title='bbox 422 5256 688 5321; x_wconf 89' lang='lat' dir='ltr'><strong>custodia,</strong></span> <span class='ocrx_word' id='word_1_613' title='bbox 718 5253 1057 5324; x_wconf 82' lang='lat' dir='ltr'><strong>baptizavit.</strong></span> <span class='ocrx_word' id='word_1_614' title='bbox 1102 5251 1205 5321; x_wconf 85' lang='lat' dir='ltr'><strong>Qui</strong></span> <span class='ocrx_word' id='word_1_615' title='bbox 1246 5253 1314 5308; x_wconf 89' lang='lat' dir='ltr'><strong>de</strong></span> <span class='ocrx_word' id='word_1_616' title='bbox 1358 5251 1567 5307; x_wconf 85' lang='lat' dir='ltr'><strong>sanctis</strong></span> <span class='ocrx_word' id='word_1_617' title='bbox 1605 5264 1760 5306; x_wconf 83' lang='lat' dir='ltr'><strong>exse-</strong></span> 
     </span>
    </p>
   </div>
   <div class='ocr_carea' id='block_1_86' title="bbox 152 5342 1759 5418">
    <p class='ocr_par' dir='ltr' id='par_1_86' title="bbox 152 5342 1759 5418">
     <span class='ocr_line' id='line_1_86' title="bbox 152 5342 1759 5418; baseline -0.002 -17"><span class='ocrx_word' id='word_1_618' title='bbox 152 5347 315 5418; x_wconf 78' lang='lat' dir='ltr'><strong>quiis</strong></span> <span class='ocrx_word' id='word_1_619' title='bbox 344 5349 620 5418; x_wconf 89' lang='lat' dir='ltr'><strong>martyris,</strong></span> <span class='ocrx_word' id='word_1_620' title='bbox 642 5354 764 5417; x_wconf 90' lang='lat' dir='ltr'><strong>post</strong></span> <span class='ocrx_word' id='word_1_621' title='bbox 795 5345 1014 5401; x_wconf 86' lang='lat' dir='ltr'><strong>tertium</strong></span> <span class='ocrx_word' id='word_1_622' title='bbox 1046 5344 1190 5400; x_wconf 86' lang='lat' dir='ltr'><strong>diem</strong></span> <span class='ocrx_word' id='word_1_623' title='bbox 1217 5343 1287 5399; x_wconf 91' lang='lat' dir='ltr'><strong>ad</strong></span> <span class='ocrx_word' id='word_1_624' title='bbox 1339 5342 1563 5397; x_wconf 92' lang='lat' dir='ltr'><strong>domum</strong></span> <span class='ocrx_word' id='word_1_625' title='bbox 1605 5356 1759 5398; x_wconf 83' lang='lat' dir='ltr'><strong>suam</strong></span> 
     </span>
    </p>
   </div>
   <div class='ocr_carea' id='block_1_87' title="bbox 152 5430 1758 5509">
    <p class='ocr_par' dir='ltr' id='par_1_87' title="bbox 152 5430 1758 5509">
     <span class='ocr_line' id='line_1_87' title="bbox 152 5430 1758 5509; baseline -0.007 -14"><span class='ocrx_word' id='word_1_626' title='bbox 152 5439 408 5502; x_wconf 87' lang='lat' dir='ltr'><strong>rediens,</strong></span> <span class='ocrx_word' id='word_1_627' title='bbox 437 5438 582 5494; x_wconf 90' lang='lat' dir='ltr'><strong>dedit</strong></span> <span class='ocrx_word' id='word_1_628' title='bbox 607 5452 795 5509; x_wconf 88' lang='lat' dir='ltr'><strong>pacem</strong></span> <span class='ocrx_word' id='word_1_629' title='bbox 818 5436 1073 5502; x_wconf 82' lang='lat' dir='ltr'><strong>omnibus</strong></span> <span class='ocrx_word' id='word_1_630' title='bbox 1121 5433 1296 5497; x_wconf 85' lang='lat' dir='ltr'><strong>servis</strong></span> <span class='ocrx_word' id='word_1_631' title='bbox 1337 5432 1451 5488; x_wconf 88' lang='lat' dir='ltr'><strong>suis</strong></span> <span class='ocrx_word' id='word_1_632' title='bbox 1483 5441 1539 5487; x_wconf 91' lang='lat' dir='ltr'><strong>et</strong></span> <span class='ocrx_word' id='word_1_633' title='bbox 1586 5430 1758 5486; x_wconf 87' lang='lat' dir='ltr'><strong>ancil-</strong></span> 
     </span>
    </p>
   </div>
   <div class='ocr_carea' id='block_1_88' title="bbox 152 5521 1762 5595">
    <p class='ocr_par' dir='ltr' id='par_1_88' title="bbox 152 5521 1762 5595">
     <span class='ocr_line' id='line_1_88' title="bbox 152 5521 1762 5595; baseline -0.005 -11"><span class='ocrx_word' id='word_1_634' title='bbox 152 5531 267 5595; x_wconf 81' lang='lat' dir='ltr'><strong>lis;</strong></span> <span class='ocrx_word' id='word_1_635' title='bbox 298 5538 357 5583; x_wconf 92' lang='lat' dir='ltr'><strong>et</strong></span> <span class='ocrx_word' id='word_1_636' title='bbox 385 5527 808 5584; x_wconf 87' lang='lat' dir='ltr'><strong>communicavit</strong></span> <span class='ocrx_word' id='word_1_637' title='bbox 832 5528 898 5582; x_wconf 83' lang='lat' dir='ltr'><strong>de</strong></span> <span class='ocrx_word' id='word_1_638' title='bbox 923 5524 1194 5581; x_wconf 90' lang='lat' dir='ltr'><strong>sacriﬁcio</strong></span> <span class='ocrx_word' id='word_1_639' title='bbox 1226 5524 1416 5578; x_wconf 85' lang='lat' dir='ltr'><strong>altaris</strong></span> <span class='ocrx_word' id='word_1_640' title='bbox 1448 5521 1594 5577; x_wconf 86' lang='lat' dir='ltr'><strong>beati</strong></span> <span class='ocrx_word' id='word_1_641' title='bbox 1619 5521 1762 5576; x_wconf 62' lang='lat' dir='ltr'><strong>Lauu</strong></span> 
     </span>
    </p>
   </div>
   <div class='ocr_carea' id='block_1_89' title="bbox 154 5610 1758 5688">
    <p class='ocr_par' dir='ltr' id='par_1_89' title="bbox 154 5610 1758 5688">
     <span class='ocr_line' id='line_1_89' title="bbox 154 5610 1758 5688; baseline -0.006 -13"><span class='ocrx_word' id='word_1_642' title='bbox 154 5617 332 5675; x_wconf 77' lang='lat' dir='ltr'><strong>rentii</strong></span> <span class='ocrx_word' id='word_1_643' title='bbox 376 5616 649 5688; x_wconf 80' lang='lat' dir='ltr'><strong>martyris.</strong></span> <span class='ocrx_word' id='word_1_644' title='bbox 679 5615 747 5671; x_wconf 85' lang='lat' dir='ltr'><strong>Et</strong></span> <span class='ocrx_word' id='word_1_645' title='bbox 768 5615 943 5686; x_wconf 88' lang='lat' dir='ltr'><strong>posita</strong></span> <span class='ocrx_word' id='word_1_646' title='bbox 975 5627 1181 5677; x_wconf 86' lang='lat' dir='ltr'><strong>mensa,</strong></span> <span class='ocrx_word' id='word_1_647' title='bbox 1213 5612 1527 5683; x_wconf 86' lang='lat' dir='ltr'><strong>priusquam</strong></span> <span class='ocrx_word' id='word_1_648' title='bbox 1576 5610 1758 5666; x_wconf 89' lang='lat' dir='ltr'><strong>cibum</strong></span> 
     </span>
    </p>
   </div>
   <div class='ocr_carea' id='block_1_90' title="bbox 234 5752 1397 5835">
    <p class='ocr_par' dir='ltr' id='par_1_90' title="bbox 234 5752 1397 5835">
     <span class='ocr_line' id='line_1_90' title="bbox 234 5752 1397 5835; baseline -0.006 -11"><span class='ocrx_word' id='word_1_649' title='bbox 234 5783 263 5811; x_wconf 77' lang='grc' dir='ltr'><strong>ι</strong></span> <span class='ocrx_word' id='word_1_650' title='bbox 309 5767 386 5823; x_wconf 81' lang='lat' dir='ltr'><strong>De</strong></span> <span class='ocrx_word' id='word_1_651' title='bbox 419 5768 503 5823; x_wconf 82' lang='lat' dir='ltr'><strong>his</strong></span> <span class='ocrx_word' id='word_1_652' title='bbox 532 5768 586 5822; x_wconf 90' lang='lat' dir='ltr'><strong>in</strong></span> <span class='ocrx_word' id='word_1_653' title='bbox 615 5768 734 5822; x_wconf 70' lang='lat' dir='ltr'><strong>Vita</strong></span> <span class='ocrx_word' id='word_1_654' title='bbox 754 5752 957 5822; x_wconf 59' lang='lat' dir='ltr'><strong>sanctae</strong></span> <span class='ocrx_word' id='word_1_655' title='bbox 988 5763 1153 5832; x_wconf 69' lang='lat' dir='ltr'><strong>Afpc,</strong></span> <span class='ocrx_word' id='word_1_656' title='bbox 1191 5764 1224 5817; x_wconf 74' lang='lat'><strong>3</strong></span> <span class='ocrx_word' id='word_1_657' title='bbox 1262 5763 1397 5835; x_wconf 86' lang='lat' dir='ltr'><strong>Aug.</strong></span> 
     </span>
    </p>
   </div>
   <div class='ocr_carea' id='block_1_91' title="bbox 455 5855 1062 5919">
    <p class='ocr_par' dir='ltr' id='par_1_91' title="bbox 455 5855 1062 5919">
     <span class='ocr_line' id='line_1_91' title="bbox 455 5855 1062 5919; baseline -0.003 0"><span class='ocrx_word' id='word_1_658' title='bbox 455 5860 728 5919; x_wconf 68' lang='grc' dir='ltr'>Ριιτιιοι..</span> <span class='ocrx_word' id='word_1_659' title='bbox 774 5855 1062 5918; x_wconf 77' lang='lat' dir='ltr'><strong>CXXlll.</strong></span> 
     </span>
    </p>
   </div>
   <div class='ocr_carea' id='block_1_92' title="bbox 1793 4548 1843 4607">
    <p class='ocr_par' dir='ltr' id='par_1_92' title="bbox 1793 4548 1843 4607">
     <span class='ocr_line' id='line_1_92' title="bbox 1793 4548 1843 4607; baseline 0 0"><span class='ocrx_word' id='word_1_660' title='bbox 1793 4548 1843 4607; x_wconf 89' lang='lat' dir='ltr'><strong>D</strong></span> 
     </span>
    </p>
   </div>
   <div class='ocr_carea' id='block_1_93' title="bbox 1838 3290 3444 3363">
    <p class='ocr_par' dir='ltr' id='par_1_93' title="bbox 1838 3290 3444 3363">
     <span class='ocr_line' id='line_1_93' title="bbox 1838 3290 3444 3363; baseline 0.002 -16"><span class='ocrx_word' id='word_1_661' title='bbox 1838 3290 1952 3347; x_wconf 89' lang='lat' dir='ltr'><strong>.des</strong></span> <span class='ocrx_word' id='word_1_662' title='bbox 1973 3290 2040 3343; x_wconf 89' lang='lat' dir='ltr'><strong>ad</strong></span> <span class='ocrx_word' id='word_1_663' title='bbox 2072 3290 2207 3344; x_wconf 84' lang='lat' dir='ltr'><strong>colla</strong></span> <span class='ocrx_word' id='word_1_664' title='bbox 2236 3290 2621 3345; x_wconf 84' lang='lat' dir='ltr'><strong>indomitorum</strong></span> <span class='ocrx_word' id='word_1_665' title='bbox 2646 3307 2933 3361; x_wconf 83' lang='lat' dir='ltr'><strong>equorum,</strong></span> <span class='ocrx_word' id='word_1_666' title='bbox 2961 3296 3040 3348; x_wconf 88' lang='lat' dir='ltr'><strong>sic</strong></span> <span class='ocrx_word' id='word_1_667' title='bbox 3075 3309 3172 3363; x_wconf 86' lang='lat' dir='ltr'><strong>per</strong></span> <span class='ocrx_word' id='word_1_668' title='bbox 3212 3296 3444 3351; x_wconf 78' lang='lat' dir='ltr'><strong>cardue—</strong></span> 
     </span>
    </p>
   </div>
   <div class='ocr_carea' id='block_1_94' title="bbox 1860 3383 3450 3455">
    <p class='ocr_par' dir='ltr' id='par_1_94' title="bbox 1860 3383 3450 3455">
     <span class='ocr_line' id='line_1_94' title="bbox 1860 3383 3450 3455; baseline 0.005 -19"><span class='ocrx_word' id='word_1_669' title='bbox 1860 3392 1972 3436; x_wconf 90' lang='lat' dir='ltr'><strong>tum</strong></span> <span class='ocrx_word' id='word_1_670' title='bbox 1994 3392 2050 3437; x_wconf 88' lang='lat' dir='ltr'><strong>et</strong></span> <span class='ocrx_word' id='word_1_671' title='bbox 2073 3383 2298 3437; x_wconf 89' lang='lat' dir='ltr'><strong>tribulos</strong></span> <span class='ocrx_word' id='word_1_672' title='bbox 2326 3392 2552 3449; x_wconf 87' lang='lat' dir='ltr'><strong>tractus,</strong></span> <span class='ocrx_word' id='word_1_673' title='bbox 2578 3385 2761 3439; x_wconf 89' lang='lat' dir='ltr'><strong>emisit</strong></span> <span class='ocrx_word' id='word_1_674' title='bbox 2782 3386 3052 3455; x_wconf 84' lang='lat' dir='ltr'><strong>spiritum.</strong></span> <span class='ocrx_word' id='word_1_675' title='bbox 3104 3387 3271 3442; x_wconf 81' lang='lat' dir='ltr'><strong>Nocte</strong></span> <span class='ocrx_word' id='word_1_676' title='bbox 3300 3390 3450 3444; x_wconf 82' lang='lat' dir='ltr'><strong>venit</strong></span> 
     </span>
    </p>
   </div>
   <div class='ocr_carea' id='block_1_95' title="bbox 1857 3473 3449 3547">
    <p class='ocr_par' dir='ltr' id='par_1_95' title="bbox 1857 3473 3449 3547">
     <span class='ocr_line' id='line_1_95' title="bbox 1857 3473 3449 3547; baseline 0.004 -18"><span class='ocrx_word' id='word_1_677' title='bbox 1857 3476 2047 3529; x_wconf 84' lang='lat' dir='ltr'><strong>beatus</strong></span> <span class='ocrx_word' id='word_1_678' title='bbox 2080 3473 2326 3529; x_wconf 76' lang='lat' dir='ltr'><strong>Jnsﬁnus</strong></span> <span class='ocrx_word' id='word_1_679' title='bbox 2350 3476 2648 3546; x_wconf 87' lang='lat' dir='ltr'><strong>presbyter,</strong></span> <span class='ocrx_word' id='word_1_680' title='bbox 2677 3486 2732 3529; x_wconf 87' lang='lat' dir='ltr'><strong>et</strong></span> <span class='ocrx_word' id='word_1_681' title='bbox 2757 3477 2973 3547; x_wconf 58' lang='lat' dir='ltr'><strong>collegit</strong></span> <span class='ocrx_word' id='word_1_682' title='bbox 2996 3492 3251 3545; x_wconf 88' lang='lat' dir='ltr'><strong>corpora,</strong></span> <span class='ocrx_word' id='word_1_683' title='bbox 3276 3492 3331 3533; x_wconf 87' lang='lat' dir='ltr'><strong>et</strong></span> <span class='ocrx_word' id='word_1_684' title='bbox 3359 3495 3449 3535; x_wconf 79' lang='lat' dir='ltr'><strong>se-</strong></span> 
     </span>
    </p>
   </div>
   <div class='ocr_carea' id='block_1_96' title="bbox 1857 3567 3447 3639">
    <p class='ocr_par' dir='ltr' id='par_1_96' title="bbox 1857 3567 3447 3639">
     <span class='ocr_line' id='line_1_96' title="bbox 1857 3567 3447 3639; baseline 0.004 -19"><span class='ocrx_word' id='word_1_685' title='bbox 1857 3567 2335 3637; x_wconf 88' lang='lat' dir='ltr'><strong>pelivitineampo</strong></span> <span class='ocrx_word' id='word_1_686' title='bbox 2374 3570 2565 3620; x_wconf 86' lang='lat' dir='ltr'><strong>eodem</strong></span> <span class='ocrx_word' id='word_1_687' title='bbox 2607 3568 2762 3636; x_wconf 85' lang='lat' dir='ltr'><strong>juxta</strong></span> <span class='ocrx_word' id='word_1_688' title='bbox 2818 3568 3139 3639; x_wconf 66' lang='lat' dir='ltr'><strong>Nympham,</strong></span> <span class='ocrx_word' id='word_1_689' title='bbox 3183 3572 3251 3625; x_wconf 90' lang='lat' dir='ltr'><strong>ad</strong></span> <span class='ocrx_word' id='word_1_690' title='bbox 3304 3570 3447 3630; x_wconf 77' lang='lat' dir='ltr'><strong>intus</strong></span> 
     </span>
    </p>
   </div>
   <div class='ocr_carea' id='block_1_97' title="bbox 1857 3653 2703 3725">
    <p class='ocr_par' dir='ltr' id='par_1_97' title="bbox 1857 3653 2703 3725">
     <span class='ocr_line' id='line_1_97' title="bbox 1857 3653 2703 3725; baseline 0 -16"><span class='ocrx_word' id='word_1_691' title='bbox 1857 3656 1973 3725; x_wconf 82' lang='lat' dir='ltr'><strong>agri</strong></span> <span class='ocrx_word' id='word_1_692' title='bbox 2005 3653 2221 3719; x_wconf 84' lang='lat' dir='ltr'><strong>Verani,</strong></span> <span class='ocrx_word' id='word_1_693' title='bbox 2252 3655 2433 3709; x_wconf 84' lang='lat' dir='ltr'><strong>Idibus</strong></span> <span class='ocrx_word' id='word_1_694' title='bbox 2454 3656 2703 3725; x_wconf 79' lang='lat' dir='ltr'><strong>Augusti.</strong></span> 
     </span>
    </p>
   </div>
   <div class='ocr_carea' id='block_1_98' title="bbox 1931 3765 3445 3833">
    <p class='ocr_par' dir='ltr' id='par_1_98' title="bbox 1931 3765 3445 3833">
     <span class='ocr_line' id='line_1_98' title="bbox 1931 3765 3445 3833; baseline 0.003 -12"><span class='ocrx_word' id='word_1_695' title='bbox 1931 3766 2131 3821; x_wconf 84' lang='lat' dir='ltr'><strong>Eodem</strong></span> <span class='ocrx_word' id='word_1_696' title='bbox 2175 3765 2261 3820; x_wconf 87' lang='lat' dir='ltr'><strong>die</strong></span> <span class='ocrx_word' id='word_1_697' title='bbox 2317 3765 2498 3820; x_wconf 87' lang='lat' dir='ltr'><strong>natale</strong></span> <span class='ocrx_word' id='word_1_698' title='bbox 2552 3776 2756 3821; x_wconf 65' lang='lat' dir='ltr'><strong>sancte</strong></span> <span class='ocrx_word' id='word_1_699' title='bbox 2802 3767 3121 3823; x_wconf 82' lang='lat' dir='ltr'><strong>Concordia:</strong></span> <span class='ocrx_word' id='word_1_700' title='bbox 3148 3811 3162 3833; x_wconf 93' lang='lat'><strong>,</strong></span> <span class='ocrx_word' id='word_1_701' title='bbox 3212 3770 3445 3826; x_wconf 73' lang='lat' dir='ltr'><strong>nutricis</strong></span> 
     </span>
    </p>
   </div>
   <div class='ocr_carea' id='block_1_99' title="bbox 1858 3856 3448 3930">
    <p class='ocr_par' dir='ltr' id='par_1_99' title="bbox 1858 3856 3448 3930">
     <span class='ocr_line' id='line_1_99' title="bbox 1858 3856 3448 3930; baseline 0.003 -18"><span class='ocrx_word' id='word_1_702' title='bbox 1858 3858 2097 3929; x_wconf 89' lang='lat' dir='ltr'><strong>ejusdem</strong></span> <span class='ocrx_word' id='word_1_703' title='bbox 2142 3857 2284 3912; x_wconf 89' lang='lat' dir='ltr'><strong>beati</strong></span> <span class='ocrx_word' id='word_1_704' title='bbox 2329 3856 2623 3930; x_wconf 87' lang='lat' dir='ltr'><strong>Hippolyti.</strong></span> <span class='ocrx_word' id='word_1_705' title='bbox 2653 3858 2788 3913; x_wconf 88' lang='lat' dir='ltr'><strong>Cum</strong></span> <span class='ocrx_word' id='word_1_706' title='bbox 2822 3858 3135 3916; x_wconf 83' lang='lat' dir='ltr'><strong>Valerianus</strong></span> <span class='ocrx_word' id='word_1_707' title='bbox 3176 3865 3243 3916; x_wconf 89' lang='lat' dir='ltr'><strong>ad</strong></span> <span class='ocrx_word' id='word_1_708' title='bbox 3285 3862 3448 3918; x_wconf 81' lang='lat' dir='ltr'><strong>fatui-</strong></span> 
     </span>
    </p>
   </div>
   <div class='ocr_carea' id='block_1_100' title="bbox 1859 3950 3446 4023">
    <p class='ocr_par' dir='ltr' id='par_1_100' title="bbox 1859 3950 3446 4023">
     <span class='ocr_line' id='line_1_100' title="bbox 1859 3950 3446 4023; baseline 0.004 -18"><span class='ocrx_word' id='word_1_709' title='bbox 1859 3951 1988 4005; x_wconf 87' lang='lat' dir='ltr'><strong>liam</strong></span> <span class='ocrx_word' id='word_1_710' title='bbox 2039 3951 2181 4006; x_wconf 86' lang='lat' dir='ltr'><strong>beati</strong></span> <span class='ocrx_word' id='word_1_711' title='bbox 2231 3950 2501 4023; x_wconf 88' lang='lat' dir='ltr'><strong>Hippolyti</strong></span> <span class='ocrx_word' id='word_1_712' title='bbox 2563 3952 2664 4006; x_wconf 91' lang='lat' dir='ltr'><strong>sibi</strong></span> <span class='ocrx_word' id='word_1_713' title='bbox 2731 3963 3109 4022; x_wconf 76' lang='lat' dir='ltr'><strong>pnesentatam</strong></span> <span class='ocrx_word' id='word_1_714' title='bbox 3167 3955 3446 4011; x_wconf 84' lang='lat' dir='ltr'><strong>dixisset:</strong></span> 
     </span>
    </p>
   </div>
   <div class='ocr_carea' id='block_1_101' title="bbox 1859 4043 3450 4115">
    <p class='ocr_par' dir='ltr' id='par_1_101' title="bbox 1859 4043 3450 4115">
     <span class='ocr_line' id='line_1_101' title="bbox 1859 4043 3450 4115; baseline 0.002 -16"><span class='ocrx_word' id='word_1_715' title='bbox 1859 4043 2208 4099; x_wconf 86' lang='lat' dir='ltr'><strong>Considerate</strong></span> <span class='ocrx_word' id='word_1_716' title='bbox 2247 4051 2435 4099; x_wconf 63' lang='lat' dir='ltr'><strong>(euntes</strong></span> <span class='ocrx_word' id='word_1_717' title='bbox 2480 4054 2709 4108; x_wconf 87' lang='lat' dir='ltr'><strong>vestras,</strong></span> <span class='ocrx_word' id='word_1_718' title='bbox 2740 4059 2807 4099; x_wconf 88' lang='lat' dir='ltr'><strong>ne</strong></span> <span class='ocrx_word' id='word_1_719' title='bbox 2832 4045 2991 4099; x_wconf 89' lang='lat' dir='ltr'><strong>simul</strong></span> <span class='ocrx_word' id='word_1_720' title='bbox 3036 4047 3275 4115; x_wconf 86' lang='lat' dir='ltr'><strong>pereatis</strong></span> <span class='ocrx_word' id='word_1_721' title='bbox 3321 4062 3450 4102; x_wconf 74' lang='lat' dir='ltr'><strong>cun:</strong></span> 
     </span>
    </p>
   </div>
   <div class='ocr_carea' id='block_1_102' title="bbox 1862 4133 3446 4206">
    <p class='ocr_par' dir='ltr' id='par_1_102' title="bbox 1862 4133 3446 4206">
     <span class='ocr_line' id='line_1_102' title="bbox 1862 4133 3446 4206; baseline 0.003 -17"><span class='ocrx_word' id='word_1_722' title='bbox 1862 4133 2147 4205; x_wconf 88' lang='lat' dir='ltr'><strong>Hippolyto</strong></span> <span class='ocrx_word' id='word_1_723' title='bbox 2162 4133 2380 4189; x_wconf 90' lang='lat' dir='ltr'><strong>domino</strong></span> <span class='ocrx_word' id='word_1_724' title='bbox 2393 4145 2580 4190; x_wconf 87' lang='lat' dir='ltr'><strong>nostro</strong></span> <span class='ocrx_word' id='word_1_725' title='bbox 2597 4152 2611 4199; x_wconf 89' lang='lat'><strong>;</strong></span> <span class='ocrx_word' id='word_1_726' title='bbox 2633 4144 2912 4206; x_wconf 83' lang='lat' dir='ltr'><strong>rsepondtt</strong></span> <span class='ocrx_word' id='word_1_727' title='bbox 2935 4138 3091 4192; x_wconf 81' lang='lat' dir='ltr'><strong>beata</strong></span> <span class='ocrx_word' id='word_1_728' title='bbox 3111 4138 3409 4195; x_wconf 88' lang='lat' dir='ltr'><strong>Concordia</strong></span> <span class='ocrx_word' id='word_1_729' title='bbox 3429 4155 3446 4194; x_wconf 90' lang='lat'><strong>:</strong></span> 
     </span>
    </p>
   </div>
   <div class='ocr_carea' id='block_1_103' title="bbox 1861 4227 3445 4300">
    <p class='ocr_par' dir='ltr' id='par_1_103' title="bbox 1861 4227 3445 4300">
     <span class='ocr_line' id='line_1_103' title="bbox 1861 4227 3445 4300; baseline 0.003 -17"><span class='ocrx_word' id='word_1_730' title='bbox 1861 4227 1970 4283; x_wconf 82' lang='lat' dir='ltr'><strong>Nos</strong></span> <span class='ocrx_word' id='word_1_731' title='bbox 1995 4227 2364 4281; x_wconf 85' lang='lat' dir='ltr'><strong>desideramus</strong></span> <span class='ocrx_word' id='word_1_732' title='bbox 2392 4227 2571 4296; x_wconf 87' lang='lat' dir='ltr'><strong>potius</strong></span> <span class='ocrx_word' id='word_1_733' title='bbox 2596 4244 2721 4281; x_wconf 89' lang='lat' dir='ltr'><strong>cum</strong></span> <span class='ocrx_word' id='word_1_734' title='bbox 2762 4228 2985 4281; x_wconf 89' lang='lat' dir='ltr'><strong>domino</strong></span> <span class='ocrx_word' id='word_1_735' title='bbox 3018 4237 3205 4285; x_wconf 82' lang='lat' dir='ltr'><strong>nostro</strong></span> <span class='ocrx_word' id='word_1_736' title='bbox 3251 4232 3445 4300; x_wconf 82' lang='lat' dir='ltr'><strong>pudice</strong></span> 
     </span>
    </p>
   </div>
   <div class='ocr_carea' id='block_1_104' title="bbox 1863 4318 3443 4389">
    <p class='ocr_par' dir='ltr' id='par_1_104' title="bbox 1863 4318 3443 4389">
     <span class='ocr_line' id='line_1_104' title="bbox 1863 4318 3443 4389; baseline 0.002 -15"><span class='ocrx_word' id='word_1_737' title='bbox 1863 4320 2000 4374; x_wconf 89' lang='lat' dir='ltr'><strong>tnori</strong></span> <span class='ocrx_word' id='word_1_738' title='bbox 2030 4335 2191 4389; x_wconf 86' lang='lat' dir='ltr'><strong>quam</strong></span> <span class='ocrx_word' id='word_1_739' title='bbox 2243 4318 2514 4388; x_wconf 85' lang='lat' dir='ltr'><strong>impudice</strong></span> <span class='ocrx_word' id='word_1_740' title='bbox 2566 4319 2769 4372; x_wconf 82' lang='lat' dir='ltr'><strong>vivere.</strong></span> <span class='ocrx_word' id='word_1_741' title='bbox 2818 4318 2901 4373; x_wconf 83' lang='lat' dir='ltr'><strong>Atl</strong></span> <span class='ocrx_word' id='word_1_742' title='bbox 2930 4321 3033 4373; x_wconf 85' lang='lat' dir='ltr'><strong>hoc</strong></span> <span class='ocrx_word' id='word_1_743' title='bbox 3061 4320 3383 4377; x_wconf 79' lang='lat' dir='ltr'><strong>Valerianus</strong></span> <span class='ocrx_word' id='word_1_744' title='bbox 3430 4342 3443 4377; x_wconf 93' lang='lat'><strong>:</strong></span> 
     </span>
    </p>
   </div>
   <div class='ocr_carea' id='block_1_105' title="bbox 1861 4410 3446 4481">
    <p class='ocr_par' dir='ltr' id='par_1_105' title="bbox 1861 4410 3446 4481">
     <span class='ocr_line' id='line_1_105' title="bbox 1861 4410 3446 4481; baseline 0.002 -16"><span class='ocrx_word' id='word_1_745' title='bbox 1861 4411 2065 4476; x_wconf 81' lang='lat' dir='ltr'><strong>Genus,</strong></span> <span class='ocrx_word' id='word_1_746' title='bbox 2121 4410 2318 4480; x_wconf 88' lang='lat' dir='ltr'><strong>inquit,</strong></span> <span class='ocrx_word' id='word_1_747' title='bbox 2349 4424 2630 4464; x_wconf 88' lang='lat' dir='ltr'><strong>servorum</strong></span> <span class='ocrx_word' id='word_1_748' title='bbox 2676 4410 2777 4463; x_wconf 87' lang='lat' dir='ltr'><strong>nisi</strong></span> <span class='ocrx_word' id='word_1_749' title='bbox 2825 4424 2949 4464; x_wconf 91' lang='lat' dir='ltr'><strong>cum</strong></span> <span class='ocrx_word' id='word_1_750' title='bbox 2999 4412 3278 4481; x_wconf 88' lang='lat' dir='ltr'><strong>suppliciis</strong></span> <span class='ocrx_word' id='word_1_751' title='bbox 3337 4427 3446 4468; x_wconf 90' lang='lat' dir='ltr'><strong>non</strong></span> 
     </span>
    </p>
   </div>
   <div class='ocr_carea' id='block_1_106' title="bbox 1867 4501 3449 4576">
    <p class='ocr_par' dir='ltr' id='par_1_106' title="bbox 1867 4501 3449 4576">
     <span class='ocr_line' id='line_1_106' title="bbox 1867 4501 3449 4576; baseline 0.001 -16"><span class='ocrx_word' id='word_1_752' title='bbox 1867 4506 2205 4560; x_wconf 81' lang='lat' dir='ltr'><strong>emendatur.</strong></span> <span class='ocrx_word' id='word_1_753' title='bbox 2242 4503 2308 4556; x_wconf 77' lang='lat' dir='ltr'><strong>Et</strong></span> <span class='ocrx_word' id='word_1_754' title='bbox 2335 4502 2496 4572; x_wconf 87' lang='lat' dir='ltr'><strong>jussit</strong></span> <span class='ocrx_word' id='word_1_755' title='bbox 2527 4510 2586 4555; x_wconf 91' lang='lat' dir='ltr'><strong>ut</strong></span> <span class='ocrx_word' id='word_1_756' title='bbox 2613 4503 2766 4556; x_wconf 88' lang='lat' dir='ltr'><strong>beata</strong></span> <span class='ocrx_word' id='word_1_757' title='bbox 2797 4501 3095 4558; x_wconf 88' lang='lat' dir='ltr'><strong>Concordia</strong></span> <span class='ocrx_word' id='word_1_758' title='bbox 3123 4520 3244 4559; x_wconf 89' lang='lat' dir='ltr'><strong>eum</strong></span> <span class='ocrx_word' id='word_1_759' title='bbox 3271 4506 3449 4576; x_wconf 87' lang='lat' dir='ltr'><strong>plum-</strong></span> 
     </span>
    </p>
   </div>
   <div class='ocr_carea' id='block_1_107' title="bbox 1869 4592 3446 4664">
    <p class='ocr_par' dir='ltr' id='par_1_107' title="bbox 1869 4592 3446 4664">
     <span class='ocr_line' id='line_1_107' title="bbox 1869 4592 3446 4664; baseline 0.001 -16"><span class='ocrx_word' id='word_1_760' title='bbox 1869 4595 2010 4649; x_wconf 86' lang='lat' dir='ltr'><strong>batis</strong></span> <span class='ocrx_word' id='word_1_761' title='bbox 2038 4595 2354 4648; x_wconf 67' lang='lat' dir='ltr'><strong>carderetnr.</strong></span> <span class='ocrx_word' id='word_1_762' title='bbox 2390 4592 2455 4647; x_wconf 78' lang='lat' dir='ltr'><strong>Et</strong></span> <span class='ocrx_word' id='word_1_763' title='bbox 2484 4609 2605 4646; x_wconf 92' lang='lat' dir='ltr'><strong>cum</strong></span> <span class='ocrx_word' id='word_1_764' title='bbox 2630 4594 2932 4647; x_wconf 61' lang='lat' dir='ltr'><strong>catderetur</strong></span> <span class='ocrx_word' id='word_1_765' title='bbox 2959 4594 3142 4649; x_wconf 83' lang='lat' dir='ltr'><strong>emisit</strong></span> <span class='ocrx_word' id='word_1_766' title='bbox 3167 4596 3446 4664; x_wconf 79' lang='lat' dir='ltr'><strong>spiritum,</strong></span> 
     </span>
    </p>
   </div>
   <div class='ocr_carea' id='block_1_108' title="bbox 1868 4682 3450 4756">
    <p class='ocr_par' dir='ltr' id='par_1_108' title="bbox 1868 4682 3450 4756">
     <span class='ocr_line' id='line_1_108' title="bbox 1868 4682 3450 4756; baseline 0.001 -17"><span class='ocrx_word' id='word_1_767' title='bbox 1868 4699 2171 4754; x_wconf 86' lang='lat' dir='ltr'><strong>corpusque</strong></span> <span class='ocrx_word' id='word_1_768' title='bbox 2199 4682 2317 4751; x_wconf 88' lang='lat' dir='ltr'><strong>ejus</strong></span> <span class='ocrx_word' id='word_1_769' title='bbox 2349 4692 2432 4738; x_wconf 89' lang='lat' dir='ltr'><strong>cst</strong></span> <span class='ocrx_word' id='word_1_770' title='bbox 2475 4684 2529 4737; x_wconf 87' lang='lat' dir='ltr'><strong>in</strong></span> <span class='ocrx_word' id='word_1_771' title='bbox 2560 4682 2799 4738; x_wconf 84' lang='lat' dir='ltr'><strong>cloacam</strong></span> <span class='ocrx_word' id='word_1_772' title='bbox 2843 4682 3159 4754; x_wconf 84' lang='lat' dir='ltr'><strong>projectum.</strong></span> <span class='ocrx_word' id='word_1_773' title='bbox 3205 4685 3450 4756; x_wconf 81' lang='lat' dir='ltr'><strong>Cumque</strong></span> 
     </span>
    </p>
   </div>
   <div class='ocr_carea' id='block_1_109' title="bbox 1868 4771 3450 4844">
    <p class='ocr_par' dir='ltr' id='par_1_109' title="bbox 1868 4771 3450 4844">
     <span class='ocr_line' id='line_1_109' title="bbox 1868 4771 3450 4844; baseline 0.002 -14"><span class='ocrx_word' id='word_1_774' title='bbox 1868 4777 1957 4830; x_wconf 91' lang='lat' dir='ltr'><strong>diu</strong></span> <span class='ocrx_word' id='word_1_775' title='bbox 2002 4781 2273 4844; x_wconf 75' lang='lat' dir='ltr'><strong>qmereret</strong></span> <span class='ocrx_word' id='word_1_776' title='bbox 2299 4773 2433 4829; x_wconf 89' lang='lat' dir='ltr'><strong>illud</strong></span> <span class='ocrx_word' id='word_1_777' title='bbox 2483 4783 2703 4829; x_wconf 86' lang='lat' dir='ltr'><strong>sanctus</strong></span> <span class='ocrx_word' id='word_1_778' title='bbox 2744 4771 3008 4839; x_wconf 83' lang='lat' dir='ltr'><strong>Justinus,</strong></span> <span class='ocrx_word' id='word_1_779' title='bbox 3040 4783 3096 4829; x_wconf 86' lang='lat' dir='ltr'><strong>et</strong></span> <span class='ocrx_word' id='word_1_780' title='bbox 3143 4791 3249 4831; x_wconf 83' lang='lat' dir='ltr'><strong>non</strong></span> <span class='ocrx_word' id='word_1_781' title='bbox 3299 4777 3450 4833; x_wconf 64' lang='lat' dir='ltr'><strong>inve-</strong></span> 
     </span>
    </p>
   </div>
   <div class='ocr_carea' id='block_1_110' title="bbox 1873 4866 3449 4930">
    <p class='ocr_par' dir='ltr' id='par_1_110' title="bbox 1873 4866 3449 4930">
     <span class='ocr_line' id='line_1_110' title="bbox 1873 4866 3449 4930; baseline 0.003 -9"><span class='ocrx_word' id='word_1_782' title='bbox 1873 4868 2030 4930; x_wconf 84' lang='lat' dir='ltr'><strong>niret.</strong></span> <span class='ocrx_word' id='word_1_783' title='bbox 2077 4867 2151 4921; x_wconf 87' lang='lat' dir='ltr'><strong>ita</strong></span> <span class='ocrx_word' id='word_1_784' title='bbox 2205 4866 2379 4921; x_wconf 88' lang='lat' dir='ltr'><strong>tristis</strong></span> <span class='ocrx_word' id='word_1_785' title='bbox 2428 4866 2675 4922; x_wconf 86' lang='lat' dir='ltr'><strong>redditur</strong></span> <span class='ocrx_word' id='word_1_786' title='bbox 2719 4875 2780 4921; x_wconf 93' lang='lat' dir='ltr'><strong>nt</strong></span> <span class='ocrx_word' id='word_1_787' title='bbox 2829 4883 2938 4923; x_wconf 91' lang='lat' dir='ltr'><strong>non</strong></span> <span class='ocrx_word' id='word_1_788' title='bbox 2988 4880 3272 4924; x_wconf 86' lang='lat' dir='ltr'><strong>cessarent</strong></span> <span class='ocrx_word' id='word_1_789' title='bbox 3317 4868 3449 4925; x_wconf 86' lang='lat' dir='ltr'><strong>ﬁere</strong></span> 
     </span>
    </p>
   </div>
   <div class='ocr_carea' id='block_1_111' title="bbox 1867 4958 3448 5029">
    <p class='ocr_par' dir='ltr' id='par_1_111' title="bbox 1867 4958 3448 5029">
     <span class='ocr_line' id='line_1_111' title="bbox 1867 4958 3448 5029; baseline 0.001 -16"><span class='ocrx_word' id='word_1_790' title='bbox 1867 4960 2008 5015; x_wconf 88' lang='lat' dir='ltr'><strong>oculi</strong></span> <span class='ocrx_word' id='word_1_791' title='bbox 2037 4958 2174 5027; x_wconf 86' lang='lat' dir='ltr'><strong>ejus.</strong></span> <span class='ocrx_word' id='word_1_792' title='bbox 2207 4959 2392 5016; x_wconf 76' lang='lat' dir='ltr'><strong>Tertio</strong></span> <span class='ocrx_word' id='word_1_793' title='bbox 2436 4958 2650 5015; x_wconf 87' lang='lat' dir='ltr'><strong>decimo</strong></span> <span class='ocrx_word' id='word_1_794' title='bbox 2681 4973 2811 5015; x_wconf 86' lang='lat' dir='ltr'><strong>vero</strong></span> <span class='ocrx_word' id='word_1_795' title='bbox 2855 4960 2944 5014; x_wconf 89' lang='lat' dir='ltr'><strong>die</strong></span> <span class='ocrx_word' id='word_1_796' title='bbox 2969 4970 3094 5029; x_wconf 89' lang='lat' dir='ltr'><strong>post</strong></span> <span class='ocrx_word' id='word_1_797' title='bbox 3141 4961 3448 5029; x_wconf 86' lang='lat' dir='ltr'><strong>passionem</strong></span> 
     </span>
    </p>
   </div>
   <div class='ocr_carea' id='block_1_112' title="bbox 1864 5050 3448 5123">
    <p class='ocr_par' dir='ltr' id='par_1_112' title="bbox 1864 5050 3448 5123">
     <span class='ocr_line' id='line_1_112' title="bbox 1864 5050 3448 5123; baseline -0.003 -15"><span class='ocrx_word' id='word_1_798' title='bbox 1864 5054 2037 5109; x_wconf 87' lang='lat' dir='ltr'><strong>sancti</strong></span> <span class='ocrx_word' id='word_1_799' title='bbox 2066 5051 2360 5123; x_wconf 87' lang='lat' dir='ltr'><strong>Hippolyti,</strong></span> <span class='ocrx_word' id='word_1_800' title='bbox 2390 5051 2539 5106; x_wconf 88' lang='lat' dir='ltr'><strong>venit</strong></span> <span class='ocrx_word' id='word_1_801' title='bbox 2564 5050 2785 5121; x_wconf 88' lang='lat' dir='ltr'><strong>quidam</strong></span> <span class='ocrx_word' id='word_1_802' title='bbox 2817 5050 2971 5106; x_wconf 87' lang='lat' dir='ltr'><strong>miles</strong></span> <span class='ocrx_word' id='word_1_803' title='bbox 2994 5050 3332 5122; x_wconf 83' lang='lat' dir='ltr'><strong>Porphyrius</strong></span> <span class='ocrx_word' id='word_1_804' title='bbox 3351 5066 3448 5106; x_wconf 87' lang='lat' dir='ltr'><strong>no-</strong></span> 
     </span>
    </p>
   </div>
   <div class='ocr_carea' id='block_1_113' title="bbox 1866 5140 3448 5213">
    <p class='ocr_par' dir='ltr' id='par_1_113' title="bbox 1866 5140 3448 5213">
     <span class='ocr_line' id='line_1_113' title="bbox 1866 5140 3448 5213; baseline -0.003 -14"><span class='ocrx_word' id='word_1_805' title='bbox 1866 5144 2011 5199; x_wconf 87' lang='lat' dir='ltr'><strong>mine</strong></span> <span class='ocrx_word' id='word_1_806' title='bbox 2035 5181 2052 5209; x_wconf 93' lang='lat'><strong>,</strong></span> <span class='ocrx_word' id='word_1_807' title='bbox 2088 5144 2157 5198; x_wconf 88' lang='lat' dir='ltr'><strong>ad</strong></span> <span class='ocrx_word' id='word_1_808' title='bbox 2205 5141 2468 5197; x_wconf 61' lang='lat' dir='ltr'><strong>Irenaeum</strong></span> <span class='ocrx_word' id='word_1_809' title='bbox 2521 5141 2879 5209; x_wconf 86' lang='lat' dir='ltr'><strong>cloacarium,</strong></span> <span class='ocrx_word' id='word_1_810' title='bbox 2903 5142 2996 5213; x_wconf 89' lang='lat' dir='ltr'><strong>qui</strong></span> <span class='ocrx_word' id='word_1_811' title='bbox 3035 5142 3249 5197; x_wconf 89' lang='lat' dir='ltr'><strong>occulte</strong></span> <span class='ocrx_word' id='word_1_812' title='bbox 3290 5140 3448 5195; x_wconf 89' lang='lat' dir='ltr'><strong>Chri-</strong></span> 
     </span>
    </p>
   </div>
   <div class='ocr_carea' id='block_1_114' title="bbox 1865 5232 3446 5304">
    <p class='ocr_par' dir='ltr' id='par_1_114' title="bbox 1865 5232 3446 5304">
     <span class='ocr_line' id='line_1_114' title="bbox 1865 5232 3446 5304; baseline -0.004 -12"><span class='ocrx_word' id='word_1_813' title='bbox 1865 5236 2078 5292; x_wconf 83' lang='lat' dir='ltr'><strong>stianus</strong></span> <span class='ocrx_word' id='word_1_814' title='bbox 2103 5242 2246 5300; x_wconf 81' lang='lat' dir='ltr'><strong>erat,</strong></span> <span class='ocrx_word' id='word_1_815' title='bbox 2267 5243 2325 5291; x_wconf 88' lang='lat' dir='ltr'><strong>et</strong></span> <span class='ocrx_word' id='word_1_816' title='bbox 2350 5234 2486 5291; x_wconf 85' lang='lat' dir='ltr'><strong>dicit</strong></span> <span class='ocrx_word' id='word_1_817' title='bbox 2519 5234 2569 5290; x_wconf 91' lang='lat' dir='ltr'><strong>ei</strong></span> <span class='ocrx_word' id='word_1_818' title='bbox 2600 5252 2617 5289; x_wconf 91' lang='lat'><strong>:</strong></span> <span class='ocrx_word' id='word_1_819' title='bbox 2654 5233 2714 5290; x_wconf 92' lang='lat' dir='ltr'><strong>Si</strong></span> <span class='ocrx_word' id='word_1_820' title='bbox 2739 5242 3012 5290; x_wconf 86' lang='lat' dir='ltr'><strong>secretum</strong></span> <span class='ocrx_word' id='word_1_821' title='bbox 3045 5232 3221 5304; x_wconf 86' lang='lat' dir='ltr'><strong>possis</strong></span> <span class='ocrx_word' id='word_1_822' title='bbox 3260 5242 3446 5287; x_wconf 81' lang='lat' dir='ltr'><strong>custo-</strong></span> 
     </span>
    </p>
   </div>
   <div class='ocr_carea' id='block_1_115' title="bbox 1866 5324 3449 5400">
    <p class='ocr_par' dir='ltr' id='par_1_115' title="bbox 1866 5324 3449 5400">
     <span class='ocr_line' id='line_1_115' title="bbox 1866 5324 3449 5400; baseline -0.003 -17"><span class='ocrx_word' id='word_1_823' title='bbox 1866 5329 2005 5395; x_wconf 88' lang='lat' dir='ltr'><strong>dire,</strong></span> <span class='ocrx_word' id='word_1_824' title='bbox 2034 5328 2327 5400; x_wconf 80' lang='lat' dir='ltr'><strong>divulgabo</strong></span> <span class='ocrx_word' id='word_1_825' title='bbox 2356 5326 2463 5382; x_wconf 89' lang='lat' dir='ltr'><strong>arti</strong></span> <span class='ocrx_word' id='word_1_826' title='bbox 2494 5334 2600 5382; x_wconf 65' lang='lat' dir='ltr'><strong>tua:</strong></span> <span class='ocrx_word' id='word_1_827' title='bbox 2626 5325 2856 5381; x_wconf 90' lang='lat' dir='ltr'><strong>multum</strong></span> <span class='ocrx_word' id='word_1_828' title='bbox 2887 5325 2956 5381; x_wconf 90' lang='lat' dir='ltr'><strong>ad</strong></span> <span class='ocrx_word' id='word_1_829' title='bbox 2981 5332 3270 5397; x_wconf 67' lang='lat' dir='ltr'><strong>quaestum.</strong></span> <span class='ocrx_word' id='word_1_830' title='bbox 3307 5324 3449 5379; x_wconf 85' lang='lat' dir='ltr'><strong>Ante</strong></span> 
     </span>
    </p>
   </div>
   <div class='ocr_carea' id='block_1_116' title="bbox 1866 5414 3447 5490">
    <p class='ocr_par' dir='ltr' id='par_1_116' title="bbox 1866 5414 3447 5490">
     <span class='ocr_line' id='line_1_116' title="bbox 1866 5414 3447 5490; baseline -0.006 -13"><span class='ocrx_word' id='word_1_831' title='bbox 1866 5422 1968 5477; x_wconf 88' lang='lat' dir='ltr'><strong>hos</strong></span> <span class='ocrx_word' id='word_1_832' title='bbox 2012 5420 2129 5476; x_wconf 87' lang='lat' dir='ltr'><strong>dies</strong></span> <span class='ocrx_word' id='word_1_833' title='bbox 2161 5418 2328 5490; x_wconf 88' lang='lat' dir='ltr'><strong>jussit</strong></span> <span class='ocrx_word' id='word_1_834' title='bbox 2371 5416 2690 5474; x_wconf 71' lang='lat' dir='ltr'><strong>Valerianus</strong></span> <span class='ocrx_word' id='word_1_835' title='bbox 2717 5414 3008 5488; x_wconf 71' lang='lat' dir='ltr'><strong>praefectus</strong></span> <span class='ocrx_word' id='word_1_836' title='bbox 3051 5415 3105 5471; x_wconf 92' lang='lat' dir='ltr'><strong>in</strong></span> <span class='ocrx_word' id='word_1_837' title='bbox 3152 5424 3447 5485; x_wconf 86' lang='lat' dir='ltr'><strong>conspectu</strong></span> 
     </span>
    </p>
   </div>
   <div class='ocr_carea' id='block_1_117' title="bbox 1862 5503 3443 5582">
    <p class='ocr_par' dir='ltr' id='par_1_117' title="bbox 1862 5503 3443 5582">
     <span class='ocr_line' id='line_1_117' title="bbox 1862 5503 3443 5582; baseline -0.005 -14"><span class='ocrx_word' id='word_1_838' title='bbox 1862 5527 1963 5568; x_wconf 87' lang='lat' dir='ltr'><strong>suo</strong></span> <span class='ocrx_word' id='word_1_839' title='bbox 1990 5511 2278 5582; x_wconf 85' lang='lat' dir='ltr'><strong>quamdam</strong></span> <span class='ocrx_word' id='word_1_840' title='bbox 2317 5509 2664 5565; x_wconf 86' lang='lat' dir='ltr'><strong>creditariam</strong></span> <span class='ocrx_word' id='word_1_841' title='bbox 2691 5507 2963 5579; x_wconf 75' lang='lat' dir='ltr'><strong>Hippolyti</strong></span> <span class='ocrx_word' id='word_1_842' title='bbox 2992 5504 3287 5577; x_wconf 84' lang='lat' dir='ltr'><strong>plumbatis</strong></span> <span class='ocrx_word' id='word_1_843' title='bbox 3309 5503 3443 5561; x_wconf 56' lang='grc' dir='ltr'>(ιθιιι</span> 
     </span>
    </p>
   </div>
   <div class='ocr_carea' id='block_1_118' title="bbox 1862 5594 3448 5672">
    <p class='ocr_par' dir='ltr' id='par_1_118' title="bbox 1862 5594 3448 5672">
     <span class='ocr_line' id='line_1_118' title="bbox 1862 5594 3448 5672; baseline -0.004 -14"><span class='ocrx_word' id='word_1_844' title='bbox 1862 5617 2011 5668; x_wconf 85' lang='lat' dir='ltr'><strong>cere,</strong></span> <span class='ocrx_word' id='word_1_845' title='bbox 2037 5608 2094 5656; x_wconf 88' lang='lat' dir='ltr'><strong>et</strong></span> <span class='ocrx_word' id='word_1_846' title='bbox 2113 5614 2313 5672; x_wconf 89' lang='lat' dir='ltr'><strong>corpus</strong></span> <span class='ocrx_word' id='word_1_847' title='bbox 2340 5598 2456 5669; x_wconf 90' lang='lat' dir='ltr'><strong>ejus</strong></span> <span class='ocrx_word' id='word_1_848' title='bbox 2482 5600 2536 5654; x_wconf 91' lang='lat' dir='ltr'><strong>in</strong></span> <span class='ocrx_word' id='word_1_849' title='bbox 2564 5599 2807 5654; x_wconf 85' lang='lat' dir='ltr'><strong>cloacam</strong></span> <span class='ocrx_word' id='word_1_850' title='bbox 2837 5596 3060 5666; x_wconf 88' lang='lat' dir='ltr'><strong>jactari.</strong></span> <span class='ocrx_word' id='word_1_851' title='bbox 3095 5594 3222 5651; x_wconf 69' lang='lat' dir='ltr'><strong>Haec</strong></span> <span class='ocrx_word' id='word_1_852' title='bbox 3257 5596 3313 5651; x_wconf 89' lang='lat' dir='ltr'><strong>in</strong></span> <span class='ocrx_word' id='word_1_853' title='bbox 3355 5610 3448 5651; x_wconf 82' lang='lat' dir='ltr'><strong>ve-</strong></span> 
     </span>
    </p>
   </div>
   <div class='ocr_carea' id='block_1_119' title="bbox 1933 5748 3141 5823">
    <p class='ocr_par' dir='ltr' id='par_1_119' title="bbox 1933 5748 3141 5823">
     <span class='ocr_line' id='line_1_119' title="bbox 1933 5748 3141 5823; baseline -0.009 -10"><span class='ocrx_word' id='word_1_854' title='bbox 1933 5758 1963 5798; x_wconf 73' lang='grc' dir='ltr'><strong>ὶι</strong></span> <span class='ocrx_word' id='word_1_855' title='bbox 2004 5756 2079 5812; x_wconf 88' lang='lat' dir='ltr'><strong>De</strong></span> <span class='ocrx_word' id='word_1_856' title='bbox 2104 5755 2208 5810; x_wconf 87' lang='lat' dir='ltr'><strong>hoc</strong></span> <span class='ocrx_word' id='word_1_857' title='bbox 2239 5754 2292 5808; x_wconf 86' lang='lat' dir='ltr'><strong>in</strong></span> <span class='ocrx_word' id='word_1_858' title='bbox 2325 5753 2491 5823; x_wconf 81' lang='lat' dir='ltr'><strong>gestis</strong></span> <span class='ocrx_word' id='word_1_859' title='bbox 2513 5750 2570 5807; x_wconf 88' lang='lat' dir='ltr'><strong>S.</strong></span> <span class='ocrx_word' id='word_1_860' title='bbox 2595 5749 2894 5813; x_wconf 85' lang='lat' dir='ltr'><strong>Laurentii,</strong></span> <span class='ocrx_word' id='word_1_861' title='bbox 2921 5749 2988 5803; x_wconf 79' lang='grc'><strong>10</strong></span> <span class='ocrx_word' id='word_1_862' title='bbox 3010 5748 3141 5820; x_wconf 85' lang='lat' dir='ltr'><strong>Aug.</strong></span> 
     </span>
    </p>
   </div>
   <div class='ocr_carea' id='block_1_120' title="bbox 2934 5849 3001 5906">
    <p class='ocr_par' dir='ltr' id='par_1_120' title="bbox 2934 5849 3001 5906">
     <span class='ocr_line' id='line_1_120' title="bbox 2934 5849 3001 5906; baseline 0.104 -7"><span class='ocrx_word' id='word_1_863' title='bbox 2934 5849 3001 5906; x_wconf 79' lang='lat' dir='ltr'><strong>ll</strong></span> 
     </span>
    </p>
   </div>
  </div>
