  <div class='ocr_page' id='page_1' title='image "/cluster/home/n/w/nwhite01/storage/ocr_20150623/123/hvd.32044011218062/183.png"; bbox 0 0 3962 6366; ppageno 0'>
   <div class='ocr_carea' id='block_1_1' title="bbox 536 335 633 392">
    <p class='ocr_par' dir='ltr' id='par_1_1' title="bbox 536 335 633 392">
     <span class='ocr_line' id='line_1_1' title="bbox 536 335 633 392; baseline 0.021 -2"><span class='ocrx_word' id='word_1_1' title='bbox 536 335 633 392; x_wconf 71' lang='grc'><strong>551</strong></span> 
     </span>
    </p>
   </div>
   <div class='ocr_carea' id='block_1_2' title="bbox 1540 333 2814 396">
    <p class='ocr_par' dir='ltr' id='par_1_2' title="bbox 1540 333 2814 396">
     <span class='ocr_line' id='line_1_2' title="bbox 1540 333 2814 396; baseline 0.008 -11"><span class='ocrx_word' id='word_1_2' title='bbox 1540 335 1595 387; x_wconf 71' lang='lat' dir='ltr'><strong>S.</strong></span> <span class='ocrx_word' id='word_1_3' title='bbox 1642 333 1889 388; x_wconf 66' lang='lat' dir='ltr'><strong>ABONIS</strong></span> <span class='ocrx_word' id='word_1_4' title='bbox 1930 334 2358 393; x_wconf 69' lang='lat' dir='ltr'><strong>ARCIIIEPISC.</strong></span> <span class='ocrx_word' id='word_1_5' title='bbox 2402 338 2814 396; x_wconf 73' lang='lat' dir='ltr'><strong>VlE-NNENSIS</strong></span> 
     </span>
    </p>
   </div>
   <div class='ocr_carea' id='block_1_3' title="bbox 3694 344 3817 400">
    <p class='ocr_par' dir='ltr' id='par_1_3' title="bbox 3694 344 3817 400">
     <span class='ocr_line' id='line_1_3' title="bbox 3694 344 3817 400; baseline 0 0"><span class='ocrx_word' id='word_1_6' title='bbox 3694 344 3817 400; x_wconf 71' lang='lat'><strong>35‘!</strong></span> 
     </span>
    </p>
   </div>
   <div class='ocr_carea' id='block_1_4' title="bbox 532 446 3816 525">
    <p class='ocr_par' dir='ltr' id='par_1_4' title="bbox 532 446 3816 525">
     <span class='ocr_line' id='line_1_4' title="bbox 532 446 3816 525; baseline 0.001 -19"><span class='ocrx_word' id='word_1_7' title='bbox 532 453 710 507; x_wconf 80' lang='lat' dir='ltr'><strong>stibus</strong></span> <span class='ocrx_word' id='word_1_8' title='bbox 738 448 854 506; x_wconf 82' lang='lat' dir='ltr'><strong>suis</strong></span> <span class='ocrx_word' id='word_1_9' title='bbox 880 460 1043 519; x_wconf 83' lang='lat' dir='ltr'><strong>spero</strong></span> <span class='ocrx_word' id='word_1_10' title='bbox 1070 446 1215 517; x_wconf 91' lang='lat' dir='ltr'><strong>quod</strong></span> <span class='ocrx_word' id='word_1_11' title='bbox 1245 446 1569 517; x_wconf 74' lang='lat' dir='ltr'><strong>margaritas</strong></span> <span class='ocrx_word' id='word_1_12' title='bbox 1600 446 1763 500; x_wconf 83' lang='lat' dir='ltr'><strong>habet</strong></span> <span class='ocrx_word' id='word_1_13' title='bbox 1798 448 2115 512; x_wconf 75' lang='lat' dir='ltr'><strong>absconSaS,</strong></span> <span class='ocrx_word' id='word_1_14' title='bbox 2150 458 2188 510; x_wconf 67' lang='grc' dir='ltr'><strong>Α</strong></span> <span class='ocrx_word' id='word_1_15' title='bbox 2219 465 2323 517; x_wconf 74' lang='lat' dir='ltr'><strong>qut!</strong></span> <span class='ocrx_word' id='word_1_16' title='bbox 2354 452 2635 505; x_wconf 75' lang='lat' dir='ltr'><strong>exhalaret</strong></span> <span class='ocrx_word' id='word_1_17' title='bbox 2664 452 2936 521; x_wconf 80' lang='lat' dir='ltr'><strong>Spiritum.</strong></span> <span class='ocrx_word' id='word_1_18' title='bbox 2970 451 3038 507; x_wconf 88' lang='lat' dir='ltr'><strong>Et</strong></span> <span class='ocrx_word' id='word_1_19' title='bbox 3081 461 3326 509; x_wconf 60' lang='lat' dir='ltr'><strong>revoluto</strong></span> <span class='ocrx_word' id='word_1_20' title='bbox 3371 451 3491 521; x_wconf 81' lang='lat' dir='ltr'><strong>ejus</strong></span> <span class='ocrx_word' id='word_1_21' title='bbox 3531 468 3775 525; x_wconf 85' lang='lat' dir='ltr'><strong>corpore</strong></span> <span class='ocrx_word' id='word_1_22' title='bbox 3798 497 3816 520; x_wconf 93' lang='lat'><strong>,</strong></span> 
     </span>
    </p>
   </div>
   <div class='ocr_carea' id='block_1_5' title="bbox 532 538 2116 601">
    <p class='ocr_par' dir='ltr' id='par_1_5' title="bbox 532 538 2116 601">
     <span class='ocr_line' id='line_1_5' title="bbox 532 538 2116 601; baseline -0.001 -7"><span class='ocrx_word' id='word_1_23' title='bbox 532 544 619 597; x_wconf 84' lang='lat' dir='ltr'><strong>vel</strong></span> <span class='ocrx_word' id='word_1_24' title='bbox 657 556 873 595; x_wconf 88' lang='lat' dir='ltr'><strong>aurum.</strong></span> <span class='ocrx_word' id='word_1_25' title='bbox 912 538 1152 601; x_wconf 80' lang='lat' dir='ltr'><strong>Audiens</strong></span> <span class='ocrx_word' id='word_1_26' title='bbox 1181 538 1295 592; x_wconf 63' lang='lat' dir='ltr'><strong>hinc</strong></span> <span class='ocrx_word' id='word_1_27' title='bbox 1327 538 1577 601; x_wconf 65' lang='lat' dir='ltr'><strong>Iri-naeus,</strong></span> <span class='ocrx_word' id='word_1_28' title='bbox 1608 538 1876 591; x_wconf 84' lang='lat' dir='ltr'><strong>iutintavit</strong></span> <span class='ocrx_word' id='word_1_29' title='bbox 1907 547 2116 592; x_wconf 83' lang='lat' dir='ltr'><strong>secreto</strong></span> 
     </span>
    </p>
   </div>
   <div class='ocr_carea' id='block_1_6' title="bbox 459 628 2120 701">
    <p class='ocr_par' dir='ltr' id='par_1_6' title="bbox 459 628 2120 701">
     <span class='ocr_line' id='line_1_6' title="bbox 459 628 2120 701; baseline -0.005 -10"><span class='ocrx_word' id='word_1_30' title='bbox 459 664 465 675; x_wconf 70' lang='grc' dir='ltr'><em>α</em></span> <span class='ocrx_word' id='word_1_31' title='bbox 526 636 693 692; x_wconf 73' lang='lat' dir='ltr'><strong>beato</strong></span> <span class='ocrx_word' id='word_1_32' title='bbox 731 631 944 687; x_wconf 79' lang='lat' dir='ltr'><strong>Justino</strong></span> <span class='ocrx_word' id='word_1_33' title='bbox 994 630 1328 701; x_wconf 73' lang='lat' dir='ltr'><strong>presbytero.</strong></span> <span class='ocrx_word' id='word_1_34' title='bbox 1375 629 1476 696; x_wconf 85' lang='lat' dir='ltr'><strong>Qui</strong></span> <span class='ocrx_word' id='word_1_35' title='bbox 1520 628 1742 683; x_wconf 77' lang='lat' dir='ltr'><strong>flectens</strong></span> <span class='ocrx_word' id='word_1_36' title='bbox 1783 645 1957 697; x_wconf 80' lang='lat' dir='ltr'><strong>genua</strong></span> <span class='ocrx_word' id='word_1_37' title='bbox 1991 645 2120 700; x_wconf 90' lang='lat' dir='ltr'><strong>gra-</strong></span> 
     </span>
    </p>
   </div>
   <div class='ocr_carea' id='block_1_7' title="bbox 532 722 2116 796">
    <p class='ocr_par' dir='ltr' id='par_1_7' title="bbox 532 722 2116 796">
     <span class='ocr_line' id='line_1_7' title="bbox 532 722 2116 796; baseline -0.006 -13"><span class='ocrx_word' id='word_1_38' title='bbox 532 729 642 783; x_wconf 87' lang='lat' dir='ltr'><strong>tias</strong></span> <span class='ocrx_word' id='word_1_39' title='bbox 671 725 783 796; x_wconf 88' lang='lat' dir='ltr'><strong>egit</strong></span> <span class='ocrx_word' id='word_1_40' title='bbox 811 724 941 780; x_wconf 88' lang='lat' dir='ltr'><strong>Deo.</strong></span> <span class='ocrx_word' id='word_1_41' title='bbox 976 722 1306 793; x_wconf 86' lang='lat' dir='ltr'><strong>Porphyrius</strong></span> <span class='ocrx_word' id='word_1_42' title='bbox 1335 732 1516 776; x_wconf 89' lang='lat' dir='ltr'><strong>autem</strong></span> <span class='ocrx_word' id='word_1_43' title='bbox 1553 731 1712 777; x_wconf 89' lang='lat' dir='ltr'><strong>noctu</strong></span> <span class='ocrx_word' id='word_1_44' title='bbox 1740 722 1964 776; x_wconf 88' lang='lat' dir='ltr'><strong>veniens</strong></span> <span class='ocrx_word' id='word_1_45' title='bbox 1995 738 2116 775; x_wconf 88' lang='lat' dir='ltr'><strong>cum</strong></span> 
     </span>
    </p>
   </div>
   <div class='ocr_carea' id='block_1_8' title="bbox 521 813 2121 883">
    <p class='ocr_par' dir='ltr' id='par_1_8' title="bbox 521 813 2121 883">
     <span class='ocr_line' id='line_1_8' title="bbox 521 813 2121 883; baseline -0.004 -8"><span class='ocrx_word' id='word_1_46' title='bbox 521 818 740 875; x_wconf 73' lang='grc' dir='ltr'><strong>ἰι-οτιωο</strong></span> <span class='ocrx_word' id='word_1_47' title='bbox 775 815 983 870; x_wconf 78' lang='lat' dir='ltr'><strong>invenit</strong></span> <span class='ocrx_word' id='word_1_48' title='bbox 1007 829 1205 883; x_wconf 86' lang='lat' dir='ltr'><strong>corpus</strong></span> <span class='ocrx_word' id='word_1_49' title='bbox 1235 823 1502 868; x_wconf 89' lang='lat' dir='ltr'><strong>sanctum.</strong></span> <span class='ocrx_word' id='word_1_50' title='bbox 1538 813 1644 868; x_wconf 85' lang='lat' dir='ltr'><strong>Sed</strong></span> <span class='ocrx_word' id='word_1_51' title='bbox 1677 814 1729 868; x_wconf 90' lang='lat' dir='ltr'><strong>in</strong></span> <span class='ocrx_word' id='word_1_52' title='bbox 1779 814 2121 869; x_wconf 77' lang='lat' dir='ltr'><strong>vestimentis</strong></span> 
     </span>
    </p>
   </div>
   <div class='ocr_carea' id='block_1_9' title="bbox 520 905 2117 967">
    <p class='ocr_par' dir='ltr' id='par_1_9' title="bbox 520 905 2117 967">
     <span class='ocr_line' id='line_1_9' title="bbox 520 905 2117 967; baseline -0.006 0"><span class='ocrx_word' id='word_1_53' title='bbox 520 910 671 967; x_wconf 59' lang='lat' dir='ltr'><strong>nihil</strong></span> <span class='ocrx_word' id='word_1_54' title='bbox 704 911 1040 965; x_wconf 90' lang='lat' dir='ltr'><strong>invenerunt.</strong></span> <span class='ocrx_word' id='word_1_55' title='bbox 1082 906 1278 960; x_wconf 86' lang='lat' dir='ltr'><strong>Beatus</strong></span> <span class='ocrx_word' id='word_1_56' title='bbox 1326 916 1507 961; x_wconf 83' lang='lat' dir='ltr'><strong>autem</strong></span> <span class='ocrx_word' id='word_1_57' title='bbox 1538 907 1770 960; x_wconf 69' lang='lat' dir='ltr'><strong>lrenaaus</strong></span> <span class='ocrx_word' id='word_1_58' title='bbox 1794 905 2010 960; x_wconf 84' lang='lat' dir='ltr'><strong>vocavit</strong></span> <span class='ocrx_word' id='word_1_59' title='bbox 2050 906 2117 959; x_wconf 87' lang='lat' dir='ltr'><strong>ad</strong></span> 
     </span>
    </p>
   </div>
   <div class='ocr_carea' id='block_1_10' title="bbox 534 998 2122 1075">
    <p class='ocr_par' dir='ltr' id='par_1_10' title="bbox 534 998 2122 1075">
     <span class='ocr_line' id='line_1_10' title="bbox 534 998 2122 1075; baseline -0.007 -16"><span class='ocrx_word' id='word_1_60' title='bbox 534 1020 596 1060; x_wconf 81' lang='lat' dir='ltr'><strong>se</strong></span> <span class='ocrx_word' id='word_1_61' title='bbox 618 1001 906 1075; x_wconf 91' lang='lat' dir='ltr'><strong>quemdam</strong></span> <span class='ocrx_word' id='word_1_62' title='bbox 942 999 1311 1055; x_wconf 87' lang='lat' dir='ltr'><strong>Cbristianmn</strong></span> <span class='ocrx_word' id='word_1_63' title='bbox 1338 998 1646 1053; x_wconf 87' lang='lat' dir='ltr'><strong>Abundium</strong></span> <span class='ocrx_word' id='word_1_64' title='bbox 1676 998 1916 1059; x_wconf 89' lang='lat' dir='ltr'><strong>nomine,</strong></span> <span class='ocrx_word' id='word_1_65' title='bbox 1947 1008 1999 1051; x_wconf 92' lang='lat' dir='ltr'><strong>et</strong></span> <span class='ocrx_word' id='word_1_66' title='bbox 2033 1007 2122 1050; x_wconf 91' lang='lat' dir='ltr'><strong>tn-</strong></span> 
     </span>
    </p>
   </div>
   <div class='ocr_carea' id='block_1_11' title="bbox 528 1088 2124 1162">
    <p class='ocr_par' dir='ltr' id='par_1_11' title="bbox 528 1088 2124 1162">
     <span class='ocr_line' id='line_1_11' title="bbox 528 1088 2124 1162; baseline -0.004 -12"><span class='ocrx_word' id='word_1_67' title='bbox 528 1096 718 1150; x_wconf 71' lang='lat' dir='ltr'><strong>‘lerunt</strong></span> <span class='ocrx_word' id='word_1_68' title='bbox 747 1107 943 1162; x_wconf 87' lang='lat' dir='ltr'><strong>corpus</strong></span> <span class='ocrx_word' id='word_1_69' title='bbox 992 1090 1130 1159; x_wconf 85' lang='lat' dir='ltr'><strong>ejus,</strong></span> <span class='ocrx_word' id='word_1_70' title='bbox 1157 1102 1212 1146; x_wconf 92' lang='lat' dir='ltr'><strong>et</strong></span> <span class='ocrx_word' id='word_1_71' title='bbox 1248 1091 1619 1162; x_wconf 81' lang='lat' dir='ltr'><strong>perduxerunt</strong></span> <span class='ocrx_word' id='word_1_72' title='bbox 1654 1091 1723 1145; x_wconf 89' lang='lat' dir='ltr'><strong>ad</strong></span> <span class='ocrx_word' id='word_1_73' title='bbox 1765 1091 1980 1144; x_wconf 87' lang='lat' dir='ltr'><strong>beatum</strong></span> <span class='ocrx_word' id='word_1_74' title='bbox 2027 1088 2124 1144; x_wconf 82' lang='lat' dir='ltr'><strong>Ju-</strong></span> 
     </span>
    </p>
   </div>
   <div class='ocr_carea' id='block_1_12' title="bbox 534 1183 2123 1257">
    <p class='ocr_par' dir='ltr' id='par_1_12' title="bbox 534 1183 2123 1257">
     <span class='ocr_line' id='line_1_12' title="bbox 534 1183 2123 1257; baseline -0.005 -14"><span class='ocrx_word' id='word_1_75' title='bbox 534 1190 758 1244; x_wconf 83' lang='lat' dir='ltr'><strong>stinum.</strong></span> <span class='ocrx_word' id='word_1_76' title='bbox 788 1187 891 1255; x_wconf 90' lang='lat' dir='ltr'><strong>Qui</strong></span> <span class='ocrx_word' id='word_1_77' title='bbox 941 1186 1145 1257; x_wconf 79' lang='lat' dir='ltr'><strong>gratias</strong></span> <span class='ocrx_word' id='word_1_78' title='bbox 1191 1199 1357 1254; x_wconf 90' lang='lat' dir='ltr'><strong>agens</strong></span> <span class='ocrx_word' id='word_1_79' title='bbox 1410 1184 1542 1248; x_wconf 91' lang='lat' dir='ltr'><strong>Deo,</strong></span> <span class='ocrx_word' id='word_1_80' title='bbox 1572 1183 1701 1238; x_wconf 92' lang='lat' dir='ltr'><strong>illud</strong></span> <span class='ocrx_word' id='word_1_81' title='bbox 1762 1184 2022 1252; x_wconf 85' lang='lat' dir='ltr'><strong>suscepit,</strong></span> <span class='ocrx_word' id='word_1_82' title='bbox 2067 1192 2123 1236; x_wconf 87' lang='lat' dir='ltr'><strong>et</strong></span> 
     </span>
    </p>
   </div>
   <div class='ocr_carea' id='block_1_13' title="bbox 526 1272 2123 1350">
    <p class='ocr_par' dir='ltr' id='par_1_13' title="bbox 526 1272 2123 1350">
     <span class='ocr_line' id='line_1_13' title="bbox 526 1272 2123 1350; baseline -0.003 -19"><span class='ocrx_word' id='word_1_83' title='bbox 526 1280 685 1350; x_wconf 78' lang='lat' dir='ltr'><strong>juxta</strong></span> <span class='ocrx_word' id='word_1_84' title='bbox 711 1292 939 1348; x_wconf 86' lang='lat' dir='ltr'><strong>corpora</strong></span> <span class='ocrx_word' id='word_1_85' title='bbox 971 1285 1273 1346; x_wconf 83' lang='lat' dir='ltr'><strong>martyrum</strong></span> <span class='ocrx_word' id='word_1_86' title='bbox 1303 1273 1576 1344; x_wconf 85' lang='lat' dir='ltr'><strong>Hippolyti</strong></span> <span class='ocrx_word' id='word_1_87' title='bbox 1619 1281 1675 1328; x_wconf 89' lang='lat' dir='ltr'><strong>et</strong></span> <span class='ocrx_word' id='word_1_88' title='bbox 1705 1272 1936 1329; x_wconf 91' lang='lat' dir='ltr'><strong>aliorum</strong></span> <span class='ocrx_word' id='word_1_89' title='bbox 1967 1286 2123 1343; x_wconf 87' lang='lat' dir='ltr'><strong>sepe-</strong></span> 
     </span>
    </p>
   </div>
   <div class='ocr_carea' id='block_1_14' title="bbox 530 1365 1489 1435">
    <p class='ocr_par' dir='ltr' id='par_1_14' title="bbox 530 1365 1489 1435">
     <span class='ocr_line' id='line_1_14' title="bbox 530 1365 1489 1435; baseline -0.007 -10"><span class='ocrx_word' id='word_1_90' title='bbox 530 1369 680 1435; x_wconf 91' lang='lat' dir='ltr'><strong>livit,</strong></span> <span class='ocrx_word' id='word_1_91' title='bbox 706 1384 803 1423; x_wconf 83' lang='lat' dir='ltr'><strong>vin</strong></span> <span class='ocrx_word' id='word_1_92' title='bbox 827 1367 1099 1423; x_wconf 79' lang='lat' dir='ltr'><strong>Kalendas</strong></span> <span class='ocrx_word' id='word_1_93' title='bbox 1127 1365 1489 1435; x_wconf 85' lang='lat' dir='ltr'><strong>Septembris.</strong></span> 
     </span>
    </p>
   </div>
   <div class='ocr_carea' id='block_1_15' title="bbox 604 1454 2122 1528">
    <p class='ocr_par' dir='ltr' id='par_1_15' title="bbox 604 1454 2122 1528">
     <span class='ocr_line' id='line_1_15' title="bbox 604 1454 2122 1528; baseline -0.007 -10"><span class='ocrx_word' id='word_1_94' title='bbox 604 1460 808 1517; x_wconf 89' lang='lat' dir='ltr'><strong>Eodem</strong></span> <span class='ocrx_word' id='word_1_95' title='bbox 839 1460 925 1514; x_wconf 89' lang='lat' dir='ltr'><strong>die</strong></span> <span class='ocrx_word' id='word_1_96' title='bbox 959 1459 1010 1512; x_wconf 92' lang='lat' dir='ltr'><strong>in</strong></span> <span class='ocrx_word' id='word_1_97' title='bbox 1036 1457 1178 1512; x_wconf 89' lang='lat' dir='ltr'><strong>Foro</strong></span> <span class='ocrx_word' id='word_1_98' title='bbox 1206 1456 1406 1528; x_wconf 74' lang='lat' dir='ltr'><strong>Syllze;</strong></span> <span class='ocrx_word' id='word_1_99' title='bbox 1438 1454 1619 1509; x_wconf 80' lang='lat' dir='ltr'><strong>natale</strong></span> <span class='ocrx_word' id='word_1_100' title='bbox 1653 1455 1824 1509; x_wconf 84' lang='lat' dir='ltr'><strong>sancti</strong></span> <span class='ocrx_word' id='word_1_101' title='bbox 1851 1454 2122 1518; x_wconf 81' lang='lat' dir='ltr'><strong>Cassiani,</strong></span> 
     </span>
    </p>
   </div>
   <div class='ocr_carea' id='block_1_16' title="bbox 522 1547 2127 1625">
    <p class='ocr_par' dir='ltr' id='par_1_16' title="bbox 522 1547 2127 1625">
     <span class='ocr_line' id='line_1_16' title="bbox 522 1547 2127 1625; baseline -0.007 -15"><span class='ocrx_word' id='word_1_102' title='bbox 522 1552 630 1625; x_wconf 66' lang='lat' dir='ltr'><strong>&#39;qui</strong></span> <span class='ocrx_word' id='word_1_103' title='bbox 659 1567 783 1608; x_wconf 90' lang='lat' dir='ltr'><strong>cum</strong></span> <span class='ocrx_word' id='word_1_104' title='bbox 812 1550 1043 1605; x_wconf 88' lang='lat' dir='ltr'><strong>adorare</strong></span> <span class='ocrx_word' id='word_1_105' title='bbox 1068 1547 1210 1603; x_wconf 91' lang='lat' dir='ltr'><strong>idola</strong></span> <span class='ocrx_word' id='word_1_106' title='bbox 1237 1547 1520 1609; x_wconf 88' lang='lat' dir='ltr'><strong>noluisset,</strong></span> <span class='ocrx_word' id='word_1_107' title='bbox 1546 1548 1913 1616; x_wconf 81' lang='lat' dir='ltr'><strong>interrogatus</strong></span> <span class='ocrx_word' id='word_1_108' title='bbox 1940 1561 1970 1599; x_wconf 91' lang='lat' dir='ltr'><strong>a</strong></span> <span class='ocrx_word' id='word_1_109' title='bbox 2003 1560 2127 1616; x_wconf 87' lang='lat' dir='ltr'><strong>per-</strong></span> 
     </span>
    </p>
   </div>
   <div class='ocr_carea' id='block_1_17' title="bbox 536 1637 2126 1712">
    <p class='ocr_par' dir='ltr' id='par_1_17' title="bbox 536 1637 2126 1712">
     <span class='ocr_line' id='line_1_17' title="bbox 536 1637 2126 1712; baseline -0.007 -10"><span class='ocrx_word' id='word_1_110' title='bbox 536 1652 789 1702; x_wconf 81' lang='lat' dir='ltr'><strong>secutore</strong></span> <span class='ocrx_word' id='word_1_111' title='bbox 814 1640 942 1712; x_wconf 84' lang='lat' dir='ltr'><strong>quid</strong></span> <span class='ocrx_word' id='word_1_112' title='bbox 983 1640 1118 1695; x_wconf 87' lang='lat' dir='ltr'><strong>artis</strong></span> <span class='ocrx_word' id='word_1_113' title='bbox 1164 1639 1409 1703; x_wconf 86' lang='lat' dir='ltr'><strong>haberet,</strong></span> <span class='ocrx_word' id='word_1_114' title='bbox 1437 1637 1720 1706; x_wconf 83' lang='lat' dir='ltr'><strong>respondit</strong></span> <span class='ocrx_word' id='word_1_115' title='bbox 1766 1637 1893 1706; x_wconf 89' lang='lat' dir='ltr'><strong>quia</strong></span> <span class='ocrx_word' id='word_1_116' title='bbox 1926 1651 2126 1707; x_wconf 90' lang='lat' dir='ltr'><strong>pueros</strong></span> 
     </span>
    </p>
   </div>
   <div class='ocr_carea' id='block_1_18' title="bbox 522 1728 2126 1800">
    <p class='ocr_par' dir='ltr' id='par_1_18' title="bbox 522 1728 2126 1800">
     <span class='ocr_line' id='line_1_18' title="bbox 522 1728 2126 1800; baseline -0.005 -9"><span class='ocrx_word' id='word_1_117' title='bbox 522 1743 699 1791; x_wconf 64' lang='lat' dir='ltr'><strong>notas</strong></span> <span class='ocrx_word' id='word_1_118' title='bbox 717 1734 955 1790; x_wconf 79' lang='lat' dir='ltr'><strong>doceret.</strong></span> <span class='ocrx_word' id='word_1_119' title='bbox 981 1731 1050 1787; x_wconf 83' lang='lat' dir='ltr'><strong>Et</strong></span> <span class='ocrx_word' id='word_1_120' title='bbox 1071 1746 1214 1792; x_wconf 78' lang='lat' dir='ltr'><strong>mox,</strong></span> <span class='ocrx_word' id='word_1_121' title='bbox 1239 1730 1487 1800; x_wconf 85' lang='lat' dir='ltr'><strong>spoliatis</strong></span> <span class='ocrx_word' id='word_1_122' title='bbox 1507 1729 1770 1792; x_wconf 81' lang='lat' dir='ltr'><strong>vestibus,</strong></span> <span class='ocrx_word' id='word_1_123' title='bbox 1790 1743 1856 1784; x_wconf 89' lang='lat' dir='ltr'><strong>ac</strong></span> <span class='ocrx_word' id='word_1_124' title='bbox 1875 1728 2126 1783; x_wconf 89' lang='lat' dir='ltr'><strong>manibus</strong></span> 
     </span>
    </p>
   </div>
   <div class='ocr_carea' id='block_1_19' title="bbox 2220 541 3824 612">
    <p class='ocr_par' dir='ltr' id='par_1_19' title="bbox 2220 541 3824 612">
     <span class='ocr_line' id='line_1_19' title="bbox 2220 541 3824 612; baseline 0.003 -19"><span class='ocrx_word' id='word_1_125' title='bbox 2220 542 2487 611; x_wconf 52' lang='lat' dir='ltr'><strong>sacrilegii</strong></span> <span class='ocrx_word' id='word_1_126' title='bbox 2537 544 2874 598; x_wconf 78' lang='lat' dir='ltr'><strong>discussores</strong></span> <span class='ocrx_word' id='word_1_127' title='bbox 2902 542 3036 597; x_wconf 83' lang='lat' dir='ltr'><strong>nihil</strong></span> <span class='ocrx_word' id='word_1_128' title='bbox 3067 551 3359 612; x_wconf 80' lang='lat' dir='ltr'><strong>potuerunt</strong></span> <span class='ocrx_word' id='word_1_129' title='bbox 3404 544 3458 598; x_wconf 90' lang='lat' dir='ltr'><strong>in</strong></span> <span class='ocrx_word' id='word_1_130' title='bbox 3487 541 3608 611; x_wconf 66' lang='lat' dir='ltr'><strong>q’us</strong></span> <span class='ocrx_word' id='word_1_131' title='bbox 3636 561 3824 599; x_wconf 78' lang='lat' dir='ltr'><strong>niani-</strong></span> 
     </span>
    </p>
   </div>
   <div class='ocr_carea' id='block_1_20' title="bbox 2219 631 3818 703">
    <p class='ocr_par' dir='ltr' id='par_1_20' title="bbox 2219 631 3818 703">
     <span class='ocr_line' id='line_1_20' title="bbox 2219 631 3818 703; baseline 0.003 -18"><span class='ocrx_word' id='word_1_132' title='bbox 2219 631 2320 685; x_wconf 78' lang='lat' dir='ltr'><strong>bus</strong></span> <span class='ocrx_word' id='word_1_133' title='bbox 2337 632 2779 703; x_wconf 74' lang='lat' dir='ltr'><strong>vestimentisque</strong></span> <span class='ocrx_word' id='word_1_134' title='bbox 2794 632 3040 689; x_wconf 85' lang='lat' dir='ltr'><strong>invenire</strong></span> <span class='ocrx_word' id='word_1_135' title='bbox 3051 643 3520 689; x_wconf 83' lang='lat' dir='ltr'><strong>sacramentorum</strong></span> <span class='ocrx_word' id='word_1_136' title='bbox 3535 634 3748 695; x_wconf 75' lang='lat' dir='ltr'><strong>Christi</strong></span> <span class='ocrx_word' id='word_1_137' title='bbox 3768 638 3818 689; x_wconf 68' lang='grc' dir='ltr'><strong>δ.</strong></span> 
     </span>
    </p>
   </div>
   <div class='ocr_carea' id='block_1_21' title="bbox 2220 718 3819 796">
    <p class='ocr_par' dir='ltr' id='par_1_21' title="bbox 2220 718 3819 796">
     <span class='ocr_line' id='line_1_21' title="bbox 2220 718 3819 796; baseline 0.006 -23"><span class='ocrx_word' id='word_1_138' title='bbox 2220 718 2511 776; x_wconf 79' lang='lat' dir='ltr'><strong>Christiani</strong></span> <span class='ocrx_word' id='word_1_139' title='bbox 2541 733 2722 778; x_wconf 87' lang='lat' dir='ltr'><strong>autem</strong></span> <span class='ocrx_word' id='word_1_140' title='bbox 2750 723 3087 793; x_wconf 86' lang='lat' dir='ltr'><strong>collegerunt</strong></span> <span class='ocrx_word' id='word_1_141' title='bbox 3110 740 3307 793; x_wconf 80' lang='lat' dir='ltr'><strong>corpus</strong></span> <span class='ocrx_word' id='word_1_142' title='bbox 3334 735 3618 796; x_wconf 73' lang='lat' dir='ltr'><strong>martyris.</strong></span> <span class='ocrx_word' id='word_1_143' title='bbox 3645 735 3708 782; x_wconf 71' lang='lat' dir='ltr'><strong>et</strong></span> <span class='ocrx_word' id='word_1_144' title='bbox 3729 743 3819 783; x_wconf 77' lang='lat' dir='ltr'><strong>sc-</strong></span> 
     </span>
    </p>
   </div>
   <div class='ocr_carea' id='block_1_22' title="bbox 2222 814 3503 886">
    <p class='ocr_par' dir='ltr' id='par_1_22' title="bbox 2222 814 3503 886">
     <span class='ocr_line' id='line_1_22' title="bbox 2222 814 3503 886; baseline 0.005 -22"><span class='ocrx_word' id='word_1_145' title='bbox 2222 814 2493 880; x_wconf 77' lang='lat' dir='ltr'><strong>petierunt</strong></span> <span class='ocrx_word' id='word_1_146' title='bbox 2523 815 2577 868; x_wconf 89' lang='lat' dir='ltr'><strong>iu</strong></span> <span class='ocrx_word' id='word_1_147' title='bbox 2608 817 2927 871; x_wconf 85' lang='lat' dir='ltr'><strong>coemeterio</strong></span> <span class='ocrx_word' id='word_1_148' title='bbox 2951 816 3170 881; x_wconf 75' lang='lat' dir='ltr'><strong>Calixti,</strong></span> <span class='ocrx_word' id='word_1_149' title='bbox 3202 817 3289 871; x_wconf 89' lang='lat' dir='ltr'><strong>via</strong></span> <span class='ocrx_word' id='word_1_150' title='bbox 3307 816 3503 886; x_wconf 78' lang='lat' dir='ltr'><strong>Appia.</strong></span> 
     </span>
    </p>
   </div>
   <div class='ocr_carea' id='block_1_23' title="bbox 2559 916 3483 1008">
    <p class='ocr_par' dir='ltr' id='par_1_23' title="bbox 2559 916 3483 1008">
     <span class='ocr_line' id='line_1_23' title="bbox 2559 916 3483 1008; baseline 0.008 -7"><span class='ocrx_word' id='word_1_151' title='bbox 2559 949 2619 1002; x_wconf 88' lang='grc' dir='ltr'><strong>ι).</strong></span> <span class='ocrx_word' id='word_1_152' title='bbox 2659 916 2992 1006; x_wconf 65' lang='lat' dir='ltr'><strong>xvrfttAL.</strong></span> <span class='ocrx_word' id='word_1_153' title='bbox 3033 950 3483 1008; x_wconf 71' lang='lat' dir='ltr'><strong>serrunnms.</strong></span> 
     </span>
    </p>
   </div>
   <div class='ocr_carea' id='block_1_24' title="bbox 2866 1061 3158 1135">
    <p class='ocr_par' dir='ltr' id='par_1_24' title="bbox 2866 1061 3158 1135">
     <span class='ocr_line' id='line_1_24' title="bbox 2866 1061 3158 1135; baseline 0 -19"><span class='ocrx_word' id='word_1_154' title='bbox 2866 1061 2957 1134; x_wconf 81' lang='grc' dir='ltr'><strong>(ιθ</strong></span> <span class='ocrx_word' id='word_1_155' title='bbox 2994 1064 3158 1135; x_wconf 81' lang='lat' dir='ltr'><strong>Aug.)</strong></span> 
     </span>
    </p>
   </div>
   <div class='ocr_carea' id='block_1_25' title="bbox 2298 1170 3821 1244">
    <p class='ocr_par' dir='ltr' id='par_1_25' title="bbox 2298 1170 3821 1244">
     <span class='ocr_line' id='line_1_25' title="bbox 2298 1170 3821 1244; baseline 0.008 -20"><span class='ocrx_word' id='word_1_156' title='bbox 2298 1170 2352 1224; x_wconf 91' lang='lat' dir='ltr'><strong>ln</strong></span> <span class='ocrx_word' id='word_1_157' title='bbox 2380 1170 2559 1229; x_wconf 70' lang='lat' dir='ltr'><strong>Nicara</strong></span> <span class='ocrx_word' id='word_1_158' title='bbox 2584 1171 2872 1244; x_wconf 74' lang='lat' dir='ltr'><strong>Bithyniae,</strong></span> <span class='ocrx_word' id='word_1_159' title='bbox 2898 1175 3100 1235; x_wconf 84' lang='lat' dir='ltr'><strong>natalis</strong></span> <span class='ocrx_word' id='word_1_160' title='bbox 3140 1176 3313 1235; x_wconf 80' lang='lat' dir='ltr'><strong>sancti</strong></span> <span class='ocrx_word' id='word_1_161' title='bbox 3354 1175 3559 1233; x_wconf 78' lang='lat' dir='ltr'><strong>Ureatii</strong></span> <span class='ocrx_word' id='word_1_162' title='bbox 3599 1177 3821 1236; x_wconf 72' lang='lat' dir='ltr'><strong>confes—</strong></span> 
     </span>
    </p>
   </div>
   <div class='ocr_carea' id='block_1_26' title="bbox 2224 1263 3819 1335">
    <p class='ocr_par' dir='ltr' id='par_1_26' title="bbox 2224 1263 3819 1335">
     <span class='ocr_line' id='line_1_26' title="bbox 2224 1263 3819 1335; baseline 0.011 -18"><span class='ocrx_word' id='word_1_163' title='bbox 2224 1263 2366 1318; x_wconf 86' lang='lat' dir='ltr'><strong>soris</strong></span> <span class='ocrx_word' id='word_1_164' title='bbox 2385 1264 2485 1317; x_wconf 88' lang='lat' dir='ltr'><strong>sub</strong></span> <span class='ocrx_word' id='word_1_165' title='bbox 2512 1263 2722 1319; x_wconf 86' lang='lat' dir='ltr'><strong>Licinio</strong></span> <span class='ocrx_word' id='word_1_166' title='bbox 2750 1275 3119 1334; x_wconf 83' lang='lat' dir='ltr'><strong>persecutore.</strong></span> <span class='ocrx_word' id='word_1_167' title='bbox 3150 1267 3274 1335; x_wconf 88' lang='lat' dir='ltr'><strong>Qui,</strong></span> <span class='ocrx_word' id='word_1_168' title='bbox 3306 1268 3566 1329; x_wconf 85' lang='lat' dir='ltr'><strong>derelicta</strong></span> <span class='ocrx_word' id='word_1_169' title='bbox 3595 1269 3819 1335; x_wconf 73' lang='lat' dir='ltr'><strong>militia.</strong></span> 
     </span>
    </p>
   </div>
   <div class='ocr_carea' id='block_1_27' title="bbox 2224 1353 3817 1432">
    <p class='ocr_par' dir='ltr' id='par_1_27' title="bbox 2224 1353 3817 1432">
     <span class='ocr_line' id='line_1_27' title="bbox 2224 1353 3817 1432; baseline 0.005 -25"><span class='ocrx_word' id='word_1_170' title='bbox 2224 1353 2524 1409; x_wconf 83' lang='lat' dir='ltr'><strong>solitariam</strong></span> <span class='ocrx_word' id='word_1_171' title='bbox 2543 1355 2708 1409; x_wconf 83' lang='lat' dir='ltr'><strong>vitam</strong></span> <span class='ocrx_word' id='word_1_172' title='bbox 2732 1355 2786 1410; x_wconf 90' lang='lat' dir='ltr'><strong>in</strong></span> <span class='ocrx_word' id='word_1_173' title='bbox 2812 1357 3045 1424; x_wconf 82' lang='lat' dir='ltr'><strong>quadam</strong></span> <span class='ocrx_word' id='word_1_174' title='bbox 3066 1367 3219 1415; x_wconf 87' lang='lat' dir='ltr'><strong>turre</strong></span> <span class='ocrx_word' id='word_1_175' title='bbox 3241 1358 3478 1428; x_wconf 65' lang='lat' dir='ltr'><strong>praafata:</strong></span> <span class='ocrx_word' id='word_1_176' title='bbox 3491 1360 3656 1417; x_wconf 75' lang='lat' dir='ltr'><strong>urbis</strong></span> <span class='ocrx_word' id='word_1_177' title='bbox 3679 1361 3817 1432; x_wconf 80' lang='lat' dir='ltr'><strong>egit,</strong></span> 
     </span>
    </p>
   </div>
   <div class='ocr_carea' id='block_1_28' title="bbox 2227 1444 3818 1520">
    <p class='ocr_par' dir='ltr' id='par_1_28' title="bbox 2227 1444 3818 1520">
     <span class='ocr_line' id='line_1_28' title="bbox 2227 1444 3818 1520; baseline 0.006 -22"><span class='ocrx_word' id='word_1_178' title='bbox 2227 1444 2500 1514; x_wconf 85' lang='lat' dir='ltr'><strong>tantisque</strong></span> <span class='ocrx_word' id='word_1_179' title='bbox 2525 1446 2813 1503; x_wconf 81' lang='lat' dir='ltr'><strong>virtutibus</strong></span> <span class='ocrx_word' id='word_1_180' title='bbox 2837 1446 3038 1502; x_wconf 89' lang='lat' dir='ltr'><strong>claruit</strong></span> <span class='ocrx_word' id='word_1_181' title='bbox 3073 1457 3132 1503; x_wconf 92' lang='lat' dir='ltr'><strong>ut</strong></span> <span class='ocrx_word' id='word_1_182' title='bbox 3151 1456 3205 1503; x_wconf 89' lang='lat' dir='ltr'><strong>et</strong></span> <span class='ocrx_word' id='word_1_183' title='bbox 3225 1449 3497 1513; x_wconf 71' lang='lat' dir='ltr'><strong>daemones</strong></span> <span class='ocrx_word' id='word_1_184' title='bbox 3516 1450 3818 1520; x_wconf 74' lang='lat' dir='ltr'><strong>expulisse,</strong></span> 
     </span>
    </p>
   </div>
   <div class='ocr_carea' id='block_1_29' title="bbox 2225 1537 3817 1613">
    <p class='ocr_par' dir='ltr' id='par_1_29' title="bbox 2225 1537 3817 1613">
     <span class='ocr_line' id='line_1_29' title="bbox 2225 1537 3817 1613; baseline 0.006 -23"><span class='ocrx_word' id='word_1_185' title='bbox 2225 1546 2281 1591; x_wconf 87' lang='lat' dir='ltr'><strong>et</strong></span> <span class='ocrx_word' id='word_1_186' title='bbox 2328 1537 2601 1609; x_wconf 87' lang='lat' dir='ltr'><strong>ingentem</strong></span> <span class='ocrx_word' id='word_1_187' title='bbox 2635 1540 2930 1595; x_wconf 82' lang='lat' dir='ltr'><strong>draconem</strong></span> <span class='ocrx_word' id='word_1_188' title='bbox 2959 1540 3170 1597; x_wconf 81' lang='lat' dir='ltr'><strong>orando</strong></span> <span class='ocrx_word' id='word_1_189' title='bbox 3199 1541 3542 1599; x_wconf 80' lang='lat' dir='ltr'><strong>interemisse</strong></span> <span class='ocrx_word' id='word_1_190' title='bbox 3581 1543 3817 1613; x_wconf 71' lang='lat' dir='ltr'><strong>legatur.</strong></span> 
     </span>
    </p>
   </div>
   <div class='ocr_carea' id='block_1_30' title="bbox 2228 1624 3854 1719">
    <p class='ocr_par' dir='ltr' id='par_1_30' title="bbox 2228 1624 3854 1719">
     <span class='ocr_line' id='line_1_30' title="bbox 2228 1624 3854 1719; baseline 0.006 -39"><span class='ocrx_word' id='word_1_191' title='bbox 2228 1624 2502 1697; x_wconf 88' lang='lat' dir='ltr'><strong>Scriptum</strong></span> <span class='ocrx_word' id='word_1_192' title='bbox 2536 1628 2588 1682; x_wconf 90' lang='lat' dir='ltr'><strong>in</strong></span> <span class='ocrx_word' id='word_1_193' title='bbox 2621 1628 2761 1685; x_wconf 87' lang='lat' dir='ltr'><strong>libro</strong></span> <span class='ocrx_word' id='word_1_194' title='bbox 2790 1629 2982 1698; x_wconf 86' lang='lat' dir='ltr'><strong>quinto</strong></span> <span class='ocrx_word' id='word_1_195' title='bbox 3017 1629 3258 1685; x_wconf 71' lang='lat' dir='ltr'><strong>historia:</strong></span> <span class='ocrx_word' id='word_1_196' title='bbox 3286 1630 3699 1689; x_wconf 67' lang='lat' dir='ltr'><strong>Ecclesiasticae</strong></span> <span class='ocrx_word' id='word_1_197' title='bbox 3726 1633 3817 1689; x_wconf 46' lang='lat' dir='ltr'><strong>tri.</strong></span> <span class='ocrx_word' id='word_1_198' title='bbox 3844 1710 3854 1719; x_wconf 41' lang='lat'><em>.</em></span> 
     </span>
    </p>
   </div>
   <div class='ocr_carea' id='block_1_31' title="bbox 2228 1718 2688 1789">
    <p class='ocr_par' dir='ltr' id='par_1_31' title="bbox 2228 1718 2688 1789">
     <span class='ocr_line' id='line_1_31' title="bbox 2228 1718 2688 1789; baseline 0.007 -19"><span class='ocrx_word' id='word_1_199' title='bbox 2228 1719 2441 1786; x_wconf 70' lang='lat' dir='ltr'><strong>partitae</strong></span> <span class='ocrx_word' id='word_1_200' title='bbox 2471 1719 2541 1787; x_wconf 87' lang='lat' dir='ltr'><strong>(c.</strong></span> <span class='ocrx_word' id='word_1_201' title='bbox 2572 1718 2688 1789; x_wconf 78' lang='grc'><strong>55).</strong></span> 
     </span>
    </p>
   </div>
   <div class='ocr_carea' id='block_1_32' title="bbox 532 1806 2126 1897">
    <p class='ocr_par' dir='ltr' id='par_1_32' title="bbox 532 1817 2124 1897">
     <span class='ocr_line' id='line_1_32' title="bbox 532 1817 2124 1897; baseline -0.005 -16"><span class='ocrx_word' id='word_1_202' title='bbox 532 1833 662 1897; x_wconf 82' lang='lat' dir='ltr'><strong>post</strong></span> <span class='ocrx_word' id='word_1_203' title='bbox 682 1834 833 1895; x_wconf 88' lang='lat' dir='ltr'><strong>terga</strong></span> <span class='ocrx_word' id='word_1_204' title='bbox 878 1822 1155 1885; x_wconf 88' lang='lat' dir='ltr'><strong>revinctis,</strong></span> <span class='ocrx_word' id='word_1_205' title='bbox 1186 1822 1446 1876; x_wconf 86' lang='lat' dir='ltr'><strong>statuitur</strong></span> <span class='ocrx_word' id='word_1_206' title='bbox 1477 1820 1532 1872; x_wconf 94' lang='lat' dir='ltr'><strong>in</strong></span> <span class='ocrx_word' id='word_1_207' title='bbox 1566 1819 1763 1873; x_wconf 87' lang='lat' dir='ltr'><strong>medio.</strong></span> <span class='ocrx_word' id='word_1_208' title='bbox 1798 1817 2124 1888; x_wconf 81' lang='lat' dir='ltr'><strong>Vocatisque</strong></span> 
     </span>
    </p>
   </div>
   <div class='ocr_carea' id='block_1_33' title="bbox 2236 1806 3815 1897">
    <p class='ocr_par' dir='ltr' id='par_1_33' title="bbox 2303 1806 3815 1881">
     <span class='ocr_line' id='line_1_33' title="bbox 2303 1806 3815 1881; baseline 0.005 -21"><span class='ocrx_word' id='word_1_209' title='bbox 2303 1806 2485 1861; x_wconf 66' lang='lat' dir='ltr'><strong>Romae</strong></span> <span class='ocrx_word' id='word_1_210' title='bbox 2510 1847 2526 1872; x_wconf 91' lang='lat'><strong>,</strong></span> <span class='ocrx_word' id='word_1_211' title='bbox 2567 1816 2768 1863; x_wconf 64' lang='lat' dir='ltr'><strong>sancta:</strong></span> <span class='ocrx_word' id='word_1_212' title='bbox 2795 1807 3016 1869; x_wconf 61' lang='lat' dir='ltr'><strong>Serene</strong></span> <span class='ocrx_word' id='word_1_213' title='bbox 3041 1848 3058 1877; x_wconf 88' lang='lat'><strong>,</strong></span> <span class='ocrx_word' id='word_1_214' title='bbox 3084 1809 3272 1866; x_wconf 75' lang='lat' dir='ltr'><strong>uxoris</strong></span> <span class='ocrx_word' id='word_1_215' title='bbox 3298 1812 3567 1881; x_wconf 87' lang='lat' dir='ltr'><strong>quondam</strong></span> <span class='ocrx_word' id='word_1_216' title='bbox 3597 1810 3815 1867; x_wconf 84' lang='lat' dir='ltr'><strong>Diode-</strong></span> 
     </span>
    </p>
   </div>
   <div class='ocr_carea' id='block_1_34' title="bbox 533 1908 2125 1989">
    <p class='ocr_par' dir='ltr' id='par_1_34' title="bbox 533 1908 2125 1989">
     <span class='ocr_line' id='line_1_34' title="bbox 533 1908 2125 1989; baseline -0.006 -18"><span class='ocrx_word' id='word_1_217' title='bbox 533 1916 741 1989; x_wconf 72' lang='lat' dir='ltr'><strong>pueris,</strong></span> <span class='ocrx_word' id='word_1_218' title='bbox 772 1915 971 1985; x_wconf 84' lang='lat' dir='ltr'><strong>quibus</strong></span> <span class='ocrx_word' id='word_1_219' title='bbox 1018 1913 1263 1968; x_wconf 90' lang='lat' dir='ltr'><strong>docendo</strong></span> <span class='ocrx_word' id='word_1_220' title='bbox 1310 1926 1510 1966; x_wconf 83' lang='lat' dir='ltr'><strong>exosus</strong></span> <span class='ocrx_word' id='word_1_221' title='bbox 1539 1910 1718 1965; x_wconf 82' lang='lat' dir='ltr'><strong>fuerat</strong></span> <span class='ocrx_word' id='word_1_222' title='bbox 1766 1908 1968 1974; x_wconf 87' lang='lat' dir='ltr'><strong>factus,</strong></span> <span class='ocrx_word' id='word_1_223' title='bbox 2000 1910 2125 1963; x_wconf 89' lang='lat' dir='ltr'><strong>data</strong></span> 
     </span>
    </p>
   </div>
   <div class='ocr_carea' id='block_1_35' title="bbox 536 1999 2123 2072">
    <p class='ocr_par' dir='ltr' id='par_1_35' title="bbox 536 1999 2123 2072">
     <span class='ocr_line' id='line_1_35' title="bbox 536 1999 2123 2072; baseline -0.007 -9"><span class='ocrx_word' id='word_1_224' title='bbox 536 2014 623 2063; x_wconf 78' lang='lat' dir='ltr'><strong>est</strong></span> <span class='ocrx_word' id='word_1_225' title='bbox 654 2004 884 2061; x_wconf 79' lang='lat' dir='ltr'><strong>facultas</strong></span> <span class='ocrx_word' id='word_1_226' title='bbox 909 2017 1031 2057; x_wconf 86' lang='lat' dir='ltr'><strong>eum</strong></span> <span class='ocrx_word' id='word_1_227' title='bbox 1057 2001 1377 2072; x_wconf 89' lang='lat' dir='ltr'><strong>perimendi.</strong></span> <span class='ocrx_word' id='word_1_228' title='bbox 1408 2002 1476 2053; x_wconf 83' lang='lat' dir='ltr'><strong>At</strong></span> <span class='ocrx_word' id='word_1_229' title='bbox 1501 1999 1604 2064; x_wconf 92' lang='lat' dir='ltr'><strong>illi,</strong></span> <span class='ocrx_word' id='word_1_230' title='bbox 1632 2007 1899 2069; x_wconf 88' lang='lat' dir='ltr'><strong>quantum</strong></span> <span class='ocrx_word' id='word_1_231' title='bbox 1930 1999 2123 2053; x_wconf 85' lang='lat' dir='ltr'><strong>dolue-</strong></span> 
     </span>
    </p>
   </div>
   <div class='ocr_carea' id='block_1_36' title="bbox 537 2092 2123 2162">
    <p class='ocr_par' dir='ltr' id='par_1_36' title="bbox 537 2092 2123 2162">
     <span class='ocr_line' id='line_1_36' title="bbox 537 2092 2123 2162; baseline -0.006 -9"><span class='ocrx_word' id='word_1_232' title='bbox 537 2106 665 2153; x_wconf 83' lang='lat' dir='ltr'><strong>rant</strong></span> <span class='ocrx_word' id='word_1_233' title='bbox 688 2096 963 2152; x_wconf 83' lang='lat' dir='ltr'><strong>discentes</strong></span> <span class='ocrx_word' id='word_1_234' title='bbox 991 2102 1200 2148; x_wconf 87' lang='lat' dir='ltr'><strong>tantum</strong></span> <span class='ocrx_word' id='word_1_235' title='bbox 1227 2108 1287 2148; x_wconf 87' lang='lat' dir='ltr'><strong>se</strong></span> <span class='ocrx_word' id='word_1_236' title='bbox 1317 2092 1506 2147; x_wconf 87' lang='lat' dir='ltr'><strong>ulcisci</strong></span> <span class='ocrx_word' id='word_1_237' title='bbox 1538 2093 1856 2162; x_wconf 87' lang='lat' dir='ltr'><strong>gaudentes,</strong></span> <span class='ocrx_word' id='word_1_238' title='bbox 1882 2092 1974 2145; x_wconf 88' lang='lat' dir='ltr'><strong>alii</strong></span> <span class='ocrx_word' id='word_1_239' title='bbox 1998 2106 2123 2145; x_wconf 86' lang='lat' dir='ltr'><strong>eum</strong></span> 
     </span>
    </p>
   </div>
   <div class='ocr_carea' id='block_1_37' title="bbox 523 2182 2123 2254">
    <p class='ocr_par' dir='ltr' id='par_1_37' title="bbox 523 2182 2123 2254">
     <span class='ocr_line' id='line_1_37' title="bbox 523 2182 2123 2254; baseline -0.004 -11"><span class='ocrx_word' id='word_1_240' title='bbox 523 2186 739 2243; x_wconf 73' lang='lat' dir='ltr'><strong>tabulis</strong></span> <span class='ocrx_word' id='word_1_241' title='bbox 774 2201 838 2240; x_wconf 90' lang='lat' dir='ltr'><strong>ac</strong></span> <span class='ocrx_word' id='word_1_242' title='bbox 886 2186 1044 2240; x_wconf 81' lang='lat' dir='ltr'><strong>buxis</strong></span> <span class='ocrx_word' id='word_1_243' title='bbox 1088 2185 1376 2245; x_wconf 88' lang='lat' dir='ltr'><strong>feriebant,</strong></span> <span class='ocrx_word' id='word_1_244' title='bbox 1408 2183 1498 2237; x_wconf 89' lang='lat' dir='ltr'><strong>alii</strong></span> <span class='ocrx_word' id='word_1_245' title='bbox 1533 2183 1690 2254; x_wconf 86' lang='lat' dir='ltr'><strong>stylis</strong></span> <span class='ocrx_word' id='word_1_246' title='bbox 1739 2182 2123 2238; x_wconf 87' lang='lat' dir='ltr'><strong>vulnerabant.</strong></span> 
     </span>
    </p>
   </div>
   <div class='ocr_carea' id='block_1_38' title="bbox 538 2274 2126 2347">
    <p class='ocr_par' dir='ltr' id='par_1_38' title="bbox 538 2274 2126 2347">
     <span class='ocr_line' id='line_1_38' title="bbox 538 2274 2126 2347; baseline -0.004 -15"><span class='ocrx_word' id='word_1_247' title='bbox 538 2275 781 2347; x_wconf 85' lang='lat' dir='ltr'><strong>Quorum</strong></span> <span class='ocrx_word' id='word_1_248' title='bbox 808 2283 1011 2346; x_wconf 85' lang='lat' dir='ltr'><strong>quanto</strong></span> <span class='ocrx_word' id='word_1_249' title='bbox 1060 2274 1328 2329; x_wconf 81' lang='lat' dir='ltr'><strong>inﬁrmior</strong></span> <span class='ocrx_word' id='word_1_250' title='bbox 1376 2283 1499 2328; x_wconf 90' lang='lat' dir='ltr'><strong>erat</strong></span> <span class='ocrx_word' id='word_1_251' title='bbox 1544 2287 1759 2337; x_wconf 86' lang='lat' dir='ltr'><strong>manus,</strong></span> <span class='ocrx_word' id='word_1_252' title='bbox 1798 2281 1951 2328; x_wconf 88' lang='lat' dir='ltr'><strong>tanto</strong></span> <span class='ocrx_word' id='word_1_253' title='bbox 1997 2289 2126 2342; x_wconf 90' lang='lat' dir='ltr'><strong>gra-</strong></span> 
     </span>
    </p>
   </div>
   <div class='ocr_carea' id='block_1_39' title="bbox 538 2365 2128 2439">
    <p class='ocr_par' dir='ltr' id='par_1_39' title="bbox 538 2365 2128 2439">
     <span class='ocr_line' id='line_1_39' title="bbox 538 2365 2128 2439; baseline -0.003 -15"><span class='ocrx_word' id='word_1_254' title='bbox 538 2368 746 2424; x_wconf 86' lang='lat' dir='ltr'><strong>viorem</strong></span> <span class='ocrx_word' id='word_1_255' title='bbox 774 2367 1018 2439; x_wconf 86' lang='lat' dir='ltr'><strong>martyrii</strong></span> <span class='ocrx_word' id='word_1_256' title='bbox 1047 2381 1261 2437; x_wconf 69' lang='lat' dir='ltr'><strong>pinnam</strong></span> <span class='ocrx_word' id='word_1_257' title='bbox 1298 2366 1464 2423; x_wconf 90' lang='lat' dir='ltr'><strong>dilata</strong></span> <span class='ocrx_word' id='word_1_258' title='bbox 1493 2374 1667 2421; x_wconf 87' lang='lat' dir='ltr'><strong>morte</strong></span> <span class='ocrx_word' id='word_1_259' title='bbox 1694 2366 1947 2423; x_wconf 87' lang='lat' dir='ltr'><strong>faciebat.</strong></span> <span class='ocrx_word' id='word_1_260' title='bbox 1979 2365 2128 2422; x_wconf 90' lang='lat' dir='ltr'><strong>Scri-</strong></span> 
     </span>
    </p>
   </div>
   <div class='ocr_carea' id='block_1_40' title="bbox 537 2451 1506 2531">
    <p class='ocr_par' dir='ltr' id='par_1_40' title="bbox 537 2451 1506 2531">
     <span class='ocr_line' id='line_1_40' title="bbox 537 2451 1506 2531; baseline -0.005 -15"><span class='ocrx_word' id='word_1_261' title='bbox 537 2460 650 2531; x_wconf 81' lang='lat' dir='ltr'><strong>psit</strong></span> <span class='ocrx_word' id='word_1_262' title='bbox 674 2458 1003 2516; x_wconf 90' lang='lat' dir='ltr'><strong>Prudentius</strong></span> <span class='ocrx_word' id='word_1_263' title='bbox 1020 2468 1176 2527; x_wconf 89' lang='lat' dir='ltr'><strong>poeta</strong></span> <span class='ocrx_word' id='word_1_264' title='bbox 1203 2451 1403 2530; x_wconf 79' lang='lat' dir='ltr'><strong>(hymn.</strong></span> <span class='ocrx_word' id='word_1_265' title='bbox 1430 2457 1506 2527; x_wconf 79' lang='lat'><strong>9).</strong></span> 
     </span>
    </p>
   </div>
   <div class='ocr_carea' id='block_1_41' title="bbox 892 2556 1770 2624">
    <p class='ocr_par' dir='ltr' id='par_1_41' title="bbox 892 2556 1770 2624">
     <span class='ocr_line' id='line_1_41' title="bbox 892 2556 1770 2624; baseline 0 0"><span class='ocrx_word' id='word_1_266' title='bbox 892 2568 953 2624; x_wconf 90' lang='lat' dir='ltr'><strong>B.</strong></span> <span class='ocrx_word' id='word_1_267' title='bbox 986 2568 1109 2624; x_wconf 74' lang='lat' dir='ltr'><strong>XIX</strong></span> <span class='ocrx_word' id='word_1_268' title='bbox 1133 2556 1286 2623; x_wconf 62' lang='grc' dir='ltr'><strong>ΚΑΙ..</strong></span> <span class='ocrx_word' id='word_1_269' title='bbox 1323 2568 1770 2624; x_wconf 76' lang='lat' dir='ltr'><strong>SEPTEMBRIS.</strong></span> 
     </span>
    </p>
   </div>
   <div class='ocr_carea' id='block_1_42' title="bbox 1187 2659 1484 2730">
    <p class='ocr_par' dir='ltr' id='par_1_42' title="bbox 1187 2659 1484 2730">
     <span class='ocr_line' id='line_1_42' title="bbox 1187 2659 1484 2730; baseline -0.007 -17"><span class='ocrx_word' id='word_1_270' title='bbox 1187 2659 1279 2729; x_wconf 77' lang='lat' dir='ltr'><strong>(tt</strong></span> <span class='ocrx_word' id='word_1_271' title='bbox 1319 2659 1484 2730; x_wconf 81' lang='lat' dir='ltr'><strong>Aug.)</strong></span> 
     </span>
    </p>
   </div>
   <div class='ocr_carea' id='block_1_43' title="bbox 612 2750 1703 2824">
    <p class='ocr_par' dir='ltr' id='par_1_43' title="bbox 612 2750 1703 2824">
     <span class='ocr_line' id='line_1_43' title="bbox 612 2750 1703 2824; baseline 0 -20"><span class='ocrx_word' id='word_1_272' title='bbox 612 2750 806 2824; x_wconf 78' lang='lat' dir='ltr'><strong>Vigilia</strong></span> <span class='ocrx_word' id='word_1_273' title='bbox 832 2751 1234 2822; x_wconf 83' lang='lat' dir='ltr'><strong>Assumptionis</strong></span> <span class='ocrx_word' id='word_1_274' title='bbox 1264 2762 1469 2806; x_wconf 73' lang='lat' dir='ltr'><strong>sanetze</strong></span> <span class='ocrx_word' id='word_1_275' title='bbox 1499 2751 1703 2805; x_wconf 77' lang='lat' dir='ltr'><strong>Marize.</strong></span> 
     </span>
    </p>
   </div>
   <div class='ocr_carea' id='block_1_44' title="bbox 612 2824 2131 2914">
    <p class='ocr_par' dir='ltr' id='par_1_44' title="bbox 612 2824 2131 2914">
     <span class='ocr_line' id='line_1_44' title="bbox 612 2824 2131 2914; baseline -0.001 -14"><span class='ocrx_word' id='word_1_276' title='bbox 612 2844 815 2900; x_wconf 87' lang='lat' dir='ltr'><strong>Eodem</strong></span> <span class='ocrx_word' id='word_1_277' title='bbox 866 2843 977 2907; x_wconf 87' lang='lat' dir='ltr'><strong>die,</strong></span> <span class='ocrx_word' id='word_1_278' title='bbox 1007 2842 1185 2897; x_wconf 90' lang='lat' dir='ltr'><strong>natale</strong></span> <span class='ocrx_word' id='word_1_279' title='bbox 1237 2843 1411 2898; x_wconf 84' lang='lat' dir='ltr'><strong>sancti</strong></span> <span class='ocrx_word' id='word_1_280' title='bbox 1461 2843 1676 2898; x_wconf 66' lang='lat' dir='ltr'><strong>Eusebii</strong></span> <span class='ocrx_word' id='word_1_281' title='bbox 1729 2824 2027 2914; x_wconf 71' lang='lat' dir='ltr'><strong>presbyteri</strong></span> <span class='ocrx_word' id='word_1_282' title='bbox 2075 2852 2131 2898; x_wconf 88' lang='lat' dir='ltr'><strong>et</strong></span> 
     </span>
    </p>
   </div>
   <div class='ocr_carea' id='block_1_45' title="bbox 528 2933 2128 3006">
    <p class='ocr_par' dir='ltr' id='par_1_45' title="bbox 528 2933 2128 3006">
     <span class='ocr_line' id='line_1_45' title="bbox 528 2933 2128 3006; baseline -0.002 -14"><span class='ocrx_word' id='word_1_283' title='bbox 528 2936 894 2992; x_wconf 75' lang='lat' dir='ltr'><strong>confessoris.</strong></span> <span class='ocrx_word' id='word_1_284' title='bbox 927 2933 1049 3003; x_wconf 86' lang='lat' dir='ltr'><strong>Qui,</strong></span> <span class='ocrx_word' id='word_1_285' title='bbox 1093 2944 1361 3006; x_wconf 60' lang='lat' dir='ltr'><strong>praesente</strong></span> <span class='ocrx_word' id='word_1_286' title='bbox 1406 2934 1747 2999; x_wconf 85' lang='lat' dir='ltr'><strong>Constantio,</strong></span> <span class='ocrx_word' id='word_1_287' title='bbox 1788 2950 1913 2988; x_wconf 86' lang='lat' dir='ltr'><strong>cum</strong></span> <span class='ocrx_word' id='word_1_288' title='bbox 1970 2936 2128 2989; x_wconf 85' lang='lat' dir='ltr'><strong>fidem</strong></span> 
     </span>
    </p>
   </div>
   <div class='ocr_carea' id='block_1_46' title="bbox 528 3025 2130 3087">
    <p class='ocr_par' dir='ltr' id='par_1_46' title="bbox 528 3025 2130 3087">
     <span class='ocr_line' id='line_1_46' title="bbox 528 3025 2130 3087; baseline -0.003 -2"><span class='ocrx_word' id='word_1_289' title='bbox 528 3028 880 3085; x_wconf 81' lang='lat' dir='ltr'><strong>Catholicam</strong></span> <span class='ocrx_word' id='word_1_290' title='bbox 918 3028 1366 3084; x_wconf 85' lang='lat' dir='ltr'><strong>constantissime</strong></span> <span class='ocrx_word' id='word_1_291' title='bbox 1404 3025 1743 3087; x_wconf 88' lang='lat' dir='ltr'><strong>defenderet,</strong></span> <span class='ocrx_word' id='word_1_292' title='bbox 1778 3036 1826 3080; x_wconf 91' lang='lat' dir='ltr'><strong>et</strong></span> <span class='ocrx_word' id='word_1_293' title='bbox 1857 3025 2130 3080; x_wconf 87' lang='lat' dir='ltr'><strong>Liberimu</strong></span> 
     </span>
    </p>
   </div>
   <div class='ocr_carea' id='block_1_47' title="bbox 544 3115 2131 3191">
    <p class='ocr_par' dir='ltr' id='par_1_47' title="bbox 544 3115 2131 3191">
     <span class='ocr_line' id='line_1_47' title="bbox 544 3115 2131 3191; baseline 0.001 -21"><span class='ocrx_word' id='word_1_294' title='bbox 544 3133 738 3191; x_wconf 73' lang='lat' dir='ltr'><strong>papam</strong></span> <span class='ocrx_word' id='word_1_295' title='bbox 772 3119 977 3174; x_wconf 92' lang='lat' dir='ltr'><strong>doleret</strong></span> <span class='ocrx_word' id='word_1_296' title='bbox 1002 3118 1218 3172; x_wconf 64' lang='lat' dir='ltr'><strong>Arianae</strong></span> <span class='ocrx_word' id='word_1_297' title='bbox 1248 3115 1487 3187; x_wconf 65' lang='lat' dir='ltr'><strong>perfidiae</strong></span> <span class='ocrx_word' id='word_1_298' title='bbox 1507 3117 1870 3180; x_wconf 82' lang='lat' dir='ltr'><strong>consensisse,</strong></span> <span class='ocrx_word' id='word_1_299' title='bbox 1898 3118 1966 3172; x_wconf 90' lang='lat' dir='ltr'><strong>ab</strong></span> <span class='ocrx_word' id='word_1_300' title='bbox 1994 3117 2131 3171; x_wconf 89' lang='lat' dir='ltr'><strong>irato</strong></span> 
     </span>
    </p>
   </div>
   <div class='ocr_carea' id='block_1_48' title="bbox 2230 1897 2631 1968">
    <p class='ocr_par' dir='ltr' id='par_1_48' title="bbox 2230 1897 2631 1968">
     <span class='ocr_line' id='line_1_48' title="bbox 2230 1897 2631 1968; baseline 0.005 -18"><span class='ocrx_word' id='word_1_301' title='bbox 2230 1897 2361 1952; x_wconf 86' lang='lat' dir='ltr'><strong>tiani</strong></span> <span class='ocrx_word' id='word_1_302' title='bbox 2384 1897 2631 1968; x_wconf 79' lang='lat' dir='ltr'><strong>Augusti.</strong></span> 
     </span>
    </p>
   </div>
   <div class='ocr_carea' id='block_1_49' title="bbox 2567 2032 3467 2094">
    <p class='ocr_par' dir='ltr' id='par_1_49' title="bbox 2567 2032 3467 2094">
     <span class='ocr_line' id='line_1_49' title="bbox 2567 2032 3467 2094; baseline 0.007 -7"><span class='ocrx_word' id='word_1_303' title='bbox 2567 2033 2630 2087; x_wconf 84' lang='lat' dir='ltr'><strong>E.</strong></span> <span class='ocrx_word' id='word_1_304' title='bbox 2669 2032 2788 2089; x_wconf 77' lang='lat' dir='ltr'><strong>XVI</strong></span> <span class='ocrx_word' id='word_1_305' title='bbox 2822 2033 2980 2090; x_wconf 64' lang='grc' dir='ltr'><strong>ΚΑΒ.</strong></span> <span class='ocrx_word' id='word_1_306' title='bbox 3018 2034 3467 2094; x_wconf 81' lang='lat' dir='ltr'><strong>SEPTEMBRIS.</strong></span> 
     </span>
    </p>
   </div>
   <div class='ocr_carea' id='block_1_50' title="bbox 2888 2146 3178 2219">
    <p class='ocr_par' dir='ltr' id='par_1_50' title="bbox 2888 2146 3178 2219">
     <span class='ocr_line' id='line_1_50' title="bbox 2888 2146 3178 2219; baseline 0.003 -19"><span class='ocrx_word' id='word_1_307' title='bbox 2888 2146 2976 2217; x_wconf 78' lang='grc'><strong>(17</strong></span> <span class='ocrx_word' id='word_1_308' title='bbox 3016 2146 3178 2219; x_wconf 84' lang='lat' dir='ltr'><strong>Aug.)</strong></span> 
     </span>
    </p>
   </div>
   <div class='ocr_carea' id='block_1_51' title="bbox 2297 2253 3812 2330">
    <p class='ocr_par' dir='ltr' id='par_1_51' title="bbox 2297 2253 3812 2330">
     <span class='ocr_line' id='line_1_51' title="bbox 2297 2253 3812 2330; baseline 0.004 -19"><span class='ocrx_word' id='word_1_309' title='bbox 2297 2254 2454 2325; x_wconf 82' lang='lat' dir='ltr'><strong>Apud</strong></span> <span class='ocrx_word' id='word_1_310' title='bbox 2478 2253 2740 2320; x_wconf 85' lang='lat' dir='ltr'><strong>Africam,</strong></span> <span class='ocrx_word' id='word_1_311' title='bbox 2768 2256 2946 2311; x_wconf 64' lang='lat' dir='ltr'><strong>natale</strong></span> <span class='ocrx_word' id='word_1_312' title='bbox 2968 2268 3282 2314; x_wconf 87' lang='lat' dir='ltr'><strong>sanctorum</strong></span> <span class='ocrx_word' id='word_1_313' title='bbox 3304 2268 3635 2330; x_wconf 87' lang='lat' dir='ltr'><strong>martyrum,</strong></span> <span class='ocrx_word' id='word_1_314' title='bbox 3659 2260 3812 2321; x_wconf 38' lang='lat' dir='ltr'><strong>Libes</strong></span> 
     </span>
    </p>
   </div>
   <div class='ocr_carea' id='block_1_52' title="bbox 2230 2345 3813 2414">
    <p class='ocr_par' dir='ltr' id='par_1_52' title="bbox 2230 2345 3813 2414">
     <span class='ocr_line' id='line_1_52' title="bbox 2230 2345 3813 2414; baseline 0.006 -15"><span class='ocrx_word' id='word_1_315' title='bbox 2230 2345 2334 2400; x_wconf 90' lang='lat' dir='ltr'><strong>rati</strong></span> <span class='ocrx_word' id='word_1_316' title='bbox 2365 2346 2602 2412; x_wconf 89' lang='lat' dir='ltr'><strong>abbatis,</strong></span> <span class='ocrx_word' id='word_1_317' title='bbox 2631 2346 2895 2402; x_wconf 85' lang='lat' dir='ltr'><strong>Bonifacii</strong></span> <span class='ocrx_word' id='word_1_318' title='bbox 2918 2349 3155 2414; x_wconf 89' lang='lat' dir='ltr'><strong>diaconi,</strong></span> <span class='ocrx_word' id='word_1_319' title='bbox 3185 2350 3337 2405; x_wconf 84' lang='lat' dir='ltr'><strong>Servi</strong></span> <span class='ocrx_word' id='word_1_320' title='bbox 3365 2361 3421 2405; x_wconf 91' lang='lat' dir='ltr'><strong>et</strong></span> <span class='ocrx_word' id='word_1_321' title='bbox 3450 2350 3671 2407; x_wconf 82' lang='lat' dir='ltr'><strong>Rustici</strong></span> <span class='ocrx_word' id='word_1_322' title='bbox 3703 2354 3813 2409; x_wconf 73' lang='lat' dir='ltr'><strong>sub-</strong></span> 
     </span>
    </p>
   </div>
   <div class='ocr_carea' id='block_1_53' title="bbox 2231 2428 3813 2510">
    <p class='ocr_par' dir='ltr' id='par_1_53' title="bbox 2231 2428 3813 2510">
     <span class='ocr_line' id='line_1_53' title="bbox 2231 2428 3813 2510; baseline 0.005 -20"><span class='ocrx_word' id='word_1_323' title='bbox 2231 2428 2626 2503; x_wconf 83' lang='lat' dir='ltr'><strong>diaconorum,</strong></span> <span class='ocrx_word' id='word_1_324' title='bbox 2676 2436 2868 2509; x_wconf 80' lang='lat' dir='ltr'><strong>Rogati</strong></span> <span class='ocrx_word' id='word_1_325' title='bbox 2914 2448 2971 2494; x_wconf 92' lang='lat' dir='ltr'><strong>ct</strong></span> <span class='ocrx_word' id='word_1_326' title='bbox 3015 2438 3263 2510; x_wconf 87' lang='lat' dir='ltr'><strong>Septimii</strong></span> <span class='ocrx_word' id='word_1_327' title='bbox 3311 2442 3813 2508; x_wconf 79' lang='lat' dir='ltr'><strong>iuonacburum,et</strong></span> 
     </span>
    </p>
   </div>
   <div class='ocr_carea' id='block_1_54' title="bbox 2231 2526 3810 2605">
    <p class='ocr_par' dir='ltr' id='par_1_54' title="bbox 2231 2526 3810 2605">
     <span class='ocr_line' id='line_1_54' title="bbox 2231 2526 3810 2605; baseline 0.006 -25"><span class='ocrx_word' id='word_1_328' title='bbox 2231 2526 2450 2581; x_wconf 77' lang='lat' dir='ltr'><strong>Maximi</strong></span> <span class='ocrx_word' id='word_1_329' title='bbox 2497 2528 2669 2598; x_wconf 89' lang='lat' dir='ltr'><strong>pueri.</strong></span> <span class='ocrx_word' id='word_1_330' title='bbox 2727 2529 2830 2596; x_wconf 91' lang='lat' dir='ltr'><strong>Qui</strong></span> <span class='ocrx_word' id='word_1_331' title='bbox 2859 2531 3238 2599; x_wconf 88' lang='lat' dir='ltr'><strong>persecutione</strong></span> <span class='ocrx_word' id='word_1_332' title='bbox 3282 2530 3633 2599; x_wconf 82' lang='lat' dir='ltr'><strong>Wandalica,</strong></span> <span class='ocrx_word' id='word_1_333' title='bbox 3673 2534 3810 2605; x_wconf 82' lang='lat' dir='ltr'><strong>jussu</strong></span> 
     </span>
    </p>
   </div>
   <div class='ocr_carea' id='block_1_55' title="bbox 2231 2619 3809 2694">
    <p class='ocr_par' dir='ltr' id='par_1_55' title="bbox 2231 2619 3809 2694">
     <span class='ocr_line' id='line_1_55' title="bbox 2231 2619 3809 2694; baseline 0.005 -21"><span class='ocrx_word' id='word_1_334' title='bbox 2231 2619 2587 2675; x_wconf 83' lang='lat' dir='ltr'><strong>crudelissimi</strong></span> <span class='ocrx_word' id='word_1_335' title='bbox 2615 2628 2778 2691; x_wconf 89' lang='lat' dir='ltr'><strong>atque</strong></span> <span class='ocrx_word' id='word_1_336' title='bbox 2801 2620 3107 2693; x_wconf 87' lang='lat' dir='ltr'><strong>impiissimi</strong></span> <span class='ocrx_word' id='word_1_337' title='bbox 3136 2626 3278 2694; x_wconf 85' lang='lat' dir='ltr'><strong>regis</strong></span> <span class='ocrx_word' id='word_1_338' title='bbox 3308 2623 3595 2691; x_wconf 82' lang='lat' dir='ltr'><strong>Hunerici,</strong></span> <span class='ocrx_word' id='word_1_339' title='bbox 3625 2627 3695 2681; x_wconf 90' lang='lat' dir='ltr'><strong>de</strong></span> <span class='ocrx_word' id='word_1_340' title='bbox 3715 2636 3809 2681; x_wconf 86' lang='lat' dir='ltr'><strong>ter-</strong></span> 
     </span>
    </p>
   </div>
   <div class='ocr_carea' id='block_1_56' title="bbox 2234 2710 3810 2782">
    <p class='ocr_par' dir='ltr' id='par_1_56' title="bbox 2234 2710 3810 2782">
     <span class='ocr_line' id='line_1_56' title="bbox 2234 2710 3810 2782; baseline 0.004 -18"><span class='ocrx_word' id='word_1_341' title='bbox 2234 2711 2422 2766; x_wconf 90' lang='lat' dir='ltr'><strong>ritorio</strong></span> <span class='ocrx_word' id='word_1_342' title='bbox 2447 2710 2738 2782; x_wconf 83' lang='lat' dir='ltr'><strong>Capsensis</strong></span> <span class='ocrx_word' id='word_1_343' title='bbox 2765 2713 3001 2769; x_wconf 86' lang='lat' dir='ltr'><strong>civitatis</strong></span> <span class='ocrx_word' id='word_1_344' title='bbox 3022 2755 3039 2780; x_wconf 93' lang='lat'><strong>,</strong></span> <span class='ocrx_word' id='word_1_345' title='bbox 3069 2729 3136 2770; x_wconf 78' lang='lat' dir='ltr'><strong>ex</strong></span> <span class='ocrx_word' id='word_1_346' title='bbox 3167 2714 3477 2771; x_wconf 88' lang='lat' dir='ltr'><strong>habitacnlo</strong></span> <span class='ocrx_word' id='word_1_347' title='bbox 3505 2710 3810 2772; x_wconf 82' lang='lat' dir='ltr'><strong>monasterii</strong></span> 
     </span>
    </p>
   </div>
   <div class='ocr_carea' id='block_1_57' title="bbox 2231 2804 3808 2878">
    <p class='ocr_par' dir='ltr' id='par_1_57' title="bbox 2231 2804 3808 2878">
     <span class='ocr_line' id='line_1_57' title="bbox 2231 2804 3808 2878; baseline 0.003 -20"><span class='ocrx_word' id='word_1_348' title='bbox 2231 2804 2521 2869; x_wconf 88' lang='lat' dir='ltr'><strong>abstracti,</strong></span> <span class='ocrx_word' id='word_1_349' title='bbox 2555 2812 2718 2874; x_wconf 89' lang='lat' dir='ltr'><strong>atque</strong></span> <span class='ocrx_word' id='word_1_350' title='bbox 2745 2804 2813 2858; x_wconf 89' lang='lat' dir='ltr'><strong>ad</strong></span> <span class='ocrx_word' id='word_1_351' title='bbox 2837 2805 3025 2860; x_wconf 90' lang='lat' dir='ltr'><strong>urbem</strong></span> <span class='ocrx_word' id='word_1_352' title='bbox 3053 2805 3536 2878; x_wconf 88' lang='lat' dir='ltr'><strong>Carthaginensem</strong></span> <span class='ocrx_word' id='word_1_353' title='bbox 3569 2809 3808 2877; x_wconf 84' lang='lat' dir='ltr'><strong>perducti</strong></span> 
     </span>
    </p>
   </div>
   <div class='ocr_carea' id='block_1_58' title="bbox 2233 2886 3812 2963">
    <p class='ocr_par' dir='ltr' id='par_1_58' title="bbox 2233 2886 3812 2963">
     <span class='ocr_line' id='line_1_58' title="bbox 2233 2886 3812 2963; baseline 0.001 -14"><span class='ocrx_word' id='word_1_354' title='bbox 2233 2902 2357 2949; x_wconf 90' lang='lat' dir='ltr'><strong>sunt</strong></span> <span class='ocrx_word' id='word_1_355' title='bbox 2382 2934 2395 2959; x_wconf 90' lang='lat'><strong>,</strong></span> <span class='ocrx_word' id='word_1_356' title='bbox 2424 2894 2515 2950; x_wconf 90' lang='lat' dir='ltr'><strong>ubi</strong></span> <span class='ocrx_word' id='word_1_357' title='bbox 2565 2909 2663 2963; x_wconf 90' lang='lat' dir='ltr'><strong>pro</strong></span> <span class='ocrx_word' id='word_1_358' title='bbox 2707 2886 3052 2950; x_wconf 81' lang='lat' dir='ltr'><strong>confessione</strong></span> <span class='ocrx_word' id='word_1_359' title='bbox 3076 2896 3368 2951; x_wconf 64' lang='lat' dir='ltr'><strong>Catholica:</strong></span> <span class='ocrx_word' id='word_1_360' title='bbox 3396 2896 3520 2951; x_wconf 89' lang='lat' dir='ltr'><strong>fidei</strong></span> <span class='ocrx_word' id='word_1_361' title='bbox 3547 2938 3562 2962; x_wconf 91' lang='lat'><strong>,</strong></span> <span class='ocrx_word' id='word_1_362' title='bbox 3599 2908 3660 2953; x_wconf 89' lang='lat' dir='ltr'><strong>et</strong></span> <span class='ocrx_word' id='word_1_363' title='bbox 3688 2899 3812 2952; x_wconf 79' lang='lat' dir='ltr'><strong>unici</strong></span> 
     </span>
    </p>
   </div>
   <div class='ocr_carea' id='block_1_59' title="bbox 2232 2985 3810 3058">
    <p class='ocr_par' dir='ltr' id='par_1_59' title="bbox 2232 2985 3810 3058">
     <span class='ocr_line' id='line_1_59' title="bbox 2232 2985 3810 3058; baseline 0.002 -18"><span class='ocrx_word' id='word_1_364' title='bbox 2232 2987 2571 3057; x_wconf 83' lang='lat' dir='ltr'><strong>baptismatis</strong></span> <span class='ocrx_word' id='word_1_365' title='bbox 2619 2985 2965 3053; x_wconf 90' lang='lat' dir='ltr'><strong>defensione,</strong></span> <span class='ocrx_word' id='word_1_366' title='bbox 3018 2988 3194 3058; x_wconf 89' lang='lat' dir='ltr'><strong>primo</strong></span> <span class='ocrx_word' id='word_1_367' title='bbox 3244 2988 3507 3042; x_wconf 74' lang='lat' dir='ltr'><strong>carcerali</strong></span> <span class='ocrx_word' id='word_1_368' title='bbox 3559 2990 3810 3044; x_wconf 71' lang='lat' dir='ltr'><strong>custodia:</strong></span> 
     </span>
    </p>
   </div>
   <div class='ocr_carea' id='block_1_60' title="bbox 2235 3078 3808 3150">
    <p class='ocr_par' dir='ltr' id='par_1_60' title="bbox 2235 3078 3808 3150">
     <span class='ocr_line' id='line_1_60' title="bbox 2235 3078 3808 3150; baseline 0.003 -18"><span class='ocrx_word' id='word_1_369' title='bbox 2235 3078 2548 3148; x_wconf 88' lang='lat' dir='ltr'><strong>mancipati,</strong></span> <span class='ocrx_word' id='word_1_370' title='bbox 2601 3088 2654 3133; x_wconf 92' lang='lat' dir='ltr'><strong>et</strong></span> <span class='ocrx_word' id='word_1_371' title='bbox 2686 3078 2996 3135; x_wconf 88' lang='lat' dir='ltr'><strong>crudelibus</strong></span> <span class='ocrx_word' id='word_1_372' title='bbox 3047 3079 3174 3134; x_wconf 89' lang='lat' dir='ltr'><strong>ferri</strong></span> <span class='ocrx_word' id='word_1_373' title='bbox 3220 3080 3554 3150; x_wconf 81' lang='lat' dir='ltr'><strong>ponderibus</strong></span> <span class='ocrx_word' id='word_1_374' title='bbox 3603 3081 3808 3136; x_wconf 82' lang='lat' dir='ltr'><strong>arctati.</strong></span> 
     </span>
    </p>
   </div>
   <div class='ocr_carea' id='block_1_61' title="bbox 544 3168 3810 3278">
    <p class='ocr_par' dir='ltr' id='par_1_61' title="bbox 544 3168 3810 3278">
     <span class='ocr_line' id='line_1_61' title="bbox 544 3168 3810 3278; baseline 0 -14"><span class='ocrx_word' id='word_1_375' title='bbox 544 3168 868 3264; x_wconf 56' lang='lat' dir='ltr'><strong>Coitstantio</strong></span> <span class='ocrx_word' id='word_1_376' title='bbox 914 3168 1470 3278; x_wconf 59' lang='lat' dir='ltr'><strong>imperatorerAriaao</strong></span> <span class='ocrx_word' id='word_1_377' title='bbox 1495 3208 1789 3261; x_wconf 85' lang='lat' dir='ltr'><strong>includitur</strong></span> <span class='ocrx_word' id='word_1_378' title='bbox 1814 3208 1867 3261; x_wconf 91' lang='lat' dir='ltr'><strong>in</strong></span> <span class='ocrx_word' id='word_1_379' title='bbox 1894 3209 2125 3276; x_wconf 82' lang='lat' dir='ltr'><strong>quodam</strong></span> <span class='ocrx_word' id='word_1_380' title='bbox 2158 3182 2204 3246; x_wconf 79' lang='lat' dir='ltr'>C</span> <span class='ocrx_word' id='word_1_381' title='bbox 2237 3168 2541 3278; x_wconf 62' lang='grc' dir='ltr'><strong>ξὲηίῗδῗ9⁵¹⁸</strong></span> <span class='ocrx_word' id='word_1_382' title='bbox 2569 3169 2809 3278; x_wconf 48' lang='lat' dir='ltr'><strong>demta.&quot;</strong></span> <span class='ocrx_word' id='word_1_383' title='bbox 2840 3171 3144 3278; x_wconf 48' lang='lat' dir='ltr'><strong>suf&#39;tlofn.s&#39;</strong></span> <span class='ocrx_word' id='word_1_384' title='bbox 3177 3169 3279 3278; x_wconf 29' lang='lat' dir='ltr'><strong>Ub?</strong></span> <span class='ocrx_word' id='word_1_385' title='bbox 3304 3186 3429 3278; x_wconf 59' lang='grc' dir='ltr'><strong>⁰¹ἾΪ¹¹</strong></span> <span class='ocrx_word' id='word_1_386' title='bbox 3463 3172 3551 3278; x_wconf 35' lang='lat' dir='ltr'><strong>die</strong></span> <span class='ocrx_word' id='word_1_387' title='bbox 3578 3188 3647 3226; x_wconf 67' lang='lat' dir='ltr'><strong>ac</strong></span> <span class='ocrx_word' id='word_1_388' title='bbox 3668 3183 3810 3278; x_wconf 29' lang='lat' dir='ltr'><strong>&quot;acie</strong></span> 
     </span>
    </p>
   </div>
   <div class='ocr_carea' id='block_1_62' title="bbox 540 3297 2133 3369">
    <p class='ocr_par' dir='ltr' id='par_1_62' title="bbox 540 3297 2133 3369">
     <span class='ocr_line' id='line_1_62' title="bbox 540 3297 2133 3369; baseline -0.001 -15"><span class='ocrx_word' id='word_1_389' title='bbox 540 3297 797 3354; x_wconf 82' lang='lat' dir='ltr'><strong>cubiculo</strong></span> <span class='ocrx_word' id='word_1_390' title='bbox 849 3298 1044 3352; x_wconf 89' lang='lat' dir='ltr'><strong>domus</strong></span> <span class='ocrx_word' id='word_1_391' title='bbox 1097 3312 1225 3359; x_wconf 63' lang='lat' dir='ltr'><strong>suae,</strong></span> <span class='ocrx_word' id='word_1_392' title='bbox 1265 3299 1495 3351; x_wconf 87' lang='lat' dir='ltr'><strong>habente</strong></span> <span class='ocrx_word' id='word_1_393' title='bbox 1544 3297 1597 3351; x_wconf 91' lang='lat' dir='ltr'><strong>in</strong></span> <span class='ocrx_word' id='word_1_394' title='bbox 1648 3297 1936 3352; x_wconf 89' lang='lat' dir='ltr'><strong>latitudine</strong></span> <span class='ocrx_word' id='word_1_395' title='bbox 1966 3299 2133 3369; x_wconf 88' lang='lat' dir='ltr'><strong>pedes</strong></span> 
     </span>
    </p>
   </div>
   <div class='ocr_carea' id='block_1_63' title="bbox 523 3386 2132 3463">
    <p class='ocr_par' dir='ltr' id='par_1_63' title="bbox 523 3386 2132 3463">
     <span class='ocr_line' id='line_1_63' title="bbox 523 3386 2132 3463; baseline 0.001 -20"><span class='ocrx_word' id='word_1_396' title='bbox 523 3399 800 3463; x_wconf 57' lang='lat' dir='ltr'><strong>quatuor,</strong></span> <span class='ocrx_word' id='word_1_397' title='bbox 832 3389 926 3443; x_wconf 88' lang='lat' dir='ltr'><strong>ubi</strong></span> <span class='ocrx_word' id='word_1_398' title='bbox 964 3386 1150 3443; x_wconf 88' lang='lat' dir='ltr'><strong>multis</strong></span> <span class='ocrx_word' id='word_1_399' title='bbox 1190 3389 1383 3443; x_wconf 90' lang='lat' dir='ltr'><strong>diebus</strong></span> <span class='ocrx_word' id='word_1_400' title='bbox 1426 3388 1479 3441; x_wconf 91' lang='lat' dir='ltr'><strong>in</strong></span> <span class='ocrx_word' id='word_1_401' title='bbox 1526 3391 1773 3444; x_wconf 90' lang='lat' dir='ltr'><strong>oratione</strong></span> <span class='ocrx_word' id='word_1_402' title='bbox 1819 3398 2132 3445; x_wconf 89' lang='lat' dir='ltr'><strong>constanter</strong></span> 
     </span>
    </p>
   </div>
   <div class='ocr_carea' id='block_1_64' title="bbox 539 3480 2128 3552">
    <p class='ocr_par' dir='ltr' id='par_1_64' title="bbox 539 3480 2128 3552">
     <span class='ocr_line' id='line_1_64' title="bbox 539 3480 2128 3552; baseline 0.001 -16"><span class='ocrx_word' id='word_1_403' title='bbox 539 3481 936 3552; x_wconf 83' lang='lat' dir='ltr'><strong>perseveravit.</strong></span> <span class='ocrx_word' id='word_1_404' title='bbox 969 3480 1037 3550; x_wconf 79' lang='lat' dir='ltr'><strong>Et</strong></span> <span class='ocrx_word' id='word_1_405' title='bbox 1075 3480 1430 3536; x_wconf 86' lang='lat' dir='ltr'><strong>nonodecimo</strong></span> <span class='ocrx_word' id='word_1_406' title='bbox 1461 3480 1731 3536; x_wconf 82' lang='lat' dir='ltr'><strong>Kalendas</strong></span> <span class='ocrx_word' id='word_1_407' title='bbox 1774 3482 2128 3551; x_wconf 86' lang='lat' dir='ltr'><strong>Septembris,</strong></span> 
     </span>
    </p>
   </div>
   <div class='ocr_carea' id='block_1_65' title="bbox 521 3574 2134 3646">
    <p class='ocr_par' dir='ltr' id='par_1_65' title="bbox 521 3574 2134 3646">
     <span class='ocr_line' id='line_1_65' title="bbox 521 3574 2134 3646; baseline 0.001 -17"><span class='ocrx_word' id='word_1_408' title='bbox 521 3583 671 3646; x_wconf 67' lang='lat' dir='ltr'><strong>post</strong></span> <span class='ocrx_word' id='word_1_409' title='bbox 702 3587 917 3629; x_wconf 89' lang='lat' dir='ltr'><strong>menses</strong></span> <span class='ocrx_word' id='word_1_410' title='bbox 948 3583 1176 3643; x_wconf 84' lang='lat' dir='ltr'><strong>septem,</strong></span> <span class='ocrx_word' id='word_1_411' title='bbox 1206 3574 1386 3629; x_wconf 85' lang='lat' dir='ltr'><strong>adhuc</strong></span> <span class='ocrx_word' id='word_1_412' title='bbox 1417 3584 1596 3629; x_wconf 88' lang='lat' dir='ltr'><strong>tamen</strong></span> <span class='ocrx_word' id='word_1_413' title='bbox 1646 3575 1907 3640; x_wconf 90' lang='lat' dir='ltr'><strong>inclusus,</strong></span> <span class='ocrx_word' id='word_1_414' title='bbox 1931 3576 2134 3631; x_wconf 84' lang='lat' dir='ltr'><strong>donni—</strong></span> 
     </span>
    </p>
   </div>
   <div class='ocr_carea' id='block_1_66' title="bbox 543 3663 2134 3737">
    <p class='ocr_par' dir='ltr' id='par_1_66' title="bbox 543 3663 2134 3737">
     <span class='ocr_line' id='line_1_66' title="bbox 543 3663 2134 3737; baseline 0.004 -20"><span class='ocrx_word' id='word_1_415' title='bbox 543 3664 751 3737; x_wconf 81' lang='lat' dir='ltr'><strong>tiopem</strong></span> <span class='ocrx_word' id='word_1_416' title='bbox 791 3664 1017 3734; x_wconf 89' lang='lat' dir='ltr'><strong>accepit.</strong></span> <span class='ocrx_word' id='word_1_417' title='bbox 1055 3663 1220 3734; x_wconf 90' lang='lat' dir='ltr'><strong>Cujus</strong></span> <span class='ocrx_word' id='word_1_418' title='bbox 1249 3679 1448 3734; x_wconf 88' lang='lat' dir='ltr'><strong>corpus</strong></span> <span class='ocrx_word' id='word_1_419' title='bbox 1477 3665 1812 3733; x_wconf 84' lang='lat' dir='ltr'><strong>collegerunt</strong></span> <span class='ocrx_word' id='word_1_420' title='bbox 1838 3667 2134 3736; x_wconf 79' lang='lat' dir='ltr'><strong>Gregorius</strong></span> 
     </span>
    </p>
   </div>
   <div class='ocr_carea' id='block_1_67' title="bbox 522 3753 2132 3827">
    <p class='ocr_par' dir='ltr' id='par_1_67' title="bbox 522 3753 2132 3827">
     <span class='ocr_line' id='line_1_67' title="bbox 522 3753 2132 3827; baseline 0.002 -18"><span class='ocrx_word' id='word_1_421' title='bbox 522 3763 605 3809; x_wconf 84' lang='lat' dir='ltr'><strong>.ct</strong></span> <span class='ocrx_word' id='word_1_422' title='bbox 630 3753 857 3819; x_wconf 86' lang='lat' dir='ltr'><strong>Orosius</strong></span> <span class='ocrx_word' id='word_1_423' title='bbox 887 3757 1211 3826; x_wconf 86' lang='lat' dir='ltr'><strong>presbyteri,</strong></span> <span class='ocrx_word' id='word_1_424' title='bbox 1234 3764 1285 3810; x_wconf 91' lang='lat' dir='ltr'><strong>et</strong></span> <span class='ocrx_word' id='word_1_425' title='bbox 1308 3756 1638 3824; x_wconf 90' lang='lat' dir='ltr'><strong>sepelierunt</strong></span> <span class='ocrx_word' id='word_1_426' title='bbox 1662 3757 1718 3809; x_wconf 90' lang='lat' dir='ltr'><strong>in</strong></span> <span class='ocrx_word' id='word_1_427' title='bbox 1744 3767 1954 3827; x_wconf 89' lang='lat' dir='ltr'><strong>crypta,</strong></span> <span class='ocrx_word' id='word_1_428' title='bbox 1976 3758 2132 3827; x_wconf 79' lang='lat' dir='ltr'><strong>juxta</strong></span> 
     </span>
    </p>
   </div>
   <div class='ocr_carea' id='block_1_68' title="bbox 545 3845 2132 3919">
    <p class='ocr_par' dir='ltr' id='par_1_68' title="bbox 545 3845 2132 3919">
     <span class='ocr_line' id='line_1_68' title="bbox 545 3845 2132 3919; baseline 0.004 -20"><span class='ocrx_word' id='word_1_429' title='bbox 545 3860 749 3916; x_wconf 85' lang='lat' dir='ltr'><strong>corpus</strong></span> <span class='ocrx_word' id='word_1_430' title='bbox 776 3846 918 3900; x_wconf 85' lang='lat' dir='ltr'><strong>beati</strong></span> <span class='ocrx_word' id='word_1_431' title='bbox 968 3845 1109 3900; x_wconf 82' lang='lat' dir='ltr'><strong>Sixti</strong></span> <span class='ocrx_word' id='word_1_432' title='bbox 1152 3848 1408 3916; x_wconf 85' lang='lat' dir='ltr'><strong>martyris</strong></span> <span class='ocrx_word' id='word_1_433' title='bbox 1440 3856 1495 3900; x_wconf 87' lang='lat' dir='ltr'><strong>et</strong></span> <span class='ocrx_word' id='word_1_434' title='bbox 1520 3848 1759 3916; x_wconf 86' lang='lat' dir='ltr'><strong>episcopi</strong></span> <span class='ocrx_word' id='word_1_435' title='bbox 1785 3887 1800 3911; x_wconf 94' lang='lat'><strong>,</strong></span> <span class='ocrx_word' id='word_1_436' title='bbox 1833 3849 1918 3902; x_wconf 88' lang='lat' dir='ltr'><strong>via</strong></span> <span class='ocrx_word' id='word_1_437' title='bbox 1959 3849 2132 3919; x_wconf 84' lang='lat' dir='ltr'><strong>Appia</strong></span> 
     </span>
    </p>
   </div>
   <div class='ocr_carea' id='block_1_69' title="bbox 550 3935 2134 4005">
    <p class='ocr_par' dir='ltr' id='par_1_69' title="bbox 550 3935 2134 4005">
     <span class='ocr_line' id='line_1_69' title="bbox 550 3935 2134 4005; baseline 0.006 -17"><span class='ocrx_word' id='word_1_438' title='bbox 550 3935 608 3988; x_wconf 86' lang='lat' dir='ltr'><strong>in</strong></span> <span class='ocrx_word' id='word_1_439' title='bbox 640 3936 955 3990; x_wconf 72' lang='lat' dir='ltr'><strong>cmmeterio</strong></span> <span class='ocrx_word' id='word_1_440' title='bbox 978 3935 1196 3990; x_wconf 78' lang='lat' dir='ltr'><strong>Calixti.</strong></span> <span class='ocrx_word' id='word_1_441' title='bbox 1227 3935 1327 3989; x_wconf 85' lang='lat' dir='ltr'><strong>Ubi</strong></span> <span class='ocrx_word' id='word_1_442' title='bbox 1376 3944 1431 3989; x_wconf 92' lang='lat' dir='ltr'><strong>et</strong></span> <span class='ocrx_word' id='word_1_443' title='bbox 1459 3935 1672 3989; x_wconf 90' lang='lat' dir='ltr'><strong>titulum</strong></span> <span class='ocrx_word' id='word_1_444' title='bbox 1699 3937 1869 4005; x_wconf 89' lang='lat' dir='ltr'><strong>ipsius</strong></span> <span class='ocrx_word' id='word_1_445' title='bbox 1894 3939 2134 3997; x_wconf 82' lang='lat' dir='ltr'><strong>scriben-</strong></span> 
     </span>
    </p>
   </div>
   <div class='ocr_carea' id='block_1_70' title="bbox 524 4024 2133 4096">
    <p class='ocr_par' dir='ltr' id='par_1_70' title="bbox 524 4024 2133 4096">
     <span class='ocr_line' id='line_1_70' title="bbox 524 4024 2133 4096; baseline 0.004 -17"><span class='ocrx_word' id='word_1_446' title='bbox 524 4035 676 4089; x_wconf 75' lang='lat' dir='ltr'><strong>-tes,</strong></span> <span class='ocrx_word' id='word_1_447' title='bbox 717 4036 1012 4096; x_wconf 87' lang='lat' dir='ltr'><strong>posuerunt</strong></span> <span class='ocrx_word' id='word_1_448' title='bbox 1065 4025 1136 4078; x_wconf 91' lang='lat' dir='ltr'><strong>ita</strong></span> <span class='ocrx_word' id='word_1_449' title='bbox 1167 4043 1182 4078; x_wconf 91' lang='lat'><strong>:</strong></span> <span class='ocrx_word' id='word_1_450' title='bbox 1217 4024 1445 4079; x_wconf 76' lang='lat' dir='ltr'><strong>Eusebio</strong></span> <span class='ocrx_word' id='word_1_451' title='bbox 1495 4025 1694 4080; x_wconf 82' lang='lat' dir='ltr'><strong>homini</strong></span> <span class='ocrx_word' id='word_1_452' title='bbox 1732 4026 1845 4082; x_wconf 84' lang='lat' dir='ltr'><strong>Dei.</strong></span> <span class='ocrx_word' id='word_1_453' title='bbox 1894 4028 2133 4085; x_wconf 85' lang='lat' dir='ltr'><strong>Audiens</strong></span> 
     </span>
    </p>
   </div>
   <div class='ocr_carea' id='block_1_71' title="bbox 546 4113 2134 4189">
    <p class='ocr_par' dir='ltr' id='par_1_71' title="bbox 546 4113 2134 4189">
     <span class='ocr_line' id='line_1_71' title="bbox 546 4113 2134 4189; baseline 0.003 -19"><span class='ocrx_word' id='word_1_454' title='bbox 546 4127 737 4171; x_wconf 83' lang='lat' dir='ltr'><strong>autem</strong></span> <span class='ocrx_word' id='word_1_455' title='bbox 769 4114 1122 4171; x_wconf 88' lang='lat' dir='ltr'><strong>Constantius</strong></span> <span class='ocrx_word' id='word_1_456' title='bbox 1153 4113 1297 4182; x_wconf 89' lang='lat' dir='ltr'><strong>quod</strong></span> <span class='ocrx_word' id='word_1_457' title='bbox 1324 4113 1623 4184; x_wconf 86' lang='lat' dir='ltr'><strong>Gregorius</strong></span> <span class='ocrx_word' id='word_1_458' title='bbox 1652 4125 1708 4171; x_wconf 90' lang='lat' dir='ltr'><strong>et</strong></span> <span class='ocrx_word' id='word_1_459' title='bbox 1735 4116 1958 4174; x_wconf 88' lang='lat' dir='ltr'><strong>Orosius</strong></span> <span class='ocrx_word' id='word_1_460' title='bbox 1984 4133 2134 4189; x_wconf 88' lang='lat' dir='ltr'><strong>sepe-</strong></span> 
     </span>
    </p>
   </div>
   <div class='ocr_carea' id='block_1_72' title="bbox 524 4202 2135 4279">
    <p class='ocr_par' dir='ltr' id='par_1_72' title="bbox 524 4202 2135 4279">
     <span class='ocr_line' id='line_1_72' title="bbox 524 4202 2135 4279; baseline 0.003 -20"><span class='ocrx_word' id='word_1_461' title='bbox 524 4205 742 4267; x_wconf 77' lang='lat' dir='ltr'><strong>_lissent</strong></span> <span class='ocrx_word' id='word_1_462' title='bbox 768 4218 966 4273; x_wconf 89' lang='lat' dir='ltr'><strong>corpus</strong></span> <span class='ocrx_word' id='word_1_463' title='bbox 1013 4202 1156 4258; x_wconf 87' lang='lat' dir='ltr'><strong>beati</strong></span> <span class='ocrx_word' id='word_1_464' title='bbox 1201 4203 1442 4269; x_wconf 81' lang='lat' dir='ltr'><strong>Eusebii,</strong></span> <span class='ocrx_word' id='word_1_465' title='bbox 1475 4204 1528 4260; x_wconf 93' lang='lat' dir='ltr'><strong>in</strong></span> <span class='ocrx_word' id='word_1_466' title='bbox 1583 4207 1772 4260; x_wconf 89' lang='lat' dir='ltr'><strong>eadem</strong></span> <span class='ocrx_word' id='word_1_467' title='bbox 1816 4217 2002 4279; x_wconf 88' lang='lat' dir='ltr'><strong>crypta</strong></span> <span class='ocrx_word' id='word_1_468' title='bbox 2045 4209 2135 4264; x_wconf 91' lang='lat' dir='ltr'><strong>ubi</strong></span> 
     </span>
    </p>
   </div>
   <div class='ocr_carea' id='block_1_73' title="bbox 546 4294 2136 4369">
    <p class='ocr_par' dir='ltr' id='par_1_73' title="bbox 546 4294 2136 4369">
     <span class='ocr_line' id='line_1_73' title="bbox 546 4294 2136 4369; baseline 0.003 -18"><span class='ocrx_word' id='word_1_469' title='bbox 546 4297 703 4351; x_wconf 77' lang='lat' dir='ltr'><strong>illum</strong></span> <span class='ocrx_word' id='word_1_470' title='bbox 742 4294 1097 4351; x_wconf 88' lang='lat' dir='ltr'><strong>condiderant</strong></span> <span class='ocrx_word' id='word_1_471' title='bbox 1145 4294 1402 4364; x_wconf 71' lang='lat' dir='ltr'><strong>prmcepit</strong></span> <span class='ocrx_word' id='word_1_472' title='bbox 1448 4295 1630 4350; x_wconf 88' lang='lat' dir='ltr'><strong>vivum</strong></span> <span class='ocrx_word' id='word_1_473' title='bbox 1681 4297 1883 4352; x_wconf 88' lang='lat' dir='ltr'><strong>includi</strong></span> <span class='ocrx_word' id='word_1_474' title='bbox 1931 4297 2136 4369; x_wconf 85' lang='lat' dir='ltr'><strong>Grego-</strong></span> 
     </span>
    </p>
   </div>
   <div class='ocr_carea' id='block_1_74' title="bbox 552 4385 2136 4463">
    <p class='ocr_par' dir='ltr' id='par_1_74' title="bbox 552 4385 2136 4463">
     <span class='ocr_line' id='line_1_74' title="bbox 552 4385 2136 4463; baseline 0.003 -20"><span class='ocrx_word' id='word_1_475' title='bbox 552 4390 716 4443; x_wconf 86' lang='lat' dir='ltr'><strong>rium.</strong></span> <span class='ocrx_word' id='word_1_476' title='bbox 775 4385 932 4441; x_wconf 87' lang='lat' dir='ltr'><strong>Hunc</strong></span> <span class='ocrx_word' id='word_1_477' title='bbox 980 4385 1298 4440; x_wconf 79' lang='lat' dir='ltr'><strong>semivivum</strong></span> <span class='ocrx_word' id='word_1_478' title='bbox 1353 4394 1514 4441; x_wconf 92' lang='lat' dir='ltr'><strong>noctu</strong></span> <span class='ocrx_word' id='word_1_479' title='bbox 1565 4386 1790 4443; x_wconf 89' lang='lat' dir='ltr'><strong>Orosius</strong></span> <span class='ocrx_word' id='word_1_480' title='bbox 1853 4391 2136 4463; x_wconf 80' lang='lat' dir='ltr'><strong>presbyter</strong></span> 
     </span>
    </p>
   </div>
   <div class='ocr_carea' id='block_1_75' title="bbox 550 4474 2129 4547">
    <p class='ocr_par' dir='ltr' id='par_1_75' title="bbox 550 4474 2129 4547">
     <span class='ocr_line' id='line_1_75' title="bbox 550 4474 2129 4547; baseline 0.003 -18"><span class='ocrx_word' id='word_1_481' title='bbox 550 4476 768 4545; x_wconf 84' lang='lat' dir='ltr'><strong>excepit</strong></span> <span class='ocrx_word' id='word_1_482' title='bbox 812 4474 955 4541; x_wconf 89' lang='lat' dir='ltr'><strong>inde.</strong></span> <span class='ocrx_word' id='word_1_483' title='bbox 1020 4475 1087 4529; x_wconf 86' lang='lat' dir='ltr'><strong>Et</strong></span> <span class='ocrx_word' id='word_1_484' title='bbox 1134 4481 1255 4543; x_wconf 89' lang='lat' dir='ltr'><strong>post</strong></span> <span class='ocrx_word' id='word_1_485' title='bbox 1293 4474 1569 4544; x_wconf 91' lang='lat' dir='ltr'><strong>paululum</strong></span> <span class='ocrx_word' id='word_1_486' title='bbox 1622 4474 1933 4532; x_wconf 87' lang='lat' dir='ltr'><strong>defunctum</strong></span> <span class='ocrx_word' id='word_1_487' title='bbox 1978 4478 2129 4547; x_wconf 84' lang='lat' dir='ltr'><strong>juxta</strong></span> 
     </span>
    </p>
   </div>
   <div class='ocr_carea' id='block_1_76' title="bbox 2234 3261 3809 3334">
    <p class='ocr_par' dir='ltr' id='par_1_76' title="bbox 2234 3261 3809 3334">
     <span class='ocr_line' id='line_1_76' title="bbox 2234 3261 3809 3334; baseline 0.001 -17"><span class='ocrx_word' id='word_1_488' title='bbox 2234 3261 2603 3317; x_wconf 85' lang='lat' dir='ltr'><strong>Christianum</strong></span> <span class='ocrx_word' id='word_1_489' title='bbox 2626 3262 2878 3334; x_wconf 80' lang='lat' dir='ltr'><strong>populum</strong></span> <span class='ocrx_word' id='word_1_490' title='bbox 2903 3263 2957 3318; x_wconf 94' lang='lat' dir='ltr'><strong>in</strong></span> <span class='ocrx_word' id='word_1_491' title='bbox 2981 3263 3103 3321; x_wconf 83' lang='lat' dir='ltr'><strong>fidei</strong></span> <span class='ocrx_word' id='word_1_492' title='bbox 3123 3266 3428 3320; x_wconf 89' lang='lat' dir='ltr'><strong>constantia</strong></span> <span class='ocrx_word' id='word_1_493' title='bbox 3452 3266 3809 3328; x_wconf 81' lang='lat' dir='ltr'><strong>roborasseut,</strong></span> 
     </span>
    </p>
   </div>
   <div class='ocr_carea' id='block_1_77' title="bbox 2229 3350 3807 3425">
    <p class='ocr_par' dir='ltr' id='par_1_77' title="bbox 2229 3350 3807 3425">
     <span class='ocr_line' id='line_1_77' title="bbox 2229 3350 3807 3425; baseline 0.002 -20"><span class='ocrx_word' id='word_1_494' title='bbox 2229 3350 2391 3421; x_wconf 90' lang='lat' dir='ltr'><strong>jussit</strong></span> <span class='ocrx_word' id='word_1_495' title='bbox 2436 3359 2699 3423; x_wconf 89' lang='lat' dir='ltr'><strong>tyrannus</strong></span> <span class='ocrx_word' id='word_1_496' title='bbox 2739 3350 2921 3408; x_wconf 89' lang='lat' dir='ltr'><strong>furore</strong></span> <span class='ocrx_word' id='word_1_497' title='bbox 2968 3369 3283 3418; x_wconf 85' lang='lat' dir='ltr'><strong>succensus,</strong></span> <span class='ocrx_word' id='word_1_498' title='bbox 3326 3370 3522 3410; x_wconf 86' lang='lat' dir='ltr'><strong>navem</strong></span> <span class='ocrx_word' id='word_1_499' title='bbox 3548 3356 3807 3425; x_wconf 78' lang='lat' dir='ltr'><strong>lignorum</strong></span> 
     </span>
    </p>
   </div>
   <div class='ocr_carea' id='block_1_78' title="bbox 2235 3440 3809 3516">
    <p class='ocr_par' dir='ltr' id='par_1_78' title="bbox 2235 3440 3809 3516">
     <span class='ocr_line' id='line_1_78' title="bbox 2235 3440 3809 3516; baseline 0.003 -21"><span class='ocrx_word' id='word_1_500' title='bbox 2235 3441 2524 3511; x_wconf 90' lang='lat' dir='ltr'><strong>manipulis</strong></span> <span class='ocrx_word' id='word_1_501' title='bbox 2554 3440 2860 3511; x_wconf 86' lang='lat' dir='ltr'><strong>adimpleri,</strong></span> <span class='ocrx_word' id='word_1_502' title='bbox 2907 3454 3069 3511; x_wconf 90' lang='lat' dir='ltr'><strong>atque</strong></span> <span class='ocrx_word' id='word_1_503' title='bbox 3109 3458 3300 3498; x_wconf 90' lang='lat' dir='ltr'><strong>omnes</strong></span> <span class='ocrx_word' id='word_1_504' title='bbox 3337 3445 3543 3513; x_wconf 85' lang='lat' dir='ltr'><strong>pariter</strong></span> <span class='ocrx_word' id='word_1_505' title='bbox 3574 3446 3809 3516; x_wconf 81' lang='lat' dir='ltr'><strong>alligatos</strong></span> 
     </span>
    </p>
   </div>
   <div class='ocr_carea' id='block_1_79' title="bbox 2235 3535 3808 3608">
    <p class='ocr_par' dir='ltr' id='par_1_79' title="bbox 2235 3535 3808 3608">
     <span class='ocr_line' id='line_1_79' title="bbox 2235 3535 3808 3608; baseline -0.002 -17"><span class='ocrx_word' id='word_1_506' title='bbox 2235 3535 2289 3591; x_wconf 88' lang='lat' dir='ltr'><strong>in</strong></span> <span class='ocrx_word' id='word_1_507' title='bbox 2314 3536 2523 3608; x_wconf 88' lang='lat' dir='ltr'><strong>pelago,</strong></span> <span class='ocrx_word' id='word_1_508' title='bbox 2549 3536 2673 3607; x_wconf 84' lang='lat' dir='ltr'><strong>igne</strong></span> <span class='ocrx_word' id='word_1_509' title='bbox 2693 3537 2993 3606; x_wconf 87' lang='lat' dir='ltr'><strong>supposito,</strong></span> <span class='ocrx_word' id='word_1_510' title='bbox 3018 3536 3339 3591; x_wconf 85' lang='lat' dir='ltr'><strong>adcremari.</strong></span> <span class='ocrx_word' id='word_1_511' title='bbox 3363 3536 3498 3591; x_wconf 90' lang='lat' dir='ltr'><strong>Cum</strong></span> <span class='ocrx_word' id='word_1_512' title='bbox 3522 3546 3705 3592; x_wconf 86' lang='lat' dir='ltr'><strong>autem</strong></span> <span class='ocrx_word' id='word_1_513' title='bbox 3726 3550 3808 3605; x_wconf 81' lang='lat' dir='ltr'><strong>pro</strong></span> 
     </span>
    </p>
   </div>
   <div class='ocr_carea' id='block_1_80' title="bbox 2233 3626 3803 3699">
    <p class='ocr_par' dir='ltr' id='par_1_80' title="bbox 2233 3626 3803 3699">
     <span class='ocr_line' id='line_1_80' title="bbox 2233 3626 3803 3699; baseline 0 -19"><span class='ocrx_word' id='word_1_514' title='bbox 2233 3626 2514 3682; x_wconf 88' lang='lat' dir='ltr'><strong>voluntate</strong></span> <span class='ocrx_word' id='word_1_515' title='bbox 2542 3626 2747 3682; x_wconf 90' lang='lat' dir='ltr'><strong>infandi</strong></span> <span class='ocrx_word' id='word_1_516' title='bbox 2780 3628 2947 3699; x_wconf 85' lang='lat' dir='ltr'><strong>regis,</strong></span> <span class='ocrx_word' id='word_1_517' title='bbox 2974 3627 3056 3682; x_wconf 84' lang='lat' dir='ltr'><strong>vel</strong></span> <span class='ocrx_word' id='word_1_518' title='bbox 3084 3627 3384 3683; x_wconf 88' lang='lat' dir='ltr'><strong>crudelium</strong></span> <span class='ocrx_word' id='word_1_519' title='bbox 3413 3628 3803 3687; x_wconf 85' lang='lat' dir='ltr'><strong>ministrorum.</strong></span> 
     </span>
    </p>
   </div>
   <div class='ocr_carea' id='block_1_81' title="bbox 2234 3718 3808 3790">
    <p class='ocr_par' dir='ltr' id='par_1_81' title="bbox 2234 3718 3808 3790">
     <span class='ocr_line' id='line_1_81' title="bbox 2234 3718 3808 3790; baseline 0 -18"><span class='ocrx_word' id='word_1_520' title='bbox 2234 3718 2476 3773; x_wconf 87' lang='lat' dir='ltr'><strong>extensis</strong></span> <span class='ocrx_word' id='word_1_521' title='bbox 2506 3733 2694 3773; x_wconf 90' lang='lat' dir='ltr'><strong>eorum</strong></span> <span class='ocrx_word' id='word_1_522' title='bbox 2722 3719 2995 3783; x_wconf 89' lang='lat' dir='ltr'><strong>manibus,</strong></span> <span class='ocrx_word' id='word_1_523' title='bbox 3027 3728 3082 3773; x_wconf 90' lang='lat' dir='ltr'><strong>et</strong></span> <span class='ocrx_word' id='word_1_524' title='bbox 3122 3719 3349 3788; x_wconf 89' lang='lat' dir='ltr'><strong>pedibus</strong></span> <span class='ocrx_word' id='word_1_525' title='bbox 3379 3718 3637 3783; x_wconf 86' lang='lat' dir='ltr'><strong>elevatis,</strong></span> <span class='ocrx_word' id='word_1_526' title='bbox 3669 3719 3808 3790; x_wconf 80' lang='lat' dir='ltr'><strong>lignis</strong></span> 
     </span>
    </p>
   </div>
   <div class='ocr_carea' id='block_1_82' title="bbox 2235 3809 3808 3883">
    <p class='ocr_par' dir='ltr' id='par_1_82' title="bbox 2235 3809 3808 3883">
     <span class='ocr_line' id='line_1_82' title="bbox 2235 3809 3808 3883; baseline -0.001 -16"><span class='ocrx_word' id='word_1_527' title='bbox 2235 3812 2375 3883; x_wconf 90' lang='lat' dir='ltr'><strong>ignis</strong></span> <span class='ocrx_word' id='word_1_528' title='bbox 2400 3810 2591 3867; x_wconf 90' lang='lat' dir='ltr'><strong>fuisset</strong></span> <span class='ocrx_word' id='word_1_529' title='bbox 2614 3809 2863 3880; x_wconf 87' lang='lat' dir='ltr'><strong>injectus,</strong></span> <span class='ocrx_word' id='word_1_530' title='bbox 2892 3812 3076 3866; x_wconf 87' lang='lat' dir='ltr'><strong>statim</strong></span> <span class='ocrx_word' id='word_1_531' title='bbox 3100 3811 3326 3881; x_wconf 91' lang='lat' dir='ltr'><strong>imperio</strong></span> <span class='ocrx_word' id='word_1_532' title='bbox 3351 3810 3561 3876; x_wconf 89' lang='lat' dir='ltr'><strong>divino,</strong></span> <span class='ocrx_word' id='word_1_533' title='bbox 3593 3814 3808 3866; x_wconf 86' lang='lat' dir='ltr'><strong>videnti-</strong></span> 
     </span>
    </p>
   </div>
   <div class='ocr_carea' id='block_1_83' title="bbox 2235 3901 3810 3973">
    <p class='ocr_par' dir='ltr' id='par_1_83' title="bbox 2235 3901 3810 3973">
     <span class='ocr_line' id='line_1_83' title="bbox 2235 3901 3810 3973; baseline 0.001 -16"><span class='ocrx_word' id='word_1_534' title='bbox 2235 3901 2336 3957; x_wconf 86' lang='lat' dir='ltr'><strong>bus</strong></span> <span class='ocrx_word' id='word_1_535' title='bbox 2359 3901 2592 3969; x_wconf 89' lang='lat' dir='ltr'><strong>cunctis,</strong></span> <span class='ocrx_word' id='word_1_536' title='bbox 2623 3902 2926 3958; x_wconf 83' lang='lat' dir='ltr'><strong>exstinctus</strong></span> <span class='ocrx_word' id='word_1_537' title='bbox 2954 3910 3039 3959; x_wconf 90' lang='lat' dir='ltr'><strong>est</strong></span> <span class='ocrx_word' id='word_1_538' title='bbox 3065 3919 3080 3969; x_wconf 88' lang='lat'><strong>;</strong></span> <span class='ocrx_word' id='word_1_539' title='bbox 3123 3911 3178 3958; x_wconf 89' lang='lat' dir='ltr'><strong>et</strong></span> <span class='ocrx_word' id='word_1_540' title='bbox 3207 3903 3331 3957; x_wconf 91' lang='lat' dir='ltr'><strong>dum</strong></span> <span class='ocrx_word' id='word_1_541' title='bbox 3366 3905 3569 3973; x_wconf 73' lang='lat' dir='ltr'><strong>saepius</strong></span> <span class='ocrx_word' id='word_1_542' title='bbox 3602 3920 3810 3960; x_wconf 78' lang='lat' dir='ltr'><strong>renova-</strong></span> 
     </span>
    </p>
   </div>
   <div class='ocr_carea' id='block_1_84' title="bbox 2235 3994 3807 4069">
    <p class='ocr_par' dir='ltr' id='par_1_84' title="bbox 2235 3994 3807 4069">
     <span class='ocr_line' id='line_1_84' title="bbox 2235 3994 3807 4069; baseline 0 -20"><span class='ocrx_word' id='word_1_543' title='bbox 2235 4002 2407 4061; x_wconf 90' lang='lat' dir='ltr'><strong>retur,</strong></span> <span class='ocrx_word' id='word_1_544' title='bbox 2454 3995 2650 4050; x_wconf 89' lang='lat' dir='ltr'><strong>iterum</strong></span> <span class='ocrx_word' id='word_1_545' title='bbox 2694 4004 2858 4064; x_wconf 84' lang='lat' dir='ltr'><strong>atque</strong></span> <span class='ocrx_word' id='word_1_546' title='bbox 2904 3994 3099 4049; x_wconf 91' lang='lat' dir='ltr'><strong>iterum</strong></span> <span class='ocrx_word' id='word_1_547' title='bbox 3146 3996 3641 4067; x_wconf 81' lang='lat' dir='ltr'><strong>exstinguebantur</strong></span> <span class='ocrx_word' id='word_1_548' title='bbox 3686 3998 3807 4069; x_wconf 75' lang='lat' dir='ltr'><strong>globi</strong></span> 
     </span>
    </p>
   </div>
   <div class='ocr_carea' id='block_1_85' title="bbox 2235 4084 3809 4156">
    <p class='ocr_par' dir='ltr' id='par_1_85' title="bbox 2235 4084 3809 4156">
     <span class='ocr_line' id='line_1_85' title="bbox 2235 4084 3809 4156; baseline 0.001 -17"><span class='ocrx_word' id='word_1_549' title='bbox 2235 4084 2596 4140; x_wconf 82' lang='lat' dir='ltr'><strong>flammarum.</strong></span> <span class='ocrx_word' id='word_1_550' title='bbox 2648 4084 2803 4141; x_wconf 91' lang='lat' dir='ltr'><strong>Unde</strong></span> <span class='ocrx_word' id='word_1_551' title='bbox 2831 4085 3005 4152; x_wconf 86' lang='lat' dir='ltr'><strong>magis</strong></span> <span class='ocrx_word' id='word_1_552' title='bbox 3051 4095 3310 4156; x_wconf 86' lang='lat' dir='ltr'><strong>tyrannus</strong></span> <span class='ocrx_word' id='word_1_553' title='bbox 3351 4086 3537 4142; x_wconf 89' lang='lat' dir='ltr'><strong>furore</strong></span> <span class='ocrx_word' id='word_1_554' title='bbox 3585 4088 3809 4144; x_wconf 88' lang='lat' dir='ltr'><strong>simulet</strong></span> 
     </span>
    </p>
   </div>
   <div class='ocr_carea' id='block_1_86' title="bbox 2235 4172 3808 4246">
    <p class='ocr_par' dir='ltr' id='par_1_86' title="bbox 2235 4172 3808 4246">
     <span class='ocr_line' id='line_1_86' title="bbox 2235 4172 3808 4246; baseline 0.003 -17"><span class='ocrx_word' id='word_1_555' title='bbox 2235 4176 2441 4246; x_wconf 90' lang='lat' dir='ltr'><strong>pudore</strong></span> <span class='ocrx_word' id='word_1_556' title='bbox 2470 4174 2708 4246; x_wconf 90' lang='lat' dir='ltr'><strong>repletus</strong></span> <span class='ocrx_word' id='word_1_557' title='bbox 2734 4215 2750 4240; x_wconf 92' lang='lat'><strong>,</strong></span> <span class='ocrx_word' id='word_1_558' title='bbox 2794 4172 2956 4243; x_wconf 85' lang='lat' dir='ltr'><strong>jussit</strong></span> <span class='ocrx_word' id='word_1_559' title='bbox 2985 4190 3079 4230; x_wconf 91' lang='lat' dir='ltr'><strong>eos</strong></span> <span class='ocrx_word' id='word_1_560' title='bbox 3107 4191 3378 4231; x_wconf 90' lang='lat' dir='ltr'><strong>remorum</strong></span> <span class='ocrx_word' id='word_1_561' title='bbox 3418 4179 3673 4234; x_wconf 84' lang='lat' dir='ltr'><strong>vectibus</strong></span> <span class='ocrx_word' id='word_1_562' title='bbox 3701 4193 3808 4233; x_wconf 85' lang='lat' dir='ltr'><strong>ene-</strong></span> 
     </span>
    </p>
   </div>
   <div class='ocr_carea' id='block_1_87' title="bbox 2235 4267 3807 4340">
    <p class='ocr_par' dir='ltr' id='par_1_87' title="bbox 2235 4267 3807 4340">
     <span class='ocr_line' id='line_1_87' title="bbox 2235 4267 3807 4340; baseline -0.002 -15"><span class='ocrx_word' id='word_1_563' title='bbox 2235 4268 2371 4335; x_wconf 87' lang='lat' dir='ltr'><strong>cari,</strong></span> <span class='ocrx_word' id='word_1_564' title='bbox 2400 4276 2455 4324; x_wconf 90' lang='lat' dir='ltr'><strong>et</strong></span> <span class='ocrx_word' id='word_1_565' title='bbox 2476 4268 2548 4322; x_wconf 89' lang='lat' dir='ltr'><strong>ita</strong></span> <span class='ocrx_word' id='word_1_566' title='bbox 2573 4267 2813 4340; x_wconf 90' lang='lat' dir='ltr'><strong>singulos</strong></span> <span class='ocrx_word' id='word_1_567' title='bbox 2840 4267 2892 4322; x_wconf 92' lang='lat' dir='ltr'><strong>in</strong></span> <span class='ocrx_word' id='word_1_568' title='bbox 2922 4268 3138 4323; x_wconf 90' lang='lat' dir='ltr'><strong>modum</strong></span> <span class='ocrx_word' id='word_1_569' title='bbox 3164 4282 3383 4333; x_wconf 90' lang='lat' dir='ltr'><strong>canum,</strong></span> <span class='ocrx_word' id='word_1_570' title='bbox 3408 4270 3660 4326; x_wconf 89' lang='lat' dir='ltr'><strong>cerebris</strong></span> <span class='ocrx_word' id='word_1_571' title='bbox 3682 4286 3807 4325; x_wconf 89' lang='lat' dir='ltr'><strong>com-</strong></span> 
     </span>
    </p>
   </div>
   <div class='ocr_carea' id='block_1_88' title="bbox 2235 4356 3809 4429">
    <p class='ocr_par' dir='ltr' id='par_1_88' title="bbox 2235 4356 3809 4429">
     <span class='ocr_line' id='line_1_88' title="bbox 2235 4356 3809 4429; baseline 0.001 -17"><span class='ocrx_word' id='word_1_572' title='bbox 2235 4358 2480 4424; x_wconf 91' lang='lat' dir='ltr'><strong>minutis,</strong></span> <span class='ocrx_word' id='word_1_573' title='bbox 2501 4358 2715 4428; x_wconf 90' lang='lat' dir='ltr'><strong>perimi.</strong></span> <span class='ocrx_word' id='word_1_574' title='bbox 2762 4356 2962 4428; x_wconf 87' lang='lat' dir='ltr'><strong>Sicque</strong></span> <span class='ocrx_word' id='word_1_575' title='bbox 2992 4359 3292 4429; x_wconf 88' lang='lat' dir='ltr'><strong>speciosum</strong></span> <span class='ocrx_word' id='word_1_576' title='bbox 3319 4374 3543 4415; x_wconf 90' lang='lat' dir='ltr'><strong>cursum</strong></span> <span class='ocrx_word' id='word_1_577' title='bbox 3577 4361 3809 4416; x_wconf 81' lang='lat' dir='ltr'><strong>certami-</strong></span> 
     </span>
    </p>
   </div>
   <div class='ocr_carea' id='block_1_89' title="bbox 2236 4448 3809 4524">
    <p class='ocr_par' dir='ltr' id='par_1_89' title="bbox 2236 4448 3809 4524">
     <span class='ocr_line' id='line_1_89' title="bbox 2236 4448 3809 4524; baseline 0 -19"><span class='ocrx_word' id='word_1_578' title='bbox 2236 4451 2322 4507; x_wconf 89' lang='lat' dir='ltr'><strong>nis</strong></span> <span class='ocrx_word' id='word_1_579' title='bbox 2345 4451 2450 4516; x_wconf 86' lang='lat' dir='ltr'><strong>sui,</strong></span> <span class='ocrx_word' id='word_1_580' title='bbox 2478 4458 2773 4505; x_wconf 88' lang='lat' dir='ltr'><strong>coronante</strong></span> <span class='ocrx_word' id='word_1_581' title='bbox 2802 4448 3048 4514; x_wconf 90' lang='lat' dir='ltr'><strong>Domino,</strong></span> <span class='ocrx_word' id='word_1_582' title='bbox 3073 4450 3436 4520; x_wconf 87' lang='lat' dir='ltr'><strong>perfecerunt.</strong></span> <span class='ocrx_word' id='word_1_583' title='bbox 3467 4451 3710 4524; x_wconf 87' lang='lat' dir='ltr'><strong>Corpora</strong></span> <span class='ocrx_word' id='word_1_584' title='bbox 3733 4468 3809 4507; x_wconf 65' lang='lat' dir='ltr'><strong>ea-</strong></span> 
     </span>
    </p>
   </div>
   <div class='ocr_carea' id='block_1_90' title="bbox 540 4539 3808 4637">
    <p class='ocr_par' dir='ltr' id='par_1_90' title="bbox 540 4539 3808 4637">
     <span class='ocr_line' id='line_1_90' title="bbox 540 4539 3808 4637; baseline 0.002 -18"><span class='ocrx_word' id='word_1_585' title='bbox 540 4539 748 4635; x_wconf 79' lang='lat' dir='ltr'><strong>corpus</strong></span> <span class='ocrx_word' id='word_1_586' title='bbox 772 4540 943 4620; x_wconf 81' lang='lat' dir='ltr'><strong>sancti</strong></span> <span class='ocrx_word' id='word_1_587' title='bbox 970 4539 1185 4619; x_wconf 76' lang='lat' dir='ltr'><strong>Eusebii</strong></span> <span class='ocrx_word' id='word_1_588' title='bbox 1222 4539 1523 4634; x_wconf 79' lang='lat' dir='ltr'><strong>presbyteri</strong></span> <span class='ocrx_word' id='word_1_589' title='bbox 1560 4564 1827 4634; x_wconf 84' lang='lat' dir='ltr'><strong>sepelivit.</strong></span> <span class='ocrx_word' id='word_1_590' title='bbox 1859 4539 2134 4637; x_wconf 74' lang='lat' dir='ltr'><strong>Factaque</strong></span> <span class='ocrx_word' id='word_1_591' title='bbox 2158 4540 2211 4600; x_wconf 79' lang='grc' dir='ltr'><strong>Ῐ)</strong></span> <span class='ocrx_word' id='word_1_592' title='bbox 2239 4557 2356 4637; x_wconf 58' lang='grc' dir='ltr'><strong>ΨΜ</strong></span> <span class='ocrx_word' id='word_1_593' title='bbox 2385 4541 2618 4637; x_wconf 35' lang='lat' dir='ltr'><strong>“fure</strong></span> <span class='ocrx_word' id='word_1_594' title='bbox 2642 4539 2883 4637; x_wconf 33' lang='lat'><strong>1393?“:</strong></span> <span class='ocrx_word' id='word_1_595' title='bbox 2917 4540 3019 4595; x_wconf 58' lang='grc'><strong>³⁸1³</strong></span> <span class='ocrx_word' id='word_1_596' title='bbox 3046 4540 3232 4637; x_wconf 49' lang='lat' dir='ltr'><strong>ead?”</strong></span> <span class='ocrx_word' id='word_1_597' title='bbox 3270 4540 3402 4595; x_wconf 68' lang='lat' dir='ltr'><strong>hom</strong></span> <span class='ocrx_word' id='word_1_598' title='bbox 3431 4541 3599 4597; x_wconf 55' lang='lat' dir='ltr'><strong>me“</strong></span> <span class='ocrx_word' id='word_1_599' title='bbox 3633 4544 3808 4597; x_wconf 62' lang='lat' dir='ltr'><strong>&quot;umi‘</strong></span> 
     </span>
    </p>
   </div>
   <div class='ocr_carea' id='block_1_91' title="bbox 515 4653 2135 4726">
    <p class='ocr_par' dir='ltr' id='par_1_91' title="bbox 515 4653 2135 4726">
     <span class='ocr_line' id='line_1_91' title="bbox 515 4653 2135 4726; baseline 0.002 -15"><span class='ocrx_word' id='word_1_600' title='bbox 515 4665 637 4711; x_wconf 90' lang='lat' dir='ltr'><strong>.est</strong></span> <span class='ocrx_word' id='word_1_601' title='bbox 680 4653 1003 4726; x_wconf 87' lang='lat' dir='ltr'><strong>gravissima</strong></span> <span class='ocrx_word' id='word_1_602' title='bbox 1047 4654 1352 4724; x_wconf 89' lang='lat' dir='ltr'><strong>persecutio</strong></span> <span class='ocrx_word' id='word_1_603' title='bbox 1395 4654 1450 4708; x_wconf 91' lang='lat' dir='ltr'><strong>in</strong></span> <span class='ocrx_word' id='word_1_604' title='bbox 1478 4654 1744 4710; x_wconf 89' lang='lat' dir='ltr'><strong>catholica</strong></span> <span class='ocrx_word' id='word_1_605' title='bbox 1776 4655 2017 4712; x_wconf 87' lang='lat' dir='ltr'><strong>Ecclesia</strong></span> <span class='ocrx_word' id='word_1_606' title='bbox 2064 4658 2135 4714; x_wconf 91' lang='lat' dir='ltr'><strong>ab</strong></span> 
     </span>
    </p>
   </div>
   <div class='ocr_carea' id='block_1_92' title="bbox 516 4745 2050 4817">
    <p class='ocr_par' dir='ltr' id='par_1_92' title="bbox 516 4745 2050 4817">
     <span class='ocr_line' id='line_1_92' title="bbox 516 4745 2050 4817; baseline 0.004 -16"><span class='ocrx_word' id='word_1_607' title='bbox 516 4797 520 4801; x_wconf 86' lang='lat'><strong>.</strong></span> <span class='ocrx_word' id='word_1_608' title='bbox 552 4746 792 4812; x_wconf 80' lang='lat' dir='ltr'><strong>Ariauis,</strong></span> <span class='ocrx_word' id='word_1_609' title='bbox 819 4745 1003 4801; x_wconf 85' lang='lat' dir='ltr'><strong>sedem</strong></span> <span class='ocrx_word' id='word_1_610' title='bbox 1031 4745 1387 4817; x_wconf 89' lang='lat' dir='ltr'><strong>apostolicam</strong></span> <span class='ocrx_word' id='word_1_611' title='bbox 1413 4756 1542 4803; x_wconf 88' lang='lat' dir='ltr'><strong>tunc</strong></span> <span class='ocrx_word' id='word_1_612' title='bbox 1565 4756 1784 4804; x_wconf 90' lang='lat' dir='ltr'><strong>tenente</strong></span> <span class='ocrx_word' id='word_1_613' title='bbox 1812 4748 2050 4809; x_wconf 89' lang='lat' dir='ltr'><strong>Liberio.</strong></span> 
     </span>
    </p>
   </div>
   <div class='ocr_carea' id='block_1_93' title="bbox 856 4856 1825 4920">
    <p class='ocr_par' dir='ltr' id='par_1_93' title="bbox 856 4856 1825 4920">
     <span class='ocr_line' id='line_1_93' title="bbox 856 4856 1825 4920; baseline 0.004 -6"><span class='ocrx_word' id='word_1_614' title='bbox 856 4858 920 4914; x_wconf 76' lang='grc' dir='ltr'><strong>ϐ.</strong></span> <span class='ocrx_word' id='word_1_615' title='bbox 956 4856 1137 4916; x_wconf 78' lang='lat' dir='ltr'><strong>XVIII.</strong></span> <span class='ocrx_word' id='word_1_616' title='bbox 1179 4858 1337 4914; x_wconf 76' lang='grc' dir='ltr'><strong>ΚΑΙ..</strong></span> <span class='ocrx_word' id='word_1_617' title='bbox 1372 4859 1825 4920; x_wconf 77' lang='lat' dir='ltr'><strong>SEPTEMBRlS.</strong></span> 
     </span>
    </p>
   </div>
   <div class='ocr_carea' id='block_1_94' title="bbox 1208 4949 1497 5024">
    <p class='ocr_par' dir='ltr' id='par_1_94' title="bbox 1208 4949 1497 5024">
     <span class='ocr_line' id='line_1_94' title="bbox 1208 4949 1497 5024; baseline 0.003 -19"><span class='ocrx_word' id='word_1_618' title='bbox 1208 4949 1299 5022; x_wconf 86' lang='lat' dir='ltr'><strong>(l5</strong></span> <span class='ocrx_word' id='word_1_619' title='bbox 1335 4951 1497 5024; x_wconf 81' lang='lat' dir='ltr'><strong>Aug.)</strong></span> 
     </span>
    </p>
   </div>
   <div class='ocr_carea' id='block_1_95' title="bbox 516 5039 1415 5098">
    <p class='ocr_par' dir='ltr' id='par_1_95' title="bbox 516 5039 1415 5098">
     <span class='ocr_line' id='line_1_95' title="bbox 516 5039 1415 5098; baseline 0 0"><span class='ocrx_word' id='word_1_620' title='bbox 516 5075 520 5079; x_wconf 67' lang='grc'>‹</span> <span class='ocrx_word' id='word_1_621' title='bbox 622 5040 839 5098; x_wconf 67' lang='lat' dir='ltr'><strong>Sancta</strong></span> <span class='ocrx_word' id='word_1_622' title='bbox 867 5040 1052 5096; x_wconf 67' lang='lat' dir='ltr'><strong>Mariae</strong></span> <span class='ocrx_word' id='word_1_623' title='bbox 1079 5052 1107 5082; x_wconf 69' lang='grc' dir='ltr'><strong>α</strong></span> <span class='ocrx_word' id='word_1_624' title='bbox 1138 5039 1415 5098; x_wconf 87' lang='lat' dir='ltr'><strong>dormitio.</strong></span> 
     </span>
    </p>
   </div>
   <div class='ocr_carea' id='block_1_96' title="bbox 620 5132 2132 5213">
    <p class='ocr_par' dir='ltr' id='par_1_96' title="bbox 620 5132 2132 5213">
     <span class='ocr_line' id='line_1_96' title="bbox 620 5132 2132 5213; baseline 0.005 -24"><span class='ocrx_word' id='word_1_625' title='bbox 620 5133 822 5189; x_wconf 83' lang='lat' dir='ltr'><strong>Eodem</strong></span> <span class='ocrx_word' id='word_1_626' title='bbox 868 5133 957 5189; x_wconf 91' lang='lat' dir='ltr'><strong>die</strong></span> <span class='ocrx_word' id='word_1_627' title='bbox 1000 5133 1175 5188; x_wconf 85' lang='lat' dir='ltr'><strong>sancti</strong></span> <span class='ocrx_word' id='word_1_628' title='bbox 1208 5132 1463 5190; x_wconf 88' lang='lat' dir='ltr'><strong>Tharsitii</strong></span> <span class='ocrx_word' id='word_1_629' title='bbox 1499 5134 1734 5206; x_wconf 86' lang='lat' dir='ltr'><strong>acolythi</strong></span> <span class='ocrx_word' id='word_1_630' title='bbox 1761 5146 1816 5193; x_wconf 88' lang='lat' dir='ltr'><strong>et</strong></span> <span class='ocrx_word' id='word_1_631' title='bbox 1856 5143 2132 5213; x_wconf 85' lang='lat' dir='ltr'><strong>martyris.</strong></span> 
     </span>
    </p>
   </div>
   <div class='ocr_carea' id='block_1_97' title="bbox 514 5224 2135 5301">
    <p class='ocr_par' dir='ltr' id='par_1_97' title="bbox 514 5224 2135 5301">
     <span class='ocr_line' id='line_1_97' title="bbox 514 5224 2135 5301; baseline 0.009 -24"><span class='ocrx_word' id='word_1_632' title='bbox 514 5260 521 5265; x_wconf 89' lang='grc'><strong><em>-</em></strong></span> <span class='ocrx_word' id='word_1_633' title='bbox 548 5227 721 5295; x_wconf 86' lang='lat' dir='ltr'><strong>Quem</strong></span> <span class='ocrx_word' id='word_1_634' title='bbox 745 5224 940 5297; x_wconf 84' lang='lat' dir='ltr'><strong>pagani</strong></span> <span class='ocrx_word' id='word_1_635' title='bbox 966 5238 1091 5279; x_wconf 87' lang='lat' dir='ltr'><strong>cum</strong></span> <span class='ocrx_word' id='word_1_636' title='bbox 1112 5224 1445 5281; x_wconf 89' lang='lat' dir='ltr'><strong>invenissent</strong></span> <span class='ocrx_word' id='word_1_637' title='bbox 1465 5226 1665 5284; x_wconf 84' lang='lat' dir='ltr'><strong>Christi</strong></span> <span class='ocrx_word' id='word_1_638' title='bbox 1684 5233 1929 5301; x_wconf 87' lang='lat' dir='ltr'><strong>corporis</strong></span> <span class='ocrx_word' id='word_1_639' title='bbox 1951 5250 2135 5290; x_wconf 79' lang='lat' dir='ltr'><strong>sacra-</strong></span> 
     </span>
    </p>
   </div>
   <div class='ocr_carea' id='block_1_98' title="bbox 546 5321 2129 5397">
    <p class='ocr_par' dir='ltr' id='par_1_98' title="bbox 546 5321 2129 5397">
     <span class='ocr_line' id='line_1_98' title="bbox 546 5321 2129 5397; baseline 0.009 -27"><span class='ocrx_word' id='word_1_640' title='bbox 546 5325 731 5371; x_wconf 88' lang='lat' dir='ltr'><strong>menta</strong></span> <span class='ocrx_word' id='word_1_641' title='bbox 760 5325 1064 5397; x_wconf 77' lang='lat' dir='ltr'><strong>portantem</strong></span> <span class='ocrx_word' id='word_1_642' title='bbox 1086 5357 1100 5381; x_wconf 91' lang='lat'><strong>,</strong></span> <span class='ocrx_word' id='word_1_643' title='bbox 1133 5329 1416 5389; x_wconf 64' lang='lat' dir='ltr'><strong>coeperunt</strong></span> <span class='ocrx_word' id='word_1_644' title='bbox 1439 5321 1709 5379; x_wconf 86' lang='lat' dir='ltr'><strong>discutere</strong></span> <span class='ocrx_word' id='word_1_645' title='bbox 1731 5326 1861 5395; x_wconf 87' lang='lat' dir='ltr'><strong>quid</strong></span> <span class='ocrx_word' id='word_1_646' title='bbox 1897 5337 2129 5397; x_wconf 85' lang='lat' dir='ltr'><strong>gereret.</strong></span> 
     </span>
    </p>
   </div>
   <div class='ocr_carea' id='block_1_99' title="bbox 546 5394 2132 5488">
    <p class='ocr_par' dir='ltr' id='par_1_99' title="bbox 546 5394 2132 5488">
     <span class='ocr_line' id='line_1_99' title="bbox 546 5394 2132 5488; baseline 0.008 -27"><span class='ocrx_word' id='word_1_647' title='bbox 546 5409 617 5461; x_wconf 80' lang='lat' dir='ltr'><strong>At</strong></span> <span class='ocrx_word' id='word_1_648' title='bbox 642 5407 732 5462; x_wconf 87' lang='lat' dir='ltr'><strong>ille</strong></span> <span class='ocrx_word' id='word_1_649' title='bbox 760 5394 1037 5479; x_wconf 80' lang='lat' dir='ltr'><strong>indignum</strong></span> <span class='ocrx_word' id='word_1_650' title='bbox 1060 5407 1309 5479; x_wconf 84' lang='lat' dir='ltr'><strong>judicans</strong></span> <span class='ocrx_word' id='word_1_651' title='bbox 1330 5410 1512 5481; x_wconf 87' lang='lat' dir='ltr'><strong>porcis</strong></span> <span class='ocrx_word' id='word_1_652' title='bbox 1538 5394 1768 5484; x_wconf 72' lang='lat' dir='ltr'><strong>prodere</strong></span> <span class='ocrx_word' id='word_1_653' title='bbox 1788 5394 2132 5488; x_wconf 77' lang='lat' dir='ltr'><strong>margaritas,</strong></span> 
     </span>
    </p>
   </div>
   <div class='ocr_carea' id='block_1_100' title="bbox 516 5498 2133 5580">
    <p class='ocr_par' dir='ltr' id='par_1_100' title="bbox 516 5498 2133 5580">
     <span class='ocr_line' id='line_1_100' title="bbox 516 5498 2133 5580; baseline 0.01 -28"><span class='ocrx_word' id='word_1_654' title='bbox 516 5530 521 5535; x_wconf 90' lang='lat'><em>-</em></span> <span class='ocrx_word' id='word_1_655' title='bbox 547 5505 660 5553; x_wconf 83' lang='lat' dir='ltr'><strong>tam</strong></span> <span class='ocrx_word' id='word_1_656' title='bbox 692 5498 783 5555; x_wconf 88' lang='lat' dir='ltr'><strong>diu</strong></span> <span class='ocrx_word' id='word_1_657' title='bbox 814 5499 1048 5557; x_wconf 82' lang='lat' dir='ltr'><strong>fustibus</strong></span> <span class='ocrx_word' id='word_1_658' title='bbox 1074 5516 1139 5557; x_wconf 90' lang='lat' dir='ltr'><strong>ac</strong></span> <span class='ocrx_word' id='word_1_659' title='bbox 1180 5500 1448 5574; x_wconf 87' lang='lat' dir='ltr'><strong>lapidibus</strong></span> <span class='ocrx_word' id='word_1_660' title='bbox 1481 5515 1752 5562; x_wconf 82' lang='lat' dir='ltr'><strong>mactatus</strong></span> <span class='ocrx_word' id='word_1_661' title='bbox 1777 5516 1902 5576; x_wconf 90' lang='lat' dir='ltr'><strong>est,</strong></span> <span class='ocrx_word' id='word_1_662' title='bbox 1933 5524 2133 5580; x_wconf 82' lang='lat' dir='ltr'><strong>quous-</strong></span> 
     </span>
    </p>
   </div>
   <div class='ocr_carea' id='block_1_101' title="bbox 552 5635 2129 5777">
    <p class='ocr_par' dir='ltr' id='par_1_101' title="bbox 552 5635 2129 5777">
     <span class='ocr_line' id='line_1_101' title="bbox 552 5635 2129 5777; baseline 0.013 -77"><span class='ocrx_word' id='word_1_663' title='bbox 552 5650 824 5777; x_wconf 48' lang='lat' dir='ltr'><strong>na:aliii.idc</strong></span> <span class='ocrx_word' id='word_1_664' title='bbox 868 5635 1107 5709; x_wconf 83' lang='lat' dir='ltr'><strong>libellum</strong></span> <span class='ocrx_word' id='word_1_665' title='bbox 1136 5653 1203 5710; x_wconf 90' lang='lat' dir='ltr'><strong>de</strong></span> <span class='ocrx_word' id='word_1_666' title='bbox 1232 5655 1379 5712; x_wconf 87' lang='lat' dir='ltr'><strong>Fest.</strong></span> <span class='ocrx_word' id='word_1_667' title='bbox 1410 5655 1619 5727; x_wconf 87' lang='lat' dir='ltr'><strong>Apost.,</strong></span> <span class='ocrx_word' id='word_1_668' title='bbox 1644 5652 1686 5716; x_wconf 57' lang='lat'><strong>&#39;8</strong></span> <span class='ocrx_word' id='word_1_669' title='bbox 1724 5658 1899 5730; x_wconf 87' lang='lat' dir='ltr'><strong>Scpt.,</strong></span> <span class='ocrx_word' id='word_1_670' title='bbox 1930 5662 1983 5719; x_wconf 93' lang='lat' dir='ltr'><strong>in</strong></span> <span class='ocrx_word' id='word_1_671' title='bbox 2014 5662 2129 5734; x_wconf 85' lang='lat' dir='ltr'><strong>ejus</strong></span> 
     </span>
    </p>
   </div>
   <div class='ocr_carea' id='block_1_102' title="bbox 2236 4633 3804 4705">
    <p class='ocr_par' dir='ltr' id='par_1_102' title="bbox 2236 4633 3804 4705">
     <span class='ocr_line' id='line_1_102' title="bbox 2236 4633 3804 4705; baseline -0.001 -15"><span class='ocrx_word' id='word_1_672' title='bbox 2236 4635 2338 4690; x_wconf 91' lang='lat' dir='ltr'><strong>bus</strong></span> <span class='ocrx_word' id='word_1_673' title='bbox 2362 4633 2593 4698; x_wconf 89' lang='lat' dir='ltr'><strong>reddita,</strong></span> <span class='ocrx_word' id='word_1_674' title='bbox 2622 4649 2652 4688; x_wconf 90' lang='lat' dir='ltr'><strong>a</strong></span> <span class='ocrx_word' id='word_1_675' title='bbox 2679 4633 2989 4689; x_wconf 90' lang='lat' dir='ltr'><strong>Christiano</strong></span> <span class='ocrx_word' id='word_1_676' title='bbox 3011 4634 3210 4705; x_wconf 80' lang='lat' dir='ltr'><strong>pepulo</strong></span> <span class='ocrx_word' id='word_1_677' title='bbox 3236 4646 3555 4689; x_wconf 89' lang='lat' dir='ltr'><strong>reverenter</strong></span> <span class='ocrx_word' id='word_1_678' title='bbox 3579 4637 3804 4698; x_wconf 80' lang='lat' dir='ltr'><strong>sublata,</strong></span> 
     </span>
    </p>
   </div>
   <div class='ocr_carea' id='block_1_103' title="bbox 2234 4724 3808 4797">
    <p class='ocr_par' dir='ltr' id='par_1_103' title="bbox 2234 4724 3808 4797">
     <span class='ocr_line' id='line_1_103' title="bbox 2234 4724 3808 4797; baseline -0.001 -17"><span class='ocrx_word' id='word_1_679' title='bbox 2234 4733 2507 4797; x_wconf 76' lang='lat' dir='ltr'><strong>prmeunte</strong></span> <span class='ocrx_word' id='word_1_680' title='bbox 2526 4724 2690 4789; x_wconf 87' lang='lat' dir='ltr'><strong>clero,</strong></span> <span class='ocrx_word' id='word_1_681' title='bbox 2719 4739 2842 4779; x_wconf 89' lang='lat' dir='ltr'><strong>cum</strong></span> <span class='ocrx_word' id='word_1_682' title='bbox 2867 4724 3069 4796; x_wconf 89' lang='lat' dir='ltr'><strong>hymno</strong></span> <span class='ocrx_word' id='word_1_683' title='bbox 3094 4724 3426 4780; x_wconf 90' lang='lat' dir='ltr'><strong>solemnibus</strong></span> <span class='ocrx_word' id='word_1_684' title='bbox 3452 4728 3677 4782; x_wconf 86' lang='lat' dir='ltr'><strong>condita</strong></span> <span class='ocrx_word' id='word_1_685' title='bbox 3699 4734 3808 4782; x_wconf 87' lang='lat' dir='ltr'><strong>sunt</strong></span> 
     </span>
    </p>
   </div>
   <div class='ocr_carea' id='block_1_104' title="bbox 2237 4814 3809 4884">
    <p class='ocr_par' dir='ltr' id='par_1_104' title="bbox 2237 4814 3809 4884">
     <span class='ocr_line' id='line_1_104' title="bbox 2237 4814 3809 4884; baseline 0.002 -13"><span class='ocrx_word' id='word_1_686' title='bbox 2237 4817 2292 4871; x_wconf 92' lang='lat' dir='ltr'><strong>in</strong></span> <span class='ocrx_word' id='word_1_687' title='bbox 2333 4815 2665 4870; x_wconf 87' lang='lat' dir='ltr'><strong>monasterio</strong></span> <span class='ocrx_word' id='word_1_688' title='bbox 2694 4814 2947 4883; x_wconf 83' lang='lat' dir='ltr'><strong>contigue</strong></span> <span class='ocrx_word' id='word_1_689' title='bbox 2985 4814 3254 4880; x_wconf 66' lang='lat' dir='ltr'><strong>basilicae,</strong></span> <span class='ocrx_word' id='word_1_690' title='bbox 3295 4831 3416 4884; x_wconf 66' lang='lat' dir='ltr'><strong>qua:</strong></span> <span class='ocrx_word' id='word_1_691' title='bbox 3444 4817 3652 4873; x_wconf 90' lang='lat' dir='ltr'><strong>dicitur</strong></span> <span class='ocrx_word' id='word_1_692' title='bbox 3676 4818 3809 4874; x_wconf 81' lang='lat' dir='ltr'><strong>Cele-</strong></span> 
     </span>
    </p>
   </div>
   <div class='ocr_carea' id='block_1_105' title="bbox 2236 4900 3805 4978">
    <p class='ocr_par' dir='ltr' id='par_1_105' title="bbox 2236 4900 3805 4978">
     <span class='ocr_line' id='line_1_105' title="bbox 2236 4900 3805 4978; baseline 0.001 -20"><span class='ocrx_word' id='word_1_693' title='bbox 2236 4904 2388 4959; x_wconf 70' lang='lat' dir='ltr'><strong>rinae.</strong></span> <span class='ocrx_word' id='word_1_694' title='bbox 2434 4902 2635 4958; x_wconf 89' lang='lat' dir='ltr'><strong>Scribit</strong></span> <span class='ocrx_word' id='word_1_695' title='bbox 2661 4902 2852 4959; x_wconf 89' lang='lat' dir='ltr'><strong>beatus</strong></span> <span class='ocrx_word' id='word_1_696' title='bbox 2893 4900 3081 4958; x_wconf 80' lang='lat' dir='ltr'><strong>Victor</strong></span> <span class='ocrx_word' id='word_1_697' title='bbox 3122 4903 3413 4961; x_wconf 80' lang='lat' dir='ltr'><strong>Africanus</strong></span> <span class='ocrx_word' id='word_1_698' title='bbox 3447 4907 3737 4978; x_wconf 87' lang='lat' dir='ltr'><strong>episcopus</strong></span> <span class='ocrx_word' id='word_1_699' title='bbox 3761 4907 3805 4960; x_wconf 85' lang='lat' dir='ltr'><strong>in</strong></span> 
     </span>
    </p>
   </div>
   <div class='ocr_carea' id='block_1_106' title="bbox 2239 4991 3805 5069">
    <p class='ocr_par' dir='ltr' id='par_1_106' title="bbox 2239 4991 3805 5069">
     <span class='ocr_line' id='line_1_106' title="bbox 2239 4991 3805 5069; baseline 0.002 -21"><span class='ocrx_word' id='word_1_700' title='bbox 2239 4992 2462 5048; x_wconf 90' lang='lat' dir='ltr'><strong>historia</strong></span> <span class='ocrx_word' id='word_1_701' title='bbox 2475 4992 2714 5062; x_wconf 86' lang='lat' dir='ltr'><strong>ejusdem</strong></span> <span class='ocrx_word' id='word_1_702' title='bbox 2728 4991 3060 5049; x_wconf 70' lang='lat' dir='ltr'><strong>Wandalica:</strong></span> <span class='ocrx_word' id='word_1_703' title='bbox 3072 4997 3466 5064; x_wconf 89' lang='lat' dir='ltr'><strong>persecutionis</strong></span> <span class='ocrx_word' id='word_1_704' title='bbox 3479 4998 3544 5066; x_wconf 79' lang='grc' dir='ltr'><strong>(ι.</strong></span> <span class='ocrx_word' id='word_1_705' title='bbox 3560 4997 3642 5067; x_wconf 76' lang='lat'><strong>3),</strong></span> <span class='ocrx_word' id='word_1_706' title='bbox 3659 5013 3805 5069; x_wconf 82' lang='lat' dir='ltr'><strong>quam</strong></span> 
     </span>
    </p>
   </div>
   <div class='ocr_carea' id='block_1_107' title="bbox 2238 5083 3806 5158">
    <p class='ocr_par' dir='ltr' id='par_1_107' title="bbox 2238 5083 3806 5158">
     <span class='ocr_line' id='line_1_107' title="bbox 2238 5083 3806 5158; baseline 0.003 -21"><span class='ocrx_word' id='word_1_707' title='bbox 2238 5091 2294 5137; x_wconf 89' lang='lat' dir='ltr'><strong>et</strong></span> <span class='ocrx_word' id='word_1_708' title='bbox 2321 5083 2436 5153; x_wconf 89' lang='lat' dir='ltr'><strong>ipse</strong></span> <span class='ocrx_word' id='word_1_709' title='bbox 2466 5096 2586 5138; x_wconf 92' lang='lat' dir='ltr'><strong>cum</strong></span> <span class='ocrx_word' id='word_1_710' title='bbox 2615 5084 2827 5139; x_wconf 78' lang='lat' dir='ltr'><strong>caeteris</strong></span> <span class='ocrx_word' id='word_1_711' title='bbox 2855 5084 3146 5151; x_wconf 89' lang='lat' dir='ltr'><strong>sustinuit,</strong></span> <span class='ocrx_word' id='word_1_712' title='bbox 3179 5095 3234 5141; x_wconf 85' lang='lat' dir='ltr'><strong>et</strong></span> <span class='ocrx_word' id='word_1_713' title='bbox 3255 5085 3398 5142; x_wconf 81' lang='lat' dir='ltr'><strong>ﬁdeli</strong></span> <span class='ocrx_word' id='word_1_714' title='bbox 3428 5097 3594 5158; x_wconf 89' lang='lat' dir='ltr'><strong>atque</strong></span> <span class='ocrx_word' id='word_1_715' title='bbox 3625 5088 3806 5145; x_wconf 86' lang='lat' dir='ltr'><strong>illustri</strong></span> 
     </span>
    </p>
   </div>
   <div class='ocr_carea' id='block_1_108' title="bbox 2239 5172 3093 5245">
    <p class='ocr_par' dir='ltr' id='par_1_108' title="bbox 2239 5172 3093 5245">
     <span class='ocr_line' id='line_1_108' title="bbox 2239 5172 3093 5245; baseline -0.002 -17"><span class='ocrx_word' id='word_1_716' title='bbox 2239 5173 2378 5245; x_wconf 89' lang='lat' dir='ltr'><strong>stylo</strong></span> <span class='ocrx_word' id='word_1_717' title='bbox 2403 5174 2643 5244; x_wconf 87' lang='lat' dir='ltr'><strong>digessit.</strong></span> <span class='ocrx_word' id='word_1_718' title='bbox 3074 5172 3093 5184; x_wconf 83' lang='lat'><em>’</em></span> 
     </span>
    </p>
   </div>
   <div class='ocr_carea' id='block_1_109' title="bbox 2307 5265 3803 5338">
    <p class='ocr_par' dir='ltr' id='par_1_109' title="bbox 2307 5265 3803 5338">
     <span class='ocr_line' id='line_1_109' title="bbox 2307 5265 3803 5338; baseline 0.006 -19"><span class='ocrx_word' id='word_1_719' title='bbox 2307 5266 2461 5335; x_wconf 78' lang='lat' dir='ltr'><strong>Apud</strong></span> <span class='ocrx_word' id='word_1_720' title='bbox 2489 5267 2789 5322; x_wconf 64' lang='lat' dir='ltr'><strong>Caesaream</strong></span> <span class='ocrx_word' id='word_1_721' title='bbox 2817 5265 3190 5338; x_wconf 60' lang='lat' dir='ltr'><strong>Cappadocia,</strong></span> <span class='ocrx_word' id='word_1_722' title='bbox 3216 5271 3412 5326; x_wconf 89' lang='lat' dir='ltr'><strong>natalis</strong></span> <span class='ocrx_word' id='word_1_723' title='bbox 3441 5274 3619 5329; x_wconf 86' lang='lat' dir='ltr'><strong>sancti</strong></span> <span class='ocrx_word' id='word_1_724' title='bbox 3651 5273 3803 5328; x_wconf 66' lang='lat' dir='ltr'><strong>blam-</strong></span> 
     </span>
    </p>
   </div>
   <div class='ocr_carea' id='block_1_110' title="bbox 2236 5356 3804 5432">
    <p class='ocr_par' dir='ltr' id='par_1_110' title="bbox 2236 5356 3804 5432">
     <span class='ocr_line' id='line_1_110' title="bbox 2236 5356 3804 5432; baseline 0.007 -24"><span class='ocrx_word' id='word_1_725' title='bbox 2236 5356 2396 5410; x_wconf 89' lang='lat' dir='ltr'><strong>metis</strong></span> <span class='ocrx_word' id='word_1_726' title='bbox 2422 5357 2698 5427; x_wconf 87' lang='lat' dir='ltr'><strong>martyris,</strong></span> <span class='ocrx_word' id='word_1_727' title='bbox 2725 5357 2816 5425; x_wconf 90' lang='lat' dir='ltr'><strong>qui</strong></span> <span class='ocrx_word' id='word_1_728' title='bbox 2839 5371 3035 5426; x_wconf 88' lang='lat' dir='ltr'><strong>passus</strong></span> <span class='ocrx_word' id='word_1_729' title='bbox 3053 5369 3155 5428; x_wconf 88' lang='lat' dir='ltr'><strong>est,</strong></span> <span class='ocrx_word' id='word_1_730' title='bbox 3181 5362 3478 5432; x_wconf 86' lang='lat' dir='ltr'><strong>imperante</strong></span> <span class='ocrx_word' id='word_1_731' title='bbox 3498 5365 3804 5427; x_wconf 81' lang='lat' dir='ltr'><strong>Aureliano,</strong></span> 
     </span>
    </p>
   </div>
   <div class='ocr_carea' id='block_1_111' title="bbox 2237 5448 2946 5519">
    <p class='ocr_par' dir='ltr' id='par_1_111' title="bbox 2237 5448 2946 5519">
     <span class='ocr_line' id='line_1_111' title="bbox 2237 5448 2946 5519; baseline 0.003 -16"><span class='ocrx_word' id='word_1_732' title='bbox 2237 5448 2337 5504; x_wconf 90' lang='lat' dir='ltr'><strong>sub</strong></span> <span class='ocrx_word' id='word_1_733' title='bbox 2363 5448 2677 5505; x_wconf 80' lang='lat' dir='ltr'><strong>Alexandro</strong></span> <span class='ocrx_word' id='word_1_734' title='bbox 2698 5449 2946 5519; x_wconf 72' lang='lat' dir='ltr'><strong>praeside.</strong></span> 
     </span>
    </p>
   </div>
   <div class='ocr_carea' id='block_1_112' title="bbox 2257 5681 3629 5763">
    <p class='ocr_par' dir='ltr' id='par_1_112' title="bbox 2257 5681 3629 5763">
     <span class='ocr_line' id='line_1_112' title="bbox 2257 5681 3629 5763; baseline 0.012 -28"><span class='ocrx_word' id='word_1_735' title='bbox 2257 5754 2263 5761; x_wconf 28' lang='lat'>.</span> <span class='ocrx_word' id='word_1_736' title='bbox 2304 5681 2333 5722; x_wconf 74' lang='grc' dir='ltr'><strong>ιι</strong></span> <span class='ocrx_word' id='word_1_737' title='bbox 2371 5683 2444 5739; x_wconf 90' lang='lat' dir='ltr'><strong>De</strong></span> <span class='ocrx_word' id='word_1_738' title='bbox 2469 5684 2572 5740; x_wconf 89' lang='lat' dir='ltr'><strong>hoc</strong></span> <span class='ocrx_word' id='word_1_739' title='bbox 2601 5683 2654 5741; x_wconf 91' lang='lat' dir='ltr'><strong>in</strong></span> <span class='ocrx_word' id='word_1_740' title='bbox 2683 5683 2864 5744; x_wconf 84' lang='lat' dir='ltr'><strong>Gcstis</strong></span> <span class='ocrx_word' id='word_1_741' title='bbox 2895 5686 3158 5759; x_wconf 89' lang='lat' dir='ltr'><strong>Stephani</strong></span> <span class='ocrx_word' id='word_1_742' title='bbox 3188 5705 3362 5762; x_wconf 66' lang='lat' dir='ltr'><strong>papae,</strong></span> <span class='ocrx_word' id='word_1_743' title='bbox 3395 5691 3463 5748; x_wconf 77' lang='lat'><strong>20</strong></span> <span class='ocrx_word' id='word_1_744' title='bbox 3488 5691 3629 5763; x_wconf 80' lang='lat' dir='ltr'><strong>Aug.</strong></span> 
     </span>
    </p>
   </div>
  </div>
