3962 6366
129 341 247 397 333

489 456 550 510 ιτ.
591 453 685 509 XV
721 453 876 508 ΚΑΒ.
918 451 1364 507 SEPTEMBRIS.

783 546 872 616 (is
913 546 1074 614 Aug.)

210 643 368 716 Apud
411 639 799 695 Praenestinam
846 639 1145 703 civitatem,
1190 637 1444 692 milliario
1471 639 1540 691 ab
1583 640 1718 692 urbe

131 735 421 805 trigesimo
445 731 626 792 tertio,
654 728 852 782 natalis
877 729 1047 782 sancti
1072 727 1284 796 Agapiti
1313 727 1588 798 martyris,
1619 725 1720 780 sub

127 824 436 882 Aurelianus
466 823 813 890 imperatore,
842 819 1070 888 prmside
1097 818 1383 872 Antiocho.
1413 818 1546 870 Cum
1577 825 1719 871 esset

135 930 412 970 annorum
439 911 748 980 quindecim
767 948 781 973 ,
815 918 869 963 et
892 923 1077 962 amore
1098 908 1296 963 Christi
1329 908 1586 978 martyrio
1613 907 1720 961 fer-

135 1014 320 1069 veret,
343 1003 496 1072 jussu
529 1002 869 1071 imperatoris
892 1009 1091 1063 tentus,
1118 1011 1173 1054 et
1198 1001 1372 1070 primo
1395 1000 1576 1054 nervis
1596 1015 1718 1053 cru-

135 1098 228 1153 dis
259 1097 348 1150 diu
370 1109 541 1149 caesus
559 1101 664 1156 est,
691 1092 886 1146 deinde
912 1091 1126 1160 ιη’ωεὶἀί
1157 1100 1215 1144 ut
1245 1089 1607 1160 impelleretur
1628 1105 1717 1143 sa-

137 1187 396 1245 criﬁcare
425 1186 675 1240 traditus.
717 1183 816 1250 Qui
849 1183 901 1236 in
929 1183 1222 1236 durissimo
1256 1190 1418 1250 atque
1445 1181 1717 1235 obscuris-

138 1283 287 1338 simo
309 1294 529 1334 carcere
553 1292 676 1331 eum
701 1275 936 1334 reclusit.
961 1284 1017 1328 et
1040 1289 1136 1342 per
1155 1284 1386 1342 quatuor
1405 1273 1519 1327 dies
1540 1273 1719 1327 cibum

139 1386 363 1427 omnem
380 1369 624 1439 negavit;
647 1367 768 1421 inde
781 1367 848 1419 de
863 1380 1080 1419 carcere
1101 1365 1371 1418 exhibitus
1390 1374 1471 1419 est
1485 1363 1718 1432 praesidi,

142 1464 238 1533 qui
271 1475 473 1531 prunas
501 1461 753 1514 ardentes
777 1471 939 1526 super
962 1468 1122 1526 caput
1156 1456 1272 1524 ejus
1309 1456 1472 1524 jussit
1497 1457 1717 1526 imponi.

143 1554 214 1608 Et
234 1569 356 1608 eum
379 1552 584 1622 gratias
607 1551 714 1604 Deo
731 1557 938 1619 martyr
952 1557 1158 1618 ageret,
1182 1547 1404 1617 ﬂagellis
1423 1560 1508 1602 est
1528 1561 1719 1611 caesus,

148 1654 209 1701 et
235 1643 412 1700 nudus
438 1655 752 1712 suspensus,
776 1641 954 1709 capite
975 1641 1225 1694 deorsum
1251 1653 1431 1705 verso,
1453 1640 1565 1694 acri
1597 1640 1723 1694 sub-

151 1745 242 1792 ter
266 1734 408 1789 fumo
453 1732 618 1788 facto.
660 1731 878 1786 Etcum
906 1732 1114 1787 diceret
1156 1732 1370 1798 praisidi
1400 1748 1414 1784 :
1447 1729 1720 1801 Sapientia

829 335 1432 392 MARTYBOLOGIUM
1473 332 1618 389 CL‘M
1659 331 2282 388 ADDITAMENTIS.—
2319 333 2520 387 MENS.
2563 333 2722 388 AUG.

3286 334 3390 389 35$

1738 455 1786 508 Α
1817 447 2060 514 regriuus
2088 457 2143 501 et
2171 447 2464 501 Pontianus
2497 461 2543 498 υ.
2588 445 2691 500 Per
2729 459 2956 514 quorum
2999 460 3192 501 manus
3227 449 3391 504 etiam

1825 537 2104 592 facultates
2140 554 2265 594 suas
2289 539 2615 608 pauperibus
2637 536 2995 601 distribuens,
3027 551 3058 589 a
3095 537 3253 593 beato
3280 538 3394 592 Ru-

1822 630 1932 683 fino
1977 629 2295 700 presbytero
2344 630 2596 699 baptismi
2647 629 2876 697 gratiam
2927 629 3186 699 percepit.
3243 631 3395 697 Quod

1821 719 2044 772 audiens
2072 718 2418 783 Cummodns,
2450 719 2618 772 iratus
2639 717 2801 785 jussit
2827 733 2950 772 eum
2979 720 3172 782 teneri,
3203 732 3258 774 et
3284 723 3400 775 cui-

1823 809 1943 862 (iam
1969 808 2183 862 Vitellio
2206 809 2463 877 magistro
2488 810 2723 878 peditum
2753 808 2913 874 tradi,
2937 817 2996 863 ut
3016 825 3207 864 omnes
3235 811 3400 865 facul-

1823 907 1960 953 tates
1989 898 2106 965 ejus
2130 899 2451 968 requireret,
2474 909 2528 953 et
2552 901 2618 953 ad
2639 900 3049 954 sacrilicandum
3072 901 3394 970 impelleret.

1823 989 1924 1058 Qui
1956 989 2188 1058 conjecit
2212 1004 2334 1045 eum
2367 991 2418 1044 in
2447 1006 2743 1050 carcerem,
2768 999 2824 1044 et
2851 1000 2971 1060 post
2997 991 3230 1056 triduum
3260 1004 3402 1048 cate-

1822 1080 1908 1134 nis
1938 1080 2176 1134 vinctum
2218 1080 2346 1136 fecit
2375 1081 2474 1136 sibi
2516 1081 2848 1150 praesentari.
2883 1080 2950 1134 Et
2977 1082 3216 1137 auditum
3241 1083 3402 1152 jussit

1826 1176 1932 1222 tam
1980 1169 2069 1223 ditt
2116 1167 2349 1224 fustibus
2377 1169 2540 1234 cmdi,
2593 1169 2764 1223 donec
2809 1168 3083 1223 emitteret
3129 1169 3397 1239 Spiritum.

1823 1257 1988 1326 Cujus
2032 1274 2232 1328 corpus
2279 1258 2609 1330 collegerunt
2655 1268 2816 1314 noctu
2863 1261 3055 1315 beatus
3103 1261 3400 1325 Eusebius,

1827 1348 2141 1413 Pontianus,
2172 1349 2494 1417 Peregrinus
2523 1359 2684 1419 atque
2709 1351 3073 1417 hmocentius,
3103 1361 3157 1406 et
3183 1352 3404 1420 sepelie-

1827 1450 1954 1496 runt
1981 1443 2033 1497 in
2077 1444 2393 1499 cmmeterio
2434 1442 2728 1514 Calepodii,
2756 1445 2857 1500 sub
2898 1445 2986 1499 die
3014 1460 3103 1500 xw
3129 1444 3397 1500 Kalendas

1826 1531 2178 1601 Septembris.

2163 1647 2227 1698 A.
2271 1645 2383 1700 XIII
2418 1646 2574 1700 KAL.
2618 1645 3063 1702 SEPTEMBRIS.

2475 1736 2564 1805 (eo
2599 1736 2757 1807 Aug.)

149 1834 248 1881 tua
275 1835 332 1880 et
358 1825 568 1878 vanitas
614 1833 704 1876 tua
733 1822 787 1876 in
818 1821 966 1877 fumo
992 1822 1239 1885 laborat,
1273 1823 1468 1876 iterum
1500 1788 1723 1893 flagellis
1751 1788 1798 1848 Β
1901 1826 2087 1894 Natale
2115 1827 2380 1882 Samuelis
2405 1788 2708 1898 propheta:
2724 1788 2887 1894 Cujus
2909 1844 3061 1883 sacra
3087 1843 3210 1884 ossa
3237 1829 3406 1898 impe-

148 1917 376 1973 ca‘ditur
391 1931 420 1970 a
441 1925 677 1985 quatuor
697 1914 798 1970 sibi
823 1914 1049 1969 invicem
1073 1913 1513 1980 succedentibus;
1535 1914 1728 1970 deinde

149 2006 460 2063 bullientem
488 2021 682 2074 aquam
712 2019 874 2074 super
899 2013 1143 2059 ventrem
1185 2003 1304 2072 ejus
1332 2004 1565 2060 ministri
1612 2005 1726 2060 dia-

151 2099 256 2155 boli
278 2098 604 2162 effuderunt,
629 2108 684 2152 et
706 2097 951 2152 maxillas
964 2097 1083 2166 ejus
1101 2097 1500 2167 conl'regerunt.
1517 2098 1727 2154 Interea

145 2190 309 2259 judex
339 2192 406 2245 de
435 2189 690 2245 tribunali
722 2205 822 2245 suo
849 2191 1080 2255 cadens,
1113 2189 1369 2245 collectus
1401 2205 1432 2244 a
1464 2191 1728 2246 ministris

153 2284 207 2337 in
237 2281 377 2337 lecto
401 2281 713 2342 reclinatur,
742 2290 798 2335 et
827 2281 1069 2335 sentiens
1095 2282 1193 2337 Dei
1224 2281 1477 2336 virtutem
1505 2281 1558 2336 in
1585 2296 1729 2335 mar-

154 2381 295 2445 tyre,
315 2382 438 2443 post
462 2373 730 2428 modicum
755 2371 965 2426 tristem
988 2373 1224 2426 animam
1247 2372 1446 2426 emisit.
1472 2371 1547 2425 De
1571 2371 1729 2426 beato

154 2480 289 2520 vero
330 2464 558 2533 Agapito
601 2462 968 2518 renuntiatum
993 2469 1078 2516 est
1106 2461 1450 2530 imperatori,
1486 2461 1576 2530 qui
1606 2461 1730 2514 bea-

159 2566 284 2610 tum
316 2555 493 2608 virum
537 2553 692 2620 jussit
740 2553 986 2607 leonibus
1032 2551 1262 2620 subjici;
1301 2553 1394 2607 sed
1438 2561 1731 2607 mansuetae

162 2643 322 2699 facte
348 2642 490 2702 ferae.
519 2643 734 2712 pedibus
758 2641 1014 2712 martyris
1037 2643 1106 2696 ad
1135 2641 1477 2696 lambendum
1501 2657 1562 2696 se
1585 2641 1728 2696 incli-

157 2741 443 2789 navemnt.
472 2731 581 2786 Hoc
605 2733 844 2787 videntes
870 2731 1090 2787 sceleris
1122 2731 1372 2794 ministri,
1401 2731 1640 2786 tulerunt
1662 2731 1730 2786 de

154 2825 336 2880 medio
365 2834 611 2879 sanctum
649 2833 962 2895 martyrem,
999 2831 1054 2878 et
1083 2831 1344 2877 venerunt
1374 2831 1563 2877 contra
1593 2822 1728 2877 civi-

157 2926 318 2971 tatem
348 2913 736 2974 Praanestinam
763 2955 778 2979 ,
805 2914 892 2969 ubi
932 2922 1063 2967 sunt
1089 2913 1208 2966 duae
1236 2911 1501 2967 columna:
1523 2952 1538 2976 ,
1570 2921 1627 2966 et
1656 2911 1731 2966 ibi

150 3022 271 3060 eum
306 3005 484 3076 gladio
519 3012 930 3074 percusserunt,
957 3002 1058 3057 sub
1082 3001 1170 3056 die
1198 3017 1265 3056 xv
1293 3001 1560 3056 Kalendas
1590 3001 1727 3070 Sep-

157 3097 402 3153 tembris.
429 3097 636 3166 Corpus
663 3095 778 3161 eius
807 3103 967 3149 noctu
991 3092 1262 3149 sublatum
1288 3101 1373 3147 est
1400 3109 1430 3146 a
1459 3092 1726 3148 Christia-
1755 3132 1800 3194 Ο

157 3190 260 3253 nis,
285 3197 342 3242 et
369 3188 603 3258 positum
631 3186 883 3241 milliario
911 3185 1086 3253 primo
1108 3199 1139 3237 a
1162 3185 1383 3240 civitate
1405 3183 1458 3238 in
1487 3198 1647 3254 agro,
1673 3183 1727 3236 in

155 3281 490 3350 sarcophago
516 3295 653 3333 novo
680 3288 808 3332 nutu
835 3278 1014 3332 divino
1039 3277 1110 3331 ibi
1136 3277 1374 3331 invento.

225 3371 427 3424 Eodem
451 3370 539 3424 die
567 3369 780 3431 Romae,
810 3368 862 3420 in
889 3366 1054 3420 Sexto
1077 3366 1338 3436 Philippi,
1374 3366 1568 3420 natalis
1601 3367 1730 3420 bea-

157 3470 334 3514 torum
360 3459 796 3529 presbyterorum
823 3455 1046 3510 Joannis
1085 3465 1141 3509 et
1184 3455 1394 3524 Crispi,
1422 3456 1514 3524 qui
1545 3469 1731 3524 perse-

155 3553 377 3606 cutione
421 3549 734 3606 Diocletiani
784 3557 840 3603 et
875 3546 1184 3601 Maximiani
1213 3546 1380 3600 multa
1423 3556 1731 3601 sanctorum

156 3661 388 3714 corpora
419 3644 810 3700 oﬂlciosissime
855 3641 1200 3710 sepelierunt.
1241 3642 1481 3708 Quorum
1527 3642 1735 3696 meritis

162 3750 222 3792 et
249 3739 347 3808 ipsi
380 3739 714 3807 postmodum
741 3735 964 3800 sociati,
989 3736 1182 3806 gaudia
1208 3735 1332 3789 vitae
1363 3745 1695 3790 meruerunt.

497 3852 569 3926 o.’
601 3870 719 3932 xiv
752 3869 908 3924 KAL.
950 3867 1397 3923 ssrmunms.

810 3959 898 4028 (19
936 3957 1095 4028 Aug.)

228 4053 440 4109 Natalis
461 4053 632 4108 sancti
662 4052 863 4122 Magni,
893 4065 988 4104 seu
1013 4049 1186 4104 sancti
1208 4050 1433 4104 Andreae
1459 4057 1734 4120 martyris,

151 4163 282 4202 cum
313 4145 480 4199 sociis
527 4145 639 4198 suis
668 4143 874 4197 duobus
904 4141 1141 4195 millibus
1163 4181 1177 4204 ,
1224 4139 1534 4210 quingentis
1565 4155 1735 4193 nona-

151 4239 310 4309 ginta
337 4244 562 4303 septem.

227 4328 289 4382 In
318 4325 528 4389 Galliis,
566 4339 704 4394 pago
733 4323 1046 4395 Sigisterico
1092 4323 1146 4377 in
1193 4332 1377 4377 monte
1407 4321 1496 4391 qui
1540 4321 1743 4375 dicitur

148 4418 324 4481 Iura,
356 4416 534 4471 natale
577 4415 748 4470 sancti
794 4415 985 4470 Donati
1016 4413 1336 4484 presbyteri.
1380 4412 1481 4480 Qui
1511 4413 1578 4467 ab
1607 4411 1739 4480 ipsis

1827 1928 1980 1974 rator
2002 1919 2264 1974 Arcadius
2284 1920 2351 1974 de
2370 1917 2552 1974 Judaza
2577 1919 2851 1973 transtulit
2872 1918 2923 1971 in
2949 1919 3257 1984 Thraciam,
3281 1934 3408 1988 por-

1827 2010 2066 2064 tantibus
2109 2010 2411 2080 episcopis,
2443 2018 2499 2064 et
2541 2010 2779 2063 omnium
2809 2009 3160 2062 ecclesiarum
3190 2009 3406 2079 populis

1829 2107 1977 2154 tanta
2010 2098 2193 2154 laatitia
2222 2099 2654 2162 occurrentibus,
2683 2098 2837 2167 quasi
2867 2111 3186 2166 praesentem
3213 2100 3401 2153 viven-

1829 2200 2041 2260 temque
2063 2199 2349 2246 cernerent
2371 2200 2535 2260 atque
2561 2191 2921 2259 susciperent,
2947 2201 3006 2244 ut
3031 2191 3098 2245 de
3117 2190 3406 2246 Palaestina

1829 2297 1998 2350 usque
2019 2281 2412 2337 Chalcedonem
2427 2282 2785 2352 jungerentur
2800 2281 3115 2350 p0pulorum
3130 2283 3407 2348 examina,

1829 2381 1884 2428 et
1915 2373 1970 2426 in
2014 2372 2214 2427 Christi
2263 2373 2448 2426 laudes
2498 2387 2603 2426 una
2649 2386 2780 2426 voce
2829 2382 3164 2426 resonarent.
3205 2371 3410 2427 Scribit

1829 2471 2051 2517 sanctus
2103 2461 2462 2531 Hieronymus
2511 2462 2566 2516 in
2622 2461 2762 2517 libro
2820 2472 3005 2516 contra
3061 2463 3408 2533 Vigilantium

1831 2553 1971 2622 (cap.
1996 2551 2074 2621 ε).

1904 2643 2106 2698 Eodem
2133 2642 2244 2706 die,
2275 2642 2420 2697 beati
2447 2642 2729 2712 Porphyrii
2761 2643 2994 2696 hominis
3019 2643 3132 2703 Dei,
3164 2647 3255 2711 qui
3283 2658 3408 2696 san-

1831 2744 1979 2789 etmn
2007 2742 2303 2804 martyrem
2327 2734 2612 2804 Agapitum
2635 2735 2866 2788 erudivit
2890 2733 2941 2786 in
2967 2734 3067 2788 tide
3087 2744 3139 2788 et
3163 2736 3408 2788 doctrina

1833 2823 2054 2880 Christi.

2189 2916 2247 2970 Β.
2292 2915 2381 2970 Xll
2415 2915 2568 2970 KAL.
2609 2914 3052 2970 SEPTEMBRIS.

2481 3007 2567 3076 (‘21
2610 3006 2768 3075 Aug.)
3404 3071 3410 3077 ι

1903 3096 1959 3150 ln
1991 3097 2265 3152 territorio
2291 3097 2529 3152 civitatis
2559 3096 2922 3156 Gavalitanze,
2952 3098 3071 3151 vico
3099 3097 3408 3164 Minatensi,

1833 3189 2028 3242 natalis
2052 3189 2224 3242 sancti
2245 3187 2446 3243 Privati
2471 3189 2706 3256 episcopi
2727 3197 2781 3242 et
2807 3189 3078 3257 martyris,
3103 3190 3192 3258 qui
3219 3206 3411 3259 passus

1831 3290 1916 3334 est
1945 3281 2044 3334 sub
2074 3282 2446 3349 persecutione
2477 3280 2746 3335 Valeriani
2779 3291 2833 3334 et
2858 3280 3085 3334 Galieni.

1907 3371 2106 3425 Eodem
2134 3371 2221 3424 die
2246 3371 2442 3424 natalis
2470 3381 2780 3426 sanctorum
2809 3383 3107 3442 martyrum
3134 3372 3327 3427 Bonosi
3357 3381 3416 3425 et

1836 3459 2166 3524 Maximiani,
2198 3476 2424 3528 quorum
2453 3471 2601 3530 gesta
2627 3461 2914 3515 habentur.
3378 3514 3380 3516 ,

1905 3550 1970 3602 Et
1998 3549 2052 3602 in
2081 3548 2300 3603 civitate
2326 3549 2545 3612 Salona,
2569 3550 2764 3604 natalis
2788 3550 3058 3603 Anastasii
3084 3549 3110 3588 ι)
3133 3552 3405 3621 martyris.

1833 3640 1935 3706 Qui
1965 3655 2086 3694 cum
2119 3639 2321 3693 videret
2364 3649 2612 3692 sanctum
2655 3639 2939 3708 Agapitum
2971 3641 3110 3692 inter
3143 3648 3408 3695 tormenta

1836 3733 2028 3787 fortius
2055 3731 2329 3785 Christum
2370 3731 2714 3785 conﬁtentem
2740 3770 2756 3794 ,
2788 3730 3108 3785 exclamavit
3143 3751 3153 3783 :
3190 3732 3413 3802 Magnus

1834 3839 1918 3882 est
1947 3827 2089 3881 Deus
2118 3841 2132 3889 ;
2168 3834 2222 3879 et
2257 3841 2362 3878 non
2393 3834 2475 3879 est
2504 3825 2642 3878 alius
2671 3833 2865 3892 praeter
2889 3839 3031 3878 eum.
3071 3823 3201 3878 Erat
3230 3834 3412 3878 autem

1836 3917 2224 3974 cornicularius
2269 3918 2439 3972 miles.
2472 3916 2550 3970 Ad
2581 3933 2738 3986 quem
2771 3931 2966 3986 praeses
3000 3931 3014 3969 :
3046 3916 3200 3971 Sicut
3231 3917 3410 3979 video,

1838 4009 2035 4079 inquit,
2062 4009 2314 4063 seductus
2343 4025 2422 4063 es.
2454 4010 2526 4062 De
2553 4023 2660 4077 quo
2683 4023 2883 4075 prteses
2909 4007 3215 4077 imperatori
3243 4009 3416 4062 Aure-

1838 4101 1984 4156 liano
2015 4101 2365 4157 renuntiavit.
2397 4100 2496 4166 Qui
2531 4117 2650 4155 mox
2682 4101 2862 4169 perire
2883 4100 3030 4153 illum
3054 4099 3228 4168 jubet,
3261 4109 3314 4154 et
3340 4100 3415 4154 ita

1839 4202 2043 4261 martyr
2071 4192 2247 4246 factus
2273 4191 2524 4260 migravit
2554 4191 2620 4243 ad
2651 4190 2949 4244 Dominum.

2190 4319 2251 4374 C.
2293 4318 2360 4373 XI
2411 4318 2562 4372 KAL.
2607 4316 3056 4372 SEPTEMBRIS.

2506 4407 2574 4462 2:2
2611 4408 2770 4479 Aug.)

154 4507 406 4564 infantia:
450 4505 767 4560 rudimentis
813 4505 947 4558 mira
999 4504 1090 4557 Dei
1133 4505 1301 4574 gratia
1351 4504 1639 4573 prteditus,
1670 4517 1735 4557 ex
1766 4479 1816 4539 Ῑ)
1916 4512 2100 4568 Roma;
2129 4509 2216 4565 vii.
2245 4511 2478 4567 ostiansi
2506 4511 2558 4564 in
2585 4510 2901 4566 caemelerio
2927 4507 3190 4577 ejusdem,
3223 4513 3418 4567 natalis

150 4599 297 4653 urbe
315 4595 684 4650 Aurelianensi
708 4595 772 4648 ad
800 4593 1082 4664 praefatum
1110 4594 1305 4657 locum,
1323 4602 1382 4647 ut
1406 4594 1503 4648 soli
1525 4593 1739 4648 Christo

149 4693 403 4748 vacaret,
434 4685 747 4747 adveniens,
781 4684 1211 4738 anachoreticam
1241 4683 1350 4738 illic
1368 4685 1534 4736 vitam
1559 4683 1739 4737 multis

149 4775 324 4831 annis
365 4774 582 4844 exegit,
630 4783 778 4828 tanta
815 4773 1194 4828 miraculorum
1225 4773 1395 4842 gloria
1427 4773 1607 4828 clarus
1633 4817 1648 4840 ,
1680 4783 1740 4828 nt

151 4867 312 4922 inter
335 4873 530 4918 caetera
556 4871 704 4932 gesta
737 4863 1021 4931 magniﬁca
1045 4863 1206 4915 etiam
1235 4865 1524 4918 draconem
1547 4865 1738 4917 innua-

149 4969 290 5010 nem
314 4963 478 5020 atque
508 4951 803 5005 terribilem
831 4952 943 5006 suis
966 4953 1158 5007 exinde
1183 4953 1516 5008 orationibus
1541 4955 1738 5023 effuga-

149 5059 282 5103 tum
303 5045 692 5115 exstingueret.
715 5043 955 5114 Cumque
976 5046 1092 5100 dies
1115 5047 1412 5102 vocationis
1434 5049 1550 5117 ejus
1571 5049 1738 5102 insta-

147 5146 246 5194 ret
273 5177 290 5202 ,
321 5137 642 5191 adveniente
674 5146 864 5190 sancto
891 5137 1086 5191 abbate
1115 5136 1282 5191 Mario
1306 5179 1318 5199 ,
1352 5139 1436 5192 cui
1466 5139 1535 5190 ita
1566 5136 1740 5192 fuerat

149 5229 488 5291 revelatum,
517 5229 658 5283 inter
683 5229 847 5283 verba
876 5229 1141 5283 orationis
1171 5230 1421 5298 migravit
1455 5231 1520 5283 ad
1549 5229 1738 5284 Chris-

145 5332 300 5385 tum,
333 5320 679 5391 sepultusque
707 5329 789 5376 est
814 5322 886 5376 'ab
911 5322 1098 5375 eodem
1126 5331 1280 5390 patre
1312 5324 1364 5374 in
1391 5322 1507 5375 loco
1530 5336 1647 5375 suo.

233 5411 459 5471 Romae,
490 5409 668 5463 natale
695 5411 834 5464 beati
880 5408 1004 5463 Julii
1051 5411 1316 5464 senatoris
1364 5420 1418 5465 et
1467 5411 1741 5481 martyris,

143 5501 264 5558 sub
289 5500 587 5556 Commodo
616 5501 959 5569 imperatore,
987 5501 1167 5571 judice
1203 5503 1435 5558 Vitellio.
1462 5501 1613 5558 Hunc
1642 5503 1736 5557 do-

146 5601 397 5650 cuerunt
425 5593 566 5646 beati
593 5601 858 5664 martyres
885 5593 1144 5648 Eusebius
1173 5604 1228 5647 et
1259 5595 1570 5650 Vincentius
1593 5638 1605 5659 ,
1639 5596 1740 5649 Pe-

232 5733 257 5760 ι
304 5723 380 5775 De
406 5721 488 5776 his
519 5723 570 5776 in
598 5723 720 5812 Vita
751 5725 804 5778 S.
846 5725 1090 5788 Eusebii,
1125 5724 1193 5778 25
1220 5725 1355 5795 Aug.

1845 4603 2018 4659 sancti
2068 4600 2370 4658 Timothaai.
2408 4599 2509 4666 Qui
2556 4599 2841 4654 Antiochia
2891 4600 3112 4655 vmiens
3155 4599 3413 4663 Ruinam,

1843 4695 1944 4749 sub
1973 4692 2268 4747 Melchiade
2294 4707 2453 4761 papa,
2484 4699 2767 4762 susceptus
2793 4700 2896 4746 est.
2929 4690 3142 4763 Quique
3169 4708 3290 4747 cum
3319 4709 3416 4746 an-

1844 4800 1970 4838 num
2000 4792 2168 4838 totum
2197 4793 2252 4838 et
2283 4784 2488 4854 aliquot
2532 4800 2744 4840 menses
2768 4786 2840 4840 ibi
2865 4786 3193 4855 pradicans,
3223 4786 3419 4840 multos

1843 4874 1910 4930 ad
1955 4873 2115 4929 fidem
2143 4873 2346 4930 Christi
2372 4876 2772 4939 convertisset,
2817 4883 3000 4932 tentus
3041 4893 3072 4931 a
3125 4877 3417 4946 Tarquinio

1848 4966 2008 5022 Urbis
2030 4965 2308 5034 praefecto,
2329 4973 2386 5020 et
2403 4965 2558 5036 longa
2579 4967 2815 5022 carceris
2833 4968 3074 5023 custodia
3092 4977 3416 5028 maceratus,

1842 5072 1962 5112 cum
1985 5055 2293 5112 sacrificare
2323 5056 2477 5110 idolis
2507 5056 2781 5119 noluisset,
2814 5057 2976 5112 tertio
3000 5073 3190 5122 caesus,
3217 5067 3272 5112 et
3295 5072 3416 5124 gra-

1844 5147 2080 5202 vissimis
2092 5147 2366 5216 suppliciis
2387 5155 2723 5215 attrectatns,
2751 5149 2817 5204 ad
2840 5149 3084 5204 ultimum
3103 5149 3415 5210 decollatus,

1844 5248 1900 5292 ct
1938 5237 2090 5306 juxta
2141 5238 2352 5294 beatum
2395 5238 2696 5307 apostolum
2741 5238 2966 5293 Paulum
3016 5239 3260 5308 sepultus
3309 5247 3414 5299 est.

1851 5331 2121 5402 Scriptum
2147 5332 2418 5387 invenitur
2444 5331 2495 5384 in
2520 5331 2744 5387 historia
2776 5332 2948 5386 sancti
2981 5330 3245 5386 Silvestri.

1922 5423 2118 5477 Eodem
2166 5423 2252 5477 die
2276 5421 2645 5493 Augustuduni
2666 5463 2681 5488 ,
2713 5421 2907 5476 natalis
2949 5423 3120 5477 sancti
3153 5420 3419 5491 Sympho-

1851 5511 1984 5564 riani
2013 5511 2098 5579 (5|
2139 5511 2286 5581 Dec.)
2304 5551 2318 5574 ,
2344 5511 2435 5579 qui
2462 5521 2707 5580 tempore
2734 5511 3010 5564 Aureliani
3043 5510 3383 5580 imperatoris
3403 5553 3418 5574 ,

1849 5600 1948 5653 sub
1977 5599 2221 5653 Heraclio
2244 5600 2536 5667 consulari,
2563 5616 2686 5656 cum
2713 5599 2869 5655 idolis
2894 5599 3203 5654 sacriﬁcare
3234 5600 3416 5663 nollet,

1920 5730 1945 5768 b
1981 5728 2140 5794 Grcg.
2169 5728 2320 5791 Tur.,
2353 5729 2442 5782 lib.
2481 5746 2493 5782 ι
2528 5729 2660 5784 llist.
2694 5729 2914 5794 Franc,
2943 5747 2988 5781 (ι.
3023 5730 3109 5782 Si.
