3962 6366
574 360 695 415 355'

1556 362 1616 418 S.
1653 362 1905 419 ADONIS
1943 362 2377 419 AltClllEl’lSC.
2420 365 2829 423 VIENNENSIS

3759 376 3858 430 556

586 482 766 552 primo
795 479 1113 535 verberibus
1138 479 1392 543 aﬂ‘ectus,
1424 480 1546 536 dein
1572 482 1778 535 carceri
1804 480 2166 548 mancipatus,
2201 482 2247 539 Λ
2276 478 2329 531 in
2366 477 2508 535 Urbe
2556 481 2753 535 mimus
2796 480 3066 555 Themela:
3094 493 3122 522 ο
3165 482 3300 538 artis
3340 484 3600 555 magister
3647 486 3767 542 fuit.
3797 490 3855 543 Et

587 575 654 628 ad
683 574 930 628 ultimum
955 587 1097 628 caeso
1120 573 1296 643 capite
1324 571 1646 642 martyrium
1677 571 2098 627 consummavit.

628 664 716 719 *‘In
732 652 903 720 Portu
925 662 1191 726 Romano,
1212 661 1407 716 natalis
1428 669 1738 716 sanctorum
1762 660 2170 731 peregrinorum

508 714 525 753 Τ
587 748 1201 828 martyrum'Martialis,
1235 753 1498 823 Epicteti,
1527 751 1803 808 Saturnini
1824 793 1838 819 ,
1864 751 2087 823 Aprilis,
2117 762 2173 807 et

585 847 804 911 'r‘elicis,
830 861 963 900 cum
994 843 1157 899 sociis
1186 858 1370 896 eorum
1398 854 1446 895 ο.

640 936 791 993 '-ltem
828 934 1052 1000 Romae,
1088 933 1280 988 natale
1323 932 1468 988 beati
1509 930 1728 986 Antonii
1760 941 2049 1003 martyris,
2076 932 2168 1001 qui

582 1045 710 1086 cum
732 1037 878 1085 esset
897 1025 1161 1090 carnifex,
1183 1026 1312 1080 vidit
1336 1033 1569 1079 stantem
1588 1023 1842 1093 juvenem
1868 1040 1990 1079 cum
2013 1038 2171 1092 spon-

570 1126 693 1195 gia,
722 1132 778 1179 et
805 1123 1173 1193 detergentem
1198 1119 1363 1175 latera
1393 1127 1706 1175 sanctorum
1740 1127 2036 1190 martyrum
2061 1119 2169 1173 Eu-

581 1216 757 1280 sebii,
804 1213 1093 1277 Pontiani,
1144 1211 1460 1280 Peregrini,
1510 1220 1673 1280 atque
1700 1211 2009 1276 Yincentii,
2041 1227 2164 1266 cum

581 1309 830 1380 suspensi
861 1307 913 1362 in
938 1292 1166 1375 equuleo
1191 1305 1544 1365 caederentur,
1574 1313 1630 1359 et
1655 1318 1777 1358 mox
1796 1304 2030 1358 clamare
2051 1318 2164 1357 (“(B-

578 1390 662 1470 pit
689 1419 702 1454 :
733 1400 875 1455 Vere
904 1400 1049 1454 Deus
1077 1397 1369 1460 Christus,
1413 1411 1572 1465 quem
1616 1396 1670 1450 lii
1705 1396 2018 1465 praedicant.
2055 1394 2164 1448 Fu-

581 1488 734 1561 giens
756 1487 987 1552 occulte,
1012 1502 1040 1539 a
1069 1485 1264 1539 Ruﬁno
1289 1486 1621 1556 prrcsbytero
1643 1484 1947 1554 baptiaatus
1966 1493 2063 1538 est.
2097 1483 2165 1537 Et

561 1593 832 1636 reversus
877 1579 945 1633 ad
978 1576 1277 1637 Vitellium,
1331 1591 1453 1629 cum
1500 1589 1559 1629 se
1599 1573 1965 1629 Christianum
1996 1574 2164 1628 libere

568 1672 864 1733 fateretur,
910 1667 1104 1738 capitis
1151 1665 1420 1720 sententia
1449 1665 1762 1728 damnatus,
1804 1664 1889 1716 via
1918 1664 2158 1729 Alltelitt,

573 1767 726 1835 juxta
776 1764 1002 1817 formam
1044 1760 1333 1831 Trajanam
1361 1801 1375 1825 ,
1421 1774 1475 1813 XI
1509 1756 1778 1812 Kalendas
1826 1756 2161 1827 Septembris

574 1855 815 1926 sepultus
835 1864 938 1910 est.
1286 1890 1289 1893 ν

510 1940 513 1941 ν
576 1965 585 1969 ·
688 1954 691 1957 ’
953 1956 1015 2011 1).
1058 1954 1105 2009 Χ
1143 1955 1300 2009 KAL.
1341 1952 1790 2009 SEPTEMBRIS.

1222 2043 1315 2116 (25
1350 2031 1511 2115 Aug.)

584 2143 592 2150 “
650 2138 857 2192 Natalis
889 2144 1200 2192 sanctorum
1251 2142 1555 2204 martyrum
1600 2132 1821 2196 Donati,
1866 2131 2155 2197 Restituti,

567 2228 874 2291 Valeriani,
901 2226 1235 2289 Fructuose,
1262 2240 1386 2279 cum
1417 2224 1539 2278 aliis
1567 2223 1870 2285 duodecim,
1899 2224 1989 2291 qui
2021 2239 2154 2293 pne-

556 2321 879 2397 irclar/issimo
909 2318 1266 2375 confessionis
1296 2317 1500 2371 honore
1525 2315 1666 2386 apud
1691 2315 2035 2369 Antiochiam
2066 2330 2157 2368 ro-

552 2412 751 2467 Aronati
782 2421 927 2466 sunt.

649 2502 848 2557 Eodem
879 2500 965 2555 die
987 2540 1000 2565 ,
1052 2498 1195 2553 beati
1230 2497 1468 2553 Thoona:
1497 2496 1526 2536 δ
1555 2496 1694 2567 apud
1736 2495 2153 2560 Alexandriam,

562 2593 900 2649 'venerabilis
942 2602 997 2647 et
1022 2607 1149 2646 vere
1193 2592 1301 2645 Deo
1328 2589 1474 2660 digni
1501 2632 1513 2653 ,
1551 2590 1642 2659 qui
1692 2588 1907 2643 beatum
1936 2586 2154 2641 Petrum

552 2689 909 2757 episcopum,
942 2694 1064 2756 post
1088 2692 1142 2738 et
1173 2692 1488 2753 martyrem,
1512 2680 1765 2744 nutrivit,
1795 2680 1848 2768 in
1876 2678 2022 2733 omni
2055 2693 2157 2747 pti-

559 2780 735 2835 “ritate
762 2786 817 2832 et
843 2776 1008 2830 animi
1036 2774 1326 2829 virtutibus
1359 2772 1515 2827 clari.

645 2867 846 2922 Eodem
869 2865 976 2928 die,
1010 2863 1151 2918 beati
1181 2861 1421 2915 Zacchiei
1449 2858 1709 2930 episcOpi,
1743 2873 1836 2927 qut
1865 2867 2096 2927 quartus
2122 2877 2153 2911 a

550 2958 774 3014 .Jaeobo
803 2954 1260 3025 Jerosolymorum
1292 2951 1588 3005 Ecclesiam
1618 2949 1917 3002 clarissime
1961 2949 2116 3002 rexit.

644 3048 904 3117 Lugdune
956 3044 1187 3108 Gallitta,
1241 3041 1437 3096 natalis
1489 3049 1801 3095 sanctorum
1853 3049 2151 3109 martyrum

567 3137 817 3194 biiuervii
843 3145 899 3191 et
926 3134 1168 3189 Eleazari
1197 3148 1318 3188 cum
1351 3131 1475 3184 ﬁliis
1499 3139 1643 3194 octo,
1670 3144 1899 3197 quorum
1923 3143 2148 3197 corpora

2278 569 2511 639 quadam
2539 571 2628 626 die
2657 587 2779 627 eum
2820 572 2981 627 vellet
3010 573 3347 631 Diocletiano
3386 577 3741 646 imperatori,
3777 584 3855 637 cui

2277 659 2591 727 Christiani,
2620 672 2806 735 utpote
2835 666 3156 732 szevissimo,
3190 670 3340 724 exosi
3362 680 3540 735 erant,
3569 672 3644 727 de
3665 684 3854 746 myste-

2275 754 2372 827 riis
2396 755 2719 811 (lhristiante
2746 757 3109 815 observantia:
3138 759 3323 815 ludum
3354 764 3643 830 exhibere,
3672 774 3733 821 et
3754 767 3849 821 bu-

2267 845 2356 913 jus
2388 848 2463 901 rei
2491 849 2663 918 gratia
2703 859 2984 920 spectante
3017 853 3342 923 imperatore
3369 863 3425 911 et
3454 858 3605 912 omni
3634 859 3847 930 pOpulo,

2273 939 2327 993 in
2358 941 2535 995 medio
2567 942 2765 997 theatri
2793 945 2948 1014 quasi
2970 954 3204 1016 regrotus
3225 945 3555 1005 decumbens
3580 965 3646 1005 se
3674 967 3849 1021 posce-

2272 1040 2355 1085 ret
2386 1032 2648 1103 baptizari
2677 1075 2692 1096 ,
2720 1036 2944 1090 mimum
2977 1039 3029 1091 in
3074 1039 3189 1094 hzcc
3215 1041 3375 1095 verba
3406 1045 3696 1112 proposuit
3723 1063 3739 1099 :
3765 1045 3845 1100 Eia

2270 1124 2440 1177 nostri
2471 1164 2486 1188 ,
2515 1141 2735 1195 gravem
2763 1142 2849 1181 me
2877 1129 3052 1182 sentio
3076 1169 3091 1195 ,
3127 1129 3300 1186 levem
3328 1147 3417 1187 me
3441 1133 3559 1189 ﬁeri
3591 1134 3739 1191 volo.
3780 1136 3846 1191 Illi

2269 1218 2665 1286 responderunt
2699 1238 2712 1273 :
2742 1221 3026 1287 Quomodo
3058 1233 3108 1279 te
3134 1224 3305 1281 levem
3336 1225 3569 1285 facimus
3603 1231 3652 1285 si
3677 1233 3845 1302 gravis

2266 1308 2363 1362 es?
2407 1307 2679 1380 Numquid
2710 1326 2809 1365 nos
2842 1312 2980 1368 fabri
3029 1330 3239 1383 sumus,
3289 1326 3345 1372 et
3388 1320 3456 1373 ad
3487 1322 3775 1376 runcinam
3801 1335 3845 1379 te

2266 1398 2484 1453 missuri
2506 1414 2695 1457 sumus
2707 1402 2732 1456 ?
2744 1402 2868 1458 Haec
2883 1405 3044 1460 verba
3060 1407 3423 1464 evhihuerunt
3443 1412 3644 1481 populo
3662 1417 3841 1469 risum.

2265 1486 2528 1545 Genesius
2550 1491 2742 1547 iterum
2771 1512 2784 1547 :
2812 1492 3025 1558 Vesani,
3051 1496 3394 1556 Christianus
3416 1503 3673 1560 desidem
3701 1509 3839 1561 mori.

2263 1579 2483 1646 Quare?
2514 1583 2787 1652 inquiunt.
2818 1585 3027 1652 Quibus
3069 1587 3333 1646 Genesius
3374 1609 3390 1647 :
3435 1592 3507 1649 Ut
3551 1594 3607 1648 in
3648 1595 3744 1650 illa
3769 1599 3841 1653 die

2262 1673 2428 1727 veluti
2484 1673 2744 1746 fugitivus
2794 1678 2848 1731 in
2900 1678 3010 1734 Deo
3062 1681 3324 1737 inveniar.
3376 1683 3620 1741 Evocato
3671 1697 3836 1743 autem

2261 1763 2585 1835 presbytero
2617 1776 2674 1820 et
2704 1768 3012 1835 exorcista,
3051 1775 3274 1841 repente
3320 1788 3352 1827 a
3396 1774 3509 1830 Deo
3553 1777 3836 1847 inspiratus

2172 1837 2236 1905 ,Β
2264 1853 2514 1908 credidit.
2549 1855 2683 1910 Nam
2711 1857 2789 1913 illi
2831 1855 2987 1925 juxta
3029 1837 3228 1915 lectum
3266 1862 3437 1933 ipsius
3482 1837 3833 1939 quasi-regre-

2266 1945 2431 1999 tantis
2456 1961 2578 2000 cum
2609 1949 2970 2014 resedissent,
3000 1950 3187 2006 dicunt
3217 1953 3267 2007 ei
3303 1971 3316 2008 :
3346 1954 3488 2020 Quid
3512 1957 3583 2011 ad
3611 1973 3720 2014 nos
3745 1962 3832 2014 mi-

2266 2037 2403 2101 sisti,
2434 2039 2627 2095 ﬁliole?
2650 2040 2916 2098 Genesius
2948 2052 3130 2099 autem
3162 2061 3268 2101 non
3299 2048 3557 2107 simulate
3590 2067 3651 2107 ac
3698 2053 3831 2115 ﬁcte.

2261 2128 2354 2180 sed
2381 2144 2448 2182 ex
2493 2145 2628 2198 puro
2673 2132 2836 2186 corde.
2863 2136 3141 2203 respondit
3190 2156 3201 2190 :
3233 2136 3370 2205 Quia
3402 2142 3638 2211 accipere
3675 2148 3834 2217 cupio

2260 2217 2486 2285 gratiam
2515 2218 2743 2284 Christi,
2787 2236 2885 2291 per
2930 2238 3093 2291 quam
3138 2236 3359 2281 renatus
3389 2229 3592 2285 liberer
3624 2248 3655 2286 a
3682 2235 3829 2290 ruina

2260 2309 2603 2380 iniquitatum
2621 2328 2883 2370 mearum.
2900 2313 3140 2387 Cumque
3162 2331 3626 2377 sacramentorum
3643 2337 3831 2397 myste-

2263 2400 2337 2452 ria
2366 2401 2748 2469 complessent,
2780 2414 2837 2458 et
2865 2405 3086 2461 indutus
3111 2417 3260 2462 esset
3286 2411 3528 2467 vestibus
3562 2411 3729 2479 albis,
3750 2430 3826 2471 ve-

2260 2491 2355 2545 luti
2388 2509 2483 2562 per
2509 2493 2694 2548 ludum
2724 2510 2754 2548 a
2782 2495 3044 2552 militibus
3073 2508 3291 2568 raptus,
3338 2511 3396 2556 et
3420 2503 3490 2557 ad
3532 2503 3829 2560 similitudi-

2248 2599 2382 2637 nem
2431 2596 2740 2641 sanctorum
2789 2598 3087 2660 martyrum
3128 2584 3438 2649 de'Christi
3468 2595 3826 2653 discutiendus

2259 2676 2476 2731 nomine
2503 2677 2818 2748 imperatori
2839 2679 3028 2737 fuisset
3051 2684 3345 2751 exhibitus,
3372 2697 3521 2742 stans
3546 2689 3597 2743 in
3618 2690 3826 2747 editiori

2258 2767 2374 2822 loco
2403 2768 2475 2823 ita
2508 2770 2862 2829 concionatus
2884 2782 2969 2828 est
3002 2791 3017 2828 :
3045 2775 3211 2839 Audi,
3238 2777 3555 2845 imperator,
3578 2789 3635 2834 et
3667 2784 3827 2838 omnis

2254 2862 2547 2927 exercitus,
2586 2865 2859 2934 sapientes
2878 2874 2938 2921 ‘et
2960 2868 3141 2937 populi
3171 2868 3330 2938 hujus
3364 2873 3532 2927 urbis.
3565 2873 3693 2945 Ego
3714 2891 3827 2945 quo-

2254 2952 2954 3022 tiesmmque’Christianum
2971 2958 3054 3012 vel
3074 2959 3407 3014 nominatum
3425 2962 3622 3024 audivi,
3650 2966 3830 3018 exhor-

2254 3043 2337 3095 rui
2361 3084 2377 3107 ,
2405 3051 2459 3097 et
2501 3059 2555 3097 in
2582 3044 2919 3099 confessione
2944 3051 3388 3115 permanentibus
3414 3051 3702 3108 insultavi.
3731 3055 3827 3125 Ego

2253 3131 2416 3185 etiam
2443 3141 2698 3202 parentes
2725 3148 2897 3200 meos,
2927 3145 2983 3190 et
3007 3135 3195 3192 aﬂines
3223 3152 3384 3193 causa
3418 3142 3661 3197 nominis
3684 3143 3828 3200 Chri-

559 3233 627 3286 .‘in
655 3239 843 3301 crypta
871 3269 885 3293 ,
911 3224 1030 3297 qua;
1057 3226 1175 3281 urbi
1203 3226 1271 3279 ab
1313 3224 1595 3278 occidente
1619 3222 1861 3275 imminet
1888 3261 1903 3285 ,
1935 3221 2148 3275 condita
2179 3199 2223 3259 (ἶ
2255 3220 2410 3274 stiani
2444 3199 2742 3277 execratus
2781 3239 2897 3277 sum
2926 3265 2940 3287 ,
2986 3233 3041 3278 et
3076 3226 3130 3280 in
3174 3236 3321 3282 tanta
3363 3228 3632 3287 derisione
3676 3235 3828 3289 habui

554 3324 860 3378 .liabentnr.

552 3414 559 3423 κ
643 3413 699 3468 In
746 3383 908 3468 l‘ortu
958 3411 1107 3466 urbis
1135 3409 1341 3475 Romze,
1395 3407 1591 3463 natalis
1636 3405 1808 3460 sancti
1858 3405 2148 3477 Hippolyti,

566 3505 835 3573 Quiriaci,
869 3511 925 3557 et
951 3501 1234 3557 Archillai.

642 3597 840 3653 Eodem
872 3594 980 3660 die,
1014 3593 1209 3648 natalis
1225 3599 1539 3646 sanctorum
1563 3588 1846 3644 Timotliaii
1875 3598 1929 3643 et
1952 3588 2152 3658 Apolli-

554 3688 720 3742 ‘naris
751 3697 801 3753 ο,
831 3687 922 3757 qui
959 3686 1101 3757 apud
1132 3683 1520 3741 Rhentensium
1556 3682 1744 3737 urbem
1778 3690 2153 3736 consummato

556 3782 856 3851 martyrio,
885 3778 1131 3834 coelestia
1161 3770 1329 3847 regna
1362 3784 1691 3830 meruerunt.

924 3893 984 3946 E.
1034 3890 1107 3944 1X
1146 3889 1304 3944 KAL.
1343 3884 1795 3941 SEPTEMBRIS.

1211 3977 1299 4049 (ei
1335 3975 1497 4047 Aug.)

612 4093 696 4148 .ln
737 4093 907 4156 India,
938 4091 1136 4145 natalis
1162 4090 1306 4144 beati
1332 4085 1710 4142 Bartholommi
1738 4094 1987 4156 aposto...

630 4183 839 4249 Eodem
870 4179 957 4235 die
985 4180 1126 4251 apud
1154 4178 1572 4247 Carthaginem,
1605 4184 1915 4240 sanctorum
1942 4186 2151 4250 marty-

526 4264 532 4271 ’
563 4289 686 4329 rum
733 4271 925 4326 Massae
951 4269 1197 4323 candida:
1221 4308 1237 4333 ,
1266 4268 1358 4338 qui
1387 4267 1532 4339 passi
1561 4275 1689 4323 sunt
1728 4276 1970 4338 tempore
1999 4266 2151 4322 Vale-

564 4366 705 4421 riani
734 4374 791 4419 et
835 4358 1085 4418 Gallieni.
1118 4360 1320 4416 Ferunt
1350 4360 1527 4425 enim,
1561 4360 1704 4415 inter
1747 4359 1851 4414 alia
1886 4358 2151 4431 supplicia

566 4473 698 4514 tunc
727 4473 756 4509 a
788 4453 1015 4525 prieside
1043 4453 1315 4509 clibanum
1345 4451 1509 4507 calcis
1540 4466 1860 4515 accensum,
1891 4459 1944 4506 et
1974 4451 2027 4504 in
2054 4464 2149 4503 ora

563 4549 708 4603 illius
727 4560 929 4616 prunas
949 4560 1071 4599 cum
1088 4543 1246 4597 thure
1262 4541 1554 4606 exhibitas,
1572 4548 1628 4595 et
1647 4539 1932 4610 praesidem
1947 4539 2148 4593 dixisse
2176 4551 2228 4613 ι)

556 4638 888 4694 Christianis
913 4653 925 4689 :
954 4634 1148 4704 Eligite
1171 4648 1201 4687 a
1227 4633 1436 4687 duobus
1458 4646 1624 4687 unum
1643 4648 1657 4684 :
1676 4639 1769 4685 aut
1795 4630 1953 4683 thura
1981 4643 2144 4698 super

547 4735 650 4789 lliis
678 4731 1007 4787 carbonibus
1033 4726 1222 4782 offerte
1250 4724 1370 4780 Jovi
1389 4765 1404 4791 ,
1437 4734 1531 4779 aut
1558 4725 1612 4778 in
1643 4722 1843 4778 calcem
1869 4721 2143 4789 demergi-

545 4823 714 4879 rinini.
745 4820 900 4876 Tunc
924 4817 1149 4874 trecenti
1177 4816 1279 4870 viri
1309 4816 1412 4870 ﬁde
1448 4812 1642 4868 armati
1674 4828 1734 4867 se
1772 4813 1881 4867 ictu
1911 4811 2141 4880 rapidis-

560 4920 700 4972 simo
731 4913 1007 4970 Christum
1036 4911 1133 4966 Dei
1159 4909 1356 4964 Filium
1384 4909 1554 4962 Deum
1586 4905 1854 4971 fatentes,
1894 4906 2144 4976 jecerunt

555 5010 612 5061 in
646 5008 865 5076 ignem,
897 5011 953 5057 et
996 5002 1138 5055 inter
1168 5013 1391 5069 vapores
1433 4996 1598 5052 calcis
1632 4994 1873 5066 pulverei
1901 5002 2027 5047 sunt
2053 4993 2145 5047 de-

560 5099 746 5153 mersi.
779 5097 853 5149 Ex
884 5110 992 5164 quo
1020 5093 1185 5147 etiam
1208 5088 1528 5144 candidatus
1550 5085 1639 5141 ille
1657 5084 1931 5140 exercitus
1961 5086 2145 5136 beato-

546 5206 697 5250 ιιικειιι,
732 5187 907 5241 Massa
936 5183 1164 5239 candida
1197 5180 1395 5235 tneruit
1427 5176 1727 5247 nuncupari
1759 5176 1806 5228 ἀ.

898 5300 960 5355 ιω.
1005 5298 1115 5352 Vill
1157 5296 1313 5351 KAL.
1357 5290 1807 5349 SEPTEMBRIS.

1211 5387 1301 5458 (25
1341 5384 1503 5456 Aug.)

632 5507 852 5569 ltoniaz,
883 5501 1059 5558 natale
1088 5500 1263 5557 sancti
1289 5498 1506 5556 Genesii
1539 5497 1796 5568 martyris
1824 5514 1837 5550 :
1869 5496 1959 5566 qui
1991 5496 2144 5566 prius

616 5653 657 5680 ἰ
699 5651 771 5692 ite
797 5637 883 5691 his
912 5636 965 5692 in
997 5636 1116 5691 Vita
1146 5633 1319 5689 sancti
1344 5631 1582 5687 Eusebii.

629 5709 660 5748 ι)
701 5709 918 5769 Euseh..
948 5707 1021 5763 25
1047 5707 1207 5776 Aug..
1237 5705 1272 5757 Ι.
1301 5719 1374 5758 vn
1411 5703 1553 5757 Eccl.
1589 5702 1816 5776 “istoin,
1870 5719 1985 5772 cap.
2041 5702 2140 5758 ult.

626 5789 658 5820 ι
697 5780 857 5849 tit-eg:
891 5779 1019 5833 ’l’ur.
1048 5779 1114 5833 de
1136 5770 1318 5832 Gloria
1347 5782 1530 5840 marL,
1560 5788 1608 5829 c.
1638 5770 1726 5827 53’.
1840 5810 1845 5814 ο
1937 5770 1949 5772 ⁷
2024 5786 2029 5789 ’

2251 3310 2597 3377 christianos,
2614 3313 2939 3385 utmysteria
2956 3329 3144 3369 eorum
3168 3316 3409 3388 diligenti
3434 3322 3829 3379 examinatione

2252 3402 2643 3470 perquirerem,
2667 3412 2724 3458 et
2736 3419 2805 3459 ex
2821 3419 3005 3459 eorum
3030 3408 3459 3466 sanctiﬁcatione
3479 3411 3657 3467 ludum
3679 3414 3827 3469 vobis

2244 3490 2511 3546 exhibere
2534 3492 2749 3547 Vellem.
2779 3495 2850 3547 At
2878 3495 2967 3549 ubi
3002 3511 3089 3550 me
3119 3512 3257 3567 aqua
3289 3501 3488 3555 nudum
3538 3504 3753 3574 tetigit,
3777 3514 3825 3559 et

2246 3583 2616 3655 interrogatus
2639 3626 2653 3651 ,
2684 3588 2910 3643 credere
2955 3602 3041 3644 me
3076 3593 3328 3662 reSpomli
3356 3633 3371 3655 ,
3411 3594 3521 3648 vidi
3551 3611 3725 3669 super
3751 3615 3824 3653 me

2253 3693 2471 3732 manum
2492 3680 2716 3736 coalitus
2742 3682 3071 3748 venientem,
3103 3694 3159 3739 et
3189 3685 3409 3755 angelos
3433 3689 3529 3742 Dei
3556 3691 3825 3748 radiantes

2247 3767 2399 3838 juxta
2426 3784 2513 3823 me
2538 3771 2779 3835 stetisse,
2805 3772 2899 3841 qui
2928 3772 3110 3827 omnia
3139 3785 3381 3844 peccata,
3412 3793 3536 3847 quae
3562 3778 3638 3832 ab
3666 3780 3824 3835 infan-

2254 3859 2326 3913 tia
2356 3857 2490 3926 feci,
2518 3861 2815 3916 recitarunt
2840 3863 2907 3917 de
2931 3863 3069 3918 libro
3088 3905 3105 3931 ,
3132 3882 3292 3936 quem
3318 3883 3442 3922 mox
3469 3869 3524 3923 in
3550 3871 3673 3940 ipsa
3703 3889 3824 3943 aqua

2254 3948 2531 4017 laverunt,
2584 3952 2638 4006 in
2670 3968 2777 4023 qua
2814 3968 2914 4025 ego
2942 3955 2996 4009 in
3022 3949 3316 4027 conspectti
3361 3971 3542 4016 vestro
3584 3963 3826 4032 perfusus

2251 4057 2392 4109 sum,
2418 4049 2474 4096 et
2497 4043 2628 4099 mihi
2658 4046 3025 4102 candidiorem
3058 4050 3182 4105 nive
3210 4054 3558 4121 postmodum
3582 4060 3826 4112 ostende.

2254 4142 2396 4187 runt.
2435 4132 2590 4191 Nunc
2620 4135 2804 4206 igitur,
2833 4137 3028 4209 inclyte
3057 4138 3370 4210 imperator,
3421 4153 3476 4199 et
3520 4161 3621 4202 vos
3650 4164 3827 4204 omnes

2253 4223 2457 4293 populi,
2485 4225 2578 4294 qui
2606 4226 2674 4282 de
2702 4227 2787 4281 bis
2815 4229 3088 4301 mysteriis
3117 4232 3360 4299 nescitis,
3394 4249 3607 4291 mecum
3636 4240 3827 4293 credite

2246 4315 2421 4371 Deum
2447 4330 2635 4371 verum
2664 4332 2784 4373 esse
2809 4318 3107 4386 Christum,
3138 4322 3283 4378 hunc
3306 4338 3426 4379 esse
3453 4325 3661 4393 lumen,
3696 4330 3827 4383 hunc

2250 4406 2564 4474 veritatem,
2591 4408 2737 4464 hunc
2761 4424 2882 4464 esse
2904 4411 3194 4480 pietatem,
3225 4422 3282 4470 et
3310 4429 3406 4484 per
3436 4415 3614 4485 ipsum
3646 4435 3741 4473 vos
3765 4419 3824 4472 ad

2251 4497 2638 4570 indulgentiam
2679 4513 2839 4570 posse
2878 4502 3208 4574 pertingere.
3256 4505 3337 4559 Au
3381 4506 3499 4561 “(BC
3542 4508 3826 4579 imperator

2251 4587 2616 4644 Diocletianus
2642 4590 3110 4647 vehementissime
3135 4593 3464 4665 indignatus,
3492 4600 3685 4653 statim
3711 4615 3822 4655 eum

2249 4679 2484 4737 fustibus
2509 4681 2884 4737 crudelissime
2912 4699 3110 4739 caesum
3140 4684 3389 4741 Plutiano
3418 4689 3681 4757 praefecto
3727 4703 3825 4745 na-

2249 4768 2387 4825 didit
2420 4771 2487 4826 ad
2516 4771 2782 4828 sacriﬁcia
2812 4774 3274 4845 compellendum;
3308 4792 3339 4830 a
3381 4792 3490 4846 quo
3519 4780 3573 4833 in
3604 4783 3827 4853 equuleo

2252 4876 2563 4933 suspensus,
2584 4872 2641 4918 et
2660 4863 2980 4935 ungularum
3001 4865 3303 4922 diutissima
3320 4867 3656 4927 laceratione
3674 4889 3828 4930 vexa—

2254 4962 2362 5020 tus,
2388 4953 2728 5024 lampadibus
2748 4956 2913 5011 etiam
2942 4956 3330 5025 inflammatus,
3355 4975 3479 5016 cum
3508 4963 3562 5017 in
3583 4964 3691 5021 ﬁde
3710 4981 3823 5037 per

2248 5047 2503 5114 sisteret,
2538 5048 2725 5104 dicens
2758 5066 2771 5102 :
2803 5048 2922 5104 Non
2965 5061 3053 5105 est
3094 5068 3189 5107 rex
3226 5061 3424 5122 prteter
3466 5054 3618 5110 illum
3665 5072 3823 5127 quem

2243 5151 2350 5206 ego
2373 5137 2508 5202 vidi,
2535 5146 2591 5193 et
2619 5139 2808 5204 adoro,
2836 5148 2893 5194 et
2916 5139 3056 5206 colo,
3090 5155 3189 5210 pro
3212 5142 3365 5212 cujus
3389 5144 3605 5201 cultura
3636 5147 3685 5201 si
3719 5147 3827 5202 mil-

2248 5223 2346 5281 lies
2385 5229 2640 5296 occidar,
2686 5229 2803 5300 ipse
2827 5246 2924 5285 ero
2969 5239 3028 5285 ut
3071 5236 3229 5306 cmpi.
3263 5235 3542 5292 Christum
3584 5240 3721 5294 mihi
3764 5208 3862 5299 dei

2245 5333 2342 5372 ore
2362 5359 2377 5384 ,
2407 5317 2679 5374 Christum
2709 5321 2841 5376 mihi
2887 5323 2953 5378 de
2981 5324 3145 5380 corde
3170 5326 3385 5382 auferre
3418 5338 3688 5386 tormenta
3721 5348 3822 5386 non

2245 5417 2529 5479 poterunt;
2570 5410 2733 5466 valde
2769 5413 2970 5467 etenim
3014 5418 3252 5484 ptenitee
3281 5420 3424 5487 quod
3472 5433 3599 5477 ante
3626 5438 3822 5478 nomen

2247 5509 2514 5566 sanctum,
2545 5510 2601 5557 et
2627 5502 2681 5557 in
2713 5503 3021 5560 hominibus
3049 5509 3255 5565 sanctis
3278 5511 3565 5579 exhorrui,
3610 5523 3667 5569 et
3695 5515 3825 5570 satis

2250 5709 2264 5762 ι
2316 5636 2342 5675 d
2386 5636 2530 5760 Vitia
2562 5637 2798 5693 libellum
2850 5638 2924 5694 De
2963 5638 3266 5699 Festivitat.
3302 5645 3495 5716 Apost.
3542 5645 3823 5713 Prudent.,

2269 5722 2431 5762 tvmn.
2501 5726 2552 5760 ὓ.

2269 5722 2431 5777 tymn.
2468 5722 2552 5760 to.

2324 5789 2347 5816 ο
2385 5777 2518 5831 Male
2550 5780 2601 5833 iu
2636 5777 2747 5834 MS.
2781 5781 3197 5840 mimithemela).
