3962 6366
101 320 224 377 5πῖ

800 315 1404 376 MARTYROLOGlUM
1443 313 1586 371 CUM
1628 312 2169 373 ADDITAMENTIS.
2193 349 2263 359 -—
2301 318 2506 375 MENS.
2548 320 2714 376 AL'G.

3287 327 3397 384 558

108 432 333 488 tanti";
359 431 428 488 ad
459 430 792 487 adorandum
816 446 1003 487 verum
1030 431 1234 504 Regem
1264 428 1527 501 superbus
1550 426 1709 482 miles
1738 428 1784 486 Λ
1815 425 2005 484 levavit
2032 428 2274 487 Justinus
2300 432 2602 506 presbyter,
2631 443 2685 488 et
2708 428 2949 505 sepelivit
2975 438 3028 492 in
3059 448 3245 512 crypta
3268 440 3394 512 jux-

105 525 350 580 accessi.
376 522 617 596 Martyrii
645 539 900 579 coronam
930 524 1124 595 capitis
1145 522 1562 578 obtruncatione
1582 533 1706 590 pro-

109 617 325 672 meruit
349 633 441 671 vui
472 615 744 671 Kalendas
773 615 1131 687 Septembris.

188 706 320 778 Ipso
357 707 658 777 eodemque
682 707 799 770 die,
824 707 1023 762 natalis
1049 707 1221 763 sancti
1249 706 1464 763 Genesii
1498 719 1546 772 ι,
1576 706 1713 762 Are-

112 800 366 865 latensis,
397 799 490 869 qui
512 808 639 855 ante
670 798 906 854 tribunal
925 798 1127 867 judicis
1153 801 1463 871 exceptoris
1494 800 1710 857 functus

109 891 324 957 ollicio,
344 908 468 947 cum
494 892 681 961 impia,
708 892 905 961 quibus
928 891 1225 949 Christiani
1250 893 1429 964 puniri
1447 892 1712 963 jubeban—

113 997 232 1051 tur,
256 986 436 1042 edicta
464 985 630 1040 nollet
654 986 926 1055 excipere,
951 986 1210 1057 projectis
1231 986 1283 1040 in
1314 971 1529 1056 publico
1556 987 1711 1040 taliu-

114 1079 222 1144 lis,
253 1095 318 1135 se
357 1077 725 1135 Christianum
766 1092 888 1134 esse
920 1086 1151 1133 testatus
1187 1079 1470 1133 abscessit.
1502 1077 1569 1132 Et
1593 1084 1713 1146 post

117 1170 402 1226 modicum
436 1168 776 1223 intervallum
807 1168 1178 1237 deprehensus
1200 1168 1269 1223 ab
1290 1166 1709 1239 apparitoribus,

120 1270 297 1330 atque
326 1259 379 1314 in
412 1259 523 1332 ripa
556 1258 794 1314 ﬂuminis
831 1258 1078 1314 Rhodani
1104 1258 1429 1325 decollatus,
1464 1259 1711 1331 martyrii

121 1348 378 1422 gloriam,
406 1350 626 1420 praprio
651 1365 845 1404 cruore
872 1350 1197 1421 baptizatus,
1227 1349 1458 1420 accepit.

193 1441 402 1498 Eodem
428 1443 515 1497 die
542 1442 748 1503 Romze.
776 1442 953 1497 natale
976 1453 1289 1499 sanctorum
1313 1456 1546 1515 quatuor
1570 1460 1716 1499 mar-

123 1541 335 1603 tyrum,
359 1532 601 1599 Eusebii,
627 1532 896 1597 Pontiani,
924 1533 1203 1606 Peregrini
1234 1544 1395 1606 atque
1420 1535 1711 1603 Viucentii,

126 1626 431 1694 imperante
451 1624 770 1691 Commodo,
795 1624 1010 1680 Vitellio
1026 1624 1226 1694 judice.
1254 1626 1320 1683 lli
1344 1627 1518 1699 primo
1545 1627 1714 1684 facul-

130 1724 279 1771 tates
300 1731 426 1771 suas
445 1731 638 1770 omnes
661 1717 993 1794 pauperibus
1014 1718 1405 1789 disperserunt,
1430 1735 1496 1775 ac
1521 1720 1714 1776 deinde

128 1803 606 1872 przcdicationibus
648 1782 1003 1861 suis-Flauum
1044 1782 1260 1878 quoque
1311 1782 1619 1865 senatorem
1660 1819 1714 1866 et
1744 1782 1789 1841 Β

130 1912 349 1953 omnem
378 1897 603 1951 domum
623 1896 740 1966 ejus
771 1899 838 1953 ad
868 1898 1027 1955 fidem
1055 1899 1255 1956 Christi
1281 1916 1591 1968 conversos,
1619 1918 1716 1973 per

131 1988 350 2045 beatum
379 1988 632 2043 Rufinum
681 1990 1057 2061 presbyterum
1111 1991 1179 2046 ad
1209 1992 1458 2063 baptismi
1486 1993 1715 2065 gratiam

131 2079 521 2147 perduxerunt.
555 2078 655 2147 Qui
690 2097 797 2136 non
830 2082 1000 2137 multo
1024 2091 1144 2153 post
1172 2095 1381 2156 martyr
1406 2083 1614 2151 factus,
1648 2087 1718 2143 ab

134 2171 324 2226 iisdem
362 2172 528 2227 etiam
557 2171 800 2243 sepultus
828 2182 929 2229 est.
961 2174 1067 2230 Pro
1112 2192 1220 2247 quo
1250 2178 1516 2244 maxime,
1553 2179 1656 2250 ipsi
1686 2196 1717 2235 a

135 2260 349 2318 Vitellio
390 2264 546 2330 lenti,
591 2274 647 2320 et
688 2264 741 2319 in
790 2266 1018 2336 equuleo
1060 2268 1241 2336 levati,
1284 2271 1465 2327 nervis
1505 2286 1721 2343 quoque

134 2350 386 2419 distenti,
452 2368 516 2407 ac
576 2354 770 2408 deinde
818 2354 1053 2411 fustibus
1106 2359 1229 2414 caesi
1293 2371 1464 2427 sunt;
1524 2363 1720 2432 quibus

134 2452 193 2497 et
234 2442 463 2499 ﬂammae
507 2445 572 2499 ad
612 2444 782 2500 latera
822 2461 1008 2502 eorum
1051 2450 1718 2524 postmodumappositte.

140 2532 251 2588 Sed
293 2548 415 2587 cum
450 2533 506 2588 in
552 2535 707 2590 laude
745 2535 945 2593 Christi
987 2538 1297 2595 ﬁdelissime
1328 2545 1719 2611 persisterent,

144 2622 360 2676 tandem
406 2622 627 2694 depositi
670 2626 739 2680 ab
782 2627 1010 2697 equuleo
1032 2639 1175 2685 sunt.
1202 2631 1417 2688 Etcum
1448 2635 1722 2691 nihilomi-

141 2729 245 2769 nus
280 2716 336 2769 in
377 2714 714 2774 confessione
741 2718 939 2775 Christi
976 2730 1381 2791 permanerent,
1428 2725 1599 2780 iratus
1629 2724 1721 2780 Vi-

139 2804 321 2860 tellius
371 2806 603 2863 Eusebio
648 2807 811 2877 jussit
860 2810 1097 2879 linguam
1168 2815 1429 2871 radicitus
1480 2816 1721 2883 abscidi,

136 2912 298 2965 quam
349 2904 530 2953 tamen
572 2899 762 2956 beatus
790 2901 1021 2959 Faustus
1070 2905 1327 2977 colligens
1364 2908 1417 2962 in
1455 2909 1577 2963 siuu
1626 2924 1726 2965 suo

138 2989 441 3054 abscondit,
485 3000 543 3046 et
571 2992 723 3061 fugit.
767 2993 1000 3050 Praecisa
1031 2996 1234 3068 lingua,
1261 2998 1531 3055 clamabat
1561 3000 1727 3055 Euse-

139 3078 257 3134 bius
282 3098 295 3133 :
336 3079 522 3135 Gloria
549 3082 668 3148 tibi,
694 3085 920 3141 Domine
945 3085 1071 3142 Jesu
1094 3088 1325 3154 Christe,
1356 3091 1448 3160 qui
1473 3090 1722 3161 dignatus

139 3183 197 3222 es
234 3184 325 3225 me
352 3185 476 3224 cum
503 3173 681 3227 servis
702 3173 808 3228 tuis
828 3175 894 3228 ad
922 3175 1148 3247 gloriam
1176 3194 1588 3236 connumerare.
1617 3181 1724 3238 Be-

143 3258 269 3313 clusi
290 3260 344 3313 in
359 3276 637 3316 carcerem
654 3278 776 3318 cum
794 3266 1009 3337 hymnis
1022 3268 1113 3323 Dei
1137 3269 1223 3326 die
1250 3280 1520 3342 noctuque
1541 3288 1726 3343 perso-

143 3357 355 3416 narent,
383 3352 531 3405 venit
557 3352 775 3422 quidam
801 3355 915 3424 jam
951 3367 1183 3426 quatuor
1228 3361 1387 3417 annis
1430 3377 1604 3417 aecus
1640 3379 1725 3419 sa-

143 3439 334 3493 cerdos
369 3438 642 3510 Capitolii,
689 3444 906 3499 nomine
950 3444 1207 3517 Lupulus,
1260 3450 1327 3504 ad
1369 3465 1493 3515 eos;
1526 3461 1581 3505 et
1607 3468 1723 3507 cre-

142 3529 296 3593 deus,
345 3530 698 3597 illuminatus,
749 3535 1002 3606 baptismi
1047 3540 1273 3608 gratiam
1316 3543 1574 3611 percepit.
1615 3543 1726 3599 lloc

143 3617 346 3674 factum
374 3632 556 3677 custos
586 3626 824 3681 carceris
852 3627 1164 3698 Simplicius
1190 3633 1407 3688 nomine
1436 3635 1645 3700 videns,
1671 3636 1729 3690 et

148 3710 288 3780 ipse,
320 3713 530 3783 rejectis
558 3715 736 3782 idolis,
758 3716 1061 3787 baptizatus
1091 3730 1193 3777 cst.
1223 3723 1354 3790 Quae
1377 3735 1526 3793 gesta
1558 3725 1726 3781 Vitel-

147 3799 254 3857 lius
283 3801 571 3883 Comrpodo
610 3821 732 3861 cum
780 3810 1164 3875 renuntiasset,
1203 3812 1367 3881 jussit
1393 3828 1488 3868 eos
1526 3816 1725 3884 puniri.

143 3889 211 3943 Et
237 3900 358 3961 post
384 3893 616 3949 triduum
641 3895 706 3950 de
734 3911 954 3954 carcere
977 3900 1175 3965 educti,
1207 3904 1273 3957 ad
1310 3903 1525 3960 Petram
1554 3907 1727 3963 scele-

142 3990 342 4049 ratam,
366 3984 657 4054 plumbatis
686 4005 853 4060 usque
883 3992 948 4046 ad
974 3993 1317 4050 entissionem
1343 3998 1563 4067 spiritus
1586 4016 1730 4055 mac-

144 4073 243 4128 tati
273 4085 420 4130 sunt.
456 4077 693 4144 Quorum
740 4097 969 4150 corpora
1010 4086 1227 4156 collegit
1257 4088 1450 4142 beatus
1490 4088 1730 4146 llulliuus

142 4166 458 4235 presbyter,
486 4176 541 4222 et
566 4171 810 4240 sepelivit
834 4173 901 4227 ab
929 4176 1061 4229 urbe
1084 4175 1251 4231 ltoma
1280 4178 1528 4233 ntilliario
1550 4191 1726 4245 sexto,

145 4257 294 4312 inter
316 4258 457 4311 viam
486 4260 759 4318 Aureliam
781 4272 838 4320 et
871 4264 1293 4337 Triumphalem,
1322 4282 1513 4325 octavo
1536 4271 1733 4327 Kalen-

143 4351 243 4405 das
273 4350 551 4422 Septemb.
596 4353 701 4410 Sed
741 4358 908 4415 multo
946 4370 1068 4429 post
1108 4371 1349 4432 tempore
1376 4364 1403 4403 ι)
1448 4364 1729 4421 beatorum

143 4451 451 4513 martyrum
482 4444 697 4502 Eusebii
726 4458 780 4504 et
822 4450 1068 4508 Pontiani
1107 4455 1412 4525 (largitione
1450 4474 1601 4526 papa:
1632 4458 1726 4513 Ni-

143 4533 311 4603 colai)
360 4537 603 4592 membra
656 4540 722 4594 ad
770 4539 970 4599 Gallias
1013 4547 1272 4601 translata
1303 4547 1354 4600 in
1385 4550 1730 4605 monasteriis

143 4635 340 4680 Sancto
380 4627 620 4695 apostolo
668 4628 828 4686 Petro
865 4642 991 4688 voto
1032 4634 1282 4704 religioso
1320 4638 1552 4705 collatis,
1583 4656 1733 4696 reve-

144 4728 338 4775 renter
367 4721 626 4776 tumulata
649 4736 992 4781 venerantur.

509 4810 574 4865 G.
609 4812 698 4867 VII
728 4814 887 4869 ΚΑΒ.
925 4815 1372 4876 SEPTEMBRIS.

792 4906 895 4978 (26
924 4908 1059 4980 Aug.
1077 4909 1098 4982 )

136 5044 141 5047 _
219 4991 431 5059 Romus,
471 4998 644 5052 sancti
671 4998 958 5071 Zephyrini
994 5019 1147 5075 papa:
1170 5017 1217 5070 ο,
1260 5009 1353 5077 qui
1382 5010 1521 5064 rexit
1547 5010 1731 5065 Eccle-

145 5084 292 5137 siam
319 5098 490 5139 annos
516 5098 663 5164 octo,
693 5105 907 5147 menses
938 5104 1164 5163 septem,
1189 5097 1305 5161 dies
1326 5097 1532 5154 decem.

220 5170 359 5226 Item
400 5174 594 5231 natalis
637 5187 948 5235 sanctorum
985 5182 1174 5240 Irenzei
1219 5195 1276 5241 et
1303 5186 1514 5243 Abundi
1544 5187 1596 5251 ά,
1628 5189 1736 5243 Ro-

144 5277 288 5329 mae;
316 5279 454 5333 quos
483 5264 714 5322 Deciana
738 5273 1109 5339 persecutione
1124 5273 1289 5343 jussit
1307 5276 1624 5335 Valerianus
1648 5280 1732 5334 in-

143 5355 412 5418 cloacari.
443 5371 508 5412 eo
544 5359 687 5428 quod
723 5376 922 5432 corpus
959 5363 1129 5420 beata:
1169 5366 1483 5424 Concordia:
1512 5371 1564 5425 in
1591 5371 1734 5425 cloa‘

144 5462 276 5502 eam
308 5448 532 5504 missum
556 5450 982 5509 levaverunt..Et
1002 5456 1238 5526 ipsorum
1269 5465 1481 5529 quoque
1506 5476 1732 5531 cor-pom

224 5572 255 5601 ⁸
290 5562 457 5631 Greg.
492 5564 624 5618 Tur.
656 5567 725 5621 de
746 5566 926 5622 Gloria
958 5578 1139 5632 mart.,
1170 5587 1219 5624 c.
1253 5571 1339 5630 68.

226 5632 258 5672 ι
296 5634 618 5705 Sigibertus,
651 5637 702 5690 in
731 5638 953 5705 Chrou.,
978 5658 1120 5695 anno
1144 5642 1281 5697 865..

228 5715 257 5742 ⁸
298 5703 635 5772 l’titttilicalc,
657 5708 818 5761 0.16.

1750 3131 1797 3194 C

1814 527 1865 573 ta
1894 517 2107 575 beatum
2138 522 2502 580 Laurentium.

1881 609 2033 679 Apud
2081 612 2430 669 Victimilium
2474 624 2711 672 castrum
2752 618 2947 682 italia.
3008 622 3203 678 natalis
3248 625 3395 681 beati

1814 699 2045 755 Secundi
2074 704 2345 774 martyris,
2379 706 2475 760 viri
2500 707 2828 777 spectabilis,
2861 721 2916 766 ct
2941 712 3092 768 ducis
3129 730 3195 770 ex
3227 714 3396 784 legio-

1814 807 1880 846 ne
1922 802 2232 848 sanctorum
2263 795 2638 864 Thebzcorum,
2678 800 2766 870 qui
2797 810 2923 857 ante
2947 804 3163 859 beatum
3193 805 3396 861 Mauri-

1816 886 1948 939 tium
1969 895 2022 940 et
2043 896 2289 952 caeteros,
2317 898 2439 958 post
2469 891 2679 946 vincula
2700 901 2756 948 et
2775 909 3025 949 carceres
3073 899 3404 955 martyrium

1813 976 2007 1046 capitis
2033 976 2337 1032 abscisione
2364 980 2669 1051 complevit.

1883 1066 2036 1136 Apud
2069 1069 2256 1123 urbem
2281 1069 2462 1135 Italiae,
2504 1087 2626 1140 qua:
2651 1072 2931 1145 Bergamis
2980 1076 3195 1142 dicitur,
3238 1085 3395 1133 nata-

1814 1155 1881 1210 lis
1905 1157 2077 1212 sancti
2103 1158 2393 1214 Alexandri
2424 1162 2701 1233 martyris,
2730 1165 2831 1219 sub
2871 1164 3196 1222 Maximiano
3220 1166 3404 1223 Caesa.

1816 1265 1907 1315 re;
1958 1250 2047 1320 qui
2097 1268 2219 1306 cum
2262 1262 2406 1308 esset
2449 1253 2606 1310 miles
2637 1272 2776 1313 unus
2812 1274 2878 1313 ex
2910 1259 3117 1329 legione
3140 1259 3401 1316 Thebae-

1817 1356 1955 1406 rum,
1978 1340 2320 1397 Christianus
2348 1343 2523 1399 factus
2569 1354 2671 1402 est.
2718 1347 2957 1404 Audiens
2989 1348 3093 1405 hoc
3119 1347 3403 1406 Maximiav

1816 1438 1919 1489 nu’s
1963 1443 2083 1504 post
2128 1436 2243 1492 dies
2290 1436 2631 1508 quindecim,
2681 1440 2903 1497 mittens
2939 1443 3226 1498 accersivit
3253 1458 3401 1507 eum,

1815 1528 2002 1584 dicens
2022 1529 2071 1584 ei
2099 1546 2112 1583 :
2142 1529 2248 1586 Pro
2282 1530 2426 1586 nulla
2458 1547 2516 1587 re
2544 1533 2648 1587 alia
2675 1534 2892 1589 evocavi
2925 1543 2977 1590 te
3005 1534 3107 1590 nisi
3147 1543 3207 1590 ut
3226 1535 3405 1590 sacris

1816 1618 1960 1675 lices.
1998 1618 2246 1691 Comperi
2279 1622 2422 1678 enim
2450 1632 2503 1680 te
2523 1624 2984 1696 derelinquentem
3011 1626 3147 1683 deos
3166 1637 3421 1692 nostrosa

1816 1709 2185 1783 Christianum
2218 1728 2339 1770 esse
2375 1713 2598 1770 factum.
2644 1717 2709 1771 Et
2752 1718 2855 1773 hoc
2892 1718 3097 1785 dicens,
3126 1719 3261 1790 petit
3300 1720 3405 1775 sibi

1816 1814 2082 1856 mensam.
2126 1801 2312 1874 anue
2349 1805 2619 1874 apposita,
2660 1815 2715 1861 et
2758 1806 3072 1863 linteamine
3118 1817 3407 1879 cooperta,

1815 1893 1980 1963 σαξρῆ
2026 1910 2188 1966 agere
2234 1910 2359 1951 cum
2405 1897 2566 1952 beato
2606 1898 2914 1955 Alexandro
2952 1892 3014 1955 ut
3052 1901 3403 1957 sacrificaret.

1818 1980 2050 2039 Sanctus
2075 1983 2385 2042 Alexander
2413 1987 2466 2041 in
2490 1988 2686 2043 cadum
2714 1990 3003 2061 aspiciens,
3034 1989 3203 2045 dixit:
3227 1990 3417 2060 Atque

1818 2073 2024 2128 utinam
2053 2082 2259 2130 tantam
2292 2078 2423 2133 mihi
2463 2078 2606 2136 Deus
2626 2082 2857 2151 gratiam
2887 2083 3059 2148 daret,
3085 2083 3175 2154 qui
3212 2093 3406 2138 cuncta

1818 2180 1919 2235 per
1945 2162 2127 2221 Iesum
2160 2166 2435 2223 Christum
2472 2171 2869 2240 postulantibus
2909 2184 3147 2244 prtestat,
3191 2184 3250 2230 ut
3279 2191 3408 2247 pos-

1820 2268 1933 2309 sem
1956 2263 2012 2310 et
2038 2263 2183 2311 tuam
2207 2258 2539 2314 voluntatem
2578 2261 2644 2315 ad
2685 2262 2780 2318 Dei
2820 2265 3148 2335 agnitionem
3184 2281 3425 2321 conver--

1824 2350 1959 2408 tere,
1989 2356 2045 2398 et
2073 2345 2419 2403 vanissimam
2451 2350 2607 2404 istam
2647 2352 3076 2409 incredulitatem
3106 2372 3136 2410 a
3172 2365 3223 2410 te
3252 2371 3408 2411 aver-

1822 2435 1966 2488 tere!
1994 2434 2098 2490 Sed
2125 2445 2181 2490 tu
2208 2438 2424 2508 quidem
2449 2440 2747 2496 insanabile
2773 2444 2941 2499 habes
2967 2445 3194 2511 malum;
3223 2463 3287 2501 ex
3316 2463 3415 2501 ve-.-

1825 2533 2025 2581 tustate
2063 2527 2189 2582 huic
2220 2529 2440 2584 vanitati
2472 2533 2777 2596 adhaarens,
2805 2537 3026 2591 credere
3057 2553 3163 2591 non
3190 2539 3288 2592 vis.
3324 2539 3408 2592 Me

1823 2625 2002 2671 autem
2030 2620 2243 2679 vocavit
2272 2620 2359 2675 ille
2388 2623 2479 2691 qui
2509 2640 2576 2678 ex
2627 2615 2875 2696 gentibus
2901 2630 2967 2681 ad
2996 2645 3146 2683 suam
3174 2632 3411 2701 gratiam

1822 2707 1949 2762 olim
1983 2725 2175 2768 vocare
2202 2714 2469 2783 promisit.
2499 2715 2668 2794 Parce
2697 2720 2937 2774 cm‘isiliis
2959 2723 3072 2788 tuis
3101 2722 3413 2794 diabolicis,

1824 2796 2035 2870 plange,
2078 2810 2135 2855 et
2173 2793 2436 2873 cognosce
2472 2790 2625 2860 actus
2654 2817 2774 2861 tuos
2812 2810 3005 2874 malos,
3050 2821 3107 2866 et
3149 2812 3310 2869 crede
3352 2815 3435 2867 in.

1826 2885 1994 2941 Deum
2022 2888 2222 2953 vivum,
2251 2891 2339 2959 qui
2368 2890 2494 2948 fecit
2519 2895 2720 2949 omnia.
2746 2895 2897 2952 Tunc
2926 2898 3307 2965 Maximianus,
3340 2904 3404 2957 ad

1828 2986 2032 3033 tantam
2082 2979 2201 3049 ejus
2250 2981 2497 3038 fiduciam
2536 2996 2858 3051 commotus,
2904 2986 3067 3056 jussit
3103 2992 3411 3045 astantibus

1827 3078 1887 3125 ut
1912 3071 1980 3126 de
2007 3074 2249 3144 apposito
2274 3076 2541 3135 sacriﬁcio
2567 3078 2735 3145 invito
2757 3082 2805 3138 ei
2834 3080 3111 3148 oﬂ‘erreut,
3140 3085 3425 3156 applicitis

1828 3164 2049 3218 armatis
2069 3176 2324 3231 econtra;
2361 3177 2415 3223 at
2453 3168 2540 3226 ille
2568 3171 2932 3238 beatissimus,
2961 3174 3294 3232 confundens
3323 3190 3435 3230 rem

1824 3254 1965 3324 giam
1994 3255 2358 3326 iniquitatem,
2378 3267 2434 3314 et
2457 3260 2573 3329 ejus
2600 3271 2863 3332 praecepta
2893 3263 2996 3317 fide
3016 3272 3256 3321 armatus
3280 3281 3411 3320 εοιιτ

1826 3352 2073 3401 temnens
2096 3346 2241 3402 calce
2276 3362 2517 3403 mensam
2544 3352 2830 3418 percussit,
2860 3364 3108 3408 evertens
3136 3368 3254 3408 eam
3281 3369 3437 3409 cum,

1825 3437 2076 3493 omnibus
2113 3440 2486 3509 suprapositis.
2528 3441 2812 3497 Iracundia
2856 3444 3088 3512 repletus
3131 3444 3412 3499 Maximia-

1826 3544 1927 3583 nus
1947 3527 2107 3596 jussit
2138 3531 2274 3584 tradi
2306 3532 2394 3584 uni
2419 3547 2487 3586 ex
2519 3533 2801 3588 ministris.
2832 3535 2956 3601 Qui,
2991 3537 3275 3605 evaginato
3295 3538 3411 3608 gla-

1828 3618 1936 3681 dio,
1965 3619 2116 3673 stetit
2147 3619 2411 3689 stupidus,
2430 3620 2593 3675 ferire
2624 3638 2727 3677 non
2759 3626 2984 3679 audens.
3016 3624 3111 3680 Cui
3134 3626 3411 3682 Maximia-

1830 3724 1966 3762 nus:
1993 3709 2183 3763 Adhuc
2209 3722 2341 3774 stas,
2375 3710 2512 3766 male
2544 3712 2736 3767 miles?
2760 3714 2829 3768 At
2853 3714 2941 3769 ille
2971 3718 3279 3785 respondit:
3309 3716 3412 3772 Ca-

1829 3808 1926 3867 put
1950 3788 2227 3865 éjus‘sicut
2254 3816 2408 3854 mons
2436 3809 2519 3856 est
2564 3811 2688 3857 ante
2721 3818 2824 3864 me,
2866 3804 3003 3858 unde
3032 3814 3174 3861 totus
3199 3815 3414 3862 contre-

1833 3888 2023 3943 misco.
2056 3888 2207 3944 Tunc
2233 3890 2590 3947 Maximianus
2615 3892 2834 3948 tradidit
2864 3909 2986 3949 eum
3020 3893 3141 3950 aliis
3171 3904 3243 3978 ut.
3268 3896 3415 3952 occio

1833 3981 2068 4037 dcretur.
2093 3983 2301 4039 Gaudio
2326 3984 2504 4055 itaque
2527 3986 2760 4056 repletus
2787 3996 3007 4059 martyr,
3042 4002 3235 4058 aquam
3261 3988 3418 4057 petiit

1833 4085 1888 4129 ct
1915 4089 2108 4129 manus
2137 4091 2263 4129 suas
2297 4075 2446 4141 lavit,
2478 4074 2802 4147 ﬂectensque
2829 4092 3024 4147 genua,
3062 4085 3118 4132 et
3149 4078 3449 4135 cervicem“

1834 4169 1887 4222 in
1919 4177 2064 4222 terra
2093 4168 2403 4231 humilians,
2438 4170 2687 4225 oratione
2720 4170 2836 4223 fusa
2868 4171 2936 4224 ad
2956 4169 3267 4236 Dominum,
3302 4171 3433 4226 ani--

1835 4258 2147 4311 madvcrsus
2186 4266 2289 4312 est.
2328 4256 2455 4311 Post
2491 4256 2694 4327 aliquot
2725 4259 2839 4312 dies
2876 4259 3117 4327 quadam
3171 4267 3441 4313 matrona»

1833 4348 2156 4412 castissima.
2199 4349 2413 4403 nomine
2454 4348 2660 4415 Gratia,
2698 4349 2913 4419 collegit
2952 4365 3148 4420 corpus
3185 4349 3322 4420 ejus.
3362 4361 3422 4404 et

1835 4439 2010 4508 posuit
2047 4437 2171 4491 illud
2196 4439 2247 4491 in
2275 4437 2530 4508 prmdiolo
2564 4454 2681 4502 suo,
2715 4453 2817 4493 non
2846 4439 3001 4508 longe
3036 4456 3066 4494 a
3098 4456 3251 4495 nmro
3278 4440 3412 4494 civi-

1758 4497 1809 4558 D
1837 4497 1961 4582 latis
1990 4497 2384 4598 Bergamensis.
2408 4527 2572 4597 Cujus
2606 4497 2788 4597 passio
2809 4497 3071 4598 completa
3098 4538 3180 4585 est
3224 4529 3255 4583 7
3297 4529 3417 4585 Kal.

1836 4617 2189 4687 Septembris.

2194 4716 2260 4769 A.
2302 4715 2390 4771 VI.
2431 4716 2586 4771 ΚΑΒ.
2627 4717 3071 4774 SEPTEMBRIS.

2473 4808 2573 4876 (27
2609 4808 2783 4878 Aug.)

1906 4909 2060 4978 Apud
2081 4906 2340 4978 Capuam,
2365 4907 2561 4963 natalis
2581 4910 2751 4963 sancti
2776 4908 2894 4963 Rufi
2918 4922 2941 4949 ο
2965 4913 3423 4983 martyris,‘quem

1812 5001 2020 5055 .docuit
2046 5009 2101 5055 et
2139 4999 2431 5069 baptizavit
2471 5000 2660 5053 beatus
2697 5001 3050 5070 Apollinaris,
3099 5003 3242 5059 Petri
3293 5022 3422 5074 apo-

1835 5094 1956 5150 stoli
1973 5092 2283 5161 discipulus,
2301 5108 2422 5147 cum
2446 5101 2591 5147 esset
2617 5093 2755 5147 idem
2782 5093 2955 5149 Rufus
2985 5096 3225 5165 patriciae
3250 5098 3423 5169 digni-

1836 5188 1985 5243 tatis.

1909 5280 2121 5344 Tomis,
2164 5279 2360 5334 natalis
2399 5288 2707 5334 sanctorum
2754 5290 3073 5350 martyrum,
3124 5280 3437 5337 Marcellini:

1839 5373 2064 5436 tribuni,
2095 5382 2150 5427 et
2173 5373 2356 5427 uxoris
2378 5370 2494 5438 ejus
2523 5372 2780 5434 Mammas,
2816 5381 2870 5426 et
2903 5372 2994 5425 lilii
3043 5372 3214 5444 ipsius
3258 5372 3435 5428 Joaus

1841 5466 1945 5530 nis,
1977 5474 2032 5519 et
2060 5466 2372 5535 Serapionis
2398 5465 2599 5527 clerici,
2626 5462 2847 5518 ct‘Petri
2878 5464 3067 5520 militis
3090 5465 3132 5519 ί.

1912 5577 1937 5615 ἀ
1980 5579 2055 5631 De
2076 5578 2160 5651 his
2183 5577 2233 5651 in
2266 5576 2429 5651 gestis
2459 5578 2627 5651 sancti
2666 5575 3061 5651 L:_tllrt‘:tt1ij,i0
3090 5582 3223 5651 Aug.

1917 5660 1944 5686 ο
1986 5648 2057 5701 De
2079 5648 2178 5701 hoc
2205 5648 2257 5700 in
2299 5646 2414 5698 Vita
2446 5646 2785 5715 Apollinaris.
2820 5641 2886 5699 ‘2":
2913 5648 3017 5704 Jul.

1922 5718 1941 5759 ί
1980 5717 2244 5778 Gcttttad.,
2275 5718 2337 5771 de
2372 5716 2510 5770 Viris
2540 5716 2727 5775 illust..
2756 5731 2803 5771 c.
2834 5720 2924 5776 δή.
