3962 6366
639 365 741 423 339

1601 364 1656 419 s.
1697 363 1949 421 suoxts
1986 364 2414 419 AltCillEPlSC.
2464 360 2870 417 \‘lENNENSiS
3694 349 3763 441 διο

705 479 763 533 ln
804 476 1011 540 Galliis,
1038 477 1257 532 civitate
1284 473 1601 537 Arelatensi,
1640 474 1810 529 sancti
1844 473 2062 529 Caesarii
2098 474 2213 543 epi-
2243 480 2289 535 Α
2319 485 2405 526 ses
2430 469 2842 565 Christollilinm
2869 478 3019 565 tuum
3040 468 3351 565 incolumem
3376 474 3589 538 ham
3613 485 3762 565 cum.

636 570 785 641 scopi
808 578 861 625 et
888 568 1235 633 confessoris,
1260 568 1409 622 mirze
1434 566 1754 631 sanctitatis,
1782 566 1997 638 pietatis
2015 575 2068 621 et
2098 576 2209 620 stu-

634 663 865 824 nam;
888 749 1353 822 Augustodunum,
1378 748 1435 804 S.
1463 746 1673 822 Syagrii
1701 750 1935 820 episcopi
1974 760 2031 804 et
2066 747 2209 803 conf.

1001 882 1060 935 Β.
1118 882 1159 936 V
1202 876 1845 938 KAL.'SEPTEMBRIS.

1282 996 1373 1067 (es
1420 997 1585 1067 Aug.)

709 1109 931 1171 Romae,
979 1108 1160 1164 natale
1198 1108 1498 1164 beatissimi
1562 1109 1830 1165 Hermetis
1855 1123 1879 1151 ι
1942 1111 2212 1182 martyris.

639 1197 794 1254 Hunc
817 1198 1240 1253 illustrissimum
1263 1199 1439 1254 virum
1454 1202 1643 1256 beatus
1654 1200 1958 1255 Alexander
1975 1199 2214 1270 pontifex

636 1299 693 1345 et
718 1297 923 1357 martyr
950 1289 1007 1360 (3
1030 1287 1199 1360 Maii),
1222 1306 1342 1345 cum
1367 1299 1511 1345 esset
1530 1290 1816 1362 praefectus
1838 1291 1986 1345 urbis
2008 1290 2214 1353 Romae,

634 1382 929 1452 baptizavit
953 1397 1075 1437 cum
1100 1397 1289 1447 uxore,
1320 1392 1375 1437 et
1416 1382 1557 1445 filiis,
1588 1399 1654 1438 ac
1694 1398 1880 1439 sorore
1911 1382 2214 1449 Theodora,

636 1488 865 1542 cumque
890 1487 955 1528 eo
982 1473 1184 1545 pariter
1209 1472 1353 1527 mille
1379 1473 1640 1528 ducentos
1688 1475 2070 1544 quinquaginta
2098 1488 2217 1527 ser—

635 1571 735 1619 vos
764 1564 899 1634 ejus,
922 1578 1119 1620 uxores
1142 1580 1356 1636 quoque
1388 1573 1443 1621 et
1471 1564 1608 1620 iiiios
1640 1580 1848 1632 eorum,
1887 1567 2036 1637 prius
2065 1566 2217 1638 inge-

637 1656 845 1711 nuitate
868 1657 973 1713 illis
995 1673 1270 1713 concessa.
1305 1657 1373 1712 Et
1393 1673 1500 1713 non
1525 1657 1692 1713 multo
1705 1666 1826 1728 post
1844 1657 1913 1713 ab
1931 1657 2220 1714 Aureliano

637 1749 967 1818 imperatore
998 1756 1179 1804 trusus
1202 1749 1259 1803 in
1283 1763 1574 1811 carcerem,
1607 1749 1765 1804 beato
1796 1750 1959 1804 etiam
1987 1749 2219 1803 Alexan-

2315 560 2565 631 respondi
2591 577 2606 615 :
2644 561 2780 617 Dum
2816 568 2871 615 tu
2900 561 3016 630 ipsa
3044 576 3183 616 caeca
3211 563 3282 619 sis
3309 564 3438 622 facta
3464 579 3511 626 et
3532 590 3619 630 non
3635 560 3761 637 uiscu-

2314 661 2455 718 rata,
2495 653 2763 722 quomodo
2803 651 2969 705 lilium
3000 666 3178 705 meum
3207 654 3385 710 reddet
3419 656 3705 720 incolumem?
3726 668 3761 728 Si

2314 752 2441 798 ante
2461 744 2615 808 istos,
2655 742 2850 812 inquit,
2879 742 3119 813 quinque
3156 754 3323 799 annos
3347 748 3645 807 credidissem
3664 755 3763 813 Clui-

2314 849 2418 903 stu,
2472 837 2665 893 redditi
2711 836 2843 891 mihi
2890 845 3072 891 essent
3113 836 3274 891 oculi.
3311 834 3404 893 Cui
3434 841 3762 905 dixitzvadeet

2315 928 2507 993 crede;
2536 938 2591 984 et
2618 930 2664 983 si
2686 928 2782 983 tibi
2805 927 2991 983 oculos
3028 928 3296 996 aperuerit
3318 928 3602 998 Alexander,
3617 941 3761 993 credam

2314 1020 2457 1091 quod
2484 1028 2540 1075 et
2582 1018 2713 1073 mihi
2760 1018 2950 1073 reddat
2999 1016 3166 1071 ﬁlium
3211 1033 3401 1072 meum.
3429 1019 3557 1074 Abiit
3579 1023 3633 1076 ad
3651 1024 3762 1094 ipsum

2316 1127 2481 1176 czeca,
2508 1120 2563 1165 et
2588 1126 2716 1166 ecce
2744 1125 2961 1166 reversa
2989 1118 3074 1164 est
3098 1107 3165 1164 ad
3187 1125 3272 1165 me
3306 1125 3450 1177 sana,
3483 1111 3763 1186 inmunemque

2315 1205 2556 1259 humeris
2576 1204 2688 1258 suis
2736 1203 2901 1257 lilium
2955 1217 3132 1257 meum
3183 1210 3462 1269 mortuum,
3508 1207 3706 1272 cucurrit,
3731 1218 3764 1263 et

2308 1295 2538 1364 jactavit
2562 1309 2684 1349 eum
2712 1305 2837 1348 ante
2862 1294 3027 1363 pedes
3043 1291 3184 1347 beati
3207 1292 3497 1347 Alexandri.
3517 1293 3575 1347 At
3594 1294 3675 1361 ille,
3694 1310 3763 1350 ora-

2317 1388 2464 1443 tione
2488 1385 2649 1449 facta,
2674 1385 3019 1441 resuscitavit
3037 1398 3180 1439 eum.
3206 1383 3317 1455 Ego
3345 1382 3594 1439 confestim
3610 1386 3695 1440 misi
3714 1403 3766 1442 me

2318 1480 2385 1533 ad
2413 1478 2576 1548 pedes
2597 1476 2734 1546 ej'us,
2758 1486 2812 1532 et
2840 1475 3021 1547 rogavi
3050 1489 3139 1530 me
3163 1474 3278 1530 fieri
3317 1474 3647 1529 Christianum.
3661 1475 3764 1529 Patri-

2319 1567 2556 1622 monium
2577 1582 2705 1621 vero
2729 1568 2916 1622 matris
2931 1566 3046 1636 ejus
3060 1567 3160 1637 ipsi
3184 1565 3377 1621 contuli
3396 1582 3410 1629 ;
3426 1566 3650 1634 aliquanta
3663 1566 3763 1621 etiam

2317 1657 2385 1710 de
2407 1670 2526 1710 meo
2552 1655 2752 1709 addidi.
2784 1654 2991 1710 Caetera
3022 1669 3153 1708 vero
3180 1661 3275 1707 aut
3299 1653 3589 1724 pauperibus
3607 1653 3761 1720 erogari,

2322 1752 2415 1798 aut
2441 1745 2612 1798 servis
2644 1744 2801 1807 meis,
2839 1744 2933 1813 qui
2979 1756 3194 1797 mecum
3242 1738 3366 1795 facti
3405 1749 3516 1796 Sunt
3547 1740 3762 1803 Christiani,

637 1841 736 1895 dro
766 1840 820 1894 in
850 1841 1091 1896 custodia
1131 1842 1325 1912 posito,
1375 1843 1588 1897 tribuno
1617 1842 1841 1909 Quirino
1870 1843 2215 1897 commenda-
2247 1828 2292 1887 Β
2320 1834 2463 1889 dedi.
2494 1832 2619 1888 Hmc
2645 1844 2700 1888 et
2727 1834 2811 1888 his
2836 1830 3032 1887 similia
3057 1846 3182 1886 cum
3208 1831 3402 1901 egisset
3422 1829 3548 1884 circa
3576 1827 3763 1895 Quirinum

637 1942 747 1985 tur.
796 1930 897 1998 Qui
943 1932 1080 1986 dixit
1123 1932 1190 1986 ad
1230 1933 1445 1987 beatum
1476 1932 1767 1988 Hermem:
1797 1933 1925 2000 Quae
1948 1934 2085 1988 ratio
2114 1941 2214 1997 est,

636 2024 724 2076 vir
771 2022 1012 2088 illustris,
1062 2030 1121 2077 ιιι
1159 2023 1276 2078 vice
1313 2038 1466 2078 sacra
1500 2022 1771 2092 judicans,
1800 2040 1907 2078 non
1949 2024 2121 2078 solum
2150 2022 2218 2076 ad

640 2114 802 2167 istam
834 2112 1087 2181 injuriam
1110 2122 1163 2168 te
1187 2113 1356 2183 redigi
1383 2113 1533 2176 velis,
1587 2128 1771 2167 verum
1799 2114 1964 2168 etiam
1996 2112 2221 2183 praefec-

641 2213 778 2256 tura:
799 2203 1003 2256 honore
1025 2201 1402 2272 exspoliatum,
1430 2203 1481 2256 in
1506 2202 1732 2256 vinculis
1758 2212 1808 2256 te
1836 2210 2090 2271 tanquam
2110 2201 2221 2270 pri-

638 2300 824 2345 vatum
841 2291 982 2344 trudi
1010 2291 1386 2360 :cqnanimiter
1406 2290 1586 2346 feras?
1606 2290 1835 2348 Sanctus
1855 2290 2080 2346 Hermes
2104 2291 2179 2345 ait
2200 2307 2214 2345 :

640 2380 1026 2436 Prmfecturam
1051 2397 1155 2436 non
1180 2382 1408 2453 perdidi,
1436 2383 1529 2437 sed
1556 2384 1776 2437 mutavi.
1811 2382 1947 2437 Nam
1984 2382 2219 2453 dignitas

637 2481 856 2526 terrena
900 2488 930 2526 a
976 2473 1137 2528 terris
1169 2472 1392 2537 tollitur,
1434 2489 1497 2529 ac
1542 2482 1813 2538 mutatur;
1840 2474 2070 2545 dignitas
2090 2489 2219 2529 vero

641 2562 881 2617 eteiestis
906 2574 1109 2618 aeterna
1149 2560 1477 2618 sublimitate
1497 2562 1760 2619 subsistit.
1789 2563 1930 2619 Dicit
1956 2563 2006 2618 ei
2035 2561 2218 2630 Quiri-

642 2668 785 2711 nus:
825 2653 990 2710 Miror
1034 2664 1088 2711 te
1123 2657 1442 2726 prudentem
1487 2656 1662 2713 virum
1691 2656 1760 2710 ad
1807 2665 2010 2710 tantam
2044 2654 2223 2710 stulti-

641 2749 773 2803 tiam
829 2750 1129 2816 devenisse,
1174 2758 1234 2804 ut
1269 2750 1461 2806 credas
1483 2760 1637 2805 extra
1670 2750 1827 2805 istam
1859 2750 2020 2804 vitam
2050 2760 2101 2803 te
2123 2749 2223 2803 ali-

639 2841 775 2907 quid
807 2840 1134 2901 habiturum,
1164 2850 1448 2911 postquam
1478 2842 1689 2897 cineres
1733 2842 1952 2896 humani
1979 2840 2222 2911 corporis

643 2932 719 2985 ita
742 2933 807 2985 ad
840 2932 1065 2986 nihilum
1086 2933 1401 3002 redigantur
1419 2940 1477 2985 ut
1494 2947 1594 2987 nec
1619 2947 1742 2986 ossa
1762 2932 1877 3002 ipsa
1902 2930 2217 2986 subsistant.

638 3023 741 3076 Cui
784 3024 973 3078 beatus
1019 3023 1276 3080 Hermes
1319 3022 1387 3078 Et
1431 3038 1530 3093 ego
1582 3031 1707 3079 ante
1746 3023 1848 3079 hos
1875 3038 2044 3078 annos
2074 3022 2219 3078 illam

640 3114 977 3179 'deridebam,
1022 3125 1073 3169 et
1103 3116 1260 3170 istam
1291 3116 1560 3172 carnalem
1586 3116 1751 3171 vitam
1777 3116 1959 3171 utilem
1994 3131 2115 3171 esse
2141 3115 2223 3171 di-

2320 1925 2513 1981 beatus
2553 1924 2801 1989 Hermes,
2838 1922 3070 1979 credidit
3097 1921 3355 1989 Quirinus
3391 1933 3503 1974 cum
3539 1917 3762 1973 omnium

2320 2029 2439 2080 sua,
2465 2023 2520 2069 et
2537 2015 2839 2084 baptizatus
2847 2021 2953 2069 est.
2966 2012 3290 2066 Aurelianus
3302 2017 3481 2065 cuncta
3500 2007 3593 2061 hac
3605 2005 3763 2067 audiris

2320 2105 2543 2161 dictavit
2565 2106 2621 2159 in
2647 2105 2834 2160 ultimo
2865 2103 3189 2160 sententiam
3216 2109 3277 2156 ut
3301 2102 3478 2156 beatus
3511 2096 3673 2152 Hermes
3685 2094 3762 2163 gia-

2319 2196 2412 2251 dio
2454 2196 2755 2264 puniretur.
2787 2194 2891 2262 Qui
2920 2194 3239 2255 decoliatus,
3282 2205 3315 2246 a
3358 2190 3507 2245 beata
3546 2199 3680 2242 sorore
3703 2197 3763 2236 tua

2321 2287 2602 2342 Theodora
2627 2286 2902 2349 collectus,
2940 2286 2995 2340 in
3024 2282 3239 2339 Salaria
3274 2292 3451 2336 vetere
3489 2293 3579 2333 non
3602 2270 3764 2344 longe!!!

2318 2375 2455 2430 urbe
2498 2375 2671 2431 Roma
2737 2375 2838 2431 sub
2884 2374 2972 2431 die
3010 2374 3205 2444 quinto
3238 2384 3416 2427 mense
3438 2363 3763 2439 Septembris»-

2318 2463 2500 2539 pultns
2523 2471 2629 2519 est.

2389 2556 2510 2625 Ipso
2535 2555 2624 2611 die
2663 2555 2718 2610 in
2742 2553 2945 2619 Africa,
2973 2552 3243 2623 depositio
3267 2548 3434 2606 sancti
3465 2540 3684 2615 Augustini
3699 2538 3765 2608 eri

2321 2647 2488 2716 scopi.
2518 2646 2598 2701 Ex
2640 2645 2915 2715 provincia
2959 2659 3089 2713 ergo
3118 2644 3210 2698 hic
3239 2641 3495 2698 Africana,
3527 2633 3690 2690 civitate
3703 2628 3763 2681 τι·

2321 2739 2577 2809 gastensi,
2626 2739 2694 2793 de
2737 2752 2977 2793 numero
3000 2735 3287 2792 curialium
3313 2726 3593 2803 parcum

2320 2837 2376 2884 et
2402 2827 2724 2884 Christianis
2750 2826 3081 2897 progenitus,
3135 2824 3397 2890 aiitusque
3432 2824 3509 2872 est
3540 2828 3594 2868 ac
3617 2815 3766 2864 nutrias

2322 2933 2508 2975 eorum
2533 2932 2673 2973 cura
2704 2931 2769 2971 ac
2799 2917 3093 2986 diligentia,
3148 2913 3497 2985 impensisque

2323 3011 2529 3066 artibus
2572 3008 2817 3063 eruditus
2858 3006 3121 3078 apprime,
3166 3003 3411 3061 omnibus
3447 2987 3766 3078 videlicetliisci-
3852 3024 3853 3071 ᾖ

2322 3101 2484 3171 piinis
2502 3100 2761 3163 imbutus,
2792 3075 2945 3168 quas
2955 3096 3206 3151 liberales
3230 3097 3437 3147 vocant.
3463 3085 3574 3139 Nam
3589 3075 3767 3171 et

646 3204 856 3259 cebam.
910 3206 974 3260 Et
1020 3206 1313 3274 Quirinus:
1361 3206 1470 3262 Fac
1500 3215 1556 3262 et
1588 3222 1675 3262 me
1709 3208 1959 3277 probare,
1986 3215 2045 3261 ut
2074 3207 2119 3262 si
2148 3207 2221 3261 ita

2325 3170 2579 3246 maticam
2636 3190 2786 3261 prius
2830 3189 2884 3243 in
2929 3201 3028 3243 sua
3073 3186 3314 3245 civitate,
3354 3189 3407 3234 et
3447 3170 3769 3277 Rhemum“:
3852 3206 3853 3221 ι

645 3303 731 3349 est
774 3295 914 3351 sicut
947 3305 1001 3353 tu
1030 3296 1327 3358 credidisti.
1356 3304 1410 3351 et
1438 3312 1538 3367 ego
1565 3298 1803 3352 credam.
1846 3297 2041 3352 Beatus
2082 3296 2223 3353 Her-

647 3400 764 3440 mes
792 3385 965 3442 dixit:
1000 3385 1232 3442 Sanctus
1252 3387 1573 3454 Alexander,
1610 3389 1699 3459 qni
1739 3388 1968 3444 habetur
2006 3390 2060 3444 in
2107 3390 2227 3444 vin-

649 3475 805 3539 culis,
854 3476 969 3532 haec
1010 3491 1096 3531 me
1135 3478 1334 3532 docuit.
1372 3476 1607 3533 Audiens
1636 3479 1750 3534 haec
1781 3479 2036 3548 Quirinus
2063 3482 2228 3552 coepit

652 3566 975 3623 maledicere
1001 3567 1328 3634 Alexandro,
1365 3579 1421 3624 et
1445 3571 1581 3625 dixit
1615 3571 1682 3626 ad
1712 3570 1999 3628 Hermem:
2030 3573 2142 3644 Ego
2172 3583 2226 3630 te

649 3660 832 3732 rogavi
864 3659 1049 3715 dicens
1084 3674 1103 3713 :
1133 3659 1218 3740 [ac
1256 3674 1342 3715 me
1364 3661 1593 3730 probare
1634 3661 1781 3732 juste
1808 3669 1860 3716 te
1898 3662 2223 3729 credidisse;

638 3756 705 3804 'et
747 3758 800 3803 tu
844 3749 975 3804 mibi
1018 3750 1308 3805 nominasti
1356 3751 1626 3806 hominem
1665 3767 1941 3823 magnum,
1971 3768 2131 3823 quem
2172 3753 2227 3807 in

653 3841 883 3897 vinculis
910 3841 1101 3903 habeo,
1130 3850 1185 3896 et
1208 3843 1262 3896 in
1300 3830 1663 3898 carceris‘ima
1692 3845 2021 3900 conclusum.
2052 3845 2111 3900 Si
2133 3861 2226 3901 ve—

654 3947 775 3985 rum
799 3939 885 3986 est
905 3945 1034 4000 ergo
1052 3932 1194 4000 quod
1219 3928 1377 3995 dicis,
1411 3932 1549 3986 vado
1574 3932 1640 3985 ad
1668 3947 1790 3987 eum
1816 3933 1951 4003 ipse,
1975 3944 2030 3989 et
2058 3933 2230 4004 tripli-

656 4021 791 4076 caho
812 4019 887 4074 illi
910 4020 1123 4074 vincula
1143 4027 1201 4074 et
1221 4022 1505 4086 custodes;
1533 4020 1578 4077 si
1600 4022 1831 4091 potuerit
1854 4023 1984 4077 hora
2010 4037 2230 4078 ctenan-

657 4108 709 4163 di
737 4108 803 4162 ad
828 4117 881 4163 te
909 4108 1115 4174 venire,
1144 4109 1358 4161 credam
1390 4122 1509 4178 quae
1549 4110 1808 4165 docuerit.
1847 4111 1965 4175 ivit,
1996 4111 2231 4182 triplica-

656 4200 734 4253 vit
778 4199 1014 4262 vincula,
1052 4199 1304 4255 custodes
1344 4202 1611 4270 apposuit.
1648 4201 1830 4257 Primo
1865 4203 2030 4273 igitur
2057 4205 2230 4259 noctis

659 4290 836 4353 initio,
864 4288 1011 4345 venit
1055 4304 1210 4360 puer,
1255 4290 1344 4359 qui
1392 4290 1676 4345 videbatur
1712 4306 1834 4346 esse
1872 4307 1977 4347 non
2004 4292 2232 4362 amplius

632 4395 820 4450 quam
858 4381 1097 4450 quinque
1134 4394 1421 4446 annorum,
1462 4379 1642 4437 ferens
1671 4381 1902 4437 faculam
1954 4384 2230 4440 ardentem

661 4474 714 4526 in
742 4487 994 4537 carcere;
1020 4479 1075 4527 et
1094 4470 1310 4527 flectens
1331 4488 1501 4542 genua
1526 4489 1644 4539 sua,
1672 4489 1793 4529 cum
1820 4475 1980 4529 beato
2001 4476 2233 4531 Alexan-

662 4569 761 4620 dro
792 4566 990 4630 oravit,
1019 4566 1205 4621 dicens
1240 4569 1536 4620 orationem
1577 4567 1929 4632 Dominicam,
1961 4577 2016 4622 et
2044 4583 2235 4638 appreo

663 4657 902 4711 bendens
938 4670 1154 4710 manum
1189 4655 1306 4725 ejus
1342 4656 1528 4712 eduxit
1571 4671 1669 4724 per
1692 4654 2003 4720 fenestram,
2032 4666 2086 4710 et
2114 4671 2235 4725 per-

663 4746 818 4801 duxit
842 4761 965 4801 eum
1011 4746 1076 4800 ad
1122 4744 1339 4800 beatum
1367 4744 1618 4800 Hermem
1661 4746 1713 4800 in
1756 4747 1973 4800 domum
2000 4745 2229 4813 Quirini.

662 4835 920 4901 Quirinus
962 4832 1161 4890 factum
1183 4834 1287 4888 hoc
1306 4843 1364 4887 ut
1384 4833 1536 4898 vidit,
1561 4834 1852 4888 exterritus
1870 4841 1972 4889 est.
1996 4832 2092 4888 Cui
2114 4842 2235 4902 post

665 4925 771 4979 alia
808 4924 996 4979 beatus
1037 4923 1262 4979 Hermes
1283 4924 1418 4983 dixit
1443 4942 1456 4977 :
1485 4923 1627 4981 Ecce
1648 4938 1745 4979 nos
1767 4921 1920 4978 vides
1948 4923 2001 4976 in
2042 4939 2229 4989 unum,

664 5031 799 5086 quos
845 5016 1105 5073 custodiis
1151 5016 1487 5085 mancipasti.
1535 5014 1709 5070 Causa
1758 5030 1858 5069 cur
1901 5030 1999 5085 ego
2050 5023 2240 5070 sancto

666 5110 973 5165 Alexandro
1020 5109 1338 5163 crediderim
1380 5109 1480 5163 ista
1523 5116 1607 5162 est
1653 5126 1665 5160 :
1709 5106 1911 5163 Unicus
1949 5123 2071 5162 cum
2107 5108 2237 5163 mihi

665 5211 813 5257 esset
864 5202 1003 5255 ﬁlius
1046 5201 1100 5256 in
1151 5201 1318 5257 nimio
1371 5200 1625 5271 languore
1675 5200 1905 5271 positus,
1943 5201 2034 5269 qui
2065 5202 2239 5256 adhuc

669 5290 978 5345 ambulabat
996 5292 1063 5346 ad
1089 5291 1385 5345 litterarum
1408 5290 1606 5353 studia,
1630 5290 1824 5360 hicque
1839 5289 1894 5343 in
1915 5287 2236 5358 Capitolium

666 5397 791 5435 cum
813 5391 958 5436 esset
984 5381 1176 5436 ductus
1203 5396 1232 5434 a
1265 5396 1351 5436 me
1377 5390 1431 5435 et
1456 5390 1627 5436 matre
1651 5396 1769 5443 sua,
1802 5389 1857 5436 et
1879 5378 2239 5433 sacriﬁcasse-

673 5486 796 5526 mus
819 5472 923 5527 diis
940 5513 954 5534 ,
985 5483 1040 5527 et
1062 5472 1400 5541 pontiﬁcibus
1423 5472 1638 5542 praemia
1654 5471 1987 5527 dedissemus
2001 5476 2243 5522 mortuus

671 5571 773 5614 est.
825 5561 975 5617 Tunc
1010 5563 1288 5633 increpare
1329 5578 1415 5617 me
1441 5562 1605 5631 carpit
1643 5560 1819 5615 nutrix
1850 5559 1987 5629 ejus,
2018 5552 2237 5612 dicens:

675 5652 729 5711 Si
761 5668 880 5706 eum
911 5655 976 5708 uti
1013 5653 1197 5708 limina
1229 5654 1401 5708 sancti
1444 5652 1588 5708 Petri
1614 5652 1881 5714 duxisses,
1912 5658 1966 5705 et
1994 5648 2245 5704 credidis-

745 5778 769 5814 ε
808 5765 881 5825 Dc
909 5767 993 5822 his
1024 5769 1074 5821 in
1103 5768 1219 5822 Vita
1243 5767 1413 5822 sancti
1439 5763 1747 5821 Alexandri.

2323 3279 2520 3338 Africae
2544 3257 2721 3353 capite
2745 3278 3072 3349 Carthagine
3096 3284 3286 3347 postea
3317 3257 3770 3356 docuit;

2324 3374 2485 3430 etiam
2517 3344 2758 3443 tempore
2786 3380 2936 3427 trans
2952 3344 3127 3424 ‘mare
3151 3370 3206 3424 in
3232 3367 3395 3422 Roma
3407 3402 3422 3427 ,
3442 3368 3494 3416 οι
3511 3353 3617 3426 al)nd
3633 3344 3771 3443 καὶξθῖ

2325 3464 2526 3519 ianum.
2562 3434 2757 3533 ln-qua
2787 3461 2922 3517 urbe
2946 3470 3073 3515 tunc
3097 3460 3459 3529 episcopawm
3480 3434 3772 3541 adminwk

2325 3557 2735 3628 acceptissimus
2768 3556 2900 3620 Deo,
2923 3561 2979 3608 et
3006 3554 3061 3608 in
3109 3549 3328 3623 cptimis
3372 3544 3496 3600 viris

2326 3614 2474 3702 mus.
2493 3646 2748 3701 sacerdos
2782 3614 3120 3699 Ambrosius.
3145 3614 3338 3718 hujus
3377 3636 3561 3690 interea
3588 3618 3696 3718 verbi

2326 3738 2698 3812 praedicatoris
2733 3716 3191 3809 frequentissimis
3219 3734 3273 3787 in
3305 3723 3528 3786 Ecclesia
3564 3716 3775 3812 dispnili“:

2326 3805 2487 3887 nibus
2510 3840 2698 3887 astans
2732 3829 2788 3884 in
2827 3805 3046 3899 populo,
3079 3822 3390 3880 intendebat
3417 3818 3662 3904 suspensus

2330 3922 2536 3978 aillxns.
2566 3921 2635 3976 Et
2657 3895 2857 3976 iactum
2882 3895 2985 3985 est,
3012 3917 3193 3974 divina
3222 3918 3495 3985 prastat)”
3516 3895 3777 3994 ⁰Ρίξ⁰¹²⁰Ϋ¹¹Ῠ

2328 4024 2389 4070 ιιι
2403 4030 2499 4086 per
2517 4014 2666 4069 illum
2692 4013 2851 4067 talem
2882 4021 3201 4079 tantumque
3220 4003 3502 4061 antistitem
3518 3990 3778 4086 Ammfo

2330 4120 2386 4165 et
2405 4074 2705 4165 doctrinam
2737 4106 3025 4162 salutarem
3050 4074 3304 4158 Ecclesia:
3324 4087 3653 4186 catholica-Iasi

2328 4202 2631 4271 perciperet
2671 4197 3044 4253 Sacramenta.
3083 4194 3324 4261 Moxque
3370 4202 3432 4242 ex
3466 4174 3647 4271 intimis

2332 4257 2579 4346 medullis
2599 4302 2747 4359 spem
2769 4302 2983 4343 omnem
3007 4301 3168 4355 quam
3196 4257 3423 4339 habebat
3447 4275 3496 4328 in
3518 4261 3674 4325 seculo
3690 4257 3782 4359 δεῖ

2334 4381 2510 4451 liquit.
2546 4378 2664 4434 iam
2698 4393 2827 4432 vero
2864 4393 2970 4432 non
2999 4389 3245 4439 uxorem,
3275 4385 3376 4426 non
3401 4366 3546 4425 iiiiOS.
3572 4370 3654 4411 ηοη
3674 4350 3782 4451 “TE

2335 4438 2568 4531 divitias,
2594 4482 2700 4522 non
2730 4467 2962 4521 honores
2989 4464 3169 4520 saeculi
3198 4471 3458 4533 quaerens.
3500 4452 3593 4505 ί)θο
3612 4438 3785 4533 cum.”

2336 4523 2541 4612 servire
2556 4523 2769 4611 'statuit.
2818 4554 2972 4611 Unde
2996 4569 3117 4608 cum
3142 4523 3337 4620 bisqui
3362 4545 3523 4600 eidem
3545 4523 3784 4630 ad”???

2336 4649 2447 4704 Diae
2480 4648 2694 4703 vivebat
2721 4645 2963 4715 jejuniis,
3005 4619 3359 4704 orationibus,
3384 4633 3528 4692 bonis
3550 4619 3783 4722 opiffibmj

2334 4738 2451 4807 iege
2498 4707 3007 4792 Domini'uieditans
3043 4734 3130 4788 die
3162 4747 3227 4787 ac
3254 4736 3423 4785 nocte.
3464 4707 3785 4807 uidebis}?

2333 4794 2436 4885 sibi
2464 4828 2604 4883 Deus
2624 4826 2881 4896 cogitanti
2912 4834 3074 4893 atque
3098 4823 3275 4878 oranti
3311 4794 3785 4906 intellecta-uret???

2330 4930 2387 4977 et
2413 4888 2721 4991 praesentes.
2740 4926 2796 4973 et
2821 4888 3069 4972 absentes
3103 4912 3435 4971 sermonibus
3465 4920 3524 4959 ac
3558 4888 3788 4992 librisdog‘

2342 4970 2464 5068 ιῖθῖζ
3043 4970 3383 5062 ordinaretur
3415 4992 3655 5068 limbi”
3672 4970 3787 5078 “Fc;

2344 5066 2508 5158 clesia
2535 5066 2883 5170 Hipponensi,
2911 5098 3163 5153 omnibus
3183 5096 3234 5150 id
3257 5107 3363 5150 uno
3386 5066 3620 5146 consensu
3639 5080 3683 5128 et

2343 5152 2508 5249 (ἔτιὲῖ
2698 5152 2993 5261 perficique
3025 5188 3349 5258 petentibus,
3388 5178 3650 5261 magnos!“

2343 5248 2400 5339 et
2424 5283 2661 5338 clamore
2687 5248 3068 5352 iiagitaniibus.
3092 5277 3211 5333 Mox
3232 5248 3684 5331 sibimonasteriuut

2341 5374 2626 5430 ecclesiam
2663 5332 2915 5438 instituit,
2953 5381 3008 5426 et
3038 5364 3175 5426 'cum
3218 5366 3311 5421 Dei
3336 5360 3497 5418 servis
3524 5352 3671 5406 vivere

2343 5418 2626 5430 πωπω...
2663 5418 2915 5438 ....,-.-.-.-,
2957 5418 3007 5426 --
3058 5418 3175 5426 -____
3219 5418 3245 5421 _
3272 5418 3307 5420 _,
3767 5418 3774 5427 ,

2341 5464 2633 5521 secundum
2674 5464 2889 5519 modum
2934 5470 2990 5516 et
3029 5460 3264 5532 regulam
3291 5455 3389 5510 sub
3425 5418 3793 5532 sanctis

2343 5557 2685 5611 constitutam
2708 5574 2719 5607 :
2765 5554 2997 5609 maxime
3024 5521 3286 5605 utvnemo
3317 5543 3581 5613 quidquam
3604 5521 3793 5608 ρπιιπνξηι

2346 5649 2397 5702 iu
2427 5647 2511 5701 illa
2534 5647 2787 5701 societate
2810 5644 3051 5707 haberet,
3071 5643 3162 5725 sed
3180 5646 3358 5695 essent
3375 5629 3538 5689 omnia
3561 5613 3793 5677 comitium
