3962 6366
166 333 279 389 5M

166 453 231 500 et
259 439 716 498 distribuerentur
743 424 1053 493 unicuique,
1092 420 1236 475 sicut
1257 428 1393 485 opus
1418 417 1558 500 erat.
1588 406 1762 500 luter-

164 495 533 605 autem
571 532 837 590 tempore,
881 520 1074 569 sancto
1108 508 1362 579 episcopo
1623 495 1678 550 id
1707 508 1767 599 ao.

172 584 646 698 lgente,omnibus
684 584 1101 682 gratulantibus,
1134 610 1298 669 atque
1328 596 1383 652 id
1426 591 1545 696 ﬁeri
1566 584 1771 660 ingenti

173 684 458 769 desiderio
512 700 891 762 clamantibus,
936 694 1305 765 episcopatum
1343 684 1640 753 suscipere,
1674 692 1773 734 suo

174 807 405 860 vivente
429 798 703 869 episcopo,
752 798 977 845 coactus
998 793 1105 842 est.
1139 783 1319 852 Atque
1353 779 1428 834 ita
1464 774 1675 869 factum
1691 775 1777 825 est

177 909 246 952 ut
272 864 563 966 episcopus
606 885 778 941 multo
804 880 1094 937 instantius
1139 891 1203 932 ac
1236 870 1535 931 ferventius
1571 864 1778 966 majore

176 953 514 1043 auctoritale
557 977 783 1032 verbum
828 970 1021 1027 salutis
1068 975 1286 1024 aeterna:
1327 959 1582 1033 alacriter
1604 953 1778 1026 pullu-

179 1076 325 1133 Ianti
356 1082 521 1142 atque
565 1063 834 1124 crescenti
894 1058 1106 1118 Domini
1149 1054 1391 1142 ecclesiae
1440 1047 1775 1142 praedicaret.

185 1166 345 1221 Vixit
365 1163 419 1217 in
432 1134 698 1215 clericatu
725 1152 811 1207 vel
839 1150 1151 1221 episcopatu
1173 1141 1333 1199 annis
1356 1139 1527 1196 ferme
1545 1134 1781 1207 quadra-

183 1257 367 1327 ginta,
408 1248 587 1305 aetatis
617 1258 747 1298 vero
774 1240 919 1297 illius
959 1235 1086 1292 anni
1129 1230 1469 1304 septuaginta
1497 1241 1611 1282 sex.
1647 1222 1781 1278 Ver-

184 1315 322 1402 bum
349 1315 445 1396 Dei
479 1350 652 1407 usque
695 1330 762 1386 ad
806 1337 1108 1384 extremam
1157 1319 1528 1393 mgritudinem
1570 1315 1783 1383 imprae.

185 1434 476 1494 tenuisse,
509 1425 765 1483 alacriter
801 1428 858 1477 et
893 1416 1109 1473 fortiter
1135 1426 1267 1469 sana
1317 1415 1519 1486 mente,
1546 1414 1785 1494 saneque

188 1525 424 1584 consilio
462 1493 528 1576 ill
569 1515 816 1574 Ecclesia
854 1509 1190 1582 prmdicavit.
1238 1499 1496 1557 Membris
1536 1493 1787 1552 omnibus

189 1619 282 1675 sui
303 1613 548 1685 corporis
569 1604 1106 1672 illcolumis,integro
1130 1605 1351 1667 aspectu
1382 1601 1544 1685 atque
1576 1585 1787 1685 auditu,

198 1719 258 1764 et
302 1676 642 1763 astantibus,
672 1705 729 1753 et
752 1692 1080 1751 videntibus,
1102 1695 1159 1742 et
1184 1681 1469 1740 orantibus
1508 1676 1787 1738 fratribus,

200 1792 530 1853 obdormivit
568 1804 691 1844 cum
740 1782 988 1856 patribus
1035 1779 1171 1843 suis,
1217 1772 1488 1829 enutritus
1513 1769 1568 1823 in
1604 1780 1792 1821 senec—
1819 1764 1864 1824 Β
1891 1755 2029 1826 ejus,

199 1901 317 1947 tute
359 1889 525 1943 bona.
573 1882 979 1937 Testamentum
1021 1871 1230 1927 nullum
1274 1866 1424 1930 fecit,
1479 1861 1606 1933 quia
1646 1857 1789 1913 unde

198 1981 408 2036 faceret
432 1988 635 2048 pauper
688 1970 782 2025 Dei
821 1982 927 2022 non
974 1962 1228 2019 habebat.
1272 1956 1458 2014 Tertio
1496 1948 1791 2048 obsidionis

201 2079 394 2126 mense
433 2040 592 2132 '(nam
640 2060 835 2116 civitas
887 2054 1003 2123 ejus
1063 2046 1469 2122 quatuordecim
1518 2040 1793 2097 mensibus

198 2131 459 2217 conclusa
487 2162 542 2208 et
569 2152 788 2207 obsessa
831 2154 916 2202 est
950 2160 981 2199 a
1009 2139 1302 2204 Wandalis,
1332 2134 1537 2197 Alanis,
1569 2131 1795 2198 aliisque

204 2244 508 2302 commistis
534 2238 805 2313 gentibus)
835 2233 1089 2290 decubuit
1115 2228 1357 2286 febribus
1376 2266 1391 2291 ,
1416 2232 1472 2279 et
1497 2222 1582 2277 illa
1607 2219 1796 2273 ultima

204 2309 906 2403 exercitaturvtegritudine.
949 2325 1047 2380 llic
1082 2324 1271 2379 beatus
1299 2318 1581 2389 episcopus
1605 2309 1797 2381 spiritu

207 2429 395 2487 divino
450 2399 649 2486 tactus,
686 2422 738 2476 in
786 2426 978 2475 sancta
1017 2413 1257 2470 Ecclesia
1299 2406 1566 2465 catholica
1610 2401 1676 2457 ad
1713 2399 1798 2453 in-

212 2518 570 2577 structionem
615 2513 919 2568 animarum
959 2506 1088 2561 fecit
1127 2504 1316 2560 libros.
1361 2505 1643 2559 tractatus,
1686 2489 1800 2560 epi-

218 2610 390 2667 stolas
414 2620 631 2661 numero
676 2601 821 2657 mille
866 2598 1104 2669 triginta,
1139 2591 1381 2662 exceptis
1407 2588 1497 2659 qui
1528 2579 1800 2640 numerari

217 2716 329 2755 non
360 2705 600 2769 possunt,
628 2694 754 2764 quia
794 2706 895 2746 nec
933 2701 1216 2743 numerum
1253 2678 1553 2751 designavit
1589 2687 1797 2730 eorum.

214 2765 410 2855 Hujus
436 2800 631 2855 corpus
686 2778 997 2837 venerabile
1025 2816 1041 2842 ,
1087 2775 1264 2847 primo
1316 2772 1383 2826 de
1441 2782 1538 2823 sua
1582 2765 1802 2820 civitate

212 2888 440 2950 propter
466 2876 729 2931 barbaros
766 2881 822 2929 et
857 2869 1163 2926 Sardiniam
1201 2862 1544 2925 translatum,
1572 2870 1746 2927 nuper
1771 2869 1804 2909 a

212 2964 561 3038 Leulprando
593 2981 715 3034 rege
741 2958 1243 3031 Langobardorum,
1291 2952 1418 3007 dato
1464 2962 1657 3018 magno
1684 2960 1805 3015 pre-

211 3062 314 3123 tio,
346 3058 553 3113 Ticinis
574 3056 821 3118 relatum,
847 3063 904 3107 et
930 3049 1226 3107 honorifice
1258 3044 1532 3102 conditum
1555 3049 1658 3096 est.

853 302 1463 371 ιΑιιτγιιοωςιυω
1493 298 1640 357 CUM
1669 285 2199 353 ADDITAMENTIS.
2237 314 2308 328 -
2341 279 2547 337 ΜΕΝὸ.
2587 275 2752 332 AUG.
3330 259 3442 317 τοιί

1791 397 2029 470 Ανὶιθιιι
2072 393 2270 458 reddis,
2315 398 2408 445 aut
2450 399 2619 458 quare
2666 396 2773 436 non
2814 375 3124 434 consideras
3175 387 3295 443 quas
3354 387 3438 437 es,

1871 498 1965 545 aut
2025 483 2179 553 cujus
2232 481 2342 537 ﬁlia
2408 477 2514 535 es?
2574 469 2913 543 Gonjunxisti
2973 466 3116 521 enim
3184 473 3234 518 te
3279 461 3438 517 Chri-

1871 578 2101 640 stiauis,
2168 583 2220 629 et
2260 572 2427 628 oblita
2470 584 2531 624 es
2577 564 2784 622 natales
2833 568 2974 627 tuos,
3014 565 3078 616 et'
3124 553 3440 614 memoriam

1873 670 2012 728 tanti
2040 667 2166 734 viri,
2206 665 2360 736 cujus
2397 660 2581 725 fuisti;
2629 667 2684 713 et
2730 656 2977 719 deorum,
3031 666 3259 725 quorum
3306 649 3445 703 iram

1872 773 2066 816 vereor
2114 772 2183 813 ne
2225 755 2493 810 incurras.
2544 750 2840 805 Revertere
2896 743 3067 821 magis
3114 741 3181 795 ad
3226 739 3444 795 domum
3530 811 3537 824 ο

1876 860 2023 906 tuam
2040 888 2057 915 ,
2084 856 2139 902 et
2166 844 2379 901 dimitte
2410 843 2554 897 hanc
2594 837 2899 901 nefandam,
2914 851 3046 915 quas
3072 830 3354 888 malliiciis
3395 836 3451 883 te

1876 948 1932 995 et
1959 906 2142 1008 plures
2166 931 2464 991 demutavit
2491 946 2523 984 a
2555 928 2777 985 deorum
2800 906 3031 982 cultura.
3058 921 3220 977 Beata
3247 918 3449 975 Sabina

1874 1012 2153 1100 respondit
2177 1043 2191 1081 ς
2215 1025 2362 1080 Illius
2383 1029 2587 1078 sancire
2614 1018 2825 1090 puellae,
2864 1017 2930 1073 de
2967 1030 3074 1087 qua
3109 1012 3264 1078 dicis,
3290 1009 3451 1066 maleo

1881 1120 2018 1176 ficiis
2054 1117 2260 1174 utinam
2303 1125 2360 1171 et
2409 1122 2466 1168 tu
2513 1108 2835 1171 suadereris,
2877 1105 3035 1162 sicuti
3075 1112 3125 1160 et
3166 1118 3266 1174 ego
3294 1115 3453 1158 suasa

1880 1226 2019 1274 sum,
2046 1218 2105 1264 ut
2132 1207 2199 1263 ab
2220 1204 2514 1281 immundis
2546 1202 2827 1258 rccederes
2855 1198 3034 1266 idolis,
3074 1206 3131 1252 et
3168 1209 3355 1250 verum
3399 1200 3456 1248 et

1882 1303 2244 1360 certissimum
2276 1313 2596 1372 agnosceres
2630 1296 2823 1360 Deum,
2854 1295 2945 1364 qui
2971 1294 3140 1349 bonos
3184 1289 3252 1346 ad
3298 1296 3459 1345 teter-

1885 1410 2012 1450 nam
2038 1400 2195 1448 vocat
2224 1392 2410 1456 vitam,
2437 1399 2494 1445 et
2516 1389 2687 1444 malos
2713 1388 2765 1442 in
2792 1400 3009 1457 pmnam
3040 1381 3296 1453 relinquit
3340 1394 3462 1450 per-

1884 1495 2119 1556 petuam.
2145 1482 2295 1549 Quod
2322 1495 2523 1552 praeses
2549 1478 2795 1544 audiens,
2838 1476 3104 1531 reveritus
3126 1473 3271 1528 illam
3300 1471 3459 1526 dimi-

1888 1575 1977 1630 sit.
2014 1574 2084 1630 Ut
2112 1589 2242 1629 vero
2268 1574 2425 1628 beata
2468 1569 2733 1641 Serapllia
2782 1565 3172 1638 gloriosissimo
3200 1561 3461 1635 martyrio

1890 1674 2148 1721 coronata
2188 1673 2288 1728 est,
2322 1662 2683 1718 illustrissima
2714 1658 2912 1716 Sabina
2932 1658 3191 1726 colligens
3204 1656 3461 1725 reliquias

2077 1753 2366 1809 celebratis
2393 1751 2790 1808 venerabilibus
2828 1748 3125 1819 exsequiis,
3150 1746 3462 1801 thesaurum

1891 1843 2278 1914 sempiternum
2305 1841 2389 1898 vel
2420 1842 2708 1911 pretiosam
2744 1838 3090 1911 margaritam
3124 1836 3361 1907 reposuit
3407 1834 3463 1888 in

1892 1943 2240 1989 monumento
2268 1949 2386 1998 suo,
2414 1932 2554 2002 quod
2587 1934 2702 2003 ipsa
2746 1933 2849 1988 sibi
2879 1946 3003 1987 cum
3035 1944 3246 1985 summo
3288 1925 3465 1982 studio

1890 2035 1945 2081 et
1967 2034 2160 2080 ornatu
2190 2023 2411 2080 fecerat.
2429 2024 2653 2089 Deinde,
2670 2022 3003 2092 interpositis
3029 2021 3234 2090 aliquot
3252 2017 3463 2079 diebus,

1892 2115 2279 2185 comprehensa
2301 2111 2469 2182 judici
2497 2111 2743 2182 Hclpidio
2769 2120 3146 2183 praesentatur.
3175 2108 3347 2176 Quam
3376 2106 3471 2161 ille

1892 2204 2125 2259 videns:
2172 2202 2253 2257 Tu
2281 2218 2361 2269 es,
2398 2203 2594 2273 inquit,
2636 2200 2837 2256 Sabina
2891 2216 3030 2255 uxor
3066 2199 3335 2270 quondam
3369 2196 3471 2251 Va-

1893 2293 2082 2347 lentini
2112 2291 2488 2347 illustrissimus
2510 2290 2806 2354 memoriae,
2831 2295 2886 2344 et
2915 2288 3021 2343 filia
3069 2286 3336 2343 Herodis?
3369 2283 3472 2341 Cui

1897 2391 2084 2440 sancta
2109 2392 2354 2437 matrona
2382 2382 2698 2453 respondit:
2729 2380 2842 2452 Ego
2883 2395 3004 2435 sum
3042 2386 3100 2434 et
3143 2378 3343 2449 gratias
3371 2392 3477 2447 ago

1897 2476 2128 2533 Domino
2156 2490 2278 2531 meo
2305 2474 2435 2531 Jesu
2471 2475 2708 2538 Christo,
2730 2474 2822 2543 qui
2850 2488 2937 2528 me
2975 2473 3331 2543 peccatricem
3376 2485 3474 2541 per

1899 2575 2144 2623 sanctam
2168 2564 2420 2620 famulam
2448 2579 2602 2620 suam
2632 2564 2950 2634 Seraphiam
2985 2564 3052 2618 de
3081 2562 3264 2616 multis
3294 2561 3473 2617 sordi-

1901 2656 2001 2711 bus
2039 2664 2095 2711 et
2133 2662 2401 2726 potestate
2438 2639 2738 2709 daemonum
2797 2653 3031 2709 liberare
3076 2653 3325 2725 dignatus
3369 2659 3474 2705 est.

1901 2746 2213 2801 Commotus
2258 2744 2598 2816 postmodum
2644 2742 2953 2814 praefectus,
2999 2758 3122 2798 cum
3170 2744 3379 2798 videret
3421 2742 3477 2796 in

1902 2836 2240 2893 confessione
2265 2835 2464 2892 Christi
2497 2834 2861 2891 constantiam
2906 2834 3046 2906 ejus,
3087 2834 3311 2890 dictavit
3354 2848 3481 2888 sen-

1905 2927 2124 2983 telltiam
2151 2927 2336 2982 dicens
2354 2940 2370 2980 :
2385 2926 2642 2982 Sabinam
2665 2925 2769 2981 diis
2783 2925 3204 2991 inobcdientem,
3229 2925 3483 2980 dominos

1906 3038 2121 3094 quoque
2148 3028 2205 3079 et
2230 3021 2502 3092 Augustos
2528 3028 2742 3076 nostros
2784 3019 3270 3089 blasphemantem,
3302 3018 3480 3090 gladio

287 3149 527 3211 Brivate,
558 3145 735 3200 natale
757 3144 929 3200 sancti
954 3140 1149 3195 Juliani
1179 3136 1431 3207 nlartyris
1449 3147 1495 3187 α.
1529 3131 1631 3199 Qui
1660 3139 1798 3185 tem-

1908 3116 2116 3187 percuti
2168 3114 2527 3178 decrevimus,
2581 3120 2745 3182 atque
2794 3126 2984 3166 omnes
3027 3110 3316 3166 facultates
3361 3109 3482 3180 ejus

214 3254 349 3310 pore
393 3234 784 3307 persecutionis
824 3233 1044 3287 hortatu
1091 3227 1230 3283 beati
1262 3222 1524 3287 Ferreoli,
1564 3218 1718 3289 cujus
1746 3218 1801 3272 in

217 3330 414 3385 militia
440 3343 625 3384 comes
660 3335 803 3391 erat,
846 3340 913 3380 ex
953 3318 1247 3378 Viennensi
1293 3318 1427 3373 urbe
1468 3312 1803 3370 clandestino

217 3421 465 3476 discessu
515 3418 581 3473 ad
609 3415 888 3488 pra-fatum
958 3412 1215 3467 Arverna
1270 3407 1420 3462 urbis
1473 3403 1806 3481 territorium

218 3508 623 3580 commigravit.
681 3504 782 3562 Ubi
806 3504 874 3559 ab
922 3500 1330 3571 insequentibus
1373 3492 1808 3567 persecutoribus

221 3611 432 3665 tentus,
458 3600 678 3655 desecto
707 3604 943 3668 gutture,
980 3602 1155 3649 morte
1180 3588 1424 3645 horribili
1453 3595 1674 3643 necatus
1701 3592 1804 3640 est.

302 3688 781 3759 Constantinopoli,
819 3685 993 3742 sancti
1025 3681 1317 3739 Alexandri
1339 3678 1574 3751 episcopi
1602 3686 1660 3733 et
1681 3692 1811 3732 con-

228 3780 451 3837 fessoris
475 3780 505 3820 ιι
533 3778 751 3848 gloriosi
774 3776 948 3831 senis:
977 3773 1130 3842 cujus
1154 3773 1351 3827 virtute
1371 3768 1631 3824 orationis
1651 3767 1811 3821 Arius

224 3868 633 3939 divinojudicio
657 3868 1064 3927 condemnatus,
1095 3862 1309 3932 crepuit
1338 3860 1570 3924 medius,
1600 3867 1656 3913 et
1680 3857 1814 3912 effu-

221 3978 290 4018 sa
336 3969 465 4017 sunt
505 3960 713 4016 viscera
755 3957 890 4027 ejus.
940 3954 1203 4012 Dornlivit
1251 3966 1383 4008 vero
1432 3951 1574 4006 idem
1626 3950 1814 4004 beatus

220 4051 477 4127 pontifex
514 4051 637 4106 vita:
676 4065 788 4106 sure
811 4059 954 4102 anno
991 4044 1342 4117 nonagesimo
1368 4050 1580 4105 octavo,
1601 4037 1808 4108 episco-

221 4153 397 4215 patus
425 4142 700 4213 trigesimo
720 4140 900 4195 tertio.

304 4233 509 4288 Eodem
536 4231 623 4285 die
661 4229 801 4299 apud
836 4228 1127 4291 Santonas,
1167 4224 1342 4281 sancti
1375 4221 1579 4278 Bibiani
1613 4219 1687 4292 [al
1727 4218 1814 4272 Vi-

226 4325 402 4397 niam']
426 4323 662 4394 episcopi
684 4331 743 4377 et
766 4319 1114 4377 confussoris.

593 4453 654 4509 C.
693 4452 762 4508 1V
790 4450 946 4506 ΚΑΒ.
978 4445 1426 4506 SEPTEMBRIS.

891 4543 983 4614 (29
1009 4543 1170 4612 Aug.)

316 4658 570 4714 Romaein
598 4655 864 4711 Aventino
891 4653 947 4708 in
971 4651 1167 4725 oppido
1186 4647 1498 4705 Vindincnsi
1531 4646 1596 4701 ad
1620 4646 1815 4701 Arcum

232 4749 512 4814 Faustini,
550 4747 731 4803 natale
758 4744 1084 4801 beatissima:
1116 4751 1171 4796 et
1197 4738 1571 4795 illustrissimze
1604 4734 1818 4791 Sabinae

238 4842 523 4913 martyris,
550 4857 670 4911 quae
697 4838 800 4893 fuit
825 4851 964 4891 uxor
991 4832 1393 4905 praeclarissimi
1422 4829 1692 4901 quondam
1721 4827 1819 4881 Va-

239 4932 462 4997 lentini,
501 4940 557 4986 et
589 4929 722 4985 Filia
749 4926 979 4983 Herodis
1019 4921 1329 4987 Melallarli,
1367 4938 1487 4991 qlae
1517 4936 1672 4990 passa
1712 4927 1818 4984 est,

240 5023 486 5079 Adriano
541 5022 863 5091 imperante,
911 5015 1015 5073 sub
1053 5014 1316 5086 praebia-to
1369 5010 1630 5082 lfelpidio.
1671 5006 1822 5062 Hanc

245 5118 408 5171 beata
439 5116 587 5184 virgo
625 5112 908 5181 Seraphin,
937 5125 1061 5167 cum
1096 5108 1151 5162 in
1185 5107 1346 5162 domo
1384 5110 1821 5166 conversaretur,

244 5205 521 5274 persuasit
544 5204 597 5257 in
634 5202 739 5257 fide
777 5199 989 5256 Domini
1041 5198 1213 5253 nostri
1264 5194 1391 5251 Jesu
1420 5192 1644 5248 Christi.
1696 5189 1827 5257 Quae

244 5296 592 5368 postmodum
612 5295 856 5350 eamdem
881 5292 1145 5365 virginem
1167 5304 1338 5360 usque
1366 5287 1433 5342 ad
1484 5286 1659 5340 locum
1707 5299 1827 5354 pas-

232 5387 423 5446 sionis
450 5395 633 5442 secuta
657 5395 756 5447 est,
782 5395 837 5440 et
867 5402 988 5440 cum
1015 5385 1065 5439 ei
1089 5397 1290 5455 prmses
1330 5378 1540 5434 Berilus
1578 5377 1783 5430 diceret
1809 5391 1822 5427 :

241 5480 395 5549 Quid
457 5479 550 5534 tibi
619 5479 732 5550 ipsa
795 5479 1041 5550 derogas,
1096 5484 1191 5531 aut
1248 5488 1418 5545 quare
1494 5471 1828 5541 temetipsum

328 5629 354 5656 ι
390 5614 552 5685 Greg.
579 5615 707 5670 Tur.
732 5616 797 5670 de
823 5615 1002 5669 Gloria
1030 5623 1216 5685 mart.,
1241 5611 1333 5678 lib.
1354 5625 1542 5685 ll,__per
1570 5618 1757 5665 totum.

329 5687 357 5727 ιι
394 5680 551 5756 Grcg.
583 5685 709 5739 Tur.
737 5686 801 5739 de
830 5686 1009 5740 Gloria
1040 5684 1307 5749 confess,
1335 5699 1380 5737 ς.
1410 5680 1496 5736 58.

1904 3205 2134 3278 publicis
2160 3204 2334 3260 titulis
2360 3202 2703 3275 praesignari.
2747 3202 2914 3258 Passa
2962 3210 3047 3257 est
3093 3211 3271 3257 autem
3325 3202 3482 3256 beata

1905 3296 2105 3351 famula
2130 3295 2328 3352 Christi
2361 3295 2564 3350 Sabina
2598 3302 2794 3365 quarto
2814 3292 3087 3349 Kalendas
3117 3291 3482 3363 Septembris;

1906 3395 1962 3441 et
2004 3402 2035 3441 a
2060 3386 2381 3442 Christianis
2407 3384 2676 3441 sublatum
2710 3400 2908 3456 corpus
2934 3382 3051 3454 ejus
3090 3383 3360 3454 sepultum
3402 3393 3489 3437 est

1909 3475 1962 3530 in
1986 3484 2352 3540 monumento,
2375 3475 2466 3530 ubi
2492 3475 2606 3544 ipsa
2630 3473 3012 3529 venerabiliter
3035 3481 3349 3542 reposuerat
3368 3488 3491 3526 ma-

1908 3567 2132 3639 gistram
2157 3566 2278 3621 fidei
2294 3580 2404 3620 suae
2419 3565 2683 3635 virginem
2703 3564 3040 3633 Seraphiam,
3058 3566 3126 3618 ad
3148 3578 3334 3618 arcum
3350 3562 3494 3616 Fau-

1910 3657 2059 3723 stini,
2082 3657 2236 3728 juxta
2255 3670 2439 3710 aream
2470 3653 2793 3719 Vindiciani,
2842 3655 2897 3709 in
2934 3653 3130 3724 oppido
3153 3650 3486 3708 Vindinensi.

1980 3768 2182 3823 Eodem
2238 3766 2326 3822 die
2370 3763 2661 3821 veneratur
2704 3764 2989 3821 decollatio
3052 3766 3225 3821 sancti
3267 3764 3494 3820 Joannis

1911 3860 2166 3932 Baptistze
2189 3869 2237 3925 α,
2284 3859 2376 3930 qui
2393 3859 2571 3931 primo
2595 3860 2649 3915 in
2679 3858 2925 3915 Samaria
2945 3867 3030 3916 est
3053 3857 3326 3925 conditus,
3348 3875 3493 3915 nunc

1914 3954 1968 4010 in
2022 3952 2371 4009 Alexandria.
2437 3951 2608 4008 Porro
2656 3960 2821 4022 caput
2883 3952 2950 4008 de
3012 3950 3361 4024 lerosolylnis
3418 3953 3505 4008 ad.

1914 4043 2205 4099 Phozllieim
2228 4043 2414 4097 urbem
2438 4042 2686 4096 Emesanl
2711 4042 2943 4097 delatum
2967 4052 3066 4097 est.

2243 4166 2305 4223 Ι).
2355 4167 2438 4223 Ill.
2501 4167 2658 4223 KAL.
2706 4164 3157 4225 SEPTEMBRIS.

2572 4258 2665 4332 (50
2700 4260 2860 4331 Aug.)

1989 4373 2197 4438 Romae,
2220 4374 2303 4426 via
2332 4370 2587 4438 Ostiensi,
2628 4372 2881 4427 Inilliario
2924 4374 3162 4428 secundo
3213 4377 3285 4431 ab
3334 4377 3517 4443 Urbe.-

1843 4469 1897 4518 Δ
1924 4466 2103 4521 natale
2132 4464 2570 4521 beatissimorum
2601 4474 2902 4539 martyrum
2941 4465 3140 4523 Felicis
3171 4478 3226 4523 et
3247 4470 3494 4535 Adaucti,

1922 4559 2022 4612 sub
2061 4556 2395 4611 Diocletiano
2425 4565 2481 4610 et
2526 4554 2850 4613 Maximiano
2881 4558 3318 4628 imperatoribus,
3359 4579 3497 4632 pne-

1924 4646 2067 4701 fecto
2087 4657 2143 4700 et
2171 4644 2357 4714 judice
2393 4646 2584 4700 Draco.
2612 4644 2786 4702 Fuere
2810 4656 2992 4703 autem
3019 4649 3125 4705 duo
3171 4651 3368 4707 fratres
3406 4671 3503 4708 uo-

1922 4736 2063 4790 mine
2092 4743 2146 4790 et
2174 4751 2332 4805 opere
2347 4733 2551 4791 Felices
2575 4736 2733 4791 ambo
2747 4738 3063 4809 presbyteri.
3095 4739 3293 4797 Horum
3322 4745 3507 4799 senior

1922 4823 2130 4878 Felices
2172 4826 2330 4880 ambo
2355 4825 2672 4895 presbyteri.
2699 4825 2901 4880 florum
2933 4829 3114 4885 senior
3135 4828 3283 4885 Felix
3309 4847 3373 4887 cx
3389 4830 3508 4900 jus-

1924 4915 2076 4968 sione
2102 4910 2484 4984 imperatorum
2514 4930 2634 4970 cum
2674 4917 2740 4971 ad
2764 4918 3113 4973 secretarium
3138 4920 3334 4991 judicis
3362 4932 3509 4978 esset

1928 5005 2221 5078 perductus
2266 5007 2421 5077 juxta
2467 5008 2723 5078 templum
2774 5010 3013 5081 Serapis,
3060 5010 3186 5066 dum
3223 5022 3507 5084 cogeretur

1930 5098 1998 5152 ad
2028 5097 2466 5164 sacrificandum,
2493 5098 2793 5154 exsumavit
2815 5100 2868 5155 in
2893 5099 3085 5156 faciem
3114 5110 3303 5156 statua:
3329 5118 3513 5167 mrem,

1931 5198 1987 5244 et
2015 5191 2199 5245 statim
2234 5190 2452 5246 cecidit.
2502 5190 2634 5246 Item
2662 5190 2855 5248 ductus
2884 5194 2951 5249 ad
3000 5193 3249 5249 Mercurii
3274 5203 3509 5252 statuant

1936 5280 1989 5335 in
2017 5281 2177 5335 aliam
2208 5280 2509 5346 aediculam,
2536 5281 2698 5336 simili
2727 5283 2885 5337 modo
2916 5283 2970 5338 in
3000 5283 3143 5337 illam
3185 5282 3506 5352 exsumavit,

1935 5381 1990 5426 et
2018 5376 2143 5427 mox
2179 5373 2393 5427 cecidit.
2446 5371 2576 5427 lleln
2632 5373 2699 5426 ad
2730 5373 3077 5427 simulacrum
3109 5372 3312 5436 Dianas,
3364 5378 3509 5445 quod

1934 5467 2050 5537 pari
2089 5466 2247 5520 modo
2272 5464 2485 5536 dejecit.
2520 5463 2792 5520 lleducttls
2824 5467 2889 5519 ad
2934 5465 3247 5534 przel'ectulll
3280 5466 3511 5536 imponi-

1941 5672 1979 5727 F
2013 5614 2048 5728 ἶ)
2082 5602 2212 5689 Vide
2242 5600 2479 5658 libellum
2508 5601 2573 5655 de
2600 5600 2741 5654 Fest.
2771 5600 2955 5669 Apost.
2984 5599 3111 5655 Item
3144 5601 3229 5657 hic
3270 5611 3393 5659 ante
3440 5603 3521 5659 24

1983 5689 2012 5727 e
2053 5689 2098 5728 r.

1983 5689 2098 5729 cur.
