  <div class='ocr_page' id='page_1' title='image "/cluster/home/n/w/nwhite01/storage/ocr_20150623/123/hvd.32044011218062/189.png"; bbox 0 0 3962 6366; ppageno 0'>
   <div class='ocr_carea' id='block_1_1' title="bbox 605 310 715 368">
    <p class='ocr_par' dir='ltr' id='par_1_1' title="bbox 605 310 715 368">
     <span class='ocr_line' id='line_1_1' title="bbox 605 310 715 368; baseline 0 -1"><span class='ocrx_word' id='word_1_1' title='bbox 605 310 715 368; x_wconf 69' lang='grc' dir='ltr'><strong>διδ</strong></span> 
     </span>
    </p>
   </div>
   <div class='ocr_carea' id='block_1_2' title="bbox 1607 316 3767 415">
    <p class='ocr_par' dir='ltr' id='par_1_2' title="bbox 1607 316 3767 415">
     <span class='ocr_line' id='line_1_2' title="bbox 1607 316 3767 415; baseline 0.004 -41"><span class='ocrx_word' id='word_1_2' title='bbox 1607 318 1664 387; x_wconf 88' lang='lat' dir='ltr'><strong>S.</strong></span> <span class='ocrx_word' id='word_1_3' title='bbox 1707 316 1962 377; x_wconf 78' lang='lat' dir='ltr'><strong>ADONIS</strong></span> <span class='ocrx_word' id='word_1_4' title='bbox 1995 318 2425 394; x_wconf 22' lang='lat' dir='ltr'><strong>AR’CHIEPISC.</strong></span> <span class='ocrx_word' id='word_1_5' title='bbox 2471 320 2879 381; x_wconf 76' lang='lat' dir='ltr'><strong>VIENNENSIS</strong></span> <span class='ocrx_word' id='word_1_6' title='bbox 3698 353 3767 415; x_wconf 62' lang='grc' dir='ltr'><strong>δη</strong></span> 
     </span>
    </p>
   </div>
   <div class='ocr_carea' id='block_1_3' title="bbox 600 429 3767 537">
    <p class='ocr_par' dir='ltr' id='par_1_3' title="bbox 600 429 3767 537">
     <span class='ocr_line' id='line_1_3' title="bbox 600 429 3767 537; baseline 0.011 -56"><span class='ocrx_word' id='word_1_7' title='bbox 600 439 692 532; x_wconf 78' lang='lat' dir='ltr'><strong>tur</strong></span> <span class='ocrx_word' id='word_1_8' title='bbox 713 429 964 537; x_wconf 68' lang='lat' dir='ltr'><strong>equidm,</strong></span> <span class='ocrx_word' id='word_1_9' title='bbox 995 439 1058 537; x_wconf 53' lang='lat' dir='ltr'><strong>et</strong></span> <span class='ocrx_word' id='word_1_10' title='bbox 1079 431 1370 537; x_wconf 60' lang='lat' dir='ltr'><strong>inquisitos</strong></span> <span class='ocrx_word' id='word_1_11' title='bbox 1401 434 1598 537; x_wconf 70' lang='lat' dir='ltr'><strong>quibus</strong></span> <span class='ocrx_word' id='word_1_12' title='bbox 1638 437 1774 537; x_wconf 43' lang='lat' dir='ltr'><strong>haec.</strong></span> <span class='ocrx_word' id='word_1_13' title='bbox 1800 436 2082 493; x_wconf 88' lang='lat' dir='ltr'><strong>maleﬁciis</strong></span> <span class='ocrx_word' id='word_1_14' title='bbox 2110 438 2191 537; x_wconf 58' lang='lat' dir='ltr'><strong>re-</strong></span> <span class='ocrx_word' id='word_1_15' title='bbox 2220 443 2268 500; x_wconf 76' lang='grc' dir='ltr'><strong>Α</strong></span> <span class='ocrx_word' id='word_1_16' title='bbox 2294 436 2600 537; x_wconf 63' lang='lat' dir='ltr'><strong>Adauctum</strong></span> <span class='ocrx_word' id='word_1_17' title='bbox 2622 453 2748 493; x_wconf 86' lang='lat' dir='ltr'><strong>eum</strong></span> <span class='ocrx_word' id='word_1_18' title='bbox 2774 437 3215 509; x_wconf 80' lang='lat' dir='ltr'><strong>appellaverunt,</strong></span> <span class='ocrx_word' id='word_1_19' title='bbox 3263 447 3399 514; x_wconf 88' lang='lat' dir='ltr'><strong>quod</strong></span> <span class='ocrx_word' id='word_1_20' title='bbox 3423 462 3588 510; x_wconf 84' lang='lat' dir='ltr'><strong>sancto</strong></span> <span class='ocrx_word' id='word_1_21' title='bbox 3607 470 3767 537; x_wconf 72' lang='lat' dir='ltr'><strong>martyri</strong></span> 
     </span>
    </p>
   </div>
   <div class='ocr_carea' id='block_1_4' title="bbox 599 520 2182 594">
    <p class='ocr_par' dir='ltr' id='par_1_4' title="bbox 599 520 2182 594">
     <span class='ocr_line' id='line_1_4' title="bbox 599 520 2182 594; baseline 0.006 -21"><span class='ocrx_word' id='word_1_22' title='bbox 599 521 786 584; x_wconf 92' lang='lat' dir='ltr'><strong>cisset,</strong></span> <span class='ocrx_word' id='word_1_23' title='bbox 805 520 995 577; x_wconf 90' lang='lat' dir='ltr'><strong>beatus</strong></span> <span class='ocrx_word' id='word_1_24' title='bbox 1017 521 1166 578; x_wconf 82' lang='lat' dir='ltr'><strong>Felix</strong></span> <span class='ocrx_word' id='word_1_25' title='bbox 1194 525 1501 594; x_wconf 73' lang='lat' dir='ltr'><strong>respondit:</strong></span> <span class='ocrx_word' id='word_1_26' title='bbox 1528 524 1644 582; x_wconf 79' lang='lat' dir='ltr'><strong>Non</strong></span> <span class='ocrx_word' id='word_1_27' title='bbox 1668 526 2182 591; x_wconf 89' lang='lat' dir='ltr'><strong>maleﬁciisdiaboli,</strong></span> 
     </span>
    </p>
   </div>
   <div class='ocr_carea' id='block_1_5' title="bbox 597 611 2189 691">
    <p class='ocr_par' dir='ltr' id='par_1_5' title="bbox 597 611 2189 691">
     <span class='ocr_line' id='line_1_5' title="bbox 597 611 2189 691; baseline 0.007 -25"><span class='ocrx_word' id='word_1_28' title='bbox 597 611 693 666; x_wconf 77' lang='lat' dir='ltr'><strong>sed</strong></span> <span class='ocrx_word' id='word_1_29' title='bbox 725 612 1002 668; x_wconf 90' lang='lat' dir='ltr'><strong>beneﬁciis</strong></span> <span class='ocrx_word' id='word_1_30' title='bbox 1028 614 1416 685; x_wconf 76' lang='lat' dir='ltr'><strong>omnipotentis</strong></span> <span class='ocrx_word' id='word_1_31' title='bbox 1445 616 1538 672; x_wconf 86' lang='lat' dir='ltr'><strong>Dei</strong></span> <span class='ocrx_word' id='word_1_32' title='bbox 1565 616 1669 674; x_wconf 89' lang='lat' dir='ltr'><strong>hoc</strong></span> <span class='ocrx_word' id='word_1_33' title='bbox 1693 619 1800 691; x_wconf 87' lang='lat' dir='ltr'><strong>egi.</strong></span> <span class='ocrx_word' id='word_1_34' title='bbox 1833 619 2040 677; x_wconf 85' lang='lat' dir='ltr'><strong>Furore</strong></span> <span class='ocrx_word' id='word_1_35' title='bbox 2087 622 2189 677; x_wconf 86' lang='lat' dir='ltr'><strong>ita-</strong></span> 
     </span>
    </p>
   </div>
   <div class='ocr_carea' id='block_1_6' title="bbox 596 704 2185 778">
    <p class='ocr_par' dir='ltr' id='par_1_6' title="bbox 596 704 2185 778">
     <span class='ocr_line' id='line_1_6' title="bbox 596 704 2185 778; baseline 0.01 -25"><span class='ocrx_word' id='word_1_36' title='bbox 596 718 703 771; x_wconf 78' lang='lat' dir='ltr'><strong>que</strong></span> <span class='ocrx_word' id='word_1_37' title='bbox 725 718 988 759; x_wconf 90' lang='lat' dir='ltr'><strong>accensus</strong></span> <span class='ocrx_word' id='word_1_38' title='bbox 1003 704 1311 776; x_wconf 72' lang='lat' dir='ltr'><strong>prmfectus,</strong></span> <span class='ocrx_word' id='word_1_39' title='bbox 1327 707 1491 778; x_wconf 92' lang='lat' dir='ltr'><strong>jussit</strong></span> <span class='ocrx_word' id='word_1_40' title='bbox 1512 724 1636 764; x_wconf 90' lang='lat' dir='ltr'><strong>eum</strong></span> <span class='ocrx_word' id='word_1_41' title='bbox 1662 711 1783 766; x_wconf 89' lang='lat' dir='ltr'><strong>duci</strong></span> <span class='ocrx_word' id='word_1_42' title='bbox 1811 721 1965 767; x_wconf 78' lang='lat' dir='ltr'><strong>extra</strong></span> <span class='ocrx_word' id='word_1_43' title='bbox 1984 712 2185 769; x_wconf 84' lang='lat' dir='ltr'><strong>Urbem</strong></span> 
     </span>
    </p>
   </div>
   <div class='ocr_carea' id='block_1_7' title="bbox 594 793 2186 866">
    <p class='ocr_par' dir='ltr' id='par_1_7' title="bbox 594 793 2186 866">
     <span class='ocr_line' id='line_1_7' title="bbox 594 793 2186 866; baseline 0.012 -22"><span class='ocrx_word' id='word_1_44' title='bbox 594 795 680 847; x_wconf 60' lang='grc' dir='ltr'><strong>εἰει</strong></span> <span class='ocrx_word' id='word_1_45' title='bbox 742 793 1001 860; x_wconf 89' lang='lat' dir='ltr'><strong>Ostiensi,</strong></span> <span class='ocrx_word' id='word_1_46' title='bbox 1058 797 1182 866; x_wconf 85' lang='lat' dir='ltr'><strong>quia</strong></span> <span class='ocrx_word' id='word_1_47' title='bbox 1242 798 1352 855; x_wconf 89' lang='lat' dir='ltr'><strong>illic</strong></span> <span class='ocrx_word' id='word_1_48' title='bbox 1393 801 1556 856; x_wconf 90' lang='lat' dir='ltr'><strong>arbor</strong></span> <span class='ocrx_word' id='word_1_49' title='bbox 1594 803 1963 861; x_wconf 75' lang='lat' dir='ltr'><strong>excelsissima</strong></span> <span class='ocrx_word' id='word_1_50' title='bbox 2007 807 2186 864; x_wconf 90' lang='lat' dir='ltr'><strong>stabat</strong></span> 
     </span>
    </p>
   </div>
   <div class='ocr_carea' id='block_1_8' title="bbox 593 887 2180 969">
    <p class='ocr_par' dir='ltr' id='par_1_8' title="bbox 593 887 2180 969">
     <span class='ocr_line' id='line_1_8' title="bbox 593 887 2180 969; baseline 0.011 -31"><span class='ocrx_word' id='word_1_51' title='bbox 593 887 935 942; x_wconf 66' lang='lat' dir='ltr'><strong>daemonibus</strong></span> <span class='ocrx_word' id='word_1_52' title='bbox 963 896 1306 955; x_wconf 84' lang='lat' dir='ltr'><strong>consecrata,</strong></span> <span class='ocrx_word' id='word_1_53' title='bbox 1343 889 1496 961; x_wconf 72' lang='lat' dir='ltr'><strong>juxta</strong></span> <span class='ocrx_word' id='word_1_54' title='bbox 1538 908 1702 963; x_wconf 91' lang='lat' dir='ltr'><strong>quam</strong></span> <span class='ocrx_word' id='word_1_55' title='bbox 1749 906 1869 952; x_wconf 90' lang='lat' dir='ltr'><strong>erat</strong></span> <span class='ocrx_word' id='word_1_56' title='bbox 1898 898 2180 969; x_wconf 84' lang='lat' dir='ltr'><strong>templum,</strong></span> 
     </span>
    </p>
   </div>
   <div class='ocr_carea' id='block_1_9' title="bbox 594 978 2182 1061">
    <p class='ocr_par' dir='ltr' id='par_1_9' title="bbox 594 978 2182 1061">
     <span class='ocr_line' id='line_1_9' title="bbox 594 978 2182 1061; baseline 0.013 -34"><span class='ocrx_word' id='word_1_57' title='bbox 594 987 655 1030; x_wconf 92' lang='lat' dir='ltr'><strong>ut</strong></span> <span class='ocrx_word' id='word_1_58' title='bbox 683 978 756 1032; x_wconf 87' lang='lat' dir='ltr'><strong>ibi</strong></span> <span class='ocrx_word' id='word_1_59' title='bbox 794 979 863 1035; x_wconf 90' lang='lat' dir='ltr'><strong>ad</strong></span> <span class='ocrx_word' id='word_1_60' title='bbox 899 980 1317 1037; x_wconf 89' lang='lat' dir='ltr'><strong>sacriﬁcandum</strong></span> <span class='ocrx_word' id='word_1_61' title='bbox 1369 985 1758 1056; x_wconf 86' lang='lat' dir='ltr'><strong>impelleretur.</strong></span> <span class='ocrx_word' id='word_1_62' title='bbox 1790 989 1909 1057; x_wconf 85' lang='lat' dir='ltr'><strong>Quo</strong></span> <span class='ocrx_word' id='word_1_63' title='bbox 1952 992 2182 1061; x_wconf 85' lang='lat' dir='ltr'><strong>perduc-</strong></span> 
     </span>
    </p>
   </div>
   <div class='ocr_carea' id='block_1_10' title="bbox 598 1069 2179 1151">
    <p class='ocr_par' dir='ltr' id='par_1_10' title="bbox 598 1069 2179 1151">
     <span class='ocr_line' id='line_1_10' title="bbox 598 1069 2179 1151; baseline 0.012 -33"><span class='ocrx_word' id='word_1_64' title='bbox 598 1075 709 1133; x_wconf 90' lang='lat' dir='ltr'><strong>tus,</strong></span> <span class='ocrx_word' id='word_1_65' title='bbox 744 1069 992 1126; x_wconf 89' lang='lat' dir='ltr'><strong>oratione</strong></span> <span class='ocrx_word' id='word_1_66' title='bbox 1018 1069 1183 1135; x_wconf 83' lang='lat' dir='ltr'><strong>facta,</strong></span> <span class='ocrx_word' id='word_1_67' title='bbox 1210 1073 1347 1128; x_wconf 82' lang='lat' dir='ltr'><strong>dixit</strong></span> <span class='ocrx_word' id='word_1_68' title='bbox 1384 1075 1451 1129; x_wconf 89' lang='lat' dir='ltr'><strong>ad</strong></span> <span class='ocrx_word' id='word_1_69' title='bbox 1483 1077 1771 1132; x_wconf 88' lang='lat' dir='ltr'><strong>arborem:</strong></span> <span class='ocrx_word' id='word_1_70' title='bbox 1798 1078 2061 1151; x_wconf 64' lang='lat' dir='ltr'><strong>Praecipio</strong></span> <span class='ocrx_word' id='word_1_71' title='bbox 2084 1081 2179 1138; x_wconf 89' lang='lat' dir='ltr'><strong>tibi</strong></span> 
     </span>
    </p>
   </div>
   <div class='ocr_carea' id='block_1_11' title="bbox 593 1156 2180 1233">
    <p class='ocr_par' dir='ltr' id='par_1_11' title="bbox 593 1156 2180 1233">
     <span class='ocr_line' id='line_1_11' title="bbox 593 1156 2180 1233; baseline 0.01 -22"><span class='ocrx_word' id='word_1_72' title='bbox 593 1156 649 1211; x_wconf 89' lang='lat' dir='ltr'><strong>in</strong></span> <span class='ocrx_word' id='word_1_73' title='bbox 676 1159 894 1214; x_wconf 89' lang='lat' dir='ltr'><strong>nomine</strong></span> <span class='ocrx_word' id='word_1_74' title='bbox 922 1158 1138 1216; x_wconf 89' lang='lat' dir='ltr'><strong>Domini</strong></span> <span class='ocrx_word' id='word_1_75' title='bbox 1166 1178 1270 1217; x_wconf 79' lang='lat' dir='ltr'><strong>met</strong></span> <span class='ocrx_word' id='word_1_76' title='bbox 1302 1163 1427 1219; x_wconf 86' lang='lat' dir='ltr'><strong>Jesu</strong></span> <span class='ocrx_word' id='word_1_77' title='bbox 1459 1165 1681 1233; x_wconf 89' lang='lat' dir='ltr'><strong>Christi,</strong></span> <span class='ocrx_word' id='word_1_78' title='bbox 1704 1177 1764 1223; x_wconf 92' lang='lat' dir='ltr'><strong>ut</strong></span> <span class='ocrx_word' id='word_1_79' title='bbox 1782 1170 2040 1226; x_wconf 82' lang='lat' dir='ltr'><strong>radicitus</strong></span> <span class='ocrx_word' id='word_1_80' title='bbox 2060 1187 2180 1228; x_wconf 89' lang='lat' dir='ltr'><strong>cor-</strong></span> 
     </span>
    </p>
   </div>
   <div class='ocr_carea' id='block_1_12' title="bbox 589 1253 2180 1335">
    <p class='ocr_par' dir='ltr' id='par_1_12' title="bbox 589 1253 2180 1335">
     <span class='ocr_line' id='line_1_12' title="bbox 589 1253 2180 1335; baseline 0.011 -31"><span class='ocrx_word' id='word_1_81' title='bbox 589 1265 738 1313; x_wconf 87' lang='lat' dir='ltr'><strong>ruas.</strong></span> <span class='ocrx_word' id='word_1_82' title='bbox 768 1262 825 1307; x_wconf 91' lang='lat' dir='ltr'><strong>et</strong></span> <span class='ocrx_word' id='word_1_83' title='bbox 847 1253 1105 1324; x_wconf 88' lang='lat' dir='ltr'><strong>templum</strong></span> <span class='ocrx_word' id='word_1_84' title='bbox 1133 1270 1198 1310; x_wconf 91' lang='lat' dir='ltr'><strong>ac</strong></span> <span class='ocrx_word' id='word_1_85' title='bbox 1229 1257 1599 1326; x_wconf 82' lang='lat' dir='ltr'><strong>simulacrum,</strong></span> <span class='ocrx_word' id='word_1_86' title='bbox 1623 1260 1708 1316; x_wconf 86' lang='lat' dir='ltr'><strong>vel</strong></span> <span class='ocrx_word' id='word_1_87' title='bbox 1742 1277 1892 1317; x_wconf 91' lang='lat' dir='ltr'><strong>aram</strong></span> <span class='ocrx_word' id='word_1_88' title='bbox 1918 1265 2034 1335; x_wconf 91' lang='lat' dir='ltr'><strong>ejus</strong></span> <span class='ocrx_word' id='word_1_89' title='bbox 2067 1265 2180 1321; x_wconf 85' lang='lat' dir='ltr'><strong>fun-</strong></span> 
     </span>
    </p>
   </div>
   <div class='ocr_carea' id='block_1_13' title="bbox 589 1338 2175 1420">
    <p class='ocr_par' dir='ltr' id='par_1_13' title="bbox 589 1338 2175 1420">
     <span class='ocr_line' id='line_1_13' title="bbox 589 1338 2175 1420; baseline 0.011 -26"><span class='ocrx_word' id='word_1_90' title='bbox 589 1341 736 1396; x_wconf 89' lang='lat' dir='ltr'><strong>ditus</strong></span> <span class='ocrx_word' id='word_1_91' title='bbox 780 1345 1143 1413; x_wconf 88' lang='lat' dir='ltr'><strong>comminuas,</strong></span> <span class='ocrx_word' id='word_1_92' title='bbox 1172 1356 1231 1402; x_wconf 92' lang='lat' dir='ltr'><strong>ut</strong></span> <span class='ocrx_word' id='word_1_93' title='bbox 1278 1349 1510 1420; x_wconf 85' lang='lat' dir='ltr'><strong>amplius</strong></span> <span class='ocrx_word' id='word_1_94' title='bbox 1535 1351 1681 1406; x_wconf 91' lang='lat' dir='ltr'><strong>cultu</strong></span> <span class='ocrx_word' id='word_1_95' title='bbox 1715 1362 1806 1409; x_wconf 90' lang='lat' dir='ltr'><strong>tuo</strong></span> <span class='ocrx_word' id='word_1_96' title='bbox 1837 1357 2031 1411; x_wconf 75' lang='lat' dir='ltr'><strong>animae</strong></span> <span class='ocrx_word' id='word_1_97' title='bbox 2068 1338 2175 1413; x_wconf 88' lang='lat' dir='ltr'><strong>non</strong></span> 
     </span>
    </p>
   </div>
   <div class='ocr_carea' id='block_1_14' title="bbox 586 1434 2177 1516">
    <p class='ocr_par' dir='ltr' id='par_1_14' title="bbox 586 1434 2177 1516">
     <span class='ocr_line' id='line_1_14' title="bbox 586 1434 2177 1516; baseline 0.012 -29"><span class='ocrx_word' id='word_1_98' title='bbox 586 1434 946 1505; x_wconf 86' lang='lat' dir='ltr'><strong>decipiantur.</strong></span> <span class='ocrx_word' id='word_1_99' title='bbox 976 1437 1106 1506; x_wconf 76' lang='lat' dir='ltr'><strong>Qua:</strong></span> <span class='ocrx_word' id='word_1_100' title='bbox 1133 1440 1316 1495; x_wconf 91' lang='lat' dir='ltr'><strong>statim</strong></span> <span class='ocrx_word' id='word_1_101' title='bbox 1361 1443 1428 1497; x_wconf 93' lang='lat' dir='ltr'><strong>ad</strong></span> <span class='ocrx_word' id='word_1_102' title='bbox 1460 1445 1622 1499; x_wconf 86' lang='lat' dir='ltr'><strong>verba</strong></span> <span class='ocrx_word' id='word_1_103' title='bbox 1655 1447 1825 1516; x_wconf 90' lang='lat' dir='ltr'><strong>ipsius</strong></span> <span class='ocrx_word' id='word_1_104' title='bbox 1866 1449 1941 1502; x_wconf 87' lang='lat' dir='ltr'><strong>ita</strong></span> <span class='ocrx_word' id='word_1_105' title='bbox 1984 1463 2177 1506; x_wconf 85' lang='lat' dir='ltr'><strong>eversa</strong></span> 
     </span>
    </p>
   </div>
   <div class='ocr_carea' id='block_1_15' title="bbox 587 1530 2175 1606">
    <p class='ocr_par' dir='ltr' id='par_1_15' title="bbox 587 1530 2175 1606">
     <span class='ocr_line' id='line_1_15' title="bbox 587 1530 2175 1606; baseline 0.01 -26"><span class='ocrx_word' id='word_1_106' title='bbox 587 1534 671 1582; x_wconf 90' lang='lat' dir='ltr'><strong>est</strong></span> <span class='ocrx_word' id='word_1_107' title='bbox 699 1537 760 1606; x_wconf 81' lang='lat' dir='ltr'><strong>ut</strong></span> <span class='ocrx_word' id='word_1_108' title='bbox 805 1537 860 1583; x_wconf 89' lang='lat' dir='ltr'><strong>et</strong></span> <span class='ocrx_word' id='word_1_109' title='bbox 899 1530 1158 1601; x_wconf 88' lang='lat' dir='ltr'><strong>templum</strong></span> <span class='ocrx_word' id='word_1_110' title='bbox 1184 1547 1249 1586; x_wconf 90' lang='lat' dir='ltr'><strong>ac</strong></span> <span class='ocrx_word' id='word_1_111' title='bbox 1276 1533 1624 1591; x_wconf 88' lang='lat' dir='ltr'><strong>simulacrum</strong></span> <span class='ocrx_word' id='word_1_112' title='bbox 1663 1544 2088 1606; x_wconf 90' lang='lat' dir='ltr'><strong>comminueret,</strong></span> <span class='ocrx_word' id='word_1_113' title='bbox 2119 1551 2175 1597; x_wconf 89' lang='lat' dir='ltr'><strong>et</strong></span> 
     </span>
    </p>
   </div>
   <div class='ocr_carea' id='block_1_16' title="bbox 584 1602 2172 1692">
    <p class='ocr_par' dir='ltr' id='par_1_16' title="bbox 584 1602 2172 1692">
     <span class='ocr_line' id='line_1_16' title="bbox 584 1602 2172 1692; baseline 0.011 -23"><span class='ocrx_word' id='word_1_114' title='bbox 584 1602 958 1686; x_wconf 38' lang='lat' dir='ltr'><strong>quod‘fuerat,</strong></span> <span class='ocrx_word' id='word_1_115' title='bbox 988 1636 1094 1676; x_wconf 92' lang='lat' dir='ltr'><strong>non</strong></span> <span class='ocrx_word' id='word_1_116' title='bbox 1118 1631 1352 1692; x_wconf 86' lang='lat' dir='ltr'><strong>pareret.</strong></span> <span class='ocrx_word' id='word_1_117' title='bbox 1377 1624 1530 1690; x_wconf 87' lang='lat' dir='ltr'><strong>Quod</strong></span> <span class='ocrx_word' id='word_1_118' title='bbox 1558 1642 1680 1682; x_wconf 92' lang='lat' dir='ltr'><strong>cum</strong></span> <span class='ocrx_word' id='word_1_119' title='bbox 1711 1628 2015 1684; x_wconf 88' lang='lat' dir='ltr'><strong>nuntiatum</strong></span> <span class='ocrx_word' id='word_1_120' title='bbox 2043 1602 2172 1686; x_wconf 88' lang='lat' dir='ltr'><strong>fuis-</strong></span> 
     </span>
    </p>
   </div>
   <div class='ocr_carea' id='block_1_17' title="bbox 584 1709 2172 1791">
    <p class='ocr_par' dir='ltr' id='par_1_17' title="bbox 584 1709 2172 1791">
     <span class='ocr_line' id='line_1_17' title="bbox 584 1709 2172 1791; baseline 0.009 -29"><span class='ocrx_word' id='word_1_121' title='bbox 584 1717 669 1762; x_wconf 86' lang='lat' dir='ltr'><strong>set</strong></span> <span class='ocrx_word' id='word_1_122' title='bbox 694 1709 976 1780; x_wconf 71' lang='lat' dir='ltr'><strong>pmfecto,</strong></span> <span class='ocrx_word' id='word_1_123' title='bbox 1001 1714 1187 1768; x_wconf 88' lang='lat' dir='ltr'><strong>statim</strong></span> <span class='ocrx_word' id='word_1_124' title='bbox 1213 1712 1376 1782; x_wconf 91' lang='lat' dir='ltr'><strong>jussit</strong></span> <span class='ocrx_word' id='word_1_125' title='bbox 1403 1732 1526 1770; x_wconf 86' lang='lat' dir='ltr'><strong>eum</strong></span> <span class='ocrx_word' id='word_1_126' title='bbox 1567 1718 1858 1785; x_wconf 85' lang='lat' dir='ltr'><strong>decollari,</strong></span> <span class='ocrx_word' id='word_1_127' title='bbox 1887 1728 1944 1775; x_wconf 90' lang='lat' dir='ltr'><strong>et</strong></span> <span class='ocrx_word' id='word_1_128' title='bbox 1973 1737 2172 1791; x_wconf 89' lang='lat' dir='ltr'><strong>corpus</strong></span> 
     </span>
    </p>
   </div>
   <div class='ocr_carea' id='block_1_18' title="bbox 2294 528 3768 614">
    <p class='ocr_par' dir='ltr' id='par_1_18' title="bbox 2294 528 3768 614">
     <span class='ocr_line' id='line_1_18' title="bbox 2294 528 3768 614; baseline 0.017 -31"><span class='ocrx_word' id='word_1_129' title='bbox 2294 528 2459 585; x_wconf 89' lang='lat' dir='ltr'><strong>Felici</strong></span> <span class='ocrx_word' id='word_1_130' title='bbox 2485 538 2678 585; x_wconf 84' lang='lat' dir='ltr'><strong>auctus</strong></span> <span class='ocrx_word' id='word_1_131' title='bbox 2704 531 2778 585; x_wconf 91' lang='lat' dir='ltr'><strong>sit</strong></span> <span class='ocrx_word' id='word_1_132' title='bbox 2802 531 2870 586; x_wconf 91' lang='lat' dir='ltr'><strong>ad</strong></span> <span class='ocrx_word' id='word_1_133' title='bbox 2898 546 3176 600; x_wconf 83' lang='lat' dir='ltr'><strong>coronam,</strong></span> <span class='ocrx_word' id='word_1_134' title='bbox 3200 534 3401 608; x_wconf 85' lang='lat' dir='ltr'><strong>ipsique</strong></span> <span class='ocrx_word' id='word_1_135' title='bbox 3426 557 3517 611; x_wconf 85' lang='lat' dir='ltr'><strong>pro</strong></span> <span class='ocrx_word' id='word_1_136' title='bbox 3550 545 3652 606; x_wconf 78' lang='lat' dir='ltr'><strong>ﬁdei</strong></span> 
     </span>
    </p>
   </div>
   <div class='ocr_carea' id='block_1_19' title="bbox 2290 619 3769 716">
    <p class='ocr_par' dir='ltr' id='par_1_19' title="bbox 2290 619 3769 716">
     <span class='ocr_line' id='line_1_19' title="bbox 2290 619 3769 716; baseline 0.014 -43"><span class='ocrx_word' id='word_1_137' title='bbox 2290 619 2527 677; x_wconf 87' lang='lat' dir='ltr'><strong>fessione</strong></span> <span class='ocrx_word' id='word_1_138' title='bbox 2575 636 2777 716; x_wconf 81' lang='lat' dir='ltr'><strong>corona</strong></span> <span class='ocrx_word' id='word_1_139' title='bbox 2820 623 3070 716; x_wconf 75' lang='lat' dir='ltr'><strong>martyrii</strong></span> <span class='ocrx_word' id='word_1_140' title='bbox 3124 635 3298 716; x_wconf 81' lang='lat' dir='ltr'><strong>aucta.</strong></span> <span class='ocrx_word' id='word_1_141' title='bbox 3337 627 3598 693; x_wconf 82' lang='lat' dir='ltr'><strong>Christiani</strong></span> <span class='ocrx_word' id='word_1_142' title='bbox 3644 642 3769 716; x_wconf 60' lang='lat' dir='ltr'><strong>itaque</strong></span> 
     </span>
    </p>
   </div>
   <div class='ocr_carea' id='block_1_20' title="bbox 2290 711 3766 804">
    <p class='ocr_par' dir='ltr' id='par_1_20' title="bbox 2290 711 3766 804">
     <span class='ocr_line' id='line_1_20' title="bbox 2290 711 3766 804; baseline 0.017 -41"><span class='ocrx_word' id='word_1_143' title='bbox 2290 718 2453 765; x_wconf 89' lang='lat' dir='ltr'><strong>noctu</strong></span> <span class='ocrx_word' id='word_1_144' title='bbox 2480 711 2785 776; x_wconf 83' lang='lat' dir='ltr'><strong>venientes,</strong></span> <span class='ocrx_word' id='word_1_145' title='bbox 2817 711 2874 765; x_wconf 90' lang='lat' dir='ltr'><strong>in</strong></span> <span class='ocrx_word' id='word_1_146' title='bbox 2916 713 3108 769; x_wconf 91' lang='lat' dir='ltr'><strong>eodem</strong></span> <span class='ocrx_word' id='word_1_147' title='bbox 3154 714 3273 772; x_wconf 88' lang='lat' dir='ltr'><strong>loco</strong></span> <span class='ocrx_word' id='word_1_148' title='bbox 3298 719 3384 775; x_wconf 90' lang='lat' dir='ltr'><strong>ubi</strong></span> <span class='ocrx_word' id='word_1_149' title='bbox 3411 723 3558 779; x_wconf 86' lang='lat' dir='ltr'><strong>arbor</strong></span> <span class='ocrx_word' id='word_1_150' title='bbox 3591 711 3766 804; x_wconf 70' lang='lat' dir='ltr'><strong>steterat,</strong></span> 
     </span>
    </p>
   </div>
   <div class='ocr_carea' id='block_1_21' title="bbox 2287 803 3765 893">
    <p class='ocr_par' dir='ltr' id='par_1_21' title="bbox 2287 803 3765 893">
     <span class='ocr_line' id='line_1_21' title="bbox 2287 803 3765 893; baseline 0.012 -37"><span class='ocrx_word' id='word_1_151' title='bbox 2287 818 2409 874; x_wconf 72' lang='lat' dir='ltr'><strong>qua:</strong></span> <span class='ocrx_word' id='word_1_152' title='bbox 2446 803 2649 858; x_wconf 82' lang='lat' dir='ltr'><strong>cadens</strong></span> <span class='ocrx_word' id='word_1_153' title='bbox 2679 804 2903 858; x_wconf 87' lang='lat' dir='ltr'><strong>nimiam</strong></span> <span class='ocrx_word' id='word_1_154' title='bbox 2948 813 3109 860; x_wconf 65' lang='lat' dir='ltr'><strong>terra:</strong></span> <span class='ocrx_word' id='word_1_155' title='bbox 3153 806 3476 868; x_wconf 88' lang='lat' dir='ltr'><strong>altitudinem</strong></span> <span class='ocrx_word' id='word_1_156' title='bbox 3513 803 3765 893; x_wconf 30' lang='lat' dir='ltr'><strong>aperuerat;</strong></span> 
     </span>
    </p>
   </div>
   <div class='ocr_carea' id='block_1_22' title="bbox 2285 895 3765 984">
    <p class='ocr_par' dir='ltr' id='par_1_22' title="bbox 2285 895 3765 984">
     <span class='ocr_line' id='line_1_22' title="bbox 2285 895 3765 984; baseline 0.011 -34"><span class='ocrx_word' id='word_1_157' title='bbox 2285 910 2382 950; x_wconf 90' lang='lat' dir='ltr'><strong>eos</strong></span> <span class='ocrx_word' id='word_1_158' title='bbox 2428 895 2777 966; x_wconf 81' lang='lat' dir='ltr'><strong>sepelierunt.</strong></span> <span class='ocrx_word' id='word_1_159' title='bbox 2821 895 3063 963; x_wconf 82' lang='lat' dir='ltr'><strong>Quorum</strong></span> <span class='ocrx_word' id='word_1_160' title='bbox 3105 911 3327 968; x_wconf 89' lang='lat' dir='ltr'><strong>corpora</strong></span> <span class='ocrx_word' id='word_1_161' title='bbox 3385 903 3602 964; x_wconf 85' lang='lat' dir='ltr'><strong>volentes</strong></span> <span class='ocrx_word' id='word_1_162' title='bbox 3632 920 3765 984; x_wconf 77' lang='lat' dir='ltr'><strong>pagani</strong></span> 
     </span>
    </p>
   </div>
   <div class='ocr_carea' id='block_1_23' title="bbox 2284 986 3765 1067">
    <p class='ocr_par' dir='ltr' id='par_1_23' title="bbox 2284 986 3765 1067">
     <span class='ocr_line' id='line_1_23' title="bbox 2284 986 3765 1067; baseline 0.015 -26"><span class='ocrx_word' id='word_1_163' title='bbox 2284 987 2480 1042; x_wconf 80' lang='lat' dir='ltr'><strong>exinde</strong></span> <span class='ocrx_word' id='word_1_164' title='bbox 2518 986 2802 1053; x_wconf 45' lang='lat' dir='ltr'><strong>.ell‘odere,</strong></span> <span class='ocrx_word' id='word_1_165' title='bbox 2838 989 3148 1060; x_wconf 85' lang='lat' dir='ltr'><strong>quicunque</strong></span> <span class='ocrx_word' id='word_1_166' title='bbox 3188 1000 3377 1049; x_wconf 86' lang='lat' dir='ltr'><strong>manus</strong></span> <span class='ocrx_word' id='word_1_167' title='bbox 3407 1011 3708 1067; x_wconf 78' lang='lat' dir='ltr'><strong>apposueram</strong></span> <span class='ocrx_word' id='word_1_168' title='bbox 3745 1025 3765 1063; x_wconf 73' lang='grc' dir='ltr'>ι</span> 
     </span>
    </p>
   </div>
   <div class='ocr_carea' id='block_1_24' title="bbox 2282 1079 3763 1163">
    <p class='ocr_par' dir='ltr' id='par_1_24' title="bbox 2282 1079 3763 1163">
     <span class='ocr_line' id='line_1_24' title="bbox 2282 1079 3763 1163; baseline 0.005 -29"><span class='ocrx_word' id='word_1_169' title='bbox 2282 1079 2498 1135; x_wconf 90' lang='lat' dir='ltr'><strong>diabolo</strong></span> <span class='ocrx_word' id='word_1_170' title='bbox 2526 1081 2758 1151; x_wconf 86' lang='lat' dir='ltr'><strong>correpti</strong></span> <span class='ocrx_word' id='word_1_171' title='bbox 2782 1091 2927 1135; x_wconf 91' lang='lat' dir='ltr'><strong>sunt.</strong></span> <span class='ocrx_word' id='word_1_172' title='bbox 2960 1081 3062 1138; x_wconf 86' lang='lat' dir='ltr'><strong>Ubi</strong></span> <span class='ocrx_word' id='word_1_173' title='bbox 3092 1090 3277 1153; x_wconf 83' lang='lat' dir='ltr'><strong>postea</strong></span> <span class='ocrx_word' id='word_1_174' title='bbox 3318 1087 3458 1155; x_wconf 85' lang='lat' dir='ltr'><strong>pacis</strong></span> <span class='ocrx_word' id='word_1_175' title='bbox 3485 1098 3686 1163; x_wconf 78' lang='lat' dir='ltr'><strong>tempore</strong></span> <span class='ocrx_word' id='word_1_176' title='bbox 3700 1098 3763 1154; x_wconf 65' lang='grc' dir='ltr'><strong>ιη.</strong></span> 
     </span>
    </p>
   </div>
   <div class='ocr_carea' id='block_1_25' title="bbox 2282 1169 3764 1253">
    <p class='ocr_par' dir='ltr' id='par_1_25' title="bbox 2282 1169 3764 1253">
     <span class='ocr_line' id='line_1_25' title="bbox 2282 1169 3764 1253; baseline 0.011 -28"><span class='ocrx_word' id='word_1_177' title='bbox 2282 1169 2433 1225; x_wconf 88' lang='lat' dir='ltr'><strong>silica</strong></span> <span class='ocrx_word' id='word_1_178' title='bbox 2456 1169 2718 1225; x_wconf 88' lang='lat' dir='ltr'><strong>fabricata</strong></span> <span class='ocrx_word' id='word_1_179' title='bbox 2740 1178 2845 1230; x_wconf 86' lang='lat' dir='ltr'><strong>est.</strong></span> <span class='ocrx_word' id='word_1_180' title='bbox 2875 1179 2933 1226; x_wconf 92' lang='lat' dir='ltr'><strong>et</strong></span> <span class='ocrx_word' id='word_1_181' title='bbox 2971 1181 3271 1245; x_wconf 87' lang='lat' dir='ltr'><strong>martyrum</strong></span> <span class='ocrx_word' id='word_1_182' title='bbox 3301 1178 3542 1234; x_wconf 84' lang='lat' dir='ltr'><strong>memoria</strong></span> <span class='ocrx_word' id='word_1_183' title='bbox 3564 1182 3689 1253; x_wconf 82' lang='lat' dir='ltr'><strong>digne</strong></span> <span class='ocrx_word' id='word_1_184' title='bbox 3702 1200 3764 1242; x_wconf 81' lang='lat' dir='ltr'><strong>er-</strong></span> 
     </span>
    </p>
   </div>
   <div class='ocr_carea' id='block_1_26' title="bbox 2276 1262 3761 1339">
    <p class='ocr_par' dir='ltr' id='par_1_26' title="bbox 2276 1262 3761 1339">
     <span class='ocr_line' id='line_1_26' title="bbox 2276 1262 3761 1339; baseline 0.011 -20"><span class='ocrx_word' id='word_1_185' title='bbox 2276 1262 2445 1319; x_wconf 71' lang='lat' dir='ltr'><strong>Culta.</strong></span> <span class='ocrx_word' id='word_1_186' title='bbox 2472 1262 2898 1333; x_wconf 11' lang='lat' dir='ltr'><strong>Compleveruﬂot</strong></span> <span class='ocrx_word' id='word_1_187' title='bbox 2927 1273 3108 1321; x_wconf 90' lang='lat' dir='ltr'><strong>autem</strong></span> <span class='ocrx_word' id='word_1_188' title='bbox 3131 1269 3442 1339; x_wconf 86' lang='lat' dir='ltr'><strong>martyrium</strong></span> <span class='ocrx_word' id='word_1_189' title='bbox 3470 1288 3605 1330; x_wconf 88' lang='lat' dir='ltr'><strong>suum</strong></span> <span class='ocrx_word' id='word_1_190' title='bbox 3624 1292 3670 1332; x_wconf 80' lang='grc' dir='ltr'><strong>ιιι</strong></span> <span class='ocrx_word' id='word_1_191' title='bbox 3687 1277 3761 1335; x_wconf 74' lang='lat' dir='ltr'><strong>Kal.</strong></span> 
     </span>
    </p>
   </div>
   <div class='ocr_carea' id='block_1_27' title="bbox 2280 1355 3295 1427">
    <p class='ocr_par' dir='ltr' id='par_1_27' title="bbox 2280 1355 3295 1427">
     <span class='ocr_line' id='line_1_27' title="bbox 2280 1355 3295 1427; baseline 0.002 -17"><span class='ocrx_word' id='word_1_192' title='bbox 2280 1355 2634 1427; x_wconf 81' lang='lat' dir='ltr'><strong>Septembris.</strong></span> <span class='ocrx_word' id='word_1_193' title='bbox 3292 1400 3295 1403; x_wconf 59' lang='grc' dir='ltr'><strong>ρ</strong></span> 
     </span>
    </p>
   </div>
   <div class='ocr_carea' id='block_1_28' title="bbox 2556 1446 3559 1510">
    <p class='ocr_par' dir='ltr' id='par_1_28' title="bbox 2556 1446 3559 1510">
     <span class='ocr_line' id='line_1_28' title="bbox 2556 1446 3559 1510; baseline 0.008 -8"><span class='ocrx_word' id='word_1_194' title='bbox 2556 1448 2619 1502; x_wconf 84' lang='grc' dir='ltr'><strong>Ε.</strong></span> <span class='ocrx_word' id='word_1_195' title='bbox 2663 1446 2894 1504; x_wconf 77' lang='lat' dir='ltr'><strong>PRIDIE</strong></span> <span class='ocrx_word' id='word_1_196' title='bbox 2932 1448 3089 1504; x_wconf 65' lang='grc' dir='ltr'><strong>ΚΑΒ.</strong></span> <span class='ocrx_word' id='word_1_197' title='bbox 3132 1447 3559 1510; x_wconf 78' lang='lat' dir='ltr'><strong>SEPTEMBRIS.</strong></span> 
     </span>
    </p>
   </div>
   <div class='ocr_carea' id='block_1_29' title="bbox 2938 1540 3185 1595">
    <p class='ocr_par' dir='ltr' id='par_1_29' title="bbox 2938 1540 3185 1595">
     <span class='ocr_line' id='line_1_29' title="bbox 2938 1540 3185 1595; baseline 0 0"><span class='ocrx_word' id='word_1_198' title='bbox 2938 1540 3001 1595; x_wconf 80' lang='grc'><strong>51</strong></span> <span class='ocrx_word' id='word_1_199' title='bbox 3048 1542 3185 1595; x_wconf 79' lang='lat' dir='ltr'><strong>Ana.</strong></span> 
     </span>
    </p>
   </div>
   <div class='ocr_carea' id='block_1_30' title="bbox 2269 1542 3761 1710">
    <p class='ocr_par' dir='ltr' id='par_1_30' title="bbox 2269 1542 3761 1710">
     <span class='ocr_line' id='line_1_30' title="bbox 2938 1542 3185 1595; baseline 0 0"><span class='ocrx_word' id='word_1_200' title='bbox 2938 1542 3001 1595; x_wconf 79' lang='grc'><strong>51</strong></span> <span class='ocrx_word' id='word_1_201' title='bbox 3048 1542 3129 1595; x_wconf 82' lang='lat' dir='ltr'><strong>Au</strong></span> <span class='ocrx_word' id='word_1_202' title='bbox 3170 1581 3185 1595; x_wconf 94' lang='lat'><strong>.</strong></span> 
     </span>
     <span class='ocr_line' id='line_1_31' title="bbox 2269 1542 3761 1710; baseline 0.007 -22"><span class='ocrx_word' id='word_1_203' title='bbox 2269 1644 2276 1651; x_wconf 86' lang='lat'>&#39;</span> <span class='ocrx_word' id='word_1_204' title='bbox 2346 1632 2584 1689; x_wconf 83' lang='lat' dir='ltr'><strong>Treviris</strong></span> <span class='ocrx_word' id='word_1_205' title='bbox 2614 1634 2809 1689; x_wconf 90' lang='lat' dir='ltr'><strong>natalis</strong></span> <span class='ocrx_word' id='word_1_206' title='bbox 2855 1543 3029 1689; x_wconf 67' lang='lat' dir='ltr'><strong>sa(ucti</strong></span> <span class='ocrx_word' id='word_1_207' title='bbox 3060 1542 3272 1690; x_wconf 51' lang='lat' dir='ltr'><strong>Pailini</strong></span> <span class='ocrx_word' id='word_1_208' title='bbox 3305 1648 3333 1677; x_wconf 79' lang='grc' dir='ltr'>ι</span> <span class='ocrx_word' id='word_1_209' title='bbox 3372 1638 3584 1710; x_wconf 82' lang='lat' dir='ltr'><strong>episcopi</strong></span> <span class='ocrx_word' id='word_1_210' title='bbox 3615 1642 3761 1701; x_wconf 78' lang='lat' dir='ltr'><strong>confes-</strong></span> 
     </span>
    </p>
   </div>
   <div class='ocr_carea' id='block_1_31' title="bbox 2274 1725 3760 1796">
    <p class='ocr_par' dir='ltr' id='par_1_31' title="bbox 2274 1725 3760 1796">
     <span class='ocr_line' id='line_1_32' title="bbox 2274 1725 3760 1796; baseline 0.006 -15"><span class='ocrx_word' id='word_1_211' title='bbox 2274 1725 2438 1790; x_wconf 90' lang='lat' dir='ltr'><strong>soris,</strong></span> <span class='ocrx_word' id='word_1_212' title='bbox 2470 1726 2561 1794; x_wconf 94' lang='lat' dir='ltr'><strong>qui</strong></span> <span class='ocrx_word' id='word_1_213' title='bbox 2594 1733 2839 1796; x_wconf 87' lang='lat' dir='ltr'><strong>tempore</strong></span> <span class='ocrx_word' id='word_1_214' title='bbox 2877 1725 3098 1781; x_wconf 66' lang='lat' dir='ltr'><strong>Arianae</strong></span> <span class='ocrx_word' id='word_1_215' title='bbox 3136 1726 3509 1796; x_wconf 86' lang='lat' dir='ltr'><strong>infestationis,</strong></span> <span class='ocrx_word' id='word_1_216' title='bbox 3531 1746 3557 1784; x_wconf 84' lang='lat' dir='ltr'><strong>a</strong></span> <span class='ocrx_word' id='word_1_217' title='bbox 3577 1730 3760 1790; x_wconf 76' lang='lat' dir='ltr'><strong>Constan-</strong></span> 
     </span>
    </p>
   </div>
   <div class='ocr_carea' id='block_1_32' title="bbox 580 1797 3759 1893">
    <p class='ocr_par' dir='ltr' id='par_1_32' title="bbox 580 1797 3759 1893">
     <span class='ocr_line' id='line_1_33' title="bbox 580 1797 3759 1893; baseline 0.009 -42"><span class='ocrx_word' id='word_1_218' title='bbox 580 1797 700 1868; x_wconf 90' lang='lat' dir='ltr'><strong>ejus</strong></span> <span class='ocrx_word' id='word_1_219' title='bbox 746 1799 1084 1856; x_wconf 90' lang='lat' dir='ltr'><strong>inbumatum</strong></span> <span class='ocrx_word' id='word_1_220' title='bbox 1129 1804 1355 1859; x_wconf 89' lang='lat' dir='ltr'><strong>canibus</strong></span> <span class='ocrx_word' id='word_1_221' title='bbox 1398 1816 1454 1862; x_wconf 86' lang='lat' dir='ltr'><strong>et</strong></span> <span class='ocrx_word' id='word_1_222' title='bbox 1501 1807 1640 1876; x_wconf 90' lang='lat' dir='ltr'><strong>lupis</strong></span> <span class='ocrx_word' id='word_1_223' title='bbox 1677 1809 1996 1881; x_wconf 86' lang='lat' dir='ltr'><strong>derelinqui.</strong></span> <span class='ocrx_word' id='word_1_224' title='bbox 2028 1812 2159 1866; x_wconf 87' lang='lat' dir='ltr'><strong>Data</strong></span> <span class='ocrx_word' id='word_1_225' title='bbox 2194 1808 2237 1868; x_wconf 85' lang='grc' dir='ltr'><strong>Β</strong></span> <span class='ocrx_word' id='word_1_226' title='bbox 2269 1816 2342 1869; x_wconf 91' lang='lat' dir='ltr'><strong>tio</strong></span> <span class='ocrx_word' id='word_1_227' title='bbox 2365 1816 2711 1885; x_wconf 86' lang='lat' dir='ltr'><strong>imperatore,</strong></span> <span class='ocrx_word' id='word_1_228' title='bbox 2739 1814 2809 1870; x_wconf 91' lang='lat' dir='ltr'><strong>ob</strong></span> <span class='ocrx_word' id='word_1_229' title='bbox 2831 1815 3151 1871; x_wconf 83' lang='lat' dir='ltr'><strong>catholicam</strong></span> <span class='ocrx_word' id='word_1_230' title='bbox 3175 1816 3527 1875; x_wconf 79' lang='lat' dir='ltr'><strong>ﬁdemexsilio</strong></span> <span class='ocrx_word' id='word_1_231' title='bbox 3548 1821 3759 1893; x_wconf 81' lang='lat' dir='ltr'><strong>relegatus.</strong></span> 
     </span>
    </p>
   </div>
   <div class='ocr_carea' id='block_1_33' title="bbox 581 1892 2170 1968">
    <p class='ocr_par' dir='ltr' id='par_1_33' title="bbox 581 1892 2170 1968">
     <span class='ocr_line' id='line_1_34' title="bbox 581 1892 2170 1968; baseline 0.01 -25"><span class='ocrx_word' id='word_1_232' title='bbox 581 1892 877 1958; x_wconf 86' lang='lat' dir='ltr'><strong>sententia,</strong></span> <span class='ocrx_word' id='word_1_233' title='bbox 900 1895 1094 1951; x_wconf 82' lang='lat' dir='ltr'><strong>obvius</strong></span> <span class='ocrx_word' id='word_1_234' title='bbox 1126 1896 1229 1950; x_wconf 89' lang='lat' dir='ltr'><strong>fuit</strong></span> <span class='ocrx_word' id='word_1_235' title='bbox 1254 1897 1302 1951; x_wconf 85' lang='lat' dir='ltr'><strong>ei</strong></span> <span class='ocrx_word' id='word_1_236' title='bbox 1330 1898 1549 1966; x_wconf 86' lang='lat' dir='ltr'><strong>quidam</strong></span> <span class='ocrx_word' id='word_1_237' title='bbox 1573 1900 1657 1953; x_wconf 87' lang='lat' dir='ltr'><strong>vir</strong></span> <span class='ocrx_word' id='word_1_238' title='bbox 1684 1899 2044 1968; x_wconf 87' lang='lat' dir='ltr'><strong>Christianus,</strong></span> <span class='ocrx_word' id='word_1_239' title='bbox 2076 1905 2170 1959; x_wconf 54' lang='lat' dir='ltr'><strong>hoc</strong></span> 
     </span>
    </p>
   </div>
   <div class='ocr_carea' id='block_1_34' title="bbox 579 1981 2168 2055">
    <p class='ocr_par' dir='ltr' id='par_1_34' title="bbox 579 1981 2168 2055">
     <span class='ocr_line' id='line_1_35' title="bbox 579 1981 2168 2055; baseline 0.011 -21"><span class='ocrx_word' id='word_1_240' title='bbox 579 1981 819 2038; x_wconf 84' lang='lat' dir='ltr'><strong>minibus</strong></span> <span class='ocrx_word' id='word_1_241' title='bbox 862 1986 1081 2055; x_wconf 88' lang='lat' dir='ltr'><strong>quidem</strong></span> <span class='ocrx_word' id='word_1_242' title='bbox 1125 1988 1453 2052; x_wconf 86' lang='lat' dir='ltr'><strong>absconsus,</strong></span> <span class='ocrx_word' id='word_1_243' title='bbox 1502 1991 1609 2045; x_wconf 90' lang='lat' dir='ltr'><strong>Deo</strong></span> <span class='ocrx_word' id='word_1_244' title='bbox 1655 2008 1785 2048; x_wconf 87' lang='lat' dir='ltr'><strong>vero</strong></span> <span class='ocrx_word' id='word_1_245' title='bbox 1830 1995 2168 2053; x_wconf 86' lang='lat' dir='ltr'><strong>manifestus.</strong></span> 
     </span>
    </p>
   </div>
   <div class='ocr_carea' id='block_1_35' title="bbox 577 2069 2174 2147">
    <p class='ocr_par' dir='ltr' id='par_1_35' title="bbox 577 2069 2174 2147">
     <span class='ocr_line' id='line_1_36' title="bbox 577 2069 2174 2147; baseline 0.013 -24"><span class='ocrx_word' id='word_1_246' title='bbox 577 2069 683 2125; x_wconf 88' lang='lat' dir='ltr'><strong>llic</strong></span> <span class='ocrx_word' id='word_1_247' title='bbox 716 2088 839 2127; x_wconf 90' lang='lat' dir='ltr'><strong>cum</strong></span> <span class='ocrx_word' id='word_1_248' title='bbox 876 2073 1155 2132; x_wconf 89' lang='lat' dir='ltr'><strong>didicisset</strong></span> <span class='ocrx_word' id='word_1_249' title='bbox 1201 2080 1344 2147; x_wconf 90' lang='lat' dir='ltr'><strong>quod</strong></span> <span class='ocrx_word' id='word_1_250' title='bbox 1380 2080 1571 2136; x_wconf 84' lang='lat' dir='ltr'><strong>beatus</strong></span> <span class='ocrx_word' id='word_1_251' title='bbox 1625 2082 1773 2138; x_wconf 83' lang='lat' dir='ltr'><strong>Felix</strong></span> <span class='ocrx_word' id='word_1_252' title='bbox 1819 2085 1940 2141; x_wconf 91' lang='lat' dir='ltr'><strong>duci</strong></span> <span class='ocrx_word' id='word_1_253' title='bbox 1982 2087 2174 2143; x_wconf 81' lang='lat' dir='ltr'><strong>fuisset</strong></span> 
     </span>
    </p>
   </div>
   <div class='ocr_carea' id='block_1_36' title="bbox 573 2161 2170 2246">
    <p class='ocr_par' dir='ltr' id='par_1_36' title="bbox 573 2161 2170 2246">
     <span class='ocr_line' id='line_1_37' title="bbox 573 2161 2170 2246; baseline 0.014 -32"><span class='ocrx_word' id='word_1_254' title='bbox 573 2161 777 2231; x_wconf 89' lang='lat' dir='ltr'><strong>jussus,</strong></span> <span class='ocrx_word' id='word_1_255' title='bbox 807 2167 970 2236; x_wconf 78' lang='lat' dir='ltr'><strong>cmpit</strong></span> <span class='ocrx_word' id='word_1_256' title='bbox 997 2167 1232 2225; x_wconf 88' lang='lat' dir='ltr'><strong>clamare</strong></span> <span class='ocrx_word' id='word_1_257' title='bbox 1259 2181 1312 2225; x_wconf 91' lang='lat' dir='ltr'><strong>et</strong></span> <span class='ocrx_word' id='word_1_258' title='bbox 1357 2172 1540 2228; x_wconf 80' lang='lat' dir='ltr'><strong>dicere</strong></span> <span class='ocrx_word' id='word_1_259' title='bbox 1571 2189 1584 2228; x_wconf 91' lang='lat'><strong>:</strong></span> <span class='ocrx_word' id='word_1_260' title='bbox 1622 2174 1690 2229; x_wconf 87' lang='lat' dir='ltr'><strong>Et</strong></span> <span class='ocrx_word' id='word_1_261' title='bbox 1727 2191 1829 2246; x_wconf 84' lang='lat' dir='ltr'><strong>ego</strong></span> <span class='ocrx_word' id='word_1_262' title='bbox 1871 2193 1938 2233; x_wconf 79' lang='lat' dir='ltr'><strong>ex</strong></span> <span class='ocrx_word' id='word_1_263' title='bbox 1981 2182 2170 2236; x_wconf 88' lang='lat' dir='ltr'><strong>eadem</strong></span> 
     </span>
    </p>
   </div>
   <div class='ocr_carea' id='block_1_37' title="bbox 580 2253 2172 2343">
    <p class='ocr_par' dir='ltr' id='par_1_37' title="bbox 580 2253 2172 2343">
     <span class='ocr_line' id='line_1_38' title="bbox 580 2253 2172 2343; baseline 0.013 -35"><span class='ocrx_word' id='word_1_264' title='bbox 580 2253 700 2323; x_wconf 82' lang='lat' dir='ltr'><strong>lege</strong></span> <span class='ocrx_word' id='word_1_265' title='bbox 725 2272 866 2323; x_wconf 89' lang='lat' dir='ltr'><strong>sum,</strong></span> <span class='ocrx_word' id='word_1_266' title='bbox 894 2269 950 2313; x_wconf 88' lang='lat' dir='ltr'><strong>et</strong></span> <span class='ocrx_word' id='word_1_267' title='bbox 976 2260 1149 2331; x_wconf 91' lang='lat' dir='ltr'><strong>ipsum</strong></span> <span class='ocrx_word' id='word_1_268' title='bbox 1181 2279 1340 2334; x_wconf 84' lang='lat' dir='ltr'><strong>quem</strong></span> <span class='ocrx_word' id='word_1_269' title='bbox 1372 2266 1459 2320; x_wconf 89' lang='lat' dir='ltr'><strong>hic</strong></span> <span class='ocrx_word' id='word_1_270' title='bbox 1489 2275 1708 2322; x_wconf 87' lang='lat' dir='ltr'><strong>sanctus</strong></span> <span class='ocrx_word' id='word_1_271' title='bbox 1736 2272 2019 2343; x_wconf 82' lang='lat' dir='ltr'><strong>presbyter</strong></span> <span class='ocrx_word' id='word_1_272' title='bbox 2044 2288 2172 2328; x_wconf 87' lang='lat' dir='ltr'><strong>con-</strong></span> 
     </span>
    </p>
   </div>
   <div class='ocr_carea' id='block_1_38' title="bbox 576 2346 2171 2434">
    <p class='ocr_par' dir='ltr' id='par_1_38' title="bbox 576 2346 2171 2434">
     <span class='ocr_line' id='line_1_39' title="bbox 576 2346 2171 2434; baseline 0.011 -34"><span class='ocrx_word' id='word_1_273' title='bbox 576 2346 767 2403; x_wconf 76' lang='lat' dir='ltr'><strong>litetur</strong></span> <span class='ocrx_word' id='word_1_274' title='bbox 812 2349 1099 2407; x_wconf 88' lang='lat' dir='ltr'><strong>Dominmn</strong></span> <span class='ocrx_word' id='word_1_275' title='bbox 1123 2352 1308 2409; x_wconf 82' lang='lat' dir='ltr'><strong>Jesum</strong></span> <span class='ocrx_word' id='word_1_276' title='bbox 1331 2354 1608 2417; x_wconf 86' lang='lat' dir='ltr'><strong>Christum</strong></span> <span class='ocrx_word' id='word_1_277' title='bbox 1649 2358 1786 2414; x_wconf 91' lang='lat' dir='ltr'><strong>colo.</strong></span> <span class='ocrx_word' id='word_1_278' title='bbox 1831 2360 1949 2416; x_wconf 80' lang='lat' dir='ltr'><strong>Mox</strong></span> <span class='ocrx_word' id='word_1_279' title='bbox 1977 2372 2030 2418; x_wconf 90' lang='lat' dir='ltr'><strong>et</strong></span> <span class='ocrx_word' id='word_1_280' title='bbox 2057 2363 2171 2434; x_wconf 89' lang='lat' dir='ltr'><strong>ipse</strong></span> 
     </span>
    </p>
   </div>
   <div class='ocr_carea' id='block_1_39' title="bbox 576 2438 2168 2520">
    <p class='ocr_par' dir='ltr' id='par_1_39' title="bbox 576 2438 2168 2520">
     <span class='ocr_line' id='line_1_40' title="bbox 576 2438 2168 2520; baseline 0.009 -28"><span class='ocrx_word' id='word_1_281' title='bbox 576 2438 647 2505; x_wconf 88' lang='lat' dir='ltr'><strong>ab</strong></span> <span class='ocrx_word' id='word_1_282' title='bbox 676 2439 858 2496; x_wconf 87' lang='lat' dir='ltr'><strong>ofﬁcio</strong></span> <span class='ocrx_word' id='word_1_283' title='bbox 900 2444 1139 2513; x_wconf 61' lang='lat' dir='ltr'><strong>przefecti</strong></span> <span class='ocrx_word' id='word_1_284' title='bbox 1170 2449 1596 2517; x_wconf 85' lang='lat' dir='ltr'><strong>comprehensus</strong></span> <span class='ocrx_word' id='word_1_285' title='bbox 1616 2490 1630 2512; x_wconf 95' lang='lat'><strong>,</strong></span> <span class='ocrx_word' id='word_1_286' title='bbox 1661 2451 1867 2520; x_wconf 83' lang='lat' dir='ltr'><strong>pariter</strong></span> <span class='ocrx_word' id='word_1_287' title='bbox 1897 2453 2022 2508; x_wconf 87' lang='lat' dir='ltr'><strong>dato</strong></span> <span class='ocrx_word' id='word_1_288' title='bbox 2066 2454 2168 2509; x_wconf 90' lang='lat' dir='ltr'><strong>sibi</strong></span> 
     </span>
    </p>
   </div>
   <div class='ocr_carea' id='block_1_40' title="bbox 575 2533 2167 2613">
    <p class='ocr_par' dir='ltr' id='par_1_40' title="bbox 575 2533 2167 2613">
     <span class='ocr_line' id='line_1_41' title="bbox 575 2533 2167 2613; baseline 0.011 -30"><span class='ocrx_word' id='word_1_289' title='bbox 575 2533 779 2597; x_wconf 84' lang='lat' dir='ltr'><strong>osculo,</strong></span> <span class='ocrx_word' id='word_1_290' title='bbox 803 2551 926 2590; x_wconf 86' lang='lat' dir='ltr'><strong>cum</strong></span> <span class='ocrx_word' id='word_1_291' title='bbox 964 2537 1126 2592; x_wconf 89' lang='lat' dir='ltr'><strong>beato</strong></span> <span class='ocrx_word' id='word_1_292' title='bbox 1167 2539 1346 2594; x_wconf 86' lang='lat' dir='ltr'><strong>Felice</strong></span> <span class='ocrx_word' id='word_1_293' title='bbox 1379 2541 1673 2598; x_wconf 88' lang='lat' dir='ltr'><strong>decollatus</strong></span> <span class='ocrx_word' id='word_1_294' title='bbox 1718 2553 1843 2610; x_wconf 88' lang='lat' dir='ltr'><strong>est;</strong></span> <span class='ocrx_word' id='word_1_295' title='bbox 1886 2543 2046 2613; x_wconf 89' lang='lat' dir='ltr'><strong>hujus</strong></span> <span class='ocrx_word' id='word_1_296' title='bbox 2075 2563 2167 2601; x_wconf 89' lang='lat' dir='ltr'><strong>no-</strong></span> 
     </span>
    </p>
   </div>
   <div class='ocr_carea' id='block_1_41' title="bbox 574 2627 2163 2706">
    <p class='ocr_par' dir='ltr' id='par_1_41' title="bbox 574 2627 2163 2706">
     <span class='ocr_line' id='line_1_42' title="bbox 574 2627 2163 2706; baseline 0.011 -33"><span class='ocrx_word' id='word_1_297' title='bbox 574 2638 696 2678; x_wconf 88' lang='lat' dir='ltr'><strong>men</strong></span> <span class='ocrx_word' id='word_1_298' title='bbox 746 2627 872 2696; x_wconf 87' lang='lat' dir='ltr'><strong>quia</strong></span> <span class='ocrx_word' id='word_1_299' title='bbox 923 2643 1029 2683; x_wconf 91' lang='lat' dir='ltr'><strong>non</strong></span> <span class='ocrx_word' id='word_1_300' title='bbox 1078 2630 1375 2685; x_wconf 86' lang='lat' dir='ltr'><strong>innuerunt</strong></span> <span class='ocrx_word' id='word_1_301' title='bbox 1407 2631 1742 2699; x_wconf 86' lang='lat' dir='ltr'><strong>Christiani,</strong></span> <span class='ocrx_word' id='word_1_302' title='bbox 1788 2644 1911 2706; x_wconf 92' lang='lat' dir='ltr'><strong>post</strong></span> <span class='ocrx_word' id='word_1_303' title='bbox 1947 2636 2163 2691; x_wconf 89' lang='lat' dir='ltr'><strong>modum</strong></span> 
     </span>
    </p>
   </div>
   <div class='ocr_carea' id='block_1_42' title="bbox 2276 1909 3757 1979">
    <p class='ocr_par' dir='ltr' id='par_1_42' title="bbox 2276 1909 3757 1979">
     <span class='ocr_line' id='line_1_43' title="bbox 2276 1909 3757 1979; baseline 0.005 -15"><span class='ocrx_word' id='word_1_304' title='bbox 2276 1918 2332 1964; x_wconf 91' lang='lat' dir='ltr'><strong>et</strong></span> <span class='ocrx_word' id='word_1_305' title='bbox 2358 1923 2528 1979; x_wconf 89' lang='lat' dir='ltr'><strong>usque</strong></span> <span class='ocrx_word' id='word_1_306' title='bbox 2543 1909 2611 1963; x_wconf 90' lang='lat' dir='ltr'><strong>ad</strong></span> <span class='ocrx_word' id='word_1_307' title='bbox 2638 1917 2892 1975; x_wconf 90' lang='lat' dir='ltr'><strong>mortem,</strong></span> <span class='ocrx_word' id='word_1_308' title='bbox 2909 1910 3071 1964; x_wconf 87' lang='lat' dir='ltr'><strong>etiam</strong></span> <span class='ocrx_word' id='word_1_309' title='bbox 3085 1920 3242 1965; x_wconf 86' lang='lat' dir='ltr'><strong>extra</strong></span> <span class='ocrx_word' id='word_1_310' title='bbox 3264 1910 3596 1968; x_wconf 88' lang='lat' dir='ltr'><strong>Christianum</strong></span> <span class='ocrx_word' id='word_1_311' title='bbox 3627 1929 3757 1972; x_wconf 80' lang='lat' dir='ltr'><strong>nomen</strong></span> 
     </span>
    </p>
   </div>
   <div class='ocr_carea' id='block_1_43' title="bbox 2278 1998 3758 2074">
    <p class='ocr_par' dir='ltr' id='par_1_43' title="bbox 2278 1998 3758 2074">
     <span class='ocr_line' id='line_1_44' title="bbox 2278 1998 3758 2074; baseline 0.003 -21"><span class='ocrx_word' id='word_1_312' title='bbox 2278 1998 2537 2054; x_wconf 87' lang='lat' dir='ltr'><strong>mutando</strong></span> <span class='ocrx_word' id='word_1_313' title='bbox 2560 1998 2753 2053; x_wconf 79' lang='lat' dir='ltr'><strong>exsilia</strong></span> <span class='ocrx_word' id='word_1_314' title='bbox 2797 1998 3074 2069; x_wconf 81' lang='lat' dir='ltr'><strong>fatigatus,</strong></span> <span class='ocrx_word' id='word_1_315' title='bbox 3124 2000 3193 2054; x_wconf 88' lang='lat' dir='ltr'><strong>ad</strong></span> <span class='ocrx_word' id='word_1_316' title='bbox 3237 2000 3474 2056; x_wconf 81' lang='lat' dir='ltr'><strong>ultimum</strong></span> <span class='ocrx_word' id='word_1_317' title='bbox 3499 2004 3617 2073; x_wconf 91' lang='lat' dir='ltr'><strong>apud</strong></span> <span class='ocrx_word' id='word_1_318' title='bbox 3645 2003 3758 2074; x_wconf 77' lang='lat' dir='ltr'><strong>Phry-</strong></span> 
     </span>
    </p>
   </div>
   <div class='ocr_carea' id='block_1_44' title="bbox 2278 2088 3755 2163">
    <p class='ocr_par' dir='ltr' id='par_1_44' title="bbox 2278 2088 3755 2163">
     <span class='ocr_line' id='line_1_45' title="bbox 2278 2088 3755 2163; baseline 0.003 -21"><span class='ocrx_word' id='word_1_319' title='bbox 2278 2091 2420 2161; x_wconf 79' lang='lat' dir='ltr'><strong>giam</strong></span> <span class='ocrx_word' id='word_1_320' title='bbox 2446 2088 2749 2155; x_wconf 90' lang='lat' dir='ltr'><strong>defunctus,</strong></span> <span class='ocrx_word' id='word_1_321' title='bbox 2773 2089 2947 2146; x_wconf 80' lang='lat' dir='ltr'><strong>beatae</strong></span> <span class='ocrx_word' id='word_1_322' title='bbox 2976 2089 3251 2161; x_wconf 90' lang='lat' dir='ltr'><strong>passionis</strong></span> <span class='ocrx_word' id='word_1_323' title='bbox 3277 2105 3520 2146; x_wconf 89' lang='lat' dir='ltr'><strong>coronam</strong></span> <span class='ocrx_word' id='word_1_324' title='bbox 3544 2094 3715 2163; x_wconf 80' lang='lat' dir='ltr'><strong>percepit</strong></span> <span class='ocrx_word' id='word_1_325' title='bbox 3733 2110 3755 2146; x_wconf 71' lang='grc' dir='ltr'>ι</span> 
     </span>
    </p>
   </div>
   <div class='ocr_carea' id='block_1_45' title="bbox 2278 2179 2527 2235">
    <p class='ocr_par' dir='ltr' id='par_1_45' title="bbox 2278 2179 2527 2235">
     <span class='ocr_line' id='line_1_46' title="bbox 2278 2179 2527 2235; baseline -0.008 0"><span class='ocrx_word' id='word_1_326' title='bbox 2278 2179 2527 2235; x_wconf 85' lang='lat' dir='ltr'><strong>Domino.</strong></span> 
     </span>
    </p>
   </div>
   <div class='ocr_carea' id='block_1_46' title="bbox 2350 2271 3757 2341">
    <p class='ocr_par' dir='ltr' id='par_1_46' title="bbox 2350 2271 3757 2341">
     <span class='ocr_line' id='line_1_47' title="bbox 2350 2271 3757 2341; baseline 0.002 -15"><span class='ocrx_word' id='word_1_327' title='bbox 2350 2272 2552 2327; x_wconf 84' lang='lat' dir='ltr'><strong>Eodem</strong></span> <span class='ocrx_word' id='word_1_328' title='bbox 2575 2271 2672 2327; x_wconf 88' lang='lat' dir='ltr'><strong>Die</strong></span> <span class='ocrx_word' id='word_1_329' title='bbox 2709 2271 2852 2341; x_wconf 90' lang='lat' dir='ltr'><strong>apud</strong></span> <span class='ocrx_word' id='word_1_330' title='bbox 2881 2271 3148 2339; x_wconf 82' lang='lat' dir='ltr'><strong>Athenas,</strong></span> <span class='ocrx_word' id='word_1_331' title='bbox 3176 2272 3319 2328; x_wconf 87' lang='lat' dir='ltr'><strong>beati</strong></span> <span class='ocrx_word' id='word_1_332' title='bbox 3342 2273 3587 2335; x_wconf 84' lang='lat' dir='ltr'><strong>Aristidis.</strong></span> <span class='ocrx_word' id='word_1_333' title='bbox 3605 2275 3757 2338; x_wconf 64' lang='lat' dir='ltr'><strong>ﬁdesa-</strong></span> 
     </span>
    </p>
   </div>
   <div class='ocr_carea' id='block_1_47' title="bbox 2271 2361 3756 2435">
    <p class='ocr_par' dir='ltr' id='par_1_47' title="bbox 2271 2361 3756 2435">
     <span class='ocr_line' id='line_1_48' title="bbox 2271 2361 3756 2435; baseline 0.001 -18"><span class='ocrx_word' id='word_1_334' title='bbox 2271 2363 2583 2434; x_wconf 87' lang='lat' dir='ltr'><strong>pientiaque</strong></span> <span class='ocrx_word' id='word_1_335' title='bbox 2606 2361 2915 2418; x_wconf 89' lang='lat' dir='ltr'><strong>clarissimi.</strong></span> <span class='ocrx_word' id='word_1_336' title='bbox 2941 2361 3044 2429; x_wconf 86' lang='lat' dir='ltr'><strong>Qui</strong></span> <span class='ocrx_word' id='word_1_337' title='bbox 3084 2362 3332 2419; x_wconf 84' lang='lat' dir='ltr'><strong>Adriano</strong></span> <span class='ocrx_word' id='word_1_338' title='bbox 3372 2364 3580 2435; x_wconf 90' lang='lat' dir='ltr'><strong>principi</strong></span> <span class='ocrx_word' id='word_1_339' title='bbox 3602 2366 3652 2419; x_wconf 85' lang='lat' dir='ltr'><strong>de</strong></span> <span class='ocrx_word' id='word_1_340' title='bbox 3676 2363 3756 2418; x_wconf 79' lang='lat' dir='ltr'><strong>reli-</strong></span> 
     </span>
    </p>
   </div>
   <div class='ocr_carea' id='block_1_48' title="bbox 2272 2451 3755 2526">
    <p class='ocr_par' dir='ltr' id='par_1_48' title="bbox 2272 2451 3755 2526">
     <span class='ocr_line' id='line_1_49' title="bbox 2272 2451 3755 2526; baseline 0.001 -22"><span class='ocrx_word' id='word_1_341' title='bbox 2272 2451 2434 2521; x_wconf 89' lang='lat' dir='ltr'><strong>gione</strong></span> <span class='ocrx_word' id='word_1_342' title='bbox 2455 2451 2765 2509; x_wconf 89' lang='lat' dir='ltr'><strong>Christiana</strong></span> <span class='ocrx_word' id='word_1_343' title='bbox 2789 2454 2962 2509; x_wconf 91' lang='lat' dir='ltr'><strong>libros</strong></span> <span class='ocrx_word' id='word_1_344' title='bbox 2982 2453 3216 2520; x_wconf 88' lang='lat' dir='ltr'><strong>obtulit,</strong></span> <span class='ocrx_word' id='word_1_345' title='bbox 3245 2463 3300 2510; x_wconf 91' lang='lat' dir='ltr'><strong>et</strong></span> <span class='ocrx_word' id='word_1_346' title='bbox 3326 2457 3462 2526; x_wconf 83' lang='lat' dir='ltr'><strong>quod</strong></span> <span class='ocrx_word' id='word_1_347' title='bbox 3487 2455 3685 2511; x_wconf 84' lang='lat' dir='ltr'><strong>Christus</strong></span> <span class='ocrx_word' id='word_1_348' title='bbox 3701 2452 3755 2506; x_wconf 84' lang='lat' dir='ltr'><strong>le-</strong></span> 
     </span>
    </p>
   </div>
   <div class='ocr_carea' id='block_1_49' title="bbox 2271 2541 3755 2617">
    <p class='ocr_par' dir='ltr' id='par_1_49' title="bbox 2271 2541 3755 2617">
     <span class='ocr_line' id='line_1_50' title="bbox 2271 2541 3755 2617; baseline 0.003 -21"><span class='ocrx_word' id='word_1_349' title='bbox 2271 2556 2365 2596; x_wconf 88' lang='lat' dir='ltr'><strong>sus</strong></span> <span class='ocrx_word' id='word_1_350' title='bbox 2383 2541 2528 2598; x_wconf 93' lang='lat' dir='ltr'><strong>solus</strong></span> <span class='ocrx_word' id='word_1_351' title='bbox 2544 2551 2689 2599; x_wconf 91' lang='lat' dir='ltr'><strong>esset</strong></span> <span class='ocrx_word' id='word_1_352' title='bbox 2711 2542 2874 2609; x_wconf 90' lang='lat' dir='ltr'><strong>Deus,</strong></span> <span class='ocrx_word' id='word_1_353' title='bbox 2900 2554 3174 2615; x_wconf 86' lang='lat' dir='ltr'><strong>praesente</strong></span> <span class='ocrx_word' id='word_1_354' title='bbox 3202 2545 3319 2617; x_wconf 90' lang='lat' dir='ltr'><strong>ipso</strong></span> <span class='ocrx_word' id='word_1_355' title='bbox 3341 2547 3643 2617; x_wconf 88' lang='lat' dir='ltr'><strong>imperatore,</strong></span> <span class='ocrx_word' id='word_1_356' title='bbox 3660 2545 3755 2601; x_wconf 76' lang='lat' dir='ltr'><strong>luca-</strong></span> 
     </span>
    </p>
   </div>
   <div class='ocr_carea' id='block_1_50' title="bbox 2273 2635 2891 2706">
    <p class='ocr_par' dir='ltr' id='par_1_50' title="bbox 2273 2635 2891 2706">
     <span class='ocr_line' id='line_1_51' title="bbox 2273 2635 2891 2706; baseline 0.002 -17"><span class='ocrx_word' id='word_1_357' title='bbox 2273 2635 2575 2692; x_wconf 88' lang='lat' dir='ltr'><strong>lentissime</strong></span> <span class='ocrx_word' id='word_1_358' title='bbox 2594 2636 2891 2706; x_wconf 83' lang='lat' dir='ltr'><strong>peroravit.</strong></span> 
     </span>
    </p>
   </div>
   <div class='ocr_carea' id='block_1_51' title="bbox 642 2734 3434 2823">
    <p class='ocr_par' dir='ltr' id='par_1_51' title="bbox 642 2734 3434 2823">
     <span class='ocr_line' id='line_1_52' title="bbox 642 2734 3434 2823; baseline 0.004 -28"><span class='ocrx_word' id='word_1_359' title='bbox 642 2750 666 2777; x_wconf 76' lang='grc'><strong><em>³</em></strong></span> <span class='ocrx_word' id='word_1_360' title='bbox 698 2740 773 2795; x_wconf 89' lang='lat' dir='ltr'><strong>De</strong></span> <span class='ocrx_word' id='word_1_361' title='bbox 805 2742 907 2798; x_wconf 90' lang='lat' dir='ltr'><strong>hoc</strong></span> <span class='ocrx_word' id='word_1_362' title='bbox 949 2743 1006 2797; x_wconf 89' lang='lat' dir='ltr'><strong>in</strong></span> <span class='ocrx_word' id='word_1_363' title='bbox 1032 2745 1141 2799; x_wconf 84' lang='lat' dir='ltr'><strong>vita</strong></span> <span class='ocrx_word' id='word_1_364' title='bbox 1168 2745 1344 2799; x_wconf 90' lang='lat' dir='ltr'><strong>sancti</strong></span> <span class='ocrx_word' id='word_1_365' title='bbox 1376 2744 1594 2801; x_wconf 79' lang='lat' dir='ltr'><strong>Maximi</strong></span> <span class='ocrx_word' id='word_1_366' title='bbox 1623 2747 1863 2817; x_wconf 85' lang='lat' dir='ltr'><strong>epicosp.</strong></span> <span class='ocrx_word' id='word_1_367' title='bbox 1902 2746 2066 2817; x_wconf 62' lang='lat' dir='ltr'><strong>Magn,</strong></span> <span class='ocrx_word' id='word_1_368' title='bbox 2098 2748 2163 2803; x_wconf 84' lang='grc'><strong>18</strong></span> <span class='ocrx_word' id='word_1_369' title='bbox 2207 2746 2341 2802; x_wconf 88' lang='grc' dir='ltr'><strong>Νου.</strong></span> <span class='ocrx_word' id='word_1_370' title='bbox 2369 2747 2569 2804; x_wconf 88' lang='lat' dir='ltr'><strong>llieron</strong></span> <span class='ocrx_word' id='word_1_371' title='bbox 2599 2734 2893 2821; x_wconf 58' lang='lat' dir='ltr'><strong>deScript.</strong></span> <span class='ocrx_word' id='word_1_372' title='bbox 2921 2750 3166 2816; x_wconf 84' lang='lat' dir='ltr'><strong>Eccles.,</strong></span> <span class='ocrx_word' id='word_1_373' title='bbox 3199 2768 3317 2823; x_wconf 88' lang='lat' dir='ltr'><strong>cap.</strong></span> <span class='ocrx_word' id='word_1_374' title='bbox 3349 2751 3434 2807; x_wconf 77' lang='lat'><strong>20.</strong></span> 
     </span>
    </p>
   </div>
   <div class='ocr_carea' id='block_1_52' title="bbox 1804 3012 2558 3071">
    <p class='ocr_par' dir='ltr' id='par_1_52' title="bbox 1804 3012 2558 3071">
     <span class='ocr_line' id='line_1_53' title="bbox 1804 3012 2558 3071; baseline 0.004 -4"><span class='ocrx_word' id='word_1_375' title='bbox 1804 3013 1912 3068; x_wconf 84' lang='lat' dir='ltr'><strong>LIT</strong></span> <span class='ocrx_word' id='word_1_376' title='bbox 1914 3012 2006 3068; x_wconf 85' lang='lat' dir='ltr'><strong>AN</strong></span> <span class='ocrx_word' id='word_1_377' title='bbox 2012 3012 2101 3068; x_wconf 76' lang='lat' dir='ltr'><strong>UE</strong></span> <span class='ocrx_word' id='word_1_378' title='bbox 2140 3012 2413 3071; x_wconf 80' lang='lat' dir='ltr'><strong>lNDlCEN</strong></span> <span class='ocrx_word' id='word_1_379' title='bbox 2421 3014 2531 3070; x_wconf 74' lang='lat' dir='ltr'><strong>[UE</strong></span> <span class='ocrx_word' id='word_1_380' title='bbox 2542 3056 2558 3070; x_wconf 90' lang='lat'><strong>.</strong></span> 
     </span>
    </p>
   </div>
   <div class='ocr_carea' id='block_1_53' title="bbox 1665 3182 2045 3261">
    <p class='ocr_par' dir='ltr' id='par_1_53' title="bbox 1665 3182 2045 3261">
     <span class='ocr_line' id='line_1_54' title="bbox 1665 3182 2045 3261; baseline -0.003 -2"><span class='ocrx_word' id='word_1_381' title='bbox 1665 3182 2045 3261; x_wconf 83' lang='lat' dir='ltr'><strong>MENSIS</strong></span> 
     </span>
    </p>
   </div>
   <div class='ocr_carea' id='block_1_54' title="bbox 2125 3182 2765 3261">
    <p class='ocr_par' dir='ltr' id='par_1_54' title="bbox 2125 3182 2765 3261">
     <span class='ocr_line' id='line_1_55' title="bbox 2125 3182 2765 3261; baseline 0.003 -2"><span class='ocrx_word' id='word_1_382' title='bbox 2125 3182 2765 3261; x_wconf 83' lang='lat' dir='ltr'><strong>SEPTEMBRIS</strong></span> 
     </span>
    </p>
   </div>
   <div class='ocr_carea' id='block_1_55' title="bbox 1540 3377 2841 3432">
    <p class='ocr_par' dir='ltr' id='par_1_55' title="bbox 1540 3377 2841 3432">
     <span class='ocr_line' id='line_1_56' title="bbox 1540 3377 2841 3432; baseline -0.002 -11"><span class='ocrx_word' id='word_1_383' title='bbox 1540 3378 1750 3421; x_wconf 71' lang='lat' dir='ltr'><strong>HABET</strong></span> <span class='ocrx_word' id='word_1_384' title='bbox 1792 3378 1929 3421; x_wconf 76' lang='lat' dir='ltr'><strong>DIES</strong></span> <span class='ocrx_word' id='word_1_385' title='bbox 1975 3378 2150 3431; x_wconf 74' lang='lat' dir='ltr'><strong>XXX;</strong></span> <span class='ocrx_word' id='word_1_386' title='bbox 2199 3377 2365 3419; x_wconf 74' lang='lat' dir='ltr'><strong>LUNA</strong></span> <span class='ocrx_word' id='word_1_387' title='bbox 2409 3377 2601 3432; x_wconf 74' lang='lat' dir='ltr'><strong>VERO,</strong></span> <span class='ocrx_word' id='word_1_388' title='bbox 2650 3378 2841 3420; x_wconf 66' lang='lat' dir='ltr'><strong>XXIX.</strong></span> 
     </span>
    </p>
   </div>
   <div class='ocr_carea' id='block_1_56' title="bbox 2047 3504 2278 3525">
    <p class='ocr_par' dir='ltr' id='par_1_56' title="bbox 2047 3504 2278 3525">
     <span class='ocr_line' id='line_1_57' title="bbox 2047 3504 2278 3525; baseline 0.013 -3"><span class='ocrx_word' id='word_1_389' title='bbox 2047 3504 2278 3525; x_wconf 39' lang='grc' dir='ltr'><strong>’σει-ψ</strong></span> 
     </span>
    </p>
   </div>
   <div class='ocr_carea' id='block_1_57' title="bbox 988 3606 1737 3666">
    <p class='ocr_par' dir='ltr' id='par_1_57' title="bbox 988 3606 1737 3666">
     <span class='ocr_line' id='line_1_58' title="bbox 988 3606 1737 3666; baseline 0.008 -6"><span class='ocrx_word' id='word_1_390' title='bbox 988 3606 1049 3661; x_wconf 83' lang='lat' dir='ltr'><strong>F.</strong></span> <span class='ocrx_word' id='word_1_391' title='bbox 1090 3606 1243 3661; x_wconf 84' lang='lat' dir='ltr'><strong>KAL.</strong></span> <span class='ocrx_word' id='word_1_392' title='bbox 1287 3608 1737 3666; x_wconf 78' lang='lat' dir='ltr'><strong>SEPTEMBRIS.</strong></span> 
     </span>
    </p>
   </div>
   <div class='ocr_carea' id='block_1_58' title="bbox 1244 3702 1512 3772">
    <p class='ocr_par' dir='ltr' id='par_1_58' title="bbox 1244 3702 1512 3772">
     <span class='ocr_line' id='line_1_59' title="bbox 1244 3702 1512 3772; baseline 0.004 -18"><span class='ocrx_word' id='word_1_393' title='bbox 1244 3702 1294 3770; x_wconf 77' lang='lat' dir='ltr'><strong>(l</strong></span> <span class='ocrx_word' id='word_1_394' title='bbox 1340 3702 1512 3772; x_wconf 77' lang='lat' dir='ltr'><strong>Sept.)</strong></span> 
     </span>
    </p>
   </div>
   <div class='ocr_carea' id='block_1_59' title="bbox 636 3790 1691 3861">
    <p class='ocr_par' dir='ltr' id='par_1_59' title="bbox 636 3790 1691 3861">
     <span class='ocr_line' id='line_1_60' title="bbox 636 3790 1691 3861; baseline 0.001 -16"><span class='ocrx_word' id='word_1_395' title='bbox 636 3790 761 3845; x_wconf 83' lang='lat' dir='ltr'><strong>Jesu</strong></span> <span class='ocrx_word' id='word_1_396' title='bbox 795 3806 930 3844; x_wconf 86' lang='lat' dir='ltr'><strong>nave</strong></span> <span class='ocrx_word' id='word_1_397' title='bbox 958 3802 1012 3844; x_wconf 91' lang='lat' dir='ltr'><strong>et</strong></span> <span class='ocrx_word' id='word_1_398' title='bbox 1038 3791 1256 3846; x_wconf 84' lang='lat' dir='ltr'><strong>Gedeon</strong></span> <span class='ocrx_word' id='word_1_399' title='bbox 1283 3794 1691 3861; x_wconf 87' lang='lat' dir='ltr'><strong>prophetarum.</strong></span> 
     </span>
    </p>
   </div>
   <div class='ocr_carea' id='block_1_60' title="bbox 560 3883 2148 3952">
    <p class='ocr_par' dir='ltr' id='par_1_60' title="bbox 560 3883 2148 3952">
     <span class='ocr_line' id='line_1_61' title="bbox 560 3883 2148 3952; baseline 0.004 -17"><span class='ocrx_word' id='word_1_400' title='bbox 560 3900 563 3903; x_wconf 93' lang='grc'><strong>·</strong></span> <span class='ocrx_word' id='word_1_401' title='bbox 633 3883 787 3952; x_wconf 84' lang='lat' dir='ltr'><strong>Apud</strong></span> <span class='ocrx_word' id='word_1_402' title='bbox 821 3883 1061 3952; x_wconf 87' lang='lat' dir='ltr'><strong>Capuam</strong></span> <span class='ocrx_word' id='word_1_403' title='bbox 1085 3922 1101 3947; x_wconf 91' lang='lat'><strong>,</strong></span> <span class='ocrx_word' id='word_1_404' title='bbox 1137 3883 1224 3937; x_wconf 86' lang='lat' dir='ltr'><strong>via</strong></span> <span class='ocrx_word' id='word_1_405' title='bbox 1261 3884 1518 3952; x_wconf 84' lang='lat' dir='ltr'><strong>Aquaria,</strong></span> <span class='ocrx_word' id='word_1_406' title='bbox 1548 3885 1745 3939; x_wconf 84' lang='lat' dir='ltr'><strong>natalis</strong></span> <span class='ocrx_word' id='word_1_407' title='bbox 1772 3888 1942 3941; x_wconf 84' lang='lat' dir='ltr'><strong>sancti</strong></span> <span class='ocrx_word' id='word_1_408' title='bbox 1982 3887 2148 3942; x_wconf 85' lang='lat' dir='ltr'><strong>Prisci</strong></span> 
     </span>
    </p>
   </div>
   <div class='ocr_carea' id='block_1_61' title="bbox 564 3972 2152 4046">
    <p class='ocr_par' dir='ltr' id='par_1_61' title="bbox 564 3972 2152 4046">
     <span class='ocr_line' id='line_1_62' title="bbox 564 3972 2152 4046; baseline 0.003 -18"><span class='ocrx_word' id='word_1_409' title='bbox 564 3974 846 4045; x_wconf 73' lang='lat' dir='ltr'><strong>martyris,</strong></span> <span class='ocrx_word' id='word_1_410' title='bbox 877 3973 970 4043; x_wconf 91' lang='lat' dir='ltr'><strong>qui</strong></span> <span class='ocrx_word' id='word_1_411' title='bbox 1000 3989 1139 4027; x_wconf 90' lang='lat' dir='ltr'><strong>unus</strong></span> <span class='ocrx_word' id='word_1_412' title='bbox 1184 3972 1283 4028; x_wconf 89' lang='lat' dir='ltr'><strong>fuit</strong></span> <span class='ocrx_word' id='word_1_413' title='bbox 1308 3974 1375 4028; x_wconf 92' lang='lat' dir='ltr'><strong>de</strong></span> <span class='ocrx_word' id='word_1_414' title='bbox 1416 3972 1525 4029; x_wconf 84' lang='lat' dir='ltr'><strong>illis</strong></span> <span class='ocrx_word' id='word_1_415' title='bbox 1570 3975 1808 4046; x_wconf 89' lang='lat' dir='ltr'><strong>antiquis</strong></span> <span class='ocrx_word' id='word_1_416' title='bbox 1835 3975 2039 4032; x_wconf 88' lang='lat' dir='ltr'><strong>Christi</strong></span> <span class='ocrx_word' id='word_1_417' title='bbox 2075 3979 2152 4032; x_wconf 74' lang='lat' dir='ltr'><strong>di—</strong></span> 
     </span>
    </p>
   </div>
   <div class='ocr_carea' id='block_1_62' title="bbox 562 4051 1788 4131">
    <p class='ocr_par' dir='ltr' id='par_1_62' title="bbox 562 4051 1788 4131">
     <span class='ocr_line' id='line_1_63' title="bbox 562 4051 1788 4131; baseline 0.004 -17"><span class='ocrx_word' id='word_1_418' title='bbox 562 4062 805 4131; x_wconf 80' lang='lat' dir='ltr'><strong>scipulis.</strong></span> <span class='ocrx_word' id='word_1_419' title='bbox 1784 4051 1788 4054; x_wconf 4' lang='lat' dir='ltr'><strong>ﬁ</strong></span> 
     </span>
    </p>
   </div>
   <div class='ocr_carea' id='block_1_63' title="bbox 639 4154 1792 4228">
    <p class='ocr_par' dir='ltr' id='par_1_63' title="bbox 639 4154 1792 4228">
     <span class='ocr_line' id='line_1_64' title="bbox 639 4154 1792 4228; baseline 0.006 -21"><span class='ocrx_word' id='word_1_420' title='bbox 639 4154 838 4209; x_wconf 89' lang='lat' dir='ltr'><strong>Eodem</strong></span> <span class='ocrx_word' id='word_1_421' title='bbox 862 4154 948 4210; x_wconf 87' lang='lat' dir='ltr'><strong>die</strong></span> <span class='ocrx_word' id='word_1_422' title='bbox 973 4156 1171 4210; x_wconf 86' lang='lat' dir='ltr'><strong>natalis</strong></span> <span class='ocrx_word' id='word_1_423' title='bbox 1196 4156 1367 4212; x_wconf 67' lang='lat' dir='ltr'><strong>Annae</strong></span> <span class='ocrx_word' id='word_1_424' title='bbox 1391 4159 1744 4228; x_wconf 66' lang='lat' dir='ltr'><strong>pr0phetissae</strong></span> <span class='ocrx_word' id='word_1_425' title='bbox 1778 4177 1792 4213; x_wconf 92' lang='lat'><strong>:</strong></span> 
     </span>
    </p>
   </div>
   <div class='ocr_carea' id='block_1_64' title="bbox 634 4248 2146 4323">
    <p class='ocr_par' dir='ltr' id='par_1_64' title="bbox 634 4248 2146 4323">
     <span class='ocr_line' id='line_1_65' title="bbox 634 4248 2146 4323; baseline 0.003 -20"><span class='ocrx_word' id='word_1_426' title='bbox 634 4249 769 4304; x_wconf 90' lang='lat' dir='ltr'><strong>ltem</strong></span> <span class='ocrx_word' id='word_1_427' title='bbox 797 4248 987 4305; x_wconf 87' lang='lat' dir='ltr'><strong>eodem</strong></span> <span class='ocrx_word' id='word_1_428' title='bbox 1019 4260 1211 4306; x_wconf 87' lang='lat' dir='ltr'><strong>sancto</strong></span> <span class='ocrx_word' id='word_1_429' title='bbox 1234 4251 1323 4307; x_wconf 91' lang='lat' dir='ltr'><strong>die</strong></span> <span class='ocrx_word' id='word_1_430' title='bbox 1352 4252 1490 4321; x_wconf 88' lang='lat' dir='ltr'><strong>apud</strong></span> <span class='ocrx_word' id='word_1_431' title='bbox 1526 4252 1801 4319; x_wconf 83' lang='lat' dir='ltr'><strong>Senonas,</strong></span> <span class='ocrx_word' id='word_1_432' title='bbox 1843 4254 1984 4308; x_wconf 89' lang='lat' dir='ltr'><strong>beati</strong></span> <span class='ocrx_word' id='word_1_433' title='bbox 2012 4252 2146 4323; x_wconf 83' lang='lat' dir='ltr'><strong>Lupi</strong></span> 
     </span>
    </p>
   </div>
   <div class='ocr_carea' id='block_1_65' title="bbox 560 4342 2144 4414">
    <p class='ocr_par' dir='ltr' id='par_1_65' title="bbox 560 4342 2144 4414">
     <span class='ocr_line' id='line_1_66' title="bbox 560 4342 2144 4414; baseline 0.003 -20"><span class='ocrx_word' id='word_1_434' title='bbox 560 4342 820 4412; x_wconf 80' lang='lat' dir='ltr'><strong>episcopi,</strong></span> <span class='ocrx_word' id='word_1_435' title='bbox 849 4343 1140 4398; x_wconf 90' lang='lat' dir='ltr'><strong>sanctitate</strong></span> <span class='ocrx_word' id='word_1_436' title='bbox 1161 4350 1216 4397; x_wconf 88' lang='lat' dir='ltr'><strong>et</strong></span> <span class='ocrx_word' id='word_1_437' title='bbox 1243 4343 1412 4414; x_wconf 80' lang='lat' dir='ltr'><strong>signis</strong></span> <span class='ocrx_word' id='word_1_438' title='bbox 1433 4344 1817 4400; x_wconf 89' lang='lat' dir='ltr'><strong>miraculorum</strong></span> <span class='ocrx_word' id='word_1_439' title='bbox 1833 4344 2144 4400; x_wconf 81' lang='lat' dir='ltr'><strong>illustravit.</strong></span> 
     </span>
    </p>
   </div>
   <div class='ocr_carea' id='block_1_66' title="bbox 630 4432 2145 4506">
    <p class='ocr_par' dir='ltr' id='par_1_66' title="bbox 630 4432 2145 4506">
     <span class='ocr_line' id='line_1_67' title="bbox 630 4432 2145 4506; baseline 0.002 -20"><span class='ocrx_word' id='word_1_440' title='bbox 630 4432 760 4487; x_wconf 82' lang='lat' dir='ltr'><strong>Item</strong></span> <span class='ocrx_word' id='word_1_441' title='bbox 788 4433 928 4504; x_wconf 91' lang='lat' dir='ltr'><strong>apud</strong></span> <span class='ocrx_word' id='word_1_442' title='bbox 952 4432 1258 4489; x_wconf 68' lang='lat' dir='ltr'><strong>Caesaream</strong></span> <span class='ocrx_word' id='word_1_443' title='bbox 1294 4432 1667 4505; x_wconf 57' lang='lat' dir='ltr'><strong>Cappadocia},</strong></span> <span class='ocrx_word' id='word_1_444' title='bbox 1695 4434 1836 4489; x_wconf 81' lang='lat' dir='ltr'><strong>beati</strong></span> <span class='ocrx_word' id='word_1_445' title='bbox 1863 4434 2088 4506; x_wconf 78' lang='lat' dir='ltr'><strong>Longini</strong></span> <span class='ocrx_word' id='word_1_446' title='bbox 2117 4447 2145 4476; x_wconf 67' lang='grc' dir='ltr'>α</span> 
     </span>
    </p>
   </div>
   <div class='ocr_carea' id='block_1_67' title="bbox 560 4523 2145 4597">
    <p class='ocr_par' dir='ltr' id='par_1_67' title="bbox 560 4523 2145 4597">
     <span class='ocr_line' id='line_1_68' title="bbox 560 4523 2145 4597; baseline 0.002 -20"><span class='ocrx_word' id='word_1_447' title='bbox 560 4523 747 4578; x_wconf 89' lang='lat' dir='ltr'><strong>militis</strong></span> <span class='ocrx_word' id='word_1_448' title='bbox 791 4533 846 4579; x_wconf 90' lang='lat' dir='ltr'><strong>et</strong></span> <span class='ocrx_word' id='word_1_449' title='bbox 891 4525 1174 4597; x_wconf 85' lang='lat' dir='ltr'><strong>martyris;</strong></span> <span class='ocrx_word' id='word_1_450' title='bbox 1218 4540 1378 4595; x_wconf 86' lang='lat' dir='ltr'><strong>quem</strong></span> <span class='ocrx_word' id='word_1_451' title='bbox 1410 4524 1631 4579; x_wconf 89' lang='lat' dir='ltr'><strong>tradunt</strong></span> <span class='ocrx_word' id='word_1_452' title='bbox 1678 4524 1825 4579; x_wconf 90' lang='lat' dir='ltr'><strong>illum</strong></span> <span class='ocrx_word' id='word_1_453' title='bbox 1884 4539 2006 4580; x_wconf 90' lang='lat' dir='ltr'><strong>esse</strong></span> <span class='ocrx_word' id='word_1_454' title='bbox 2051 4524 2145 4595; x_wconf 86' lang='lat' dir='ltr'><strong>qui</strong></span> 
     </span>
    </p>
   </div>
   <div class='ocr_carea' id='block_1_68' title="bbox 560 4611 2144 4684">
    <p class='ocr_par' dir='ltr' id='par_1_68' title="bbox 560 4611 2144 4684">
     <span class='ocr_line' id='line_1_69' title="bbox 560 4611 2144 4684; baseline 0.004 -20"><span class='ocrx_word' id='word_1_455' title='bbox 560 4612 747 4668; x_wconf 76' lang='lat' dir='ltr'><strong>lancea</strong></span> <span class='ocrx_word' id='word_1_456' title='bbox 778 4612 921 4669; x_wconf 83' lang='lat' dir='ltr'><strong>latus</strong></span> <span class='ocrx_word' id='word_1_457' title='bbox 945 4613 1157 4669; x_wconf 89' lang='lat' dir='ltr'><strong>Domini</strong></span> <span class='ocrx_word' id='word_1_458' title='bbox 1194 4611 1321 4671; x_wconf 84' lang='lat' dir='ltr'><strong>Jesu</strong></span> <span class='ocrx_word' id='word_1_459' title='bbox 1353 4613 1553 4668; x_wconf 86' lang='lat' dir='ltr'><strong>Christi</strong></span> <span class='ocrx_word' id='word_1_460' title='bbox 1588 4613 1873 4684; x_wconf 89' lang='lat' dir='ltr'><strong>pendentis</strong></span> <span class='ocrx_word' id='word_1_461' title='bbox 1899 4613 1953 4668; x_wconf 90' lang='lat' dir='ltr'><strong>in</strong></span> <span class='ocrx_word' id='word_1_462' title='bbox 1980 4629 2144 4671; x_wconf 87' lang='lat' dir='ltr'><strong>cruce</strong></span> 
     </span>
    </p>
   </div>
   <div class='ocr_carea' id='block_1_69' title="bbox 559 4702 2146 4777">
    <p class='ocr_par' dir='ltr' id='par_1_69' title="bbox 559 4702 2146 4777">
     <span class='ocr_line' id='line_1_70' title="bbox 559 4702 2146 4777; baseline 0.004 -20"><span class='ocrx_word' id='word_1_463' title='bbox 559 4705 773 4775; x_wconf 87' lang='lat' dir='ltr'><strong>aperuit</strong></span> <span class='ocrx_word' id='word_1_464' title='bbox 787 4702 968 4777; x_wconf 81' lang='lat' dir='ltr'><strong>(Joan.</strong></span> <span class='ocrx_word' id='word_1_465' title='bbox 988 4705 1124 4777; x_wconf 74' lang='lat' dir='ltr'><strong>tux).</strong></span> <span class='ocrx_word' id='word_1_466' title='bbox 1145 4705 1243 4761; x_wconf 87' lang='lat' dir='ltr'><strong>llic</strong></span> <span class='ocrx_word' id='word_1_467' title='bbox 1258 4707 1599 4776; x_wconf 90' lang='lat' dir='ltr'><strong>postmodum</strong></span> <span class='ocrx_word' id='word_1_468' title='bbox 1619 4706 1920 4775; x_wconf 86' lang='lat' dir='ltr'><strong>haptisatus</strong></span> <span class='ocrx_word' id='word_1_469' title='bbox 1939 4706 2008 4763; x_wconf 89' lang='lat' dir='ltr'><strong>ab</strong></span> <span class='ocrx_word' id='word_1_470' title='bbox 2024 4722 2146 4777; x_wconf 86' lang='lat' dir='ltr'><strong>apo-</strong></span> 
     </span>
    </p>
   </div>
   <div class='ocr_carea' id='block_1_70' title="bbox 557 4794 2146 4868">
    <p class='ocr_par' dir='ltr' id='par_1_70' title="bbox 557 4794 2146 4868">
     <span class='ocr_line' id='line_1_71' title="bbox 557 4794 2146 4868; baseline 0.003 -20"><span class='ocrx_word' id='word_1_471' title='bbox 557 4794 735 4861; x_wconf 78' lang='lat' dir='ltr'><strong>stolis,</strong></span> <span class='ocrx_word' id='word_1_472' title='bbox 777 4811 900 4850; x_wconf 88' lang='lat' dir='ltr'><strong>cum</strong></span> <span class='ocrx_word' id='word_1_473' title='bbox 924 4796 1067 4867; x_wconf 91' lang='lat' dir='ltr'><strong>apud</strong></span> <span class='ocrx_word' id='word_1_474' title='bbox 1100 4794 1494 4868; x_wconf 88' lang='lat' dir='ltr'><strong>Cappadociam</strong></span> <span class='ocrx_word' id='word_1_475' title='bbox 1519 4797 1806 4852; x_wconf 88' lang='lat' dir='ltr'><strong>sanctitate</strong></span> <span class='ocrx_word' id='word_1_476' title='bbox 1844 4798 2146 4868; x_wconf 67' lang='lat' dir='ltr'><strong>praecipuus</strong></span> 
     </span>
    </p>
   </div>
   <div class='ocr_carea' id='block_1_71' title="bbox 558 4886 2143 4959">
    <p class='ocr_par' dir='ltr' id='par_1_71' title="bbox 558 4886 2143 4959">
     <span class='ocr_line' id='line_1_72' title="bbox 558 4886 2143 4959; baseline 0.002 -19"><span class='ocrx_word' id='word_1_477' title='bbox 558 4888 799 4959; x_wconf 80' lang='lat' dir='ltr'><strong>degeret,</strong></span> <span class='ocrx_word' id='word_1_478' title='bbox 832 4887 1047 4943; x_wconf 91' lang='lat' dir='ltr'><strong>tandem</strong></span> <span class='ocrx_word' id='word_1_479' title='bbox 1080 4886 1148 4941; x_wconf 89' lang='lat' dir='ltr'><strong>ab</strong></span> <span class='ocrx_word' id='word_1_480' title='bbox 1175 4887 1400 4947; x_wconf 88' lang='lat' dir='ltr'><strong>Octavio</strong></span> <span class='ocrx_word' id='word_1_481' title='bbox 1427 4886 1656 4957; x_wconf 63' lang='lat' dir='ltr'><strong>praeside</strong></span> <span class='ocrx_word' id='word_1_482' title='bbox 1686 4888 2107 4957; x_wconf 90' lang='lat' dir='ltr'><strong>comprehensus</strong></span> <span class='ocrx_word' id='word_1_483' title='bbox 2127 4928 2143 4952; x_wconf 95' lang='lat'><strong>,</strong></span> 
     </span>
    </p>
   </div>
   <div class='ocr_carea' id='block_1_72' title="bbox 554 4976 2144 5050">
    <p class='ocr_par' dir='ltr' id='par_1_72' title="bbox 554 4976 2144 5050">
     <span class='ocr_line' id='line_1_73' title="bbox 554 4976 2144 5050; baseline 0.001 -17"><span class='ocrx_word' id='word_1_484' title='bbox 554 4989 681 5050; x_wconf 84' lang='lat' dir='ltr'><strong>post</strong></span> <span class='ocrx_word' id='word_1_485' title='bbox 711 4979 1108 5036; x_wconf 80' lang='lat' dir='ltr'><strong>confessionem</strong></span> <span class='ocrx_word' id='word_1_486' title='bbox 1131 4978 1277 5045; x_wconf 87' lang='lat' dir='ltr'><strong>ﬁdei,</strong></span> <span class='ocrx_word' id='word_1_487' title='bbox 1305 4978 1489 5049; x_wconf 85' lang='lat' dir='ltr'><strong>lingua</strong></span> <span class='ocrx_word' id='word_1_488' title='bbox 1515 4978 1747 5042; x_wconf 82' lang='lat' dir='ltr'><strong>abscisa,</strong></span> <span class='ocrx_word' id='word_1_489' title='bbox 1797 4987 1853 5034; x_wconf 91' lang='lat' dir='ltr'><strong>et</strong></span> <span class='ocrx_word' id='word_1_490' title='bbox 1892 4976 2144 5034; x_wconf 82' lang='lat' dir='ltr'><strong>dentibus</strong></span> 
     </span>
    </p>
   </div>
   <div class='ocr_carea' id='block_1_73' title="bbox 554 5052 2163 5143">
    <p class='ocr_par' dir='ltr' id='par_1_73' title="bbox 554 5052 2163 5143">
     <span class='ocr_line' id='line_1_74' title="bbox 554 5052 2163 5143; baseline -0.002 -15"><span class='ocrx_word' id='word_1_491' title='bbox 554 5052 804 5134; x_wconf 72' lang='lat' dir='ltr'><strong>excusis,</strong></span> <span class='ocrx_word' id='word_1_492' title='bbox 837 5072 1014 5143; x_wconf 90' lang='lat' dir='ltr'><strong>capite</strong></span> <span class='ocrx_word' id='word_1_493' title='bbox 1058 5080 1338 5126; x_wconf 80' lang='lat' dir='ltr'><strong>truncatus</strong></span> <span class='ocrx_word' id='word_1_494' title='bbox 1369 5081 1472 5126; x_wconf 91' lang='lat' dir='ltr'><strong>est.</strong></span> <span class='ocrx_word' id='word_1_495' title='bbox 1505 5069 1677 5125; x_wconf 91' lang='lat' dir='ltr'><strong>Simul</strong></span> <span class='ocrx_word' id='word_1_496' title='bbox 1717 5085 1839 5125; x_wconf 89' lang='lat' dir='ltr'><strong>cum</strong></span> <span class='ocrx_word' id='word_1_497' title='bbox 1884 5085 1952 5125; x_wconf 92' lang='lat' dir='ltr'><strong>eo</strong></span> <span class='ocrx_word' id='word_1_498' title='bbox 1981 5062 2163 5126; x_wconf 18' lang='lat' dir='ltr'><strong>coro-1</strong></span> 
     </span>
    </p>
   </div>
   <div class='ocr_carea' id='block_1_74' title="bbox 482 5160 2138 5233">
    <p class='ocr_par' dir='ltr' id='par_1_74' title="bbox 482 5160 2138 5233">
     <span class='ocr_line' id='line_1_75' title="bbox 482 5160 2138 5233; baseline -0.002 -12"><span class='ocrx_word' id='word_1_499' title='bbox 482 5220 485 5221; x_wconf 30' lang='grc' dir='ltr'><em>ν</em></span> <span class='ocrx_word' id='word_1_500' title='bbox 557 5175 719 5219; x_wconf 90' lang='lat' dir='ltr'><strong>natus</strong></span> <span class='ocrx_word' id='word_1_501' title='bbox 748 5170 830 5218; x_wconf 91' lang='lat' dir='ltr'><strong>est</strong></span> <span class='ocrx_word' id='word_1_502' title='bbox 854 5161 1210 5233; x_wconf 84' lang='lat' dir='ltr'><strong>Aphrodisius</strong></span> <span class='ocrx_word' id='word_1_503' title='bbox 1232 5160 1771 5227; x_wconf 89' lang='lat' dir='ltr'><strong>Commentariensis,</strong></span> <span class='ocrx_word' id='word_1_504' title='bbox 1797 5162 1884 5217; x_wconf 87' lang='lat' dir='ltr'><strong>cui</strong></span> <span class='ocrx_word' id='word_1_505' title='bbox 1912 5169 1967 5216; x_wconf 85' lang='lat' dir='ltr'><strong>et</strong></span> <span class='ocrx_word' id='word_1_506' title='bbox 1997 5176 2138 5232; x_wconf 70' lang='lat' dir='ltr'><strong>pra:-</strong></span> 
     </span>
    </p>
   </div>
   <div class='ocr_carea' id='block_1_75' title="bbox 557 5249 2137 5324">
    <p class='ocr_par' dir='ltr' id='par_1_75' title="bbox 557 5249 2137 5324">
     <span class='ocr_line' id='line_1_76' title="bbox 557 5249 2137 5324; baseline -0.001 -16"><span class='ocrx_word' id='word_1_507' title='bbox 557 5270 646 5308; x_wconf 89' lang='lat' dir='ltr'><strong>ses</strong></span> <span class='ocrx_word' id='word_1_508' title='bbox 670 5253 909 5324; x_wconf 83' lang='lat' dir='ltr'><strong>linguam</strong></span> <span class='ocrx_word' id='word_1_509' title='bbox 940 5251 1145 5307; x_wconf 88' lang='lat' dir='ltr'><strong>abscidi</strong></span> <span class='ocrx_word' id='word_1_510' title='bbox 1184 5249 1459 5321; x_wconf 87' lang='lat' dir='ltr'><strong>jusserat;</strong></span> <span class='ocrx_word' id='word_1_511' title='bbox 1488 5250 1689 5322; x_wconf 83' lang='lat' dir='ltr'><strong>quique</strong></span> <span class='ocrx_word' id='word_1_512' title='bbox 1718 5260 1840 5321; x_wconf 90' lang='lat' dir='ltr'><strong>post</strong></span> <span class='ocrx_word' id='word_1_513' title='bbox 1871 5252 2137 5307; x_wconf 90' lang='lat' dir='ltr'><strong>abscisio-</strong></span> 
     </span>
    </p>
   </div>
   <div class='ocr_carea' id='block_1_76' title="bbox 558 5344 1973 5418">
    <p class='ocr_par' dir='ltr' id='par_1_76' title="bbox 558 5344 1973 5418">
     <span class='ocr_line' id='line_1_77' title="bbox 558 5344 1973 5418; baseline 0.001 -17"><span class='ocrx_word' id='word_1_514' title='bbox 558 5362 681 5402; x_wconf 90' lang='lat' dir='ltr'><strong>nem</strong></span> <span class='ocrx_word' id='word_1_515' title='bbox 711 5346 960 5418; x_wconf 74' lang='lat' dir='ltr'><strong>expedite</strong></span> <span class='ocrx_word' id='word_1_516' title='bbox 988 5344 1263 5407; x_wconf 86' lang='lat' dir='ltr'><strong>Christum</strong></span> <span class='ocrx_word' id='word_1_517' title='bbox 1298 5345 1441 5400; x_wconf 89' lang='lat' dir='ltr'><strong>clara</strong></span> <span class='ocrx_word' id='word_1_518' title='bbox 1473 5360 1604 5400; x_wconf 86' lang='lat' dir='ltr'><strong>voce</strong></span> <span class='ocrx_word' id='word_1_519' title='bbox 1630 5345 1973 5418; x_wconf 86' lang='lat' dir='ltr'><strong>loquebatur.</strong></span> 
     </span>
    </p>
   </div>
   <div class='ocr_carea' id='block_1_77' title="bbox 874 5456 1813 5515">
    <p class='ocr_par' dir='ltr' id='par_1_77' title="bbox 874 5456 1813 5515">
     <span class='ocr_line' id='line_1_78' title="bbox 874 5456 1813 5515; baseline -0.002 -1"><span class='ocrx_word' id='word_1_520' title='bbox 874 5457 940 5514; x_wconf 74' lang='grc' dir='ltr'><strong>ϐ.</strong></span> <span class='ocrx_word' id='word_1_521' title='bbox 988 5457 1056 5512; x_wconf 80' lang='lat' dir='ltr'><strong>1V</strong></span> <span class='ocrx_word' id='word_1_522' title='bbox 1096 5456 1324 5515; x_wconf 83' lang='lat' dir='ltr'><strong>NONAS</strong></span> <span class='ocrx_word' id='word_1_523' title='bbox 1364 5457 1813 5514; x_wconf 81' lang='lat' dir='ltr'><strong>SEPTEMBRlS.</strong></span> 
     </span>
    </p>
   </div>
   <div class='ocr_carea' id='block_1_78' title="bbox 1216 5548 1478 5619">
    <p class='ocr_par' dir='ltr' id='par_1_78' title="bbox 1216 5548 1478 5619">
     <span class='ocr_line' id='line_1_79' title="bbox 1216 5548 1478 5619; baseline -0.004 -16"><span class='ocrx_word' id='word_1_524' title='bbox 1216 5548 1273 5618; x_wconf 75' lang='lat'><strong>(‘2</strong></span> <span class='ocrx_word' id='word_1_525' title='bbox 1308 5548 1478 5619; x_wconf 81' lang='lat' dir='ltr'><strong>Sept.)</strong></span> 
     </span>
    </p>
   </div>
   <div class='ocr_carea' id='block_1_79' title="bbox 542 5641 2137 5737">
    <p class='ocr_par' dir='ltr' id='par_1_79' title="bbox 542 5641 2137 5714">
     <span class='ocr_line' id='line_1_80' title="bbox 542 5641 2137 5714; baseline 0.001 -17"><span class='ocrx_word' id='word_1_526' title='bbox 542 5644 547 5649; x_wconf 81' lang='grc'><strong>’</strong></span> <span class='ocrx_word' id='word_1_527' title='bbox 628 5642 815 5698; x_wconf 71' lang='lat' dir='ltr'><strong>Natale</strong></span> <span class='ocrx_word' id='word_1_528' title='bbox 842 5644 1015 5699; x_wconf 87' lang='lat' dir='ltr'><strong>sancti</strong></span> <span class='ocrx_word' id='word_1_529' title='bbox 1059 5643 1196 5699; x_wconf 81' lang='lat' dir='ltr'><strong>Justi</strong></span> <span class='ocrx_word' id='word_1_530' title='bbox 1248 5641 1626 5713; x_wconf 89' lang='lat' dir='ltr'><strong>Lugdunensis</strong></span> <span class='ocrx_word' id='word_1_531' title='bbox 1668 5643 1937 5714; x_wconf 87' lang='lat' dir='ltr'><strong>episcopi,</strong></span> <span class='ocrx_word' id='word_1_532' title='bbox 1987 5644 2137 5699; x_wconf 75' lang='lat' dir='ltr'><strong>mira:</strong></span> 
     </span>
    </p>
   </div>
   <div class='ocr_carea' id='block_1_80' title="bbox 627 5753 1733 5826">
    <p class='ocr_par' dir='ltr' id='par_1_80' title="bbox 627 5753 1733 5826">
     <span class='ocr_line' id='line_1_81' title="bbox 627 5753 1733 5826; baseline -0.002 -16"><span class='ocrx_word' id='word_1_533' title='bbox 627 5767 652 5797; x_wconf 80' lang='grc' dir='ltr'>ι</span> <span class='ocrx_word' id='word_1_534' title='bbox 696 5755 826 5812; x_wconf 70' lang='lat' dir='ltr'><strong>Vide</strong></span> <span class='ocrx_word' id='word_1_535' title='bbox 852 5754 1089 5812; x_wconf 87' lang='lat' dir='ltr'><strong>libellum</strong></span> <span class='ocrx_word' id='word_1_536' title='bbox 1121 5757 1184 5811; x_wconf 82' lang='lat' dir='ltr'><strong>de</strong></span> <span class='ocrx_word' id='word_1_537' title='bbox 1211 5753 1511 5811; x_wconf 78' lang='lat' dir='ltr'><strong>Festivilat.</strong></span> <span class='ocrx_word' id='word_1_538' title='bbox 1543 5754 1733 5826; x_wconf 81' lang='lat' dir='ltr'><strong>Apost.</strong></span> 
     </span>
    </p>
   </div>
   <div class='ocr_carea' id='block_1_81' title="bbox 2190 3612 3754 3685">
    <p class='ocr_par' dir='ltr' id='par_1_81' title="bbox 2190 3612 3754 3685">
     <span class='ocr_line' id='line_1_82' title="bbox 2190 3612 3754 3685; baseline 0.001 -20"><span class='ocrx_word' id='word_1_539' title='bbox 2190 3618 2233 3678; x_wconf 82' lang='lat' dir='ltr'>C</span> <span class='ocrx_word' id='word_1_540' title='bbox 2266 3613 2574 3667; x_wconf 85' lang='lat' dir='ltr'><strong>sanctitatis</strong></span> <span class='ocrx_word' id='word_1_541' title='bbox 2601 3621 2657 3667; x_wconf 92' lang='lat' dir='ltr'><strong>et</strong></span> <span class='ocrx_word' id='word_1_542' title='bbox 2687 3613 2985 3683; x_wconf 84' lang='lat' dir='ltr'><strong>prophetici</strong></span> <span class='ocrx_word' id='word_1_543' title='bbox 3016 3615 3245 3685; x_wconf 88' lang='lat' dir='ltr'><strong>spiritus</strong></span> <span class='ocrx_word' id='word_1_544' title='bbox 3282 3616 3405 3672; x_wconf 84' lang='lat' dir='ltr'><strong>viri.</strong></span> <span class='ocrx_word' id='word_1_545' title='bbox 3435 3615 3526 3671; x_wconf 83' lang='lat' dir='ltr'><strong>Hic</strong></span> <span class='ocrx_word' id='word_1_546' title='bbox 3547 3612 3658 3668; x_wconf 81' lang='lat' dir='ltr'><strong>clam</strong></span> <span class='ocrx_word' id='word_1_547' title='bbox 3677 3621 3754 3677; x_wconf 70' lang='lat' dir='ltr'><strong>ept-</strong></span> 
     </span>
    </p>
   </div>
   <div class='ocr_carea' id='block_1_82' title="bbox 2257 3698 3756 3775">
    <p class='ocr_par' dir='ltr' id='par_1_82' title="bbox 2257 3698 3756 3775">
     <span class='ocr_line' id='line_1_83' title="bbox 2257 3698 3756 3775; baseline -0.001 -19"><span class='ocrx_word' id='word_1_548' title='bbox 2257 3711 2537 3773; x_wconf 87' lang='lat' dir='ltr'><strong>scopatum</strong></span> <span class='ocrx_word' id='word_1_549' title='bbox 2567 3718 2725 3757; x_wconf 89' lang='lat' dir='ltr'><strong>suum</strong></span> <span class='ocrx_word' id='word_1_550' title='bbox 2754 3703 3088 3775; x_wconf 88' lang='lat' dir='ltr'><strong>relinquens,</strong></span> <span class='ocrx_word' id='word_1_551' title='bbox 3125 3720 3353 3763; x_wconf 86' lang='lat' dir='ltr'><strong>ascensa</strong></span> <span class='ocrx_word' id='word_1_552' title='bbox 3382 3720 3527 3771; x_wconf 81' lang='lat' dir='ltr'><strong>nave,</strong></span> <span class='ocrx_word' id='word_1_553' title='bbox 3545 3698 3756 3759; x_wconf 64' lang='lat' dir='ltr'><strong>comitante</strong></span> 
     </span>
    </p>
   </div>
   <div class='ocr_carea' id='block_1_83' title="bbox 2256 3789 3757 3867">
    <p class='ocr_par' dir='ltr' id='par_1_83' title="bbox 2256 3789 3757 3867">
     <span class='ocr_line' id='line_1_84' title="bbox 2256 3789 3757 3867; baseline -0.002 -19"><span class='ocrx_word' id='word_1_554' title='bbox 2256 3811 2314 3849; x_wconf 86' lang='lat' dir='ltr'><strong>se</strong></span> <span class='ocrx_word' id='word_1_555' title='bbox 2343 3810 2451 3850; x_wconf 92' lang='lat' dir='ltr'><strong>uno</strong></span> <span class='ocrx_word' id='word_1_556' title='bbox 2477 3804 2686 3850; x_wconf 92' lang='lat' dir='ltr'><strong>tantum</strong></span> <span class='ocrx_word' id='word_1_557' title='bbox 2709 3810 2898 3867; x_wconf 86' lang='lat' dir='ltr'><strong>puero,</strong></span> <span class='ocrx_word' id='word_1_558' title='bbox 2928 3798 3021 3866; x_wconf 91' lang='lat' dir='ltr'><strong>qui</strong></span> <span class='ocrx_word' id='word_1_559' title='bbox 3042 3797 3221 3854; x_wconf 83' lang='lat' dir='ltr'><strong>omcio</strong></span> <span class='ocrx_word' id='word_1_560' title='bbox 3243 3799 3414 3855; x_wconf 89' lang='lat' dir='ltr'><strong>lector</strong></span> <span class='ocrx_word' id='word_1_561' title='bbox 3436 3805 3544 3854; x_wconf 88' lang='lat' dir='ltr'><strong>erat</strong></span> <span class='ocrx_word' id='word_1_562' title='bbox 3565 3796 3610 3849; x_wconf 93' lang='lat' dir='ltr'><strong>in</strong></span> <span class='ocrx_word' id='word_1_563' title='bbox 3635 3789 3757 3845; x_wconf 75' lang='lat' dir='ltr'><strong>eccle-</strong></span> 
     </span>
    </p>
   </div>
   <div class='ocr_carea' id='block_1_84' title="bbox 2256 3881 3758 3965">
    <p class='ocr_par' dir='ltr' id='par_1_84' title="bbox 2256 3881 3758 3965">
     <span class='ocr_line' id='line_1_85' title="bbox 2256 3881 3758 3965; baseline -0.001 -26"><span class='ocrx_word' id='word_1_564' title='bbox 2256 3887 2359 3943; x_wconf 88' lang='lat' dir='ltr'><strong>sia.</strong></span> <span class='ocrx_word' id='word_1_565' title='bbox 2388 3884 2605 3940; x_wconf 89' lang='lat' dir='ltr'><strong>nomine</strong></span> <span class='ocrx_word' id='word_1_566' title='bbox 2631 3883 2840 3952; x_wconf 79' lang='lat' dir='ltr'><strong>Viator,</strong></span> <span class='ocrx_word' id='word_1_567' title='bbox 2886 3888 3136 3965; x_wconf 82' lang='lat' dir='ltr'><strong>pervenit</strong></span> <span class='ocrx_word' id='word_1_568' title='bbox 3162 3888 3234 3943; x_wconf 88' lang='lat' dir='ltr'><strong>ad</strong></span> <span class='ocrx_word' id='word_1_569' title='bbox 3259 3888 3559 3961; x_wconf 55' lang='lat' dir='ltr'><strong>Emptum.</strong></span> <span class='ocrx_word' id='word_1_570' title='bbox 3588 3881 3666 3938; x_wconf 80' lang='lat' dir='ltr'><strong>Ubi</strong></span> <span class='ocrx_word' id='word_1_571' title='bbox 3692 3890 3758 3948; x_wconf 74' lang='lat' dir='ltr'><strong>per</strong></span> 
     </span>
    </p>
   </div>
   <div class='ocr_carea' id='block_1_85' title="bbox 2255 3977 3758 4047">
    <p class='ocr_par' dir='ltr' id='par_1_85' title="bbox 2255 3977 3758 4047">
     <span class='ocr_line' id='line_1_86' title="bbox 2255 3977 3758 4047; baseline -0.003 -18"><span class='ocrx_word' id='word_1_572' title='bbox 2255 3977 2460 4047; x_wconf 84' lang='lat' dir='ltr'><strong>aliquot</strong></span> <span class='ocrx_word' id='word_1_573' title='bbox 2486 3992 2687 4041; x_wconf 86' lang='lat' dir='ltr'><strong>annos,</strong></span> <span class='ocrx_word' id='word_1_574' title='bbox 2713 3979 2921 4034; x_wconf 87' lang='lat' dir='ltr'><strong>sanctis</strong></span> <span class='ocrx_word' id='word_1_575' title='bbox 2947 3981 3235 4036; x_wconf 87' lang='lat' dir='ltr'><strong>monachis</strong></span> <span class='ocrx_word' id='word_1_576' title='bbox 3261 3981 3455 4037; x_wconf 73' lang='lat' dir='ltr'><strong>emtum</strong></span> <span class='ocrx_word' id='word_1_577' title='bbox 3485 3984 3659 4031; x_wconf 86' lang='lat' dir='ltr'><strong>tantum</strong></span> <span class='ocrx_word' id='word_1_578' title='bbox 3677 3982 3758 4038; x_wconf 85' lang='lat' dir='ltr'><strong>spe-</strong></span> 
     </span>
    </p>
   </div>
   <div class='ocr_carea' id='block_1_86' title="bbox 2253 4059 3758 4133">
    <p class='ocr_par' dir='ltr' id='par_1_86' title="bbox 2253 4059 3758 4133">
     <span class='ocr_line' id='line_1_87' title="bbox 2253 4059 3758 4133; baseline -0.003 -12"><span class='ocrx_word' id='word_1_579' title='bbox 2253 4069 2527 4124; x_wconf 86' lang='lat' dir='ltr'><strong>ctantibus</strong></span> <span class='ocrx_word' id='word_1_580' title='bbox 2566 4073 2929 4133; x_wconf 82' lang='lat' dir='ltr'><strong>consociatus,</strong></span> <span class='ocrx_word' id='word_1_581' title='bbox 2970 4071 3281 4127; x_wconf 86' lang='lat' dir='ltr'><strong>humilitate</strong></span> <span class='ocrx_word' id='word_1_582' title='bbox 3312 4087 3377 4127; x_wconf 89' lang='lat' dir='ltr'><strong>ac</strong></span> <span class='ocrx_word' id='word_1_583' title='bbox 3406 4068 3658 4126; x_wconf 80' lang='lat' dir='ltr'><strong>sanctitate</strong></span> <span class='ocrx_word' id='word_1_584' title='bbox 3675 4059 3758 4113; x_wconf 66' lang='lat' dir='ltr'><strong>vita</strong></span> 
     </span>
    </p>
   </div>
   <div class='ocr_carea' id='block_1_87' title="bbox 2254 4159 3757 4233">
    <p class='ocr_par' dir='ltr' id='par_1_87' title="bbox 2254 4159 3757 4233">
     <span class='ocr_line' id='line_1_88' title="bbox 2254 4159 3757 4233; baseline 0 -22"><span class='ocrx_word' id='word_1_585' title='bbox 2254 4159 2499 4227; x_wconf 89' lang='lat' dir='ltr'><strong>iueompa</strong></span> <span class='ocrx_word' id='word_1_586' title='bbox 2509 4159 2693 4214; x_wconf 86' lang='lat' dir='ltr'><strong>rabilis</strong></span> <span class='ocrx_word' id='word_1_587' title='bbox 2712 4161 2869 4215; x_wconf 83' lang='lat' dir='ltr'><strong>vixit.</strong></span> <span class='ocrx_word' id='word_1_588' title='bbox 2896 4160 3071 4217; x_wconf 90' lang='lat' dir='ltr'><strong>Cursu</strong></span> <span class='ocrx_word' id='word_1_589' title='bbox 3101 4162 3290 4233; x_wconf 89' lang='lat' dir='ltr'><strong>itaque</strong></span> <span class='ocrx_word' id='word_1_590' title='bbox 3311 4160 3555 4231; x_wconf 90' lang='lat' dir='ltr'><strong>temporis</strong></span> <span class='ocrx_word' id='word_1_591' title='bbox 3574 4164 3757 4211; x_wconf 70' lang='grc' dir='ltr'><strong>ευιιιυω·</strong></span> 
     </span>
    </p>
   </div>
   <div class='ocr_carea' id='block_1_88' title="bbox 2252 4241 3756 4319">
    <p class='ocr_par' dir='ltr' id='par_1_88' title="bbox 2252 4241 3756 4319">
     <span class='ocr_line' id='line_1_89' title="bbox 2252 4241 3756 4319; baseline 0 -19"><span class='ocrx_word' id='word_1_592' title='bbox 2252 4256 2420 4313; x_wconf 89' lang='lat' dir='ltr'><strong>mato,</strong></span> <span class='ocrx_word' id='word_1_593' title='bbox 2436 4249 2548 4318; x_wconf 90' lang='lat' dir='ltr'><strong>ipse</strong></span> <span class='ocrx_word' id='word_1_594' title='bbox 2569 4264 2783 4319; x_wconf 89' lang='lat' dir='ltr'><strong>quoque</strong></span> <span class='ocrx_word' id='word_1_595' title='bbox 2795 4249 3088 4304; x_wconf 83' lang='lat' dir='ltr'><strong>virtutibus</strong></span> <span class='ocrx_word' id='word_1_596' title='bbox 3101 4259 3524 4311; x_wconf 87' lang='lat' dir='ltr'><strong>consummatus,</strong></span> <span class='ocrx_word' id='word_1_597' title='bbox 3537 4241 3756 4314; x_wconf 63' lang='lat' dir='ltr'><strong>repositam</strong></span> 
     </span>
    </p>
   </div>
   <div class='ocr_carea' id='block_1_89' title="bbox 2250 4329 3758 4412">
    <p class='ocr_par' dir='ltr' id='par_1_89' title="bbox 2250 4329 3758 4412">
     <span class='ocr_line' id='line_1_90' title="bbox 2250 4329 3758 4412; baseline -0.003 -20"><span class='ocrx_word' id='word_1_598' title='bbox 2250 4339 2353 4393; x_wconf 88' lang='lat' dir='ltr'><strong>sibi</strong></span> <span class='ocrx_word' id='word_1_599' title='bbox 2380 4354 2634 4394; x_wconf 88' lang='lat' dir='ltr'><strong>coronam</strong></span> <span class='ocrx_word' id='word_1_600' title='bbox 2656 4339 2878 4408; x_wconf 68' lang='lat' dir='ltr'><strong>justitite</strong></span> <span class='ocrx_word' id='word_1_601' title='bbox 2905 4350 3261 4411; x_wconf 87' lang='lat' dir='ltr'><strong>percepturus</strong></span> <span class='ocrx_word' id='word_1_602' title='bbox 3286 4340 3529 4412; x_wconf 82' lang='lat' dir='ltr'><strong>migravit</strong></span> <span class='ocrx_word' id='word_1_603' title='bbox 3549 4339 3607 4392; x_wconf 92' lang='lat' dir='ltr'><strong>ad</strong></span> <span class='ocrx_word' id='word_1_604' title='bbox 3630 4329 3758 4389; x_wconf 79' lang='lat' dir='ltr'><strong>Domi-</strong></span> 
     </span>
    </p>
   </div>
   <div class='ocr_carea' id='block_1_90' title="bbox 2249 4417 3756 4502">
    <p class='ocr_par' dir='ltr' id='par_1_90' title="bbox 2249 4417 3756 4502">
     <span class='ocr_line' id='line_1_91' title="bbox 2249 4417 3756 4502; baseline -0.007 -20"><span class='ocrx_word' id='word_1_605' title='bbox 2249 4444 2378 4483; x_wconf 89' lang='lat' dir='ltr'><strong>num</strong></span> <span class='ocrx_word' id='word_1_606' title='bbox 2400 4430 2574 4500; x_wconf 89' lang='lat' dir='ltr'><strong>pridie</strong></span> <span class='ocrx_word' id='word_1_607' title='bbox 2604 4430 2723 4485; x_wconf 91' lang='lat' dir='ltr'><strong>idus</strong></span> <span class='ocrx_word' id='word_1_608' title='bbox 2753 4429 3027 4487; x_wconf 85' lang='lat' dir='ltr'><strong>Octobris.</strong></span> <span class='ocrx_word' id='word_1_609' title='bbox 3061 4430 3276 4502; x_wconf 89' lang='lat' dir='ltr'><strong>Corpus</strong></span> <span class='ocrx_word' id='word_1_610' title='bbox 3308 4432 3426 4501; x_wconf 87' lang='lat' dir='ltr'><strong>ejus</strong></span> <span class='ocrx_word' id='word_1_611' title='bbox 3450 4423 3679 4498; x_wconf 81' lang='lat' dir='ltr'><strong>religiosis</strong></span> <span class='ocrx_word' id='word_1_612' title='bbox 3704 4417 3756 4473; x_wconf 84' lang='lat' dir='ltr'><strong>ci-</strong></span> 
     </span>
    </p>
   </div>
   <div class='ocr_carea' id='block_1_91' title="bbox 2248 4505 3760 4591">
    <p class='ocr_par' dir='ltr' id='par_1_91' title="bbox 2248 4505 3760 4591">
     <span class='ocr_line' id='line_1_92' title="bbox 2248 4505 3760 4591; baseline -0.006 -18"><span class='ocrx_word' id='word_1_613' title='bbox 2248 4520 2406 4575; x_wconf 83' lang='lat' dir='ltr'><strong>vibus</strong></span> <span class='ocrx_word' id='word_1_614' title='bbox 2431 4519 2751 4591; x_wconf 88' lang='lat' dir='ltr'><strong>Lugdunum</strong></span> <span class='ocrx_word' id='word_1_615' title='bbox 2781 4536 2903 4576; x_wconf 92' lang='lat' dir='ltr'><strong>cum</strong></span> <span class='ocrx_word' id='word_1_616' title='bbox 2929 4521 3142 4576; x_wconf 91' lang='lat' dir='ltr'><strong>ossibus</strong></span> <span class='ocrx_word' id='word_1_617' title='bbox 3169 4521 3315 4576; x_wconf 88' lang='lat' dir='ltr'><strong>beati</strong></span> <span class='ocrx_word' id='word_1_618' title='bbox 3348 4520 3570 4576; x_wconf 76' lang='lat' dir='ltr'><strong>Viatoris</strong></span> <span class='ocrx_word' id='word_1_619' title='bbox 3591 4505 3760 4570; x_wconf 81' lang='lat' dir='ltr'><strong>ministri</strong></span> 
     </span>
    </p>
   </div>
   <div class='ocr_carea' id='block_1_92' title="bbox 2248 4609 3756 4686">
    <p class='ocr_par' dir='ltr' id='par_1_92' title="bbox 2248 4609 3756 4686">
     <span class='ocr_line' id='line_1_93' title="bbox 2248 4609 3756 4686; baseline -0.007 -20"><span class='ocrx_word' id='word_1_620' title='bbox 2248 4612 2366 4680; x_wconf 85' lang='lat' dir='ltr'><strong>ejus</strong></span> <span class='ocrx_word' id='word_1_621' title='bbox 2391 4613 2638 4677; x_wconf 86' lang='lat' dir='ltr'><strong>relatum,</strong></span> <span class='ocrx_word' id='word_1_622' title='bbox 2668 4623 2723 4670; x_wconf 92' lang='lat' dir='ltr'><strong>et</strong></span> <span class='ocrx_word' id='word_1_623' title='bbox 2745 4614 3014 4686; x_wconf 79' lang='lat' dir='ltr'><strong>condigno</strong></span> <span class='ocrx_word' id='word_1_624' title='bbox 3039 4614 3186 4668; x_wconf 84' lang='lat' dir='ltr'><strong>culta</strong></span> <span class='ocrx_word' id='word_1_625' title='bbox 3215 4614 3272 4669; x_wconf 91' lang='lat' dir='ltr'><strong>in</strong></span> <span class='ocrx_word' id='word_1_626' title='bbox 3304 4612 3519 4670; x_wconf 87' lang='lat' dir='ltr'><strong>basilica</strong></span> <span class='ocrx_word' id='word_1_627' title='bbox 3547 4609 3756 4663; x_wconf 82' lang='lat' dir='ltr'><strong>beatorum</strong></span> 
     </span>
    </p>
   </div>
   <div class='ocr_carea' id='block_1_93' title="bbox 2230 4690 3760 4776">
    <p class='ocr_par' dir='ltr' id='par_1_93' title="bbox 2230 4690 3760 4776">
     <span class='ocr_line' id='line_1_94' title="bbox 2230 4690 3760 4776; baseline -0.005 -18"><span class='ocrx_word' id='word_1_628' title='bbox 2230 4699 2453 4773; x_wconf 73' lang='lat' dir='ltr'><strong>septem</strong></span> <span class='ocrx_word' id='word_1_629' title='bbox 2482 4703 2709 4759; x_wconf 86' lang='lat' dir='ltr'><strong>fratrum</strong></span> <span class='ocrx_word' id='word_1_630' title='bbox 2753 4704 3188 4759; x_wconf 73' lang='lat' dir='ltr'><strong>Machabseorum</strong></span> <span class='ocrx_word' id='word_1_631' title='bbox 3235 4715 3529 4776; x_wconf 90' lang='lat' dir='ltr'><strong>martyrum</strong></span> <span class='ocrx_word' id='word_1_632' title='bbox 3553 4690 3760 4772; x_wconf 72' lang='lat' dir='ltr'><strong>gloriosis-</strong></span> 
     </span>
    </p>
   </div>
   <div class='ocr_carea' id='block_1_94' title="bbox 2248 4785 3695 4863">
    <p class='ocr_par' dir='ltr' id='par_1_94' title="bbox 2248 4785 3695 4863">
     <span class='ocr_line' id='line_1_95' title="bbox 2248 4785 3695 4863; baseline -0.009 -15"><span class='ocrx_word' id='word_1_633' title='bbox 2248 4793 2506 4848; x_wconf 91' lang='lat' dir='ltr'><strong>simorum</strong></span> <span class='ocrx_word' id='word_1_634' title='bbox 2533 4794 2809 4849; x_wconf 90' lang='lat' dir='ltr'><strong>conditum</strong></span> <span class='ocrx_word' id='word_1_635' title='bbox 2834 4803 2919 4849; x_wconf 89' lang='lat' dir='ltr'><strong>est</strong></span> <span class='ocrx_word' id='word_1_636' title='bbox 2938 4804 3134 4863; x_wconf 86' lang='lat' dir='ltr'><strong>quarto</strong></span> <span class='ocrx_word' id='word_1_637' title='bbox 3167 4808 3340 4849; x_wconf 90' lang='lat' dir='ltr'><strong>nonas</strong></span> <span class='ocrx_word' id='word_1_638' title='bbox 3377 4785 3695 4862; x_wconf 88' lang='lat' dir='ltr'><strong>Septembris.</strong></span> 
     </span>
    </p>
   </div>
   <div class='ocr_carea' id='block_1_95' title="bbox 2320 4875 3758 4958">
    <p class='ocr_par' dir='ltr' id='par_1_95' title="bbox 2320 4875 3758 4958">
     <span class='ocr_line' id='line_1_96' title="bbox 2320 4875 3758 4958; baseline -0.007 -16"><span class='ocrx_word' id='word_1_639' title='bbox 2320 4882 2520 4942; x_wconf 84' lang='lat' dir='ltr'><strong>Eodem</strong></span> <span class='ocrx_word' id='word_1_640' title='bbox 2542 4886 2650 4950; x_wconf 91' lang='lat' dir='ltr'><strong>die,</strong></span> <span class='ocrx_word' id='word_1_641' title='bbox 2677 4886 2819 4941; x_wconf 90' lang='lat' dir='ltr'><strong>beati</strong></span> <span class='ocrx_word' id='word_1_642' title='bbox 2846 4886 3077 4958; x_wconf 85' lang='lat' dir='ltr'><strong>Helpidii</strong></span> <span class='ocrx_word' id='word_1_643' title='bbox 3111 4888 3353 4958; x_wconf 89' lang='lat' dir='ltr'><strong>episcopi</strong></span> <span class='ocrx_word' id='word_1_644' title='bbox 3379 4884 3514 4957; x_wconf 88' lang='lat' dir='ltr'><strong>apud</strong></span> <span class='ocrx_word' id='word_1_645' title='bbox 3545 4875 3758 4953; x_wconf 73' lang='lat' dir='ltr'><strong>prmfalanl</strong></span> 
     </span>
    </p>
   </div>
   <div class='ocr_carea' id='block_1_96' title="bbox 2248 4976 3760 5059">
    <p class='ocr_par' dir='ltr' id='par_1_96' title="bbox 2248 4976 3760 5059">
     <span class='ocr_line' id='line_1_97' title="bbox 2248 4976 3760 5059; baseline 0.001 -29"><span class='ocrx_word' id='word_1_646' title='bbox 2248 4982 2437 5033; x_wconf 85' lang='lat' dir='ltr'><strong>urbem</strong></span> <span class='ocrx_word' id='word_1_647' title='bbox 2466 4979 2789 5035; x_wconf 80' lang='lat' dir='ltr'><strong>venerabilis</strong></span> <span class='ocrx_word' id='word_1_648' title='bbox 2828 4979 3119 5050; x_wconf 90' lang='lat' dir='ltr'><strong>depositio.</strong></span> <span class='ocrx_word' id='word_1_649' title='bbox 3166 4977 3335 5047; x_wconf 64' lang='lat' dir='ltr'><strong>Cujus</strong></span> <span class='ocrx_word' id='word_1_650' title='bbox 3376 4989 3578 5037; x_wconf 87' lang='lat' dir='ltr'><strong>sacrum</strong></span> <span class='ocrx_word' id='word_1_651' title='bbox 3614 4976 3760 5059; x_wconf 62' lang='grc' dir='ltr'><strong>εοτῐιξιξ</strong></span> 
     </span>
    </p>
   </div>
   <div class='ocr_carea' id='block_1_97' title="bbox 2248 5052 3759 5142">
    <p class='ocr_par' dir='ltr' id='par_1_97' title="bbox 2248 5052 3759 5142">
     <span class='ocr_line' id='line_1_98' title="bbox 2248 5052 3759 5142; baseline -0.007 -19"><span class='ocrx_word' id='word_1_652' title='bbox 2248 5069 2546 5124; x_wconf 89' lang='lat' dir='ltr'><strong>honoriﬁce</strong></span> <span class='ocrx_word' id='word_1_653' title='bbox 2575 5071 2870 5142; x_wconf 89' lang='lat' dir='ltr'><strong>sepultum,</strong></span> <span class='ocrx_word' id='word_1_654' title='bbox 2915 5072 2967 5125; x_wconf 92' lang='lat' dir='ltr'><strong>in</strong></span> <span class='ocrx_word' id='word_1_655' title='bbox 2998 5072 3112 5141; x_wconf 91' lang='lat' dir='ltr'><strong>ipsa</strong></span> <span class='ocrx_word' id='word_1_656' title='bbox 3139 5072 3438 5140; x_wconf 90' lang='lat' dir='ltr'><strong>eademque</strong></span> <span class='ocrx_word' id='word_1_657' title='bbox 3457 5061 3675 5124; x_wconf 88' lang='lat' dir='ltr'><strong>ecclesia,</strong></span> <span class='ocrx_word' id='word_1_658' title='bbox 3699 5052 3759 5106; x_wconf 63' lang='lat' dir='ltr'><strong>ubi</strong></span> 
     </span>
    </p>
   </div>
   <div class='ocr_carea' id='block_1_98' title="bbox 2245 5147 3760 5220">
    <p class='ocr_par' dir='ltr' id='par_1_98' title="bbox 2245 5147 3760 5220">
     <span class='ocr_line' id='line_1_99' title="bbox 2245 5147 3760 5220; baseline -0.01 -4"><span class='ocrx_word' id='word_1_659' title='bbox 2245 5163 2415 5217; x_wconf 89' lang='lat' dir='ltr'><strong>sancti</strong></span> <span class='ocrx_word' id='word_1_660' title='bbox 2448 5161 2775 5219; x_wconf 89' lang='lat' dir='ltr'><strong>confessoris</strong></span> <span class='ocrx_word' id='word_1_661' title='bbox 2804 5161 2942 5220; x_wconf 80' lang='lat' dir='ltr'><strong>Justi</strong></span> <span class='ocrx_word' id='word_1_662' title='bbox 2990 5165 3255 5219; x_wconf 89' lang='lat' dir='ltr'><strong>tumulata</strong></span> <span class='ocrx_word' id='word_1_663' title='bbox 3286 5170 3417 5217; x_wconf 83' lang='lat' dir='ltr'><strong>sunt</strong></span> <span class='ocrx_word' id='word_1_664' title='bbox 3458 5147 3760 5215; x_wconf 68' lang='lat' dir='ltr'><strong>sacratissima</strong></span> 
     </span>
    </p>
   </div>
   <div class='ocr_carea' id='block_1_99' title="bbox 2242 5254 2782 5325">
    <p class='ocr_par' dir='ltr' id='par_1_99' title="bbox 2242 5254 2782 5325">
     <span class='ocr_line' id='line_1_100' title="bbox 2242 5254 2782 5325; baseline 0.002 -18"><span class='ocrx_word' id='word_1_665' title='bbox 2242 5254 2507 5319; x_wconf 89' lang='lat' dir='ltr'><strong>membra,</strong></span> <span class='ocrx_word' id='word_1_666' title='bbox 2529 5256 2782 5325; x_wconf 86' lang='lat' dir='ltr'><strong>quiescit.</strong></span> 
     </span>
    </p>
   </div>
   <div class='ocr_carea' id='block_1_100' title="bbox 2313 5340 3555 5415">
    <p class='ocr_par' dir='ltr' id='par_1_100' title="bbox 2313 5340 3555 5415">
     <span class='ocr_line' id='line_1_101' title="bbox 2313 5340 3555 5415; baseline -0.004 -17"><span class='ocrx_word' id='word_1_667' title='bbox 2313 5345 2466 5415; x_wconf 84' lang='lat' dir='ltr'><strong>Apud</strong></span> <span class='ocrx_word' id='word_1_668' title='bbox 2495 5345 2796 5415; x_wconf 85' lang='lat' dir='ltr'><strong>Apamiam,</strong></span> <span class='ocrx_word' id='word_1_669' title='bbox 2824 5343 2970 5399; x_wconf 87' lang='lat' dir='ltr'><strong>beati</strong></span> <span class='ocrx_word' id='word_1_670' title='bbox 2998 5342 3256 5399; x_wconf 84' lang='lat' dir='ltr'><strong>Antonini</strong></span> <span class='ocrx_word' id='word_1_671' title='bbox 3290 5340 3555 5412; x_wconf 87' lang='lat' dir='ltr'><strong>martyris.</strong></span> 
     </span>
    </p>
   </div>
   <div class='ocr_carea' id='block_1_101' title="bbox 2570 5451 3494 5513">
    <p class='ocr_par' dir='ltr' id='par_1_101' title="bbox 2570 5451 3494 5513">
     <span class='ocr_line' id='line_1_102' title="bbox 2570 5451 3494 5513; baseline -0.008 0"><span class='ocrx_word' id='word_1_672' title='bbox 2570 5458 2635 5513; x_wconf 85' lang='lat' dir='ltr'><strong>A.</strong></span> <span class='ocrx_word' id='word_1_673' title='bbox 2678 5456 2742 5513; x_wconf 88' lang='lat' dir='ltr'><strong>Ill</strong></span> <span class='ocrx_word' id='word_1_674' title='bbox 2783 5455 3013 5512; x_wconf 77' lang='lat' dir='ltr'><strong>NONAS</strong></span> <span class='ocrx_word' id='word_1_675' title='bbox 3049 5451 3494 5510; x_wconf 78' lang='lat' dir='ltr'><strong>SEPTEMBRIS.</strong></span> 
     </span>
    </p>
   </div>
   <div class='ocr_carea' id='block_1_102' title="bbox 2888 5548 3169 5620">
    <p class='ocr_par' dir='ltr' id='par_1_102' title="bbox 2888 5548 3169 5620">
     <span class='ocr_line' id='line_1_103' title="bbox 2888 5548 3169 5620; baseline -0.014 -16"><span class='ocrx_word' id='word_1_676' title='bbox 2888 5551 2906 5619; x_wconf 92' lang='lat'>(</span> <span class='ocrx_word' id='word_1_677' title='bbox 2920 5550 2954 5604; x_wconf 79' lang='grc'><strong>5</strong></span> <span class='ocrx_word' id='word_1_678' title='bbox 2990 5548 3169 5620; x_wconf 77' lang='lat' dir='ltr'><strong>SepM</strong></span> 
     </span>
    </p>
   </div>
   <div class='ocr_carea' id='block_1_103' title="bbox 2312 5643 3035 5705">
    <p class='ocr_par' dir='ltr' id='par_1_103' title="bbox 2312 5643 3035 5705">
     <span class='ocr_line' id='line_1_104' title="bbox 2312 5643 3035 5705; baseline -0.003 -4"><span class='ocrx_word' id='word_1_679' title='bbox 2312 5644 2521 5701; x_wconf 72' lang='lat' dir='ltr'><strong>Natalis</strong></span> <span class='ocrx_word' id='word_1_680' title='bbox 2548 5654 2748 5701; x_wconf 79' lang='lat' dir='ltr'><strong>sancta:</strong></span> <span class='ocrx_word' id='word_1_681' title='bbox 2789 5643 3035 5705; x_wconf 69' lang='lat' dir='ltr'><strong>Pharbes.</strong></span> 
     </span>
    </p>
   </div>
  </div>
