3962 6366
204 298 321 356 345

863 292 1467 357 MARTYROLOGIUM
1500 298 1648 358 CUM
1687 298 2228 360 ADDITAMENTIS.
2262 330 2337 345 ιι·-
2373 300 2581 377 MENS.
2622 303 2819 362 SEPT.

3381 274 3491 369 sic

219 437 225 440 ν
283 413 505 477 Rom,
536 410 720 482 passio
745 419 804 465 et
839 411 1038 467 natalis
1062 412 1236 467 beam:
1272 411 1551 483 Serapbiae
1575 424 1603 454 ι
1630 412 1798 484 virgi-
1829 418 1877 476 Α
1906 412 2066 486 digne
2092 415 2374 473 dedicatus
2405 417 2569 474 tertio
2594 433 2769 475 nonas
2792 418 3162 491 Septembris,
3195 425 3414 497 quando
3433 436 3491 483 et

203 506 320 569 n’is,
343 504 449 561 sub
460 501 1041 570 Adrianoimperatore
1058 542 1074 567 ,
1092 499 1276 569 judice
1295 501 1514 558 Berillo.
1545 500 1674 556 Haec
1686 501 1798 555 An—

203 594 471 650 tiochena
494 605 714 661 genere,
728 607 852 647 cum
881 590 936 645 in
959 590 1121 646 domo
1134 589 1351 647 Sabina:
1370 591 1799 663 praclarissimre

201 684 433 742 femina:
470 683 611 753 apud
650 684 839 738 urbem
880 693 1286 750 commaneret,
1331 694 1485 755 rapta
1525 684 1596 739 ab
1620 682 1799 740 cilicio

199 774 495 845 praesidis,
517 773 756 828 exhibita
783 783 868 828 est
896 773 950 827 in
980 782 1272 844 conspectu
1302 774 1492 843 ipsius.
1529 774 1627 830 Cui
1658 790 1800 846 prac-

327 866 508 921 dixit:
546 864 806 920 Sacrifica
846 865 951 920 diis
989 865 1387 922 immortalibus
1409 866 1604 937 quibus
1628 866 1799 922 sacri-

204 955 382 1011 ficant
406 954 608 1011 domini
653 955 1029 1025 imperatores.
1081 954 1247 1011 Beata
1279 955 1542 1027 Seraphia
1575 971 1798 1026 respon-

203 1047 331 1103 dit:
364 1046 575 1109 Timeo,
597 1052 654 1099 et
680 1045 800 1099 colo
845 1047 1272 1116 omnipotentem
1319 1046 1485 1103 Deum
1505 1086 1521 1112 ,
1552 1045 1640 1116 qui
1668 1046 1799 1101 fecit

203 1136 410 1194 caalum
440 1145 495 1191 et
520 1145 747 1202 terram,
770 1144 826 1191 et
852 1136 1035 1191 omnia
1058 1153 1179 1206 qua;
1203 1138 1257 1193 in
1286 1136 1367 1192 eis
1388 1146 1536 1192 sunt.
1560 1136 1696 1192 Nam
1719 1137 1795 1192 dii

205 1244 348 1298 quos
371 1228 532 1299 jnbes
556 1228 785 1282 adorare
814 1242 919 1281 non
949 1237 1077 1282 sunt
1097 1228 1190 1292 dii,
1218 1230 1314 1283 sed
1337 1237 1466 1283 sunt
1494 1228 1791 1295 daemonia;

203 1329 264 1374 et
290 1319 416 1374 ideo
444 1334 551 1373 non
595 1318 723 1374 licet
758 1318 890 1374 mihi
914 1319 1143 1375 adorare
1167 1334 1284 1384 eos,
1326 1320 1453 1390 quia
1482 1318 1793 1378 Christiana

205 1426 351 1465 sum.
378 1408 625 1478 Cumque
651 1409 1186 1479 perseverantissime
1213 1409 1372 1465 fidem
1394 1409 1640 1465 veritatis
1669 1426 1796 1482 pro-

204 1508 550 1570 sequeretur,
558 1498 724 1570 jussit
737 1512 857 1552 eam
872 1513 1073 1569 praeses
1083 1498 1293 1554 duobus
1311 1497 1603 1568 juvenibus
1633 1499 1794 1556 lasci-

202 1590 291 1644 vis
324 1588 489 1653 tradi,
520 1597 581 1643 ut
610 1587 660 1642 ei
696 1596 960 1644 nocturno
986 1586 1131 1642 furto
1152 1588 1494 1644 insultarent.
1524 1587 1571 1642 A
1595 1589 1792 1659 quibus

206 1679 524 1750 perductam
551 1679 608 1733 in
636 1677 946 1755 cubiculum
967 1676 1412 1734 obscurissimum
1443 1694 1564 1733 cum
1592 1679 1794 1736 vellent

205 1787 327 1827 eam
359 1780 602 1842 tangere,
627 1769 809 1825 subito
841 1778 998 1825 teme
1027 1779 1205 1826 motus
1232 1770 1409 1827 factus
1430 1783 1514 1826 est
1540 1785 1789 1844 magnus,
1824 1763 1869 1822 Β

204 1860 628 1930 cecideruntque
649 1860 930 1915 exanimes
951 1859 1003 1913 in
1020 1868 1242 1926 terram,
1267 1862 1524 1918 membris
1543 1866 1794 1921 omnibus

203 1950 449 2004 resoluti.
493 1948 738 2004 Diluculo
784 1957 965 2004 autem
1015 1965 1140 2005 cum
1184 1952 1459 2007 venissent
1503 1970 1532 2007 a
1563 1957 1793 2025 praeside

204 2044 381 2106 missi,
410 2042 503 2112 qui
531 2042 891 2111 requirerent,
920 2058 1012 2097 seu
1046 2044 1112 2098 de
1136 2044 1445 2114 juvenibus,
1466 2062 1560 2102 seu
1588 2050 1656 2103 de
1682 2049 1793 2103 vir-

202 2136 354 2205 gine;
380 2133 608 2205 ingressi
640 2134 967 2188 invenerunt
991 2145 1233 2189 sanctam
1265 2136 1357 2190 Dei
1395 2146 1638 2193 orantem
1658 2180 1673 2203 ,
1698 2138 1791 2208 ju-

202 2239 370 2279 venes
394 2239 526 2279 vero
566 2222 868 2292 impudicos
897 2224 1042 2278 velut
1071 2234 1314 2278 mortuos
1359 2235 1517 2280 terra:
1545 2237 1792 2297 prostra-

202 2326 309 2373 tos.
345 2316 536 2386 Itaque
562 2317 629 2370 ad
658 2316 736 2370 rei
768 2315 970 2371 factum
1002 2316 1787 2387 cumplurimiconcurrerent,

202 2412 403 2465 iterum
436 2424 635 2479 praeses
653 2408 817 2479 jussit
854 2424 952 2478 pro
996 2408 1247 2463 tribunali
1276 2425 1397 2464 eam
1445 2409 1546 2465 sibi
1576 2411 1788 2468 adduci.

207 2501 282 2556 Et
302 2500 604 2569 imperante
636 2499 867 2570 praeside
896 2500 1165 2570 deportati
1198 2509 1326 2554 sunt
1357 2500 1517 2554 iidem
1541 2501 1789 2571 juvenes,

208 2598 270 2646 et
317 2591 478 2661 positi
533 2601 652 2646 ante
699 2600 1050 2662 conspectum
1096 2592 1282 2660 ipsius.
1343 2592 1425 2646 Ad
1453 2608 1587 2662 quos
1634 2592 1793 2648 beata

206 2683 388 2755 virgo,
427 2682 564 2737 facta
588 2683 853 2747 oratione,
878 2682 1146 2738 accedens
1190 2682 1363 2752 tetigit
1403 2682 1524 2737 illos
1560 2682 1788 2738 dicens:

202 2770 263 2826 In
288 2771 507 2827 nomine
532 2771 743 2826 Domini
765 2772 871 2827 mei
893 2770 1019 2826 Jesu
1036 2770 1236 2826 Christi
1258 2772 1450 2840 erigite
1462 2787 1559 2827 vos
1576 2773 1628 2826 in
1649 2781 1790 2827 statu

200 2870 431 2929 vestro;
463 2864 532 2917 a'd
568 2860 724 2930 cujus
767 2876 956 2917 vocem
1006 2861 1079 2916 illi
1109 2870 1379 2917 steterunt
1427 2877 1590 2932 super
1629 2863 1794 2932 pedes

201 2967 352 3008 suos.
388 2952 537 3020 Quos
564 2966 769 3022 prteses
798 2951 1154 3023 interrogavit
1184 2969 1199 3007 :
1227 2952 1368 3019 Quid
1408 2952 1659 3009 faciendo
1680 2955 1795 3009 haec

201 3043 403 3099 mulier
419 3044 700 3099 dementes
723 3057 820 3098 vos
846 3042 977 3099 fecit
997 3043 1366 3099 etresolutos?
1385 3043 1662 3125 Ingressus
1685 3053 1791 3110 est,

202 3136 477 3206 inquiunt,
510 3135 728 3205 quidam
741 3132 960 3203 juvenis
1000 3136 1250 3201 decorus,
1290 3136 1547 3207 miraque
1584 3137 1793 3207 magni-
1817 3134 1864 3197 C

203 3227 441 3293 tudinis,
485 3227 579 3298 qui
627 3235 772 3281 totus
819 3226 1138 3298 splendebat
1183 3228 1324 3282 sicut
1365 3227 1478 3293 sol,
1528 3237 1791 3298 stansque

202 3317 347 3372 inter
374 3332 473 3372 nos
508 3323 567 3371 et
614 3316 847 3386 puellam
894 3317 1051 3379 hanc,
1102 3328 1337 3373 tremum
1379 3326 1436 3372 et
1486 3317 1790 3377 defectione

199 3408 452 3464 claritate
476 3425 573 3464 sua
591 3410 890 3466 concussit.
911 3409 1119 3467 Praeses
1142 3411 1210 3465 ad
1231 3411 1443 3467 beatam
1468 3411 1787 3485 Serapbiam

200 3515 500 3555 conversus
521 3516 534 3553 :
555 3498 816 3555 Sacrifica
843 3500 964 3560 diis,
992 3499 1191 3570 inquit,
1220 3515 1288 3556 ne
1314 3510 1489 3556 morte
1510 3501 1786 3572 plectaris.

201 3588 307 3644 Cui
342 3589 537 3660 virgo:
564 3588 679 3644 Non
711 3588 853 3643 facio
880 3598 1211 3645 vomntatem
1239 3592 1412 3662 patris
1445 3591 1520 3645 tui
1552 3592 1787 3659 Satanae,

205 3684 334 3753 quia
362 3682 667 3739 Christiana
705 3700 845 3740 sum.
890 3684 1040 3742 Tunc
1077 3701 1277 3756 pneses
1311 3686 1474 3766 jussit
1512 3689 1789 3760 lampades

203 3774 462 3829 ardentes
515 3775 776 3831 lateribus
803 3773 922 3845 eius
951 3778 1167 3847 apponi,
1198 3780 1291 3833 sed
1328 3780 1513 3835 statim
1567 3783 1657 3850 qui
1694 3798 1787 3838 eas

197 3865 481 3931 tenebant,
503 3867 813 3922 ceciderunt
834 3876 1161 3923 retrorsum.
1184 3869 1395 3926 Prteses
1423 3887 1553 3927 vero
1590 3873 1785 3929 iterum

195 3957 377 4011 beata:
404 3956 600 4028 virgini
643 3957 778 4012 dixit
818 3975 831 4011 :
863 3957 1190 4015 Biothanata
1217 3968 1274 4016 et
1317 3960 1563 4018 malefica
1590 4003 1606 4028 ,
1660 3963 1787 4018 audi

195 4046 486 4117 imperiale
512 4057 875 4123 praceptum,
924 4050 1174 4106 sacrifica
1225 4052 1330 4107 diis
1366 4052 1783 4121 immortalibus,

192 4149 253 4192 et
282 4140 459 4217 libera
481 4147 533 4194 te
555 4140 621 4195 de
648 4141 985 4197 cruciatibus
1011 4151 1067 4198 et
1108 4152 1301 4199 morte.
1330 4143 1493 4199 Beata
1525 4146 1786 4217 Seraphin

195 4232 306 4285 hoc
337 4213 410 4283 illi
446 4231 677 4286 redidit:
704 4230 1012 4286 Biothanati
1041 4242 1098 4287 et
1119 4233 1350 4289 malefici
1386 4249 1483 4289 vos
1516 4213 1675 4302 estis,
1693 4238 1785 4307 qui

193 4321 415 4393 negatis
448 4321 613 4375 Deum
662 4322 843 4375 vivum
884 4330 939 4397 gt
975 4338 1199 4390 verum,
1243 4333 1301 4379 et
1347 4325 1612 4381 dmmonia
1651 4328 1785 4382 ado-

193 4412 396 4475 rando,
427 4427 549 4466 cum
578 4413 708 4482 ipsis
743 4414 948 4482 pariter
976 4415 1107 4470 estis
1135 4417 1383 4471 morituri
1413 4433 1427 4482 ;
1464 4417 1575 4474 Deo
1600 4429 1783 4476 autem

193 4503 495 4559 immortali
522 4518 622 4575 ego
645 4505 1018 4575 memetipsam
1047 4504 1217 4562 offero
1243 4508 1595 4575 sacrificium,
1623 4510 1668 4565 si
1697 4527 1784 4567 me

193 4594 457 4663 dignatur
483 4595 761 4665 suscipere
807 4594 933 4649 licet
980 4597 1338 4665 peccatricem
1362 4637 1379 4663 ,
1418 4609 1596 4653 tamen
1626 4600 1784 4656 Chri-

193 4686 458 4740 stianam.
492 4683 643 4738 Tunc
672 4682 905 4741 fustibus
925 4686 1153 4740 czeditur
1179 4702 1194 4739 :
1226 4694 1281 4741 et
1308 4701 1436 4742 ecce
1460 4687 1638 4742 Subito
1670 4696 1780 4743 ter-

194 4783 460 4831 raenzotus
512 4774 687 4830 factus
713 4785 796 4830 est
823 4791 1069 4847 magnus.
1102 4777 1166 4831 Et
1183 4792 1409 4832 excussa
1436 4777 1502 4833 de
1528 4776 1690 4844 fuste,
1715 4780 1782 4834 de

186 4852 314 4937 quo
333 4863 639 4919 caedebatur
666 4865 839 4937 virgo,
876 4865 965 4919 Dei
993 4866 1186 4927 astella
1218 4868 1456 4923 exsilivit
1479 4869 1531 4923 in
1563 4869 1778 4924 oculum

196 4956 470 5028 praesidis,
501 4971 660 5027 quem
688 4965 811 5026 post
836 4956 1074 5012 dolorem
1106 4956 1313 5014 luscum
1346 4956 1493 5014 fecit.
1526 4959 1782 5014 Etiratns

199 5053 428 5110 dictavit
465 5053 791 5107 sententiam
822 5052 1175 5123 :Serapbiam
1208 5052 1504 5123 imperialis
1530 5053 1782 5124 praecepti

196 5145 674 5214 contemptricem,
714 5153 769 5199 et
806 5145 860 5199 in
895 5147 1061 5200 tantis
1082 5134 1780 5217 meleficiisdeprehensam

87 5292 99 5303 ,
197 5236 382 5308 gladio
417 5236 626 5304 percuti
656 5234 929 5303 jubemus.
958 5234 1124 5290 Passa
1154 5244 1237 5292 est
1260 5247 1441 5292 autem
1465 5246 1658 5306 quarto
1683 5235 1785 5291 Ka-

197 5327 393 5383 lendas
410 5327 658 5398 Augusti,
684 5337 739 5383 et
767 5328 976 5397 sepulta
1003 5329 1159 5400 juxta
1189 5344 1373 5385 aream
1395 5330 1697 5385 Vindiciani
1727 5330 1780 5383 in

196 5426 556 5474 monumento
589 5418 813 5474 illustris
855 5421 1109 5492 martyris
1148 5419 1363 5476 Sabina:
1388 5462 1403 5487 ,
1444 5437 1481 5476 ιι
1512 5420 1783 5476 Kalendas

194 5509 453 5581 Augusti.
486 5508 856 5580 Compositum
884 5526 1014 5566 vero
1060 5520 1115 5567 et
1152 5522 1405 5567 ornatum
1443 5520 1528 5568 est
1562 5527 1784 5567 venera-

196 5601 311 5659 bile
339 5602 730 5673 sarcophagum
755 5602 1035 5659 ambarum
1055 5643 1071 5668 ,
1100 5612 1157 5660 et
1184 5603 1336 5661 locus
1366 5604 1625 5661 orationis
1652 5619 1780 5660 con~

277 5727 301 5754 ι
334 5712 466 5769 V'ide
490 5710 727 5802 libellum
750 5716 820 5772 de
846 5715 988 5772 Fest.
1022 5714 1209 5786 Apost.

1905 504 2165 559 memoria
2195 504 2605 576 passionis‘eins
2630 507 2895 565 celebrior
2923 511 3122 582 agitur.
3300 578 3307 585 η

1973 593 2129 663 Apud
2150 593 2411 664 Capuam,
2435 597 2637 653 natalis
2655 607 2967 661 sanctorum
2996 611 3296 675 martyrum
3317 607 3492 665 Anto-

1901 683 2018 739 nini
2045 686 2220 754 pueri,
2253 701 2517 743 annorum
2540 689 2750 761 viginti,
2782 698 2838 746 et
2859 691 3058 749 Aristei
3087 694 3325 767 episcopi
3353 712 3493 768 quo.

1902 791 2023 830 rum
2086 788 2236 847 gesta
2285 778 2574 834 habentur.
2622 780 2819 836 Eodem
2865 783 2953 839 die
2995 784 3262 855 depositio
3310 790 3488 845 sancti

1903 866 2141 922 Remacli
2169 869 2408 940 episcopi
2435 878 2491 925 et
2518 870 2880 939 confessoris;
2913 882 2968 929 et
3012 874 3311 933 beatissimi
3339 875 3493 935 Meno

1901 959 2037 1014 sueti
2066 958 2407 1016 Confessoris
2427 969 2589 1032 atque
2615 963 2887 1033 pontificis
2912 964 3203 1024 Tullensis.
3252 967 3265 986 ‘

2146 1092 2209 1146 B.
2247 1090 2474 1148 PRIDIE
2510 1092 2743 1150 NONAS
2780 1093 3235 1155 SEPTEHBRIS.

2546 1185 2613 1257 (4
2652 1186 2836 1259 Sept.)

1973 1274 2171 1347 Moysis
2208 1277 2503 1347 prophetae.
2598 1292 2605 1295 '

1972 1368 2042 1424 Et
2070 1370 2211 1439 apud
2242 1371 2510 1442 Ancyram
2531 1370 2762 1428 Galatia
2781 1376 2976 1430 natalis
3007 1385 3319 1434 sanctorum
3343 1395 3490 1437 mar-

1901 1467 2082 1530 tyrum
2129 1461 2290 1515 trium
2318 1476 2644 1532 puerorum.
2677 1461 2895 1527 Ruﬁni.
2948 1464 3208 1538 Sylvani,
3251 1478 3307 1525 et
3337 1472 3490 1528 Vita-

1900 1547 2019 1603 licac
2040 1550 2090 1603 ιι.

1971 1640 2231 1698 Cabilone
2282 1641 2465 1699 natale
2505 1645 2678 1703 saneti
2727 1645 2967 1702 Marcelli
3014 1647 3108 1719 qui
3151 1650 3489 1720 temporibus

1899 1733 2154 1788 Antonini
2185 1734 2335 1800 Veri,
2365 1749 2433 1789 ex
2464 1751 2693 1792 numero
2737 1739 3132 1810 quinquaginta
3177 1752 3483 1814 martyrum

1897 1826 1990 1895 qui
2029 1824 2277 1895 Lugduni
2311 1826 2363 1879 in
2404 1828 2735 1897 ergastulum
2778 1833 2914 1885 trusi
2946 1829 3183 1898 fuerant,
3226 1848 3349 1888 cum
3382 1832 3490 1888 Va-

1897 1915 2108 1969 leriano
2158 1915 2448 1985 patefactis
2483 1919 2742 1974 custodiae
2768 1960 2784 1984 ,
2817 1921 2903 1975 cui
2945 1923 3240 1993 mancipati
3284 1935 3439 1979 erant
3467 1966 3483 1991 ,

1896 2008 2151 2063 divinitus
2193 2008 2450 2063 claustris
2487 2008 2716 2079 aufugit.
2749 2000 2960 2065 Et'cum
2991 2012 3244 2068 Latinum
3290 2030 3485 2083 quem-

1896 2096 2041 2160 dam,
2072 2111 2101 2151 a
2128 2112 2237 2167 quo
2263 2098 2500 2165 hospitio
2528 2109 2815 2169 susceptus
2837 2110 2975 2166 erat,
3001 2118 3125 2157 cum
3152 2105 3298 2159 omni
3324 2105 3488 2159 domo

1896 2205 1991 2243 sua
2027 2190 2095 2243 ad
2138 2189 2297 2243 fidem
2344 2190 2548 2244 Christi
2595 2194 2999 2259 convertisset,
3045 2194 3483 2251 Cabilonensium

1896 2287 2157 2349 expetens
2185 2279 2460 2334 civitatem
2480 2279 2727 2336 Priscum
2753 2284 3041 2350 quemdam
3058 2285 3363 2355 praesidem,
3380 2286 3485 2341 diis

1895 2371 2009 2424 suis
2044 2370 2410 2425 immolantem
2451 2373 2698 2426 incurrit.
2736 2372 2982 2444 Cumque
3011 2376 3079 2429 ab
3105 2389 3169 2430 eo
3197 2378 3263 2431 ad
3294 2376 3481 2447 profa-

1896 2476 2025 2515 num
2054 2462 2362 2516 convivium
2386 2460 2580 2517 fuisset
2620 2464 2900 2530 invitatus,
2925 2475 2980 2521 et
3015 2467 3131 2537 ipse
3169 2467 3485 2536 hujusmodi

1895 2564 2189 2607 exsecraris
2227 2551 2445 2622 epulas,
2479 2569 2670 2609 omnes
2695 2555 2785 2625 qui
2815 2557 3060 2621 aderant,
3091 2574 3190 2613 cur
3209 2559 3366 2615 idolis
3386 2561 3485 2614 de-

1894 2642 2204 2706 servirem,
2248 2643 2416 2699 libera
2466 2644 2838 2715 increpatione
2880 2650 3202 2719 corriperet,
3239 2650 3482 2707 inaudito

1894 2731 2233 2786 crudelitatis
2263 2747 2486 2803 genere,
2511 2733 2740 2789 defodiri
2771 2751 2895 2791 eum
2921 2739 3137 2809 cingulo
3179 2749 3336 2796 tenus
3360 2758 3484 2797 ere-

1896 2830 2049 2876 ctum
2079 2836 2282 2882 praises
2314 2824 2480 2895 jussit
2505 2842 2518 2878 :
2550 2826 2740 2895 sicque
2762 2837 2984 2883 sanctus
3018 2830 3110 2884 Dei
3141 2840 3345 2902 martyr
3372 2840 3484 2887 ter—

1896 2914 1971 2968 tio
1993 2914 2081 2969 die
2106 2914 2161 2968 in
2197 2915 2289 2971 Dei
2312 2930 2496 2970 amore
2525 2933 2555 2970 a
2598 2916 2846 2972 laudibus
2887 2934 3267 2989 perseverans,
3299 2922 3352 2975 in
3379 2911 3482 2976 ’δε-

1895 3003 2074 3058 cunde
2122 3004 2193 3059 ab
2242 3005 2441 3076 oppido
2479 3006 2823 3063 Cabilonensi
2873 3009 3126 3064 milliario
3165 3011 3485 3067 incontami-

1896 3103 2083 3149 natum
2116 3095 2348 3150 reddidit
2369 3096 2641 3165 spiritum.

2300 3206 2361 3260 (ἶ.
2406 3206 2610 3263 NONIS
2649 3207 3080 3269 SEPTEMBRIS

2546 3297 2612 3367 (5
2638 3297 2821 3368 Sept.)

1962 3406 2018 3460 ln
2048 3406 2361 3461 suburbano
2382 3406 2570 3462 Roma:
2593 3408 2771 3463 natale
2796 3410 2940 3465 beati
2972 3410 3237 3467 Victorini
3267 3424 3481 3489 many.-

1891 3502 1988 3556 ris.
2016 3501 2259 3556 Fuerunt
2284 3512 2464 3556 autem
2487 3502 2593 3556 duo
2614 3502 2812 3557 fratres
2838 3503 3151 3561 Victorinus
3178 3517 3231 3561 et
3259 3506 3476 3564 Severi-

1890 3607 2012 3646 nus.
2043 3591 2108 3647 Hi
2147 3601 2270 3662 post
2296 3593 2577 3661 utriusque
2627 3595 2867 3663 parentis
2901 3595 3106 3651 obitum
3154 3612 3212 3652 se
3244 3599 3475 3655 invicem

1889 3683 2300 3754 paedagogantes
2363 3682 2482 3751 pari
2535 3684 2781 3737 custodia
2826 3699 2886 3738 se
2933 3686 3136 3740 mutuis
3200 3688 3477 3758 obsequiis

1888 3774 2207 3829 aemulantes
2232 3773 2609 3845 germanitatis
2630 3774 2847 3830 vinculo
2872 3776 3197 3844 probabiles,
3213 3777 3322 3833 Deo
3334 3780 3478 3851 seip-

1889 3880 1979 3919 sos
2021 3864 2255 3920 hostiam
2301 3865 2477 3919 vivam
2508 3864 2842 3920 obtulerunt.
2873 3865 3118 3935 Cumque
3166 3867 3220 3922 in
3264 3876 3473 3924 tantum

1888 3955 2289 4020 excrevissent,
2322 3964 2381 4009 ut
2426 3969 2520 4009 sna
2553 3955 2733 4010 omnia
2764 3955 3115 4026 perfectionis
3145 3958 3336 4013 intuitu
3386 3976 3473 4015 re-

1876 4048 2215 4119 linquerent,
2261 4058 2316 4103 et
2362 4049 2659 4104 vendentes
2705 4064 2793 4104 res
2833 4064 3236 4113 suas,ccnsum
3272 4066 3462 4108 earum

1886 4139 2215 4209 pauperibus
2263 4148 2586 4208 erogassent
2636 4140 2746 4194 Deo
2806 4140 3110 4210 expeditius
3173 4143 3465 4208 servituri,

1887 4228 2017 4282 nudi
2054 4226 2401 4282 facultatibus
2447 4228 2699 4282 omnibus
2744 4239 3141 4284 remanserunt.
3186 4231 3339 4286 Alter
3369 4231 3473 4288 ita-

1887 4335 1992 4391 que
2014 4319 2260 4375 serviens
2291 4317 2469 4383 alteri,
2499 4325 2683 4372 mutua
2716 4318 2853 4383 vice,
2889 4327 2943 4373 et
2970 4320 3160 4383 aemula
3203 4322 3470 4378 charitate

1887 4411 2179 4467 serviebat.
2211 4410 2522 4481 Imperium,
2552 4409 2794 4465 libertas.
2827 4408 2974 4464 Nihil
3000 4409 3187 4464 deerat
3210 4411 3316 4467 illis
3345 4428 3468 4469 cum

1812 4487 1862 4547 Ῑ)
1887 4504 1963 4560 nil
1997 4504 2279 4559 baberent.
2309 4501 2478 4573 Igitur
2503 4500 2814 4557 Victorinus
2839 4502 3051 4571 spirans
3077 4502 3257 4567 altius,
3288 4515 3343 4559 et
3388 4505 3470 4560 id-

1887 4596 2060 4663 ipsum
2089 4594 2231 4664 quod
2256 4593 2357 4648 sibi
2387 4592 2672 4663 parebant,
2697 4592 3069 4662 imperfectum
3094 4604 3413 4663 computans
3437 4638 3454 4662 ,

1876 4700 1985 4760 nec
2014 4685 2148 4739 satis
2178 4685 2278 4741 sibi
2316 4683 2541 4750 factum,
2580 4685 2625 4739 si
2658 4683 2813 4762 alteri
2844 4683 3031 4741 liceret
3065 4686 3119 4740 in
3149 4686 3341 4754 altero,
3373 4697 3470 4744 aut

1884 4776 2019 4831 alter
2040 4775 2194 4830 alteri
2221 4775 2499 4831 servitium
2521 4776 2807 4831 exhiberet
2830 4794 2842 4830 :
2867 4775 3120 4832 Eremum
3146 4777 3463 4848 ingreditur,

1884 4870 2128 4938 seditque
2154 4868 2205 4921 in
2233 4882 2396 4936 specu
2424 4866 2653 4922 excelsae
2675 4867 2845 4937 rupis,
2875 4882 3037 4937 quam
3062 4866 3465 4923 subterfluentis

1885 4975 2040 5029 aqua:
2062 4960 2333 5029 geminum
2356 4958 2601 5012 sinuarat
2626 4957 2914 5027 abruptum
2944 4959 3034 5013 uni
3052 4968 3258 5014 tantum
3284 4959 3465 5031 hospia

1887 5049 2019 5104 tium
2043 5049 2161 5104 viro
2206 5059 2265 5103 ut
2290 5050 2485 5104 sedens
2511 5064 2759 5104 somnum
2784 5062 3024 5120 caperet,
3050 5052 3141 5125 .vel
3186 5053 3232 5108 si
3261 5052 3465 5122 recipe~

1886 5148 1971 5196 ret
1999 5140 2415 5206 alterum,stans
2443 5149 2646 5195 oraret.
2681 5140 2917 5196 Texerat
2940 5143 3191 5197 ostiolum
3217 5141 3417 5196 vimine
3445 5161 3459 5197 :

1887 5233 2134 5289 assiduus
2160 5234 2214 5289 in
2264 5231 2498 5288 lectione
2553 5240 2605 5289 et
2651 5233 2899 5289 oratione
2946 5235 3220 5289 manebat.
3274 5233 3464 5289 Cernit

1885 5324 2104 5380 interim
2149 5324 2362 5379 invidus
2388 5325 2567 5382 omnis
2596 5326 2724 5380 boni
2757 5325 3202 5399 profectumviri,
3236 5334 3291 5381 et
3317 5324 3462 5381 ferre

1885 5434 1992 5472 non
2038 5416 2247 5482 valens,
2293 5417 2512 5472 simulat
2540 5432 2599 5473 se
2635 5416 2866 5488 puellam
2898 5426 2953 5472 ct
3000 5426 3126 5472 ante
3169 5415 3313 5472 fores
3357 5416 3461 5472 viri

1884 5509 2048 5564 verba
2086 5509 2354 5579 gementia
2395 5509 2687 5581 ingeminat
2721 5526 2733 5561 :
2764 5506 2913 5572 lleu,
2942 5507 3136 5577 inquit,
3175 5522 3262 5562 me
3300 5507 3464 5562 misc-

1884 5615 2032 5661 ram.
2081 5598 2230 5653 silvis
2255 5614 2469 5659 errare.
2521 5607 2575 5653 et
2629 5597 2863 5652 tenebris
2892 5612 3111 5666 vagam,
3163 5596 3312 5653 locus
3355 5600 3506 5653 nou'

1880 5704 1888 5711 ’
1959 5714 1985 5755 ξ’
2024 5712 2183 5786 Greg.
2220 5714 2370 5779 Tur.,
2399 5714 2463 5769 de
2492 5712 2673 5769 Gloria
2706 5719 2950 5783 martyru,
2981 5726 3029 5765 c.
3054 5709 3141 5765 55.
