3962 6366
558 326 666 385 347

1527 334 1586 391 S.
1624 335 1875 392 ΑΙ)οΝιὸ
1910 334 2337 392 ARCHIEPISC.
2385 336 2790 395 VIENNENSIS

3719 350 3827 410 διε

558 449 892 518 agnoscitur,
924 449 1028 504 iter
1053 449 1334 521 quteritur.
1367 449 1622 520 Quisquis
1645 466 1706 511 es
1731 451 1834 505 loci
1862 452 2024 521 hujus
2053 453 2140 505 in-
2169 460 2215 514 Α
2313 452 2510 521 Capua:
2541 456 2734 510 natalis
2765 466 3078 514 sanctorum
3129 470 3427 533 martyrum
3458 462 3649 532 Quinti
3673 508 3691 532 ,
3724 469 3825 523 Ar.

558 542 674 597 cola
695 584 710 605 ,
740 542 937 597 caelum
965 544 1203 613 undique
1240 552 1296 598 et
1327 544 1475 599 silvae
1507 544 1704 599 famam
1734 546 1996 600 virtutum
2027 557 2145 600 tua-

557 649 681 687 rum
733 650 976 705 opusque
1033 636 1214 691 ferunt
1257 654 1272 704 ;
1337 638 1489 706 eripe
1539 653 1627 692 me
1675 654 1706 692 a
1769 636 2145 694 frendentibus

558 724 726 795 apris,
755 725 905 796 eripe
943 742 971 779 a
1008 726 1356 781 saevientibus
1381 726 1543 796 lupis,
1571 736 1627 782 et
1654 742 1684 781 a
1722 727 1951 782 rictibus
1989 741 2142 781 υτεο-

556 831 699 871 rum.
731 817 883 885 Quod
909 818 1115 873 victura
1155 834 1275 873 sum
1307 827 1459 874 tuum
1496 821 1625 885 erit,
1656 820 1700 874 si
1730 821 1935 875 moriar
1969 830 2137 876 tuum.

558 905 705 963 Satis
726 923 995 979 superque
1005 906 1232 963 sufficiat
1244 909 1443 979 operiri
1465 909 1651 965 limine
1665 921 1777 966 tuo.
1793 909 1906 965 Non
1923 907 2142 980 longum

555 1012 740 1067 quaero
763 998 1129 1054 habitaculum
1156 1018 1169 1053 :
1196 1000 1358 1055 unius
1375 1008 1583 1055 tantum
1611 1002 1788 1057 noctis
1808 1002 2007 1072 hospes
2022 1016 2137 1056 cro.

554 1085 781 1142 Reserat
811 1087 1120 1145 Victorinus
1145 1089 1337 1144 cellam
1355 1128 1372 1155 ,
1407 1098 1464 1146 et
1491 1091 1701 1146 hostem
1721 1131 1736 1156 ,
1766 1092 1892 1147 dum
1915 1091 2142 1146 misere-

552 1186 644 1231 tur
669 1192 851 1233 secum
888 1179 1130 1234 includit.
1159 1179 1260 1235 Vix
1299 1182 1446 1237 horae
1476 1184 1709 1252 spatium
1731 1184 2137 1249 intercesserat,

550 1267 677 1321 dum
729 1269 872 1325 inter
916 1272 1226 1339 molimina,
1251 1284 1305 1329 et
1342 1276 1617 1331 assiduum
1654 1276 1898 1347 corporis
1933 1286 2137 1332 motum

546 1365 809 1426 protenso
848 1360 986 1429 pede
1018 1363 1196 1433 tetigit
1224 1363 1498 1420 hominem
1538 1366 1669 1428 Dei,
1714 1376 1772 1421 et
1798 1366 1948 1421 velut
1988 1382 2138 1422 com-

544 1460 795 1516 pungens
813 1450 1039 1507 vulnere
1071 1455 1235 1509 noxio
1254 1455 1436 1510 calore
1459 1457 1761 1512 succendit.
1794 1456 1961 1512 Addit
2000 1458 2137 1527 igni-

545 1538 727 1594 culum
749 1541 976 1597 dulcedo
998 1545 1284 1610 sermonis,
1309 1554 1464 1617 urget
1482 1546 1692 1602 facinus
1716 1547 1968 1602 solitudo.
1990 1548 2135 1615 Quid

542 1628 764 1686 moror?
784 1631 1112 1689 facitcasum
1131 1635 1382 1691 columna
1403 1639 1617 1693 arboris
1653 1638 1762 1692 alta
1795 1637 1977 1693 radice
2014 1654 2135 1708 quae

542 1720 635 1775 diu
650 1720 871 1776 fundata
886 1732 1131 1780 steterat.
1146 1726 1403 1783 Furtivus
1422 1743 1576 1783 amor
1588 1730 1764 1785 scelus
1775 1729 2002 1800 perﬁcit.
2021 1730 2128 1784 Ex-

2246 545 2410 598 coutii
2438 555 2497 600 et
2523 547 2733 602 Donati.

2583 662 2643 717 D.
2688 663 2797 720 VIII
2832 665 2992 722 IDUS
3041 666 3489 726 SEPTEMBRIS.

2885 758 2954 831 (6
2999 757 3185 833 Sept.)

2312 842 2592 901 Zacharize
2616 850 2910 918 prophetat.

2312 935 2444 989 Item
2475 938 2671 993 natalis
2693 941 2867 995 sancti
2899 938 3220 1012 Onesiphori
3243 944 3614 1021 apostolorum
3656 946 3821 1005 diﬁci-

2240 1024 2346 1094 puli
2362 1039 2411 1080 ι.

2313 1117 2380 1183 Et
2405 1119 2549 1188 apud
2577 1118 2843 1187 Africam,
2869 1121 3308 1178 beatissumorum
3355 1126 3736 1182 confessorem
3768 1138 3818 1184 et

2239 1208 2637 1281 episcoporum,
2663 1211 2970 1279 Donatiani,
3000 1215 3263 1281 Prtesidii,
3284 1217 3573 1283 Mansueti,
3598 1220 3816 1276 Germa-

2241 1298 2315 1363 ni,
2346 1296 2559 1355 Fuscoli
2584 1342 2599 1359 .
2632 1302 2721 1371 qui
2754 1306 3135 1373 persecutione
3175 1305 3466 1363 Vandalica
3506 1312 3653 1380 apud
3680 1310 3814 1365 Afri-

2239 1405 2358 1444 cam
2397 1394 2545 1458 jussu
2578 1393 2872 1451 Hunnerici
2923 1399 3066 1469 regis
3092 1399 3321 1467 Ariani,
3373 1417 3474 1471 pro
3514 1405 3813 1461 assertione

2238 1482 2517 1538 catholica:
2539 1486 2805 1549 veritatis,
2836 1489 3122 1544 durissime
3151 1490 3383 1548 fustibus
3407 1494 3557 1558 cassi,
3586 1502 3645 1549 et
3670 1495 3810 1550 exsi-

2238 1573 2309 1626 lio
2340 1575 2578 1628 damnati
2620 1586 2764 1631 sunt.
2803 1577 2949 1632 Inter
2992 1595 3126 1648 quos
3173 1582 3338 1636 etiam
3381 1584 3701 1655 episcopum
3728 1602 3809 1642 no-

2239 1668 2382 1721 mine
2408 1668 2632 1728 Laetum.
2670 1681 2946 1727 strenuum
2970 1689 3034 1729 ac
3070 1676 3439 1731 doctissimum
3471 1680 3676 1746 virum,
3699 1692 3807 1751 post

2238 1757 2522 1813 diuturnos
2549 1763 2785 1816 carceris
2809 1764 3115 1831 squalores,
3144 1766 3392 1821 incendio
3422 1773 3801 1826 concremavit.

459 1827 462 1830 ’
516 1810 853 1882 ‘clamatjam
866 1817 1040 1873 victor
1054 1819 1313 1874 Victorini
1327 1821 1573 1876 diabolus
1588 1840 1601 1874 :
1619 1823 1757 1889 Quid
1773 1824 1906 1893 agis,
1923 1824 2099 1892 inquit

534 1903 623 1929 ..2-
666 1905 1053 1929 ..Α-Δὶ....8-,2..--
1119 1911 1195 1929 ---ξ
1238 1912 1325 1929 -.ομ
1356 1928 1385 1929 η
1427 1912 1450 1929 ιι
1515 1923 1553 1929 ,ν
1758 1916 1769 1926 ο
1833 1914 1855 1929 ιι
1892 1915 1969 1929 ο-η
2009 1914 2025 1929 Ι

2342 1810 2352 1812 ἡ
2497 1810 2516 1813 _
2556 1810 2783 1816 ne"---
2811 1810 3115 1831 rrum..-”
3144 1810 3390 1821 ...W.......
3423 1810 3801 1826 w..-.-...-....

2232 1846 2382 1902 Tuuc
2412 1849 2576 1903 etiam
2606 1852 2827 1907 decreto
2858 1854 3072 1922 publico
3102 1871 3198 1924 per
3228 1856 3476 1914 diversas
3500 1863 3801 1929 provincias

534 1903 623 1958 vir
666 1905 1077 1973 perfectissime,
1111 1911 1195 1964 cui
1228 1912 1394 1966 etiam
1427 1912 1596 1968 frater
1621 1916 1805 1984 gravis
1829 1914 1969 1968 fuit?
1997 1914 2119 1969 Iam

532 1993 778 2067 iungeris
802 2000 959 2055 alteri
983 2002 1075 2071 qui
1096 2005 1371 2059 recessisti
1397 2021 1427 2059 a
1457 2014 1570 2061 tuo.
1599 2006 1737 2073 Quid
1760 2008 1896 2078 agis,
1918 2009 2122 2078 quino-

533 2101 662 2142 vum
689 2090 881 2162 dogma
904 2092 1054 2148 silvis
1087 2096 1425 2150 constituens
1448 2097 1717 2154 suadehas
1750 2099 1985 2169 scopulis
2030 2115 2121 2153 ca-

533 2176 820 2234 stitatem?
848 2181 973 2236 Hmc
997 2182 1212 2253 jactans
1238 2201 1301 2239 ex
1337 2187 1513 2241 oculis
1538 2188 1745 2258 decepti
1769 2191 1911 2244 velut
1939 2188 2119 2245 fumus

476 2266 479 2267 ⁷
541 2271 783 2324 evanuit.
813 2271 884 2327 At
911 2272 957 2328 is
980 2275 1072 2343 qui
1099 2275 1401 2342 ceciderat,
1430 2278 1573 2333 velut
1598 2282 1891 2352 exsanguis
1920 2280 2114 2348 jacuit.

530 2356 590 2412 In
640 2374 698 2413 se
743 2368 921 2416 autem
945 2362 1233 2433 aliquando
1273 2380 1524 2423 reversus
1551 2369 1713 2423 silvas
1742 2371 2014 2435 deseruit,
2044 2371 2114 2425 ad

528 2446 755 2503 fratrem
802 2450 1121 2508 Severinum
1162 2457 1478 2526 repedavit;
1539 2461 1744 2529 pudore
1787 2460 1877 2515 diu
1923 2477 2113 2517 vocem

524 2540 910 2608 supprimens,
964 2545 1180 2601 tandem
1219 2562 1438 2603 causam
1493 2549 1625 2605 facti
1662 2553 1911 2622 exposuit
1944 2572 1956 2607 :
1997 2554 2113 2623 ipse

522 2642 743 2698 penam
798 2633 903 2689 sibi
949 2643 1214 2692 statuens.
1274 2639 1510 2695 Fiudens
1577 2656 1811 2711 namque
1859 2644 2110 2698 arborem

527 2736 826 2791 amansque
856 2738 953 2793 per
979 2724 1227 2781 fissuram
1252 2728 1511 2792 inferens,
1535 2732 1896 2799 praeduratam
1923 2733 2111 2790 cuneis

521 2812 837 2878 pessulans,
866 2813 1181 2871 cicatricem
1217 2817 1428 2874 arboris
1455 2819 1678 2876 claudit.
1720 2820 1827 2878 Sed
1857 2840 1980 2879 mox
2011 2824 2109 2880 Se-

521 2902 743 2959 verinus
798 2904 999 2960 factum
1045 2921 1371 2979 poenamque
1437 2910 1623 2967 fratris
1691 2915 1968 2985 episcopo-
2007 2930 2108 2971 suo

522 2994 758 3049 nuntiat.
808 2993 900 3051 Ille
940 2998 1171 3054 veniens
1198 3000 1434 3070 primum
1479 3018 1602 3057 eum
1647 3003 1858 3060 solvere
1898 3013 2102 3073 tentat;

490 3088 615 3141 ‘sed
642 3099 700 3143 ut
734 3100 1123 3161 repugnantem
1169 3094 1323 3158 vidit,
1355 3105 1497 3161 orat,
1528 3097 1827 3163 benedicit,
1854 3100 2100 3154 consola-

521 3185 631 3241 tur,
654 3178 1004 3236 discedit.Vir
1017 3190 1197 3237 autem
1214 3181 1451 3249 Domini,
1467 3187 1634 3255 quise
1655 3189 1967 3259 gravissima
1984 3202 2100 3259 pte-

517 3266 746 3322 niteutia
781 3268 1154 3338 damnaverat,
1181 3274 1459 3330 Dominica
1492 3285 1699 3330 tantum
1722 3278 1809 3332 die
1826 3278 2098 3334 modicum

515 3360 673 3430 panis
701 3370 757 3415 et
781 3377 935 3432 aquae
948 3374 1174 3421 coactus
1196 3381 1226 3420 a
1249 3364 1420 3423 fratre
1440 3368 1798 3438 percipiebat,
1823 3370 1915 3440 qui
1931 3371 2096 3425 etiam

514 3465 574 3506 se
599 3452 761 3508 simili
788 3455 913 3511 cibo
946 3467 1002 3511 et
1019 3455 1229 3528 jejunio
1257 3460 1586 3515 macerabat.
1623 3460 1791 3532 Igitur
1821 3465 1873 3517 in
1905 3463 2094 3533 hujus-

511 3543 658 3598 modi
704 3547 1145 3615 constructione,
1204 3548 1498 3604 triennium
1549 3551 1804 3607 volvitur.
1851 3552 2095 3624 Cumque

508 3634 617 3707 jam
664 3652 854 3694 omnes
880 3653 1021 3709 pene
1061 3641 1321 3696 movisset
1350 3639 1468 3710 ejus
1495 3642 1547 3696 in
1584 3642 1802 3697 Christo
1836 3644 2092 3698 imitanda

509 3724 823 3793 humilitas,
868 3729 1157 3800 episcopus
1203 3731 1441 3787 civitatis
1489 3734 1739 3799 rediens,
1787 3735 1877 3788 vix
1929 3749 2093 3806 agere

503 3816 722 3885 potuit,
776 3826 835 3872 ut
880 3833 1002 3875 sese
1030 3835 1061 3873 a
1089 3835 1272 3890 paena,
1304 3838 1409 3891 qua
1452 3822 1542 3877 ille
1580 3839 1796 3894 memor
1825 3825 2091 3880 tremendi

497 3903 690 3974 judicii
732 3921 793 3962 se
839 3906 1212 3974 damnaverat,
1267 3911 1569 3983 absumptis
1610 3927 1750 3984 pene
1794 3915 2048 3971 carnibus
2073 3956 2089 3979 ,

500 3997 845 4065 permitteret
865 3998 1082 4053 resolvi.
1114 3998 1342 4067 Quantae
1364 4011 1543 4058 autem
1569 4005 1873 4061 sanctitatis
1902 4017 2087 4078 postea

502 4085 689 4151 fuerit,
718 4103 994 4160 quamque
1020 4100 1214 4162 potens
1243 4092 1298 4147 in
1332 4094 1629 4161 miraculis,
1658 4112 1764 4152 non
1796 4096 1956 4153 facile
1991 4099 2091 4154 liu-

502 4173 606 4248 gua
637 4177 865 4250 alicujus
893 4183 1208 4252 explicabit.
1251 4184 1467 4241 Electus
1508 4189 1699 4244 deinde
1733 4190 1802 4245 ab
1831 4191 2086 4247 universo

499 4273 701 4343 populo
750 4276 1104 4333 Amiterninae
1149 4280 1298 4335 urbis
1351 4282 1715 4336 sacerdotium
1743 4284 2080 4354 adipiscitur.

496 4366 629 4425 lude
652 4368 992 4438 postmodum
1023 4371 1125 4426 sub
1174 4371 1507 4442 imperatore
1553 4373 1763 4440 Nerva,
1798 4391 1920 4431 eum
1964 4376 2084 4432 aliis

2224 1949 2569 1995 exsccutores
2611 1942 2848 2013 dirigens
2873 1984 2888 2008 ,
2927 1947 3192 2017 episcopis
3234 1951 3389 2019 quasi
3418 1952 3486 2004 ad
3521 1955 3797 2009 concilium

2221 2033 2551 2106 Carthagine
2578 2042 2915 2111 congregatis
2934 2083 2948 2106 ,
2979 2057 3081 2095 una
3119 2043 3205 2099 die
3234 2046 3516 2101 universas
3555 2049 3801 2104 ecclesias

2219 2125 2418 2181 Africa:
2446 2128 2661 2193 clausit,
2687 2131 3101 2203 universamque
3130 2135 3493 2191 substantiam
3524 2143 3794 2209 episcopo-

2219 2232 2338 2271 rum
2366 2226 2421 2273 et
2442 2220 2794 2276 ecclesiarum
2821 2224 2935 2278 suis
2965 2225 3231 2295 episcopis
3257 2231 3604 2285 condonavit.

2569 2350 2633 2405 E.
2677 2351 2765 2407 VII
2802 2352 2966 2409 IDUS
3004 2354 3453 2415 SEPTEMBRiS.

2872 2446 2931 2516 (7
2968 2445 3146 2520 Sept.)-

2283 2532 2493 2590 Natalis
2515 2535 2656 2591 beati
2684 2535 2909 2593 Joannis
2932 2540 2959 2579 ι’
2982 2542 3121 2611 apud
3143 2541 3513 2599 Nicomediam
3542 2547 3645 2602 sub
3667 2547 3789 2602 Dio-

2211 2627 2444 2682 cletiano
2476 2628 2820 2698 imperatore.
2844 2628 2945 2697 Qui
2970 2632 3036 2687 de
3052 2632 3322 2689 nobilibus
3335 2645 3489 2691 ortus
3512 2638 3710 2695 honore
3738 2652 3811 2695 et'

2210 2718 2469 2788 dignitate
2484 2718 2732 2783 illustris,
2746 2728 2804 2774 ut
2819 2722 2952 2775 vidit
2972 2723 3231 2779 adversus
3246 2725 3482 2782 cultores
3497 2727 3588 2783 Dei
3604 2730 3658 2784 in
3676 2730 3788 2786 fore

2211 2806 2450 2861 crudelia
2479 2808 2655 2863 edicta
2680 2809 2938 2878 pendere,
2971 2811 3154 2868 calore
3183 2814 3344 2868 nimis
3387 2815 3512 2871 fidei
3549 2817 3783 2886 ignitus,

2207 2898 2423 2968 publice
2471 2900 2669 2970 populo
2714 2901 3053 2972 inspectante
3094 2903 3290 2973 injecta
3336 2922 3540 2974 manu,
3594 2910 3781 2967 libum

2208 2991 2407 3060 iniquae
2438 2991 2572 3070 legis
2598 2992 2856 3060 detraxit,
2885 3010 2949 3050 ac
2981 2995 3287 3053 minutatim
3316 2999 3605 3072 discerth
3628 3044 3645 3067 ,
3677 3004 3799 3058 Διιο.

2208 3092 2365 3152 gusto
2396 3067 2730 3141 Diocletiano
2780 3087 2834 3141 in
2881 3090 3070 3144 eadem
3103 3091 3237 3146 urbe
3275 3092 3441 3147 simul
3466 3067 3591 3150 cum
3616 3095 3778 3151 Maxi-
3872 3148 3877 3155 .

2127 3155 2174 3219 C
2210 3172 2387 3226 miano
2414 3172 2628 3230 Caesare
2656 3178 2968 3232 constituto.
2994 3178 3076 3234 Ad
3103 3196 3241 3251 quos
3265 3198 3391 3237 cum
3425 3185 3647 3241 relatum
3690 3204 3779 3244 es-

2202 3272 2287 3315 set
2315 3263 2552 3333 religiosi
2578 3274 2634 3318 et
2662 3266 2890 3323 illustris
2914 3269 3014 3324 viri
3061 3271 3263 3327 factum
3288 3312 3306 3339 ,
3349 3278 3606 3331 continuo
3628 3282 3772 3335 eum

2201 3351 2255 3405 iu
2285 3368 2407 3406 eum
2436 3354 2772 3413 crudelitatis
2794 3372 2993 3428 genere
3020 3361 3397 3430 desmvientes,
3425 3383 3495 3421 ne
3536 3369 3630 3424 hoc
3650 3371 3773 3439 qni-

2197 3442 2321 3495 dem
2353 3444 2525 3498 solum
2547 3444 2761 3502 efﬁcere
2787 3449 3100 3518 quiverunt,
3131 3463 3192 3507 ut
3215 3469 3340 3510 eum
3380 3468 3632 3513 mmstum
3678 3460 3773 3515 ali-

2196 3536 2321 3604 quis
2348 3537 2555 3592 videret
2584 3539 2636 3592 in
2664 3541 2876 3609 pinnis:
2906 3543 2998 3596 sed
3027 3542 3149 3599 laeto
3198 3555 3361 3616 atque
3406 3548 3565 3604 hilari
3608 3550 3770 3615 vultu,

2194 3626 2447 3696 cinnjam
2470 3630 2680 3685 viscera
2725 3631 2779 3686 in
2825 3634 3108 3704 suppliciis
3147 3635 3511 3704 defecissent,
3558 3642 3770 3712 spiritus

2198 3731 2378 3775 tamen
2404 3722 2693 3778 laetabatur
2717 3725 2771 3781 in
2802 3727 2974 3783 vultu.
3007 3729 3087 3784 Ex
3110 3746 3218 3801 quo
3260 3740 3498 3790 tortores
3540 3736 3624 3790 sui
3649 3753 3766 3807 gra-

2193 3812 2314 3866 vius
2334 3813 2740 3883 cruciabantur,
2768 3821 2911 3889 quod
2938 3821 3119 3876 omnia
3158 3824 3547 3893 suppliciorum
3581 3844 3767 3898 genera

2191 3906 2584 3959 consumebant
2611 3906 2664 3960 in
2692 3922 2837 3972 eum,
2865 3924 3027 3979 quem
3067 3925 3138 3967 ne
3183 3915 3396 3970 tristem
3440 3917 3659 3988 quidem
3703 3934 3765 3974 ex

2192 3991 2277 4047 his
2306 3993 2531 4049 reddere
2556 4005 2829 4064 poterant.

2543 4116 2605 4174 F.
2647 4117 2714 4175 VI
2750 4118 2910 4177 IDUS
2947 4121 3397 4183 SEPTEMBRIS.

2875 4214 2930 4285 (8
2974 4215 3143 4290 Sept.)

2258 4297 2526 4356 Nativitas
2561 4314 2761 4358 sanctae
2792 4305 2887 4360 Dei
2915 4306 3206 4364 Genitricis
3233 4321 3281 4365 ο.

2256 4392 2455 4448 Eodem
2474 4394 2561 4450 die
2583 4397 2724 4467 apud
2757 4396 3145 4468 Nicomediam,
3177 4405 3353 4460 natale
3381 4411 3558 4465 sancti
3577 4409 3758 4468 Adria-

2446 4446 2454 4448 -
2482 4446 2556 4450 ﬂ-
2584 4446 2609 4449 γ
2658 4446 2724 4451 -__
2757 4446 2772 4451 -
2808 4446 3145 4468 ---...-........,
3177 4446 3353 4460 ........ν
3381 4446 3754 4468 Numa"...-

494 4446 596 4513 Dei
623 4461 796 4515 serViS
822 4460 1105 4533 Euthyche
1133 4472 1188 4520 et
1213 4462 1433 4520 Marone
1452 4506 1468 4530 .
1499 4466 1568 4566 θιξ
1596 4466 2082 4536 Αιινειίθηοὶυάίεθ
2110 4507 2160 4566 D
2187 4483 2239 4536 ni
2271 4485 2522 4555 martyris
2557 4446 2677 4541 curm
2708 4489 2830 4544 aliis
2872 4490 3045 4547 tribus
3084 4502 3139 4548 et
3167 4496 3379 4565 viginti.
3404 4498 3754 4560 Maximianus

495 4549 677 4619 primo
707 4552 978 4621 relegatus
1004 4553 1060 4607 in
1090 4556 1427 4624 sexagesimo
1454 4555 1706 4611 milliaria
1734 4559 1801 4612 ab
1831 4559 1964 4614 urbe
1994 4560 2078 4616 via

496 4638 709 4695 Salaria
738 4657 751 4694 :
778 4640 974 4698 deinde
1005 4644 1145 4714 apud
1177 4661 1299 4700 eum
1324 4646 1500 4701 locum
1532 4648 1623 4717 qui
1649 4647 1874 4705 Cotilias
1896 4653 2079 4721 appel-

496 4729 767 4795 latur,ubi
792 4742 1044 4802 potentes
1057 4750 1212 4804 aqua:
1231 4748 1456 4790 manant
1478 4746 1531 4792 et
1553 4738 1878 4808 sulphurea},
1907 4742 1960 4796 in
1990 4744 2074 4814 ip-

490 4822 571 4877 sis
595 4824 772 4894 capite
798 4825 1050 4882 deorsum
1074 4843 1172 4898 per
1193 4828 1357 4883 horas
1389 4839 1499 4885 tres
1526 4847 1846 4901 suspensum
1876 4838 2069 4901 teneri,

492 4914 562 4969 ab
589 4914 752 4984 impio
778 4914 963 4984 judice
982 4918 1193 4989 jussum
1223 4929 1324 4974 est.
1354 4919 1507 4987 Quod
1537 4938 1657 4976 cum
1698 4939 1796 4993 per
1837 4927 2071 4982 triduum

2184 4588 2313 4628 cum‘
2328 4576 2646 4645 gravissime
2667 4592 3084 4650 persequeretur
3104 4583 3468 4653 Christianos,
3497 4593 3636 4660 apud
3659 4593 3753 4647 An-

2186 4663 2440 4718 tiochiam
2475 4665 2640 4721 oblati
2683 4678 2811 4723 sunt
2850 4671 2899 4724 ei
2940 4672 3160 4741 quidam
3189 4673 3510 4743 Christiani,
3547 4683 3646 4736 fide
3690 4699 3751 4737 ac

2182 4753 2439 4825 religione
2463 4757 2833 4826 insignissimi,
2856 4776 2991 4831 quos
3015 4762 3103 4816 ille
3127 4774 3247 4834 post
3274 4767 3523 4824 veritatis
3552 4772 3752 4827 confes-

2179 4846 2385 4900 sionem
2413 4856 2671 4904 extensos
2698 4849 2858 4920 lignis
2896 4860 2951 4906 et
2992 4855 3174 4909 nervis
3201 4858 3384 4912 crudis
3421 4863 3553 4916 caedi
3576 4863 3742 4934 jussit,

2178 4950 2241 4989 ac
2297 4936 2494 4992 deinde
2557 4938 2825 5008 lapidibus
2870 4956 2965 4996 ora
3031 4942 3270 5013 ipsorum
3339 4953 3638 5018 contundi,
3692 4964 3748 5007 et

486 5019 590 5075 pro
614 5004 815 5063 Christi
839 5011 1057 5065 nomine
1082 5026 1273 5081 passus
1299 5011 1511 5078 fuisset,
1527 5015 1757 5084 gloriose
1777 5030 2069 5075 coronatus

487 5097 744 5168 migravit
763 5101 829 5155 ad
857 5101 1165 5156 Dominmn.
1200 5103 1445 5174 Cumque
1473 5122 1577 5160 una
1603 5107 1690 5162 die
1708 5108 1859 5179 jussu
1889 5110 2066 5167 Aure-

484 5189 616 5248 liani
660 5207 856 5267 corpus
899 5196 1016 5267 ejus
1069 5197 1406 5253 inhumatum
1450 5198 1744 5269 jacuisset,
1801 5213 2066 5260 venerunt

480 5279 893 5341 Amiternenses
916 5287 1097 5357 populi
1119 5286 1436 5356 Christiani,
1460 5301 1516 5347 et
1535 5293 1809 5363 rapientes
1828 5295 1879 5348 in
1904 5311 2059 5349 suum

484 5374 817 5431 territorium
856 5378 1279 5446 transtulerunt,
1324 5391 1380 5437 et
1426 5383 1724 5440 honorifica
1780 5385 2057 5456 sepultura

480 5465 843 5521 condiderunt
867 5469 1025 5523 nonis
1047 5473 1389 5540 septembris.

546 5554 681 5612 Item
710 5556 896 5617 Romae
926 5560 979 5614 in
1004 5571 1191 5630 portu,
1218 5565 1384 5619 natali
1410 5566 1586 5623 sancti
1616 5566 1929 5623 Herculani.

548 5680 565 5750 ξ
612 5667 944 5750 Eidelihlde
962 5674 1105 5729 Fest.
1130 5675 1342 5750 Apost.;
1366 5678 1549 5737 Victor
1568 5679 1836 5750 Africam,
1868 5681 1961 5737 lib.
1985 5699 2047 5739 ll.

548 5738 569 5782 ³
615 5739 809 5798 Euseb.
840 5743 934 5800 lib.
956 5760 1073 5814 vni,
1100 5738 1219 5817 cap.
1247 5747 1300 5804 5.

2177 5028 2385 5100 linguas
2441 5046 2629 5085 eorum
2657 5035 2896 5101 praecidi.
2928 5019 3259 5091 Haec‘omnia
3290 5054 3526 5096 cernens
3563 5044 3743 5098 Adria-

2172 5136 2295 5184 nus,
2327 5122 2418 5190 qui
2447 5132 2566 5176 erat
2600 5124 2752 5193 prior
2774 5123 2959 5192 officii,
2991 5128 3129 5182 dixit
3164 5130 3229 5182 ad
3266 5145 3391 5185 eos:
3424 5133 3625 5201 Adiuro
3648 5151 3742 5188 vos

2170 5227 2267 5281 per
2289 5211 2453 5265 Deum
2486 5222 2747 5278 vestrum,
2784 5231 2882 5286 pro
2933 5234 3041 5290 quo
3094 5220 3210 5276 lucc
3276 5225 3547 5292 patimini,
3584 5228 3741 5283 dicite

2168 5302 2299 5356 mihi
2334 5303 2385 5356 in
2413 5304 2661 5370 veritate,
2691 5318 2812 5374 qute
2837 5315 2919 5362 est
2950 5313 3313 5366 remuneratio
3348 5325 3551 5378 vestra,
3581 5331 3734 5387 quam

2164 5397 2490 5466 exspectatis
2517 5412 2618 5467 pro
2667 5398 2752 5454 his
2792 5402 3130 5456 tormentis?
3170 5405 3384 5458 videtur
3428 5409 3571 5462 enim
3606 5411 3731 5462 mihi

2164 5501 2356 5556 magna
2387 5495 2443 5542 et
2486 5487 2716 5544 mirifica
2749 5505 2890 5547 esse.
2930 5490 3027 5547 Cui
3055 5496 3265 5567 βνιείηιί
3318 5506 3428 5552 tres
3477 5509 3733 5553 martrrcs

2161 5577 2454 5635 dixerunt:
2485 5581 2878 5651 Exspectauins
2923 5586 3069 5653 quod
3107 5602 3207 5642 nec
3236 5593 3426 5645 oculus
3453 5591 3597 5656 vidit,
3628 5605 3730 5646 nec

2228 5700 2251 5729 ε
2301 5690 2430 5747 Vide
2456 5691 2696 5748 libellum
2730 5692 2796 5747 dc
2825 5691 3135 5754 chtivitat.
3169 5698 3356 5771 Apost.
