3962 6366
215 331 331 387 549

876 326 1480 387 MARTYROLOGIUM
1519 327 1665 386 CUM
1702 324 2238 383 ADDITAMENTIS.
2277 357 2348 368 —
2390 324 2599 383 MENS.
2640 326 2865 417 SEPTa

3385 301 3497 388 ssc

212 447 378 500 auris
404 442 629 510 audivit,
657 456 757 499 nec
794 441 847 497 in
886 457 983 499 eor
1009 444 1243 499 hominis
1289 443 1558 503 ascendit.
1591 442 1805 496 inenar-
1832 442 1881 501 Α
1909 435 2136 506 projecit
2162 452 2283 507 quae
2302 448 2460 493 erant
2491 438 2543 492 in
2581 439 2857 503 manibus,
2892 446 2949 494 et
2978 452 3272 495 accurrens
3296 438 3494 496 clausit

217 535 400 591 rabiie
428 537 650 599 bomnn,
683 532 824 603 quod
873 535 1200 603 prmoaravit
1248 535 1391 589 Deus
1439 534 1526 589 his
1562 532 1652 603 qui
1684 530 1804 586 diii-

217 634 361 696 gunt
380 640 502 680 eum
533 623 669 695 (lsa.
699 621 906 688 utvﬂ
937 621 1062 678 Cor.
1094 623 1177 693 ιι).
1200 623 1440 678 Audiens
1467 624 1581 677 haec
1608 620 1805 676 Adria-

218 732 352 782 nus,
388 714 572 770 statim
595 713 852 768 exsiliens
876 713 1030 768 stetit
1062 714 1115 768 in
1145 712 1325 767 medio
1357 727 1567 777 eorutn,
1597 719 1653 765 et
1673 708 1809 765 dixit

218 806 312 861 his
342 804 434 874 qui
472 803 732 874 gerebant
756 803 1065 872 exceptoris
1082 801 1319 857 oliicium
1345 819 1359 855 :
1383 801 1655 855 Annotate
1678 812 1810 853 con-

219 895 521 951 fessionem
556 908 732 948 meam
779 908 903 947 cum
934 893 1021 948 his
1067 893 1271 949 sanctis
1322 902 1379 949 et
1416 891 1638 947 athletis
1666 890 1762 945 Dei
1791 906 1807 944 :

219 986 358 1057 quia
383 996 438 1039 et
462 999 563 1056 ego
582 982 927 1039 Christianus
961 997 1102 1037 sum.
1129 982 1257 1038 Post
1298 997 1404 1036 non
1435 981 1661 1036 multum
1684 995 1811 1051 spa-

222 1079 387 1141 tium,
416 1093 537 1132 eum
559 1076 798 1130 audisset
822 1074 1184 1131 Maximianus
1209 1090 1408 1130 nomen
1441 1074 1559 1145 ejus
1584 1074 1802 1130 recitari

221 1164 378 1219 inter
399 1165 616 1218 nomina
668 1175 976 1219 sanctorum
1018 1172 1340 1234 martyrum,
1384 1172 1615 1219 evocato
1643 1164 1711 1217 ad
1748 1178 1810 1219 se

221 1257 369 1311 dixit
394 1258 490 1311 ei:
528 1255 759 1320 insanis,
797 1255 1078 1310 Adriane?
1115 1255 1356 1325 nunquid
1386 1263 1443 1309 et
1474 1263 1530 1309 tu
1572 1256 1654 1309 vis
1699 1264 1808 1309 tam

222 1346 374 1401 male
394 1346 614 1415 perire?
650 1345 920 1400 Adrianus
949 1346 1271 1415 respondit:
1309 1360 1415 1400 non
1463 1345 1694 1409 insanio,
1711 1344 1809 1399 sed

222 1439 297 1493 de
325 1435 493 1490 multa
517 1434 726 1490 insania
769 1434 837 1489 ad
865 1449 1052 1489 sanam
1082 1444 1321 1490 mentem
1352 1443 1617 1489 revertor.
1647 1434 1810 1489 Cum-

223 1542 337 1598 que
369 1533 778 1597 perseveranter
801 1541 922 1595 qme
958 1534 1084 1579 sunt
1120 1526 1245 1580 ﬁdei
1267 1536 1324 1580 et
1354 1526 1601 1581 veritatis
1624 1541 1812 1597 prose-

227 1626 512 1688 queretur,
564 1615 747 1671 furore
790 1616 1024 1686 repletus
1067 1615 1446 1683 Maximianus,
1486 1618 1647 1687 jussit
1684 1634 1810 1672 eum

228 1710 382 1766 ferro
415 1711 654 1765 vinctum
681 1726 803 1765 cum
857 1710 1078 1782 reliquis
1122 1714 1329 1767 sanctis
1384 1714 1715 1784 martyribus
1742 1711 1810 1767 ad

1907 532 2106 586 ostium
2138 533 2348 596 domus,
2377 532 2619 588 clamans
2656 539 2711 587 et
2750 531 2937 587 dicens
2972 546 2987 586 :
3022 528 3204 603 Longe
3221 531 3499 588 efﬁciatur

1909 636 1940 674 a
1970 637 2055 676 me
2092 623 2181 677 hic
2209 624 2299 692 qui
2327 625 2553 688 corruit,
2585 633 2640 680 et
2681 624 2941 680 mentitus
2983 632 3069 679 est
3105 621 3337 679 Domino
3380 623 3493 680 Deo

1868 770 1874 783 ,
1909 724 2029 765 suo.
2058 710 2175 767 Non
2198 712 2453 784 loquatur
2482 714 2633 779 ntibi,
2687 730 2788 768 nec
2835 714 3049 769 audiam
3082 713 3340 785 linguam,
3370 729 3493 783 qua:

1909 802 2094 859 dolose
2128 804 2238 876 egit
2280 804 2333 859 in
2372 814 2662 875 conspectu
2686 804 2934 861 Factoris
2977 805 3081 859 sui.
3126 805 3193 859 Et
3231 819 3493 861 conversa

1910 894 2043 950 dicit
2071 896 2125 951 in
2151 910 2275 951 cuin
2302 911 2317 951 :
2344 896 2389 953 Ο
2417 899 2535 953 sine
2574 897 2689 954 Deo
2726 913 2838 968 prae
2868 898 3120 954 omnibus
3162 900 3491 964 hominibus,

1910 986 2034 1056 quis
2062 993 2114 1041 te
2134 988 2311 1058 coegit
2327 988 2736 1058 apprehendere
2770 1004 2924 1060 opus,
2950 989 3094 1060 quod
3133 1005 3239 1044 non
3271 980 3503 1060 potuisti

1910 1074 2213 1146 perlicere;
2244 1080 2368 1147 quis
2423 1086 2503 1133 te'
2530 1080 2803 1149 separavit
2832 1095 2863 1133 a
2892 1079 3115 1145 sanctis,
3163 1089 3257 1135 aut
3290 1080 3414 1150 quis
3442 1088 3496 1135 te

1912 1166 2144 1229 seduxit,
2176 1176 2233 1222 ut
2261 1168 2546 1225 recederes
2574 1185 2605 1224 a
2631 1177 2899 1226 conventu
2937 1171 3087 1240 pacis
3115 1171 3201 1225 vel
3235 1186 3495 1241 repausa-

1913 1255 2117 1311 tionis?
2149 1257 2245 1313 Dic
2282 1258 2437 1323 mihi,
2469 1273 2640 1328 quare
2676 1258 2730 1313 in
2767 1257 2948 1327 fugam
2990 1273 3286 1315 conversus
3309 1275 3369 1314 es
3394 1275 3495 1313 an-

1912 1352 2132 1416 tequam
2156 1350 2311 1404 tieret
2346 1351 2568 1419 pugna?
2611 1365 2782 1420 quare
2822 1349 3095 1422 p‘rojecisti
3124 1364 3300 1415 arma,
3345 1361 3499 1406 ante-

1912 1452 2075 1506 quam
2114 1439 2326 1493 videres
2358 1438 2568 1494 hostem
2613 1440 2708 1494 tibi
2753 1440 3187 1511 repugnantem?
3216 1440 3498 1508 Quomodo

1913 1528 2227 1583 vulneratus
2251 1545 2328 1595 es,
2359 1534 2589 1585 necdum
2615 1532 2814 1585 emissa
2846 1533 3039 1602 sagitta
3070 1531 3094 1584 Ρ
3121 1529 3259 1597 Quid
3299 1529 3497 1586 faciam

1913 1618 2304 1685 infelicissima,
2336 1636 2457 1690 qua:
2502 1623 2790 1693 conjuncta
2824 1638 2944 1677 sum
3003 1621 3218 1690 impio?
3249 1620 3366 1677 Non
3407 1631 3497 1678 est

1917 1708 2049 1761 mihi
2078 1723 2396 1763 concessum
2426 1719 2486 1764 ut
2526 1724 2752 1764 voearer
2786 1726 2923 1765 uxor
2966 1713 3242 1782 martyris,
3297 1714 3391 1765 sed
3441 1720 3502 1763 ιιι

224 1816 502 1857 carcerem
558 1801 822 1871 pertrahi.
874 1802 1005 1856 Erat
1059 1815 1240 1858 autem
1288 1804 1504 1874 juvenis
1542 1819 1807 1857 annorum
1842 1789 1885 1849 Β
1915 1794 2125 1852 dicerer
2152 1800 2349 1870 cunjux
2382 1801 2814 1871 transgressoris.
2847 1800 2930 1854 Ad
2963 1801 3150 1854 horam
3180 1800 3281 1853 fuit
3320 1798 3501 1854 exsuk

223 1894 417 1965 viginti
467 1904 609 1949 octo.
672 1894 740 1948 Et
790 1892 933 1948 fama
992 1895 1244 1950 celeriter
1295 1905 1570 1960 currente,
1621 1896 1811 1951 didicit

224 1998 368 2039 uxor
396 1983 541 2038 illius
566 1982 777 2037 Natalia
826 1995 1021 2040 cuncta
1046 2001 1168 2056 quxe
1189 1985 1335 2040 circa
1363 1985 1658 2041 Adrianuin
1692 2002 1810 2040 ma-

225 2075 391 2129 ritum
422 2082 814 2145 provenerant.
846 2074 913 2129 Et
943 2077 1141 2147 gaudio
1166 2076 1351 2147 plena,
1380 2077 1508 2147 quia
1531 2085 1652 2130 erat
1694 2092 1811 2131 mu.

222 2162 327 2218 iier
353 2156 843 2227 Cbristianissima,
886 2165 1129 2219 cucurrit
1180 2166 1247 2219 ad
1290 2180 1593 2231 carcerem,
1627 2166 1809 2237 proci-

225 2258 469 2324 densque
500 2257 568 2310 ad
607 2257 773 2325 pedes
796 2258 896 2311 viri
923 2258 1005 2311 sui
1038 2260 1389 2314 osculabatur
1428 2261 1640 2314 vincula
1670 2262 1808 2332 ejus,

225 2348 418 2402 dicens
446 2347 558 2402 illi:
590 2347 789 2404 Beatus
820 2363 904 2412 es,
936 2350 1153 2405 domine
1195 2367 1347 2407 meus
1388 2352 1644 2417 Adriane,
1684 2354 1809 2423 quia

228 2438 490 2493 invenisti
520 2439 754 2501 divitias,
779 2452 917 2508 quas
947 2440 1041 2494 tibi
1073 2455 1177 2494 non
1204 2441 1528 2495 dimiserunt
1555 2454 1810 2512 parentes

232 2527 338 2583 tui.
359 2527 497 2583 Vere
515 2528 621 2597 jam
649 2543 877 2583 securus
913 2529 1095 2599 pergis
1125 2530 1193 2583 ad
1219 2529 1517 2596 Christum,
1561 2533 1696 2586 bene
1726 2548 1812 2586 re-

234 2618 483 2671 condens
511 2619 561 2671 in
591 2618 703 2687 ipso
740 2617 981 2683 divitias,
1015 2634 1153 2689 quas
1196 2619 1442 2675 invenies
1478 2621 1532 2675 in
1568 2630 1811 2690 tempore

231 2709 596 2772 necessitatis,
637 2709 725 2763 ubi
783 2710 853 2763 de
893 2710 1068 2779 poenis
1110 2710 1491 2765 damnatorum
1538 2712 1808 2767 neminem

226 2800 516 2869 quisquam
548 2798 843 2854 liberabit:
880 2814 986 2876 non
1036 2810 1192 2871 pater
1233 2800 1423 2865 lilium,
1482 2817 1588 2856 non
1640 2813 1813 2857 mater

226 2894 423 2957 filiam,
455 2910 561 2947 non
604 2893 811 2948 divitia:
846 2903 1210 2959 transeuntes,
1241 2909 1348 2948 non
1385 2894 1491 2948 uiia
1528 2910 1809 2951 servorum

222 2985 457 3039 ambitio
484 2992 539 3038 et
570 2984 881 3054 patrimonii
913 2984 1230 3054 amplitudo,
1273 2985 1342 3038 ad
1378 2994 1680 3041 extremum
1712 3002 1811 3042 nec

224 3075 438 3129 amicus
471 3075 725 3128 amicum.
769 3071 972 3128 Omnes
999 3074 1141 3128 enim
1175 3082 1301 3129 tunc
1335 3076 1554 3145 propria
1594 3077 1808 3131 sarcina

1914 1892 2046 1943 latio
2071 1907 2209 1953 mea,
2233 1902 2287 1945 et
2304 1907 2433 1947 ecce
2460 1907 2556 1961 per
2573 1892 2770 1947 saecula
2794 1893 2901 1945 erit
2926 1893 3279 1962 opprobrium
3296 1906 3498 1946 meum.

1912 1979 2008 2033 Cui
2062 1980 2251 2035 beatus
2294 1981 2570 2034 Adrianus
2618 1996 2717 2050 pro
2770 1980 2979 2036 foribus
3023 1992 3173 2035 stans
3228 1982 3442 2036 dicebat
3482 1997 3496 2033 :

1910 2068 2077 2140 Aperi
2118 2072 2274 2135 mihi,
2314 2086 2472 2125 soror
2508 2086 2626 2124 mea
2667 2070 2900 2135 Natalia,
2947 2071 3074 2141 quia
3116 2087 3221 2125 non
3262 2072 3501 2125 sicut'tu

1911 2162 2151 2216 aestimas
2192 2162 2353 2233 effugi
2405 2162 2748 2231 martyrium.
2788 2160 2921 2216 Veni
2965 2171 3145 2216 autem
3189 2170 3498 2231 propterea,

1913 2255 2044 2322 quia
2080 2254 2246 2307 instat
2282 2263 2495 2322 tempus
2525 2253 2842 2322 quaestionis
2870 2262 3090 2317 nostra},
3123 2262 3181 2306 ut
3206 2253 3350 2306 sicut
3377 2267 3502 2321 pro-

1913 2346 2035 2399 misi
2068 2361 2309 2416 praesens
2331 2344 2542 2401 tias.~At
2569 2345 2657 2398 illa
2688 2346 3039 2400 noncredens
3068 2361 3080 2396 :
3118 2342 3276 2407 Vide,
3303 2342 3498 2413 inquit,

1913 2439 2186 2508 quomodo
2228 2453 2314 2492 me
2343 2437 2553 2492 seducit
2595 2436 3006 2507 transgressor?
3057 2435 3197 2490 Ecce
3230 2434 3503 2504 quomodo

1913 2532 2178 2586 mentitur
2192 2530 2331 2585 alter
2353 2530 2568 2585 ludas?
2598 2530 2841 2585 Recedas
2887 2544 2920 2583 a
2968 2544 3074 2591 me,
3114 2528 3276 2582 homo
3306 2544 3323 2585 ;
3375 2543 3500 2582 nam

1913 2630 2038 2674 ante
2067 2636 2153 2675 me
2199 2621 2372 2689 ipsam
2410 2618 2759 2683 inlerllciam,
2791 2632 2953 2687 quam
2981 2618 3074 2671 tibi
3106 2618 3301 2672 socier.
3338 2615 3501 2671 Cuiu-

1912 2726 2017 2783 que
2046 2710 2394 2766 beatissimus
2418 2713 2631 2780 martyr
2656 2708 2725 2763 de
2754 2709 2871 2763 zelo
2912 2711 3012 2779 piae
3028 2708 3278 2779 conjugis
3322 2708 3496 2773 laetus,

1912 2800 2257 2856 sermonibus
2291 2799 2405 2855 suis
2442 2800 2491 2855 ei
2523 2798 2883 2865 satisfaceret,
2921 2812 2979 2855 et
3006 2799 3109 2855 nisi
3140 2799 3302 2854 citius
3328 2799 3500 2868 aperi-

1915 2901 2029 2955 ret,
2050 2905 2232 2944 moras
2254 2906 2315 2944 se
2339 2888 2521 2945 facere
2546 2905 2652 2945 non
2690 2905 2848 2960 posse
2870 2902 3162 2956 assereret,
3196 2891 3410 2945 tandem
3447 2891 3497 2944 ei

1914 2979 2004 3033 illa
2042 2979 2313 3049 aperiens,
2363 2978 2701 3049 provolvitur
2748 2978 2976 3050 pedibus
3029 2978 3168 3049 ejus.
3212 2979 3340 3034 inde
3371 2993 3499 3034 vero

1914 3070 2077 3124 citius
2102 3106 2113 3121 ς
2134 3079 2383 3133 xeuntes,
2422 3071 2789 3141 properabant
2816 3071 2883 3126 ad
2911 3071 3333 3137 confessionem,
3360 3081 3419 3126 ut
3439 3071 3497 3127 in

221 3164 594 3222 comitabitur.
627 3162 705 3217 'l‘u
727 3202 743 3228 ,
766 3164 983 3218 domine
1009 3179 1181 3228 meus,
1210 3141 1386 3219 tecum
1423 3141 1626 3220 habens
1655 3165 1810 3221 ειη-ἱ-
1838 3141 1883 3204 C
1916 3176 2142 3214 numero
2170 3169 2551 3215 coronatorum
2577 3160 2849 3215 Adrianus
2872 3161 3226 3217 inveniretur.
3254 3159 3500 3232 Cumque

220 3266 397 3319 stum,
426 3253 481 3309 in
514 3268 625 3322 quo
667 3253 847 3306 omnia
884 3260 974 3306 tua
1016 3254 1324 3323 reposuisti,
1366 3269 1534 3327 perge
1575 3256 1807 3311 fiducia-

223 3343 376 3409 liter,
400 3357 563 3415 perge
595 3358 665 3397 ne
700 3343 893 3397 timeas
939 3351 996 3397 ut
1017 3344 1288 3414 percipias
1315 3347 1581 3414 promissa
1615 3348 1807 3417 ipsius.

222 3431 346 3487 Non
383 3440 599 3487 revocet
628 3442 680 3486 te
724 3432 866 3487 ullus
912 3432 1142 3486 intuitus
1195 3449 1375 3489 rerum
1423 3436 1570 3490 velut
1615 3437 1809 3492 umbra

222 3529 651 3593 transeuntium,
703 3542 809 3583 non
835 3525 1044 3591 affines,
1096 3544 1201 3582 non
1234 3537 1515 3598 parentum
1552 3530 1809 3601 gemitus,

229 3634 345 3676 non
369 3617 714 3687 pulchritudo
750 3618 864 3688 ipsa
903 3618 1149 3687 corporis
1182 3621 1279 3681 tui,
1308 3635 1532 3677 exsecra
1563 3625 1811 3680 seducto-

231 3722 354 3763 rum
378 3707 713 3762 adulationes
738 3706 1071 3772 amicorum;
1115 3723 1220 3762 non
1250 3718 1301 3762 te
1333 3718 1571 3766 terreant
1594 3714 1808 3784 species

230 3808 648 3855 tormentorum.
699 3797 904 3853 ﬂorum
955 3800 1047 3869 qui
1102 3808 1281 3855 tecum
1321 3810 1451 3855 sunt
1508 3813 1808 3876 martyrum

226 3891 590 3946 constantiam
616 3897 674 3943 et
701 3888 1021 3959 patientiam
1050 3890 1254 3957 aspice,
1287 3891 1370 3944 his
1408 3892 1539 3947 solis
1568 3894 1806 3950 intende.

222 3978 359 4036 Haec
401 3992 685 4050 postquam
724 3978 1112 4047 gloriosissima
1155 3979 1354 4035 femina
1392 3992 1676 4051 prosecuta
1704 3993 1807 4049 est,

224 4072 568 4141 singulorum
625 4079 926 4139 martyrum
977 4070 1189 4124 vincula
1246 4073 1613 4129 deoscuians:
1660 4074 1811 4146 Rogo

222 4177 349 4226 vos,
377 4162 570 4230 inquit,
596 4162 735 4215 servi
767 4162 992 4225 Christi,
1020 4160 1321 4218 confortate
1337 4164 1482 4219 hunc
1510 4165 1809 4219 Adriannm

220 4253 561 4310 beatissimis
604 4253 842 4316 monitis,
883 4261 938 4305 et
977 4251 1282 4308 iucrifacite
1324 4255 1559 4310 animam
1599 4256 1718 4327 ejus
1757 4259 1808 4313 in

222 4343 448 4399 Christo
476 4360 489 4396 :
523 4357 619 4397 vos
637 4343 818 4398 sitisei
848 4352 1054 4413 patres,
1083 4359 1178 4415 per
1198 4360 1292 4399 vos
1321 4356 1576 4401 nascatur
1592 4360 1809 4407 aeterna:

224 4434 376 4487 vitai.
402 4434 481 4486 Ad
513 4448 675 4502 quam
698 4433 891 4487 beatus
913 4433 1188 4490 Adrianus
1213 4436 1352 4493 dixit
1378 4455 1391 4490 :
1426 4436 1598 4510 Perge
1638 4458 1803 4509 nunc,

226 4538 390 4581 soror
419 4538 558 4587 mea,
587 4523 641 4577 in
669 4524 887 4578 domum
932 4534 1100 4589 tuam,
1131 4534 1334 4581 etcum
1370 4543 1644 4598 agnovcro
1692 4532 1807 4589 fieri

227 4615 713 4683 interrogationem
764 4624 1026 4681 nostram,
1070 4631 1345 4673 accersam
1396 4628 1465 4681 te,
1520 4630 1578 4675 ut
1626 4625 1809 4681 videas

226 4704 398 4760 linem
421 4704 520 4758 rei.
555 4702 903 4773 Postaliqnot
932 4706 1049 4760 dies
1076 4721 1201 4762 cum
1228 4710 1456 4778 qumstio
1479 4711 1805 4778 immineret,

225 4798 427 4857 beatus
447 4795 717 4850 Adrianus
758 4799 885 4850 dato
910 4798 1085 4866 pretio
1110 4800 1457 4870 .custodibus,
1495 4810 1553 4856 et
1578 4802 1720 4859 datis
1750 4804 1813 4861 ii-

229 4886 623 4956 dejussoribus,
654 4890 894 4959 perrexit
926 4891 994 4944 ad
1028 4890 1249 4947 domum
1283 4907 1437 4947 suam
1467 4908 1661 4949 vocare
1687 4898 1812 4951 bea-

230 4987 349 5034 tam
370 4976 659 5035 Nataliam.
688 4977 932 5048 Cumque
950 4990 1222 5051 pergeret,
1250 4981 1522 5039 viditeum
1551 4986 1644 5055 qui
1674 4986 1814 5042 bene

230 5068 387 5129 illum
419 5077 663 5133 noverat,
687 5078 742 5124 et
769 5086 1106 5139 praecuirens
1135 5074 1373 5139 domum,
1404 5078 1810 5136 uuntiaviteum

229 5160 444 5215 venire.
492 5160 645 5228 Quod
693 5176 831 5214 uxor
882 5163 1128 5227 audiens,
1182 5164 1358 5237 primo
1410 5182 1517 5223 non
1557 5170 1808 5229 credidit.

230 5253 392 5320 Quis,
416 5253 615 5322 inquit,
643 5255 818 5323 potuit
837 5267 960 5309 eum
993 5256 1276 5313 absolvere
1305 5258 1373 5315 de
1400 5260 1629 5317 vinculis
1656 5262 1760 5320 illis
1789 5266 1812 5319 ’ἶ

226 5343 354 5402 Non
381 5344 513 5398 mihi
546 5345 847 5415 contingat,
871 5355 929 5401 ut
972 5346 1301 5412 absolvatur,
1326 5353 1611 5422 nequando
1649 5369 1810 5426 sepa-

228 5442 391 5491 retur
417 5449 450 5488 a
480 5437 684 5491 sanetis
707 5435 813 5490 illis
832 5445 1033 5492 etcum
1086 5452 1218 5508 puer
1256 5439 1584 5496 domesticus
1619 5458 1809 5512 super-

229 5524 457 5580 veniens
508 5523 803 5581 albrmaret
851 5540 975 5582 eum
1015 5525 1315 5593 dimissum,
1367 5532 1639 5599 suspicata
1696 5533 1806 5597 illa,

229 5613 378 5686 quod
409 5618 727 5687 martyrium
768 5615 1076 5690 refugisset,
1106 5621 1423 5676 contristata
1452 5621 1616 5677 flebat
1660 5638 1808 5678 ama-

233 5708 469 5769 rissime.
524 5709 590 5767 Et
641 5725 762 5763 cum
802 5708 911 5779 jam
964 5710 1141 5766 videre
1186 5712 1480 5771 Adrianutn
1527 5715 1806 5787 inciperet,

1910 3254 2088 3307 adhuc
2123 3262 2309 3307 essent
2338 3267 2391 3306 in
2423 3252 2529 3319 via,
2567 3253 2705 3308 dixit
2747 3254 2939 3308 beatus
2982 3254 3299 3327 Adrianps:
3331 3255 3500 3310 Soror

1912 3361 2054 3410 mea,
2112 3345 2200 3399 dic
2247 3345 2517 3413 quomodo
2567 3344 2835 3400 ordinasti
2887 3347 3252 3401 substantiam
3298 3344 3499 3403 tuam?

1910 3433 2009 3489 Cui
2040 3433 2132 3488 illa
2161 3452 2176 3488 :
2210 3432 2351 3499 Noli,
2377 3433 2575 3503 inquit,
2606 3433 2824 3488 domine
2854 3434 3156 3501 meus,uoli
3192 3449 3498 3491 memorare

1911 3540 2033 3596 qua:
2054 3532 2182 3578 sunt
2204 3524 2387 3577 mundi
2420 3523 2599 3591 hujus,
2618 3539 2685 3576 ne
2712 3524 2990 3577 attrahant
3028 3525 3268 3577 animum
3298 3532 3448 3579 tuum
3476 3541 3494 3580 :

1910 3616 2227 3671 auferantur
2252 3613 2321 3668 ab
2334 3614 2515 3668 animo
2537 3622 2627 3667 tuo
2650 3612 2832 3667 omnia
2860 3612 3257 3682 corruptibilia,
3285 3612 3494 3668 solum-

1912 3714 2073 3762 modo
2115 3705 2203 3761 illa
2258 3706 2457 3761 festina
2497 3706 2698 3769 videre,
2724 3721 2846 3776 qua:
2871 3708 3109 3778 reposita
3156 3717 3286 3764 sunt
3314 3709 3411 3765 tibi
3438 3718 3497 3765 et

1912 3797 2139 3863 sanctis,
2169 3812 2291 3851 cum
2341 3796 2539 3868 quibus
2565 3795 2812 3851 ambulas
2847 3798 2902 3850 in
2936 3798 3020 3852 via
3064 3797 3182 3853 Dei.
3212 3797 3493 3869 Completa
3544 3794 3565 3803 ”

1913 3890 2096 3959 itaque
2124 3890 2210 3944 die
2240 3898 2297 3942 ut
2332 3888 2742 3959 produceretur,
2772 3887 3006 3943 exhibiti
3037 3899 3165 3943 sunt
3186 3888 3489 3944 beatissimi

1913 3992 2183 4053 martyres
2234 3982 2287 4034 in
2330 3990 2621 4051 conspectu
2674 3979 3009 4047 Maximiani,
3048 3982 3369 4052 putrefactis
3415 3981 3491 4037 ita

1906 4071 2016 4141 jam
2047 4073 2307 4127 carnibus
2348 4086 2537 4126 eorum
2574 4088 2687 4142 pra:
2734 4073 3033 4127 acerbitate
3073 4084 3488 4136 tormentorum,

1914 4171 1973 4214 ut
2003 4176 2211 4216 vermes
2241 4164 2306 4214 de
2348 4159 2621 4214 ulceribus
2646 4175 2835 4214 eorum
2887 4163 3235 4217 scaturirent.
3282 4160 3495 4215 Natalia

1912 4266 2043 4304 vero
2080 4250 2356 4320 applicans
2386 4264 2445 4303 se
2467 4250 2624 4304 beato
2638 4251 2897 4315 Adriano,
2928 4252 3142 4306 dicebat
3172 4249 3359 4318 :Vide,
3391 4254 3493 4307 do-

1914 4345 2058 4401 mine
2083 4359 2253 4406 meus,
2289 4351 2344 4395 ut
2373 4343 2711 4395 solummodo
2742 4344 2809 4395 ad
2848 4342 3016 4397 Deum
3046 4346 3141 4396 liat
3188 4358 3343 4399 mens
3370 4353 3491 4410 tua;

1915 4455 2016 4493 nec
2050 4447 2198 4493 tuuttt
2236 4451 2331 4491 cor
2374 4436 2424 4487 in
2454 4435 2636 4507 aliquo
2671 4436 2921 4504 trepidet,
2961 4438 3084 4489 dum
3128 4436 3335 4491 videbis
3386 4447 3495 4491 tor—

1916 4540 2096 4584 menta
2121 4528 2215 4584 tibi
2240 4530 2533 4597 proposita.
2569 4524 2749 4581 Labor
2784 4526 3003 4597 quidem
3034 4542 3178 4582 nunc
3223 4528 3492 4594 modicus,

1911 4622 2005 4675 sed
2032 4621 2083 4673 ιιι
2127 4617 2320 4673 saecula
2344 4616 2664 4671 seculorum
2702 4627 2905 4671 a:terna
2947 4618 3273 4688 repausatio.
3318 4617 3496 4675 Maxi.

1914 4713 2125 4767 mianus
2155 4711 2451 4782 respiciens
2470 4710 2789 4774 Adrianum,
2830 4710 2906 4763 ait
2934 4728 2946 4763 :
2980 4711 3169 4766 Adhuc
3195 4722 3249 4764 tu
3280 4726 3498 4781 peruias

1916 4822 2013 4879 nes
2046 4807 2098 4861 itt
2128 4806 2342 4861 insania
2369 4807 2381 4858 ι
2413 4803 2615 4858 Beatus
2644 4813 2847 4876 martyr
2886 4806 3163 4879 respondit
3194 4820 3209 4858 :
3235 4804 3341 4860 Pro
3390 4806 3500 4864 bat:

1890 4874 2151 4956 .amentia
2199 4908 2256 4953 et
2304 4896 2511 4954 insania
2547 4908 2770 4967 paratus
2788 4874 2914 4954 sum
2943 4874 3083 4953 hanc
3109 4899 3273 4955 vitam
3315 4897 3500 4961 (inim

1915 4989 2089 5049 lratus
2112 5001 2231 5057 post
2255 4989 2396 5057 piant
2419 4987 2812 5042 confessionem
2835 4989 3003 5057 ipsius
3030 4998 3307 5064 tyrannus,
3331 4987 3497 5055 jussit

1912 5100 2037 5138 eum
2065 5094 2172 5137 tant
2189 5080 2479 5136 crudeliter
2499 5082 2730 5155 invicem
2753 5080 2853 5136 sibi
2878 5080 3292 5137 succedentibus
3305 5080 3497 5148 flagei‘

1912 5172 2177 5230 latoribus
2189 5172 2316 5227 ωεάί
2326 5212 2339 5235 ,
2355 5172 2526 5227 donec
2539 5170 2738 5240 apertis
2753 5171 2918 5224 costis
2932 5171 3135 5225 viscera
3150 5168 3490 5240 patefierent.

1912 5263 2110 5321 lterum
2125 5265 2452 5320 constrictus
2465 5261 2612 5319 ferro
2627 5264 2680 5317 in
2697 5277 2973 5317 careerein
2991 5262 3248 5343 mittjtur.
3273 5260 3340 5314 Et
3363 5276 3494 5323 cum

1913 5355 2181 5429 aliquibus
2209 5356 2397 5413 diebus
2442 5370 2565 5411 cum
2620 5356 2843 5429 reliquis
2899 5355 3103 5410 sanctis
3127 5353 3223 5408 Dei
3267 5352 3493 5413 clausus

1912 5447 1985 5502 ibi
2017 5446 2228 5512 fuisset,
2274 5449 2486 5505 tandem
2515 5449 2788 5511 reductus,
2814 5446 2977 5501 simul
3017 5456 3221 5501 etcum
3264 5460 3332 5501 eo
3371 5446 3489 5510 alii,

1910 5552 2048 5608 quos
2089 5539 2425 5591 immensitas
2463 5553 2745 5608 poenarum
2784 5552 2920 5610 pene
2964 5538 3359 5607 absumpserat,
3387 5537 3495 5592 δίε-ι

1914 5639 2046 5681 ιιιυι·
2077 5629 2416 5682 Maximiano.
2450 5634 2596 5696 Quos
2620 5630 2706 5683 ille
2721 5631 2834 5699 jam
2864 5629 3051 5683 videns
3079 5630 3491 5700 irrevocabiies,

1908 5719 2068 5791 jussit
2116 5730 2171 5773 ut
2205 5728 2354 5777 vectc
2387 5736 2580 5790 magno
2623 5718 2801 5777 ferreo
2824 5717 3298 5795 confringercntur
3345 5722 3491 5782 tibia:
