3962 6366
469 344 569 404 351
1461 342 1522 398 S.
1556 339 1809 398 ADONIS
1840 334 2275 394 ABCIIIEPISC.
2314 335 2727 393 VIENNENSIS
2970 385 2977 393 .
3092 378 3097 383 .
3647 333 3753 388 332

472 461 736 533 ipsorum.
793 457 1099 516 Confractis
1168 459 1355 530 itaque
1410 458 1679 522 cruribus,
1728 473 1795 514 ac
1830 457 2059 527 pedibus
2164 467 2306 505 mam
2334 452 2695 508 confessionis
2726 451 2930 508 Christi
2964 452 3325 509 constantiam
3355 452 3606 524 graviter
3651 452 3756 507 fus-

473 551 686 617 incisis,
723 551 951 623 insuper
970 553 1133 609 beato
1158 552 1401 608 Adriano
1423 568 1587 607 manu
1621 551 1814 618 incisa,
1835 560 2060 606 orantes
2165 544 2308 599 tibus
2332 546 2492 611 caesi;
2524 546 2718 600 deinde
2741 547 3096 617 compedibus
3117 546 3378 611 vincti,et
3406 546 3475 601 ad
3499 545 3755 601 fodienda

472 654 532 701 et
582 644 788 716 gratias
845 654 1070 714 agentes
1132 645 1382 708 Domino,
1435 644 1735 700 emiserunt
1784 643 2069 713 spiritum.

474 736 719 809 Corpora
749 751 940 793 eorum
955 735 1119 807 jussit
1151 745 1417 807 tyrannus
1457 735 1697 791 incendi.
1739 733 1846 791 Sed
1882 734 2069 803 subito

475 825 635 882 facta:
686 835 813 882 sunt
854 826 1288 890 coruscationes,
1316 827 1588 892 .tonitrua,
1641 840 1708 881 ac
1751 826 1969 898 pluvia,
2007 833 2065 880 et
2106 812 2119 841 ’

479 921 786 976 exstinctus
827 928 911 975 est
951 919 1112 991 ignis.
1165 918 1503 989 Plurimique
1547 920 1614 975 de
1663 918 2066 989 apparitoribus

477 1008 792 1067 fulminibus
813 1010 1077 1081 percussi,
1107 1010 1266 1080 pauci
1314 1009 1438 1082 fuga
1468 1011 1560 1065 vix
1607 1018 1920 1067 evaserunt.
1951 1009 2065 1064 Ac-

482 1109 767 1157 currentes
788 1101 992 1156 interea
1032 1100 1353 1166 Christiani,
1377 1111 1677 1173 rapuerunt
1703 1118 1773 1158 ex
1800 1102 1925 1173 igne
1949 1099 2065 1169 jam

477 1189 749 1246 exstincto
777 1189 1037 1261 reliquias
1086 1199 1420 1263 martyrum,
1456 1202 1512 1246 et
1560 1192 1804 1246 ascensis
1841 1191 2067 1248 navibus

477 1285 757 1358 fugerunt,
796 1294 1270 1358 perveneruntque
1313 1287 1659 1359 Byzantium,
1697 1296 1755 1341 et
1794 1285 2067 1342 reverenti

476 1374 688 1431 honore
718 1376 1054 1446 sepelierunt
1081 1392 1178 1433 eas
1200 1376 1296 1433 ibi.
1342 1376 1461 1433 Non
1490 1377 1652 1449 longo
1678 1386 1800 1449 post
1824 1387 2070 1449 tempore

482 1468 627 1525 beati
653 1467 882 1525 Adriani
906 1484 1108 1540 corpus
1147 1470 1376 1525 Romam
1402 1470 1568 1526 etiam
1607 1470 1928 1526 translatum
1965 1471 2068 1526 ho-

479 1561 713 1617 norabili
737 1577 954 1633 quoque
983 1562 1183 1634 templo
1216 1572 1535 1619 exornatum
1570 1572 1674 1619 est.
1698 1562 1909 1618 Natalia
1939 1578 2070 1620 vero

478 1656 597 1727 ipsa
633 1656 702 1711 de
730 1655 1044 1713 Nicomedia
1081 1666 1393 1714 sanctorum
1420 1664 1722 1729 martyrum
1750 1671 1939 1712 amore
1960 1656 2069 1729 By-

482 1747 727 1803 zantium
766 1747 1082 1818 enavigans,
1111 1758 1238 1818 post
1261 1762 1464 1818 paucos
1504 1747 1623 1802 dies
1668 1746 1934 1801 adventus
1957 1746 2063 1811 sui,

484 1838 868 1893 dormitionem
921 1812 1131 1909 accepit
1188 1812 1549 1902 in-Domino,
1602 1847 1659 1893 et
1738 1837 1895 1907 juxta
1940 1812 2142 1891 san-B

480 1940 693 1985 ctorum
739 1946 968 2000 corpora
1022 1930 1229 1999 sepulta
1283 1939 1367 1985 est
1431 1929 1688 1984 Kalendis
1732 1928 2064 1984 Decembris.

480 2020 671 2076 Passio
739 2022 932 2076 horum
980 2031 1280 2090 martyrum
1345 2026 1500 2073 sexto
1553 2018 1674 2073 Idus
1732 2016 2070 2088 Septembris

482 2108 809 2166 celebratur.

836 2221 903 2276 (ἶ.
953 2220 993 2274 V
1036 2220 1196 2276 lDUS
1248 2219 1699 2276 SEPTEMBRIS.

1159 2313 1216 2372 (9
1240 2312 1409 2383 Sept.)

557 2438 581 2465 ι
608 2424 798 2481 Passio
820 2425 1102 2480 beatorum
1147 2434 1447 2496 martyrum
1492 2426 1749 2482 Dorotbei
1773 2435 1827 2482 et
1858 2427 2067 2498 Gorgo-

491 2518 589 2586 nii,
619 2520 759 2590 apud
782 2519 1170 2583 Nicomediam,
1197 2518 1299 2574 sub
1341 2518 1679 2575 Diocletiano
1720 2520 2066 2590 imperatore.

492 2609 697 2667 llornm
752 2613 903 2683 prior
953 2610 1259 2666 Dorotheus
1305 2610 1561 2681 magister
1601 2611 1654 2666 in
1708 2610 1904 2667 ofﬁciis
1950 2627 2072 2682 qua:

491 2701 635 2757 intra
666 2703 925 2773 palatium
956 2702 1371 2765 exhibebantur,
1399 2702 1762 2789 erateubiculi
1780 2704 1910 2774 regii
1934 2718 2073 2773 pra-.-

488 2796 720 2865 positus,
750 2797 957 2854 habens
982 2811 1163 2852 secum
1188 2794 1387 2861 ofﬁcio,
1412 2795 1538 2861 ﬁde,
1569 2804 1625 2850 et
1658 2796 2071 2865 magnanimita-

495 2896 550 2940 te
577 2903 763 2957 parem
807 2885 1162 2957 Gargonium.
1193 2885 1432 2953 Quorum
1464 2886 1893 2944 institutionibus
1925 2886 2068 2955 opti-

490 2980 597 3036 mis
625 2994 817 3033 omncs
862 2994 999 3049 pene
1030 2977 1261 3033 cubiculi
1304 2979 1537 3033 ministri
1576 2979 1629 3033 in
1672 2978 1776 3034 ﬁde
1811 2979 1905 3034 Dei
1941 2980 2072 3049 vigi-

490 3067 672 3123 lanter
700 3077 753 3121 et
781 3068 950 3122 libere
974 3050 1363 3136 persistebant.
1387 3066 1451 3121 lli
1482 3069 1711 3138 denique
1755 3084 1879 3123 cum
1921 3068 2072 3123 vide-

2163 639 2379 695 metalla
2399 642 2661 711 deputati,
2692 640 2942 712 gloriosa
2963 642 3324 698 confessionis
3355 658 3595 714 agonem
3626 659 3756 698 cono

2164 744 2598 791 summavernnt.
2631 735 2874 803 Quorum
2919 737 3083 791 etiam
3111 737 3356 807 exempla
3398 745 3596 793 secuta
3626 736 3759 790 mul-

2165 825 2332 895 tiplex
2361 825 2536 895 plebis
2563 827 2761 895 portio,
2796 842 2920 882 cum
2959 827 3046 881 eis
3064 826 3315 882 confessa
3360 830 3577 899 pariter
3600 838 3685 883 est
3706 836 3758 882 et

2165 926 2445 972 coronata.
2497 916 2690 972 Exstat
2735 916 2963 988 cpistola
3015 918 3159 973 beati
3193 917 3452 989 Cypriani
3501 918 3575 972 ad
3614 917 3759 987 ipsos

2167 1006 2342 1076 (epist.
2371 1008 2488 1078 77),
2516 1017 2573 1063 et
2605 1010 2673 1065 de
2698 1009 2830 1079 ipsis
2850 1011 3071 1080 scripta.

2240 1099 2270 1140 ιι
2308 1100 2510 1155 Eodem
2553 1101 2643 1156 die
2681 1101 2735 1155 in
2763 1101 3148 1166 Chalcedonia,
3186 1102 3386 1157 natalis
3434 1111 3755 1158 sanctorum

2172 1188 2481 1257 Sosthenis,
2504 1201 2560 1247 et
2597 1190 2834 1247 Victoris
2872 1194 3028 1263 :qui,
3068 1209 3192 1248 cum
3244 1194 3401 1249 beata
3456 1193 3755 1264 Euphemia

2170 1282 2271 1337 sub
2319 1282 2510 1338 Prisco
2536 1285 2763 1340 consule
2796 1300 2897 1353 pro
2939 1284 3141 1339 Christi
3167 1286 3388 1341 nomine
3425 1284 3755 1348 decertaret,

2170 1374 2374 1446 apertis
2418 1374 2519 1430 sibi
2575 1375 2836 1432 divinitus
2879 1376 3075 1441 oculis,
3128 1378 3384 1432 viderunt
3415 1377 3567 1431 circa
3607 1376 3758 1432 illam

2169 1466 2487 1538 angelorum
2534 1468 2809 1537 praesidia,
2860 1476 3283 1539 sanctarumque
3322 1467 3601 1538 virginum
3630 1467 3759 1524 cho-

2168 1572 2314 1611 rum.
2367 1556 2548 1627 Atque
2592 1557 2697 1612 hoc
2753 1558 2871 1615 viso
2918 1559 2985 1614 ad
3038 1558 3312 1614 Christum
3357 1559 3640 1624 conversi,
3692 1560 3762 1617 ob

2170 1648 2588 1719 insuperabilem
2612 1648 2736 1705 ﬁdei
2763 1649 3164 1706 confessionem
3207 1650 3342 1705 trusi
3367 1650 3422 1705 in
3450 1665 3756 1719 carcerem,

2168 1747 2226 1793 ct
2259 1739 2385 1795 inde
2428 1741 2702 1811 producti,
2742 1742 2810 1797 ad
2845 1742 3060 1813 stipites
3101 1741 3312 1813 religati
3346 1752 3508 1811 sunt;
3557 1745 3760 1815 quibus

2168 1830 2407 1901 primum
2433 1831 2569 1895 ursi,
2606 1848 2672 1887 ac
2708 1832 2903 1888 deinde
2936 1833 3313 1891 ferocissimus
3361 1834 3468 1899 leo.
3517 1836 3758 1901 dimissi,

2168 1938 2292 1979 cum
2322 1924 2376 1978 in
2400 1924 2548 1980 nullo
2577 1940 2674 1981 eos
2712 1925 2993 1992 laederent,
3018 1927 3167 1982 misit
3194 1928 3482 1997 proconsul
3514 1928 3586 1983 ad
3609 1928 3761 1984 defe-

2169 2016 2393 2071 rendam
2446 2032 2662 2088 cupam,
2712 2019 2768 2074 in
2819 2035 2925 2089 qua
2960 2034 3058 2075 eos
3115 2020 3320 2090 pariter
3359 2031 3759 2077 concremant.

2168 2103 2247 2159 llli
2303 2120 2436 2160 vero
2487 2107 2693 2163 interea
2727 2108 3104 2165 incumbentes
3139 2111 3373 2165 orationi
3408 2150 3427 2177 ,
3470 2114 3643 2167 vocati
3689 2113 3760 2169 de

2169 2194 2328 2259 creto,
2373 2196 2610 2268 datoque
2663 2199 2766 2254 sibi
2816 2209 3006 2255 mutuo
3055 2202 3209 2271 pacis
3250 2202 3469 2269 osculo,
3506 2203 3765 2275 spiritum

2169 2282 2490 2339 emiserunt.

2533 2374 2594 2430 B.
2631 2375 2697 2431 ιιι
2732 2376 2895 2433 IDUS
2947 2378 3398 2437 SEPTEMBBIS.

2807 2468 2890 2539 (Η
2923 2468 3091 2540 Sept.)

2245 2568 2271 2597 ε
2305 2556 2490 2613 Roma:
2515 2558 2604 2613 via
2628 2558 2839 2614 Salaria
2869 2569 3075 2635 vetere,
3099 2562 3154 2616 in
3182 2564 3495 2619 cmmeterio
3522 2563 3767 2632 Basillaz,

2170 2649 2352 2704 natale
2380 2659 2691 2705 sanctorum
2721 2651 2867 2706 Proti
2895 2659 2950 2707 et
2974 2653 3288 2723 hyacinthi,
3324 2655 3416 2725 qui
3459 2664 3616 2711 erant
3672 2673 3768 2712 eu-

2170 2739 2333 2794 nuchi
2364 2740 2537 2795 beate
2584 2740 2839 2812 Eugenize
2860 2744 3085 2813 virginis
3125 2760 3248 2798 cum
3286 2761 3391 2815 qua
3440 2748 3508 2801 ab
3550 2747 3768 2804 Heleno

2171 2830 2423 2900 episcopo
2450 2831 2737 2901 baptizati,
2766 2833 3043 2904 aliquanto
3083 2844 3325 2906 tempore
3352 2838 3551 2895 divinis
3578 2840 3767 2895 solum

2172 2921 2571 2977 eruditionibus
2617 2934 2901 2987 vacantes.
2932 2927 2983 2979 in
3013 2935 3203 2981 sancto
3232 2928 3508 2998 proposito
3556 2930 3769 2999 pel-sti-

2174 3016 2358 3064 terunt
2386 3050 2403 3075 ,
2457 3021 2619 3080 atque
2664 3014 2717 3067 in
2761 3029 3047 3070 servorum
3102 3018 3196 3071 Dei
3251 3019 3576 3074 monasterio
3614 3021 3768 3075 mira

2174 3096 2479 3156 humilitate
2509 3105 2811 3159 conversati
2844 3114 2968 3160 sunt
2996 3121 3012 3170 ;
3057 3115 3109 3161 et
3141 3107 3245 3162 hoc
3266 3108 3407 3177 apud
3440 3107 3767 3180 Egyptian.

490 3158 912 3228 rentquemdam
932 3167 1227 3229 martyrem
1242 3157 2070 3229 crndelihusatqueimmanibus
2097 3164 2143 3227 C
2175 3191 2305 3247 Inde
2358 3206 2481 3247 cum
2521 3157 3107 3267 beatisgi'navgi'gg'in;

489 3251 765 3321 suppliciis
798 3252 1049 3314 cruciari,
1078 3260 1388 3306 constanter
1426 3261 1481 3307 et
1509 3252 1675 3307 libere
1719 3254 1907 3308 aiunt:
1938 3253 2071 3323 Cur,

492 3346 815 3413 imperator,
838 3341 891 3396 in
921 3344 1022 3398 hoc
1043 3343 1157 3398 solo
1179 3343 1337 3415 punis
1359 3347 1705 3411 sententiam,
1741 3360 1861 3415 qua:
1890 3347 1943 3400 in
1975 3344 2073 3403 n04

490 3433 577 3487 bis
603 3431 854 3487 omnibus
892 3433 1073 3504 viget?
1106 3441 1164 3487 ut
1188 3434 1317 3504 quid
1366 3434 1418 3487 in
1450 3433 1543 3488 illo
1568 3434 1796 3489 crimine
1835 3436 2067 3504 ducitur,

491 3523 636 3593 quod
672 3538 700 3576 a
721 3523 880 3579 nobis
903 3525 1157 3579 omnibus
1181 3524 1507 3581 conﬁtetur?
1531 3524 1657 3581 Haec
1707 3527 1862 3583 nobis
1911 3528 2069 3594 ﬁdes,

492 3612 584 3667 hic
612 3613 807 3679 caitus,
836 3624 891 3669 et
931 3615 1202 3669 unanimis
1240 3615 1538 3686 eademque
1580 3618 1868 3671 sententia.
1920 3620 2070 3687 Quos

490 3701 582 3757 ille
622 3717 745 3758 cum
797 3704 850 3758 in
886 3705 1118 3760 medium
1152 3705 1504 3761 nihilominus
1556 3707 1743 3762 venire
1791 3708 2068 3779 jussisset,

486 3790 645 3860 jussit
673 3809 768 3850 eos
796 3796 1049 3866 appendi,
1094 3805 1149 3851 et
1188 3796 1412 3867 ﬂagellis
1441 3807 1556 3853 toto
1607 3815 1837 3868 corpore
1881 3800 2070 3856 laniari

486 3893 545 3942 et
578 3887 877 3944 visceribus
900 3886 1015 3957 jam
1063 3888 1202 3959 pelle
1249 3890 1465 3944 nudatis
1497 3890 1757 3958 jubentur
1810 3905 1964 3949 aceto
2016 3905 2071 3949 ct

490 3977 603 4033 sale
644 3979 916 4049 perfundi.
950 3980 1191 4049 Cumque
1233 3982 1398 4035 etiam
1448 3981 1551 4035 hoc
1602 3984 1851 4038 tormenti
1900 4000 2070 4056 genus

490 4078 811 4125 constanter
850 4078 906 4126 et
947 4070 1161 4126 fortiter
1207 4070 1552 4136 tolerassent,
1593 4074 1853 4128 craticula
1881 4076 2071 4145 prunis

492 4159 857 4215 subterstrata
887 4161 1012 4231 poni
1034 4159 1253 4229 jubetur
1287 4162 1340 4215 in
1368 4162 1569 4228 medio,
1604 4163 1785 4233 ibique
1810 4165 1953 4235 quod
1980 4181 2069 4219 re-

490 4249 699 4321 liquttm
747 4251 926 4308 fuerat
950 4252 1004 4307 in
1034 4252 1350 4307 verberibus
1395 4253 1665 4324 absumpti
1713 4256 1954 4324 corporis
1982 4271 2071 4309 su-

492 4342 745 4413 perponi,
790 4351 975 4398 etnon
1014 4345 1081 4398 ad
1128 4343 1385 4408 subitum,
1424 4344 1519 4398 sed
1556 4345 1758 4399 sensim
1788 4345 2072 4415 paulatim-

497 4446 603 4502 que
652 4431 927 4487 succendi.
969 4432 1051 4486 Ad
1092 4432 1338 4486 ultimum
1377 4432 1570 4502 laqueo
1612 4447 1877 4503 appensos
1912 4433 2075 4502 jussit

493 4523 699 4577 necari.
732 4521 1273 4591 lnterjectotempore
1298 4522 1487 4577 beatus
1511 4521 1815 4593 Gorgonius
1844 4523 2073 4578 Romam
2104 4511 2153 4571 Ι)

498 4609 843 4675 transfertur,
866 4611 1185 4679 positusque
1216 4619 1301 4665 est
1340 4612 1729 4666 venerabiliter
1755 4613 1853 4667 via‘
1874 4612 2068 4667 Latina

498 4700 643 4755 inter
672 4700 807 4755 duas
843 4700 1045 4755 lauros.
1089 4700 1505 4771 Compleverunt
1537 4711 1714 4756 autem
1756 4704 2075 4774 martyrium

500 4808 658 4849 suum
685 4793 874 4863 quinto
905 4793 1028 4849 ldus
1056 4791 1408 4864 Septembris.

569 4884 632 4941 In
673 4884 895 4941 Sabinis
935 4885 1188 4942 milliario
1234 4886 1302 4941 ab
1351 4889 1484 4943 urbe
1526 4889 1823 4957 tricesimo,
1885 4889 2095 4945 natalis.

501 4986 814 5034 sanctorum
838 4976 1151 5049 llyacintbi,
1179 4980 1499 5046 Alexandri,
1538 4980 1795 5035 Tiburtii.

859 5093 922 5148 Α.
963 5091 1032 5148 lV
1058 5092 1229 5165 .IDUS
1270 5093 1723 5151 SEPTEMBRIS.

1148 5184 1237 5257 (I0
1281 5183 1449 5256 Sept.)

578 5297 733 5369 Apud
770 5296 1033 5364 Africani,
1086 5298 1284 5354 natalis
1339 5310 1649 5356 sanctorum
1686 5303 2080 5373 episcoporum,

509 5389 843 5456 Nemesiani,
882 5389 1101 5454 Felicis,
1142 5391 1313 5446 Lucii.
1346 5391 1478 5447 lteut
1528 5392 1748 5459 Felicis,
1789 5394 1948 5457 Litei,
1980 5394 2084 5450 Po-

515 5479 670 5545 liani,
721 5480 978 5546 Victoris,
1018 5478 1232 5537 Jaderis
1278 5492 1335 5536 et
1379 5482 1555 5536 Dativi
1583 5501 1596 5535 :
1627 5484 1741 5553 qui,
1782 5483 1881 5538 sub
1922 5483 2089 5540 Decio

512 5580 568 5626 et
595 5569 883 5628 Valeriano
904 5582 1230 5644 exsurgente
1258 5574 1653 5643 persecutionis
1685 5568 1854 5637 rabie,
1887 5575 1954 5629 ad
1981 5575 2087 5646 pri-

590 5714 612 5776 ξ
641 5701 838 5776 Euseb.
857 5705 931 5776 Al.
951 5722 1071 5771 vut,
1097 5722 1214 5776 cap.
1234 5707 1267 5760 6

581 5771 612 5812 δ
642 5772 719 5828 De
746 5774 830 5831 his
855 5774 906 5830 in
923 5775 1039 5833 Vita
1067 5771 1267 5833 saneta:
1297 5778 1625 5848 Euphemiae,
1664 5776 1725 5832 ιδ
1747 5776 1877 5847 Sept

2174 3280 2422 3337 Gallieno
2474 3281 2831 3353 imperatore,
2873 3286 3015 3357 quod
3043 3297 3228 3341 essent
3260 3287 3565 3355 Christiani,
3588 3305 3761 3345 como

2173 3362 2451 3442 prehensi,
2480 3384 2751 3445 coguntur
2775 3377 3108 3432 sacriﬁcare.
3147 3378 3252 3433 Sed
3284 3395 3390 3435 non
3418 3382 3773 3438 consentiat.

2178 3472 2260 3531 tes
2303 3464 2577 3520 dirissime
2608 3467 2984 3523 verberantur.
3018 3468 3261 3538 Cumque
3302 3470 3413 3526 Deo
3455 3473 3611 3527 tidem
3646 3490 3771 3530 ser-

2178 3563 2371 3609 vantes
2412 3556 2732 3624 gauderent,
2783 3560 2986 3628 pariter
3043 3561 3377 3616 deeollantur
3432 3566 3586 3620 tertio
3636 3567 3772 3624 lilul

2179 3644 2537 3714 Septembris.
2591 3646 2720 3702 Post
2765 3650 2881 3704 lucc
2916 3660 3128 3706 tenetur
3179 3662 3364 3709 sancta
3387 3655 3659 3726 Eugenia,
3716 3669 3772 3716 et

2172 3734 2400 3805 jubetur
2437 3752 2468 3788 a
2512 3736 2769 3805 praefecto
2796 3740 2948 3794 urbis
3002 3740 3231 3809 Nieetio,
3276 3743 3460 3799 Diana:
3487 3749 3771 3805 sacriﬁcia

2174 3828 2452 3883 exhibere.
2489 3828 2620 3895 Quae
2659 3841 2813 3885 stans
2839 3841 2965 3889 ante
3001 3836 3542 3905 templum,extensis
3578 3843 3770 3899 maui-

2175 3916 2277 3972 bus
2321 3918 2460 3975 fudit
2516 3922 2860 3987 orationem.
2892 3923 3007 3991 Qua
3053 3935 3265 3991 orante,
3309 3929 3381 3983 ita
3413 3931 3772 3990 simulacrum

2175 4010 2359 4067 Diuum
2373 4014 2768 4069 comminutum
2796 4025 2900 4078 est,
2932 4025 2991 4071 ut
3017 4016 3129 4072 sola
3158 4020 3398 4088 pulveris
3418 4020 3536 4090 ejus
3563 4024 3771 4082 indicia

2176 4114 2540 4157 remanerent.
2595 4104 2702 4158 Sed
2751 4105 2977 4174 magicis
3018 4108 3228 4163 artibus
3275 4109 3378 4164 hoc
3425 4120 3770 4181 reputantes,

2176 4196 2380 4267 ingenti
2425 4214 2562 4254 saxo
2589 4199 2737 4254 circa
2778 4202 3030 4270 scapulas
3067 4202 3188 4273 ejus
3235 4205 3553 4270 constricto,
3580 4207 3771 4264 Tiben'

2176 4304 2295 4342 eam
2326 4290 2661 4359 praecipitem
2701 4292 2987 4346 dederunt.
3021 4292 3303 4359 Quomodo
3325 4304 3511 4350 autem
3533 4312 3772 4367 agonem

2178 4383 2449 4453 passionis
2485 4398 2596 4437 suae
2637 4383 3013 4453 compleverit,
3043 4386 3284 4441 breviter
3309 4402 3474 4457 supra
3521 4398 3777 4447 notatum

2179 4480 2262 4528 est
2287 4487 2380 4526 vm
2407 4472 2677 4527 Kalendas
2704 4473 2970 4529 Januarii.

2467 4582 2527 4639 C.
2552 4582 2775 4639 PRIDIF
2824 4584 2985 4641 lDUS
3020 4584 3471 4645 SEPTEMBRIS.

2822 4676 2913 4747 (is
2955 4677 3125 4749 Sept.)

2252 4763 2407 4832 Apud
2458 4763 2706 4819 Ticinum
2782 4766 3005 4830 urbem,
3057 4782 3178 4837 qure
3229 4777 3285 4823 et
3335 4768 3499 4840 Papia
3548 4772 3775 4837 dicitur,

2187 4853 2367 4908 natale
2394 4864 2705 4909 sanctorum
2754 4854 2878 4927 Syri
2920 4858 3224 4914 etEvantii.
3255 4860 3353 4927 Qui
3386 4877 3417 4915 a
3446 4865 3608 4917 beato
3637 4863 3776 4919 Her—

2194 4959 2411 5015 magora
2438 4944 2769 5014 Aquileiensi
2793 4948 3073 5015 pontiﬁce,
3102 4949 3368 5019 discipulo
3391 4953 3567 5007 sancti
3603 4951 3775 5010 Marci

2189 5036 2643 5106 evangelistaa,‘ad
2680 5036 2959 5106 przefatam
2983 5040 3175 5094 urbem
3204 5040 3417 5106 directi,
3445 5044 3606 5113 primi
3661 5046 3777 5103 iilic

2189 5127 2391 5183 Christi
2427 5128 2777 5199 Evangelium
2811 5129 3190 5197 praedicantes,
3227 5139 3283 5184 et
3318 5133 3528 5201 magnis
3550 5134 3774 5191 virtuti-

2189 5217 2295 5272 bus
2320 5233 2386 5273 ac
2413 5218 2691 5273 miraculis
2716 5228 3089 5284 coruscantes,
3140 5220 3302 5274 etiam
3346 5221 3554 5277 vicinas
3581 5226 3774 5291 urbes,

2196 5309 2556 5366 Vcronensem
2585 5311 2812 5376 scilicet,
2845 5311 3173 5383 Bryxenam,
3215 5320 3270 5367 et
3318 5311 3654 5369 Laudensem
3685 5319 3777 5372 di-

2192 5402 2335 5457 vinis
2360 5403 2619 5472 operibus
2638 5402 2996 5457 illustrarunt.
3035 5401 3234 5471 Sicque
3266 5401 3320 5455 in
3346 5404 3640 5472 pontiﬁcali
3670 5408 3776 5461 bo-

2192 5511 2342 5558 nore,
2372 5494 2590 5549 fundata
2619 5503 2676 5550 et
2718 5495 3036 5550 conﬁrmata
3083 5495 3189 5549 ﬁde
3227 5495 3561 5551 credentium
3599 5514 3774 5568 ροριτ.

2190 5587 2389 5650 lorum,
2416 5586 2652 5655 glorioso
2672 5585 2778 5640 ﬁne
2802 5586 3123 5655 quieverunt
3146 5586 3203 5639 in
3222 5600 3375 5656 pace.

2265 5728 2285 5755 ε
2320 5715 2394 5769 De
2417 5714 2498 5770 his
2530 5713 2580 5768 iu
2613 5714 2777 5786 gestis
2798 5725 2996 5771 sancta:
3019 5714 3355 5787 Enpbemite,
3378 5716 3453 5772 25
3470 5716 3621 5772 ‘Dcc..
