3962 6366
572 468 639 524 D.
686 468 914 525 IDIBIJ'S
962 470 1415 526 SEPTEMBRIS.

854 562 945 632 (ιδ
991 563 1166 635 Sept.)

281 672 308 701 ι
340 658 496 728 Apud
529 654 844 726 Egyptum,
884 655 1109 710 civitate
1149 653 1505 719 Alexandria,
1536 652 1714 708 natale
1739 653 1800 707 Β.

193 752 442 823 Philippi
468 749 706 820 episcopi
734 757 790 803 et
820 748 1077 819 martyris
1106 747 1198 818 qui
1227 745 1520 817 praefectus
1567 746 1801 816 primum

196 845 337 910 fuit,
380 843 574 898 deinde
612 840 868 911 baptismi
916 840 1088 909 gratia
1133 839 1523 903 sanctiﬁcatus,
1567 837 1804 908 episcopi

200 938 553 1005 dignitatem,
584 933 900 1005 suffragium
923 931 1230 987 ferentibus
1269 930 1605 987 Christianis
1624 946 1803 1018 popu-

200 1029 301 1094 lis,
337 1025 667 1095 assequitur.
707 1024 776 1079 Et
801 1024 903 1080 sub
923 1021 1219 1078 Volusiano
1262 1030 1317 1077 et
1362 1021 1608 1077 Gallieno
1634 1023 1803 1091 impe-

198 1119 485 1177 ratorihus
507 1116 761 1188 dirigitur
773 1115 1075 1171 Perennius
1088 1112 1379 1184 praefectus
1390 1112 1798 1177 Alexandriam,

204 1228 299 1268 Cll!
328 1211 651 1282 imperatum
682 1216 766 1264 est
791 1207 1178 1279 utPhilippnm
1201 1204 1495 1260 occideret.
1526 1203 1635 1259 Sed
1672 1219 1798 1259 cum

202 1304 321 1360 hoc
341 1300 567 1370 implere
587 1314 694 1354 non
713 1306 924 1369 posset,
950 1298 1077 1367 quia
1107 1296 1287 1351 omnis
1314 1295 1547 1367 populus
1567 1294 1800 1349 civitatis

200 1393 461 1462 Philippo
486 1390 653 1446 veluti
703 1389 1027 1462 quibusdam
1078 1387 1312 1442 vinculis
1342 1386 1546 1441 amoris
1582 1384 1800 1441 videba-

204 1495 304 1540 tur
333 1483 616 1548 astrictus,
652 1481 884 1536 immisit
925 1470 1190 1549 quosdam
1247 1479 1300 1532 in
1353 1478 1660 1543 ecclesiam,
1706 1477 1799 1545 qui

205 1591 271 1632 se
304 1575 569 1647 ﬁngerent
590 1571 953 1629 Christianos.
988 1570 1201 1640 Quique
1243 1569 1627 1639 ingredientes,
1672 1582 1799 1638 per-

208 1675 503 1725 cusserunt
550 1680 676 1721 eum
716 1666 769 1720 in
810 1666 1059 1719 oratione
1113 1663 1489 1718 constitutum.
1544 1660 1798 1730 Sepultus

211 1760 377 1815 modo
403 1767 491 1814 est
518 1757 573 1811 in
600 1756 800 1822 Nitria,
823 1755 1046 1811 basilica
1075 1755 1344 1825 condigna
1386 1753 1611 1825 martyri
1633 1769 1795 1824 supra

859 349 1467 410 MARTYROLOGIUM
1507 350 1652 407 CUM
1692 348 2227 406 ADDITAMENTIS.
2268 379 2340 391 —-
2376 350 2581 405 MENS.
2625 349 2815 405 SEPT.

3381 354 3487 410 554

1827 474 1874 529 Α
1908 482 2059 521 mero
2082 467 2286 537 viginti
2316 483 2476 523 unus.
2518 466 2626 522 Sed
2662 476 2718 523 et
2754 466 2995 522 Cerealis
3023 481 3145 521 cum
3171 484 3341 524 uxore
3392 486 3490 525 sua

1911 555 2146 613 Salustia
2172 558 2273 614 sub
2298 558 2387 615 die
2412 574 2546 613 xvtu
2577 557 2803 613 Kalend.
2829 557 3101 613 Octobris.
3136 558 3337 616 Eadem
3358 577 3492 619 vero

1906 655 2066 702 nocte
2087 647 2234 701 venit
2256 648 2413 703 beata
2430 648 2633 703 Lucina
2670 662 2795 702 cum
2823 646 3039 703 clericis
3065 656 3124 701 et
3148 648 3352 705 familia
3367 666 3489 719 sua,

1905 746 1960 791 et
1983 739 2162 809 rapuit
2183 748 2484 811 martyrum
2512 755 2761 811 corpora,
2799 749 2858 795 et
2899 740 3152 810 sepelivit
3186 756 3251 796 ea
3280 741 3333 798 in
3356 757 3491 814 agro

1905 843 2005 882 suo
2032 829 2086 883 in
2116 839 2328 901 crypta,
2384 832 2438 885 in
2470 833 2788 887 cmmeterio
2825 832 3056 887 Callisti.
3105 832 3274 904 Hujus
3318 834 3492 892 beata:

1904 916 2123 974 Lueinte
2146 928 2334 990 rogatu
2371 920 2511 976 idem
2546 922 2737 978 beatus
2760 922 3044 979 Cornelius
3069 939 3296 995 corpora
3334 942 3491 997 apos-

1906 1008 2140 1063 tolorum
2192 1010 2259 1064 de
2311 1011 2645 1067 catacumbis
2691 1012 2892 1067 levavit
2947 1022 3144 1078 noctu,
3184 1024 3243 1070 et
3284 1017 3489 1087 posuit,

1904 1098 2054 1154 Pauli
2080 1100 2298 1170 quidem
2322 1101 2408 1155 via
2445 1099 2705 1168 Ostiensi,
2744 1104 2834 1158 ubi
2864 1104 3163 1161 decollatus
3199 1115 3306 1173 est,
3343 1107 3491 1163 Petri

1904 1189 2257 1259 autemjuxta
2284 1190 2463 1246 locum
2495 1192 2586 1248 ubi
2626 1192 2922 1250 cruciﬁxus
2947 1205 3049 1261 est,
3088 1205 3234 1271 inter
3258 1212 3487 1269 corpora

1898 1290 2216 1336 sanctorum
2244 1282 2623 1353 episcoporum
2646 1284 2703 1339 in
2731 1285 3231 1357 temploApolIinis,
3256 1288 3308 1343 in
3335 1305 3491 1344 mon-

1900 1375 1956 1420 te
1980 1382 2167 1434 aureo,
2209 1368 2263 1423 in
2291 1367 2555 1425 Vaticano
2582 1370 2767 1441 palatii
2795 1370 3110 1441 Neroniani,
3134 1390 3194 1429 Ill
3216 1375 3489 1434 Kalendas

1899 1456 2092 1513 Julias.

1970 1550 2103 1607 Item
2126 1552 2269 1621 apud
2292 1552 2560 1620 Africam,
2591 1555 2772 1610 natale
2791 1556 2934 1612 beati
2956 1556 3486 1633 CyprianiepiscOpi,

1902 1641 2190 1698 Valeriano
2220 1652 2276 1699 et
2317 1643 2564 1701 Gallieno
2594 1647 3037 1717 imperatoribus,
3070 1648 3286 1705 Galerio
3321 1650 3491 1705 Maxi-

1901 1746 1991 1787 mo
2015 1735 2360 1804 proconsule.
2391 1737 2492 1802 Qui
2520 1738 2803 1808 agentibus
2826 1746 2882 1793 et
2919 1738 3323 1797 elaborantibus
3363 1758 3491 1813 gen-

210 1866 414 1922 corpus
459 1850 579 1921 ejus
620 1849 905 1904 fabricata.
954 1847 1107 1903 Sedit
1155 1822 1335 1902 autem
1389 1849 1442 1901 iu
1486 1822 1797 1916 episcopatu
1826 1834 1874 1894 Β
1904 1822 2711 1922 “libusncompfehensllsest€X
2728 1837 3002 1922 νείκει)ιο
3022 1830 3237 1922 ᾼερθείί
3267 1832 3486 1889 Palerui

209 1960 360 1999 anno
391 1958 518 2008 uno,
559 1942 839 1999 mensibus
871 1940 1067 1996 tribus.
1100 1938 1300 1995 Passus
1336 1948 1423 1994 est
1451 1938 1631 1993 Idibus
1660 1936 1797 2009 Sep-

207 2035 459 2091 temhris.

278 2124 415 2181 Item
465 2125 637 2180 sancti
664 2124 843 2179 Amati
880 2123 1205 2195 presbyteri,
1244 2122 1456 2177 abbatis
1483 2119 1799 2176 monasterii

136 2214 145 2224 ’
207 2214 268 2270 S.
294 2215 567 2270 Romerici
601 2233 614 2269 :
644 2215 733 2285 qui
760 2214 911 2268 mirae
934 2212 1298 2275 abstinentiae,
1323 2209 1800 2266 etanaeb‘oreticte

210 2305 343 2359 vita:
388 2312 648 2370 sectator,
676 2305 937 2359 virtutum
984 2311 1040 2356 et
1078 2301 1464 2356 miraculorum
1511 2300 1684 2360 gratia
1735 2297 1801 2353 il-

208 2395 440 2451 lustrem
474 2397 943 2452 conversationem
961 2393 1134 2448 duxit.

594 2527 659 2582 E.
707 2525 867 2581 XVIII
898 2524 1057 2580 KAL.
1085 2520 1446 2578 OCTOBRIS.

844 2638 939 2710 (I4
985 2639 1157 2709 Sept.)

285 2751 319 2792 ι)
345 2750 527 2806 Romte
556 2751 639 2805 via
672 2750 865 2820 Appia,
906 2749 961 2804 in
987 2747 1304 2805 cmmeterio
1340 2746 1568 2811 Callisti,
1614 2745 1797 2801 natale

204 2843 392 2898 sancti
416 2840 649 2897 Cornelii
676 2838 915 2911 episcopi
941 2858 953 2893 :
985 2839 1077 2909 qui
1114 2839 1214 2894 sub
1243 2837 1621 2908 persecutione
1647 2836 1796 2891 Decii

206 2951 336 2991 cum
377 2934 710 3008 presbyteris
753 2944 810 2987 et
839 2931 1156 2987 diaconibus
1182 2928 1567 2985 Centumcellis
1603 2926 1796 2983 exsilio

205 3024 524 3095 deputatur.
558 3023 642 3077 Ad
686 3038 846 3091 quem
876 3018 1288 3076 confortandum
1330 3017 1480 3072 multi
1529 3016 1794 3072 Christia-

202 3132 403 3173 norum
444 3116 753 3171 veniebant.
800 3114 918 3181 Quo
973 3121 1213 3182 tempore
1266 3110 1456 3166 beatus
1492 3108 1795 3180 Cyprianus

1904 1915 2164 1981 consulis,
2196 1925 2251 1971 et
2277 1917 2332 1971 in
2354 1919 2608 1974 exsilium
2650 1913 2702 1975 in
2730 1921 2952 1976 civitate
3002 1921 3326 1980 Corubitana
3359 1927 3491 1981 mis-

1903 2020 1997 2061 sus
2020 2014 2122 2061 est.
2165 2005 2546 2079 Habitavitque
2568 2011 2640 2065 ibi
2672 2025 2935 2080 suspensa
2965 2013 3033 2067 ad
3061 2014 3259 2068 caelum
3283 2026 3485 2082 mente,

1900 2106 2110 2153 tantum
2179 2100 2245 2154 ad
2303 2102 2597 2157 calcandas
2662 2105 2947 2174 passiones
3004 2105 3165 2175 hujus
3232 2112 3492 2179 temporis

1902 2206 2088 2247 amore
2111 2191 2313 2248 Christi
2346 2195 2637 2251 animatus.
2673 2195 2792 2263 Quo
2820 2199 3215 2254 conveniebant
3261 2201 3328 2255 ad
3361 2216 3487 2258 eum

1901 2284 2090 2356 plures
2117 2286 2321 2356 egregii
2348 2286 2640 2343 clarissimi
2664 2289 2871 2344 ordinis
2902 2299 2957 2345 et
2978 2292 3279 2363 sanguinis,
3309 2295 3406 2350 sed
3435 2305 3492 2351 et

1902 2379 2149 2434 saeculari
2179 2380 2463 2436 nobilitate
2491 2380 2711 2452 gloriosi
2740 2400 2754 2435 :
2796 2383 2887 2451 qui
2935 2393 3158 2454 propter
3196 2386 3490 2442 amicitiam

1900 2468 2018 2539 ejus
2069 2470 2373 2539 antiquam,
2405 2487 2681 2528 secessum
2714 2473 2942 2529 subinde
2983 2474 3291 2541 suaderent,
3338 2487 3391 2532 et
3422 2493 3493 2534 ne

1901 2578 2092 2633 parum
2121 2573 2268 2620 esset
2292 2564 2432 2618 nuda
2449 2565 2689 2631 suadela,
2704 2566 2867 2621 etiam
2884 2566 3022 2632 loca,
3050 2568 3103 2623 in
3130 2585 3251 2641 qua:
3270 2572 3489 2625 secede.

1900 2664 2001 2719 ret,
2031 2656 2080 2711 ei
2101 2654 2423 2711 offerebant.
2455 2657 2585 2714 Post
2611 2658 2728 2713 dies
2763 2667 2943 2714 autem
2978 2664 3179 2717 multos
3205 2677 3487 2734 regressus

1900 2746 1968 2801 de
2018 2746 2212 2802 exsilio
2256 2747 2536 2802 habitabat
2585 2748 2640 2803 in
2705 2750 2877 2805 hortis
2919 2751 3052 2807 suis.
3096 2752 3162 2807 Et
3216 2769 3337 2809 cum
3378 2755 3488 2811 illic

1896 2848 2228 2905 moraretur,
2283 2848 2552 2894 venerunt
2615 2841 2684 2894 ad
2738 2856 2866 2895 eum
2929 2841 3201 2914 principes
3258 2845 3365 2900 duo
3417 2861 3486 2902 ex

1897 2929 2071 2986 cilicio
2102 2929 2338 2986 consulis
2365 2930 2566 2987 Galerii
2594 2931 2834 2998 Maximi,
2864 2933 2957 3003 qui
2982 2935 3215 3004 Aspasio
3248 2936 3485 2992 Paterno

1898 3031 2254 3084 successerat,
2295 3029 2349 3077 et
2378 3021 2619 3077 levantes
2640 3038 2762 3077 eum
2794 3024 2848 3077 in
2877 3024 3166 3090 curriculo,
3215 3029 3489 3083 duxerunt

1898 3114 1966 3169 ad
1998 3116 2378 3185 proconsulem
2410 3116 2461 3171 in
2489 3116 2666 3171 locum
2716 3115 2888 3184 Sexti,
2922 3118 3011 3174 ubi
3041 3135 3139 3190 pro
3190 3121 3489 3190 reparanda

203 3211 427 3281 scripsit
456 3210 506 3265 ei
549 3210 614 3263 de
653 3207 909 3263 Caierino
953 3206 1175 3267 lectore.
1206 3211 1408 3273 quanta
1456 3218 1558 3272 pro
1597 3201 1701 3255 ﬁde
1737 3210 1792 3255 et

1896 3212 2128 3268 sanitate
2183 3212 2434 3285 degebat,
2479 3212 2842 3284 collectosque
2891 3215 2960 3270 ab
3008 3222 3247 3269 astatore
3297 3212 3487 3278 ofﬁcii,

206 3300 555 3356 confessione
584 3297 787 3353 Christi
813 3295 1151 3352 sustinuerit.
1186 3295 1379 3349 Decius
1397 3292 1579 3349 Caesar
1608 3294 1790 3348 audito

204 3391 353 3462 quod
387 3392 541 3447 multi
572 3391 621 3445 ei
655 3390 957 3445 scriberent
985 3406 999 3442 :
1032 3397 1087 3443 et
1117 3388 1184 3442 de
1214 3388 1373 3442 beato
1401 3386 1674 3467 Cyprjano
1697 3401 1786 3441 ro-

202 3484 357 3555 gavit
383 3499 509 3538 cum
555 3483 657 3538 sibi
700 3481 964 3538 exhiberi.
1021 3479 1306 3534 Exhibitus
1350 3479 1513 3534 Decio
1557 3479 1788 3534 interro-

200 3577 376 3646 ganti,
412 3592 510 3632 cur
531 3591 561 3630 a
592 3575 863 3646 Cypriano
891 3581 1077 3629 contra
1130 3571 1536 3641 Rempublicam
1578 3569 1791 3625 litteras

204 3665 528 3737 accepisset,
555 3664 875 3736 respondit:
912 3663 1026 3734 Ego
1063 3662 1131 3717 de
1150 3677 1353 3718 corona
1390 3661 1602 3717 Domini
1647 3662 1792 3715 litte-

208 3774 305 3813 ras
332 3757 535 3827 accepi,
566 3772 674 3812 non
701 3763 890 3810 contra
917 3752 1342 3823 Rempublicam.
1366 3752 1541 3807 Iratus
1572 3751 1785 3817 Decius,

194 3847 361 3918 jussit
400 3856 462 3902 ut
498 3863 561 3903 os
599 3847 716 3919 ejus
750 3862 874 3901 cum
901 3845 1200 3917 plumbatis
1244 3843 1566 3909 caederetur,
1591 3844 1789 3899 deinde

197 3940 274 3995 ad
302 3939 558 4010 templum
584 3938 794 4004 Martis,
823 3945 883 3991 ut
909 3934 1267 4001 sacriﬁcaret,
1297 3934 1604 3989 duceretur.
1634 3933 1790 4002 Quod

196 4032 249 4088 si
296 4031 733 4103 contempsisset,
781 4029 895 4084 illic
952 4027 1131 4097 capite
1180 4025 1487 4097 puniretur.
1544 4025 1789 4095 Cumque

197 4123 521 4190 duceretur,
563 4137 705 4178 unus
747 4136 815 4176 ex
863 4120 1126 4176 militibus
1165 4116 1667 4180 nomine‘CereaIis,
1702 4132 1790 4172 ro-

196 4227 337 4285 gare
364 4211 757 4282 cmpitheatum
787 4225 1002 4281 papam,
1031 4218 1093 4262 ut
1120 4207 1370 4263 visitaret
1397 4220 1621 4261 uxorem
1648 4205 1784 4274 ejus,

196 4320 327 4374 qua:
351 4302 509 4357 annis
528 4301 767 4372 quinque
791 4296 1088 4371 paralytica
1115 4296 1357 4367 iacebat.
1386 4295 1667 4368 Ingressus
1697 4311 1789 4350 au-

196 4405 314 4451 tem
342 4395 558 4450 domum
587 4393 727 4463 ejus,
760 4392 934 4447 tenuit
972 4406 1190 4446 manum
1212 4388 1484 4454 Salustize,
1534 4396 1589 4442 et
1614 4387 1789 4443 erexit

194 4506 347 4555 eam,
374 4488 588 4544 dicens:
619 4486 677 4541 In
694 4485 913 4541 nomine
936 4483 1061 4540 Jesu
1077 4482 1279 4539 Christi
1296 4480 1579 4545 Nazareni,
1602 4492 1785 4551 surge,

1890 3304 2117 3359 secessit
2149 3303 2202 3358 in
2232 3304 2523 3374 hospitium
2552 3301 2669 3373 ejus
2694 3305 2748 3360 in
2780 3306 2958 3360 vicum
2996 3305 3249 3364 Saturni:
3276 3304 3489 3360 Conve-

1890 3395 1969 3449 nit
1995 3403 2177 3449 autem
2206 3395 2273 3449 ad
2305 3411 2428 3450 eum
2455 3396 2632 3451 omnis
2658 3396 2888 3466 populus
2910 3394 3333 3464 fratrum.Quod
3361 3411 3487 3452 cum

1889 3485 2242 3554 comperisset
2271 3485 2614 3542 beatissimus
2663 3497 2895 3558 martyr,
2925 3489 3182 3558 prmcepit
3227 3489 3488 3544 custodiri

1889 3575 2095 3645 puellas
2123 3590 2245 3645 qua:
2268 3576 2604 3631 advenerant
2629 3576 2816 3631 audire
2842 3577 3064 3632 verbum
3083 3577 3201 3643 Dei,
3228 3580 3485 3648 quoniam

1888 3676 2014 3722 ante
2039 3667 2238 3723 ostium
2269 3667 2559 3723 manebant
2611 3668 2871 3740 principis
2896 3670 2972 3737 ob,
2996 3684 3239 3726 amorem
3275 3681 3485 3744 marty-

1889 3759 1966 3813 ris
1986 3758 2226 3830 gloriosi.
2254 3758 2443 3814 Altera
2472 3759 2559 3814 die
2586 3774 2719 3833 xvnt
2757 3758 3030 3814 Kalendas
3055 3757 3305 3816 Octobris
3326 3750 3487 3820 mane

1890 3842 2135 3903 Galerius
2174 3848 2441 3904 Maximus
2488 3857 2736 3905 sanctum
2789 3849 3119 3921 Cyprianum
3172 3851 3484 3922 episcopum

1889 3938 2073 3997 offerri
2099 3939 2199 3996 sibi
2228 3941 2486 4011 praecepit
2521 3940 2575 3996 in
2597 3941 2737 3996 atrio
2759 3940 3042 3997 secutiolo.
3072 3941 3170 3997 Cui
3208 3942 3351 3998 inter
3379 3943 3484 3999 alia

1889 4045 2015 4087 cum
2062 4030 2289 4085 dixisset
2340 4029 2632 4101 proconsul
2661 4048 2674 4085 :
2701 4028 2991 4086 Iusserunt
3036 4037 3091 4086 te
3125 4032 3482 4088 sacratissimi

1887 4120 2166 4191 principes
2211 4121 2602 4177 caeremoniari.
2656 4120 2892 4177 Sanctus
2947 4121 3251 4193 Cyprianus
3300 4122 3481 4179 dixit:

1889 4213 2007 4269 Non
2038 4214 2254 4268 faciam.
2292 4212 2558 4269 Maximus
2584 4214 3028 4285 proconsuldixit
3052 4234 3072 4273 :
3101 4213 3335 4272 Consule
3361 4216 3482 4274 tibi.

1890 4303 2121 4358 Sanctus
2150 4301 2454 4374 Cyprianus
2480 4303 2617 4358 dixit
2649 4320 2664 4361 :
2693 4302 2802 4359 Fac
2832 4303 2974 4374 quod
3008 4304 3102 4360 tibi
3150 4315 3479 4376 praeceptum

1888 4403 2012 4461 est;
2041 4410 2164 4449 nam
2191 4395 2244 4449 in
2272 4410 2330 4449 re
2357 4404 2466 4448 tam
2487 4394 2637 4464 juSta
2658 4395 2803 4450 nulla
2830 4404 2914 4452 est
2933 4396 3282 4453 consultatio.
3316 4398 3484 4455 Maxi-

1892 4500 2013 4539 mus
2037 4483 2325 4555 proconsul
2356 4485 2492 4541 dixit
2524 4503 2539 4540 ι
2571 4485 2670 4541 Diu
2695 4486 2957 4558 sacrilega
2985 4497 3165 4543 mente
3190 4489 3397 4555 vixisti,
3426 4500 3485 4547 et

196 4591 261 4636 et
293 4591 379 4636 sta
429 4594 590 4651 super
639 4578 805 4649 pedes
851 4587 991 4632 tuos.
1023 4575 1156 4643 Quae
1196 4574 1447 4644 protinus
1486 4573 1663 4628 erexit
1705 4587 1783 4639 se,
1813 4549 1867 4610 D
1892 4574 2132 4631 nefarios
2168 4584 2273 4629 tua:
2322 4575 2743 4646 conspirationis
2776 4549 3024 4632 homines
3069 4549 3395 4649 aggregasti,
3427 4591 3484 4637 et

195 4673 449 4730 clamans
467 4681 522 4728 et
542 4672 727 4727 dicens
758 4688 772 4724 :
804 4670 946 4725 Vere
968 4668 1220 4723 Christus
1247 4675 1353 4731 est,
1383 4664 1478 4719 Dei
1507 4663 1669 4719 illius.
1720 4663 1789 4718 Et

195 4765 344 4822 dixit
376 4760 535 4820 beato
563 4760 815 4818 Cornelio
846 4779 861 4815 :
892 4758 1116 4829 Baptiza
1147 4770 1255 4823 me,
1286 4770 1387 4827 per
1407 4753 1686 4811 Christum
1734 4761 1788 4809 te

194 4857 471 4929 conjuro;
511 4863 805 4910 etcurrens
829 4850 1074 4922 implevit
1105 4864 1203 4905 vas
1235 4862 1396 4918 aqua,
1416 4854 1487 4901 (et
1515 4843 1784 4900 attulitei.

196 4952 362 5009 Tunc
387 4950 652 5006 miserunt
670 4962 729 5003 se
752 4958 943 5000 omnes
966 4942 1167 4998 milites
1197 4940 1265 4995 ad
1290 4941 1456 5012 pedes
1485 4938 1602 5009 ejus
1629 4951 1789 4992 oran-

196 5053 290 5099 tes
319 5057 379 5097 se
402 5041 689 5111 baptizari.
718 5040 867 5107 Quos
886 5047 946 5093 ut
975 5036 1289 5108 baptizavit,
1314 5035 1510 5090 obtulit
1559 5050 1658 5105 pro
1701 5033 1782 5089 eis

197 5133 533 5191 sacriﬁcium
554 5131 729 5187 laudis
753 5150 768 5186 :
798 5128 1169 5202 ctparticipati
1200 5126 1530 5183 suntomnés
1557 5140 1783 5197 corpore

180 5206 262 5281 let
284 5225 549 5297 sanguine
600 5223 809 5280 Domini
861 5220 1029 5276 nostri
1071 5218 1199 5274 Jesu
1261 5218 1481 5275 Christi.
1542 5218 1782 5272 Audiens

198 5319 327 5374 haec
350 5317 567 5381 Decius,
596 5317 820 5371 mittens
851 5314 1022 5369 tenuit
1062 5327 1256 5369 omnes
1283 5326 1399 5376 eos,
1432 5320 1488 5366 et
1524 5308 1686 5379 jussit
1726 5321 1785 5365 ut

199 5424 330 5466 cum
358 5410 519 5465 beato
566 5407 819 5463 Cornelio
859 5408 1188 5461 ducerentur
1234 5404 1302 5458 ad
1345 5402 1781 5468 sacrificandum,

199 5511 260 5556 et
300 5500 346 5555 si
385 5500 590 5556 nollent
619 5514 833 5569 parere,
866 5498 1044 5567 capite
1070 5496 1460 5566 plecterentur.
1494 5492 1652 5548 Ducti
1682 5509 1780 5547 au-

200 5601 317 5649 tem
342 5590 511 5647 -foras
545 5607 729 5647 muros
758 5599 926 5665 porta:
972 5588 1180 5659 Appiae,
1220 5594 1518 5657 expuentes
1562 5584 1615 5639 id
1656 5594 1787 5639 tem-

198 5685 373 5749 slum,
407 5683 652 5739 decollati
706 5692 833 5738 sunt
879 5697 985 5737 una
1014 5697 1137 5736 eum
1171 5680 1484 5736 beatissimo
1510 5694 1646 5750 papa
1691 5694 1785 5732 tm-

274 5809 305 5837 ι
335 5796 410 5850 De
441 5796 524 5852 bis
558 5796 609 5849 in
637 5795 887 5866 passione
916 5803 1114 5849 εαηοιω
1144 5791 1411 5863 Ευεεηίςιι,
1448 5789 1520 5843 25
1544 5789 1671 5845 Dec.

1887 4665 2165 4721 inimicum
2199 4675 2251 4722 te
2284 4666 2389 4722 diis
2411 4666 2673 4723 Romanis
2696 4676 2754 4723 et
2772 4668 2944 4725 sacris
2970 4668 3322 4741 religionibus
3350 4688 3482 4729 con-

1888 4758 2131 4824 stituisti,
2165 4773 2266 4815 nec
2311 4768 2365 4813 te
2394 4758 2468 4828 pii
2498 4758 2852 4829 imperatores
2874 4759 2942 4815 ad
2968 4770 3176 4817 sectam
3224 4777 3481 4820 caeremo-

1888 4850 2105 4905 niarum
2130 4865 2351 4927 suarum
2382 4864 2611 4906 evocare
2639 4860 2934 4921 potuerunt
2961 4870 2974 4907 :
3002 4867 3125 4908 cum
3161 4853 3237 4909 sis
3265 4854 3482 4926 nequis-

1888 4940 2009 4996 simi
2040 4940 2285 4997 criminis
2316 4951 2508 4997 auctor
2555 4952 2612 4999 et
2662 4941 2891 5013 signifer
2920 4943 3310 5015 deprehensus,
3368 4947 3479 5003 eris

1887 5033 2006 5104 ipse
2030 5034 2352 5089 documento
2379 5048 2501 5088 eum
2544 5033 2631 5089 his
2657 5048 2793 5105 quos
2811 5034 3015 5091 scelere
3047 5046 3140 5092 tuo
3174 5044 3350 5091 tecum
3376 5052 3475 5108 ag-

1888 5125 2144 5196 gregasti,
2177 5124 2441 5197 sanguine
2468 5133 2559 5179 tuo
2590 5125 2929 5182 sanctientur
2960 5126 3277 5195 disciplinm.
3310 5127 3375 5181 Et
3392 5128 3478 5184 his

1889 5217 2068 5279 dictis,
2101 5218 2379 5272 decretum
2415 5232 2482 5271 ex
2514 5216 2710 5272 tabella
2748 5218 2999 5273 recitavit
3029 5237 3041 5273 :
3076 5218 3326 5272 Tascium
3365 5216 3470 5291 Cy-

1888 5305 2139 5376 prianum
2170 5302 2348 5373 gladio
2376 5302 2732 5357 animadverti
2759 5302 2955 5373 placet.
2982 5302 3213 5369 Sanctus
3251 5302 3475 5373 Cypria-

1890 5412 2013 5461 nus,
2041 5397 2144 5452 boc
2188 5395 2432 5461 audiens,
2481 5394 2621 5450 dixit
2651 5412 2663 5447 :
2695 5395 2806 5451 Deo
2844 5396 3046 5466 gratias
3092 5410 3214 5467 ago.
3250 5394 3471 5452 Etcum

1889 5494 2201 5558 duceretur,
2256 5491 2486 5562 populus
2531 5490 2759 5545 fratrum
2818 5489 3077 5560 plangens
3122 5487 3375 5543 dicebat°
3405 5487 3473 5544 Et

1888 5602 1988 5641 nos
2016 5601 2136 5640 cum
2164 5600 2231 5639 eo
2265 5583 2610 5639 decollemur.
2649 5583 2712 5637 Et
2752 5582 2826 5636 ita
2880 5581 3170 5651 perductus
3207 5579 3472 5654 gloriosus

1889 5683 2097 5746 martyr
2125 5684 2245 5744 post
2269 5674 2579 5745 praetorium
2605 5675 2657 5728 in
2686 5688 2873 5743 agrum
2924 5671 3095 5733 Sexti,
3123 5673 3275 5728 exuit
3300 5688 3359 5729 se
3396 5673 3471 5728 la-

1962 5790 1988 5830 b
2020 5787 2242 5856 Pontif.,
2269 5805 2388 5859 cap.
2415 5788 2505 5854 9.2;
2539 5788 2817 5858 Cyprian.,
2839 5788 2997 5858 epist.
3021 5784 3113 5841 54.
