3962 6366
596 336 705 392 355

1594 332 1654 389 S.
1696 328 1947 386 A00le
1982 326 2408 385 ABCHlEPlSC.
2454 323 2867 382 VIENNENSIS
3702 340 3774 397 λεδ

598 462 763 503 cerno
790 445 957 508 bii-ro,
985 453 1039 499 et
1065 444 1390 514 complicans
1413 444 1589 514 posuit
1613 445 1680 498 ad
1706 458 1881 513 genua
1927 457 2048 502 sita,
2079 441 2174 495 de—
2200 447 2250 511 Α
2278 438 2599 492 venerabilis
2626 437 3002 508 Lugdunensis
3028 437 3335 509 epimpus,
3366 442 3634 525 gloriosum
3658 449 3774 520 ilttpe-

596 538 725 592 hinc
748 535 1089 589 dalmaticam
1123 537 1360 590 tunicam
1390 534 1532 599 tulit,
1578 541 1636 587 et
1659 531 1975 587 diaconihus
2005 530 2174 583 tradi—

597 629 696 691 dit,
723 635 781 682 et
830 634 981 680 stans
1013 626 1066 679 in
1100 626 1262 686 linea.
1312 624 1615 680 sustinebat
1647 621 2050 693 spiculatorem,
2088 619 2174 674 cui

594 726 655 772 et
676 717 864 787 viginti
892 716 1128 785 quinque
1150 730 1345 769 aureos
1356 715 1472 768 dari
1499 713 1769 785 praecepit.
1786 711 2006 766 Fratres
2026 725 2172 774 vero,

594 806 803 868 flentes,
839 806 1146 861 linteamina
1173 816 1228 859 et
1248 803 1426 857 oraria
1452 811 1579 859 ante
1606 817 1730 857 eum
1784 801 2077 869 ponebant,
2106 814 2175 853 ne

594 906 816 952 sanctus
840 910 1006 951 cruor
1028 895 1267 950 deﬂuens
1280 895 1661 949 absorberetur
1684 907 1715 946 a
1746 904 1910 946 terra.
1936 890 2175 957 Quicum

582 989 819 1047 lacinias
870 986 1147 1041 manuales
1175 987 1277 1041 sibi
1306 987 1474 1058 ligare
1525 1000 1631 1041 non
1676 984 1960 1054 potuisset,
2001 979 2175 1034 Julius

594 1080 878 1151 presbyter
905 1088 961 1133 et
1005 1076 1251 1133 Julianus
1301 1078 1664 1133 subdiaconus
1706 1077 1805 1146 ipsi
1852 1075 2171 1144 ligaverunt.

590 1171 709 1240 Ipse
734 1178 911 1224 autem
943 1169 1046 1222 sibi
1070 1183 1229 1223 manu
1259 1169 1474 1237 pr0pria
1522 1166 1706 1222 oculos
1748 1166 1901 1230 texit,
1927 1174 1982 1219 et
2002 1178 2175 1235 genua

588 1262 646 1317 in
682 1270 823 1316 terra
856 1260 1052 1329 posuit,
1084 1260 1495 1328 orationemque
1520 1259 1586 1313 ad
1610 1258 1895 1312 Dominum
1926 1255 2086 1319 fudit,
2119 1262 2178 1309 et

588 1352 672 1409 sic
690 1352 869 1423 gladio
897 1366 1189 1421 percussus
1219 1350 1487 1422 migravit.
1534 1348 1746 1419 Corpus
1793 1348 1911 1418 ejus
1956 1354 2178 1416 propter

586 1442 869 1513 gentilium
927 1441 1296 1496 curiositatem
1328 1442 1380 1494 in
1413 1440 1662 1509 proximo
1717 1438 2171 1493 collocatnmest.

584 1533 695 1591 Sed
723 1550 791 1590 ne
820 1550 850 1589 a
872 1533 1163 1605 gentilibus
1214 1532 1515 1594 tolleretur,
1548 1538 1710 1586 nocte
1733 1529 2058 1583 adveniente
2103 1539 2172 1578 ex

578 1626 776 1681 eodem
825 1624 962 1689 loco,
1020 1623 1108 1678 ubi
1136 1622 1370 1693 positum
1411 1621 1606 1683 fuerat,
1668 1619 1937 1675 sublatum
1964 1626 2069 1671 est.
2109 1615 2176 1671 Et

586 1716 713 1771 inde
746 1730 868 1771 etim
894 1715 1069 1771 cer‘eis
1107 1724 1164 1769 et
1211 1713 1516 1769 scolacibus
1544 1724 1599 1776 ι,
1626 1711 1680 1765 in
1717 1725 1842 1765 area
1891 1707 2171 1778 cujusdam

2281 540 2514 584 ratoreni
2549 530 2778 599 rogavit,
2810 531 2876 584 ad
2926 530 3203 585 civitatem
3252 546 3401 587 suam
3441 535 3628 592 deferre
3664 541 3774 600 beata

2275 635 2398 675 ossa
2421 628 2722 690 martyrum
2755 620 2805 674 ei
2830 619 3038 675 liceret.
3072 621 3277 677 Annuit
3330 624 3614 694 imperatur.
3641 631 3773 692 Sedet

2276 711 2445 767 isdem
2481 711 2636 765 ocius
2663 719 2846 765 votum
2872 726 3032 766 suum
3066 713 3189 782 pius
3214 716 3420 783 perficit
3445 735 3456 769 :
3486 732 3595 773 cum
3623 723 3771 783 honore

2274 798 2415 853 infra
2452 799 2727 854 civitatem
2760 799 3005 870 Lugduni
3054 801 3340 871 deportata
3388 817 3526 871 sunt,
3554 808 3699 879 ibique
3737 815 3772 871 in

2275 893 2466 962 majori
2495 893 2724 948 ecclesia
2758 893 2899 948 beati
2920 893 3143 950 Joannis
3162 895 3418 966 Baptista:
3436 913 3497 953 ac
3515 904 3659 957 sancti
3678 922 3774 961 nur-

2279 984 2412 1056 tyris
2456 984 2715 1055 Stephani
2758 984 3035 1054 aliquanto
3078 995 3323 1056 tempore
3369 992 3609 1047 custodita
3639 1000 3771 1055 :etail

2274 1075 2641 1132 defensionem
2667 1078 2888 1142 civium,
2920 1077 3030 1132 Deo
3055 1079 3109 1134 id
3136 1080 3547 1136 misericorditer
3566 1099 3769 1154 operante,
3860 1080 3861 1115 ί

2275 1177 2331 1223 et
2352 1169 2679 1240 imperatore
2709 1168 2821 1238 jam
2852 1178 3036 1225 votum
3067 1185 3226 1226 suum
3253 1173 3320 1227 dc
3343 1173 3769 1234 adificationetem-
3860 1206 3861 1215 ι

2274 1259 2349 1330 pli
2379 1260 2434 1316 in
2464 1259 2622 1330 longe
2641 1259 2746 1314 alia
2776 1258 3156 1326 transferente,
3181 1272 3401 1317 sanctus
3425 1265 3671 1335 episcopus
3685 1270 3767 1322 bu-
3860 1258 3861 1283 ‘

2277 1350 2514 1405 tissimas
2540 1350 2800 1419 reliquias
2826 1350 3187 1421 gloriosorum
3211 1362 3500 1424 martyrum
3520 1356 3568 1409 in
3585 1359 3768 1425 prodicta

2273 1441 2505 1497 ecclesia
2536 1450 2658 1510 post
2686 1441 2991 1496 venerabile
3018 1450 3074 1497 et
3105 1457 3325 1497 sacrum
3374 1444 3533 1498 altare
3575 1448 3766 1503 decentis-

2275 1532 2413 1587 sima
2462 1532 2740 1601 sepultura
2778 1532 3097 1597 recondidit,
3138 1549 3205 1588 ac
3236 1535 3463 1604 posteris
3492 1537 3666 1594 civibus
3693 1542 3767 1596 wit

2274 1621 2588 1692 profuturas
2613 1622 3004 1678 honorabiliter
3030 1624 3446 1679 commendavit.

2346 1713 2454 1769 Sed
2479 1723 2623 1783 post,
2654 1712 2971 1783 interposito
3008 1723 3276 1783 tempore,
3324 1724 3564 1785 regnante
3602 1717 3764 1787 glorioso

582 1803 810 1859 Candidi
843 1804 1229 1875 procuratoris,
1262 1803 1314 1858 in
1340 1803 1425 1858 via
1456 1800 1804 1870 Mappaliensi
1825 1800 1983 1871 juxta
2006 1798 2167 1870 pisci-
2196 1792 2242 1852 Β
2269 1819 2396 1876 rege
2419 1802 2612 1859 Carolo
2638 1803 2899 1860 Ludovici
2956 1804 3304 1874 imperatoris
3332 1804 3460 1868 tilio,
3491 1805 3650 1860 iterum
3685 1808 3763 1862 reti.

584 1908 689 1949 nas
714 1908 835 1949 cum
865 1909 1059 1963 magno
1091 1894 1363 1961 triumpho
1381 1891 1647 1961 sepultum
1676 1896 1780 1944 est.

654 1985 785 2040 Post
818 1983 983 2039 multa
1024 1999 1151 2039 vero
1169 1983 1439 2038 curricula
1462 1996 1753 2042 annorum,
1776 1978 2167 2050 gloriosissimo

583 2072 781 2129 Carolo
835 2071 1062 2127 Francis
1112 2072 1444 2140 imperante,
1515 2070 1760 2138 contigit,
1846 2067 2169 2135 legationem

580 2163 918 2221 Francorum
949 2162 1270 2221 ferentibus.
1300 2161 1533 2214 illustres
1556 2175 1620 2214 ac
1654 2159 1922 2226 sapientia
1937 2159 2171 2214 circum-

581 2262 797 2323 spectes
810 2251 1013 2320 legatos
1039 2250 1323 2304 transitum
1345 2265 1440 2319 per
1469 2247 1706 2302 Africam
1728 2247 1938 2302 fecisse.
1956 2247 2021 2302 Hi
2044 2263 2168 2303 cum

582 2341 965 2411 Carthaginem
998 2341 1232 2394 dirutam
1260 2348 1316 2393 et
1343 2339 1457 2393 loca
1492 2339 1825 2394 venerabilia
1853 2347 2168 2395 sanctorum

583 2442 885 2504 martyrum
914 2439 1248 2487 revertentes
1271 2446 1302 2484 a
1334 2446 1457 2502 rege
1504 2430 1792 2485 Persarum
1820 2432 2021 2497 Aaron,
2051 2431 2165 2502 qui,

582 2534 808 2597 excepta
844 2524 1015 2590 ludia,
1050 2532 1217 2578 totum
1248 2537 1385 2592 pene
1417 2522 1632 2576 tenebat
1667 2518 1968 2586 Orientem,
2005 2522 2171 2577 vidis-

577 2624 726 2682 sent,
754 2614 910 2671 facile
936 2614 1039 2670 sibi
1061 2613 1348 2669 conciliato
1377 2612 1637 2682 principe,
1671 2626 1737 2666 ac
1764 2610 2003 2665 favorem
2032 2611 2085 2666 in
2110 2626 2169 2667 re

583 2707 680 2763 tali
713 2714 1030 2778 praestante,
1056 2721 1156 2775 pro
1200 2720 1398 2772 magno
1451 2719 1675 2758 munere
1729 2712 2075 2774 rogaverunt,
2107 2711 2169 2757 ut

580 2813 707 2855 ossa
745 2798 807 2853 Β.
848 2796 1104 2868 Cypriani
1128 2797 1208 2853 eis
1235 2796 1453 2851 ferenda
1487 2796 1844 2866 permitteret.
1872 2795 2023 2861 Quod
2055 2793 2165 2859 ille,

578 2904 687 2945 non
712 2888 1138 2957 magni‘ducens,
1168 2889 1427 2942 continuo
1448 2888 1712 2955 postulata
1740 2888 2045 2953 concessit;
2078 2895 2162 2941 ut-

578 2993 686 3050 que
710 2979 799 3049 pio
849 2979 1184 3049 imperatori,
1216 2977 1368 3044 cujus
1403 2978 1632 3048 gratiam
1681 2977 1921 3031 omnium
1973 2978 2065 3046 qui
2115 2980 2168 3032 in

580 3076 695 3123 toto
739 3077 1008 3122 terrarum
1039 3067 1172 3122 orbe
1199 3076 1357 3121 erant
1386 3081 1570 3137 regum
1600 3081 1665 3119 ac
1695 3065 2000 3135 principum
2028 3066 2168 3119 ami-

579 3160 725 3217 citiae
746 3168 1107 3230 praeponeret,
1136 3159 1234 3228 ipsi
1269 3173 1330 3213 ea
1364 3158 1586 3224 ferrent,
1642 3158 1873 3213 libenter
1914 3158 2166 3212 assensit.
2198 3142 2242 3205 C

578 3249 824 3322 Cumque
849 3250 1182 3315 venerabiles
1204 3250 1359 3322 legati
1389 3250 1622 3319 ingentia
1666 3250 1825 3315 dona,
1871 3259 2170 3321 martyrum

579 3343 789 3401 scilicet
814 3343 1067 3412 reliquias
1093 3342 1328 3398 ferentes
1358 3342 1503 3412 (nam
1534 3352 1588 3397 et
1617 3343 1758 3397 bea:i
1786 3342 1999 3413 Sperati
2029 3360 2172 3398 mar-

580 3435 720 3506 tyris
746 3433 1010 3497 membra,
1036 3433 1128 3502 qui
1156 3450 1295 3488 unus
1331 3432 1430 3487 fuit
1458 3447 1525 3486 ex
1557 3433 1661 3488 illis
1687 3433 1969 3488 duodecim
2025 3448 2168 3503 pra:-

580 3525 898 3581 clarissimis
924 3526 1252 3596 martyribus
1298 3524 1613 3586 Scillitanis,
1643 3532 1802 3594 caput
1827 3524 1992 3578 etiam
2020 3540 2168 3578 mar-

580 3619 720 3692 tyris
749 3619 964 3690 gloriosi
990 3619 1338 3676 Pantaleonis
1364 3635 1548 3675 secum
1581 3634 1703 3674 cum
1756 3620 1927 3676 beatis
1951 3621 2168 3676 ossibus

580 3712 836 3785 Cypriani
872 3713 1142 3768 habebant
1168 3712 1186 3784 )
1218 3721 1643 3777 reverterentur,
1674 3715 1947 3782 prosperis
1974 3713 2052 3768 usi
2080 3729 2171 3770 ve-

579 3800 667 3869 lis,
701 3804 914 3859 tandem
941 3813 1306 3873 pervenerunt
1329 3803 1606 3859 Arelaten.
1643 3804 1742 3860 Ubi
1774 3820 1932 3859 sacra
1965 3815 2171 3877 marty-

580 3911 704 3953 rum
729 3896 972 3952 membra
1001 3897 1214 3969 signata
1268 3896 1484 3951 interim
1528 3895 1920 3965 relinquentes,
1948 3895 2173 3968 legatio.

580 4004 707 4046 nem
756 4003 910 4044 suam
965 3987 1201 4058 glorioso
1229 3987 1539 4056 imperatori
1588 3987 1903 4041 renuntiare
1949 3987 2173 4044 festina-

580 4087 733 4143 runt,
758 4087 834 4146 et,
862 4078 1178 4132 utanimum
1210 4078 1350 4146 regis
1396 4077 1628 4148 amplius
1671 4077 1770 4132 sibi
1802 4079 1867 4133 de
1908 4078 2172 4150 legatione

575 4179 808 4249 strenue
861 4169 1101 4239 perfecta
1131 4170 1510 4235 conciliarent,
1548 4170 1691 4224 inter
1716 4170 1820 4223 alia
1847 4171 1915 4226 de
1956 4181 2173 4227 sancto-

585 4276 706 4317 rum
728 4260 974 4332 reliquiis
996 4262 1064 4315 ab
1087 4259 1270 4315 Africa
1303 4260 1599 4331 deportatis
1625 4261 1743 4331 ejus
1773 4261 1983 4317 animos
2005 4261 2167 4315 attol~

2272 1895 2412 1964 quia:
2468 1894 2526 1948 Β.
2572 1893 2829 1965 Cypriani
2877 1896 2946 1949 ad
3001 1894 3393 1950 monasterium
3444 1911 3632 1960 novum,
3669 1898 3760 1965 quod

2271 1986 2413 2042 idem
2446 2003 2541 2041 rex
2574 1996 2803 2057 augusto
2861 2002 3027 2057 Opere
3077 1988 3403 2052 construxit,
3448 1988 3498 2042 in
3532 1987 3760 2058 compendio

2269 2078 2474 2149 palatio
2499 2093 2619 2143 suo,
2655 2077 2984 2146 eojubente,
3020 2080 3300 2134 translatae
3339 2089 3478 2135 sunt.

2345 2168 2677 2227 Referuntur
2698 2178 2876 2224 autem
2898 2185 3022 2224 cum
3052 2170 3215 2225 beato
3237 2170 3499 2242 Cypriano
3521 2171 3649 2242 passi,
3665 2167 3756 2225 Cre-

2271 2260 2603 2323 scentianus,
2632 2259 2839 2323 Victor,
2865 2259 3065 2314 Bosula
3090 2271 3148 2314 et
3180 2260 3474 2316 Generalis.

2341 2350 2543 2406 Eodem
2589 2350 2696 2415 die,
2729 2349 2998 2406 Exaltatio
3025 2362 3230 2408 sanctae
3271 2354 3463 2417 crucis,
3486 2367 3589 2422 qua!
3622 2350 3755 2407 abiis-

2271 2446 2391 2502 lena
2415 2450 2752 2504 Constantini
2784 2460 2959 2506 matre
2990 2451 3233 2516 inventa,
3259 2452 3332 2505 ita
3360 2466 3451 2521 per
3487 2450 3672 2502 medium
3703 2456 3756 2501 est

2270 2548 2442 2606 secta,
2468 2549 2528 2594 ut
2580 2549 2636 2594 et
2690 2555 2823 2595 crux
2880 2540 3400 2610 Constantinopolim
3429 2540 3494 2595 sit
3515 2547 3695 2608 portata,
3720 2546 3755 2590 et

2274 2643 2409 2682 crux
2464 2627 2856 2700 Hierosolymis
2902 2631 3077 2686 thecis
3120 2631 3392 2702 argenteis
3443 2630 3505 2684 sit
3543 2636 3753 2682 reservata.

2271 2718 2561 2776 Multorum
2609 2722 2792 2792 itaque
2818 2706 3084 2777 annorum
3108 2723 3327 2778 labente
3355 2720 3614 2795 curriculo,
3634 2718 3751 2773 Pboca

2271 2809 2532 2866 Romanis
2562 2812 2886 2883 imperante,
2911 2812 3089 2868 Persa:
3128 2815 3390 2868 adversus
3418 2808 3750 2879 rempublicam,

2271 2901 2550 2957 Cbosdroe
2588 2910 2735 2973 rege,
2770 2899 3091 2973 gravissima
3142 2902 3283 2957 bella
3338 2907 3580 2973 gerentes,
3622 2893 3751 2949 multas

2274 2993 2642 3048 Romanorum
2665 2993 2997 3062 provincias,
3027 3002 3081 3047 et
3110 2993 3288 3063 ipsam
3316 2988 3679 3059 Hierosolymam
3699 2982 3750 3035 in-

2273 3086 2497 3140 vadunt.
2529 3085 2597 3140 Et
2617 3086 2959 3141 destruentes
2982 3085 3265 3150 ecclesias,
3294 3092 3473 3140 sancta
3494 3092 3663 3150 quoque
3674 3079 3749 3127 Ιοα

2272 3176 2639 3248 profanantes,
2664 3177 2809 3232 inter
2833 3185 3155 3231 ornamenta
3179 3190 3355 3243 sacra,
3382 3188 3492 3243 qua:
3510 3167 3750 3224 abstulerunt

2272 3267 2438 3322 etiam
2469 3266 2725 3320 vexillum
2776 3266 3070 3322 Dominica:
3098 3266 3282 3321 crucis
3305 3264 3571 3319 abducunt.
3593 3255 3747 3310 Fecerat

2276 3372 2516 3429 namque
2545 3356 2827 3414 Cbosdroe
2854 3373 2951 3414 rex
2976 3374 3167 3413 eorum
3219 3358 3404 3414 turrim
3430 3360 3686 3423 argenteam.
3708 3344 3746 3395 in

2274 3465 2380 3519 qua
2409 3429 2855 3504 iut3rlucentibus
2878 3449 3105 3520 gemmis
3126 3449 3375 3504 thronum
3396 3443 3672 3499 exstruxerat
3687 3447 3750 3486 au-

2274 3557 2451 3607 reum,
2480 3539 2662 3610 ibique
2684 3538 2815 3595 solis
2840 3537 3163 3610 quadrigam
3194 3548 3248 3594 et
3269 3538 3404 3592 lunae
3452 3532 3523 3586 vel
3555 3526 3747 3584 stellarum

2273 3631 2564 3701 imaginem
2588 3629 2971 3694 collocaverat,
3002 3639 3169 3700 atque
3207 3645 3302 3699 per
3353 3623 3569 3681 occultas
3610 3610 3749 3701 fistulas

2273 3699 2429 3792 ειίιυέε
2454 3730 2666 3778 meatus
2690 3721 3010 3785 adduxerat,
3038 3699 3098 3775 ut
3121 3722 3276 3790 quasi
3318 3718 3450 3772 Deus
3476 3709 3660 3782 pluviam
3687 3699 3749 3753 de.

2272 3831 2440 3886 super
2461 3814 2739 3870 videretur
2764 3813 3070 3869 infundere.
3087 3812 3157 3867 Et
3179 3813 3305 3867 dum
3319 3810 3628 3863 subterraneo

2272 3879 2430 3975 equis
2454 3904 2511 3958 in
2537 3903 2767 3959 circuitu
2795 3902 3159 3967 trahentibus,
3187 3902 3504 3957 circumacta
3545 3886 3671 3944 turris

2271 3995 2478 4051 bricata
2508 3992 2713 4049 moveri
2734 3992 3037 4057 videbatur,
3061 3993 3218 4061 quasi
3246 3988 3469 4061 quodam
3494 3976 3624 4036 modo
3658 3982 3753 4071 ξιξει·

2276 4095 2389 4142 tum
2419 4084 2663 4148 tonitrui,
2685 4083 2840 4154 juxta
2862 4059 3281 4153 possibilitatem
3295 4075 3519 4136 artiﬁcis,
3541 4059 3752 4123 mentieln'

2276 4187 2382 4231 tur.
2414 4175 2474 4230 ιιι
2499 4176 2603 4229 lioc
2626 4175 2810 4244 itaque
2836 4173 2956 4228 loco
2981 4173 3167 4229 sedem
3197 4172 3302 4229 sibi
3345 4157 3751 4249 paraverat._

2267 4265 2423 4336 juxta
2450 4280 2594 4329 eam,
2617 4243 2775 4335 quasi
2800 4262 3007 4333 collega
3030 4260 3127 4318 Dei
3153 4261 3261 4317 sibi
3288 4268 3488 4315 crucem
3508 4243 3749 4336 Domini?“

583 4349 720 4408 lunt.
755 4326 909 4408 Unde
952 4351 1040 4407 ille
1089 4326 1386 4422 plurimum'
1420 4351 1594 4415 laztus,
1624 4326 1719 4405 eas
1764 4359 1872 4405 tam
1904 4351 1992 4406 diu
2027 4351 2169 4421 apud
2267 4326 2478 4429 posuit,
2526 4326 2742 4426 filioque
2771 4370 2870 4411 suo
2901 4326 3068 4426 regno
3097 4354 3316 4415 tradito,
3348 4349 3456 4417 ipse
3497 4334 3668 4429 in__fano

581 4443 839 4501 Arelaten
894 4444 1054 4515 digna
1086 4444 1432 4500 veneratione
1480 4443 1746 4497 reservari
1770 4440 1952 4510 jussit,
1999 4442 2171 4498 donec
2203 4517 2237 4522 _
2270 4414 2573 4522 juscetnodi
2600 4446 2887 4501 residebat.
2917 4443 3128 4498 Mortuo
3164 4455 3296 4498 vero
3340 4436 3526 4493 Pltoca,
3548 4414 3749 4522 Ηθιςξῴᾞ

582 4535 701 4606 ipse
722 4550 919 4606 magno
949 4534 1129 4605 aliquo
1148 4550 1310 4606 opere
1347 4534 1403 4589 in
1437 4549 1604 4605 regno
1629 4548 1726 4589 suo
1754 4533 2011 4604 templum
2037 4549 2173 4589 con-
2203 4517 2250 4576 D
2270 4515 2571 4608 imperator
2598 4536 2934 4601 creatur,.vir
2956 4543 3214 4591 strenuus
3233 4541 3288 4589 et
3310 4525 3468 4584 armis
3490 4515 3749 4608 exercitii“?

585 4594 760 4691 deret,
795 4594 886 4680 uvbi
922 4594 1356 4695 tam'pretiosum
1381 4594 1573 4696 pignus
1603 4623 1804 4695 ingenti
1830 4594 1975 4679 cultu
2002 4635 2056 4679 et
2081 4640 2172 4680 or-
2275 4594 2375 4696 Qui
2406 4629 2666 4684 adversus
2691 4594 2888 4683 Persas
2914 4625 3113 4680 bellum
3140 4631 3440 4697 aggressus,
3474 4606 3625 4697 occiso

585 4723 718 4770 natu
746 4686 1210 4786 reponereL-Sed,
1236 4686 1640 4785 emergentibus
1659 4686 1861 4777 causis,
1886 4714 2009 4767 dum
2035 4729 2171 4785 opus
2270 4686 2452 4782 sjlroe,
2475 4732 2636 4787 quem
2690 4716 2744 4771 in
2785 4723 2935 4770 turre
2975 4711 3091 4783 jam
3143 4686 3287 4768 dicta
3314 4706 3562 4764 sedentem
3581 4686 3746 4787 inteth

586 4782 1176 4862 tardius'construitur.
1230 4782 1576 4860 occasionem
1628 4811 1821 4858 nactus
1850 4782 2168 4871 Leidradus,
2274 4808 2468 4864 Persas
2492 4782 2562 4862 in
2594 4805 2925 4865 deditionem
2966 4782 3192 4874 recepit,
3222 4802 3514 4873 lignumque
3552 4782 3749 4856 gloriasttr

2275 4960 2526 5044 θεοιίοῖίιξν
2565 4959 2671 5044 hac
2709 4958 3053 5044 ςειπῑιοτείε-
3089 4923 3748 5044 ξιςβορ,ξι1³(ξί¹.ς.³ὶξ’⁸,εἴέιῖὶ⁸ξ

2278 5009 2526 5087 sui};
2559 5009 2768 5083 ξ’ἱιὶὃτιὲξ
2785 5009 2891 5082 Μ
2907 5009 3057 5083 ἜδΞῶ
3092 5009 3379 5083 uersam}.
3415 5017 3541 5071 viam
3571 5009 3747 5095 ψαιξηξ

2278 5102 2474 5121 ημμφ
2520 5099 2705 5121 l_:J-_:
2744 5116 2755 5121 -
2800 5117 2814 5121 _
2870 5097 3107 5121 0-4--“
3171 5094 3305 5121 -..ΑΛ
3335 5103 3423 5121 ..ηρ
3463 5074 3633 5121 funalia
3656 5066 3728 5121 diu

2272 5074 2761 5185 assensus":
2772 5074 3749 5185 .ι’ΪὲεὗῖςέῖρεῙῖἱίῖίὶίῧιξῆηἱτξιαέξῗιςωέξὲ

2276 5141 2721 5254 sericam,
3123 5141 3225 5254 se
3245 5141 3749 5254 ascani;

2446 5217 3280 5325 fu'neqfs—et—ftinalvianniinajiant.
3295 5217 3325 5284 Vi
3347 5217 3748 5325 Peglltfmgn':

2278 5290 2669 5399 ἱίῌίηζῖιῌεὶξ
2697 5290 3748 5399 ngroa's‘aigaagamagam

2277 5359 2474 5466 mea;
2487 5359 2673 5463 sua,
2687 5359 2875 5466 {ius
2904 5359 3748 5466 Baliarisa.9£93..:‘t.§f3"?$

2279 5425 2595 5507 i'nidantiuiii
2626 5425 2803 5547 videat
2830 5449 3154 5547 claritatem.
3187 5468 3205 5501 ι
3233 5425 3746 5547 Cypﬂagi

2279 5532 2325 5547 ,ιι
2360 5521 2530 5547 ..η-ηε...
2574 5529 2621 5547 ,ιι
2656 5535 2746 5547 ιυυι
2775 5519 2852 5547 ..Λῖ
2897 5535 2955 5547 ...ς
2987 5535 3048 5547 nn
3069 5527 3275 5547 ιΛ-ιιιι-ιη
3305 5528 3333 5547 II
3447 5544 3452 5547 .
3503 5537 3515 5547 .

3578 5550 3746 5612 utarei.

657 4965 687 4996 ι
724 4952 857 5008 Cum
900 4954 1062 5009 cereis
1109 4965 1156 5009 et
1191 4955 1504 5009 scolacibus.
1561 4954 1687 5009 Haec
1731 4955 1943 5010 sincera
1984 4954 2165 5019 lectio,

587 5034 752 5096 atque
773 5025 847 5096 ita
875 5026 1224 5081 vetustissimi
1252 5025 1374 5083 libri
1402 5042 1530 5080 mss.
1559 5027 1627 5081 de
1650 5025 1767 5080 Vita
1795 5025 1853 5080 S.
1887 5023 2164 5096 Cypriani.

588 5094 761 5166 Vulgo
786 5094 1047 5150 hactenus
1068 5097 1122 5150 in
1149 5098 1400 5152 omnibus
1424 5097 1576 5151 libris
1596 5097 1875 5166 impressis
1900 5094 2000 5150 fuit
2020 5097 2170 5150 adeo.

596 5110 761 5219 vulgo
787 5110 1047 5150 nactenus
1068 5113 1122 5150 m
1149 5110 1400 5152 omnibus
1424 5110 1576 5151 nurus
1597 5112 1875 5166 impressis
1900 5110 2000 5150 lutl
2020 5110 2169 5150 scho-

590 5166 692 5235 lari
731 5182 812 5230 us,
839 5167 982 5235 quod
1010 5167 1244 5222 Baronio
1276 5169 1328 5222 in
1371 5166 1645 5222 Notation.
1695 5166 1925 5221 Romam.
1966 5183 2021 5220 vi
2062 5166 2169 5221 Fe-

585 5234 793 5291 bruarii
816 5234 1157 5292 occasionem
1183 5238 1332 5293 dedit
1361 5246 1419 5290 ut
1436 5237 1699 5291 scholares
1725 5237 2170 5293 interpretaretur

589 5306 915 5360 diversarum
957 5306 1206 5362 classium
1251 5306 1486 5361 clericos.
1535 5308 1640 5363 Sed
1688 5323 1814 5363 vera
1860 5306 2022 5363 lectio
2059 5315 2165 5370 est,

588 5391 752 5446 quam
774 5376 885 5431 dixi
914 5393 927 5430 :
960 5392 1081 5447 qua:
1107 5393 1249 5432 nunc
1274 5377 1610 5446 explicanda.
1642 5379 1768 5448 quia
1798 5379 1938 5447 apud
1970 5392 2171 5448 paucos

592 5456 845 5517 auctores
893 5446 1026 5503 mihi
1080 5449 1341 5504 hactenus
1383 5446 1929 5504 occurrit.’lsidorus
1955 5446 1983 5513 ,ί
2020 5446 2171 5517 Orig.

591 5514 687 5572 lib.
731 5532 824 5582 xx,
878 5532 930 5573 c.
978 5518 1082 5574 10:
1119 5538 1137 5570 ι
1170 5517 1397 5573 Funalia
1439 5528 1604 5584 sunt,
1635 5535 1754 5587 quae
1802 5519 1943 5572 intra
1990 5514 2173 5572 ceram

592 5595 741 5658 sunt,
777 5587 920 5642 dicta
955 5603 985 5642 a
1018 5589 1234 5647 funibus
1255 5630 1271 5653 ,
1300 5604 1438 5658 quos
1468 5599 1594 5643 ante
1624 5604 1779 5642 usum
1800 5588 2005 5658 papyri
2046 5601 2173 5640 cera

591 5656 959 5729 circumdatos
979 5659 1217 5717 habuere
1241 5656 1503 5729 majores;
1532 5660 1675 5713 unde
1702 5666 1759 5712 et
1782 5656 1970 5712 funera
1992 5658 2174 5729 dicun-

594 5742 682 5782 ur.
715 5724 942 5784 Fuualia
972 5740 1155 5789 autem
1188 5724 1364 5787 Gméi
1395 5730 1624 5786 scoluces
1657 5729 1863 5796 dicunt,
1895 5727 2037 5799 quod
2066 5727 2172 5781 sint

2276 5532 2331 5576 et
2357 5521 2534 5577 cereis
2571 5529 2627 5576 et
2656 5519 2958 5575 scolacibus
2985 5508 3389 5574 cohonesta'tum
3425 5508 3515 5558 εει·
3543 5508 3564 5574 -‘;

2278 5591 2503 5647 neribus
2522 5591 2867 5661 antiquorum
2890 5589 3188 5659 sepissime
3199 5589 3430 5661 junctum
3444 5578 3567 5627 ceret

2278 5664 2357 5719 uti
2386 5663 2476 5718 hic
2502 5662 2649 5718 cerei
2671 5671 2728 5717 et
2753 5659 3013 5717 scolaees.
