3962 6366
117 365 238 423 557

778 344 1382 409 MARTYROLOGIUM
1420 342 1564 399 CUM
1604 334 2135 396 ADDITAMENTIS.
2179 362 2246 373 —-
2285 328 2486 385 MENS.
2532 326 2721 381 SEPT.

3284 320 3397 377 358

120 477 287 531 simae
334 470 516 529 crucis
538 467 733 523 exinde
763 464 1028 535 repedans
1053 475 1235 516 secum
1265 456 1404 519 tulit,
1435 465 1492 510 et
1517 454 1704 508 Hiero—
1733 458 1781 514 Α
1808 448 1925 503 sius
1993 460 2190 513 corpus
2251 442 2431 497 debita
2486 436 2833 493 veneratione
2884 432 3170 498 excolitur,
3213 431 3395 498 gladio

121 566 420 638 solymam,
455 561 597 615 unde
654 556 926 613 sublatum
958 553 1153 615 fuerat,
1180 565 1302 605 cum
1330 561 1522 618 magna
1549 558 1711 597 vene-

121 631 347 715 ratione
373 650 625 707 restituit.
650 647 717 701 Et
740 651 1032 701 renovante
1055 642 1164 696 Deo
1187 638 1406 708 antiqua
1432 631 1712 695 miracula,

126 746 282 801 inter
309 742 413 797 alia
443 740 581 795 mira
627 751 747 806 qua:
779 747 907 790 tunc
952 730 1169 786 caelitus
1204 736 1420 784 ostensa
1477 723 1713 783 fuerunt,

126 818 436 892 dieeodem
487 838 733 885 mortuus
761 840 902 880 unus
947 821 1153 895 recepit
1196 819 1383 881 vitam,
1430 809 1715 891 paralytici

129 933 374 995 quatuor
423 920 598 976 sanati
652 924 796 979 sunt,
825 912 1025 984 leprosi
1060 912 1244 965 decem
1298 905 1563 968 mundati,
1589 902 1717 958 eieci

130 994 451 1089 quindecim
503 1008 810 1073 illuminati,
863 1003 1083 1076 plurimi
1137 1014 1354 1072 quoque
1392 1014 1422 1053 a
1454 994 1720 1051 dmmonio

131 1084 337 1177 erepti.
362 1102 663 1172 multiquea
689 1098 854 1153 variis
881 1092 1284 1150 infirmitatibus
1311 1087 1546 1143 liberati.
1579 1084 1720 1140 Oll'e-

134 1176 271 1254 rens
295 1196 456 1268 igitur
479 1194 772 1263 imperator
794 1186 1041 1243 ecclesiis
1070 1184 1165 1239 Dei
1192 1181 1360 1237 multa
1386 1176 1629 1245 donaria,
1654 1189 1723 1229 ex

137 1288 312 1361 regiis
330 1267 642 1354 rsumptibus
663 1297 758 1336 eas
787 1276 1029 1347 reparari
1055 1275 1200 1329 fecit.
1235 1269 1407 1326 Simul
1435 1267 1723 1323 etdecreto

137 1354 336 1435 statuit
361 1376 610 1432 omnibus
638 1369 905 1443 episcopis
958 1366 1010 1421 id
1036 1361 1482 1422 assentientibus,
1523 1367 1582 1411 ut
1609 1354 1727 1410 dies

140 1464 430 1525 relationis
450 1472 505 1519 et
532 1459 877 1519 exaltationis
904 1461 1180 1511 sanctzeae
1198 1448 1523 1505 venerabilis
1550 1444 1730 1501 Domi-

141 1562 286 1616 nica:
311 1557 511 1620 crucis,
539 1555 592 1609 in
620 1550 767 1607 omni
791 1547 1018 1617 imperio
1044 1559 1142 1598 suo
1168 1544 1235 1597 ab
1274 1540 1526 1595 omnibus
1554 1535 1728 1591 ﬁdeli—

140 1657 251 1710 bus
281 1649 489 1723 populis
518 1660 615 1718 per
636 1641 875 1715 singulos
902 1653 1072 1693 annos
1098 1634 1411 1691 solemniter
1444 1637 1719 1700 ageretur.

146 1746 263 1802 Sed
282 1721 810 1813 etproeurrentibus
836 1732 1013 1797 annis,
1040 1727 1220 1783 Leone
1262 1723 1521 1779 Romanis
1564 1721 1733 1789 impe-

1812 535 2168 591 animadverti
2195 533 2346 588 fecit.

1882 628 2082 681 Eodem
2129 625 2235 689 die,
2288 621 2551 693 depositio
2593 617 2893 675 beatissimi
2940 614 3071 686 Apri
3128 614 3399 670 Tulleusis

1814 720 2049 792 episcopi
2082 727 2137 779 et
2165 715 2515 772 confessoris.

2186 827 2252 882 G.
2302 825 2419 881 XVI
2462 824 2620 879 KAL.
2665 820 3026 879 OCTOBlllS.

2444 915 2535 985 (16
2587 913 2758 984 Sept.)

1891 1024 2081 1079 Natale
2105 1031 2306 1076 sancta
2350 1020 2665 1091 Euphemia:
2690 1018 2916 1089 virginis
2951 1031 3112 1086 :qute
3143 1015 3403 1087 martyri-

1821 1127 1941 1201 zata
1966 1126 2051 1172 est
2078 1118 2180 1171 sub
2206 1114 2543 1170 Diocletiano
2580 1114 2925 1181 imperatore,
2970 1107 3291 1178 proconsule
3308 1122 3405 1162 au-

1824 1196 1931 1264 tem
1961 1206 2149 1261 Prisco
2188 1206 2241 1259 in
2290 1204 2512 1260 civitate
2542 1201 2899 1258 Chalcedona.
2931 1198 3078 1266 Quae,
3130 1196 3406 1255 deferente

1824 1299 2166 1370 iniquissimo
2177 1296 2483 1369 Apelliano,
2505 1311 2628 1350 cum
2650 1294 2771 1349 aliis
2804 1292 3163 1363 quadraginta
3186 1304 3404 1355 novem,

1827 1390 2027 1445 tradita
2052 1397 2136 1445 est
2164 1388 2470 1460 proconsuli
2493 1387 2698 1443 Prisco.
2731 1384 2828 1440 Cui
2853 1383 3073 1441 Priscus
3098 1382 3231 1439 dixit
3260 1395 3276 1435 :
3302 1380 3411 1436 Ho-

1827 1497 1963 1536 nora
1993 1482 2217 1551 teipsam
2247 1487 2304 1534 et
2322 1478 2537 1548 generis
2562 1477 2636 1531 tui
2663 1476 2974 1547 dignitatem
3000 1489 3068 1531 ne
3093 1472 3332 1534 amittas,
3355 1477 3414 1525 et

1830 1570 2046 1626 imntola
2073 1570 2175 1625 deo
2191 1568 2369 1623 Marti.
2386 1567 2549 1623 Beata
2574 1563 2869 1635 Euphemia
2884 1561 3000 1633 ejus
3023 1561 3263 1629 iniquam
3285 1574 3414 1615 sua—

1830 1662 2037 1718 sionem
2068 1670 2434 1722 contemnens,
2467 1666 2655 1727 pectus
2695 1669 2853 1711 suum
2902 1649 3181 1722 signaculo
3228 1649 3410 1707 crucis

1834 1751 2104 1815 muniens,
2130 1748 2498 1820 imperterrita
2527 1746 2697 1803 stetit.
2723 1744 2940 1799 Priscus
2971 1743 3161 1807 iratus,
3198 1750 3258 1796 ut
3283 1755 3405 1795 eam

150 1848 328 1902 rante,
360 1833 498 1907 apud
543 1833 732 1888 urbem
784 1828 1008 1883 Romam
1068 1822 1289 1893 Sergius
1313 1820 1365 1875 in
1395 1816 1635 1912 sacrario
1662 1814 1723 1868 B.
1760 1800 1803 1859 Β
2508 1800 2777 1893 ιδιζωεηω
2824 1842 2880 1889 ει
2915 1800 3187 1897 carcere;
3237 1831 3410 1889 etiam

147 1931 300 1988 Petri
341 1926 569 2000 apostoli
602 1937 820 1993 capsam
846 1925 1159 1989 argenteam
1201 1915 1256 1970 in
1301 1911 1496 1983 angulo
1537 1910 1733 1964 obscu-

152 2024 373 2079 rissimo
402 2017 703 2075 diutissime
720 2013 987 2083 jacuerat,
1013 2017 1067 2063 et
1098 2008 1149 2061 in
1193 2022 1256 2061 ea
1302 2018 1519 2060 crucem
1556 2001 1735 2057 diver-

153 2115 231 2169 sis
259 2129 323 2167 ac
348 2108 597 2180 pretiosis
625 2103 893 2174 lapidibus
935 2100 1276 2158 adornatam,
1308 2093 1537 2149 Domino
1578 2104 1733 2145 reve-

152 2202 318 2261 lante.
349 2178 579 2269 reperit.
607 2194 684 2249 De
714 2207 819 2263 qua
855 2188 1044 2243 tractis
1067 2196 1299 2256 quatuor
1329 2181 1520 2252 petalis
1542 2178 1737 2249 quibus

152 2289 624 2366 gemmaainclusae
658 2292 836 2347 erant,
883 2281 1033 2335 mirae
1085 2274 1472 2347 magnitudinis
1530 2272 1738 2343 portio-

156 2364 282 2439 nem
314 2380 440 2452 ligni
468 2373 732 2434 salutiferi
765 2370 1061 2425 Dominicze‘
1107 2366 1284 2421 crucis
1327 2364 1557 2418 interius
1584 2375 1739 2430 repo-

159 2475 323 2531 sitam
347 2468 601 2541 inspexit.
633 2464 765 2533 Quae
811 2477 878 2515 ex
919 2469 1159 2531 tempore
1189 2456 1278 2511 illo
1303 2455 1555 2509 omnibus
1582 2453 1740 2506 annis

164 2565 220 2631 in
243 2560 468 2617 basilica
489 2554 803 2619 Salvatoris,
820 2567 938 2622 qua:
951 2547 1250 2620 appellatur
1268 2544 1737 2608 Constantiniana,

170 2654 259 2709 die
288 2647 629 2706 exaltationis
658 2646 795 2714 ejus,
829 2640 898 2698 ab
932 2640 1080 2697 omni
1104 2636 1383 2694 osculatur
1402 2644 1458 2692 et
1479 2634 1742 2690 adoratur

166 2743 389 2821 pepulo.

172 2818 179 2829 ’
536 2828 597 2886 r.
640 2826 779 2884 xvn
822 2824 981 2881 KAL.
1030 2818 1391 2879 OCTOBRIS.

800 2915 894 2987 (l5
937 2912 1111 2984 Sept.)

230 3029 260 3058 ι
294 3013 487 3069 Natale
514 3010 687 3068 sancti
734 3005 1043 3063 Nicomedis
1086 2999 1363 3073 martyris.
1395 2997 1566 3066 Quem
1594 2995 1749 3050 Flac-

164 3122 262 3162 cus
289 3120 495 3168 comes,
518 3118 640 3158 cum
679 3100 746 3154 ad
770 3112 893 3153 eum
915 3093 1184 3165 perlatum
1218 3090 1431 3154 fuisset,
1455 3088 1600 3159 quod
1624 3101 1748 3141 cor-

162 3214 268 3270 pus
296 3205 499 3256 saneta:
519 3193 744 3264 virginis
768 3188 1041 3251 Feliculte,
1071 3200 1236 3255 quam
1264 3185 1378 3253 ipse
1411 3197 1511 3252 pro
1531 3179 1750 3236 Christo

165 3293 442 3365 punierat,
468 3289 773 3360 sepelisset,
802 3284 934 3340 fecit
968 3280 1167 3344 teneri,
1195 3286 1253 3333 et
1273 3275 1396 3343 duci
1434 3273 1502 3329 ad
1545 3269 1754 3327 sacrill‘

173 3360 427 3440 randum.
452 3382 702 3450 Quicum
754 3378 996 3433 diceret:
1029 3373 1143 3443 Ego
1192 3386 1299 3425 non
1350 3366 1617 3450 sacrifico,
1647 3360 1751 3417 nisi

169 3474 287 3529 Deo
306 3448 684 3542 omnipotenti,
712 3468 802 3539 qui
834 3474 1023 3537 regnat
1045 3464 1099 3517 in
1128 3460 1284 3517 caelis
1314 3476 1329 3512 :
1353 3473 1461 3513 non
1493 3448 1578 3511 his
1600 3452 1751 3508 exei-

170 3564 253 3620 sis
299 3563 587 3635 lapidibus,
638 3561 729 3630 qui
776 3559 831 3613 in
881 3554 1096 3625 templis
1139 3550 1291 3622 quasi
1344 3550 1397 3604 in
1443 3544 1757 3607 carceribus

173 3656 347 3714 clausi
395 3653 794 3715 custodiuntur,
851 3645 1141 3719 plumbatis
1196 3640 1502 3698 diutissime
1562 3650 1754 3699 assus,

176 3747 431 3818 migravit
450 3747 518 3805 ad
548 3744 852 3799 Dominum.
881 3738 1089 3808 Corpus
1115 3733 1233 3805 ejus
1272 3733 1329 3795 in
1363 3729 1598 3789 Tiberim
1626 3742 1761 3798 prm-

178 3841 462 3912 cipitatum
486 3846 589 3894 est.
619 3836 773 3903 Quod
795 3849 825 3888 a
854 3831 1055 3887 clerico
1093 3826 1264 3898 ipsius
1284 3822 1504 3879 nomine
1526 3828 1582 3875 et
1595 3831 1761 3889 opere

174 3933 334 3990 Justo
360 3930 665 3993 mlleetum,
686 3926 1111 3997 perductumque
1135 3919 1203 3973 ad
1220 3913 1562 3975 horticellum
1580 3924 1759 3976 suum,

176 4022 450 4094 sepultum
477 4028 560 4077 est
574 4019 725 4088 juxta
753 4030 939 4072 muros
968 4015 1054 4068 via
1078 4010 1441 4066 Nomentana.

253 4117 286 4158 ι
317 4115 520 4171 Eodem
543 4113 649 4177 die,
679 4111 733 4166 in
763 4106 1039 4165 territorio
1089 4098 1549 4160 Cabilonensium,
1580 4102 1764 4151 castro

177 4207 492 4272 Trenortio,
517 4206 695 4261 natale
716 4202 891 4259 sancti
906 4198 1176 4256 Valeriani
1205 4195 1483 4264 martyris,
1509 4189 1601 4260 qui
1628 4202 1766 4243 unus

178 4299 291 4355 fuit
317 4314 391 4355 ex
415 4311 643 4354 numero
664 4306 981 4352 sancton
1009 4287 1403 4360 quinquaginta
1431 4285 1522 4354 qui
1564 4292 1767 4352 tempo-

177 4392 341 4447 ribus
366 4388 623 4443 Antonini
650 4384 779 4440 \’eri
811 4381 1059 4453 Lugduni
1087 4380 1140 4434 in
1164 4392 1449 4433 carcerem
1484 4375 1622 4429 trusi
1653 4371 1768 4428 fue-

1831 1933 2057 1987 verbera
2081 1940 2137 1986 et
2165 1937 2487 2001 argumenta
2509 1936 2775 1991 rotarum,
2810 1925 2962 1995 ignes
2987 1933 3044 1980 et
3069 1922 3310 1993 pondera
3338 1921 3418 1976 la-

1832 2023 2015 2093 pidum
2069 2020 2431 2091 angularium,
2462 2019 2666 2075 bestias
2691 2026 2746 2073 et
2772 2016 2957 2087 plagas
3005 2015 3301 2086 virgarum,
3333 2028 3422 2069 se-

1834 2130 1996 2171 cures
2019 2124 2073 2170 et
2098 2114 2400 2184 sartagines
2425 2112 2613 2182 igneas
2635 2110 2684 2165 ci
2710 2108 2956 2164 adhibuit
2985 2123 3002 2174 ;
3055 2107 3124 2160 ad
3167 2105 3421 2163 ultimum

1836 2203 1891 2260 in
1917 2203 2190 2259 theatrum
2216 2200 2343 2256 duci
2372 2207 2427 2254 et
2448 2199 2632 2256 leones
2654 2212 2717 2252 ac
2748 2196 2949 2252 bestias
2973 2195 3023 2250 ei
3049 2193 3217 2249 laxari
3234 2191 3421 2261 jussit.

1838 2294 1990 2351 Tunc
2015 2295 2174 2350 beata
2203 2293 2355 2363 virgo
2385 2290 2617 2346 fundens
2644 2289 2943 2345 orationem
2993 2274 3061 2340 ad
3108 2284 3421 2348 Dominum,

1839 2385 1973 2441 dixit
2003 2401 2017 2438 :
2044 2383 2149 2448 Tu,
2186 2382 2431 2447 Domine,
2461 2389 2621 2436 notus
2658 2379 2929 2445 omnibus,
2954 2377 3048 2448 qui
3088 2386 3143 2433 te
3170 2376 3424 2431 invocant

1841 2469 1946 2524 fide
1972 2484 2107 2541 pura
2136 2477 2191 2524 et
2216 2468 2447 2539 integra,
2477 2466 2690 2536 suscipe
2741 2467 2977 2519 animam
3030 2461 3239 2517 ancillae
3289 2469 3417 2517 tum.

1841 2562 1909 2619 Et
1932 2562 2072 2617 sicut
2097 2559 2381 2630 suscepisti
2401 2556 2731 2614 sacrificium
2760 2555 2933 2627 patris
2967 2552 3138 2608 nostri
3165 2551 3419 2615 Abrahae,

1843 2654 1918 2719 ita
1947 2652 2222 2722 suscipere
2268 2649 2505 2722 digneris
2553 2647 2880 2704 sacrificium
2910 2643 3230 2701 humilitatis
3271 2656 3426 2713 meae,

1845 2744 1987 2815 quod
2038 2742 2135 2798 tibi
2182 2742 2251 2797 ob
2297 2739 2693 2798 confessionem
2739 2734 2914 2791 laudis
2958 2743 3064 2789 tua:
3098 2731 3428 2789 immolatur.

1845 2834 1997 2890 Tunc
2032 2848 2139 2888 una
2168 2831 2504 2889 solummodo
2530 2831 2596 2884 de
2627 2828 2814 2884 bestiis
2843 2840 3155 2890 accurrens,
3189 2835 3429 2879 morsum

1846 2932 2035 2980 sancto
2072 2922 2285 2992 corpori
2331 2921 2447 2992 ejus
2476 2919 2672 2985 inﬁxit,
2729 2926 2786 2973 et
2817 2914 3223 2972 immaculatum
3265 2910 3431 2982 spiri-

1849 3025 1963 3071 tum
2004 3014 2155 3087 virgo
2186 3012 2415 3067 Domino
2473 3009 2727 3065 reddidit.
2762 3006 2999 3062 Veniens
3036 3013 3215 3058 autem
3257 3010 3433 3056 mater

1850 3108 1968 3180 ejus
1989 3108 2297 3171 Theodora,
2329 3113 2385 3160 et
2411 3101 2806 3170 Philosophron
2842 3107 2998 3168 pater
3024 3097 3163 3167 ejus,
3188 3099 3433 3149 curatum

1853 3215 2049 3271 corpus
2073 3198 2239 3269 ipsius
2287 3194 2636 3265 sepelierunt,
2669 3191 2820 3262 quasi
2849 3188 2998 3244 mille
3026 3201 3219 3257 passus
3246 3199 3277 3237 a
3302 3182 3438 3237 civi-

1856 3299 1968 3347 tate
2018 3287 2381 3345 Chalcedona.
2419 3283 2755 3357 Completum
2786 3290 2870 3337 est
2892 3289 3078 3334 autem
3112 3273 3435 3348 martyrium

1854 3381 1993 3452 ejus,
2020 3380 2230 3435 decimo
2266 3384 2422 3431 sexto
2446 3374 2534 3430 die
2561 3372 2764 3430 mensis
2790 3367 3152 3440 Septembris.

1927 3472 2127 3526 Eodem
2156 3469 2263 3532 die,
2312 3466 2520 3530 Romae,
2568 3462 2765 3521 natalis
2795 3470 3107 3517 sanctorum
3161 3455 3338 3511 Luciae
3382 3463 3439 3511 et

1856 3561 2183 3625 Geminiani,
2217 3561 2544 3630 imperatore
2571 3554 2924 3618 Diocletiano,
2973 3549 3247 3621 judicibus
3290 3547 3438 3616 Apo-

1858 3654 2025 3711 frasio
2075 3660 2130 3707 et
2179 3648 2433 3720 Megasio.
2479 3645 2750 3699 Manserat
2778 3648 2956 3695 autem
2988 3639 3143 3695 beata
3192 3635 3357 3691 Lucia
3386 3633 3440 3691 in

1856 3745 2120 3802 viduitate
2142 3756 2311 3796 annos
2337 3738 2557 3810 triginta
2586 3751 2702 3792 sex.
2735 3732 2923 3795 Totius
2965 3736 3145 3784 autem
3181 3727 3302 3780 vitae
3325 3724 3443 3794 ejus

1862 3837 2086 3893 fuerunt
2126 3832 2255 3887 anni
2307 3827 2646 3902 septuaginta
2672 3825 2930 3894 quinque.
2956 3820 3086 3888 Quae
3135 3825 3384 3872 accusata
3415 3831 3448 3869 a

1864 3927 1975 3983 ﬁlio
2004 3941 2102 3982 suo
2125 3923 2415 3994 Euprepio,
2444 3920 2586 3990 quod
2616 3917 2922 3973 Christiana
2951 3908 3296 3982 esset,jussit
3323 3923 3444 3964 eam

1863 4015 2235 4071 Diocletianus
2260 4012 2554 4084 imperator
2591 4007 2693 4064 sibi
2721 4005 2934 4067 adduci,
2967 4011 3023 4059 et
3052 4002 3187 4056 dixit
3214 4001 3263 4054 ei
3297 4018 3310 4053 :
3339 3997 3450 4052 Au-

1865 4108 1954 4164 dio
1987 4106 2114 4176 quia
2142 4118 2292 4159 reum
2331 4102 2482 4157 illum
2506 4099 2826 4156 crucifixum
2856 4093 3157 4158 confiteris,
3205 4099 3262 4145 et
3312 4088 3446 4145 deos

1865 4204 2085 4251 nostros
2104 4192 2339 4249 derides.
2366 4189 2519 4246 Nunc
2543 4203 2673 4260 ergo
2701 4187 2745 4241 si
2796 4193 2986 4256 parata
3014 4198 3074 4237 es
3108 4182 3310 4243 vivere,
3358 4193 3454 4250 pa«

1868 4287 1974 4342 rati
2015 4293 2140 4341 sunt
2168 4284 2242 4339 dii
2292 4281 2709 4351 omnipotentes,
2736 4286 2797 4330 ut
2821 4275 2902 4330 eis
2944 4272 3142 4329 offeras
3178 4271 3358 4337 thura,
3388 4279 3452 4325 ut

1868 4380 2077 4451 possint
2109 4377 2205 4433 tibi
2235 4389 2355 4430 esse
2375 4371 2619 4443 propitii,
2648 4378 2703 4424 et
2729 4369 2899 4421 vivas.
2927 4364 3128 4420 Sancta
3153 4361 3321 4417 Lucia
3365 4376 3454 4416 re-

181 4491 336 4547 rant,
383 4480 580 4549 quique
606 4492 730 4533 cum
756 4476 819 4530 Β.
850 4471 1124 4565 Marcello,
1166 4466 1458 4539 patefactis
1485 4463 1767 4527 custodite,
1796 4505 1848 4565 ι)
1874 4468 2094 4541 spondit
2123 4483 2136 4520 :
2170 4465 2281 4521 Nec
2303 4463 2404 4519 sibi
2436 4470 2563 4517 sunt
2588 4457 2829 4530 propitii,
2852 4471 2953 4511 nec
2978 4453 3274 4510 cultoribus
3299 4453 3410 4506 suis
3438 4468 3454 4517 ;

1247 4561 1257 4565 -
1426 4559 1447 4565 κ
1518 4557 1529 4565 .
1612 4554 1646 4565 η
2588 4550 2629 4565 η
3046 4540 3454 4565 ,ημρι-,ὠη

179 4590 297 4647 qua
331 4570 692 4633 detinebatur,
720 4568 986 4623 divinitus
1038 4561 1310 4624 claustris,
1348 4557 1576 4626 aufugit.
1607 4554 1769 4610 Cum-

178 4643 298 4735 que
351 4662 421 4717 ad
469 4657 750 4731 praefatum
795 4664 1036 4712 castrum
1079 4650 1436 4723 pervenisset,
1461 4656 1518 4702 et
1557 4643 1772 4701 Domini

168 4732 319 4812 λίθω
347 4751 551 4809 Christi
589 4762 784 4805 nomen
811 4746 1136 4818 praedicans,
1169 4739 1433 4812 plurimos
1458 4736 1578 4805 ipso
1608 4732 1776 4803 inspi-

182 4857 374 4912 rante,
401 4846 468 4901 ad
495 4843 612 4914 ejus
633 4843 791 4898 fidem
829 4838 1204 4897 convertisset,
1232 4830 1524 4890 revertenti
1542 4828 1615 4884 ab
1641 4827 1776 4883 urbe

185 4937 653 5000 Cabilonensium,
686 4934 775 4989 ubi
800 4932 1022 4986 Priscus
1050 4927 1112 4981 Β.
1155 4923 1463 4979 Marcellum
1486 4928 1776 4990 martyrem

184 5033 488 5086 necaverat
515 5039 613 5095 pro
642 5021 847 5079 Christi
874 5019 1114 5083 nomine,
1154 5013 1377 5073 Praasidi
1404 5010 1588 5065 Prisco
1633 5006 1779 5061 dela—

190 5130 288 5174 tus
314 5125 419 5173 est.
451 5116 622 5184 Quem
652 5113 740 5168 ille
769 5111 883 5166 suis
909 5107 1114 5163 faciens
1134 5101 1520 5172 conspectibus
1546 5110 1782 5169 praasen—

191 5210 331 5275 tari,
359 5209 596 5279 primum
644 5203 806 5260 minis
831 5210 885 5256 et
912 5197 1211 5259 terroribus
1261 5192 1511 5265 frangere
1557 5195 1785 5245 conatus

190 5310 287 5356 est
315 5315 333 5366 ;
361 5276 559 5355 deinde
588 5306 928 5364 suspensum,
954 5298 1009 5349 et
1037 5284 1187 5358 gravi
1226 5281 1563 5353 ungularum
1585 5276 1785 5333 lacera-

195 5393 354 5447 tione
372 5389 696 5451 cruciatum,
724 5399 846 5441 cum
879 5382 932 5436 in
962 5377 1165 5435 Christi
1212 5371 1553 5431 confessione
1577 5366 1786 5423 videret

195 5480 561 5545 immobilem,
595 5493 661 5531 ac
686 5476 812 5531 licio
836 5473 1016 5528 animo
1044 5471 1096 5526 in
1133 5467 1251 5537 ejus
1275 5464 1521 5519 laudibus
1572 5473 1785 5532 perma-

200 5582 451 5638 nentem,
491 5570 737 5642 protinus
764 5567 817 5621 in
849 5564 1093 5627 eorloeo,
1125 5561 1213 5615 ubi
1247 5572 1391 5612 nunc
1439 5568 1657 5610 sacrum
1705 5552 1786 5622 ip-

204 5686 427 5811 Μὲὲἰρε
457 5688 561 5743 hoc
610 5687 661 5742 in
693 5684 813 5740 Vita
844 5682 1167 5738 Sanctorum
1198 5676 1354 5732 Nerei
1390 5684 1445 5731 et
1492 5672 1690 5735 AeliiL,
1720 5670 1788 5725 η

1874 4540 1998 4615 nam
2021 4558 2153 4613 mihi
2182 4552 2560 4627 propitiabitur
2588 4548 2847 4604 Dominus
2868 4559 3022 4600 meus
3038 4540 3459 4599 JesusChristns

1877 4665 1975 4720 pro
2000 4646 2153 4716 cujus
2175 4660 2359 4701 amore
2386 4651 2577 4713 parata
2609 4653 2729 4697 sum
2754 4640 2955 4708 ignem,
2980 4632 3217 4696 vincula,
3242 4641 3298 4687 et
3320 4646 3460 4700 quas

1878 4737 2113 4794 volueris
2136 4747 2328 4805 pinnas
2364 4728 2608 4789 sull‘erre.
2637 4726 2877 4782 Audiens
2923 4721 3291 4779 Diocletianus
3333 4734 3464 4773 eon-

1881 4827 2135 4883 stantiam
2162 4823 2287 4878 fidei
2334 4820 2475 4892 ejus,
2498 4816 2663 4887 jussit
2694 4830 2815 4871 eam
2868 4812 3007 4868 trahi
3046 4810 3113 4866 ad
3157 4822 3460 4868 carcerem,

1885 4917 1977 4974 ubi
2004 4913 2427 4972 consolationem
2475 4907 2711 4962 divinam
2741 4901 3059 4976 promeruit.
3082 4899 3323 4955 Reducta
3369 4910 3464 4950 au-

1882 5019 1992 5065 tem
2024 5008 2216 5061 iterum
2244 5013 2370 5058 ante
2400 4997 2794 5072 Diocletianum,
2836 4992 3113 5048 sedentem
3143 5004 3240 5060 pro
3290 4986 3461 5041 tribu-

1883 5099 2014 5164 nali,
2043 5105 2266 5153 extensa
2292 5102 2375 5147 est
2420 5090 2651 5160 gloriosa
2682 5085 2908 5151 femina,
2936 5091 2990 5139 et
3015 5081 3247 5137 fustibus
3272 5075 3465 5155 diutis-

1883 5193 2020 5249 sime
2048 5187 2350 5245 verberata.
2399 5182 2468 5238 Et
2512 5196 2640 5237 ecce
2690 5183 3034 5233 terraamotus
3075 5171 3255 5229 subito
3290 5168 3466 5222 factus

1883 5290 1989 5347 est,
2025 5290 2079 5336 et
2105 5275 2357 5347 templum
2385 5271 2534 5329 Jovis
2562 5271 2638 5324 ita
2662 5269 2967 5330 subrutum,
2991 5272 3052 5318 ut
3080 5274 3180 5314 nec
3206 5256 3343 5327 lapis
3368 5270 3462 5309 su-

1889 5389 1985 5444 per
2013 5369 2247 5441 lapidem
2274 5364 2486 5422 aedificii
2518 5359 2857 5419 remanserit.
2888 5352 3251 5411 Diocletianus
3280 5356 3462 5402 autem

1890 5437 2302 5518 ollam-aeream
2356 5454 2546 5512 adduci
2574 5452 2719 5518 fecit,
2762 5461 2989 5518 eamque
3012 5444 3131 5517 pice
3170 5448 3226 5495 et
3248 5437 3468 5510 plumbo

1887 5554 2052 5628 jussit
2072 5550 2308 5623 impleri,
2339 5557 2394 5604 et
2422 5547 2485 5602 in
2499 5544 2726 5600 circuitu
2754 5540 2894 5610 ligna
2930 5532 3230 5607 aggregari,
3267 5539 3323 5586 et
3345 5542 3465 5584 suc-

1968 5668 1996 5706 ιι
2036 5664 2114 5719 De
2138 5679 2205 5720 eo
2227 5662 2281 5718 in
2307 5660 2431 5716 Vita
2460 5657 2518 5715 S.
2549 5652 2785 5713 Marcelli
2813 5650 2847 5705 4
2875 5650 3021 5720 Sept.
