3962 6366
578 328 683 383 339

1576 337 1633 391 S.
1675 338 1932 395 ADONIS
1970 339 2400 431 ARCIilEPiSC.
2439 300 2848 405 VlENNENSlS

3747 362 3834 417 sua

563 445 743 512 ceudi,
771 453 1120 514 sanctamque
1145 444 1364 501 Lucium
1393 447 1530 503 infra
1567 451 1728 505 ollam
1745 453 1985 525 demergi
2016 472 2029 508 :
2056 457 2145 510 ubi
2179 464 2225 521 Α
2253 468 2309 514 et
2338 462 2470 516 dixit
2519 480 2530 515 :
2562 463 2785 535 Comple
2820 474 3002 521 votum
3052 481 3251 533 meum,
3298 478 3358 524 ut
3392 470 3649 528 laventur
3690 480 3832 543 pedes

564 547 754 594 sancta
776 537 872 594 Dci
903 537 1164 608 psallens,
1196 538 1378 593 triduo
1412 541 1567 595 vixit.
1599 541 1819 621 Mittens
1858 559 1990 599 vero
2034 545 2161 600 Dio-

563 629 852 696 cletianus,
909 630 999 699 qui
1050 632 1388 686 renuntiaret
1408 632 1457 686 ei
1492 635 1536 688 si
1568 643 1679 688 tota
1702 635 1816 703 jam
1857 637 1910 690 in
1938 637 2156 693 cineres

564 729 711 777 esset
765 720 1023 785 resoluta,
1080 722 1126 775 is
1165 722 1255 790 qui
1312 723 1511 778 missus
1540 724 1735 789 fuerat.
1771 726 2043 783 intimavit
2072 728 2161 783 re;

565 815 720 871 diens
757 814 1094 885 imperatori,
1128 813 1270 883 quod
1300 816 1506 886 absque
1531 817 1634 871 ulla
1661 818 1879 875 laesione
1919 836 2051 875 sana
2077 822 2158 876 vi-

565 918 732 965 veret.
789 906 939 961 Tune
977 907 1195 977 impius,
1225 917 1377 963 tanto
1406 910 1668 965 miraculo
1717 910 1863 966 nullo
1892 914 2052 966 modo
2089 915 2155 969 ad

562 1001 894 1063 credendum
919 998 1141 1054 Christo
1171 1000 1448 1066 incitatus,
1474 1001 1637 1070 jussit
1661 1011 1718 1056 ut
1740 1013 1966 1058 onerata
2010 1003 2155 1059 ferro

561 1103 618 1149 et
642 1092 863 1163 plumbo
914 1106 1012 1162 per
1035 1092 1271 1148 civitatis
1296 1093 1502 1164 plateas
1534 1095 1847 1150 duceretur.
1898 1095 2156 1152 Pervenit

557 1197 740 1242 autem
795 1198 920 1242 ante
972 1189 1193 1244 domum
1253 1190 1488 1246 hominis
1532 1193 1905 1276 praepotentis,
1935 1173 2154 1247 nomine

554 1276 887 1345 Geminiani,
921 1279 975 1335 in
998 1280 1155 1351 cujus
1178 1281 1340 1336 domo
1361 1282 1665 1337 daemonum
1691 1284 2155 1340 innumerasimu-

555 1369 702 1426 lacra
726 1380 903 1426 erant.
931 1372 1176 1442 Dumque
1197 1382 1381 1427 sancta
1407 1372 1575 1428 Lucia
1597 1375 1816 1428 domum
1841 1375 2015 1445 ipsam
2037 1392 2156 1446 per-

556 1459 862 1529 transisset,
916 1461 1097 1515 subito
1121 1460 1370 1517 columba
1408 1462 1530 1517 alba
1558 1462 1707 1517 velut
1749 1464 1840 1517 nix
1871 1463 2154 1521 descendit

552 1540 813 1615 de‘cmlo,
865 1558 922 1604 et
966 1566 1131 1621 super
1175 1560 1340 1622 caput
1380 1550 1685 1607 Geminiani
1717 1554 1879 1608 tertio
1909 1553 2150 1625 ﬁgurans

552 1655 770 1696 erucem
803 1642 1041 1709 resedit;
1071 1641 1425 1698 Geminianus
1484 1645 1802 1715 respiciens,
1861 1646 1996 1702 vidit
2043 1648 2149 1703 sibi

550 1742 740 1802 patere
768 1734 987 1799 caelum,
1016 1744 1072 1789 et
1101 1735 1284 1789 statim
1316 1736 1584 1805 arripiens
1635 1752 1853 1792 cursum
1873 1739 2151 1809 ‘pervcnit

2262 563 2572 609 sanctorum
2627 564 2683 610 et
2719 558 2883 612 vestri
2916 574 3015 628 per
3067 574 3260 616 manus
3314 577 3486 620 meas.
3511 564 3574 619 Β.
3603 564 3830 625 Justinus

2260 646 2542 713 respondit
2576 664 2588 700 :
2624 646 2739 702 Hoc
2770 647 3109 706 Dominicum
3131 664 3456 724 praeceptum
3483 665 3603 723 est;
3636 658 3735 715 ﬁat
3754 678 3831 717 vo-

2257 733 2437 790 luntas
2461 736 2673 791 Domini
2724 740 2898 795 nostri
2920 739 3048 796 Jesu
3096 735 3318 801 Christi.
3351 745 3419 801 Et
3456 751 3636 818 posita
3677 754 3829 823 pelve,

2258 826 2406 880 misit
2449 842 2669 897 aquam,
2697 839 2753 884 et
2780 830 2912 886 lavit
2958 834 3199 890 omnium
3229 838 3470 894 virorum
3519 842 3713 911 pedes.
3748 845 3829 902 γε·

2256 918 2412 973 niens
2435 929 2617 1000 autem
2649 922 2716 976 ad
2741 923 2959 978 beatum
2988 923 3259 999 Justinum
3282 932 3447 1001 coepit
3474 935 3661 1003 primo
3688 951 3827 993 oscu-

2254 1009 2352 1063 lari
2385 1012 2550 1081 pedes
2572 1011 2688 1080 ejus
2708 1023 2762 1069 et
2790 1015 2992 1071 lavare.
3020 1017 3088 1072 Et
3116 1019 3205 1074 ubi
3236 1020 3363 1077 lavit
3408 1025 3662 1081 omnium
3687 1031 3829 1097 pedes

2253 1104 2657 1159 commendavit
2685 1123 2745 1162 se
2770 1108 2931 1164 beato
2973 1107 3206 1167 Justino.
3234 1111 3333 1169 Hic
3361 1116 3611 1185 ejusdem
3644 1133 3824 1192 marty-

2254 1195 2329 1250 ris
2354 1211 2553 1266 corpus
2582 1197 2880 1255 honoriﬁce
2906 1202 3156 1271 sepelivit
3182 1204 3235 1258 in
3258 1208 3462 1276 praedio
3493 1208 3744 1281 Cyriaea:
3766 1213 3827 1266 vi-

2252 1286 2389 1341 duae.
2421 1288 2592 1354 Quam
2621 1291 2765 1346 idem
2811 1302 3018 1364 martyr
3040 1293 3183 1351 facto
3208 1284 3360 1369 signo
3403 1300 3635 1367 Christi,
3663 1313 3726 1357 et
3749 1319 3825 1374 po-

2252 1381 2356 1435 sito
2382 1397 2545 1452 super
2572 1394 2734 1453 caput
2773 1382 2890 1452 ejus
2915 1385 3102 1453 linteo,
3132 1389 3198 1444 de
3219 1405 3326 1458 quo
3352 1400 3665 1449 exterserat
3722 1412 3825 1451 sau-

2252 1480 2461 1526 ctorum
2489 1473 2675 1544 pedes,
2707 1476 2774 1529 ab
2805 1475 3213 1533 infirmitatibus
3243 1482 3438 1550 capitis
3477 1487 3723 1541 sanavit.
3746 1486 3824 1544 Hic

2251 1574 2498 1618 sanctum
2561 1563 2908 1637 Hippolytum
2962 1579 3019 1624 et
3084 1570 3478 1643 Concordiam,
3551 1579 3823 1647 Irenaeum,

2248 1653 2575 1722 Aliendium,
2598 1656 2853 1728 Cyrillam
2904 1660 3070 1717 tiliam
3098 1662 3244 1720 Decii
3271 1664 3522 1735 Caesaris,
3547 1680 3820 1742 martyres.

2249 1754 2305 1800 et
2341 1746 2476 1802 alios
2519 1749 2783 1817 plurimos
2830 1754 3122 1823 sepulturis
3164 1759 3426 1814 condivit.
3471 1761 3538 1815 Et
3582 1778 3821 1832 persecu-

549 1823 617 1878 ad
643 1823 819 1879 locum
848 1824 1073 1894 ubijam
1101 1836 1288 1881 sancta
1310 1827 1404 1882 Dei
1430 1828 1803 1898 torquebatur.
1822 1827 1889 1883 Et
1907 1816 2147 1900 praster-
2176 1819 2221 1876 B
2252 1839 2400 1895 tione
2432 1816 2597 1903 Decii,
2649 1843 2788 1899 Galli
2842 1816 2907 1899 θι-
2927 1845 3228 1916 Volusiani,
3278 1816 3637 1912 confessionis
3672 1856 3821 1929 gloria

548 1932 687 1972 nens
708 1932 766 1973 se
788 1918 1014 1987 pedibus
1035 1919 1176 1989 ejus,
1207 1920 1372 1989 coepit
1398 1935 1625 1974 narrare
1653 1921 1800 1991 quod
1830 1922 2061 1985 viderat,
2087 1930 2145 1975 et

548 2008 803 2079 baptismi
858 2009 1135 2064 lavacrum
1213 2019 1488 2080 expetere.
1546 2010 1789 2066 Deducta
1852 2022 1937 2067 est
1980 2013 2143 2084 igitur

550 2099 709 2155 beata
732 2100 898 2155 Lucia
927 2102 981 2155 in
1006 2116 1304 2156 carcerem.
1357 2102 1488 2157 Erat
1532 2119 1663 2158 vero
1709 2105 1930 2174 quidam
1962 2121 2144 2161 sacer-

549 2190 649 2247 dos
696 2190 977 2249 Protasius
1028 2194 1267 2259 nomine,
1296 2195 1382 2249 cui
1410 2204 1570 2250 nocte
1616 2211 1886 2267 apparens
1916 2199 2141 2269 angelus
2242 2204 2245 2205 ⁷

548 2282 789 2350 Domini,
809 2286 1017 2341 monuit
1038 2295 1098 2340 ut
1126 2287 1231 2341 iret
1254 2287 1322 2342 ad
1344 2302 1644 2354 carcerem,
1660 2297 1716 2343 et
1736 2287 2136 2358 Geminianum,

549 2376 644 2447 qui
670 2376 876 2432 fontem
907 2377 1100 2433 salutis
1152 2378 1485 2448 requirebat,
1517 2380 1836 2450 baptizaret.
1872 2380 1973 2448 Qui
2011 2398 2135 2437 cum

549 2467 883 2538 evigilassct,
910 2466 1143 2523 festinus
1172 2468 1326 2534 abiit,
1349 2479 1406 2524 et
1432 2470 1652 2525 beatum
1684 2473 1857 2527 virum
1886 2488 2025 2543 aqua
2050 2490 2109 2529 sa
2134 2503 2137 2505 ε

547 2554 710 2611 lutari
740 2557 891 2613 lavit.
921 2556 1051 2613 Post
1074 2548 1218 2613 diem
1245 2560 1463 2614 tertium
1503 2561 1746 2617 exhibita
1770 2572 1854 2618 est
1883 2562 1941 2618 S.
1967 2563 2135 2620 Lucia

545 2647 906 2715 Diocletiano,
946 2659 1001 2706 et
1047 2667 1170 2707 cum
1204 2653 1315 2723 ipsa
1343 2653 1719 2719 Geminianus,
1763 2656 1830 2711 de
1863 2672 1972 2727 quo
2020 2657 2134 2726 jam

543 2738 841 2805 imperator
866 2743 1132 2797 audierat.
1160 2741 1309 2810 Quos
1336 2744 1425 2800 ille
1448 2750 1624 2815 poenis
1649 2748 1970 2818 gravissime
1999 2748 2137 2804 ami—

542 2841 685 2896 ctos,
711 2832 912 2901 diuque
953 2841 1143 2911 tortos,
1170 2835 1396 2890 tradidit
1453 2837 1669 2891 cuidam
1722 2840 2135 2909 perversissimo

541 2920 730 2991 judici,
754 2918 977 2994 utquod
998 2924 1185 2995 deerat
1210 2939 1519 2995 ptenarum,
1559 2928 1676 2998 ipse
1714 2929 2005 3000 suppleret.
2030 2930 2133 2999 Qui
2232 3012 2237 3017 ο

542 3018 718 3085 primo
742 3015 907 3085 jussit
955 3018 1196 3073 cervices
1243 3034 1432 3074 eorum
1477 3015 1716 3076 fustibus
1760 3025 2039 3090 contundi,
2079 3035 2133 3081 ct

554 3121 681 3163 mox
734 3117 1045 3163 terrarntotu
1077 3108 1240 3173 facto,
1274 3125 1491 3166 camera
1507 3112 1699 3168 domus
1716 3111 2017 3180 judiciaria:
2040 3131 2132 3170 ce-

542 3199 696 3265 cidit,
723 3209 779 3255 et
800 3200 1039 3271 judicem
1085 3201 1309 3271 impium
1356 3204 1645 3273 oppressit.
1706 3204 1910 3260 Deinde
1959 3208 2134 3262 sancti
2162 3189 2207 3251 Ο

543 3299 815 3361 martyres
841 3289 1065 3345 exhibiti
1096 3289 1547 3362 suntApol'rasio,
1575 3294 1677 3348 sub
1706 3309 1814 3363 quo
1842 3302 1898 3349 et
1917 3305 2135 3366 septua-

542 3382 692 3453 ginta
720 3383 960 3452 quinque
991 3382 1313 3452 martyrium
1342 3383 1651 3454 implevere,
1681 3387 1773 3455 qui
1800 3386 1930 3442 visis
1960 3389 2129 3442 mira-

541 3473 701 3537 culis,
747 3488 867 3543 qua:
891 3472 1038 3528 circa
1070 3483 1291 3529 sanctos
1316 3488 1443 3529 suos
1474 3475 1735 3530 Dominus
1782 3476 2130 3546 operabatur,

540 3564 905 3620 crediderant.
939 3563 1040 3621 Hic
1064 3563 1232 3634 judex
1256 3565 1629 3636 impiissimus,
1659 3579 1782 3638 post
1818 3580 2131 3625 sanctorum

539 3656 734 3714 horum
755 3667 1054 3729 martyrum
1084 3674 1293 3725 necem,
1319 3675 1349 3713 a
1375 3658 1592 3715 diabolo
1621 3676 1820 3733 equum
1850 3660 1968 3731 ejus
1990 3662 2129 3717 inci-

540 3759 712 3816 tante,
743 3749 810 3805 de
837 3749 1072 3820 Lapideo
1122 3760 1287 3820 ponte
1313 3752 1680 3821 praecipitatus
1710 3753 1764 3806 in
1804 3752 2002 3808 ﬂumen
2024 3761 2128 3808 est.

537 3842 749 3914 Corpus
795 3841 912 3912 ejus
964 3853 1153 3913 postea
1204 3843 1351 3899 nullo
1404 3844 1526 3900 loco
1580 3854 1875 3915 repertum.
1926 3846 2131 3902 Deinde

537 3935 692 3990 beata
743 3935 909 4007 Lucia
939 3943 995 3989 et
1035 3944 1258 3991 sanctus
1285 3935 1661 4001 Geminianus,
1683 3953 1714 3992 a
1745 3938 1981 4010 Megasio
2010 3941 2129 3995 viro

540 4025 819 4081 consulari
846 4026 1063 4088 arctati,
1099 4035 1223 4096 post
1251 4026 1576 4084 laudabilem
1613 4030 1898 4085 victoriam
1930 4040 2129 4104 marty-

546 4117 616 4173 rii
644 4118 824 4189 gladio
847 4111 1207 4173 animadversi
1237 4127 1364 4175 sunt
1388 4121 1489 4177 sub
1511 4122 1598 4177 die
1626 4131 1781 4178 sexto
1796 4124 2007 4180 decimo
2022 4124 2130 4178 Ka-

538 4207 683 4263 lend.
715 4204 987 4264 Octobris.
1021 4208 1260 4276 Quorum
1288 4224 1514 4281 corpora
1540 4212 1719 4282 rapuit
1738 4213 1981 4283 quadam
2011 4229 2129 4267 mu-

538 4295 641 4352 lier
666 4294 1001 4363 Christiana,
1027 4298 1246 4353 nomine
1275 4297 1525 4366 Maxima,
1550 4311 1624 4366 et,
1663 4310 1723 4355 ut
1746 4301 1945 4365 decuit,
1977 4316 2124 4355 mar-

538 4399 687 4462 tyres
710 4391 977 4463 sepelivit.

922 4524 990 4579 A.
1040 4522 1136 4577 XV
1187 4523 1727 4581 KALOCTOBRIS.

1179 4635 1268 4707 (17
1301 4635 1475 4710 Sept.)

609 4757 641 4806 ς
676 4743 734 4800 ιη
808 4744 1129 4812 Britanniis,
1185 4753 1495 4800 sanctorum
1546 4744 1787 4803 Socratis
1861 4756 1917 4801 et
1998 4745 2122 4802 Ste-

576 4838 723 4892 hani.

579 4854 723 4892 nam.
1896 4858 1897 4861 η

536 4854 573 4910 p
606 4925 894 4993 Nividuno,
924 4929 1120 4983 natalis
1145 4938 1457 4985 sanctorum
1486 4937 1788 5000 martyrum
1810 4929 2117 4997 Valeriani,

536 5017 781 5085 Macrini,
804 5028 859 5073 et
886 5016 1163 5075 Cordiani.

603 5111 735 5168 Item
755 5112 942 5169 Romae
954 5112 1040 5183 via
1062 5112 1453 5181 Tiburtina,ad
1469 5125 1718 5170 sanctum
1740 5113 2117 5183 Laurentium,
2195 5111 2199 5114 ’

535 5203 717 5259 natale
742 5202 803 5259 Β.
827 5203 1022 5260 Justini
1043 5205 1371 5277 presbyteri,
1406 5221 1569 5276 quem
1599 5207 1790 5260 beatus
1819 5203 2008 5260 Sixtns
2033 5220 2122 5260 or—
2191 5206 2198 5215 ’

2247 1931 2649 2003 insignissimus
2683 1934 2803 1992 fuit.

2315 2010 2587 2081 Bonnein
2615 2027 2816 2099 Crypta
2847 2032 3129 2098 arenaria,
3168 2044 3480 2091 sanctorum
3530 2048 3819 2110 martyrum

2244 2111 2487 2171 Narcissi
2509 2127 2565 2172 et
2586 2118 3016 2177 Crescensionis.

2316 2208 2342 2247 ι’
2367 2206 2666 2281 Tungrensi
2693 2211 2935 2280 dioecesi,
2960 2216 3013 2269 in
3037 2214 3237 2272 Leodio
3268 2215 3410 2289 [ms.,
3435 2218 3689 2292 Leogio],
3713 2220 3821 2275 villa

2240 2303 2477 2373 publica,
2519 2305 2713 2360 natalis
2741 2306 2800 2360 S.
2850 2305 3125 2362 Latnberti
3161 2309 3419 2380 episcopi.
3453 2310 3554 2378 Qui
3587 2314 3723 2367 dum
3746 2328 3820 2367 re-

2241 2395 2384 2467 giam
2417 2396 2636 2450 domum
2669 2396 2789 2451 zelo
2831 2397 3105 2468 religionis
3160 2414 3424 2454 accensus
3472 2402 3823 2474 increpasset,

2239 2500 2363 2539 cum
2388 2485 2603 2539 rediens
2628 2486 2861 2540 orationi
2890 2486 3249 2553 incumberet,
3274 2491 3343 2544 ab
3374 2490 3737 2560 iniquissnmis
3756 2492 3820 2545 vi-

2239 2576 2315 2631 ris
2344 2577 2411 2630 de
2436 2574 2637 2646 palatio
2659 2574 2809 2646 regio
2848 2576 3052 2642 missis,
3095 2578 3383 2649 improvise
3414 2581 3714 2637 conclusus
3751 2582 3817 2637 in-

2240 2669 2562 2721 tradomum
2585 2667 2850 2732 ecclesiae,
2878 2667 3163 2724 occiditur.
3193 2668 3358 2738 Cujus
3380 2671 3700 2742 sepulcrum
3727 2689 3825 2729 ene.

2237 2758 2490 2813 herrimis
2513 2759 2789 2815 miraculis
2815 2759 3137 2827 illustratur,
3163 2776 3228 2816 ac
3257 2778 3402 2817 mors
3417 2762 3534 2832 ejus
3559 2765 3822 2820 nihilomi-

2237 2863 2343 2904 nus
2368 2851 2602 2919 pretiosa
2631 2850 2685 2904 in
2714 2861 3005 2921 conspectu
3038 2852 3255 2907 Domini
3291 2856 3733 2910 commendatur.

2637 2961 2700 3016 Β.
2727 2961 2845 3018 XIV
2873 2963 3029 3018 KAL.
3061 2965 3418 3022 OCTOBRIS.

2872 3058 2965 3128 (18
3018 3054 3189 3130 Sept.)

2315 3180 2338 3208 ο
2373 3168 2577 3225 Natalis
2616 3169 2676 3225 S.
2728 3170 3006 3238 Methodii,
3058 3172 3270 3243 Olympi
3318 3174 3512 3246 Lycize,
3539 3183 3595 3230 et
3638 3188 3819 3247 postea

2238 3262 2369 3333 Tyri
2397 3264 2656 3333 episcopi,
2687 3265 2780 3334 qui
2808 3266 2910 3320 sub
2936 3266 3267 3322 Diocletiano
3296 3284 3350 3321 m
3379 3265 3636 3325 Chalcide
3682 3270 3824 3326 Gne-

2235 3353 2335 3408 cize
2361 3354 2623 3425 martyrio
2646 3365 2941 3411 coronatus
2962 3366 3066 3411 est.

2307 3443 2547 3510 Vienna,
2579 3446 2758 3501 natale
2797 3449 2970 3502 sancti
2993 3448 3256 3503 Ferreoli.
3289 3449 3392 3517 Qui
3425 3455 3820 3522 persecutionis

2233 3546 2497 3608 tempore,
2522 3554 2648 3594 cum
2692 3548 2839 3595 esset
2866 3540 3160 3595 tribunitiae
3187 3543 3492 3612 potestatis,
3530 3544 3699 3613 jussu
3728 3547 3817 3601 ill-

2196 3634 2199 3635 ⁷
2233 3628 2465 3699 piissimi
2491 3630 2742 3700 praesidis
2786 3639 2989 3697 tentus,
3019 3632 3197 3702 primo
3226 3635 3604 3691 crudelissime
3636 3638 3817 3693 verbe-

2233 3729 2385 3774 ratus
2414 3761 2431 3786 ,
2482 3721 2606 3776 dein
2653 3723 3154 3791 gravi’catenarum
3197 3736 3423 3782 onustus
3470 3731 3815 3798 pondere.in

2233 3810 2572 3864 teterrimum
2611 3825 2888 3867 carcerem
2929 3822 3113 3869 trusus
3140 3823 3239 3870 est.
3290 3815 3442 3872 Unde
3487 3817 3695 3875 solutis
3736 3820 3817 3874 Dei

2231 3908 2365 3953 nutu
2397 3901 2651 3965 vinculis,
2673 3912 2731 3958 et
2746 3900 2931 3972 januis
2954 3904 3241 3974 patefactis
3267 3910 3527 3975 carceris,
3569 3926 3817 3983 aggerem

2231 3990 2506 4060 publicum
2534 3992 2832 4061 ingressus,
2862 4010 3035 4065 usque
3054 3996 3122 4052 ad
3147 3994 3330 4053 larem
3373 3997 3600 4055 ﬂuvium
3639 4017 3821 4073 perve-

2230 4083 2328 4137 nit.
2374 4082 2475 4138 Ubi
2505 4084 2681 4140 denuo
2709 4094 2908 4153 tentus,
2938 4087 3137 4145 vinctis
3159 4100 3282 4160 post
3308 4099 3518 4163 tergum
3545 4096 3816 4161 mnibus,

2229 4174 2299 4228 ad
2319 4175 2650 4230 territorium
2675 4192 2847 4248 usque
2874 4176 3187 4236 Brivatense
3212 4184 3505 4252 perductus
3525 4196 3638 4252 est,
3665 4196 3819 4258 atque

2229 4268 2301 4323 ibi
2332 4270 2578 4341 martyrii
2621 4271 2856 4341 palmam
2900 4274 3095 4344 capitis
3118 4276 3533 4333 obtruncatione
3556 4282 3816 4351 percepit.

2228 4358 2438 4431 Corpus
2483 4360 2600 4430 ejus
2647 4379 2770 4418 cum
2819 4365 2998 4436 capite
3052 4367 3199 4421 beati
3245 4366 3445 4423 Juliani
3504 4372 3575 4425 ad
3631 4371 3817 4427 urbem

2229 4451 2617 4508 Viennensium
2645 4454 2875 4510 relatum
2908 4466 3011 4521 est,
3044 4466 3102 4512 et
3126 4459 3391 4530 condigno
3415 4460 3567 4515 cultu
3594 4463 3651 4517 in
3682 4464 3818 4519 basio

2149 4566 2202 4625 Β
2230 4542 2329 4598 lica
2371 4544 2671 4610 conditum,
2700 4560 2862 4616 quam
2891 4546 3159 4612 Castulus,
3188 4548 3271 4602 vir
3293 4551 3550 4621 praecipui
3584 4554 3820 4608 nominis

2228 4636 2294 4691 de
2322 4636 2650 4706 primoribus
2678 4638 2828 4692 urbis
2852 4636 3174 4695 Viennensis
3204 4658 3217 4694 :
3248 4640 3427 4697 adlmc
3471 4645 3819 4700 catechume-

2227 4741 2365 4792 nus,
2440 4726 2494 4781 in
2558 4727 2763 4783 honore
2820 4727 3061 4796 ejusdem
3133 4731 3387 4802 martyris
3459 4734 3817 4796 condiderat.

2226 4826 2379 4872 tanto
2426 4832 2624 4887 opere,
2679 4827 2885 4889 quanta
2950 4829 3008 4874 et
3057 4820 3207 4887 title,
3260 4822 3313 4877 in
3372 4823 3490 4895 ripa
3558 4826 3821 4882 ulteriore

2226 4909 2476 4965 Rhodani
2495 4908 2545 4963 ἀ.
2916 4904 2919 4907 ’

2616 5022 2678 5078 C.
2710 5021 2827 5078 Xlll
2867 5021 3022 5078 KAL.
3054 5022 3413 5081 OCTOBRIS.

2869 5116 2959 5188 (t9
3005 5115 3174 5188 Sept.)

2299 5221 2322 5250 ο
2342 5211 2414 5287 in
2430 5209 2649 5281 Neapoli
2673 5209 3003 5280 Campaniae,
3020 5211 3201 5266 natale
3218 5219 3526 5267 sanctorum
3541 5211 3820 5275 Januarii,

535 5295 760 5362 dinavit.
782 5297 862 5350 Ad
893 5292 1053 5366 quem
1078 5292 1266 5352 beatus
1318 5296 1644 5354 Laurentius
1670 5297 1725 5352 in
1748 5300 1873 5352 vico
1896 5295 2119 5351 Patricii
2220 5305 2616 5361 Beneventanae
2660 5303 2898 5359 civitatis
2932 5303 3192 5375 episcopi,
3232 5319 3358 5358 cum
3398 5303 3558 5360 Sosio
3582 5304 3820 5361 diacono

535 5387 589 5441 in
619 5398 808 5460 crypta
836 5382 1130 5460 Nepotiana
1158 5399 1316 5446 nocte
1338 5390 1507 5455 venit,
1533 5398 1595 5443 ut
1642 5390 1926 5444 thesauros
1956 5387 2059 5442 sibi
2087 5403 2117 5443 a

533 5489 723 5534 sancto
756 5478 910 5534 Sixto
931 5477 1336 5535 commendatos
1358 5479 1690 5550 pauperibus
1715 5487 1983 5549 erogaret.
2013 5477 2112 5534 Cui
2152 5512 2153 5515 η

607 5628 631 5688 _-
674 5616 750 5688 De
778 5616 960 5688 hocin
984 5616 1153 5688 gestis
1172 5615 1437 5688 _S.‘Laur.

606 5685 635 5724 ι)
675 5686 749 5759 De
778 5687 862 5743 bis
888 5687 941 5743 in
968 5685 1136 5759 gestis
1162 5686 1220 5741 S.
1249 5685 1506 5759 Laurent.
1536 5685 1780 5759 501mg.

606 5765 629 5795 ο
673 5756 892 5813 Hieron.
924 5756 993 5815 de
1018 5759 1217 5830 Seript.
1253 5757 1420 5823 Eccl.,
1448 5772 1567 5827 cap.
1599 5756 1687 5811 85.

2223 5396 2511 5453 Mesenatae
2537 5397 2794 5462 civitatis,
2825 5403 2882 5450 et
2917 5395 3148 5451 diacono
3187 5410 3286 5451 suo
3313 5394 3497 5460 Festo,
3520 5405 3576 5449 et
3603 5396 3823 5451 lectore

2223 5506 2322 5545 suo
2351 5487 2648 5544 Desiderio.
2683 5488 2784 5556 Qui
2831 5496 2955 5560 post
2997 5487 3210 5544 vincula
3242 5497 3298 5543 et
3335 5503 3582 5545 carceres
3629 5488 3824 5559 capite

2293 5622 2319 5664 δ
2360 5622 2615 5679 Sidonius
2640 5622 2814 5691 Apoll.
2848 5622 2900 5676 1.
2929 5623 2981 5676 7.
3008 5638 3129 5692 cap.
3174 5622 3223 5675 Ι.

2300 5706 2323 5733 ο
2351 5696 2428 5751 De
2451 5694 2554 5751 hoc
2582 5695 2637 5750 in
2665 5695 2915 5764 passione
2939 5693 3100 5749 Sosii.
3128 5693 3199 5748 25
3225 5692 3358 5762 Sept
