3962 6366
157 387 271 444 361

810 384 1424 449 MARTYROLOGIUM
1457 391 1606 450 CUM
1641 395 2172 454 ADDITAMEN'I‘IS.
2216 427 2286 440 —
2323 398 2527 456 MENS.
2566 400 2758 460 SEPT.

3325 413 3432 472 562

155 497 296 556 cassi
320 503 449 556 sunt
473 495 529 554 in
551 495 773 556 civitate
791 498 1106 572 Puteolana,
1123 507 1226 564 sub
1248 509 1578 568 Diocletiano
1605 513 1755 583 prin-
1779 519 1836 582 Α
1859 529 1965 584 que
1992 512 2260 571 interfecti
2286 523 2584 589 martyrum
2604 519 2806 590 pepuli.
2833 518 2978 576 Idem
2992 534 3228 596 namque
3254 526 3429 586 Maxi-

154 591 326 662 cipe,
370 589 554 662 judice
603 589 917 649 Dracontio.
968 594 1071 663 Qui
1119 613 1244 654 cum
1299 601 1629 658 ducerentur
1686 603 1756 660 ad
1784 640 1798 657 .

152 690 421 748 mortem,
450 681 705 738 viderunt
733 683 875 741 inter
919 685 1055 743 alios
1096 687 1402 759 Proculum,
1446 691 1759 752 Puteolanas

153 776 402 834 civitatis
427 776 741 846 diaconum,
767 786 824 834 et
850 779 988 837 duos
1009 780 1180 839 laicos
1206 783 1506 858 Eutychem
1536 795 1593 844 et
1613 788 1757 846 Acu-

154 875 304 934 tum,
329 875 387 924 et
413 867 885 939 interrogaverunt
930 887 1100 943 quare
1126 874 1260 946 justi
1295 876 1623 948 juberentur
1665 896 1757 938 oc-

155 958 296 1014 cidi.
333 958 480 1027 Quos
498 957 666 1029 judex
693 967 754 1016 ut
782 962 918 1018 vidit
940 963 1278 1024 Christianos
1301 966 1467 1038 jussit
1497 970 1757 1028 decollari

153 1064 291 1106 cum
319 1050 572 1109 illis..Sic
618 1067 809 1109 omnes
846 1056 1284 1129 septem‘pariter
1329 1071 1457 1119 sunt
1485 1063 1751 1122 decollati.

155 1139 432 1198 Tulerunt
465 1152 646 1199 autem
671 1161 900 1216 corpora
939 1147 1258 1206 Christiani.
1288 1151 1631 1225 Neapolitani
1659 1156 1754 1213 Ja-

155 1234 419 1289 nuarium
490 1247 788 1306 posuerunt
835 1238 988 1309 juxta
1053 1241 1327 1299 civitatem
1379 1245 1436 1301 in
1486 1247 1750 1306 basilica:

157 1325 488 1394 Mesenates,
544 1327 758 1386 Sosium
805 1346 959 1402 aeque
1016 1333 1073 1389 in
1126 1335 1388 1404 basilica;
1451 1337 1751 1409 Puteolani,

156 1416 455 1474 Proculum
482 1458 498 1484 ,
535 1417 833 1491 Eutychem
878 1429 932 1476 et
972 1423 1224 1491 Acutum,
1273 1426 1433 1498 juxta
1474 1429 1756 1487 basilicam

159 1511 342 1566 sancti
368 1509 657 1581 Stephani;
689 1511 910 1569 Festum
945 1528 1076 1572 vero
1122 1525 1178 1572 et
1205 1515 1545 1577 Desiderium
1578 1523 1762 1597 Bene--

159 1601 386 1658 ventani
419 1601 770 1674 collegerunt.

241 1707 267 1734 ι
294 1692 494 1750 Eodem
519 1694 689 1751 die.in
720 1695 1025 1767 Palaestina,
1053 1700 1250 1758 n'atalis
1275 1711 1589 1760 sanctorum
1613 1722 1756 1763 mar-

163 1797 348 1859 tyrum
386 1786 530 1843 Pelei
567 1787 765 1845 et.Nili
808 1791 1218 1865 episcoporum,
1249 1797 1343 1870 qui
1379 1801 1755 1868 persecutione

1858 604 2071 662 mianus
2119 620 2246 678 erga
2292 607 2578 671 Dominum
2628 610 2750 666 coeli
2796 612 3054 682 profanus
3103 616 3436 686 impietatem

1856 711 2009 752 suam
2039 697 2108 753 ad
2152 699 2600 772 exstinguendum
2649 702 3075 764 Christianitatis
3115 723 3310 765 nomen
3357 727 3441 767 ar-

1856 796 2118 844 maverat.
2149 787 2208 844 Si
2235 789 2327 860 qui
2358 797 2486 847 tunc
2510 792 2624 847 veri
2672 791 2768 848 Dei
2820 793 3022 851 cultum
3071 797 3314 868 proﬁteri
3341 816 3436 856 au-

1857 878 2074 944 debant,
2126 879 2332 951 sparsis
2376 896 2761 954 usquequaque
2813 885 3046 941 militum
3095 889 3298 956 turbis,
3354 892 3444 948 vel

1857 969 1926 1025 ad
1962 969 2244 1041 supplicia,
2271 970 2357 1026 vel
2387 973 2455 1028 ad
2478 989 2664 1030 necem
2693 976 3063 1045 rapiebantur.
3089 979 3223 1034 Erat
3247 981 3439 1038 eodem

1857 1065 2101 1129 tempore
2131 1059 2187 1115 in
2217 1062 2460 1117 exercitu
2491 1062 2630 1134 legio
2659 1065 2909 1131 militum,
2956 1068 3048 1138 qui
3079 1068 3294 1126 Thebaei
3342 1088 3439 1144 ap-

1856 1151 2214 1224 pellabantur.
2251 1153 2416 1226 Legio
2460 1166 2641 1212 autem
2669 1159 2988 1226 vocabatur,
3020 1177 3139 1232 quae
3184 1172 3312 1219 tunc
3341 1180 3441 1222 sex

1856 1245 2024 1301 millia
2061 1262 2125 1303 ae
2175 1257 2460 1304 sexcentos
2488 1250 2636 1306 viros
2677 1251 2730 1306 in
2775 1252 2942 1308 armis
2966 1253 3212 1310 habebat.
3274 1256 3339 1310 lli
3384 1259 3441 1314 in

1859 1344 2115 1400 auxilium
2141 1345 2466 1404 Maximiano
2490 1347 2559 1402 ab
2583 1347 2946 1405 Orientalibus
2985 1352 3228 1420 partibus
3257 1369 3443 1408 accer-

1857 1437 1947 1492 siti
1986 1447 2267 1494 venerant.
2312 1438 2426 1494 Viri
2457 1438 2511 1494 in
2550 1439 2709 1496 rebus
2739 1440 2948 1497 bellicis
2978 1443 3213 1508 strenui,
3242 1443 3444 1498 virtute

1857 1528 2087 1596 nobiles,
2126 1529 2222 1585 sed
2248 1528 2354 1586 ﬁde
2381 1530 2710 1598 nobiliores;
2761 1548 2890 1604 erga
2919 1533 3300 1605 imperatorem
3333 1535 3442 1590 for-

1861 1620 2110 1688 titudine,
2141 1637 2270 1695 erga
2300 1621 2570 1678 Christum
2602 1623 2892 1681 devotione
2933 1628 3235 1682 certabant.
3262 1628 3447 1699 Itaque

1857 1713 2079 1779 cumhi,
2117 1713 2257 1768 sicut
2285 1723 2336 1769 et
2357 1715 2539 1770 caeteri
2568 1716 2788 1782 milites,
2813 1717 2879 1773 ad
2907 1718 3267 1776 dilaniandum
3293 1721 3448 1777 Chri-

1858 1803 2159 1858 stianorum
2199 1804 2594 1861 multitudinem
2622 1807 3056 1877 destinarentur,
3083 1811 3183 1868 soli
3209 1813 3446 1868 crudeli-

164 1878 509 1945 Diocletiani,
540 1895 663 1936 cum
702 1882 951 1953 plurimis
977 1886 1210 1956 clericis,
1254 1905 1354 1962 pro
1395 1892 1614 1952 Christo
1642 1895 1753 1968 igni
1781 1903 1830 1966 Β
1857 1900 1986 1956 tatis
2033 1900 2393 1958 ministerium
2425 1902 2725 1960 detrectare
2778 1905 2894 1960 ausi
2945 1915 3089 1972 sunt,
3134 1916 3298 1980 atque
3340 1910 3446 1964 hu-

164 1973 472 2045 consumpti
497 1982 640 2030 sunt.

242 2065 397 2136 Apud
445 2065 732 2123 Nuceriam
764 2111 778 2136 ,
828 2071 1028 2130 natalis
1073 2085 1391 2135 sanctorum
1447 2091 1751 2155 martyrum

167 2158 361 2216 Felicis
387 2169 442 2216 et
471 2159 822 2230 Constantius,
853 2166 944 2236 qui
974 2167 1074 2224 sub
1102 2168 1316 2228 Nerone
1341 2174 1485 2243 passi
1512 2184 1660 2232 sunt.

237 2251 294 2307 lu
342 2252 618 2310 territorio
646 2251 991 2324 Linguoniee
1018 2260 1276 2332 civitatis,
1318 2266 1495 2323 sancti
1540 2266 1755 2342 Sigonis

167 2345 488 2417 presbyteri.

561 2439 625 2497 D.
665 2441 758 2498 XII
793 2443 950 2500 ΚΑΙ...
991 2445 1347 2507 OCTOBRIS.

809 2538 901 2610 (ao
947 2538 1116 2612 Sept.)

248 2622 309 2679 In
344 2622 538 2696 Cyzico
561 2665 576 2690 ,
616 2627 793 2683 natale
832 2638 1139 2687 sanctorum
1165 2633 1379 2690 Faustae
1416 2636 1662 2710 virginis,
1701 2646 1759 2695 et

177 2713 398 2770 Evilasii
423 2714 521 2771 sub
547 2715 868 2775 Maximiano
893 2714 1236 2792 imperatore.
1266 2725 1436 2794 Quam
1466 2728 1606 2784 idem
1633 2729 1756 2786 Evi-

172 2804 364 2873 lasius,
394 2823 514 2864 cum
559 2819 702 2868 esset
743 2812 954 2883 primus
979 2815 1181 2886 palatii,
1212 2816 1376 2887 jussit
1404 2819 1672 2876 deealvari
1701 2831 1758 2878 et

173 2899 292 2955 radi
339 2901 406 2955 ad
462 2905 867 2976 turpitudinem,
919 2907 1038 2962 dein
1067 2911 1321 2980 suspendi
1374 2925 1438 2967 ac
1493 2915 1750 2984 torqueri.

172 2989 292 3060 Quo
326 3000 568 3063 tempore
611 2999 914 3053 coruscatio
965 2999 1030 3054 de
1059 2999 1210 3056 caelis
1247 3001 1446 3057 multos
1483 3004 1758 3061 ministro-

171 3096 292 3147 rum
345 3085 629 3154 percussit.
680 3085 812 3142 Dein
837 3087 1002 3158 jussit
1046 3088 1248 3146 loculos
1285 3089 1504 3159 all‘erri,
1555 3103 1610 3150 et
1635 3109 1758 3151 eam

172 3172 474 3231 immissam
518 3192 585 3234 ac
626 3177 790 3234 ﬁxam
831 3180 986 3250 quasi
1033 3180 1234 3254 lignum
1277 3186 1452 3241 secari
1499 3189 1754 3245 mediam.

1849 1987 2085 2059 jusmodi
2166 1992 2448 2064 praeceptis
2532 2008 2590 2049 se
2675 1995 3145 2066 obtemperaturos
3219 2007 3441 2070 negant.

1854 2081 2214 2139 Maximianus
2282 2098 2388 2139 non
2464 2083 2620 2154 longe
2678 2087 2869 2142 aberat
2925 2105 2938 2142 :
2995 2104 3120 2143 nam
3173 2105 3232 2144 se
3298 2089 3445 2146 circa

1857 2175 2184 2232 Octodorum
2239 2177 2436 2234 itinere
2485 2178 2658 2234 fessus
2707 2181 2946 2236 tenebat.
3003 2180 3191 2254 Igitur,
3227 2183 3446 2254 cognito

1855 2265 2212 2326 Thebaeorum
2243 2284 2517 2341 responso,
2550 2270 2812 2342 praecipiti
2842 2273 2922 2328 ira
2961 2271 3220 2339 fervidus,
3247 2275 3318 2330 ob
3343 2291 3442 2331 ne-

1855 2360 2030 2434 glecta
2058 2362 2286 2434 imperia
2307 2362 2576 2418 decimum
2618 2378 2888 2435 quemque
2916 2380 2982 2420 ex
3006 2365 3194 2422 eadem
3229 2367 3444 2436 legione

1853 2453 2035 2526 gladio
2076 2452 2230 2511 feriri
2260 2453 2434 2524 jubet,
2466 2471 2574 2526 quo
2600 2455 2812 2512 facilius
2835 2457 3042 2524 caeteri,
3073 2459 3234 2514 rebus
3279 2459 3446 2514 certis

1855 2546 2054 2614 territi,
2105 2554 2252 2602 metu
2291 2545 2566 2603 cederent.
2595 2547 2998 2619 Redintegratis
3020 2549 3308 2614 mandatis,
3333 2549 3448 2605 edi-

1853 2638 1931 2695 cit
1953 2646 2014 2693 ut
2062 2638 2256 2709 reliqui
2307 2639 2361 2693 in
2406 2639 2837 2709 persecutionem
2879 2639 3310 2697 Christianorum
3354 2659 3448 2699 eo-

1855 2737 2068 2802 gantur.
2126 2727 2227 2785 Ubi
2276 2743 2407 2784 vero
2451 2730 2518 2785 ad
2561 2728 2819 2786 Thebaios
2867 2729 3200 2786 denuntiatio
3251 2732 3446 2789 iterata

1855 2823 2142 2894 pervenit,
2173 2823 2556 2894 cognitumque
2591 2823 2659 2877 ab
2685 2822 2765 2877 eis
2808 2831 2892 2878 est
2939 2822 3146 2895 injungi
3188 2824 3292 2878 sibi
3327 2842 3449 2880 rur-

1858 2932 1950 2973 sus
1980 2915 2355 2972 exsecutiones
2390 2914 2666 2984 profanas,
2689 2912 3006 2971 vociferatio
3032 2915 3233 2986 passim
3265 2932 3328 2972 ac
3357 2924 3446 2970 tu-

1858 3006 2060 3062 multus
2091 3007 2145 3061 in
2190 3005 2388 3069 castris
2429 3005 2671 3061 exoritur
2694 3044 2710 3068 ,
2753 3002 3136 3060 allirmantium
3170 3022 3444 3076 nunquam

1859 3113 1917 3153 se
1965 3097 2057 3153 ulli
2105 3099 2160 3153 in
2199 3098 2316 3152 hmc
2360 3107 2467 3159 tam
2519 3097 2786 3168 sacrilega
2826 3096 3127 3153 ministeria
3173 3115 3447 3157 cessuros.

1859 3187 1956 3246 llis
2006 3189 2201 3245 deinde
2251 3188 2560 3260 compertis,
2614 3187 3010 3256 Maximianus,
3061 3192 3210 3247 omni
3270 3191 3447 3248 bellua

173 3263 282 3322 Sed
310 3282 416 3324 non
460 3284 582 3324 eam
609 3271 891 3328 carniﬁces
929 3274 1099 3330 serris
1125 3277 1238 3333 suis
1267 3277 1460 3334 laedere
1480 3279 1752 3338 valebant.
1783 3275 1830 3340 C
1861 3283 2158 3350 cruentior,
2195 3298 2385 3338 rursus
2411 3282 2478 3337 ad
2512 3281 2714 3354 ingenii
2757 3281 3019 3338 saavitiam
3071 3283 3230 3346 redit,
3284 3293 3449 3354 atque

173 3357 305 3426 Quae
337 3360 483 3415 inter
507 3369 731 3432 stupens
764 3364 1029 3422 Evilasius
1063 3366 1280 3425 Christo
1321 3371 1546 3428 credere
1570 3375 1753 3446 etrapit.

171 3448 241 3508 Et
271 3450 374 3508 hoc
398 3451 486 3507 ubi
534 3453 846 3525 imperatori
897 3459 1205 3515 nuntiatum
1250 3470 1357 3529 est,
1388 3463 1536 3520 misit
1568 3466 1758 3536 pracfe-

172 3550 343 3609 ctum,
374 3543 465 3614 qui
513 3559 638 3600 eum
679 3561 998 3617 suspensum
1045 3549 1261 3608 fortiter
1307 3562 1604 3625 torqueret.
1655 3556 1757 3624 Qui

172 3634 339 3691 etiam
358 3633 522 3704 jussit
547 3636 802 3694 Faustam
833 3642 1052 3704 nudam.
1091 3652 1145 3699 et
1174 3645 1291 3702 sine
1332 3659 1573 3704 mavorte
1602 3650 1758 3705 educi

174 3726 244 3783 de
272 3743 507 3793 carcere,
559 3729 692 3786 etei
723 3741 883 3803 caput
916 3735 1202 3803 terebrari,
1251 3753 1315 3794 ac
1361 3739 1532 3796 clavis
1583 3741 1754 3814 inﬁgi.

175 3819 276 3875 Cui
307 3823 643 3891 postmodum
673 3839 780 3879 non
828 3824 999 3882 solum
1031 3837 1193 3900 caput
1221 3838 1276 3885 et
1306 3829 1490 3898 facies,
1525 3834 1619 3889 sed
1660 3849 1756 3905 pe-

171 3921 293 3968 ctus
316 3928 382 3969 ac
411 3922 580 3970 totum
610 3931 826 3987 corpus,
854 3934 1025 3991 usque
1068 3922 1137 3976 ad
1169 3922 1328 3980 tibias
1357 3923 1524 3981 clavis
1557 3925 1758 3997 imple-

171 4014 286 4060 tum
317 4015 420 4062 est.
451 4006 580 4064 Post
604 4011 724 4075 hoc,
749 4013 1075 4083 sartaginem
1098 4013 1262 4083 jussit
1292 4015 1472 4088 igniri,
1500 4019 1593 4074 sed
1617 4020 1754 4086 haec,

169 4097 261 4153 illa
308 4099 592 4170 psallente,
639 4103 902 4175 refriguit.
953 4104 1080 4162 llazc
1128 4107 1495 4166 interveniens
1542 4115 1655 4167 vox‘
1688 4111 1758 4168 de

169 4189 331 4257 ccelo,
370 4192 580 4248 vocavit
605 4209 732 4263 eos,
770 4204 827 4250 et
850 4197 929 4252 sic
959 4197 1298 4255 tradiderunt
1326 4201 1598 4272 Spiritum.
1625 4202 1758 4258 Erat

165 4289 352 4338 autem
375 4281 573 4342 Fausta
598 4302 861 4343 annorum
879 4288 1071 4361 viginti
1095 4290 1260 4347 trium
1277 4309 1292 4358 ;
1308 4292 1579 4351 Evilasius
1605 4304 1756 4352 octo-

163 4375 338 4447 ginta.

569 4459 633 4515 E.
675 4461 746 4517 XI
782 4461 938 4518 KAL.
990 4464 1348 4522 OCTOBRIS.

811 4553 898 4624 (21
943 4553 1112 4628 Sept.)

238 4635 267 4676 ι)
307 4635 514 4693 Natalis
533 4641 706 4698 sancti
729 4642 965 4699 Mattbaai
989 4646 1218 4716 apostoli
1242 4655 1300 4703 et
1317 4647 1686 4722 evangelistm.

233 4729 443 4788 Eodem
487 4737 573 4792 die
599 4776 615 4804 ,
666 4740 849 4808 passio
901 4740 959 4796 S.
998 4741 1294 4800 Alexandri
1339 4745 1598 4818 episcopi,
1653 4747 1755 4804 sub

154 4821 443 4880 Antonino
469 4826 812 4899 imperatore.

588 4941 650 4998 F.
688 4942 737 4999 X
775 4943 933 5000 KAL.
973 4945 1336 5005 OCTOBRIS.

818 5039 912 5111 (ξε
951 5039 1120 5113 Sept.)

230 5120 294 5180 In
317 5121 526 5194 Galliis,
547 5126 767 5185 civitate
787 5129 1027 5199 Seduno,
1050 5133 1168 5191 loco
1180 5133 1422 5206 Agauno,
1440 5137 1620 5194 natale
1635 5153 1758 5196 san-

150 5211 377 5290 ctorum
424 5226 723 5290 martyrum
771 5220 1147 5291 Thebanorum,
1181 5224 1444 5295 Mauritii,
1476 5227 1751 5299 Exuberii,

151 5304 416 5372 Candidi,
441 5305 697 5378 Victoris,
722 5310 1043 5381 Innocentii,
1070 5315 1267 5373 Vitalis
1284 5333 1408 5374 cum
1431 5320 1594 5377 sociis
1613 5323 1750 5390 suis,

150 5397 255 5469 qui
283 5398 386 5454 sub
414 5400 740 5462 Maximiano
772 5409 919 5478 passi
952 5424 1052 5481 pro
1080 5408 1332 5478 Christo,
1365 5413 1752 5485 gloriosissime

147 5491 410 5548 coronati
433 5505 580 5552 sunt.
607 5496 680 5554 Ut
705 5498 873 5573 igitur
894 5499 1220 5558 beatissimae
1249 5506 1517 5575 passionis
1563 5523 1750 5567 eorum

148 5593 330 5637 causa
361 5583 598 5641 breviter
623 5587 911 5659 loquamur
936 5631 951 5657 ,
981 5590 1083 5648 sub
1128 5591 1481 5664 Maximiano,
1509 5597 1604 5668 qui
1637 5598 1752 5657 Ro-

146 5689 339 5731 manae
355 5673 686 5750 Reipublicae
714 5697 840 5739 cum
866 5681 1198 5742 Diocletiano
1225 5685 1431 5760 collega
1460 5687 1749 5760 imperium

150 5766 358 5836 tenuit,
384 5785 482 5843 per
521 5772 763 5831 diversas
791 5773 908 5832 fere
946 5777 1255 5849 provincias
1279 5777 1469 5838 laniati
1513 5790 1644 5840 sunt
1665 5791 1750 5841 ab

229 5895 257 5924 ι
295 5881 498 5943 Euseb.
526 5887 559 5944 l.
589 5903 704 5954 νηί,
736 5907 784 5948 c.
817 5890 888 5946 22
914 5901 971 5950 et
998 5891 1090 5950 25.

604 5987 878 6050 PATIOL.
923 5989 1213 6055 CXXIII.

1862 3375 2092 3446 imperat
2156 3383 2216 3430 ut
2284 3375 2481 3430 iterum
2530 3373 2773 3429 decimus
2833 3390 3021 3430 eorum
3070 3375 3189 3431 neci
3247 3378 3445 3443 detur;

1859 3467 2044 3523 caueri
2071 3465 2425 3522 nihilominus
2454 3465 2522 3520 ad
2556 3465 2672 3521 haec
2699 3480 2820 3536 quas
2860 3477 3181 3538 spernerent
3213 3469 3450 3539 compel-

1861 3557 2118 3613 lerentur.
2143 3556 2350 3624 Quibus
2367 3555 2534 3627 jussis
2573 3557 2748 3612 denuo
2791 3556 2842 3610 in
2871 3558 3066 3612 castris
3092 3560 3331 3628 perlatis,
3364 3576 3448 3616 se-

1859 3657 2116 3721 gregatus
2161 3655 2246 3702 est
2294 3655 2457 3717 atque
2506 3660 2796 3716 percussus
2861 3647 2953 3717 qui
3006 3649 3245 3734 decimus
3299 3661 3446 3708 sorte

1860 3747 2172 3801 obvenerat.
2203 3742 2432 3814 Reliqua
2464 3757 2594 3800 vero
2627 3758 2687 3799 se
2731 3743 2962 3799 militum
2995 3745 3281 3800 multitudo
3328 3764 3446 3802 mu-

1861 3849 1954 3894 tuo
1983 3851 2233 3894 sermone
2262 3835 2574 3906 instigabat,
2603 3843 2663 3890 ut
2701 3836 2754 3891 in
2805 3844 2914 3892 tam
2960 3837 3219 3907 praeclaro
3257 3840 3446 3896 ordine

1857 3932 2194 4003 persisteret.
2257 3929 2670 3986 lncitamentum
2736 3937 2916 3985 tamen
2969 3931 3266 3986 maximum
3320 3933 3446 3988 fidei

1858 4038 2024 4095 penes
2051 4021 2108 4076 S.
2150 4019 2460 4076 Mauritium
2509 4021 2611 4075 fuit
2653 4020 3024 4092 primicerium
3051 4022 3277 4094 legionis
3304 4024 3446 4094 ejus,

1859 4114 1949 4185 qui
1979 4128 2102 4168 cum
2131 4112 2406 4185 Exuperio
2445 4113 2529 4186 (ut
2556 4113 2609 4168 in
2635 4114 2878 4170 exercitu
2909 4114 3199 4187 appellant)
3238 4117 3444 4188 campi-

1860 4207 2105 4272 ductore,
2150 4215 2205 4260 et
2251 4204 2492 4261 Candide
2539 4213 2792 4262 senatore
2843 4205 3116 4273 militum,
3158 4207 3449 4266 accedebat

1857 4297 2196 4354 exhortando
2221 4297 2458 4368 singulos
2478 4306 2533 4353 et
2562 4299 2854 4365 monendo,
2899 4300 3134 4356 ﬁdelium
3179 4303 3448 4360 commili-

1857 4402 2046 4448 tonum
2091 4392 2254 4446 etiam
2285 4399 2584 4462 martyrum
2628 4391 2871 4462 exempla
2903 4391 3172 4463 ingerens.
3218 4392 3314 4450 llis
3343 4396 3446 4450 ita-

1859 4502 1964 4559 que
1985 4485 2317 4558 primoribus
2341 4484 2454 4539 suis
2480 4493 2641 4555 atque
2663 4483 2974 4539 auctoribus
2998 4483 3218 4540 animati
3243 4486 3447 4545 beatis-

1859 4580 1982 4636 simi
1997 4579 2118 4642 viri,
2133 4577 2478 4640 Maximiano,
2496 4576 2671 4630 adhuc
2686 4575 2895 4630 insania
2907 4578 3178 4645 aestuanti,
3195 4580 3448 4638 mandata

1858 4672 2083 4728 mittunt
2125 4670 2266 4726 sicut
2305 4671 2414 4739 pia,
2461 4670 2535 4724 ita
2580 4677 2635 4723 et
2677 4667 2836 4724 fortia
2869 4685 2883 4722 :
2919 4668 3139 4738 Milites,
3169 4672 3442 4744 inquiunt,

1857 4779 2066 4829 sumus,
2091 4763 2407 4833 imperator,
2439 4762 2546 4827 tui;
2574 4761 2668 4817 sed
2700 4770 2878 4817 tamen
2909 4762 3072 4828 servi,
3105 4767 3250 4834 quod
3276 4765 3446 4823 libere

1857 4855 2204 4921 conﬁtemur,
2229 4853 2359 4920 Dei;
2404 4853 2498 4909 tibi
2549 4852 2796 4907 militiam
2843 4853 3122 4922 debemus,
3168 4856 3246 4911 illi
3289 4859 3444 4914 inno-

1858 4947 2116 5006 centiam.
2152 4945 2198 5001 Α
2226 4955 2278 5000 te
2305 4944 2632 5016 stipendium
2669 4944 2872 5001 laboris
2892 4946 3210 5017 accipimus,
3255 4950 3324 5006 ab
3352 4950 3444 5008 illo

1855 5041 1982 5097 vitae
2029 5038 2311 5095 exordium
2359 5038 2708 5108 sumpsimus.
2757 5037 2921 5108 Sequi
2971 5040 3353 5112 imperatorem
3385 5046 3442 5101 in

1858 5133 1962 5188 hoc
2008 5144 2350 5202 nequaquam
2391 5143 2698 5200 possumus,
2751 5135 2814 5184 ut
2857 5139 3134 5188 auctorem
3183 5147 3442 5203 negemus

1856 5221 2066 5290 Deum;
2125 5221 2312 5293 utique
2383 5228 2660 5277 auctorem
2733 5228 2982 5277 nostrum
3035 5221 3320 5279 Dominum
3373 5239 3440 5280 ac

1857 5323 2159 5381 auctorem,
2186 5311 2321 5369 velis
2349 5311 2507 5378 nolis,
2532 5319 2702 5366 tuum.
2747 5310 2804 5367 Si
2834 5327 2942 5369 non
2977 5314 3049 5369 ad
3077 5322 3185 5368 tam
3225 5314 3440 5372 funesta

1855 5405 2248 5478 compellimur,
2285 5413 2347 5460 ut
2371 5403 2514 5460 hunc
2537 5402 2894 5469 oﬂ‘endamus,
2937 5404 3058 5471 tibi,
3101 5415 3163 5460 ut
3209 5405 3440 5464 fecimus

1855 5502 2136 5569 hactenus,
2161 5502 2338 5560 adhuc
2357 5502 2702 5574 parebimus;
2747 5503 2829 5558 sin
2877 5501 3034 5558 aliter
3077 5502 3177 5574 ipsi
3223 5506 3440 5574 parebi-

1853 5610 1976 5650 mus
2005 5594 2186 5667 potius
2229 5609 2394 5666 quam
2434 5592 2553 5649 tibi.
2579 5592 2866 5650 Ot’ferimus
2908 5602 3121 5650 nostras
3155 5593 3212 5650 in
3253 5610 3441 5666 quem‘

1851 5686 1984 5743 libet
2034 5687 2247 5742 hostem
2298 5699 2526 5752 manus,
2577 5699 2714 5756 quas
2762 5684 3023 5755 sanguine
3067 5685 3437 5743 innocentium

1850 5788 2135 5838 cruentare
2195 5779 2349 5835 nefas
2396 5778 2661 5834 ducimus.
2710 5776 2958 5836 Dextera:
3015 5779 3144 5850 ipsa:
3199 5796 3438 5854 pugnare

1921 5895 1950 5938 ιι
1988 5893 2124 5953 Vide
2147 5891 2242 5952 lib.
2275 5893 2340 5949 de
2373 5892 2518 5950 Fest.
2547 5893 2732 5964 Apost.
2765 5894 2842 5952 De
2863 5911 2928 5953 eo
2955 5893 3092 5951 infra
3120 5895 3189 5951 9.6
3212 5894 3346 5950 Nov.

2970 5994 3042 6053 l2
