3962 6366
592 356 698 417 863

1586 351 1645 408 S.
1683 349 1937 407 ADONIS
1976 345 2409 404 ARCHIEPISC.
2452 342 2881 400 VlENNEﬂﬂS
3064 370 3067 371 ν
3671 350 3740 422 3“

591 470 852 526 adversus
876 467 1072 537 impios
1097 472 1154 519 et
1195 462 1446 520 inimicos
1485 464 1685 529 sciunt,
1727 463 1935 519 laniare
1978 462 2098 532 pios
2122 467 2180 515 et
2202 465 2257 526 Α
2280 459 2510 515 honeste
2542 457 2904 528 componitur.
2946 456 3053 513 Sed
3092 465 3151 513 et
3190 466 3283 530 per
3322 460 3513 534 longum
3556 477 3744 545 rem

590 563 737 620 cives
768 559 1040 616 nesciunt.
1078 556 1421 612 Meminimus
1458 570 1556 610 nos
1602 569 1698 624 pro
1739 554 1949 609 civibus
1998 552 2180 623 potius

592 668 754 725 quam
798 651 1059 707 adversus
1088 649 1239 705 cives
1264 663 1411 702 arma
1459 646 1773 716 sumpsisse.
1815 645 2180 716 Pugnavimus

591 760 804 818 semper
829 759 927 817 pro
942 741 1171 815 justitia,
1200 755 1301 811 pro
1321 738 1541 809 pietate,
1573 752 1671 807 pro
1697 736 2064 791 innocentium
2092 751 2182 790 sa-

589 837 703 892 lute
729 853 743 890 :
769 836 887 891 haec
911 832 1128 888 fuerunt
1158 831 1422 885 hactenus
1448 828 1621 899 pretia
1652 826 2035 899 periculorum.
2066 825 2177 880 Pu-

590 928 874 1001 gnavimus
907 941 1007 998 pro
1050 922 1187 990 fide;
1232 937 1397 993 quam
1440 936 1657 992 quoquo
1699 929 1859 991 pacto
1892 934 2181 977 conserve-

592 1035 712 1079 mus
774 1017 900 1083 tibi,
957 1016 1003 1071 si
1055 1015 1199 1070 hanc
1257 1014 1367 1069 Deo
1424 1023 1611 1068 nostro
1665 1027 1771 1067 non
1823 1010 2180 1068 exhibemus?

585 1109 898 1168 Juravimus
924 1107 1162 1180 primum
1189 1107 1242 1161 in
1271 1115 1608 1162 sacramenta
1642 1106 1847 1170 divina,
1873 1104 2178 1176 juravimus

587 1201 713 1257 inde
740 1207 1081 1256 sacramenta
1109 1198 1278 1270 regia.
1310 1196 1454 1252 Nihil
1482 1197 1640 1252 nobis
1662 1198 1728 1251 de
1760 1196 2033 1263 secundis,
2055 1210 2176 1252 cre-

586 1292 702 1358 das,
738 1305 962 1347 necesse
982 1298 1088 1355 est,
1115 1289 1161 1345 si
1191 1290 1363 1361 prima
1390 1289 1809 1359 perrumpimus.
1839 1287 2177 1345 Christianos

585 1382 655 1438 ad
699 1398 917 1455 pmnam
961 1397 1061 1455 per
1090 1398 1191 1439 nos
1223 1381 1426 1452 requiri
1448 1381 1631 1452 jubes,
1676 1381 1788 1452 jam
1830 1381 1925 1436 tibi
1970 1396 2038 1437 ex
2073 1382 2177 1437 hoc

585 1474 677 1530 alii
708 1475 1021 1546 requirendi
1049 1488 1157 1529 non
1199 1483 1346 1529 sunt.
1381 1472 1563 1528 Habes
1590 1488 1691 1528 nos
1717 1472 1807 1528 hic
1851 1473 2175 1529 confitentes

585 1565 755 1621 Deum
767 1566 987 1622 Patrem
999 1574 1274 1622 auctorem
1288 1566 1551 1630 omnium,
1567 1574 1623 1620 et
1638 1564 1834 1620 Filium
1861 1564 2173 1634 ejusJesum

582 1657 859 1715 Christum
890 1659 1179 1715 Dominum
1209 1658 1504 1714 credimus.
1522 1644 1781 1714 Videmus
1804 1658 2050 1714 laborum
2072 1673 2170 1729 pe-

581 1749 990 1822 riculorumque
1011 1759 1324 1808 nostrorum
1347 1751 1543 1816 socios,
1568 1751 1724 1806 nobis
1744 1766 1960 1822 quoque
1979 1766 2170 1806 eorum

2285 561 2519 608 tracmnt
2542 550 2690 609 beati
2738 549 3038 606 Innocentii
3080 551 3326 624 martyris
3350 558 3560 615 membra
3589 562 3745 625 Bm.

2282 659 2387 700 nus
2428 642 2712 699 revelavit.
2760 642 2891 710 Qua:
2920 658 3029 698 non
3056 642 3178 697 ideo
3204 658 3235 698 a
3266 646 3380 701 sinu
3420 657 3558 707 terra:
3591 662 3746 725 protulit

2280 742 2342 790 ut
2404 734 2462 790 in
2512 733 2741 805 gurgitis
2801 733 2888 789 sui
2948 731 3182 803 procella
3232 733 3570 810 demergeret,
3604 749 3676 802 sed
3707 760 3746 805 nt

2279 826 2495 883 caeteris
2524 824 2860 898 martyribus
2919 824 3194 895 sepultura
3247 831 3589 889 venerabiliter
3629 840 3747 896 socia-

2279 927 2450 975 retur.

2677 1008 2746 1066 G.
2786 1008 2860 1066 1X
2896 1008 3052 1065 KAL.
3091 1008 3433 1070 OCTOBRlS.

2917 1100 3010 1173 (25
3043 1099 3212 1171 Sept.)

2348 1192 2538 1248 Natale
2594 1193 2771 1249 sancti
2826 1191 2973 1249 Sosii
3022 1194 3234 1250 diaconi
3276 1195 3541 1255 Καιδίκιε
3584 1203 3748 1265 civitatis

2278 1285 2334 1342 in
2361 1285 2680 1356 Campania.
2705 1284 2809 1351 Qui
2833 1301 2957 1340 cum
2984 1297 3131 1342 esset
3156 1303 3409 1344 annorum
3430 1293 3634 1363 triginta,
3655 1313 3745 1352 um.

2276 1381 2476 1455 tyrium
2503 1394 2628 1435 cum
2653 1380 2814 1435 beato
2849 1378 3108 1437 Januario
3146 1380 3429 1439 Beneventi
3454 1387 3747 1459 episcopum.

2274 1475 2406 1546 pitis
2437 1473 2797 1531 decollatione
2829 1477 3086 1547 suscepit,
3125 1484 3362 1557 tempore
3400 1478 3659 1538 Diocletiani
3686 1486 3747 1540 im-

2274 1569 2562 1639 peratoris.
2621 1567 2696 1634 Is,
2752 1583 2873 1624 cum
2950 1577 3194 1641 tempore
3245 1572 3465 1642 quodam
3493 1573 3746 1647 Evangelinn

2275 1659 2481 1731 legeret
2536 1661 2592 1715 in
2648 1659 2878 1716 ecclesia
2925 1658 3216 1717 Mesenata:
3263 1662 3524 1730 civitatis,
3564 1678 3748 1735 prrsum

2276 1752 2530 1823 episcopo
2558 1750 2818 1807 Januario
2854 1751 3200 1824 (frequenter
3237 1753 3380 1808 enim
3425 1768 3536 1808 eum
3572 1770 3647 1825 pro
3676 1766 3749 1811 stn-

581 1841 844 1915 sanguine
877 1842 1134 1913 aspersis,
1164 1842 1422 1897 trucidari
1459 1841 1604 1898 ferro
1625 1883 1639 1908 ,
1692 1850 1748 1897 et
1792 1841 2168 1898 sanctissimo-
2195 1840 2246 1903 Β
2273 1844 2461 1900 ctitate
2492 1852 2549 1898 et
2568 1843 2859 1913 prudentia
2904 1843 3023 1914 ejus
3046 1843 3272 1899 visitare
3298 1847 3645 1916 consueverat),
3666 1846 3747 1901 vidit

584 1946 704 1987 rum
716 1931 1146 1988 commilitonum
1162 1941 1388 1999 mortes,
1406 1941 1461 1987 et
1479 1931 1707 1987 fratrum
1723 1931 1915 1987 funera
1933 1927 2035 1987 non
2066 1930 2167 1987 lle-

581 2025 780 2091 vimus,
797 2041 902 2081 non
920 2025 1207 2092 doluimus,
1223 2028 1316 2083 sed
1335 2027 1516 2098 potius
1530 2026 1887 2093 laudavimus,
1904 2037 1960 2083 et
1972 2026 2169 2099 gaudio

579 2119 851 2189 prosecuti
896 2134 1086 2175 sumus
1118 2122 1248 2191 quia
1285 2120 1432 2190 digni
1482 2122 1652 2177 habiti
1695 2131 1882 2178 essent
1916 2124 2027 2192 pati
2067 2138 2167 2194 pro

580 2209 811 2266 Domino
834 2211 945 2267 Deo
967 2227 1173 2267 eorum.
1200 2210 1318 2269 Non
1344 2198 1442 2269 nos
1470 2211 1554 2269 vel
1569 2214 1683 2268 haec
1711 2214 1912 2269 ultimae
1926 2214 2051 2269 vitae
2074 2231 2170 2271 ne-

577 2300 809 2358 cessitas
846 2301 900 2355 in
932 2301 1285 2357 rebellionem
1311 2303 1477 2374 cogit.
1506 2301 1623 2359 Non
1652 2318 1751 2360 nos
1775 2304 2066 2360 adversum
2090 2314 2163 2372 te,

577 2391 892 2463 imperator,
917 2395 1152 2451 armavit
1174 2397 1289 2466 ipsa
1318 2396 1529 2464 saltem,
1550 2413 1673 2467 quae
1692 2396 1988 2454 fortissima
2010 2412 2094 2455 est
2112 2400 2167 2454 in

574 2487 850 2558 periculis,
874 2489 1200 2560 desperatio.
1225 2489 1494 2546 Tenemus
1512 2506 1643 2548 ecce
1655 2507 1827 2558 arma,
1846 2501 1899 2547 et
1914 2508 2022 2548 non
2038 2494 2169 2549 resi-

574 2580 770 2636 stimus
796 2597 813 2647 ;
843 2582 970 2652 quia
1000 2582 1138 2637 mori
1167 2598 1329 2653 quam
1355 2584 1606 2639 occidere
1626 2584 1912 2651 malumus,
1939 2596 1992 2640 et
2015 2586 2168 2641 inno-

573 2680 758 2728 centes
772 2673 995 2729 interire
1013 2689 1175 2745 quam
1204 2674 1346 2731 noxii
1361 2676 1542 2731 vivere
1561 2686 1941 2748 praeoptamus.
1956 2677 2013 2732 Si
2037 2678 2167 2749 quid

573 2763 632 2822 in
656 2781 760 2823 nos
781 2766 925 2823 ultra
949 2769 1226 2835 statueris,
1262 2769 1307 2824 si
1337 2771 1463 2839 quid
1487 2771 1664 2827 adhuc
1686 2770 1934 2842 jusseris,
1963 2771 2009 2827 si
2036 2772 2165 2841 quid

2272 1935 2452 1991 subito
2492 1934 2634 1990 idem
2679 1933 2964 2005 episcopus
2993 1936 3060 1991 de
3089 1936 3269 2006 capite
3308 1935 3421 2005 ejus
3456 1935 3672 1992 ﬂammam
3690 1952 3749 1993 et-

2271 2041 2517 2099 surgere,
2541 2040 2707 2096 quam
2730 2040 2891 2082 nemo
2935 2026 3075 2082 alius
3116 2026 3255 2081 vidit
3297 2028 3748 2098 :pronuntisviterm

2272 2126 2567 2188 martyrem
2593 2115 2855 2173 futurum.
2884 2114 2954 2171 Et
2981 2126 3108 2188 post
3131 2132 3239 2179 non
3283 2118 3475 2175 multos
3507 2118 3603 2173 dies
3622 2117 3748 2174 diaco-

2271 2225 2375 2265 nus
2404 2218 2602 2274 tentus,
2632 2218 2691 2264 et
2720 2209 2774 2265 in
2803 2224 3082 2266 carcerem
3113 2211 3312 2266 missus
3338 2220 3435 2267 est.
3467 2211 3540 2265 Ad
3568 2225 3685 2281 quem
3701 2210 3751 2264 vi-

2270 2302 2546 2358 sitandum
2625 2317 2750 2357 cum
2818 2303 3060 2359 venisset
3112 2304 3397 2374 episcopus
3447 2318 3555 2359 cum
3600 2303 3751 2359 diacono

2269 2392 2455 2458 Festo,
2478 2400 2535 2448 et
2557 2392 2761 2450 lectore
2785 2407 2885 2449 suo
2900 2391 3206 2460 Desiderio,
3227 2404 3285 2449 et
3304 2396 3418 2464 ipse
3442 2408 3552 2449 cum
3569 2393 3631 2448 eis
3651 2390 3753 2447 simul

2271 2492 2472 2551 tentus,
2494 2498 2559 2539 ac
2583 2484 2793 2553 pariter
2811 2497 3003 2540 omnes
3025 2500 3154 2541 cum
3175 2486 3301 2541 aliis
3327 2485 3488 2539 tribus
3514 2485 3645 2540 occisi
3660 2492 3750 2539 sunt.

2339 2575 2543 2633 Eodem
2583 2577 2670 2633 die
2699 2576 2882 2632 natale
2906 2586 3113 2633 sanctae
3145 2576 3359 2634 Thecla:
3401 2578 3628 2649 virginis,
3666 2574 3754 2647 apud

2270 2665 2572 2726 Seleuciam
2620 2670 2952 2740 quiescentis
2996 2686 3168 2742 :quaa
3218 2672 3286 2727 de
3330 2672 3537 2727 civitate
3576 2669 3708 2725 lcosio
3734 2682 3754 2723 ι

2265 2764 2427 2820 beato
2449 2762 2616 2819 Paulo
2654 2762 2900 2834 apostolo
2923 2764 3194 2820 instructa
3222 2774 3328 2820 est.
3352 2765 3514 2832 Quam
3538 2773 3670 2818 mater
3683 2761 3756 2832 eius

572 2859 879 2915 admoveris
905 2900 921 2925 ,
956 2860 1168 2933 ignem,
1204 2869 1496 2927 tormenta,
1524 2861 1725 2917 ferrum
1777 2863 1958 2918 subire
1986 2863 2162 2933 parati
2265 2869 2497 2911 Gemens
2524 2853 2918 2923 ChﬁSliaMm:
2965 2864 3022 2911 θῑ
3050 2866 3285 2928 ηυυιυηὶ
3331 2853 3757 2929 ΐθρυάίπθιθηιω

570 2965 781 3009 sumus.
809 2951 1152 3009 Christianos
1181 2968 1280 3008 nos
1303 2952 1852 3026 fatemur:persequi
1896 2953 2160 3009 Christia-
2264 2953 2376 3001 tem
2431 2942 2649 3002 Christo
2718 2961 2918 3017 sponso
2965 2947 3258 3005 adhaerere
3322 2965 3479 3019 quam
3519 2944 3759 3017 θοι-Νι)ιίυώ

574 3056 676 3099 nos
700 3057 809 3099 non
832 3058 1141 3115 possumus.
1174 3042 1305 3100 Cum
1356 3045 1472 3101 haec
1524 3046 1646 3101 talia
1679 3046 2037 3100 Maximianus
2066 3060 2161 3100 au-
2260 3037 2448 3093 carnis
2498 3035 2818 3106 subiacere,
2867 3054 3104 3112 pergens
3156 3043 3228 3097 ad
3266 3041 3525 3112 judicent,
3567 3037 3759 3097 recount

573 3132 768 3200 disset,
793 3133 1202 3205 obstinatosque
1240 3135 1293 3190 in
1318 3136 1422 3192 iide
1451 3135 1653 3192 Christi
1678 3146 1926 3192 cerneret
1948 3137 2160 3194 animos
2261 3128 2524 3201 virginem
2549 3128 2715 3185 ﬁliam
2734 3146 2888 3187 suam
2912 3147 3038 3189 esse
3056 3132 3458 3201 Christianum,
3476 3135 3632 3190 dicunt
3643 3133 3760 3185 vim

571 3227 838 3295 virorum,
870 3227 1168 3299 desperans
1216 3228 1505 3300 gloriosam
1545 3244 1735 3286 eorum
1796 3231 2159 3287 constantiam
2186 3226 2233 3291 Ο
2263 3229 2486 3287 ﬂamini
2509 3228 2723 3277 οωιθηε
2746 3221 3005 3281 muneres
3034 3232 3405 3294 terrerentur,
3425 3228 3594 3284 debere
3612 3223 3758 3279 πάθη-

570 3333 733 3390 posse
751 3334 1032 3387 revocare,
1064 3334 1171 3375 una
1201 3320 1466 3377 sententia
1496 3320 1729 3376 interfici
1748 3335 1937 3376 omnes
1975 3321 2162 3377 decre-
2266 3311 2441 3380 Qﬂaﬂl
2470 3313 2578 3370 Sibi
2603 3328 2726 3370 eum
2771 3313 3026 3384 ἱυεείδδθί
3061 3316 3241 3389 lida!
3268 3319 3480 3385 adduci,
3520 3327 3565 3375 α
3588 3310 3760 3388 μονοει

569 3411 669 3479 vit,
697 3420 757 3469 et
796 3427 914 3469 rem
949 3413 1164 3481 confici,
1187 3413 1534 3471 circumfusis
1580 3414 1809 3470 militum
1831 3414 2157 3484 agminibus,

561 3502 737 3573 jubet.
784 3506 888 3575 Qui
934 3522 1057 3564 cum
1110 3507 1263 3564 missi
1292 3507 1361 3564 ad
1383 3506 1750 3564 beatissimam
1777 3508 2039 3578 legionem
2069 3523 2162 3564 ve-

566 3595 797 3662 nissent,
844 3598 1119 3670 stringunt
1143 3600 1202 3653 in
1243 3607 1461 3654 sanctos
1503 3598 1728 3669 impium
1768 3596 1972 3654 ferrum
2019 3597 2160 3654 mori

566 3702 672 3743 non
733 3698 1054 3745 recusantes
1116 3690 1239 3745 vita:
1314 3704 1519 3746 amore.
1580 3689 1941 3745 Cardebantnr
1975 3690 2161 3760 itaque

565 3780 769 3852 passim
813 3780 1038 3853 gladiis,
1076 3797 1184 3837 non
1223 3782 1579 3837 reclamantes
1623 3780 1813 3836 saltem
1859 3791 1952 3836 aut
1994 3795 2159 3849 repu-

567 3880 819 3945 gnantes,
850 3873 946 3928 sed
972 3880 1049 3937 et,
1078 3873 1339 3943 depositis
1358 3873 1550 3939 armis,
1586 3873 1827 3928 cervices
1845 3881 2159 3944 persecuto-

561 3964 715 4018 ribus
743 3963 1071 4033 prarbentes,
1116 3973 1172 4019 et
1211 3962 1456 4033 jugulum
1501 3964 1940 4035 persecutoribus
1964 3964 2048 4020 vel
2077 3965 2161 4019 in-

569 4061 778 4110 tectum
808 4070 1009 4126 corpus
1037 4055 1346 4111 oﬂ'erentes.
1384 4054 1570 4113 Victor
1597 4067 1777 4114 autem
1820 4068 2027 4130 martyr
2055 4072 2157 4114 nec

565 4145 795 4218 legionis
828 4148 1073 4219 ejusdem
1118 4146 1240 4217 fuit,
1273 4164 1373 4206 nec
1420 4150 1594 4217 miles,
1640 4152 1737 4208 sed
1784 4152 2024 4207 emeritae
2042 4151 2156 4223 jam

571 4236 781 4294 militia:
807 4246 1117 4296 veteranus.
1165 4239 1267 4296 Hic
1308 4254 1432 4296 cum
1461 4242 1566 4296 iter
1596 4255 1763 4312 agens
1793 4241 1973 4297 subito
2019 4243 2155 4297 inci-

561 4328 733 4385 disset
760 4328 817 4385 in
846 4331 950 4387 hos
973 4332 1068 4402 qui
1100 4331 1304 4403 passim
1336 4333 1697 4403 epulabantur
1721 4334 1826 4389 la-ti
1852 4345 2153 4407 martyrum

560 4424 774 4495 spoliis,
807 4437 970 4497 atque
1028 4426 1095 4481 ab
1146 4426 1231 4482 his
1280 4427 1347 4482 ad
1391 4428 1821 4483 convescendum
1871 4429 2151 4495 invitatus,

478 4516 501 4573 ί
562 4515 834 4587 prolatam
886 4517 955 4572 ab
1007 4518 1407 4575 exsultantibus
1455 4534 1552 4589 per
1619 4519 1865 4575 ordinem
1929 4536 2151 4575 causam

2262 3410 2382 3458 tum
2405 3403 2679 3461 castitatis
2707 3403 2826 3474 eius
2851 3408 3257 3485 perdidicisset,
3288 3425 3475 3484 rogum
3495 3408 3602 3466 fecit
3620 3401 3761 3477 parari.

2262 3507 2326 3554 ut
2353 3498 2504 3554 illam
2538 3498 2875 3557 incenderet.
2933 3501 3112 3574 Rapta
3144 3505 3316 3576 igitur
3359 3506 3427 3562 ab
3467 3498 3763 3577 apparitoribus

2262 3603 2328 3649 ut
2366 3593 2421 3649 in
2469 3591 2652 3650 focum
2683 3594 3007 3665 jactaretur,
3051 3608 3255 3668 sponte
3277 3613 3464 3671 pyram
3511 3592 3763 3656 ascendite

2260 3686 2419 3758 signo
2446 3687 2627 3744 crucis
2650 3672 2814 3755 facto,
2844 3690 2989 3745 virili
3010 3694 3202 3750 animo
3230 3695 3373 3749 inter
3392 3692 3580 3749 medias
3596 3686 3765 3743 ﬂammat

2262 3781 2434 3846 stetit,
2472 3781 2761 3853 subitoque
2793 3782 2933 3839 facta
2972 3784 3336 3842 inundatione
3372 3786 3655 3858 pluviarum,
3677 3775 3765 3847 islis

2260 3872 2565 3929 exstinctus
2594 3882 2701 3940 est,
2731 3885 2789 3930 et
2822 3877 2976 3931 beata
3004 3877 3164 3949 virgo
3195 3878 3368 3935 illaesa
3398 3880 3582 3933 virtute
3605 3880 3766 3942 stipem

2261 3963 2508 4033 eripitur.
2534 3965 2733 4023 lterum
2762 3983 2886 4024 cum
2921 3969 3172 4041 jejuniis,
3208 3972 3404 4043 vigiliis
3442 3979 3494 4026 et
3518 3964 3768 4024 orationibus

2258 4062 2500 4126 variaret,
2525 4073 2556 4113 a
2597 4061 2837 4130 quodam
2865 4063 2984 4118 viro
3025 4074 3258 4134 potente
3293 4063 3669 4137 comprehensa.
3693 4068 3770 4129 Pe"

2259 4146 2422 4202 ducta
2442 4157 2528 4204 est
2552 4148 2619 4204 ad
2640 4151 2952 4220 praesidem,
2978 4154 3126 4223 quod
3152 4170 3219 4211 se
3238 4154 3594 4211 Christianam
3610 4150 3768 4205 diceret

2256 4237 2432 4307 Quam
2486 4242 2628 4299 idem
2674 4246 2966 4313 proconsul
3031 4248 3390 4322 interrogans
3441 4249 3487 4305 si
3521 4261 3632 4304 vere
3675 4246 3771 4298 ὕδει

2257 4334 2401 4405 quod
2441 4336 2817 4415 accusabatur,
2846 4343 3127 4411 respondit
3154 4346 3386 4401 omnino
3413 4343 3772 4401 Christianamse

2255 4442 2397 4483 esse.
2446 4428 2621 4495 Quam
2658 4432 2918 4489 continuo
2961 4448 3168 4505 praeses
3220 4438 3292 4493 ad
3326 4438 3523 4493 bestias
3553 4426 3770 4491 damnavit

2254 4515 2474 4572 interim
2510 4527 2693 4575 tamen
2720 4536 2828 4592 quo
2855 4524 3259 4597 subrigeretur,
3308 4525 3682 4586 commendatur
3700 4516 3773 4571 cui-

566 4622 907 4680 cognoscens
936 4649 952 4674 ,
1013 4608 1316 4666 detestatur
1380 4610 1635 4666 convivas
1662 4650 1678 4678 ,
1743 4612 2150 4682 detestatusque
2173 4603 2230 4665 Ι)
2256 4606 2381 4661 dam
2413 4608 2583 4664 nobili
2613 4604 2849 4677 feminae,
2868 4627 2990 4682 quae
3008 4617 3320 4689 propinqua
3336 4617 3560 4673 Caesaris
3584 4620 3695 4671 erat.
3714 4619 3771 4661 00-

508 4758 511 4761 λ
560 4700 868 4756 cenvivium
913 4698 1244 4773 refugiebat;
1294 4703 1800 4774 requirentibusqne
1821 4717 1891 4758 ne
1934 4710 1990 4758 et
2034 4704 2149 4773 ipse
2257 4697 2404 4751 mine
2433 4694 2723 4769 Triphena.
2750 4699 3012 4773 Sequenti
3052 4705 3144 4761 die
3187 4710 3470 4779 producta:
3502 4714 3615 4763 sunt
3649 4698 3776 4757 busti3

559 4790 790 4847 forsitan
823 4793 1168 4851 Christianus
1190 4804 1358 4861 esset,
1386 4793 1761 4851 Christianum
1796 4810 1877 4859 se,
1908 4806 1966 4851 et
1998 4808 2144 4850 sem-
2257 4788 2325 4843 de
2352 4790 2570 4857 caveis;
2626 4792 2837 4848 sistitur
2863 4795 3024 4850 beata
3076 4795 3288 4854 Thecla
3341 4801 3395 4854 in
3424 4799 3593 4853 arenis
3626 4787 3774 4848 mediis:

556 4897 658 4955 per
682 4880 924 4941 futurum
952 4900 1073 4943 esse
1096 4886 1394 4958 respondit.
1422 4887 1502 4941 Ac
1520 4887 1704 4943 statim
1726 4888 1795 4942 ab
1815 4886 2151 4943 irruentibus
2256 4888 2506 4951 stupente
2530 4888 2750 4952 populo,
2773 4886 2916 4955 quod
2933 4900 3055 4941 eam
3080 4888 3284 4945 bestiae
3308 4892 3527 4946 minime
3549 4886 3776 4954 tangerent-

554 4971 899 5043 interfectus,
928 4976 1144 5033 caeteris
1184 4979 1513 5047 martyribus
1538 4977 1677 5032 sicut
1723 4986 1919 5043 morte,
1975 4976 2145 5031 etiam
2254 4970 2551 5028 Reducitur
2578 4975 2737 5030 beata
2780 4975 2981 5034 Thecla
3009 4980 3079 5035 ad
3100 4980 3333 5037 domum
3373 4982 3657 5050 Triphenas.
3677 4980 3721 5025 ut
3744 4967 3778 5020 in

554 5064 762 5125 honore
807 5068 1135 5139 conjunctus
1181 5077 1284 5125 est.
1333 5068 1472 5137 Quid
1523 5068 1718 5125 deinde
1767 5069 1914 5126 circa
1971 5067 2143 5124 Maxi—
2253 5066 2554 5122 crastinum
2588 5067 2787 5124 iterum
2828 5067 2963 5129 feris
3004 5069 3370 5140 objiceretnr.
3417 5074 3583 5140 Quam
3608 5055 3781 5123 ministri

553 5160 799 5215 miannm
848 5168 1135 5233 tyrannum
1187 5162 1258 5217 sit
1285 5169 1658 5227 consecutum,
1686 5161 1839 5217 brevi
1888 5161 2144 5232 colligere
2251 5171 2378 5212 cum
2419 5156 2692 5215 dedomo
2738 5168 3078 5230 repeterent,
3128 5163 3417 5234 'l‘riphena
3456 5158 3641 5219 doloris
3674 5152 3780 5225 pleni

548 5253 772 5324 placuit.
792 5253 1238 5326 Cum,dispositis
1265 5256 1494 5323 insidiis,
1523 5269 1725 5326 genero
1751 5270 1851 5311 suo
1875 5254 2144 5311 Constan-
2250 5249 2496 5319 sequitur
2543 5265 2663 5315 eam
2721 5267 2891 5323 usque
2934 5254 3002 5310 ad
3044 5258 3459 5326 spectaculum,
3508 5254 3594 5313 ubi
3637 5248 3784 5305 άωα

550 5347 667 5403 tino
695 5358 926 5406 mortem
957 5349 1260 5415 moliretur,
1287 5350 1623 5420 deprehenso
1650 5349 1795 5415 dolo,
1831 5348 1973 5418 apud
1999 5344 2141 5402 Mas-
2248 5341 2396 5413 vulgi
2448 5350 2504 5398 et
2542 5343 2809 5400 tumultus
2849 5354 2971 5405 erat
3008 5347 3328 5415 immensus
3360 5350 3569 5409 beatam
3594 5336 3784 5398 Thecla

550 5436 728 5493 silium
773 5450 967 5513 captus
1007 5452 1111 5499 est.
1159 5440 1271 5498 Nec
1325 5443 1495 5499 multo
1542 5451 1667 5512 post
1714 5438 2087 5510 strangulatus
2118 5477 2135 5506 ,
2240 5435 2624 5504 spectantium.
2653 5434 2870 5499 Nudata
2918 5453 3048 5503 vero
3076 5442 3247 5503 beata
3280 5445 3534 5516 virgine.

548 5532 939 5604 teterrimoqne
966 5535 1232 5606 supplicio
1260 5533 1506 5600 aﬂ‘ectus,
1526 5535 1751 5605 impiam
1773 5533 1940 5588 vitam
1970 5532 2133 5605 digna
2239 5533 2329 5582 tur
2354 5526 2408 5583 ei
2430 5526 2619 5597 leones
2650 5529 2860 5598 pariter
2887 5539 2944 5586 et
2968 5532 3105 5589 ursi.
3149 5531 3269 5591 Sed
3294 5535 3447 5591 nulla
3473 5527 3788 5589 feramuthl

545 5630 723 5676 morte
745 5622 937 5680 finivit.
967 5625 1039 5681 At
1056 5640 1188 5682 vero
1213 5625 1651 5681 beatissimorum
1680 5631 1979 5695 martyrum
2005 5638 2131 5680 θοι-ο
2232 5621 2431 5681 ludere
2460 5627 2827 5696 praesumpsit.
2850 5625 3063 5691 Mode
3102 5628 3163 5686 in
3202 5629 3420 5689 fossam
3444 5642 3580 5701 aqua
3600 5621 3790 5696 pm

544 5721 681 5779 pora
695 5714 1029 5783 postmultos
1045 5717 1311 5788 passionis
1331 5724 1703 5773 annossancto
1715 5713 1999 5772 Theodoro
2015 5715 2132 5788 epi-
2231 5717 2327 5774 nbi
2349 5725 2632 5789 serpentes
2657 5719 2881 5781 adunati
2916 5728 2976 5779 et
2995 5721 3221 5781 collecti
3252 5725 3503 5785 inerant.
3546 5736 3576 5775 ο
3616 5702 3786 5775 (βαθεῖ’

542 5812 710 5872 scopo
761 5804 1100 5878 revelantur,
1152 5815 1211 5864 et
1248 5807 1306 5863 in
1348 5821 1537 5865 eorum
1588 5808 1849 5866 honorem
1897 5806 2127 5867 basilica
2226 5809 2332 5867 bus
2369 5810 2586 5881 populis
2614 5827 2737 5869 cum
2782 5821 3092 5885 urgeretur,
3109 5814 3280 5887 signo
3313 5832 3494 5879 crucis
3521 5806 3705 5872 minuta
3727 5797 3790 5856 ὶυο
