3962 6366
800 312 1410 383 ΜΑΒΤΥΒΟΒΜΜ
1442 318 1591 381 CUI!
1626 316 2165 381 ADMAHENTIS.
2202 351 2277 367 —
2306 320 2517 378 MENS.
2561 322 2757 380 SEPT.

3330 321 3434 379 566

386 435 709 512 ﬁdem»
726 435 816 501 eis
854 435 964 495 ullo
990 445 1156 507 pecto
1190 436 1339 497 laesa.
1380 436 1581 499 lterum
1609 446 1757 495 ιιι-ο-
1781 441 1833 501 Δ
1860 437 2014 503 mihi,
2044 439 2497 509 quemadmodum
2525 439 2656 494 victi
2707 438 2839 494 estis
2872 453 2903 492 a
2946 438 3154 510 virgine
3180 436 3391 495 lustina
3412 441 3440 496 τ

149 532 336 587 ciores
361 525 552 583 bestia:
572 532 857 596 parantur,
908 526 1006 591 sed
1038 526 1147 587 ullo
1172 526 1335 593 modo
1361 534 1586 599 tangere
1628 541 1753 585 eam

79 600 95 626 ³
150 634 263 676 non
307 625 435 672 sunt
470 616 770 687 permissae.
812 612 1015 673 Verum
1043 632 1146 681 nec
1176 619 1355 679 adhuc
1383 618 1486 674 sibi
1522 617 1753 673 crudeli-

153 718 240 764 tas
270 708 491 763 modum
514 707 686 777 ponit.
734 700 1002 779 Alligatur
1024 700 1238 765 duobus
1276 708 1447 763 tauris
1479 706 1754 763 ferocissi-

150 799 289 877 mis,
321 796 467 854 ferro
493 797 757 853 candente
782 796 1098 866 stimulatis,
1129 807 1189 854 ut
1214 815 1333 855 eam
1365 800 1750 872 discerperent.

152 876 533 958 Qui’,'funibus
558 888 808 959 diruptis,
824 889 1127 960 vagabundi
1156 890 1262 946 huc
1287 888 1520 963 illucque
1546 891 1755 946 discur-

150 970 311 1050 runt,
348 997 413 1038 ac
440 990 733 1056 martyrem
779 982 979 1041 nullius
1021 984 1146 1041 mali
1183 1000 1397 1061 passam
1422 985 1749 1056 relinquunt.

150 1072 496 1130 Accersitam
524 1072 754 1155 denique
783 1073 1072 1155 proconsul
1101 1089 1220 1130 eam
1244 1075 1493 1147 requirit,
1518 1091 1637 1148 quae
1662 1082 1756 1131 aut

154 1164 309 1221 unde
335 1174 499 1230 esset,
530 1164 656 1235 quia
688 1164 832 1220 nulla
862 1164 1159 1223 bestiarum
1184 1180 1304 1225 eam
1322 1156 1525 1225 laedere
1550 1168 1751 1240 potuis-

153 1266 270 1311 set.
294 1252 357 1311 Β.
386 1254 586 1314 Thecla
607 1256 890 1327 respondit
919 1277 935 1314 :
965 1260 1060 1316 Dei
1087 1261 1193 1317 vivi
1239 1272 1442 1318 tantum
1494 1279 1613 1319 sum
1660 1278 1756 1317 an-

155 1348 308 1402 cilia.
338 1346 581 1403 Territus
607 1358 789 1404 autem
818 1352 1126 1420 proconsul,
1168 1354 1312 1425 quod
1350 1358 1513 1410 tanta:
1536 1354 1755 1411 virtutis

155 1451 343 1506 esset,
391 1439 619 1495 induens
663 1453 784 1495 eam
837 1442 1080 1500 vestibus
1107 1484 1124 1511 ,
1170 1446 1341 1501 edixit
1384 1447 1750 1504 sententiam:

159 1530 446 1598 Theclam,
492 1532 687 1603 inquit,
725 1533 946 1604 pietatis
986 1550 1051 1592 ac
1080 1537 1176 1594 Dei
1216 1539 1496 1597 cultricem
1543 1541 1750 1596 relaxo.

158 1622 398 1697 Dignam
441 1637 591 1690 vero,
610 1638 835 1685 reversa
864 1634 952 1684 est
986 1628 1046 1687 in
1072 1629 1291 1701 domum
1322 1631 1630 1703 Triphente,
1660 1632 1754 1688 ubi

160 1714 431 1789 reqmevit
470 1715 665 1786 paucis
704 1716 917 1786 diebus,
968 1719 1175 1793 decem
1197 1720 1527 1794 Tripbenam
1568 1734 1626 1782 et
1664 1726 1757 1783 do-

159 1820 313 1865 mum
499 1806 558 1865 in
590 1807 698 1867 ﬁde
738 1809 953 1869 Domini
999 1812 1170 1870 nostri
1212 1811 1343 1871 Jesu
1368 1813 1593 1871 Christi.
1624 1815 1753 1874 inde
1780 1804 1831 1866 Β

162 1912 403 1970 egressa,
432 1898 582 1961 venit
601 1898 925 1969 Seleuciam.
954 1902 1140 1975 ibique
1162 1907 1414 1978 exernplo
1442 1917 1498 1964 et
1521 1923 1755 1966 conver—

165 1989 376 2061 satione
395 1988 518 2061 rita:
546 1999 711 2061 atque
735 1992 900 2057 etiam
926 1994 1174 2055 doctrina
1198 1997 1462 2068 plurimos
1482 2001 1754 2065 erudiens,

163 2088 287 2153 post
326 2079 472 2136 mula
500 2082 803 2155 certamina
851 2083 1083 2155 duplicis
1123 2101 1343 2145 corona:
1365 2129 1382 2154 ,
1433 2090 1758 2163 virginitatis

532 2286 600 2341 Δ.
638 2287 758 2344 Vill
792 2288 953 2353 ΚΑΙ..
984 2290 1357 2353 θετοθιυε.

806 2379 900 2451 (2ι
932 2379 1109 2457 δάμεν)

239 2465 533 2539 Cettceptio
556 2467 616 2523 S.
641 2468 868 2528 Joannis
892 2474 1142 2546 baptista:
1170 2476 1406 2535 Domini.

242 2556 316 2615 Et
340 2557 401 2627 in
432 2559 837 2630 Augntoduno,
874 2565 1070 2622 natalis
1095 2566 1155 2623 ὃ.
1198 2568 1490 2638 Andocbii,
1534 2574 1760 2648 presby-

180 2650 304 2716 teri,
334 2650 527 2723 Tbyrsi
558 2653 783 2722 diaconi,
813 2666 871 2713 et
895 2657 1112 2716 Felicis.
1155 2660 1260 2729 Qui
1303 2677 1336 2719 a
1376 2674 1568 2721 sancto
1601 2665 1758 2740 Poly-

108 2784 125 2792 -
170 2755 341 2812 ctu-po
384 2743 639 2817 episeopo
682 2748 753 2803 ab
803 2747 1028 2806 Oriente
1079 2751 1276 2808 directi
1324 2755 1394 2811 ad
1459 2756 1757 2813 docendam

168 2833 421 2905 Gallium
468 2837 572 2895 sub
611 2838 905 2898 Aureliano
930 2843 1179 2915 principe
1214 2854 1345 2901 sunt
1371 2846 1760 2918 gloriosissime

170 2928 436 2999 wronati.
470 2928 755 3000 Siquidem
794 2932 1018 3006 ﬂagellis
1057 2938 1185 2993 caesi
1210 2978 1227 3004 ,
1271 2937 1327 2995 in
1374 2939 1602 3006 ultimo,
1644 2948 1760 2997 toto

172 3020 259 3085 die
284 3020 517 3083 inversis
538 3025 787 3081 manibus
804 3028 1075 3098 suspensi,
1102 3030 1236 3086 etin
1262 3030 1439 3103 ignem
1466 3033 1640 3097 missi,
1664 3034 1759 3089 sed

172 3126 278 3173 non
330 3113 621 3180 combusti,
664 3116 884 3175 tandem
926 3120 1171 3175 vectibus
1194 3120 1333 3177 colla
1354 3120 1644 3188 feriuntur,
1677 3130 1759 3177 at-

1853 527 1954 585 Cni
1981 530 2231 586 diabolus
2256 549 2270 585 :
2292 531 2490 587 Dicere
2527 531 2623 586 tibi
2657 544 2768 586 non
2795 544 3108 600 possumus,
3143 529 3249 584 nisi
3284 530 3440 600 prius

1846 622 1999 694 jures
2033 623 2189 679 mihi.
2214 623 2462 696 Cunique
2476 623 2787 697 Cyprianus
2822 621 2900 679 illi
2923 623 3184 695 jurasset,
3217 623 3295 677 ait
3322 623 3437 679 dia-

1850 715 2047 773 bolus:
2074 716 2196 771 Vidi
2236 718 2450 789 signum
2476 716 2755 784 Cruciiixi,
2784 725 2841 772 et
2860 718 3104 773 extimui.
3133 715 3438 788 Cyprianus

1851 807 2026 864 dixit:
2054 809 2214 879 Ergo.
2227 807 2532 866 Crueiiixus
2556 808 2732 879 major
2759 819 2813 865 te
2838 810 2955 865 est?
2992 809 3137 866 Dicit
3162 810 3216 864 ei
3254 809 3440 865 diabo-

1852 899 1939 963 ius
1964 914 1979 954 :
2003 899 2203 965 Etiam,
2230 899 2405 970 major
2432 902 2577 957 enim
2615 908 2700 957 est
2726 900 2992 957 omnium.
3021 900 3174 968 Quod
3211 898 3439 954 audiens

1853 991 2177 1064 Cyprianus,
2208 1003 2564 1051 contemnens
2596 997 2852 1052 virtutem
2877 994 3101 1061 diaboli,
3132 1002 3188 1049 et
3212 1007 3437 1048 currens

1854 1086 2005 1143 venit
2034 1087 2104 1142 ad
2133 1088 2445 1159 episcopum
2470 1086 2810 1153 Antbimum,
2838 1085 3144 1156 ceciditque
3182 1085 3250 1139 ad
3274 1086 3441 1156 pedes

1856 1178 1995 1249 ejus,
2043 1193 2243 1249 rogans
2289 1188 2348 1234 ut
2390 1180 2609 1235 doceret
2638 1194 2786 1241 enin,
2830 1186 2888 1233 et
2931 1176 3205 1247 baptismo
3237 1172 3440 1231 Christi

1856 1269 2222 1342 consignaret.
2253 1269 2455 1329 Beatus
2497 1280 2679 1349 autem
2707 1271 3012 1349 episc0pus,
3042 1266 3247 1338 gratias
3277 1281 3443 1336 agens

1856 1359 1990 1425 Deo,
2040 1360 2398 1416 catechizavit
2423 1344 2567 1416 eum.
2609 1358 2678 1415 Et
2731 1344 3011 1417 revertens
3046 1356 3344 1428 Cyprianus
3388 1355 3442 1410 in

1855 1450 2075 1507 domum
2117 1466 2293 1517 suam,
2321 1453 2504 1507 omnia
2542 1450 2684 1507 idola
2720 1449 3004 1521 confregit.
3035 1447 3189 1502 Tunc
3229 1446 3444 1501 rediens

1859 1545 1925 1598 ad
1964 1544 2276 1611 ecclesiam,
2314 1544 2603 1616 diligenter
2648 1544 2840 1600 salutis
2865 1543 3089 1598 verbum
3135 1539 3444 1596 auscultare

1857 1637 2039 1707 carpit.
2069 1635 2214 1691 Hora
2240 1637 2437 1692 deinde
2466 1636 2732 1701 residens,
2761 1650 2868 1706 qua
2895 1631 3272 1690 catechumeni
3295 1630 3445 1687 foras

1859 1729 2213 1784 mittebantur
2260 1728 2570 1795 ecclesiam,
2630 1729 2869 1784 monitus
2913 1736 2998 1782 est
3042 1742 3073 1783 a
3099 1726 3348 1781 diacono
3382 1732 3446 1780 ut

1859 1836 1980 1876 cum
2029 1822 2250 1892 reliquis
2294 1821 2699 1878 catechumenis
2728 1820 3098 1893 egrederetur.
3138 1818 3446 1876 Conversus

1859 1928 1988 1968 vero
2012 1914 2076 1968 ad
2096 1914 2401 1976 diaconum,
2429 1914 2562 1969 dicit
2588 1914 2637 1968 ei
2664 1932 2678 1967 :
2712 1911 2918 1969 Servus
2940 1911 3121 1968 factus
3141 1927 3260 1967 sum
3290 1910 3447 1967 Chri-

1860 2004 1951 2067 sti,
1976 2015 2030 2059 et
2059 2003 2207 2063 foras
2238 2019 2329 2059 me
2353 2005 2559 2059 mittis?
2582 2000 2724 2059 Dicit
2750 2004 2801 2060 ei
2834 2004 3091 2060 diaconus
3115 2021 3130 2057 :
3158 2002 3359 2059 Factus
3388 2017 3448 2057 es

1858 2095 2136 2166 perfectus
2179 2111 2371 2152 servus
2416 2095 2511 2151 Dei
2539 2094 2891 2168 iCyprianus
2918 2095 3057 2150 dixit
3083 2113 3096 2150 :
3122 2094 3267 2150 Vivit
3315 2092 3447 2149 mihi

1858 2187 2106 2245 Christus
2135 2186 2227 2258 qui
2246 2188 2523 2244 daemones
2544 2187 2810 2253 confudit,
2830 2198 2888 2243 et
2908 2187 3038 2243 mibi
3067 2186 3321 2242 misertus
3342 2194 3447 2253 est,

1858 2280 1985 2351 quia
2037 2294 2143 2335 non
2191 2294 2328 2335 exeo
2370 2279 2501 2335 hinc
2575 2279 2681 2335 nisi
2729 2279 3004 2350 perfectus
3055 2278 3211 2335 fuero
3260 2293 3451 2335 servus

1860 2370 2085 2428 Christi.
2115 2371 2387 2428 Diaconos
2421 2386 2552 2427 vero
2591 2371 2851 2427 Antbimo
2891 2373 3148 2443 episcopo
3189 2372 3306 2428 bmc
3361 2388 3447 2428 re-

1862 2466 2131 2523 nuntiavit
2157 2483 2174 2533 ;
2198 2466 2289 2538 qui
2322 2465 2619 2523 secundum
2646 2465 2890 2521 ordinem
2917 2467 3242 2521 instructum
3269 2466 3447 2536 bapti-

1863 2559 2008 2612 zavit
2034 2572 2185 2624 eum,
2223 2567 2279 2612 et
2312 2572 2420 2613 non
2452 2558 2618 2614 multo
2645 2568 2767 2629 post
2790 2561 2952 2613 etiam
2990 2559 3272 2614 diaconum
3300 2559 3442 2613 crdis

1862 2648 2147 2716 navit.Qui
2177 2648 2423 2704 doctrina
2450 2659 2505 2704 et
2526 2650 2789 2715 moribus,
2807 2650 3093 2721 plusquam
3120 2650 3227 2705 dici
3258 2650 3447 2721 possit,

1862 2755 2188 2797 excresceus
2232 2741 2619 2798 miraculorum
2668 2743 2841 2813 gratia
2892 2741 3308 2813 pratclarissime
3358 2742 3451 2798 ilo-

1862 2831 1990 2887 ruit.
2031 2832 2256 2901 Verum,
2282 2847 2390 2889 non
2429 2832 2599 2890 multo
2641 2834 2926 2905 interjecto
2973 2843 3236 2907 tempore,
3270 2833 3451 2890 factus

1863 2931 1947 2979 est
2000 2923 2305 2996 episcopus,
2337 2936 2692 2997 sanctamque
2718 2925 2986 2982 Justinam
3028 2935 3256 2982 matrem
3284 2925 3452 2996 virgi-

1864 3028 1993 3070 num
2023 3016 2322 3072 constituit.
2349 3015 2590 3086 Quorum
2629 3017 2885 3074 virtutem
2914 3033 3024 3074 non
3054 3017 3238 3074 ferens
3265 3017 3452 3072 diabo-

1863 3103 1971 3172 lus,
2016 3121 2116 3177 per
2158 3107 2420 3165 satellites
2459 3124 2588 3166 suos
2636 3109 2777 3181 apud
2826 3110 3155 3167 Eutolmium
3199 3109 3453 3166 comitem

174 3216 278 3274 que
296 3202 372 3269 ita
392 3204 714 3278 martyrium
735 3221 894 3264 suum
908 3209 1300 3281 gloriosissime
1327 3168 1755 3285 compleverunt,

1866 3168 2106 3255 Orientis
2147 3201 2259 3270 egit
2307 3208 2370 3255 ut
2402 3168 2967 3272 comprehenderetur
3003 3200 3304 3274 Cyprianus
3340 3201 3455 3273 epi-

174 3300 367 3351 cctavo
386 3292 657 3371 Kakndas
692 3294 966 3357 Octobris.

563 3409 628 3466 Β.
670 3411 762 3468 VII
795 3412 957 3470 ΚΑΙ...
997 3412 1363 3473 OCTOBRIS.

839 3526 911 3582 25
947 3526 1094 3584 Sent.

839 3526 874 3581 2
1080 3569 1094 3584 .

247 3619 274 3650 ⁸
290 3611 494 3672 Natalis
508 3616 569 3672 Β.
587 3527 856 3690 Οιεοριιαξ,
876 3524 1249 3679 iuistinus
1261 3628 1386 3696 post
1406 3614 1765 3684 resurrectio-

176 3720 307 3764 nem
333 3708 389 3764 in
410 3712 497 3766 via
525 3713 794 3783 apparuit.

254 3798 520 3874 Ingduni,
540 3807 714 3862 sancti
739 3805 879 3881 Lupi
901 3809 1143 3882 episcopi
1167 3827 1232 3866 ex
1256 3813 1604 3870 anachoreta.

585 3941 647 4000 C.
686 3943 755 4001 Vl
791 3943 950 4001 ΚΑΙ...
988 3944 1349 4005 OCTOBRIS.

823 4035 917 4110 (26
954 4033 1122 4110 Sept.)

1865 3302 2083 3358 seupus,
2117 3296 2174 3343 et
2200 3290 2353 3361 virgo
2374 3288 2576 3347 Christi
2600 3289 2834 3348 Iustina.
2866 3290 3035 3363 Cujus
3058 3299 3187 3347 ante
3217 3304 3449 3365 conspe-

1864 3388 2016 3435 ctum
2064 3379 2296 3436 vinculis
2340 3380 2510 3454 ligati,
2563 3397 2687 3440 cum
2729 3382 2962 3440 fuissent
2999 3384 3237 3450 adducti,
3270 3399 3456 3442 comes

1864 3471 2005 3529 dixit
2030 3473 2099 3527 ad
2142 3473 2363 3529 beatum
2406 3473 2887 3546 Cyprianum:’l‘u
2914 3491 2977 3533 es
3010 3474 3314 3548 Cyprianus
3356 3478 3453 3532 do-

1867 3572 1988 3621 ctor
2019 3564 2475 3631 Christianorum,
2502 3566 2594 3637 qui
2622 3580 2720 3637 per
2740 3565 3004 3622 maleﬁcia
3040 3567 3241 3623 multos
3266 3582 3457 3625 errare

1866 3654 2083 3712 fecisti?
2107 3655 2310 3721 Beatus
2331 3656 2635 3729 Cyprianus
2657 3656 2795 3713 dixit
2819 3675 2832 3710 :
2855 3654 3161 3731 Aliquando
3188 3657 3245 3712 in
3270 3658 3457 3729 perdi-

1870 3748 2017 3805 tione
2044 3749 2350 3805 daemonum
2375 3749 2604 3821 positus,
2636 3748 2836 3805 multos
2856 3748 3161 3805 lumriosos
3185 3747 3288 3805 feci
3313 3766 3327 3803 :
3352 3752 3452 3806 sed

1870 3841 2098 3898 salvavit
2142 3856 2233 3897 me
2251 3839 2398 3897 Deus
2418 3856 2519 3913 per
2553 3842 2819 3914 virginem
2843 3838 3135 3908 Iustinum,
3167 3841 3292 3897 dum
3328 3855 3452 3897 eam

1868 3945 1969 4005 per
1996 3934 2260 3991 daamonia
2304 3943 2515 3989 tentare
2564 3933 2780 4001 vellem,
2810 3948 2930 4004 quae
2980 3932 3067 3987 illa
3114 3932 3218 3989 ilde
3248 3931 3454 3989 Christi

1870 4033 2080 4081 armata
2117 4040 2217 4095 per
2246 4025 2430 4081 omnia
2456 4026 2800 4096 contempsit.
2836 4023 3033 4081 Comes
3061 4025 3276 4096 iniquus
3294 4023 3459 4093 jussit

192 4196 199 4203 τ
247 4129 445 4190 Natale
482 4137 792 4186 sanctorum
816 4139 1118 4202 martyrum
1147 4128 1401 4202 Cypriani
1446 4132 1685 4205 episcopi
1716 4143 1760 4190 et

1873 4125 2117 4175 sanctum
2156 4119 2466 4189 episcopum
2502 4127 2624 4190 post
2671 4120 2785 4174 hac
2819 4119 3098 4190 suspendi,
3141 4128 3197 4174 et
3222 4133 3460 4190 exungu-

177 4223 405 4289 Justina:
431 4238 446 4278 :
475 4222 565 4293 qui
586 4222 729 4293 passi
756 4230 883 4279 sunt
912 4223 1014 4279 sub
1054 4222 1389 4281 Diocletiano
1417 4226 1769 4297 imperatore,

170 4314 356 4388 iudice
408 4312 694 4387 Eutolmio.
753 4312 979 4369 Justinze
1014 4322 1171 4385 pater
1218 4324 1340 4373 erat
1386 4317 1585 4375 Dusius
1628 4320 1771 4390 apud

176 4407 457 4483 civitatem
486 4404 853 4461 Antiochiam.
883 4403 988 4472 Qui
1011 4406 1152 4463 viam
1186 4406 1461 4479 religionis
1482 4425 1514 4464 a
1543 4410 1772 4467 diacono

1872 4210 2014 4277 lari;
2040 4211 2254 4268 beatam
2276 4225 2406 4269 vero
2431 4210 2699 4267 Justinam
2727 4223 2849 4283 post
2883 4213 3086 4282 alapas,
3114 4213 3297 4267 crudis
3329 4227 3458 4268 ner-

1876 4304 1957 4359 vis
1997 4303 2309 4359 immaniter
2335 4303 2507 4370 czedi;
2539 4303 2735 4363 deinde
2775 4313 3020 4360 sanctum
3055 4304 3368 4374 episcopum
3404 4303 3460 4358 in

1877 4410 2099 4452 carcere
2126 4393 2353 4459 recludi,
2380 4402 2435 4450 et
2456 4402 2701 4451 sanctam
2733 4393 2993 4464 virginem
3023 4394 3078 4449 in
3101 4394 3263 4450 domo
3286 4392 3462 4462 cujus-

175 4497 400 4553 nomine
427 4493 679 4555 Probelio
707 4493 1006 4563 audientes,
1036 4495 1299 4568 baptizati
1332 4507 1464 4557 sunt
1507 4515 1537 4555 a
1578 4508 1760 4559 sancte

1875 4488 1998 4543 dam
2024 4495 2285 4543 matronae
2310 4485 2590 4543 custodiri.
2617 4485 2721 4553 Qui
2747 4494 2870 4555 post
2896 4485 3102 4556 aliquot
3125 4486 3245 4542 dies
3281 4486 3337 4541 in
3371 4488 3456 4544 sui

175 4588 435 4658 episcopo
459 4585 675 4656 Optato.
710 4584 876 4657 Virgo
908 4594 1090 4641 autem
1134 4585 1366 4653 Iustina,
1394 4588 1624 4647 Domino
1654 4607 1769 4649 ser-

171 4679 349 4739 viens,
404 4674 783 4747 frequentabat
809 4675 1114 4749 ecclesiam.
1145 4676 1300 4735 Hanc
1325 4678 1585 4750 Agladius
1610 4682 1770 4738 scho—

173 4768 405 4847 lasticus
439 4765 649 4837 videns,
694 4766 901 4822 exarsit
946 4768 1016 4825 ob
1066 4783 1308 4829 amorem
1356 4769 1495 4840 ejus.
1529 4770 1595 4825 Et
1644 4788 1768 4827 cum

172 4857 327 4936 nullo
376 4857 536 4913 modo
596 4865 780 4929 posset
838 4857 1147 4931 pertingere
1203 4857 1270 4914 ad
1322 4859 1511 4929 illam,
1560 4863 1772 4932 rogavit

171 4936 515 5035 Cyprianum
543 4963 782 5035 magum,
800 4948 1162 5033 promisitque
1192 4949 1242 5005 ei
1271 4949 1379 5007 duo
1402 4952 1602 5015 talenta
1627 4952 1767 5020 auri,

170 5022 230 5099 si
252 5022 521 5121 virginem
544 5022 905 5123 iuglandis
926 5055 1186 5123 amorem
1229 5042 1347 5117 ejus
1370 5043 1613 5103 excitare
1644 5060 1770 5116 pos-

170 5143 281 5190 set.
320 5114 635 5208 JCyp'rianus
674 5112 856 5189 autem
901 5112 1131 5237 magus,
1155 5112 1362 5189 vocatis
1411 5112 1766 5201 daemonibus,

307 5216 339 5237 υ
402 5212 407 5223 ¹
438 5214 443 5225 ¹
514 5218 519 5223 ⁵
580 5216 583 5221 “
615 5218 625 5237 Ἀ
693 5226 705 5237 ι
779 5226 790 5237 ο
953 5226 1006 5237 ιιι
1115 5225 1146 5237 Α.
1223 5226 1235 5237 ι
1337 5229 1347 5237 ι
1370 5226 1384 5237 1
1602 5236 1606 5237 ,
1672 5227 1704 5237 Α
1753 5228 1764 5237 ι

169 5216 347 5300 εαῳίὶ
382 5212 545 5301 agere
572 5216 634 5281 ut
655 5226 919 5298 virginem
948 5212 1238 5304 Christi‘ei
1282 5226 1632 5283 adducerent.
1664 5227 1767 5295 Qui

171 5306 371 5384 scriiel,
403 5304 488 5373 bis
522 5327 579 5373 et
618 5319 779 5374 tertio
806 5318 1090 5373 venientes
1119 5317 1188 5373 ad
1225 5319 1443 5375 beatam
1471 5319 1763 5387 Justinam,

168 5408 320 5483 nihil
349 5392 490 5480 apud
523 5408 668 5463 illam
698 5409 813 5466 suis
853 5409 1266 5485 deceptionibus
1292 5410 1582 5483 valuerunt
1607 5428 1620 5478 ;
1648 5411 1763 5478 sed,

169 5500 339 5572 signo
386 5499 563 5555 crucis
618 5498 842 5572 repulsi,
884 5500 1015 5556 victi
1062 5508 1428 5571 recesserunt.
1469 5500 1771 5572 Cyprianus

165 5603 316 5645 vero
345 5605 469 5644 cum
498 5590 711 5646 illorum
748 5590 1006 5661 virtutem
1036 5580 1298 5664 adversus
1326 5592 1588 5663 virginem
1627 5595 1769 5650 haud

164 5694 459 5756 quaquam
510 5683 741 5738 valuisse
776 5683 1006 5748 videret,
1049 5682 1181 5739 dicit
1221 5685 1289 5740 ad
1336 5684 1645 5741 diabolum:
1678 5688 1769 5743 Dic

196 5784 207 5797 ‘
252 5805 285 5837 ι
327 5794 467 5851 Vide
495 5794 585 5850 lib.
612 5796 678 5852 de
706 5772 854 5851 ιτὲει.
888 5796 1078 5867 Apost.

1876 4583 2220 4656 praesentiam
2256 4582 2526 4647 reductos,
2558 4581 2611 4636 in
2646 4580 2924 4652 sartagine
2950 4579 3127 4636 ferrea
3147 4578 3311 4649 jussit
3348 4588 3459 4637 tor-

1877 4676 2007 4742 reri,
2042 4676 2240 4745 picem,
2284 4675 2497 4745 adipem
2526 4683 2582 4729 et
2606 4688 2787 4732 ceram
2817 4673 3050 4743 desuper
3079 4673 3345 4731 ministris
3374 4673 3459 4728 in-

1877 4768 2248 4826 fundentibus.
2298 4767 2364 4822 Et
2413 4783 2539 4824 cum
2580 4767 2655 4823 ibi
2685 4765 2897 4822 laudem
2940 4766 3299 4838 omnipotenti
3350 4765 3462 4820 Deo

1879 4863 2139 4927 dicereut,
2179 4858 2514 4916 Athanasius
2552 4859 2807 4915 sacerdos
2856 4859 3122 4915 idolorum
3167 4858 3462 4931 postulavit

1879 4955 2152 5020 comitem,
2186 4952 2411 5009 dicens:
2437 4949 2631 5008 lubeat
2668 4950 2889 5007 claritas
2909 4960 3024 5017 tua,
3055 4960 3113 5007 et
3151 4952 3209 5007 in
3236 4951 3457 5007 nomine

1875 5048 2101 5103 deorum
2122 5045 2334 5102 vincam
2356 5044 2610 5100 virtutem
2644 5042 3096 5100 Christianorum.
3128 5045 3196 5100 Et
3218 5060 3341 5099 cum
3363 5057 3462 5113 ap-

1870 5139 2292 5210 pmpinquasset
2320 5138 2387 5193 ad
2409 5136 2765 5208 sartaginem,
2790 5137 2971 5208 erupit
3002 5136 3217 5192 ﬂamma
3249 5145 3306 5191 et
3326 5150 3460 5191 eon-

1873 5232 2102 5301 sumpsit
2142 5230 2310 5287 illum.
2358 5229 2578 5296 Comes,
2626 5230 2868 5299 acceptis
2906 5238 2988 5286 tot
3010 5228 3304 5294 miraculis,
3336 5242 3458 5299 qua:

1872 5321 2121 5383 Christus
2149 5325 2203 5380 in
2235 5324 2411 5379 servis
2435 5324 2551 5380 suis
2593 5323 2942 5393 operabatur,
2977 5322 3193 5393 scripsit
3233 5323 3459 5392 impera-

1876 5418 1985 5475 tori
2037 5418 2167 5489 quid
2210 5431 2375 5488 super
2401 5417 2481 5473 eis
2500 5415 2738 5487 juberet.
2771 5415 2872 5483 Qui
2914 5416 3192 5486 rescripsit
3237 5422 3296 5468 ut
3326 5413 3462 5470 diri-

1876 5519 2134 5583 gerentur
2160 5508 2551 5576 Nicomediam,
2578 5516 2635 5564 et
2654 5508 2729 5563 ibi
2764 5507 2941 5579 gladio
2980 5505 3289 5561 ferirentnr.
3329 5505 3461 5563 Per-

1876 5602 2022 5657 ducti
2054 5600 2220 5672 igitur
2242 5604 2311 5659 ad
2340 5601 2516 5657 locum
2548 5608 2677 5656 sunt
2703 5598 3094 5664 decollationis,
3124 5606 3181 5653 et
3199 5599 3335 5655 vidit
3361 5606 3459 5658 eos

1875 5694 2093 5766 quidam
2112 5692 2454 5750 Christianus
2484 5691 2812 5763 Theoguitus
2837 5689 3251 5767 [Theognidusj,
3285 5700 3343 5751 et
3366 5702 3463 5751 ao-
