3962 6366
201 471 313 527 369

849 456 1455 527 MARTYROLOGIUM
1494 455 1643 514 CUM
1679 452 2217 512 ADDlTAMENTlS.
2261 483 2326 495 -
2365 453 2572 510 MENS.
2615 453 2809 512 SEPT.

3381 460 3484 512 57a

201 583 364 656 quasi
409 579 644 638 hominis
691 574 916 648 vestigia
958 575 1219 631 marmori
1256 571 1460 628 arctius
1509 571 1797 641 impressa,
1823 565 2166 634 Aministris
2192 566 2389 638 erepti,
2431 567 2624 624 deinde
2669 569 2725 623 in
2776 568 2951 640 ignem
3001 568 3150 624 missi
3187 580 3331 624 sunt.
3387 569 3488 626 Ve-

200 682 618 748 agnoscuntque
652 669 871 726 beatum
904 665 1224 724 Michaelem
1261 663 1562 736 pmsentize
1589 678 1699 720 suae
1721 661 1796 718 si-

200 782 375 840 gnum
401 765 637 822 voluisse
661 768 971 819 monstrare
996 776 1012 826 ;
1042 757 1134 814 ubi
1155 766 1342 829 postea
1370 755 1605 812 culmine
1631 769 1796 826 appo-

199 863 336 925 sito,
383 868 439 914 et
471 857 630 913 altari
680 854 962 926 imposito,
996 855 1110 922 ipsa
1145 852 1215 908 ob
1260 852 1414 923 signa
1445 849 1794 921 vestigiorum

199 951 524 1024 Appodonia
544 959 629 1006 est
648 957 862 1004 vocata.
895 946 960 1000 Et
981 942 1320 1017 postmodum
1341 941 1628 996 collatione
1653 939 1796 995 facta

201 1045 516 1118 Sipontini,
560 1042 629 1098 ad
675 1040 950 1114 Orientem
1000 1038 1104 1094 loci
1151 1037 1313 1101 illius,
1359 1034 1420 1089 Β.
1471 1034 1616 1090 Petri
1673 1048 1797 1104 apo-

200 1137 472 1194 stolorum
516 1132 781 1205 principis
819 1129 1038 1185 nomine
1082 1127 1320 1183 condunt
1365 1124 1669 1181 ecclesiam.
1699 1122 1799 1177 lte-

200 1245 332 1285 rum
351 1226 598 1283 Romano
621 1221 878 1296 pontiﬁce
899 1229 955 1275 et
983 1217 1271 1288 Sipontino
1291 1215 1546 1286 episcOpo
1575 1214 1640 1268 de
1669 1228 1798 1268 con-

201 1318 514 1376 secratione
542 1316 641 1372 loci
675 1313 844 1385 ipsius
872 1309 1258 1382 quaerentibus,
1290 1322 1354 1362 ac
1381 1313 1668 1376 propterea
1702 1303 1797 1359 tri-

199 1409 448 1465 duanum
489 1405 750 1478 jejunium
804 1417 926 1459 cum
969 1400 1180 1457 civibus
1219 1399 1331 1454 suis
1375 1395 1793 1462 celebrantibus,

203 1509 370 1555 noete
395 1497 586 1568 jejunii
627 1509 878 1566 suprema
918 1501 1138 1549 sanctus
1165 1488 1394 1546 Michael
1421 1489 1674 1560 episcopo
1711 1486 1800 1542 Si-

203 1591 435 1664 pontino
475 1604 572 1660 per
598 1588 860 1642 visionem
889 1600 1178 1656 apparens,
1208 1583 1416 1638 monuit
1445 1591 1505 1637 ut
1528 1582 1800 1636 intrarent

204 1681 516 1746 ecclesiam,
539 1694 700 1749 quam
722 1679 835 1748 ipse
862 1677 1083 1740 dicavit,
1108 1684 1166 1730 et
1187 1674 1383 1731 missas
1403 1672 1559 1743 juxta
1591 1687 1796 1728 morem

206 1773 286 1828 ibi
314 1779 553 1844 agerent.
587 1769 789 1834 Meum,
843 1768 1039 1838 inquit,
1077 1767 1182 1822 erit
1208 1765 1496 1822 ostendere
1526 1762 1798 1834 quomodo

206 1878 308 1935 per
349 1862 726 1933 memetipsum
776 1860 953 1916 locum
993 1857 1451 1915 consecraverim.
1489 1856 1799 1912 Adveniunt

1897 660 2081 715 niente
2106 668 2300 730 autem
2331 674 2457 715 mox
2494 659 2674 730 pluvia
2701 661 3026 724 vehementi,
3055 660 3325 716 exstincta
3350 677 3488 734 pyra

1898 757 1955 812 in
1979 755 2124 812 nullo
2164 755 2380 826 penitus
2421 756 2557 822 laesi,
2594 756 2886 812 novissime
2914 754 3092 826 gladio
3118 756 3491 823 consummati

1900 858 2046 906 sunt.
2077 849 2120 904 E
2156 849 2353 920 quibus
2381 858 2600 905 sanctus
2629 849 2818 905 Victor
2845 848 2913 904 ad
2942 848 3133 903 urbem
3163 859 3189 888 ιι
3221 846 3489 904 Janaven—

1899 944 2040 998 sium
2071 942 2388 1007 translatus,
2433 941 2820 998 miraculorum
2849 940 3022 1013 gloria
3059 942 3490 1013 etgveneratione

1899 1032 2139 1087 ﬁdelium
2170 1031 2498 1088 celebratur.

1968 1123 2100 1179 Item
2129 1124 2270 1195 apud
2308 1123 2618 1180 Bethlehem
2650 1121 2820 1188 Iudae,
2855 1123 3122 1194 depositio
3151 1123 3323 1178 sancti
3364 1121 3492 1178 Hie-

1898 1213 2480 1286 ronymi.preshyteri.
2526 1213 2625 1268 Hic
2673 1222 2829 1268 natus
2859 1213 2912 1268 in
2956 1213 3152 1284 Oppido
3181 1199 3490 1277 'Stridonis,

1898 1307 2041 1375 quod
2092 1306 2374 1361 Dalmatia:
2420 1305 2689 1376 quondam
2734 1305 3138 1376 Pannonimque
3198 1304 3492 1360 conﬁnium

1899 1397 2022 1465 fuit,
2061 1408 2217 1470 patre
2254 1399 2507 1463 Eusebio,
2537 1409 2743 1455 vestem
2770 1399 2968 1454 Christi
2995 1412 3128 1470 puer
3156 1399 3342 1453 Romae
3371 1411 3492 1453 sus-

1899 1493 2061 1562 cepit,
2101 1492 2282 1563 ibique
2323 1491 2520 1547 litteris
2556 1491 2760 1552 Graecis
2807 1506 2871 1547 ac
2912 1490 3117 1546 Latinis
3164 1505 3194 1544 a
3235 1489 3492 1559 primaevo

1900 1584 2148 1641 eruditus
2194 1593 2294 1640 est.
2333 1583 2624 1654 Postquam
2673 1593 2851 1638 autem
2893 1598 3053 1636 omne
3095 1581 3493 1635 mundanarum

1899 1674 2136 1731 studium
2181 1673 2487 1729 litterarum
2531 1674 2757 1745 adeptus
2805 1681 2932 1739 est,
2980 1671 3492 1744 probatissimorum

1898 1780 2115 1836 quoque
2155 1765 2543 1820 monachorum
2594 1765 2837 1820 habitum
2891 1762 3206 1833 factumque
3249 1761 3492 1816 imitatus

1899 1864 2003 1921 est,
2040 1854 2299 1911 Romana:
2324 1855 2580 1912 Ecclesiae
2605 1857 2890 1928 presbyter
2909 1857 3251 1926 postmodum
3274 1853 3492 1909 ordina-

206 1970 367 2012 mane
393 1969 516 2010 cum
544 1951 932 2015 oblationibus,
962 1959 1018 2005 et
1048 1964 1240 2020 magna
1278 1948 1536 2004 instantia
1571 1961 1796 2017 precum
1826 1937 1878 2002 Β
1904 1956 2010 2002 tur.
2052 1947 2302 2018 Dumque
2325 1963 2422 2018 per
2444 1947 2737 2002 triennium
2763 1947 3077 2003 continuum
3112 1946 3310 2002 charus
3335 1956 3494 1998 acce-

208 2047 411 2103 intrant
446 2044 648 2115 regiam
681 2042 1008 2099 Australem.
1041 2040 1110 2096 Et
1136 2055 1263 2097 ecce
1295 2039 1449 2111 longa
1476 2040 1716 2111 porticus
1740 2039 1796 2094 in

205 2139 526 2213 Aquilonem
565 2145 838 2208 porrecta,
877 2144 1040 2206 atque
1079 2134 1223 2189 illam
1253 2133 1524 2204 attingens
1552 2140 1798 2202 posteru-

207 2229 350 2296 lam,
397 2239 550 2286 extra
607 2243 769 2300 quam
819 2225 1046 2298 vestigia
1093 2224 1350 2280 marmori
1405 2224 1643 2280 diximus
1691 2224 1797 2280 im-

206 2337 416 2396 pressa.
461 2321 568 2378 Sed
619 2321 933 2391 priusquam
981 2318 1089 2373 huc
1141 2317 1410 2382 venirent,
1461 2324 1685 2386 apparet
1729 2316 1798 2372 ad

210 2413 487 2471 Orientem
513 2411 739 2470 basilica
767 2409 1105 2482 pergrandis,
1139 2424 1244 2479 qua
1268 2424 1367 2480 per
1390 2407 1589 2480 gradus
1616 2422 1803 2464 ascen.

212 2503 378 2559 ditur.
407 2502 532 2558 Haec
559 2516 682 2558 cum
710 2504 826 2571 ipsa
849 2498 1062 2572 porticu
1089 2513 1187 2554 sua
1211 2497 1536 2568 quingentos
1562 2495 1678 2552 fere
1705 2495 1802 2553 bo-

219 2592 395 2648 mines
421 2606 611 2662 capere
635 2591 935 2654 videbatur,
975 2589 1148 2644 altare
1183 2587 1574 2654 venerandum,
1603 2588 1799 2643 rubro-

221 2699 331 2756 que
365 2692 668 2755 coopertum
695 2681 934 2754 palliolo,
966 2695 1132 2752 prope
1162 2680 1399 2736 medium
1436 2679 1664 2750 parietis
1691 2678 1801 2735 Mc-

217 2774 430 2831 ridiano
455 2774 758 2830 ostendens.
785 2773 913 2830 Erat
943 2781 1124 2829 autem
1156 2773 1270 2842 ipsa
1299 2772 1492 2827 domus
1517 2770 1797 2842 angulosa,

212 2879 327 2920 non
361 2865 414 2919 in
445 2879 651 2920 morem
677 2864 859 2934 operis
884 2863 1104 2919 humani
1134 2862 1430 2934 parietibus
1456 2861 1674 2927 erectis,
1703 2861 1800 2918 sed

211 2957 388 3014 instar
429 2957 700 3030 spelunca:
744 2957 1054 3029 praeruptis,
1097 2964 1153 3013 et
1195 2956 1392 3028 saepius
1437 2953 1803 3013 eminentibus

209 3057 462 3121 asperata
495 3048 752 3121 scopulis.
797 3047 1042 3105 Culmine
1069 3062 1285 3119 quoque
1317 3056 1538 3119 petroso
1573 3047 1804 3104 diversae

210 3145 543 3212 altitudinis;
576 3144 718 3216 quod
755 3144 846 3201 hic
879 3144 1084 3200 vertice
1127 3141 1296 3215 tangi,
1336 3141 1465 3198 alibi
1507 3157 1671 3198 manu
1708 3141 1802 3197 vix

209 3235 384 3306 possit
407 3235 599 3306 attingi
629 3255 642 3291 :
673 3235 858 3301 credo,
885 3236 1112 3292 docente
1139 3232 1486 3304 archangelo,
1511 3233 1800 3289 Dominum

210 3341 322 3382 non
367 3337 620 3382 ornatum
667 3326 928 3398 lapidum,
962 3327 1056 3383 sed
1085 3327 1262 3392 cordis
1301 3341 1545 3398 quaerere
1584 3335 1642 3383 et
1681 3326 1803 3382 dili-
1828 3306 1876 3372 (ἶ

209 3430 340 3488 gere
397 3417 708 3488 puritatem.
759 3417 947 3474 Nullus
995 3426 1175 3473 autem
1225 3418 1333 3474 huc
1393 3427 1661 3474 nocturno
1717 3427 1802 3475 est

210 3518 454 3580 tempore
479 3525 644 3566 ausus
669 3511 909 3583 ingredi;
957 3510 1051 3568 sed
1074 3526 1270 3566 aurora
1301 3519 1593 3576 transacta,
1625 3519 1803 3565 matus

211 3600 359 3656 tinos
388 3600 585 3658 ibidem
627 3604 849 3658 canta‘nt
886 3602 1136 3674 hymnos.
1168 3601 1245 3658 Ex
1285 3603 1401 3674 ipso
1434 3611 1613 3658 autem
1643 3617 1798 3666 saxo,

209 3706 323 3764 quo
343 3707 496 3748 sacra
517 3694 821 3765 contegitur
839 3695 980 3751 aedes
1004 3695 1073 3749 ad
1099 3693 1419 3766 Aquilonem
1445 3694 1654 3761 altaris,
1683 3693 1802 3751 dul-

215 3781 299 3837 cis
323 3792 378 3838 et
405 3783 630 3839 nimium
668 3783 845 3839 lucida
881 3785 1132 3856 guttatim
1172 3799 1310 3854 aqua
1336 3781 1610 3848 dilabitur,
1636 3800 1801 3856 quam

211 3873 407 3931 incola:
435 3873 648 3930 Stillam
674 3882 888 3932 vocant.
921 3872 1002 3929 0b
1032 3875 1136 3932 hoc
1171 3875 1404 3930 vitreum
1429 3889 1526 3930 vas
1553 3873 1798 3944 ejusdem

209 3968 456 4037 receptui
498 3974 878 4039 praeparatum.
921 3965 1163 4037 Denique
1190 3964 1430 4020 nonnulli
1461 3973 1584 4035 post
1611 3965 1800 4037 longas

207 4057 448 4114 febrium
479 4056 744 4124 ﬂammas,
774 4055 879 4113 bac
903 4057 1096 4112 hausta
1124 4056 1290 4122 stilla,
1318 4054 1482 4111 celeri
1511 4054 1798 4111 confestim

208 4151 501 4223 refrigerio
542 4153 824 4224 potiuntur
869 4150 1080 4207 salutis.
1130 4149 1436 4205 lnnumeris
1483 4163 1696 4220 quoque
1743 4155 1800 4203 et

209 4243 341 4300 aliis
369 4243 543 4300 modis
579 4243 652 4299 ibi
681 4253 737 4299 et
765 4242 956 4298 crebro
981 4249 1242 4298 sanantur
1271 4238 1491 4312 aegroti;
1519 4246 1576 4294 et
1605 4236 1798 4304 multa,

210 4334 459 4407 angelica
491 4342 699 4391 tantum
735 4334 847 4390 illic
883 4341 1150 4406 potestate
1169 4372 1185 4399 ,
1216 4331 1328 4403 geri
1361 4329 1621 4386 miracula
1651 4344 1802 4386 com-

208 4427 495 4502 probatur.
550 4425 657 4483 Sed
707 4441 814 4482 non
857 4424 1026 4480 multo
1072 4433 1195 4495 post
1240 4421 1426 4478 Romae
1471 4419 1798 4477 venerabilis

209 4519 383 4574 etiam
405 4515 715 4573 Bonifacius
735 4515 978 4588 pontifex
1005 4513 1289 4570 ecclesiam
1317 4513 1492 4568 sancti
1521 4511 1799 4568 Michaelis

210 4612 436 4669 nomine
477 4618 842 4668 constructam
889 4607 1173 4673 dedicavit,
1216 4606 1270 4661 in
1315 4604 1624 4662 summitate
1651 4603 1798 4661 Circi

211 4703 510 4776 cryptatim
539 4701 679 4758 miro
705 4713 870 4771 opere
909 4668 1170 4754 altissime
1195 4705 1526 4768 porrectam.
1560 4694 1715 4752 Unde
1741 4703 1798 4752 et
1821 4668 1877 4729 D

209 4798 363 4855 idem
403 4795 554 4853 locus
599 4795 652 4852 in
700 4793 1010 4850 summitate
1034 4806 1130 4848 sua
1176 4789 1461 4847 continens
1485 4787 1793 4856 ecclesiam,

207 4889 536 4947 lnternubes
559 4888 697 4946 situs
731 4893 974 4943 vocatur.

600 5020 667 5078 (ἱ.
704 5019 932 5078 PRlDlE
964 5015 1120 5074 ΚΑΙ..
1161 5013 1407 5074 OCTOB.

865 5133 958 5207 (so
983 5129 1150 5204 Sept.)

287 5249 350 5306 In
381 5247 592 5318 Galliis,
619 5256 800 5306 castro
819 5246 1101 5314 Solodoro,
1132 5246 1277 5318 quod
1300 5254 1384 5302 est
1411 5259 1573 5317 super
1601 5242 1803 5317 [Auru-

214 5341 354 5418 lam]
381 5342 605 5400 Arulam
649 5342 892 5407 ﬂuvium,
933 5341 1116 5412 passio
1154 5348 1465 5396 sanctorum
1503 5347 1800 5409 martyrum

213 5435 456 5495 Victoris
490 5443 548 5492 et
585 5433 731 5498 Ursi,
775 5448 846 5488 ex
895 5432 1129 5504 gloriosa
1173 5431 1383 5503 legione
1422 5430 1799 5488 Thebanorum.

214 5528 326 5600 Qui
358 5543 484 5584 cum
513 5526 643 5584 illuc
667 5524 906 5582 furorem
935 5523 1247 5580 Maximiani
1279 5523 1492 5596 tyranni
1522 5521 1801 5578 declinan-

215 5630 306 5678 tes
329 5619 700 5686 secessissent,
731 5619 900 5690 ipsius
922 5615 1077 5687 jussu
1110 5616 1246 5674 tenti
1281 5616 1350 5672 ab
1369 5615 1606 5688 Hyrtaco
1643 5628 1801 5671 exse-

217 5721 433 5780 cutore,
456 5711 634 5783 primo
657 5711 791 5768 diris
814 5709 1091 5783 suppliciis
1111 5709 1408 5767 excruciati
1431 5724 1447 5775 ;
1474 5708 1570 5765 sed
1589 5705 1802 5764 caelesti

217 5818 388 5874 super
431 5817 524 5859 eos
570 5802 775 5860 lumine
815 5809 1156 5870 coruscante,
1194 5801 1474 5860 ruentibus
1502 5801 1557 5858 in
1598 5808 1801 5858 terram

298 5929 324 5970 ρ
343 5916 737 5986 Jenavsnsittm,
761 5917 923 5984 vulgo
943 5915 1320 5974 Januensium.

1902 2041 2362 2120 ptusquepopulis
2388 2049 2764 2106 veneraretur,
2795 2040 3147 2110 omniumque
3175 2037 3382 2110 judicio
3409 2035 3492 2092 di-

1900 2151 2038 2208 gnus
2081 2151 2205 2192 esse
2236 2151 2450 2191 summo
2493 2135 2800 2192 sacerdotio
2830 2137 3232 2200 decerneretur,
3268 2133 3489 2205 quidam

1900 2243 1967 2283 ex
2005 2227 2326 2284 clericorum
2378 2229 2880 2299 monachorumque
2915 2228 3216 2292 ordinibus,
3264 2242 3364 2298 pro
3395 2240 3490 2298 pe-

1903 2320 2148 2386 tulantia,
2193 2335 2402 2392 proque
2447 2320 2687 2392 ingluvie
2721 2320 3112 2386 discursantes,
3142 2318 3210 2375 ad
3251 2317 3495 2391 eﬂ‘ugan-

1902 2413 2031 2467 dum
2059 2411 2206 2468 Urbe
2246 2410 2655 2483 Hieronymum,
2689 2411 2782 2481 qui
2819 2420 3110 2482 utrumque
3135 2425 3323 2467 eorum
3360 2407 3497 2464 scri-

1901 2505 2036 2561 bens
2093 2504 2283 2559 vitium
2333 2505 2800 2576 deprehenderat,
2868 2505 3096 2562 insidias
3141 2512 3490 2578 paraverunt.

1903 2597 2108 2653 Verum
2136 2597 2250 2668 ipse
2279 2607 2502 2670 propter
2526 2598 2790 2654 caelorum
2812 2613 3003 2671 regna,
3030 2599 3269 2662 domum,
3297 2613 3494 2669 paren-

1903 2697 2008 2754 tes,
2051 2703 2318 2753 sororem,
2350 2700 2628 2760 cognatos,
2659 2687 2832 2744 Roma
2857 2704 3132 2760 egressus,
3181 2687 3492 2758 dereliquit,

1903 2785 1958 2833 et
1987 2777 2420 2850 Hierosolymam
2449 2777 2782 2835 militaturus
2813 2777 2925 2836 Deo
2945 2793 3197 2851 pergens,
3227 2779 3402 2850 primo
3422 2779 3494 2834 ad

1905 2867 2228 2942 Gregorium
2262 2868 2684 2936 Nazianzenum,
2736 2879 2864 2926 tunc
2884 2869 3497 2941 Constantinopolitana:

1905 2960 2058 3016 urbis
2106 2961 2440 3031 episcopum.
2483 2959 2706 3031 supplex
2735 2945 3033 3032 docilisque
3075 2959 3372 3031 discipulus
3402 2975 3497 3017 ac-

1911 3050 2099 3116 cessit,
2129 3060 2190 3106 ut
2228 3061 2538 3106 sanctarum
2582 3049 2989 3122 Scripturarnm
3017 3051 3212 3107 studiis
3246 3051 3493 3108 erudire-

1907 3152 2015 3200 tur.
2042 3144 2169 3199 tnde
2196 3143 2248 3198 in
2288 3141 2499 3215 Syriam
2526 3143 2785 3213 perrexit,
2820 3143 2874 3198 in
2904 3143 3250 3214 possessione
3274 3143 3499 3214 Evagrii

1905 3235 2210 3307 presbyteri
2257 3234 2648 3304 aliquantulum
2701 3243 3090 3290 commoratus.
3144 3234 3228 3290 Ad
3280 3235 3494 3290 deserta

1909 3325 2103 3380 deinde
2141 3325 2260 3379 loca
2291 3325 2364 3378 ita
2404 3325 2556 3380 laetus
2583 3323 2970 3394 accinctusque
3009 3325 3264 3391 accessit,
3295 3333 3353 3380 ut
3391 3339 3489 3379 vo-

1904 3415 2049 3472 lasse
2083 3431 2207 3472 eum
2243 3414 2416 3487 magis
2447 3431 2610 3486 quam
2641 3430 2850 3471 measse
2899 3414 3170 3471 crederes.
3201 3413 3500 3484 Quadrien-

1905 3511 2058 3564 nium
2095 3510 2278 3579 itaque
2301 3508 2354 3562 in
2383 3507 2472 3562 illa
2495 3516 2648 3563 vasta
2675 3507 2992 3573 solitudine,
3015 3522 3136 3578 quae
3153 3517 3343 3564 exusta
3366 3507 3497 3565 solis

1906 3599 2195 3656 ardoribus
2224 3597 2504 3654 horridum
2544 3599 2826 3654 monachis
2854 3607 3077 3670 praestat
3104 3599 3495 3666 habitaculum,

1903 3692 2119 3765 exegit;
2148 3691 2378 3762 indeque
2435 3690 2502 3747 ad
2543 3690 2858 3746 Bethlehem
2905 3691 3161 3761 oppidum
3210 3690 3496 3758 remeavit,

1903 3783 1995 3839 ubi
2026 3783 2262 3854 prudens
2307 3781 2507 3837 animal
2553 3783 2620 3837 ad
2661 3798 2900 3853 przesepe
2939 3783 3150 3838 Domini
3199 3798 3258 3839 se
3299 3782 3500 3838 obtulit

1903 3893 2340 3950 permansurum.
2381 3876 2771 3933 Bibliothecam
2816 3892 2947 3932 sane
2989 3890 3165 3939 suam,
3190 3889 3353 3945 quam
3390 3873 3497 3929 sibi

1903 3985 2116 4027 summo
2141 3969 2319 4025 studio
2349 3969 2463 4040 ipse
2490 3968 2825 4034 condiderat,
2853 3969 3202 4038 omniumque
3229 3965 3492 4020 librorum

1902 4060 2195 4125 orationes,
2247 4075 2381 4129 quas
2424 4072 2560 4129 pene
2604 4058 2918 4114 memoriter
2962 4056 3248 4122 retinebat,
3295 4055 3492 4111 iterum

1902 4151 2172 4224 relegens,
2202 4151 2345 4206 diem
2373 4149 2595 4222 jejuniis
2617 4152 2845 4208 ducebat
2873 4152 2942 4207 ad
2964 4166 3266 4223 vesperam.
3303 4148 3496 4206 Plures

1901 4244 1972 4301 ad
1995 4259 2121 4299 eum
2143 4242 2534 4314 religiosorum,
2557 4243 2754 4312 quibus
2776 4244 2884 4298 vita
2907 4243 3026 4313 ejus
3045 4243 3188 4297 fama
3211 4248 3493 4312 comperta

1901 4347 2006 4403 est,
2065 4336 2313 4406 protinus
2367 4334 2760 4399 conﬂuxerunt,
2818 4336 3130 4405 bonumque
3189 4333 3490 4399 doctorem,

1902 4441 2071 4497 parvo
2095 4425 2271 4481 adhuc
2293 4425 2393 4481 sub
2420 4426 2656 4495 tugurio,
2687 4425 2812 4480 boni
2835 4427 3193 4480 observaverc
3219 4423 3491 4493 discipuli.

1903 4517 2212 4596 Nec.multo
2237 4525 2360 4590 post
2399 4517 2620 4574 cellulas
2648 4517 2722 4572 ibi
2747 4518 2817 4573 ob
2849 4515 3234 4588 discipulorum
3263 4531 3490 4572 suorum

1903 4611 2136 4683 copiam,
2187 4619 2241 4666 et
2286 4619 2508 4682 propter
2555 4609 2912 4680 frequentiam
2947 4609 3380 4676 adventantium,
3422 4605 3493 4662 ad

1903 4703 2407 4760 Bethlehemiticam
2449 4711 2680 4774 portam,
2709 4717 2830 4774 qua:
2871 4701 2938 4756 ad
2977 4699 3321 4758 Occidentem
3368 4715 3493 4756 con-

1905 4796 2088 4867 spicit,
2137 4804 2192 4852 et
2235 4794 2634 4866 egredientibus
2683 4794 2751 4849 ad
2785 4792 3225 4866 Septentrionem
3257 4792 3488 4859 videtur,

1906 4887 2192 4960 parvulum
2241 4887 2593 4944 habitationis
2629 4885 2877 4942 locellum
2925 4887 3252 4943 construxit.
3284 4886 3493 4955 Quibus

1904 4995 2038 5036 vero
2085 4978 2313 5045 nisibus,
2369 4977 2654 5048 quantisve
2710 4976 2987 5033 laboribus
3021 4975 3347 5032 Hebraicam
3390 4975 3492 5031 lin-

1905 5086 2064 5143 guam
2091 5079 2254 5140 atque
2279 5067 2648 5136 Chaldaicam,
2676 5067 2994 5139 litterasque
3019 5066 3276 5124 Hebraeas
3295 5066 3494 5122 didice-

1904 5163 2010 5229 rit,
2039 5161 2222 5217 verbis
2251 5160 2370 5232 ejus
2398 5159 2629 5216 edicam.
2661 5158 2799 5214 Dum
2825 5175 3010 5226 essem,
3041 5158 3238 5228 inquit,
3257 5157 3487 5226 juvenis,

1903 5264 1954 5311 et
1987 5254 2286 5311 solitudinis
2315 5269 2397 5308 me
2425 5251 2629 5308 deserta
2650 5251 2932 5318 vallarent,
2955 5250 3215 5306 incentiva
3242 5249 3489 5304 vitiorum

1903 5347 2244 5418 ardoremque
2288 5355 2492 5401 natura:
2534 5345 2671 5416 ferre
2715 5361 2818 5399 non
2856 5353 3109 5415 poteram.
3156 5341 3329 5408 Quam
3371 5355 3490 5394 cum

1903 5441 2096 5496 crebris
2126 5440 2347 5511 jejuniis
2376 5438 2690 5509 frangerem,
2722 5453 2864 5492 mens
2891 5446 3063 5493 tamen
3087 5430 3488 5506 cogitationibus

1909 5532 2184 5588 astuabat.
2211 5531 2292 5586 Ad
2321 5547 2450 5604 quas
2481 5528 2824 5593 edomandas,
2868 5527 3076 5581 cuidam
3099 5523 3276 5595 fratri,
3306 5521 3395 5593 qui
3426 5537 3491 5576 ex

1853 5695 1860 5700 ὁ
1909 5623 2148 5680 Hebraeis
2178 5622 2494 5686 crediderat,
2531 5635 2612 5674 me
2640 5620 2697 5673 in
2724 5615 3053 5689 disciplinam
3093 5614 3215 5669 dedi
3235 5630 3256 5679 ;
3286 5622 3341 5667 ut
3372 5621 3489 5682 post

1909 5713 2225 5782 Quintiliani
2248 5713 2515 5778 acumina,
2537 5719 2586 5766 et
2613 5707 2878 5764 Ciceronis
2899 5706 3138 5776 ﬂuvium,
3157 5704 3491 5776 gravitatem-

1907 5823 2006 5878 que
2057 5803 2364 5870 Frontonis,
2409 5811 2458 5857 et
2496 5799 2764 5856 lenitatem
2810 5796 2992 5863 Plinii,
3033 5795 3365 5867 alphabetum
3408 5795 3490 5847 di.
