3962 6366
495 433 593 498 571

1493 438 1550 493 S.
1591 434 1844 493 ADONIS
1880 433 2310 491 ARCHIEHSC.
2357 434 2773 492 VIENNENSIS

3665 434 3780 491 εἷς

493 575 706 623 sccrem,
746 574 807 611 ac
837 556 1111 612 stridentia
1154 555 1558 625 anhelantiaque
1584 552 1735 608 verba
1770 551 2072 606 meditarer.
2107 554 2155 611 Α
2184 552 2344 617 tulit,
2396 549 2593 604 librum
2640 564 2830 614 unum,
2884 549 2939 603 in
2986 548 3189 603 Lucam
3240 548 3492 605 homilias
3543 551 3781 622 triginta

491 648 633 714 Quid
656 647 727 701 ibi
758 646 952 702 laboris
973 648 1303 717 sumpserim,
1331 645 1458 717 quid
1483 643 1823 698 sustinuerim
1850 641 2074 714 diﬁcat-

494 741 638 805 talis,
683 741 884 811 quoties
927 738 1326 809 desperaverim,
1380 747 1427 791 et
1471 737 1800 791 contentione
1843 733 2078 788 discendi

491 845 676 884 rursus
714 830 1012 900 inceperim,
1046 829 1189 883 testis
1211 837 1286 882 est
1315 827 1633 881 conscientia
1654 842 1790 881 mea.
1822 825 2078 880 Armatus

492 920 674 992 itaque
696 922 817 987 fide,
847 922 1188 993 gratiamque
1218 920 1421 975 Christi
1444 920 1694 989 adeptus,
1726 919 2075 973 Hebraeorum

490 1015 782 1082 volumina,
824 1030 944 1085 quae
984 1014 1037 1067 in
1075 1013 1294 1069 Canone
1342 1013 1708 1078 continentur,
1744 1014 1811 1067 de
1848 1012 2076 1066 Hebraeo

492 1107 544 1161 in
568 1106 816 1179 Latinam
847 1106 1090 1177 linguam
1114 1106 1299 1172 vertit,
1328 1119 1499 1176 eaque
1545 1120 1682 1176 pene
1711 1103 1893 1160 omnia
1928 1118 2075 1158 com-

490 1203 760 1250 mentatus
809 1203 911 1250 est.
968 1194 1039 1251 Ut
1088 1210 1217 1267 ergo
1274 1210 1437 1265 opera
1497 1194 1614 1263 ejus
1663 1194 1831 1251 valde.
1873 1193 2076 1248 utiliter

487 1282 735 1340 confecta
798 1286 1036 1340 breviter
1098 1299 1625 1350 commemoremus,
1695 1284 1914 1355 scripsit
1976 1282 2071 1337 Vi-

488 1386 597 1432 tam
646 1376 800 1433 Pauli
853 1379 1129 1443 monachi,
1181 1378 1545 1448 Epistolarum
1596 1377 1663 1431 ad
1714 1376 1957 1431 diversos
2010 1374 2072 1428 li-

410 1460 437 1493 "
486 1470 641 1525 brum
702 1486 889 1534 unum,
941 1470 1015 1525 ad
1066 1469 1411 1525 Heliodorum
1461 1467 1921 1533 exhdrtatoriam;
1973 1466 2068 1521 Al-

486 1563 836 1618 tercationem
893 1560 1220 1617 Luciferiani
1274 1570 1329 1616 et
1387 1560 1707 1624 Orthodoxi,
1761 1559 2068 1615 Chronicon

482 1654 811 1709 omnimodae
845 1654 1121 1719 historiae;
1186 1658 1241 1707 in
1286 1651 1577 1708 Jeremiam
1628 1638 1693 1709 et'
1724 1652 2067 1708 Ezechielem

483 1742 744 1800 Homilias
788 1746 975 1817 viginti
1016 1753 1143 1801 octo
1196 1760 1334 1816 quas
1381 1746 1447 1799 de
1478 1744 1673 1800 Graeco
1716 1745 1768 1799 in
1814 1744 2066 1799 Latinum

406 1836 413 1843 ’
479 1838 659 1892 vertit.
728 1838 803 1894 De
868 1837 1179 1909 Seraphin,
1237 1839 1308 1894 de
1370 1837 1625 1904 Osanna,
1687 1841 1755 1894 de
1814 1839 1950 1911 frugi
2010 1850 2065 1896 et

2181 658 2326 713 octo,
2374 647 2429 702 in
2476 647 2712 704 nsalm’os
2739 662 2772 702 a
2801 644 3013 703 tissime
3049 660 3223 717 usque
3260 647 3327 703 ad
3355 656 3571 703 sextum
3617 648 3780 706 deci—

2180 754 2329 795 mum
2375 748 2647 795 tractatus
2690 747 2914 810 septem,
2963 737 3257 809 Captivum
3291 740 3644 808 nienses-nt,
3685 737 3781 796 Vi-

2179 839 2290 886 tam
2332 831 2475 886 beati
2522 831 2835 897 Hilarionis,
2868 830 3081 887 Novum
3124 831 3531 887 Testamentum
3558 830 3780 888 Graeca

2178 923 2305 979 ﬁdei
2337 924 2590 989 reddidit;
2632 923 2996 995 Epistolarum
3028 933 3207 978 autem
3231 923 3305 978 ad
3322 921 3546 977 Paulam
3568 930 3633 978 et
3662 922 3780 978 Eu-

2177 1015 2445 1070 stochium
2494 1015 2736 1069 incertus
2772 1022 2856 1067 est
2894 1028 3173 1068 numerus.
3215 1012 3500 1068 Sexdecim
3526 1012 3778 1082 prophe-

2176 1112 2355 1159 tarum
2389 1103 2660 1177 volumina
2696 1111 2929 1173 quatuor
2950 1111 3006 1158 et
3044 1103 3391 1175 septuaginta
3426 1101 3577 1158 libris
3601 1102 3778 1158 editis

2175 1205 2571 1252 commentatus
2599 1204 2702 1252 est.
2737 1197 2886 1251 inter
2913 1196 3013 1251 [tas
3038 1196 3222 1265 itaque
3242 1210 3556 1251 numerosas
3574 1196 3775 1265 Ope-ris

2175 1290 2256 1347 sui
2292 1292 2539 1363 paginas,
2569 1300 2786 1346 centum
2817 1299 2872 1345 et
2915 1291 3136 1363 triginta
3166 1292 3413 1361 quisque“
3430 1293 3686 1348 virorum
3708 1289 3775 1346 il-

2172 1382 2426 1438 lustrium
2492 1382 2989 1438 ecclesiasticarum
3039 1384 3367 1454 scriptorum
3418 1385 3643 1441 nomina
3674 1424 3693 1448 ,
3739 1398 3773 1438 a

2168 1475 2424 1545 passione
2460 1472 2665 1529 Christi
2706 1489 2876 1544 usque
2906 1477 2973 1529 ad
3002 1484 3255 1546 quartum
3285 1476 3549 1531 decium
3576 1476 3772 1532 Theo-

2170 1566 2307 1621 dosii
2332 1566 2675 1635 imperatoris
2696 1580 2899 1620 annum
2921 1566 3112 1621 ordine
3136 1566 3379 1636 digessit.
3408 1565 3535 1621 item
3556 1575 3767 1622 conn

2166 1654 2509 1710 Jovinianum
2551 1654 2717 1710 libros
2760 1657 2917 1721 duos,
2965 1655 3375 1726 Apologeticum
3407 1655 3473 1711 ad
3500 1654 3767 1711 Pamm-

2166 1746 2373 1812 chium,
2413 1748 2466 1801 in
2500 1746 2807 1803 Matthzeum
2849 1748 3385 1804 commentariorum”
3413 1746 3583 1803 libros
3618 1762 3764 1818 qna-

2166 1847 2311 1905 tuor,
2353 1838 2701 1895 Encltiridion
2734 1842 2791 1896 in
2817 1841 3154 1910 psalterium.
3201 1841 3473 1897 Adversus
3510 1841 3763 1913 Vigilan—

480 1929 760 1987 luxurioso
784 1929 916 1998 ﬁlio,
948 1932 1015 1988 de
1047 1932 1218 1988 tribus
1240 1933 1630 2002 quaestionibus
1656 1932 1818 2002 Legis
1843 1934 2060 1999 veteris,
2092 1916 2139 1987 Β
2167 1931 2302 1987 tium
2350 1942 2647 2002 contraque
2679 1931 2958 2003 Pelagium
3008 1932 3431 1989 luculentissima
3478 1933 3757 1989 volumina

482 2021 746 2078 Homilias
767 2023 819 2077 in
842 2022 1063 2079 Cantica
1093 2025 1428 2079 canticorum
1455 2025 1611 2090 duas,
1653 2026 1914 2081 adversus
1935 2024 2064 2079 Hel-

479 2115 685 2171 vidium
729 2117 796 2171 de
841 2115 1023 2171 Mariae
1073 2118 1380 2188 virginitate
1413 2126 1701 2188 perpetua,
1752 2118 1819 2172 ad
1872 2118 2066 2173 Eusto-

480 2207 660 2264 obium
688 2210 759 2265 de
792 2210 1107 2281 virginitate
1151 2209 1437 2275 servanda,
1474 2210 1542 2263 ad
1585 2208 1891 2263 Marcellam
1933 2208 2063 2280 Epi-

477 2297 735 2354 stolarum
792 2299 990 2356 iibrum
1037 2315 1228 2365 unum,
1287 2297 1721 2355 Consolatoriam
1772 2301 1839 2354 de
1893 2308 2064 2354 morte

475 2389 601 2447 ﬁliai
623 2392 691 2447 ad
720 2391 965 2457 Paulam,
997 2392 1049 2447 in
1078 2391 1363 2462 epistolam
1394 2390 1545 2445 Pauli
1573 2392 1643 2445 ad
1669 2390 1891 2447 Galatas
1915 2406 2063 2447 como

476 2482 865 2538 mentariorem
904 2482 1071 2538 libros
1101 2493 1234 2548 tres,
1263 2482 1317 2537 in
1354 2481 1636 2553 epistolam
1668 2482 1736 2536 ad
1782 2482 1963 2537 Titum
1993 2483 2060 2538 li-

474 2571 637 2629 brum
683 2588 872 2640 unum,
918 2575 973 2630 in
1002 2573 1302 2646 Epistolam
1336 2574 1405 2629 ad
1452 2573 1820 2630 Philemonem
1863 2573 2061 2628 librum

474 2677 662 2731 unum,
714 2665 773 2721 in
817 2665 1178 2722 Ecclesiasten
1208 2667 1657 2735 commentarios,
1688 2666 2058 2735 Quaestionum

475 2755 864 2817 Hebraioarum
908 2761 964 2816 in
1009 2761 1263 2817 Genesim
1307 2760 1504 2815 librum
1547 2776 1736 2827 unum,
1785 2759 1854 2816 de
1900 2758 2059 2817 Locis

473 2846 675 2906 libram
701 2868 892 2919 unum,
923 2852 1313 2909 Heltra'icorum
1342 2855 1618 2909 nominum
1646 2854 1841 2909 librum
1867 2866 2054 2907 unum.

2169 2023 2355 2079 edidit.
2411 2021 2487 2080 De
2529 2024 2907 2079 mansionibus
2951 2038 3166 2095 quoque
3209 2022 3441 2078 ﬁliorum
3476 2023 3677 2089 Israel,
3702 2030 3758 2079 α

2172 2115 2275 2170 alia
2320 2115 2714 2187 quamplurima
2741 2115 2809 2170 ad
2835 2116 3251 2173 aediﬁcationem
3282 2114 3533 2171 Ecclesia
3556 2116 3755 2177 catho-

2170 2206 2273 2261 lica
2312 2208 2515 2278 pietate
2565 2208 2887 2279 composuit.
2940 2207 3113 2264 Tanta
3155 2208 3392 2279 denique
3435 2207 3757 2263 haitudile

2172 2296 2429 2371 fatigatus
2448 2309 2533 2355 est
2572 2306 2634 2354 ut
2664 2299 2826 2354 etiam
2862 2300 2917 2354 in
2943 2307 3115 2355 strata
3141 2314 3241 2357 suo
3275 2299 3491 2370 iaceam
3512 2297 3756 2356 finio-lo

2172 2390 2327 2446 trabe
2374 2403 2637 2461 suspenso
2682 2391 2911 2460 supinus
2950 2392 3297 2460 apprehenso
3331 2390 3671 2460 θήσεται-η
3694 2394 3753 2444 α

2171 2484 2378 2542 scilicet
2403 2482 2635 2539 oﬁicium
2662 2484 2979 2539 monasterii
3005 2492 3163 2554 prout
3185 2490 3414 2553 poterat,
3443 2481 3750 2537 exhiberet.

2169 2576 2429 2640 Tandem,
2464 2585 2585 2646 post
2607 2574 2901 2645 perfectam
2933 2575 3295 2644 placitumque
3323 2574 3437 2629 Deo
3462 2585 3751 2628 conversa-

2165 2669 2392 2735 tionem,
2424 2668 2773 2739 nonagesimo
2792 2676 2988 2722 octavo
3019 2666 3197 2721 astatis
3218 2680 3382 2731 anno,
3410 2665 3557 2735 apud
3581 2663 3750 2718 Beli-

2165 2758 2342 2815 lehem
2362 2760 2615 2830 oppidum
2646 2759 2701 2812 in
2728 2772 2865 2829 pace
2886 2758 3093 2827 quievit
3106 2757 3285 2827 pridie
3298 2754 3747 2811 limatior

2163 2850 2298 2915 bris,
2331 2850 2649 2906 duodecimo
2694 2848 2938 2905 Honorii.
2966 2849 3310 2920 imperatoris
3348 2860 3512 2903 anno.
3555 2845 3750 2902 libs-

475 2940 553 2996 De
578 2941 784 3012 Spiritu
822 2945 994 3000 sancti
1034 2943 1268 3016 Dydimi,
1310 2959 1473 3015 quem
1510 2946 1564 2999 in
1592 2945 1843 2999 Latinum
1872 2951 2051 3000 trans-
2160 2956 2290 2999 suos
2313 2954 2413 3014 per
2436 2941 2827 3013 quinquaginta
2855 2950 2917 2997 et
2943 2953 3036 2997 ses
3065 2954 3236 2997 annos
3273 2941 3526 2997 coniecit»

2804 3060 2809 3069 ,
3236 3058 3249 3063 -
3504 3054 3569 3084 ,η

1739 3161 2043 3220 ιιιτΑΝιιΕ
2081 3148 2497 3221 ιΝῡιοΕΝυιΕ.

1652 3292 2029 3373 MENSIS
2101 3292 2567 3372 OCTOBER

1447 3444 1657 3494 HABET
1698 3449 1841 3493 DIES
1887 3448 2088 3503 xxxx;
2133 3446 2301 3521 tum
2343 3436 2510 3490 veno
2550 3444 2738 3491 xxxx.

927 3594 992 3650 Δ.
1029 3592 1186 3651 KAL.
1224 3593 1582 3653 OCTOBRIS.

1131 3686 1181 3759 (t
1219 3682 1367 3759 Oct.)

538 3779 691 3849 Apud
732 3777 1158 3843 Amisiodorum,
1203 3778 1396 3836 natalis
1440 3782 1613 3836 sancti
1647 3781 1907 3838 Germani
1939 3787 2051 3855 cpi-

467 3882 639 3941 scopt,
667 3869 761 3940 qui
805 3869 989 3924 multis
1012 3869 1325 3932 virtutibus,
1359 3869 1605 3926 doctrina
1631 3880 1687 3927 et
1715 3875 2053 3932 continentia

465 3962 649 4018 claros
688 3961 915 4017 exstitit.
949 3960 1052 4029 Qui
1092 3963 1161 4017 ad
1198 3961 1631 4019 conﬁrmandam
1662 3964 1821 4021 ﬁdem
1865 3969 2055 4039 gratia:

466 4054 737 4116 caelestis,
770 4050 1076 4107 Britannias
1102 4053 1325 4119 venire,
1348 4052 1556 4123 judicio
1600 4058 1839 4112 omnium
1888 4058 2055 4115 Galli-

467 4150 731 4199 Cat‘torum
783 4143 1083 4198 antistitum
1139 4144 1447 4215 compulsus
1494 4155 1597 4212 est,
1648 4147 1904 4219 adjuncto
1950 4150 2053 4205 sibi

468 4237 627 4293 beato
659 4234 809 4307 Lupo
838 4234 1173 4291 Trecassiuae
1201 4236 1441 4293 civitatis
1467 4239 1741 4310 episcopo.
1774 4239 2053 4312 Siquidem

468 4329 691 4385 haeresis
738 4326 1027 4400 Pelagiana
1075 4328 1234 4384 ﬁdem
1277 4329 1660 4387 Britannorum
1703 4333 1847 4390 {teda
1900 4344 2053 4406 peste

467 4424 974 4480 commaculaverat.
1028 4423 1166 4478 Dum
1209 4436 1309 4494 per
1361 4426 1599 4482 medium
1646 4428 1854 4495 sinum,
1887 4444 1993 4498 quo
2022 4446 2050 4484 a

465 4518 673 4575 Gallico
712 4515 1023 4574 Britannias
1062 4533 1235 4589 usque
1259 4520 1515 4584 tenditur,
1545 4522 1802 4578 secundis
1832 4521 2049 4579 ﬂatibus

467 4607 739 4670 ferretur,
788 4609 968 4664 subito
1015 4609 1237 4665 inimica
1288 4612 1369 4665 vis
1426 4621 1715 4668 ventorum
1760 4600 2051 4669 concitavit

464 4699 751 4772 procellas,
778 4701 975 4758 caelum
1014 4701 1267 4774 diemque
1301 4720 1407 4760 nox
1438 4706 1662 4761 nubium
1692 4706 1970 4774 subduxit,
2002 4717 2056 4763 et

466 4806 594 4847 casu
638 4792 755 4863 ipse
798 4791 1041 4863 pontifex
1089 4790 1296 4850 fractus
1340 4809 1599 4867 corpore,
1645 4797 1965 4855 lassitudine
1992 4815 2054 4854 ac

466 4890 661 4956 Sopore
696 4883 985 4950 resolutus,
1018 4901 1155 4942 nave
1194 4887 1431 4958 iacebat.
1466 4884 1603 4943 Tum
1640 4889 1832 4945 beatus
1872 4889 2054 4961 Lupus

465 4990 761 5048 omnesque
788 4978 1007 5042 turbati,
1038 4980 1280 5036 excitant
1318 4983 1606 5037 seniorem.
1638 4982 1738 5049 Qui
1766 4982 2052 5038 confestim

465 5067 739 5123 Christum
786 5068 1022 5134 invocat,
1057 5076 1111 5124 et
1140 5076 1474 5141 assumptum
1508 5070 1560 5125 in
1591 5072 1809 5126 nomine
1851 5081 2051 5128 sanctae

466 5156 746 5215 Trinitatis
773 5159 951 5215 oleum
986 5161 1135 5215 misit
1160 5161 1211 5215 in
1247 5174 1413 5228 mare,
1440 5161 1741 5235 ﬂuctusque
1770 5164 2052 5220 saevientes

466 5251 742 5324 Opprimit,
767 5267 832 5308 ac
861 5252 1207 5321 tranquillam
1239 5255 1589 5310 serenitatem
1622 5254 1814 5309 reddit.
1846 5254 2049 5310 Decur-

467 5346 542 5403 sis
568 5362 693 5401 vero
722 5344 913 5418 spatiis
957 5346 1148 5418 pelagi,
1182 5349 1349 5418 optati
1386 5348 1584 5404 littoris
1614 5349 1923 5405 sacerdotes
1956 5349 2051 5405 Dei

465 5442 645 5512 quiete
660 5442 964 5517 potiuntur,
994 5460 1058 5501 ac
1087 5456 1209 5496 mox
1243 5442 1625 5497 Britannorum
1651 5442 1903 5508 insulam,
1936 5443 2052 5512 opi-

467 5532 647 5600 nione,
675 5536 1091 5604 praedicatione,
1118 5534 1518 5603 virtutibusque
1564 5522 1937 5602 impleverunt,
1976 5532 2049 5586 ita

465 5632 524 5677 ut
554 5624 753 5693 passim
790 5634 845 5681 et
877 5626 1063 5682 ﬁdeles
1093 5623 1346 5682 catholici
1381 5622 1747 5688 ﬁrmarentur,
1776 5630 1830 5677 et
1860 5622 2051 5692 depra-

469 5713 577 5768 vati
608 5716 751 5772 viam
786 5719 1142 5774 correctionis
1168 5720 1544 5788 agnoscerent.
1578 5712 1787 5769 Interea
1831 5714 2047 5786 quidam

469 5807 757 5865 tribunitiae
790 5813 1076 5881 potestatis
1121 5811 1287 5867 ﬁliam
1318 5810 1503 5867 decem
1554 5824 1817 5863 annorum
1849 5824 2047 5864 caecam

463 5902 841 5960 sacerdotibus
894 5886 1190 5962 curandam
1235 5905 1417 5962 oﬁ’ert.
1469 5901 1581 5961 Nec
1643 5918 1825 5968 mora,
1858 5902 2050 5960 beatus

1898 3539 2335 3556 ψ

2079 3606 2125 3670 c
2157 3599 2459 3657 Germanus
2494 3600 2745 3654 inVocato
2772 3595 3032 3663 Domino,
3064 3594 3435 3653 adﬂuentem
3461 3594 3622 3651 ωεή
3645 3606 3745 3652 suo

2158 3691 2437 3762 capsulam
2490 3702 2617 3746 cum
2666 3698 2978 3745 sanctorum
3024 3688 3275 3758 reliquiis
3315 3688 3455 3743 ωηο
3500 3688 3742 3742 avulsam

2158 3782 2409 3837 manibus
2448 3779 2883 3850 comprehendit,
2927 3784 3158 3848 eamque
3195 3778 3249 3832 in
3283 3780 3578 3847 conspectu
3620 3788 3740 3831 om-

2157 3877 2307 3931 nium
2336 3874 2526 3946 puellae
2565 3872 2734 3928 oeulis
2760 3871 3037 3943 appﬂcuit,
3070 3882 3190 3941 quae
3216 3871 3409 3925 statim
3438 3870 3627 3925 tamen
3655 3884 3743 3925 re-

2158 3970 2318 4039 cepit.
2354 3968 2550 4023 Beatus
2580 3968 2843 4037 praeterea
2868 3965 2953 4020 vir
2990 3966 3116 4020 dum
3146 3962 3459 4034 aliquandiu
3485 3970 3596 4019 uno
3628 3962 3746 4017 loco

2158 4060 2494 4118 inﬁrmitatis
2522 4060 2851 4115 necessitate
2889 4062 3168 4114 teneretur
3194 4058 3249 4112 in
3275 4057 3457 4112 vicina
3486 4064 3597 4127 qua
3627 4070 3743 4108 mas

2158 4152 2320 4208 nebat
2350 4152 2555 4215 casula,
2581 4150 2786 4205 exarsit
2813 4148 3159 4214 incendium:
3188 4148 3281 4203 sed
3308 4134 3745 4218 hospitalium

2157 4245 2229 4299 et?
2279 4242 2379 4298 viri
2424 4252 2793 4311 expavescens
2839 4237 3092 4304 ﬂamma,
3147 4239 3571 4310 haudquaquam
3614 4252 3743 4294 ausa

2158 4336 2379 4408 tangere
2409 4334 2721 4400 transilivit,
2743 4344 2798 4389 et
2828 4334 2971 4389 inter
2990 4334 3177 4405 globos
3198 4330 3539 4389 ﬁmum-amis
3564 4334 3743 4387 lucem

2158 4429 2228 4483 dii
2263 4429 2529 4483 incolume
2560 4422 2967 4480 tabe‘t‘nacu‘hun
2988 4466 3002 4490 ,
3033 4423 3175 4496 quod
3200 4425 3477 4501 habitator
3504 4424 3741 4478 inclusus

2158 4520 2427 4577 servabat.
2462 4518 2702 4572 emicuit.
2734 4516 2803 4572 Et
2844 4532 2967 4572 cum
3019 4517 3161 4572 idem
3196 4518 3309 4586 ipse
3346 4515 3485 4570 nihil
3525 4514 3740 4569 remedii

2158 4610 2418 4665 debilitati
2450 4622 2558 4664 sum
2586 4616 2862 4679 pateretur
2888 4608 3150 4673 adhiberi,
3178 4608 3411 4677 quadam
3435 4613 3739 4662 tioctecau-

2158 4702 2372 4757 dentom
2406 4703 2577 4756 niveis
2608 4701 2851 4756 iesiibds
2895 4700 3027 4754 Vidit
3059 4698 3161 4754 sibi
3201 4700 3394 4753 adesse
3432 4708 3737 4768 personam,

2158 4811 2279 4867 qua:
2320 4806 2481 4850 manu
2530 4800 2777 4859 extensa,
2817 4792 3089 4865 jacentem
3143 4792 3429 4848 videbatur
3473 4789 3737 4851 attollere,

2159 4902 2390 4958 eumque
2415 4887 2713 4942 consistere
2758 4886 2931 4940 ﬁrmis
2974 4885 3215 4953 vestigiis
3248 4883 3573 4954 imporahat.
3619 4880 3740 4936 Post

2082 4959 2135 5019 Ῑ)
2160 4980 2348 5033 horam
2398 4978 2600 5046 itaque,
2640 4975 2835 5046 fugatis
2868 4975 3166 5047 doloribus,
3208 4975 3410 5047 recepit
3458 4974 3738 5044 pristinam

2160 5070 2447 5123 sanitatem
2491 5076 2570 5132 ut,
2618 5067 2705 5121 die
2729 5068 2958 5132 reddito,
2992 5066 3203 5121 itineris
3247 5065 3487 5119 laborem
3539 5062 3738 5117 subiret

2160 5161 2476 5233 intrepidus.
2526 5159 2632 5215 Sed
2676 5169 2729 5214 et
2771 5160 2990 5223 bellum,
3039 5156 3313 5213 Saxonum
3364 5156 3737 5235 Pictorumque

2160 5256 2225 5309 ad
2256 5252 2505 5309 Britones
2534 5268 2599 5307 eo
2638 5256 2875 5322 tempore
2897 5249 3103 5319 junctis
3152 5251 3379 5315 viribus,-
3434 5251 3733 5318 suSccptum

2159 5350 2337 5405 divina
2376 5350 2577 5404 virtute
2619 5347 2923 5401 retunditur
2944 5385 2957 5409 ,
2988 5350 3115 5399 cum
3141 5342 3445 5399 Germanus
3492 5339 3611 5410 ipse
3632 5337 3732 5391 dtu

2158 5440 2283 5495 belli
2312 5439 2503 5504 factus,
2533 5455 2635 5493 non
2659 5440 2801 5492 tuhre
2821 5436 3097 5506 clangore,
3115 5437 3206 5491 sed
3229 5434 3469 5489 τυπτήσω
3490 5428 3727 5490 Alleittid,

2158 5533 2322 5587 totius
2366 5531 2640 5587 exercitus
2665 5542 2796 5584 voce
2836 5528 2903 5582 ad
2934 5527 3115 5583 sidera
3155 5526 3352 5589 levata,
3388 5524 3594 5579 hostem
3636 5520 3725 5573 im-

2158 5640 2372 5679 manem
2399 5625 2450 5677 in
2480 5621 2659 5694 fugam
2707 5620 2994 5676 convertit.
3032 5617 3341 5687 Com'pbsit'a
3369 5626 3500 5669 vero
3539 5608 3723 5672 insula,

2157 5716 2386 5771 reditum
2437 5714 2735 5769 moliuntur
2780 5710 3097 5782 pontiﬁces,
3132 5709 3297 5778 ﬁtque
3343 5714 3401 5760 ut
3448 5700 3721 5771 nanquilla

2156 5807 2497 5879 navigatione
2526 5808 2747 5861 suoutm
2783 5801 3066 5858 desideriis
3090 5800 3216 5855 felix
3246 5798 3428 5852 carina
3455 5808 3549 5848 eos
3578 5788 3722 5845 resti-

2158 5906 2361 5966 lueret;
2392 5912 2494 5954 nec
2519 5895 2690 5952 multo
2718 5893 3041 5965 interposito
3069 5884 3633 5963 tempore,.nuuiltttr
3654 5892 3719 5932 ex
