3962 6366
160 425 281 481 373

850 412 1457 475 MARTYROLOGIUM
1495 409 1643 470 CUM
1682 404 2217 465 ADDITAMENTIS.
2253 436 2324 449 -—
2359 401 2566 461 MENS.
2602 401 2755 460 OCT.

3338 395 3442 453 ΣΠ

158 540 364 597 eadem
393 536 586 601 insula,
609 533 953 606 Pelagianam
976 532 1388 603 perversitatem
1412 530 1607 585 iterato
1626 541 1759 596 pau-
1786 524 1839 585 Α
1864 523 2010 576 velut
2031 537 2219 577 aurum
2248 521 2610 585 examinatus,
2641 514 2946 588 complevit.
2977 513 3141 595 Cujus
3186 508 3446 583 reliquias

159 622 275 688 cis
303 619 614 685 auctoribus
640 624 889 682 .dilatari.
938 622 1256 692 Rursusque
1286 622 1354 677 ad
1386 618 1759 677 beatissimum

156 725 351 780 virum
397 735 591 793 preces
635 716 980 774 sacerdotum
1028 714 1270 770 omnium
1318 711 1669 772 deferuntur,
1702 714 1763 762 ut

160 830 393 872 causam
436 811 551 875 Dei,
582 810 725 882 quod
754 809 905 881 prius
928 806 1258 871 obtinuerat,
1291 812 1577 860 tutaretur.
1611 801 1760 868 Quo—

161 924 296 965 rum
324 904 572 979 petitioni
603 902 830 957 feStinus
852 902 1207 970 obtemperat.
1240 895 1483 966 Namque
1507 893 1763 964 adjuncto

162 1005 280 1062 sibi
311 1001 535 1065 Severo,
567 1000 735 1055 totius
761 995 1067 1052 sanctitatis
1096 995 1212 1050 viro
1238 993 1351 1064 (qui
1380 999 1498 1047 erat
1522 990 1760 1059 discipu-

161 1095 259 1151 lus
285 1091 583 1151 beatissimi
629 1090 804 1162 patris
831 1086 989 1159 Lupi,
1012 1085 1471 1140 Trecassenorum
1502 1076 1760 1151 episcopi,

162 1196 226 1245 et
256 1197 389 1243 tunc
410 1184 651 1241 Treviris
673 1182 960 1238 ordinatus
983 1178 1288 1251 episcopus,
1313 1175 1561 1247 gentibus
1578 1173 1765 1245 primm

166 1275 482 1335 Germania:
512 1273 735 1329 verbum
769 1268 1140 1341 praedicabat),
1173 1282 1325 1322 mare
1350 1265 1690 1330 conscendit,
1712 1271 1768 1319 et

165 1365 637 1425 consentientibus
664 1363 966 1427 elementis,
987 1360 1274 1431 tranquillo
1305 1358 1520 1429 navigio
1548 1357 1766 1413 Britan-

168 1461 297 1518 nias
341 1459 507 1530 petit;
538 1454 887 1526 eXpulsisque
928 1452 1214 1524 pravitatis
1244 1449 1580 1513 auctoribus,
1614 1462 1765 1503 com-

169 1550 475 1625 pnsitisque
521 1547 797 1611 omnibus,
824 1545 967 1600 beati
1005 1543 1317 1599 sacerdotes
1358 1556 1423 1595 ea
1462 1554 1567 1610 qua
1605 1553 1769 1594 vene-

172 1648 302 1697 rant
345 1638 705 1710 prosperitate
749 1634 1047 1691 redierunt.
1098 1633 1269 1689 Porro
1314 1631 1617 1688 Germanus
1649 1634 1771 1700 post

175 1734 295 1789 btec
320 1734 387 1786 ad
417 1730 728 1785 itarenuam
760 1744 858 1799 pro
882 1741 1015 1797 pace
1046 1724 1417 1781 Americana;
1441 1723 1617 1795 gentis
1645 1736 1771 1791 sup-

174 1824 476 1896 piicatnrus
503 1818 742 1882 advenit,
788 1817 969 1887 ibique
995 1831 1024 1870 a
1063 1814 1438 1870 Valentiniano
1463 1816 1516 1867 et
1552 1810 1769 1867 Placida

1861 615 2047 672 furtim
2094 613 2389 671 Christiani
2437 611 2766 676 auferentes,
2798 605 3124 663 Nicomediae
3170 603 3445 674 sepultura

1862 709 2160 768 venerabili
2189 715 2564 781 reposuerunt.
3462 710 3467 719 '

1935 805 1991 859 In
2020 802 2316 869 Atreliatis,
2344 800 2469 856 villa
2501 798 2776 861 Siricinic,
2804 795 2985 867 passio
3029 791 3204 848 sancti
3239 789 3448 847 Leode-

1866 892 2541 969 garii,Augustodunensis
2570 890 3007 962 episcopi,quem
3034 882 3206 938 variis
3238 879 3452 950 injuriis

1865 998 1921 1046 et
1944 990 2174 1045 diversis
2209 986 2483 1058 suppliciis
2508 999 2606 1056 pro
2628 984 2861 1038 veritate
2885 976 3167 1040 alllictum;
3183 975 3453 1030 Ebroinus

1865 1079 2039 1150 major
2069 1081 2261 1136 domus
2292 1078 2454 1148 regiae
2482 1073 2777 1131 interfecit.
2819 1070 2987 1143 Cujus
3012 1081 3230 1124 sacrum
3255 1078 3454 1135 corpus

1868 1174 1923 1228 in
1968 1171 2189 1228 dicecesi
2238 1169 2582 1225 Pictavorum
2624 1163 2968 1227 translatum,
3019 1160 3074 1216 in
3124 1154 3455 1215 monasterio

1866 1265 2012 1320 beati
2045 1263 2296 1319 Maxentii
2325 1259 2622 1317 honoriﬁce
2646 1265 2732 1314 est
2755 1255 3061 1311 humatum.

2262 1375 2322 1433 C.
2357 1374 2403 1433 ν
2434 1371 2662 1431 NONAS
2700 1364 3060 1428 OCTOBRIS.

2551 1464 2607 1537 (5
2642 1462 2784 1534 Oct.)

1943 1563 1972 1603 ι’
1987 1562 2193 1618 Natalis
2206 1560 2378 1617 sancti
2396 1558 2633 1631 Dionysii
2647 1552 3008 1627 Areopagitae,
3023 1549 3115 1622 qui
3130 1548 3199 1603 ab
3210 1544 3452 1618 apostolo

1869 1649 2038 1711 Paulo
2048 1654 2345 1708 instructus
2358 1647 2834 1712 credidithristo,
2847 1650 2903 1699 et
2919 1642 3123 1716 primus
3137 1637 3278 1710 apud
3292 1636 3458 1692 Athe-

1870 1762 1972 1802 nas
1988 1747 2054 1800 ab
2071 1745 2260 1801 eodem
2284 1751 2527 1812 apostoto
2549 1740 2834 1809 episcopus
2854 1735 3255 1797 estordinatus,
3277 1736 3334 1787 et
3354 1729 3458 1787 sub

1870 1838 2113 1893 Adriano
2158 1835 2434 1906 principe,
2481 1841 2606 1904 post
2650 1829 3010 1886 clarissimam
3057 1823 3460 1881 confessionem

176 1923 352 1971 matre
383 1914 550 1984 ipsum
589 1920 802 1965 summa
846 1907 1151 1963 reverenlia
1185 1912 1487 1997 9"“99‘“,
1517 1912 1641 1997 Ρθῗί
1666 1900 1767 1954 δ’δ’
1796 1908 1847 1969 Β
1872 1930 2021 1994 ﬁdei,
2050 1900 2178 1997 post
2200 1900 2518 1997 gravissima
2551 1922 2945 1979 tormentorum
2973 1931 3195 1989 genera,
3223 1912 3459 1986 glorioso

179 2013 310 2078 quot
339 2005 454 2060 dies
486 2002 734 2074 migravit
757 2000 825 2055 ad
850 1998 1149 2055 Christum.
1181 1995 1347 2067 Cujus
1375 2006 1570 2066 corpus
1595 1990 1766 2050 hono-

176 2099 331 2156 riﬁco
358 2096 592 2168 agmine,
626 2093 1011 2150 comitantibus
1034 2093 1295 2147 virtutum
1319 2086 1590 2162 cperibtts',
1614 2102 1765 2145 suam

179 2189 419 2247 defertur
449 2187 517 2243 ad
545 2187 756 2242 urbem.

244 2278 435 2335 Tomis
480 2277 723 2341 civitate,
770 2282 1081 2331 sanctorum
1128 2274 1336 2341 Prisci,
1364 2270 1665 2330 Cre'scentii
1712 2279 1769 2325 et

177 2372 416 2445 Evagrii.

250 2465 479 2521 Rheinis
516 2465 756 2530 civitate,
787 2462 963 2519 sancti
1002 2458 1235 2532 Remigii
1277 2458 1515 2530 episcopi
1549 2464 1605 2512 et
1642 2470 1769 2512 con-

183 2556 433 2617 tesseris,
458 2557 559 2612 viri
603 2554 1032 2627 praeclarissimas
1081 2550 1298 2607 virtutis
1336 2557 1391 2605 et
1437 2547 1765 2605 sanctitatis.

187 2649 292 2707 Hic
316 2659 526 2724 gentem
552 2648 903 2714 Francordm,
940 2646 1204 2702 idolorum
1250 2642 1480 2700 culturis
1506 2642 1764 2706 deditam,

184 2743 455 2800 convertit
494 2745 561 2798 ad
600 2743 874 2800 Christum
902 2782 917 2808 ,
962 2752 1090 2811 rege
1131 2739 1372 2807 ipsorum
1418 2748 1577 2790 sacro
1620 2731 1770 2788 fonte

180 2838 522 2909 baptismatis
564 2846 617 2892 et
650 2834 1007 2893 sacramentis
1038 2831 1160 2889 fidei
1208 2832 1362 2904 prius
1392 2829 1628 2884 initiato.
1665 2825 1764 2882 Se-

179 2932 463 3004 ptuaginta
498 2938 553 2987 et
592 2946 657 2987 eo
691 2928 923 3000 amplitts
950 2928 1004 2983 in
1037 2926 1350 2998 episcopatu
1380 2932 1554 2980 annos
1581 2920 1769 2992 exple-

182 3014 279 3078 vit.
296 3021 418 3089 Hic,
437 3022 579 3077 inter
602 3028 799 3078 caetera
818 3017 983 3085 facta,
1006 3017 1243 3090 puellam
1265 3031 1294 3070 a
1318 3023 1497 3072 morte
1518 3013 1766 3085 corporis

180 3115 486 3171 suscitavit.

556 3207 618 3262 Β.
656 3204 725 3262 Vl
760 3202 992 3261 NONAS
1024 3199 1388 3260 OCTOBRIS.

856 3293 916 3366 (2
959 3292 1105 3365 Oct.)

256 3399 290 3433 ι
304 3390 460 3461 Apud
482 3388 874 3453 Nicomediam,
890 3386 1087 3445 natalis
1105 3384 1280 3442 sancti
1309 3380 1607 3440 Eleutherii
1629 3394 1775 3436 mar-

182 3479 341 3555 tyris,
357 3481 459 3536 sub
480 3479 835 3536 Diocletiano.
860 3476 1026 3548 Cujus
1041 3486 1285 3547 tempore
1297 3473 1524 3544 contigit
1535 3472 1773 3542 aliquam

180 3582 394 3646 partem
415 3574 601 3644 palatii
632 3560 883 3630 incendio
919 3569 1260 3643 conﬂagrari.
1295 3566 1410 3624 Hoc
1431 3568 1776 3638 imperatora

180 3668 511 3726 Christianis
525 3668 725 3723 factum
738 3667 875 3722 falsa
884 3666 1188 3737 suspicione
1202 3661 1562 3734 praesumpsit.
1580 3660 1657 3715 Ex
1669 3673 1778 3729 quo

184 3761 553 3818 inasstimahili
577 3758 762 3816 furore
782 3772 1097 3835 succensus,
1119 3756 1274 3826 jubet
1303 3768 1492 3810 omnes
1512 3752 1779 3808 Christia-

184 3867 289 3908 nos
317 3851 611 3907 acervatim
647 3848 902 3905 collectos
927 3848 1063 3903 alios
1092 3848 1310 3917 quidem
1346 3843 1523 3916 gladio
1550 3841 1777 3897 obtrun-

182 3945 323 4010 cari,
351 3943 488 4001 alios
513 3941 729 4014 ignibus
749 3939 1090 4011 conﬁagrari.
1120 3938 1327 3995 Horum
1353 3936 1584 4006 primus,
1611 3942 1666 3990 et
1687 3934 1779 4003 qui

181 4051 382 4094 omnes
394 4038 707 4095 hortaretur
719 4050 821 4106 pro
839 4033 1058 4091 Christo
1082 4031 1297 4091 fortiter
1317 4030 1530 4085 animas
1552 4042 1778 4099 ponere,

184 4138 309 4193 erat
334 4128 699 4185 Eleutherius.
724 4126 969 4197 Denique
980 4140 1105 4181 cum
1119 4124 1436 4180 assistentes
1449 4120 1684 4176 ministri
1702 4134 1783 4187 ro-

181 4227 381 4294 garent
392 4218 650 4291 singulos,
663 4218 706 4276 si
722 4216 857 4274 forte
867 4215 1168 4274 sacriﬁcam
1176 4217 1220 4270 ri
1233 4213 1433 4269 vellent
1443 4212 1635 4267 dimitti
1646 4252 1662 4276 ,
1676 4220 1782 4265 tam

182 4310 479 4381 tiriquam
498 4311 756 4368 mulieres
777 4325 845 4366 ne
857 4305 1184 4378 interrogari
1199 4320 1258 4361 se
1275 4304 1492 4375 quidem
1506 4300 1784 4373 patieban-

186 4403 413 4473 tur,sed
437 4403 582 4460 ultro
602 4402 682 4459 vel
705 4401 938 4458 ﬂammis
961 4400 1169 4454 irruere
1186 4438 1202 4465 ,
1216 4396 1300 4452 vel
1318 4394 1650 4452 caedentibus
1671 4392 1784 4465 gla-

186 4500 298 4557 diis
312 4496 562 4554 certatim
576 4493 853 4566 objectare
864 4492 1128 4549 cervices.
1150 4487 1227 4548 Cu
1235 4503 1395 4560 mque
1400 4487 1515 4557 jam
1529 4484 1636 4542 illis
1654 4485 1784 4557 ipsis

185 4590 593 4665 spectatoribus
621 4589 876 4644 nimietas
913 4582 1249 4663 crudelitatis
1283 4582 1650 4647 horresceret,
1686 4576 1785 4632 mi-

186 4682 351 4739 nistri
374 4681 641 4738 scelerum
671 4687 882 4750 partem
912 4675 1094 4747 populi
1122 4670 1386 4731 naviculis
1416 4668 1669 4738 iniectam
1724 4668 1779 4723 in

188 4773 434 4833 medium
474 4772 695 4844 pelagus
720 4770 1016 4834 abducunt,
1047 4766 1229 4835 ibique
1258 4765 1312 4820 in
1356 4752 1625 4821 sententia
1653 4758 1780 4815 ﬁdei

186 4867 550 4941 persistentes
607 4862 952 4935 prmeipitant
983 4860 1037 4914 in
1066 4856 1416 4931 profundum.
1464 4852 1524 4909 ln
1574 4860 1781 4905 tantum

185 4977 348 5018 vero-
374 4960 556 5016 rabies
586 4954 923 5014 crudelitatis
961 4952 1103 5024 apud
1141 4964 1237 5006 eos
1265 4948 1491 5012 exarsit,
1518 4953 1580 5000 ut
1604 4941 1784 5013 regios

228 5068 395 5111 ueros
421 5060 693 5125 martyres
721 5048 961 5111 eﬂectos,
988 5058 1111 5099 cum
1146 5041 1445 5099 secundum
1471 5036 1768 5094 humanita-

228 5071 395 5111 ueros
421 5071 693 5125 martyres
721 5071 961 5111 cuculus,
988 5071 1111 5099 cum
1146 5071 1445 5099 accurruqu
1474 5071 1768 5094 ιιιιιιιαιιιιιι-

186 5071 262 5204 iis
293 5141 538 5200 ordinem
589 5140 817 5196 fuissent
854 5136 1148 5209 sepulturae
1190 5129 1453 5196 mandati,
1484 5126 1779 5183 effoderent

191 5242 394 5311 denuo,
425 5244 480 5293 et
509 5234 757 5309 corpora
787 5247 975 5288 eorum
1024 5225 1353 5300 projicerent
1403 5221 1459 5276 in
1506 5212 1675 5284 mare,
1703 5217 1785 5271 di-

189 5310 419 5392 centes:
446 5330 524 5388 Ne
566 5324 705 5387 forte
753 5325 1057 5384 efﬁciantur
1085 5322 1159 5378 dii
1191 5312 1648 5376 Christianorum.
1680 5310 1786 5367 Ve-

190 5445 316 5484 rum
365 5426 556 5484 beatus
604 5420 983 5486 Eleutherius,
1029 5410 1445 5472 immanissimis’
1499 5400 1784 5466 tormentis

190 5518 285 5574 diu
314 5517 673 5579 excruciatus,
701 5527 826 5570 cum
853 5511 968 5581 ipse
998 5522 1098 5580 per
1141 5502 1349 5575 singula
1382 5506 1650 5556 tormenta
1685 5504 1781 5551 va-

188 5608 357 5669 Iidior
386 5610 725 5673 redderetur,
751 5602 1067 5676 martyrium
1106 5597 1346 5655 victoria:
1395 5605 1506 5650 sua:
1524 5630 1542 5659 ,
1572 5589 1785 5663 ignibus

267 5706 296 5768 ἀ
325 5722 550 5789 Euseb.,
576 5721 616 5777 ι.
642 5735 760 5782 vm,
788 5733 838 5772 c.
866 5714 901 5789 5
924 5723 975 5770 et
1003 5712 1059 5769 6.

264 5796 298 5838 ι
327 5790 467 5851 Vide
489 5787 581 5848 lib.
609 5793 676 5849 de
696 5789 844 5847 Fest.
873 5787 1063 5857 Apost.

268 5876 297 5910 ⁸
323 5865 462 5925 Vide
490 5864 619 5923 ibid.

1799 3274 1849 3339 Ο

1869 2021 2136 2092 martyrio
2178 2025 2492 2080 coronatur,
2540 2018 2600 2070 ut
2642 2008 2911 2069 Aristides
2954 2006 3340 2072 Atheniensis,
3370 2005 3459 2059 vir

1870 2113 1975 2170 fide
1998 2111 2392 2183 sapientiaque
2436 2105 2738 2173 mirabilis,
2769 2102 2925 2159 testis
2961 2108 3045 2157 est
3081 2099 3138 2153 in
3178 2111 3244 2153 eo
3291 2107 3460 2166 opere

1871 2210 2015 2282 quod
2043 2208 2107 2263 de
2143 2202 2454 2262 Christiana
2507 2199 2767 2269 religione
2805 2190 3126 2265 composuit.
3160 2187 3277 2245 Hoc
3319 2192 3459 2271 opus

1870 2264 2013 2370 apud
2059 2296 2418 2355 Athenienses
2464 2264 2676 2350 summo
2723 2283 3185 2360 generecolitur,
3213 2289 3269 2337 et
3317 2264 3493 2335 inter"

1870 2395 2217 2465 antiquorum
2246 2394 2595 2446 monumenta
2627 2384 2990 2439 clarissimum
3017 2380 3254 2443 tenetur,
3282 2381 3343 2429 ut
3366 2384 3459 2446 pn-

1869 2486 2087 2542 ritiores
2111 2480 2421 2539 Grmcoruni
2455 2476 2740 2532 alIirinant.

1940 2576 2095 2647 Apud
2125 2574 2378 2644 antiquos
2407 2569 2675 2634 Saxones,
2706 2564 2903 2621 natalis
2931 2570 3247 2621 sanctorum
3271 2555 3459 2615 Ewal-

1871 2672 2061 2725 dorum
2110 2666 2338 2721 duorum
2394 2663 2859 2733 presbyterorum,
2917 2654 3009 2726 qui
3074 2658 3199 2709 cum
3264 2656 3457 2706 sancto

1868 2756 2221 2818 Willibrordo
2282 2757 2535 2830 episcopo
2610 2751 2889 2809 venientes
2948 2748 3001 2804 in
3069 2744 3455 2807 Germaniam,

1870 2857 2207 2914 transierunt
2262 2853 2329 2909 ad
2394 2850 2636 2907 Saxones
2666 2889 2681 2915 ,
2737 2854 2793 2901 et.
2841 2859 2966 2900 cum
3021 2838 3320 2912 praedicare
3378 2833 3456 2890 ibi

1870 2944 2149 3013 Christum
2195 2950 2509 3022 coepissent,
2535 2943 2915 3017 comprehensi
2963 2956 2994 2995 λ
3023 2937 3251 3010 paganis
3278 2932 3454 2990 occisi

1871 3056 2017 3131 sunt.
2043 3036 2125 3103 Ad
2155 3059 2388 3133 quorum
2418 3056 2647 3114 corpora
2669 3047 2832 3095 noctu
2858 3044 3028 3091 multa
3055 3032 3145 3089 diu
3176 3031 3266 3085 lux
3294 3042 3459 3100 appa-

1871 3124 2021 3210 rens,
2046 3148 2101 3200 et
2122 3126 2214 3195 ubi
2237 3145 2441 3203 essent,
2474 3140 2530 3190 ct
2550 3132 2707 3202 cujus
2730 3140 2911 3187 essent
2934 3122 3113 3183 meriti
3138 3122 3454 3181 declaravit.

2253 3251 2322 3307 D.
2361 3248 2429 3307 IV
2467 3232 3093 3392 NglegC‘OfTOBRlS.

2699 3334 2766 3370 σι.

1947 3432 1970 3461 ο
2008 3417 2163 3492 Apud
2213 3414 2559 3478 Corinthum,
2609 3408 2804 3465 natalis
2846 3412 3155 3462 sanctorum
3193 3398 3370 3470 Crispi
3409 3404 3465 3453 et

1876 3513 2014 3580 Caii,
2046 3488 2276 3582 quorum
2303 3505 2552 3562 meminit
2576 3503 2767 3557 beatus
2796 3505 3073 3570 apostmus
3110 3492 3311 3547 Paulus
3362 3488 3465 3545 Co-

1879 3602 2097 3660 rinthiis
2128 3598 2393 3655 scribens.

1950 3692 1977 3733 ά
2008 3691 2161 3764 Apud
2192 3687 2505 3760 AEgyptum,
2561 3679 2755 3738 natalis
2803 3680 3114 3733 Sanctorum
3162 3679 3465 3743 martyrum

1881 3787 2048 3843 Marci
2071 3796 2125 3843 et
2140 3781 2398 3839 Marciani
2415 3777 2669 3841 fratrum,
2686 3780 2741 3829 et
2758 3787 2878 3827 cum
2894 3771 2973 3826 eis
2989 3763 3465 3824 innumerabilium

1883 3879 2115 3934 aliorum
2145 3888 2251 3931 non
2301 3868 2572 3927 inferioris
2618 3864 2825 3937 gloriae,
2860 3872 2970 3915 tam
3013 3859 3257 3914 virorum
3306 3862 3471 3926 quam

1882 3960 2229 4027 feminarum.
2278 3960 2387 4018 Sed
2421 3970 2475 4016 et
2520 3958 2671 4030 pueri
2708 3964 2763 4011 et
2791 3966 2966 4017 senes,
2994 3963 3095 4021 pro
3122 3949 3226 4004 fide
3253 3942 3473 4002 Domini

1885 4060 2062 4117 nostri
2098 4056 2227 4113 Jesu
2255 4052 2478 4117 Christi,
2510 4052 2833 4121 prmsenteni
2869 4045 3037 4099 vitam
3081 4038 3477 4112 parvipenden'a

1888 4164 1991 4220 tes,
2022 4151 2216 4207 futura:
2258 4147 2441 4218 gloriae
2475 4140 2862 4197 beatitudinem
2910 4136 3193 4207 quaesiere.
3238 4131 3475 4201 Quidam

1886 4261 1953 4301 ex
2002 4243 2135 4313 ipsis
2179 4236 2301 4311 post
2354 4235 2604 4297 verbera,
2636 4240 2758 4302 post
2805 4226 3053 4298 ungulas,
3081 4228 3203 4295 post
3239 4221 3470 4295 ﬂagella,

1888 4312 2131 4404 aliosque
2149 4328 2348 4387 diversi
2372 4324 2585 4399 generis
2610 4316 2899 4376 horribiles
2921 4315 3216 4378 cruciatus,
3239 4312 3475 4367 ﬂammis

1888 4431 2070 4491 traditi
2100 4435 2249 4493 sunt,
2274 4423 2363 4480 alii
2395 4423 2449 4477 in
2478 4433 2627 4475 mare
2651 4411 2994 4487 praecipitati,
3021 4406 3262 4464 nonnulli
3294 4404 3475 4461 inedia

1889 4522 2217 4595 consumpti,
2248 4516 2470 4575 nonnuli
2500 4514 2665 4569 etiam
2694 4509 2871 4579 capite
2916 4502 3065 4569 caesi,
3096 4502 3171 4556 ita
3196 4504 3256 4555 ut
3283 4500 3477 4569 sponte

1813 4642 1864 4704 ι)
1889 4590 2137 4678 cervices
2174 4629 2301 4670 suas
2342 4607 2621 4666 securibus
2652 4605 2872 4667 darent;
2907 4598 2996 4653 alii
3025 4594 3280 4669 patibulis
3309 4590 3472 4655 aﬁixi,

1887 4733 1956 4775 ex
2005 4710 2202 4784 quibus
2245 4702 2490 4762 nonnulli
2534 4715 2684 4755 more
2717 4708 2972 4767 perverso
3003 4691 3180 4762 capite
3220 4688 3475 4744 deorsum

1885 4776 2097 4883 presso,
2145 4818 2208 4857 ac
2256 4797 2486 4871 pedibus
2528 4794 2582 4848 in
2629 4786 2858 4845 sublime
2909 4783 3165 4849 sublatis,
3208 4776 3477 4854 passionis

1888 4882 2260 4975 beatissimam
2284 4901 2544 4947 coronam
2570 4882 3011 4955 promeruerunt.

2268 5005 2331 5060 E.
2369 5001 2436 5058 ΙΙΙ
2472 4999 2701 5056 NONAS
2734 4990 3092 5054 OCTOBBIS.

2567 5094 2625 5165 (5
2659 5091 2803 5163 Oct.)
3178 5158 3184 5164 _

1967 5216 1991 5244 ο
2030 5200 2184 5272 Apud
2237 5194 2500 5257 Siciliam,
2544 5188 2739 5245 natalis
2766 5192 3077 5242 sanctorum
3119 5172 3347 5235 Placidi,
3372 5169 3478 5223 Eu-

1892 5299 2057 5373 tychii
2091 5306 2146 5351 et
2173 5292 2403 5350 aliorum
2436 5285 2678 5357 triginta.

1960 5395 2018 5449 ln
2047 5388 2259 5455 Galliis,
2283 5385 2503 5441 civitate
2531 5377 2802 5440 Valentia,
2832 5359 3346 5436 sanctiApollinaris
3372 5357 3460 5429 epi

1893 5487 2063 5558 scopi,
2110 5482 2265 5553 cujus
2284 5488 2340 5535 et
2384 5478 2496 5532 vita
2515 5471 2804 5528 virtutibus
2848 5460 3072 5530 insignis
3097 5455 3219 5520 fuit,
3247 5459 3303 5508 et
3332 5460 3479 5505 mors

1892 5557 2247 5639 nihilominus
2276 5570 2447 5643 signis
2473 5582 2538 5622 ac
2562 5560 2824 5636 prodigiis
2853 5557 3158 5612 decoratur.

1962 5692 1990 5733 ἀ
2021 5690 2244 5753 Euseb.,
2270 5685 2307 5739 Ι.
2340 5697 2458 5746 vni,
2486 5693 2547 5753 c._
2568 5675 2680 5753 8_et

1969 5776 1993 5805 ο
2021 5740 2244 5829 illisi);
2268 5756 2307 5811 ι.
2334 5770 2388 5821 v,
2408 5740 2462 5807 c;
2484 5749 2578 5804 at.
2605 5740 2749 5801 una“.
