3962 6366
513 389 621 445 575

1521 394 1577 447 S.
1620 392 1871 448 ADONIS
1911 394 2338 452 ARCIIIEPISC.
2387 399 2795 457 \‘lENNENSlS

3693 414 3799 469 376

583 505 735 576 Apud
782 506 1124 575 Eumeniam,
1176 509 1319 564 beati
1368 509 1622 563 Thrasea:
1671 509 1910 581 episcopi
1957 511 2099 580 apud
2127 515 2178 574 Α
2205 511 2399 568 iterum
2459 517 2621 587 jussit
2670 520 2726 574 in
2778 523 3022 577 custodia
3078 525 3264 594 recipi,
3333 527 3604 584 Bacchum
3664 543 3798 587 vero

516 598 804 668 Smyrnam
835 598 1096 670 martyrio
1139 599 1523 662 consummati,
1557 599 1649 669 qui
1685 615 1824 655 unus
1860 615 1928 656 ex
1957 601 2100 655 anti-
2205 613 2489 662 extensum
2551 609 2734 666 nervis
2797 613 2983 669 crudis
3025 624 3134 670 tam
3179 616 3269 672 diu
3324 619 3457 675 caedi
3510 636 3799 693 quousque

511 691 654 759 quis,
682 689 837 758 quasi
865 705 934 746 ex
955 689 1241 746 traditione
1269 691 1510 760 priorum
1541 704 1601 746 se
1631 690 1905 760 accepisse
1953 706 2104 746 asse-

2206 694 2474 752 ctedentes
2503 695 2633 754 lassi
2667 699 2984 758 deﬁcerent.
3010 703 3080 760 Et
3109 705 3348 763 vicissim
3377 711 3797 770 succedentibus

511 781 662 836 ruit:
691 780 1026 839 Salvatorem
1064 783 1386 852 praecepisse
1413 781 1674 852 apostolis
1723 783 1856 847 suis,
1885 791 1945 866 ut
1972 792 2098 838 ante
2203 786 2308 841 sibi
2360 789 2686 858 caesoribus,
2745 803 2954 865 martyr
3011 795 3280 868 gloriosus
3335 801 3393 856 in
3446 803 3797 864 confessione

509 873 889 932 duodecimum
923 890 1125 930 annum
1148 877 1217 931 ab
1251 874 1608 946 Jerosolymis
1638 891 1706 930 ne
1733 860 2094 931 discederent.

808 967 872 1024 F.
907 966 1133 1024 PBlDlE
1171 967 1399 1024 NUNAS
1433 965 1793 1041 OCTOBRIS.

1177 1060 1233 1131 (6
1283 1059 1428 1132 Οτι.)

575 1165 604 1194 ι
627 1151 784 1222 Apud
810 1151 1070 1225 Capuam,
1102 1153 1294 1210 natalis
1310 1162 1620 1210 sanctorum
1650 1152 1904 1222 Marcelli,
1924 1153 2091 1222 Casti,

501 1249 708 1306 Emilii
737 1259 790 1306 et
820 1249 1120 1306 Saturnini.

569 1342 628 1398 ln
672 1342 881 1408 Galliis,
915 1343 1134 1399 civitate
1176 1346 1424 1417 Agenno,
1454 1342 1653 1399 natalis
1675 1351 1876 1398 sanctae
1919 1341 2087 1408 Fidis,

501 1437 728 1509 virginis
746 1447 801 1493 et
829 1438 1104 1510 martyris,
1134 1437 1288 1507 cujus
1313 1437 1562 1507 exemplo
1587 1436 1780 1492 beatus
1801 1427 2090 1506 Caprasius

502 1531 569 1586 ad
603 1517 832 1602 agonem
862 1531 1105 1602 martyrii
1137 1532 1409 1586 animatus
1439 1540 1544 1586 est.

571 1623 775 1677 Eodem
819 1623 925 1690 die,
972 1623 1118 1679 beati
1162 1622 1404 1692 Sagaris,
1444 1621 1700 1694 martyris
1751 1627 1808 1675 et
1847 1619 2088 1690 episcopi

498 1712 880 1782 Laodicensis,
908 1716 1000 1785 qui
1031 1730 1174 1771 unus
1204 1713 1306 1770 fuit
1335 1715 1401 1770 de
1437 1713 1676 1784 antiquis
1716 1711 1892 1768 sancti
1931 1709 2087 1767 Pauli

496 1808 734 1884 apostoli
750 1809 1047 1880 discipulis.

920 1900 984 1957 G.
1026 1899 1256 1958 NONAS
1289 1897 1648 1956 OCTOBRIS.

1158 1995 1214 2068 (7
1273 1993 1417 2065 0a.)

623 2086 828 2153 Romae,
879 2087 967 2142 via
1010 2087 1213 2158 Appia,
1270 2085 1468 2142 natalis
1509 2083 1568 2141 S.
1599 2083 1788 2150 Maron,
1824 2098 1976 2155 papa:
2031 2093 2090 2140 et

497 2177 855 2245 confessoris,
898 2177 993 2248 qui
1042 2177 1182 2233 sedit
1228 2177 1285 2233 in
1338 2177 1653 2248 episcOpatu
1703 2192 1878 2233 annos
1926 2177 2085 2244 duos,

493 2287 712 2329 menses
748 2285 965 2338 novem,
994 2271 1112 2327 dies
1148 2270 1360 2344 viginti.
1403 2269 1658 2342 Sepultus
1687 2271 1741 2325 in
1773 2271 2088 2326 coemeterio

492 2366 757 2432 Balbinzn,
799 2367 888 2421 via
925 2366 1240 2429 Ardeatina,
1283 2365 1428 2436 quod
1467 2364 1586 2435 ipse
1633 2364 1892 2421 insistens
1933 2365 2084 2420 fecit.

576 2458 779 2514 Eodem
829 2459 915 2515 die
957 2457 1139 2514 natale
1193 2463 1508 2513 sanctorum
1556 2466 1856 2529 martyrum
1906 2455 2084 2524 Juliaa,

491 2549 672 2623 Sergii
712 2560 768 2607 et
794 2550 1016 2617 Bacchi,
1047 2549 1148 2606 sub
1181 2548 1512 2605 Maximiano
1540 2547 1889 2620 imperatore.
1919 2547 2088 2620 Cujus

490 2645 792 2700 honoribus
816 2642 1115 2710 sublimati,
1159 2641 1215 2698 in
1245 2641 1446 2714 palatio
1478 2642 1598 2713 ejus
1635 2641 1766 2697 clari
1809 2642 2089 2698 habeban-

491 2744 603 2792 tur.
637 2736 772 2791 Nam
817 2734 1198 2806 Sergiuserat
1244 2733 1616 2804 primicerius,
1664 2731 1909 2789 Bacchus
1953 2747 2087 2789 vero

490 2826 898 2882 secundicerius
929 2824 1130 2882 scholae
1167 2824 1470 2897 gentilium.
1497 2824 1545 2878 A
1582 2824 1907 2894 quibusdam
1955 2839 2086 2895 ergo

493 2919 639 2989 apud
677 2919 1062 2990 imperatorem
1091 2917 1352 2984 accusati,
1379 2915 1524 2988 quod
1550 2924 1734 2971 essent
1759 2914 2083 2984 Christiani,

491 3013 674 3066 vocati
705 3020 832 3067 sunt
854 3013 922 3068 ab
965 3011 1315 3082 imperatore,
1353 3018 1416 3064 ut
1443 3006 1817 3065 sacriﬁcantes
1842 3007 1984 3074 Jovi,
2016 3007 2088 3064 de

493 3106 780 3163 sacriﬁciis
826 3105 1024 3162 oblatis
1079 3120 1205 3160 cum
1253 3117 1321 3160 eo
1379 3103 1751 3175 degustarent.
1798 3100 2086 3172 Ingressus

492 3185 793 3268 imperator
837 3196 1129 3268 templum,
1169 3194 1401 3268 gustavit
1445 3195 1514 3250 de
1545 3193 1848 3260 sacriﬁciis,
1877 3201 1932 3248 et
1975 3193 2083 3248 cir-

493 3263 878 3359 cumspiciens,
905 3263 1016 3345 non
1043 3263 1451 3359 vidit'Sergium
1478 3295 1537 3342 et
1563 3285 1834 3342 Bacchum
1860 3303 1873 3338 :
1904 3299 2081 3356 neque
2107 3263 2154 3328 (ἶ

495 3384 641 3439 enim
690 3381 920 3454 ingressi
961 3381 1180 3437 fuerant
1208 3380 1488 3451 templum.
1519 3379 1738 3436 Mittens
1781 3379 1946 3450 igitur
1986 3378 2083 3434 mi-

493 3475 618 3532 lites
643 3476 710 3531 de
741 3475 1081 3533 adstantibus
1105 3475 1209 3531 sibi
1243 3475 1564 3544 imperator,
1588 3473 1752 3543 jussit
1785 3487 1879 3528 eos
1910 3471 2082 3528 intro-

494 3567 639 3624 duci.
669 3567 876 3635 Quibus
911 3575 966 3622 et
995 3567 1169 3623 dixit:
1199 3565 1272 3622 Ut
1299 3566 1482 3631 video,
1528 3564 1655 3621 facti
1699 3565 1831 3621 estis
1857 3565 2081 3622 deorum

493 3659 722 3716 inimici.
752 3659 1008 3715 Accedite
1043 3658 1112 3714 ad
1149 3673 1302 3714 aram
1338 3657 1487 3713 Jovis
1530 3657 1732 3729 magni,
1773 3668 1829 3713 et
1868 3659 2080 3714 sacriﬁ-

493 3762 638 3819 cate,
662 3767 727 3807 ac
748 3752 815 3806 de
838 3750 1122 3808 sacriﬁciis
1140 3750 1258 3820 ejus
1279 3751 1422 3806 sicut
1442 3760 1497 3804 et
1517 3749 1698 3805 caueri
1729 3749 2076 3806 manducate.

492 3847 911 3917 Responderunt
936 3844 1084 3901 beati
1125 3843 1348 3914 Sergius
1380 3852 1436 3898 et
1480 3842 1725 3898 Bacchus
1761 3859 1774 3896 :
1810 3841 2086 3899 Habemus

491 3957 678 4014 regem
721 3956 912 3995 verum
955 3948 1220 3994 aeternum
1261 3938 1314 3992 in
1366 3936 1537 4000 etelis,
1583 3935 1766 3992 Jcsum
1808 3935 2083 3992 Christum

490 4029 690 4091 Filium
737 4032 854 4087 Dei.
887 4031 1025 4086 Huic
1067 4045 1165 4100 per
1211 4029 1451 4101 singulos
1481 4029 1598 4085 dies
1637 4029 1912 4085 oﬁerimus
1957 4045 2082 4085 san-

494 4132 642 4182 ctum
675 4124 965 4193 vivumque
989 4121 1339 4185 sacriﬁcium,
1371 4131 1532 4192 atque
1562 4119 1942 4176 rationabilem
1968 4120 2084 4176 cul-

493 4224 705 4281 turam;
737 4213 944 4283 lapides
991 4220 1171 4267 autem
1205 4221 1261 4268 et
1302 4212 1446 4284 ligna
1496 4227 1606 4268 non
1635 4210 1944 4266 adoramus.
1975 4209 2082 4265 lm-

490 4316 713 4380 perator
747 4316 873 4362 tunc
913 4305 1221 4377 indignatus
1258 4305 1421 4376 jussit
1458 4313 1652 4361 exutos
1682 4303 1968 4376 chlamyde
1997 4303 2079 4358 in-

493 4399 585 4456 dui
615 4415 709 4455 eos
756 4397 1006 4454 muliebri
1045 4395 1277 4463 colobio,
1315 4404 1370 4452 et
1403 4410 1500 4468 per
1527 4396 1760 4452 mediam
1801 4395 2079 4451 civitatem

491 4492 563 4547 ad
594 4491 850 4563 palatium
895 4490 1159 4560 pertrahi,
1193 4489 1399 4544 catenis
1427 4489 1482 4544 in
1522 4488 1827 4546 cervicibus
1864 4487 2074 4559 positis.

489 4584 561 4640 Et
602 4598 724 4637 cum
755 4581 1131 4652 pervenissent
1159 4581 1227 4636 ad
1271 4580 1567 4650 palatium,
1613 4580 1750 4636 dixit
1787 4582 1867 4636 eis
1903 4580 2077 4651 impe-

491 4682 643 4730 rator
691 4691 704 4727 :
739 4671 1173 4739 Sceleratissimi,
1203 4671 1353 4727 scitis
1381 4672 1508 4742 quia
1536 4686 1698 4742 quem
1724 4670 1901 4728 colitis
1927 4670 2079 4728 Chri-

493 4772 638 4820 stum
663 4761 805 4818 fabri
834 4761 976 4817 ﬁlius
1008 4762 1130 4829 fuit,
1157 4770 1212 4817 et
1263 4769 1555 4833 antequam
1591 4761 1792 4834 nuptiae
1822 4762 2078 4835 legitima:

492 4854 710 4919 ﬁerent,
736 4852 803 4909 de
847 4851 1111 4908 adulterio
1155 4850 1300 4908 facto
1345 4861 1523 4908 mater
1567 4868 1693 4908 eum
1735 4853 2080 4924 procreavit?

491 4948 593 5007 Cui
620 4947 822 5004 milites
849 4945 1050 5004 Christi
1080 4946 1510 5016 responderunt:
1539 4945 1722 5014 Erras,
1746 4946 2077 5019 imperator;

492 5055 620 5095 nam
645 5053 805 5109 quem
837 5036 1064 5094 colimus
1111 5035 1255 5092 Deus
1295 5050 1457 5092 verus
1480 5044 1586 5103 est,
1614 5044 1672 5094 et
1695 5037 1808 5093 vita
1845 5046 2076 5108 aeterna,

491 5130 585 5201 qui
614 5128 742 5184 fecit
770 5127 969 5184 coelum
995 5134 1052 5181 et
1096 5135 1299 5182 terram
1332 5134 1389 5184 et
1415 5142 1536 5198 quae
1576 5128 1632 5183 in
1667 5127 1748 5185 eis
1777 5137 1921 5186 sunt.
1947 5127 2078 5185 Am-

489 5222 632 5295 plius
665 5221 831 5292 igitur
855 5219 999 5276 veris
1032 5219 1501 5291 prosecutionibus
1535 5234 1725 5276 eorum
1761 5221 1934 5277 iratus
1961 5219 2076 5276 Ma-

476 5313 790 5383 ,ximiauus,
819 5309 986 5380 jussit
1016 5325 1112 5368 eos
1159 5310 1448 5367 Antiochio
1473 5309 1598 5367 duci
1639 5311 1799 5377 tradi,
1842 5319 1903 5366 ut
1943 5325 2076 5366 con-

493 5408 787 5478 stringeret
807 5419 902 5462 eos
922 5405 977 5460 in
1004 5403 1180 5476 cippo.
1207 5404 1275 5461 Et
1302 5403 1446 5462 facto
1471 5419 1653 5472 mane,
1683 5405 1826 5462 sedit
1851 5405 1905 5461 in
1937 5421 2077 5476 pra;-

491 5501 654 5558 torio.
685 5500 755 5556 Et
781 5500 1002 5557 adducti
1044 5505 1170 5556 sunt
1215 5506 1344 5555 ante
1389 5497 1540 5554 illum
1589 5497 1808 5571 Sergius
1845 5507 1900 5555 et
1941 5498 2075 5555 Bac-

494 5591 648 5647 chus.
676 5590 896 5647 Etcum
928 5605 1030 5647 nec
1055 5588 1353 5655 blanditiis,
1400 5603 1500 5645 nec
1538 5587 1700 5644 minis
1739 5603 1836 5645 eos
1880 5604 1912 5644 a
1949 5605 2074 5661 pro-

493 5681 674 5752 posito
714 5682 1001 5740 incurvare
1039 5689 1253 5753 posset,
1300 5680 1521 5736 beatum
1560 5679 1776 5751 quidem
1823 5679 2073 5754 Sergium

568 5811 598 5840 ι
632 5797 858 5865 Euseb.,
889 5799 926 5854 ι.
950 5815 1006 5867 v,
1034 5814 1085 5854 c.
1113 5797 1205 5854 24.
1234 5795 1379 5854 Ruﬁ.

569 5868 603 5913 δ
635 5867 908 5955 Pontiﬁc.,
935 5883 984 5925 c.
1015 5868 1105 5925 55.

2201 877 2424 948 Christi,
2455 890 2598 940 totus
2639 900 2867 957 corpore
2896 887 3174 959 discissus,
3219 893 3401 949 emisit
3427 896 3713 966 spiritum,
3745 911 3796 954 et

2199 973 2390 1029 relicto
2415 991 2643 1048 corpore
2671 979 2862 1034 avibus
2905 991 2961 1038 et
3010 982 3162 1050 feris,
3211 986 3345 1042 abiit
3369 987 3697 1046 Antiochus.
3728 993 3795 1048 At

2197 1063 2492 1124 Christiani
2545 1068 2733 1126 furtim
2778 1073 3060 1132 venientes
3109 1078 3348 1134 tulerunt
3391 1096 3590 1152 corpus
3642 1099 3790 1138 mar-

2200 1157 2354 1228 tyris,
2393 1169 2450 1214 et
2488 1161 2544 1215 in
2575 1163 2831 1234 spelunca
2863 1167 3099 1236 quadam
3148 1171 3497 1242 sepelierunt.
3525 1174 3788 1246 Sequenti

2105 1287 2110 1309 ς
2197 1265 2330 1306 vero
2359 1251 2446 1306 die
2486 1253 2680 1311 beatus
2709 1256 2931 1328 Sergius
2969 1259 3196 1317 eductus
3239 1264 3305 1319 de
3340 1267 3610 1332 custodia,
3647 1283 3787 1339 prm-

2198 1350 2448 1398 sentatur
2470 1342 2738 1402 Antiocho
2764 1365 2779 1412 ;
2812 1349 2907 1418 qui
2933 1365 3057 1406 cum
3079 1351 3262 1409 verbis
3285 1370 3409 1410 eum
3432 1354 3657 1413 ﬂectere
3684 1374 3786 1416 non

2195 1444 2401 1506 posset,
2439 1436 2613 1507 primo
2642 1438 2938 1496 cothurnos
2965 1442 3208 1500 conﬁxos
3247 1445 3414 1502 clavis
3443 1449 3631 1504 vestiri
3669 1465 3788 1506 eum

2194 1522 2342 1590 fecit,
2371 1539 2426 1582 et
2457 1543 2652 1584 novem
2674 1529 2909 1588 millibus
2934 1545 3060 1589 ante
3083 1550 3142 1592 se
3169 1552 3406 1595 currere.
3435 1539 3787 1598 Postmodum

2193 1617 2250 1672 in
2280 1621 2551 1676 sententia
2586 1621 2755 1678 ﬁxum
2799 1639 3025 1681 manere
3065 1629 3276 1697 videns,
3319 1630 3580 1688 decollari
3605 1633 3784 1704 jussit,

2192 1725 2355 1781 quem
2395 1720 2527 1770 tunc
2574 1713 2872 1772 Christiani
2919 1718 2974 1772 in
3028 1721 3216 1777 eodem
3268 1722 3387 1780 loco
3434 1725 3784 1797 sepelierunt.

2192 1804 2369 1862 Parvo
2413 1815 2595 1864 autem
2639 1817 2884 1881 tempore
2929 1812 3273 1885 interposito,
3316 1816 3538 1874 beatum
3570 1837 3785 1893 quoque

2112 1894 2462 1957 BBacchum
2508 1915 2542 1954 a
2592 1899 2712 1956 loco
2756 1917 2865 1972 quo
2903 1904 3200 1962 tumulatus
3252 1905 3435 1965 fuerat
3485 1910 3782 1979 elevantes,

2193 1985 2498 2044 honorabili
2524 1987 2851 2062 Martyribus
2891 1991 3012 2048 loco
3054 1993 3212 2063 juxta
3241 2007 3490 2055 sanctum
3537 2000 3783 2074 Sergium

2193 2091 2636 2163 composuerunt.
2667 2081 2771 2138 Ubi
2797 2092 2854 2140 et
2879 2085 3030 2158 virgo
3057 2087 3217 2155 Julia,
3243 2106 3364 2161 qua:
3390 2093 3492 2148 sub
3521 2093 3781 2153 Martiano

2191 2173 2423 2243 praesrde
2445 2177 2772 2249 martyrium
2793 2179 3212 2250 consummavit,
3229 2183 3435 2239 sociata
3458 2184 3780 2257 Martyribus

2193 2265 2403 2336 sepulta
2427 2267 2677 2337 quiescit.

2260 2357 2465 2416 Eodem
2494 2361 2602 2427 die,
2626 2371 2937 2420 sanctorum
2964 2374 3265 2438 martyrum
3290 2369 3538 2426 marcelli
3567 2379 3626 2426 et
3652 2371 3779 2444 Apu-

2191 2453 2296 2521 lei,-
2309 2455 2401 2524 qui
2429 2456 2645 2526 quidem
2664 2458 2843 2529 primo
2863 2459 3204 2516 adhaeserunt
3232 2460 3443 2518 Simoni
3471 2479 3663 2536 mago;
3694 2466 3775 2522 sed

2191 2546 2441 2606 videntes
2489 2549 2760 2605 mirabilia
2816 2566 2936 2622 qua:
2993 2550 3257 2610 Dominus
3300 2556 3644 2624 operabatur
3691 2573 3777 2628 per

2191 2641 2496 2714 apostolum
2523 2658 2679 2699 suum
2709 2642 2963 2711 Petrum,
3011 2646 3202 2702 relicto
3241 2645 3490 2715 Simone,
3524 2649 3776 2705 doctrina

2190 2732 2502 2803 apostolica:
2530 2747 2592 2789 se
2623 2733 2982 2790 tradiderunt.
3012 2734 3080 2790 Et
3121 2745 3244 2809 post
3281 2738 3613 2810 martyrium
3658 2754 3775 2810 apo-

2190 2821 2476 2890 stolorum,
2503 2821 2848 2881 confessione
2870 2823 3077 2882 Christi
3108 2835 3166 2884 et
3192 2827 3294 2899 ipsi
3315 2827 3584 2894 decorati,
3612 2828 3775 2886 Aure-

2188 2914 2339 2972 liano
2387 2917 2660 2974 consulari
2711 2918 2833 2974 viro
2867 2917 3194 2976 sententiam
3245 2920 3491 2989 ferente,
3537 2925 3774 2997 martyrii

2189 3025 2446 3069 coronam
2460 3021 2827 3083 reportarunt.
2845 3011 3051 3085 Sepulti
3066 3029 3172 3071 non
3186 3012 3342 3086 longe
3354 3015 3425 3070 ab
3437 3016 3574 3073 urbe
3589 3016 3770 3073 Roma.

2579 3125 2646 3180 A.
2675 3125 2787 3182 Vlll
2824 3125 2984 3184 lDUS
3013 3123 3372 3186 OCTOBRIS.

2855 3218 2912 3288 (8
2941 3218 3105 3290 0ct.).

2258 3320 2283 3351 ο
2305 3309 2464 3382 Apud
2503 3308 2741 3378 Cretam,
2773 3311 2907 3367 urbe
2934 3309 3192 3378 Gortinae,
3217 3311 3362 3369 beati
3389 3312 3616 3385 Philippi
3649 3313 3764 3385 epi-

2185 3400 2358 3472 scopi,
2376 3401 2588 3473 mag‘nis
2609 3401 2900 3458 virtutibus
2915 3411 2971 3457 et
2981 3402 3202 3474 optimis
3216 3403 3412 3461 studiis
3422 3402 3764 3477 prmdit'tviri.

2259 3492 2686 3561 Thessalonicae,
2717 3492 2776 3549 S.
2805 3493 3064 3549 Demetrii
3093 3495 3370 3566 martyris.

2257 3585 2325 3642 Et
2348 3585 2651 3644 beatissimi
2681 3585 2830 3641 senis
2861 3584 3150 3642 Simeonis.

2598 3699 2656 3754 Β.
2699 3697 2791 3754 Vll
2826 3697 2986 3756 IDUS
3013 3697 3370 3758 OCTOBRIS.

2874 3790 2928 3862 (9
2954 3789 3098 3861 Oct.)

2255 3883 2490 3940 Abrahae
2522 3881 2877 3939 Patriarchaa.

2252 3977 2410 4048 Apud
2437 3976 2730 4044 Parisium,
2761 3977 2956 4033 natalis
2980 3986 3294 4034 sanctorum
3318 3986 3626 4051 martyrum
3653 3979 3764 4038 Dio-

2184 4070 2325 4142 nysii
2354 4069 2612 4142 episcopi,
2643 4068 2938 4126 Eleutherii
2981 4071 3307 4143 presbyteri,
3338 4081 3395 4126 et
3425 4071 3640 4128 Rustici
3664 4073 3765 4131 dia-

2183 4162 2306 4218 coni
2341 4181 2354 4217 :
2385 4162 2478 4232 qui
2516 4162 2707 4217 beatus
2746 4161 3031 4233 episcopus
3079 4178 3110 4217 a
3135 4163 3407 4233 pontiﬁce
3430 4163 3681 4222 Romano
3705 4165 3766 4222 ad

2181 4251 2381 4308 Gallias
2410 4253 2673 4316 directus,
2715 4261 2771 4306 ut
2802 4253 3200 4322 praedicationis
3234 4270 3458 4325 operam
3498 4258 3712 4330 populis
3737 4273 3766 4316 ι

2182 4346 2289 4402 ﬁde
2343 4345 2546 4403 Christi
2595 4345 2789 4401 alienis
2846 4347 3146 4414 exhiberet,
3189 4349 3404 4405 tandem
3440 4349 3768 4410 Parisiorum

2182 4439 2458 4494 civitatem
2507 4437 2747 4505 devenit,
2799 4445 2854 4493 et
2897 4452 2996 4509 per
3046 4438 3249 4508 aliquot
3300 4455 3474 4498 annos
3529 4451 3766 4499 sanetum

2181 4545 2315 4602 opus
2341 4527 2574 4585 ﬁdeliter
2597 4537 2654 4584 et
2678 4528 2932 4584 ardenter
2971 4537 3276 4596 exsecutus,
3321 4545 3352 4584 a
3387 4532 3650 4600 praefecto
3677 4533 3765 4589 Fe-

2105 4630 2159 4692 D
2184 4620 2445 4677 scennino
2475 4619 2715 4676 Sisinnio
2746 4620 3190 4690 comprehensus,
3227 4628 3428 4676 etcum
3459 4637 3528 4678 eo
3558 4633 3764 4680 sanctus

2179 4711 2463 4784 presbyter
2503 4709 2847 4767 Eleutherius
2873 4718 2929 4767 et
2975 4709 3230 4768 Rusticus
3267 4711 3556 4783 diaconus,
3601 4713 3763 4788 gladio

2185 4803 2549 4860 animadversi
2572 4804 2892 4876 martyrium
2918 4805 3344 4877 compleverunt.

2598 4933 2658 4990 C.
2705 4931 2769 4989 Vl
2801 4933 2962 4991 lDUS
2998 4934 3355 4993 OCTOBRIS.

2840 5027 2933 5100 (to
2963 5026 3107 5101 Oct.)

2248 5119 2406 5193 Apud
2455 5119 2736 5176 Coloniam
2785 5120 3173 5192 Agrippinam,
3223 5126 3402 5182 natale
3458 5139 3758 5188 sanctorum

2181 5218 2482 5283 martyrum
2509 5207 2793 5276 Cerconis,
2821 5218 2877 5265 et
2900 5209 3129 5267 aliorum
3155 5221 3522 5274 trecentorum
3559 5221 3758 5278 octode-

2179 5301 2304 5366 cim,
2335 5316 2472 5373 quos
2502 5300 2682 5357 ferunt
2705 5299 2970 5359 Thebaeas
2993 5302 3178 5371 fuisse,
3209 5314 3264 5360 et
3289 5321 3413 5363 cum
3439 5307 3654 5380 legione
3677 5311 3754 5367 illa

2178 5392 2324 5449 beati
2366 5392 2624 5458 Mauritii,
2657 5391 2783 5448 inde
2807 5394 2963 5463 jussu
2994 5395 3306 5454 Maximiani
3337 5400 3679 5473 imperatoris
3706 5405 3754 5461 in

2180 5481 2381 5540 Gallias
2409 5485 2698 5542 transitum
2726 5483 2945 5554 fecisse,
2991 5497 3153 5560 atque
3194 5491 3340 5548 circa
3376 5491 3553 5552 Rheni
3587 5497 3752 5554 littora

2180 5576 2512 5644 consedisse,
2535 5585 2591 5632 et
2605 5576 2876 5634 funestum
2900 5583 3115 5652 tyranni
3138 5584 3422 5657 imperium
3443 5591 3748 5662 respuendo,

2181 5684 2280 5741 pro
2306 5683 2434 5726 vera
2461 5669 2660 5742 pietate
2689 5670 2823 5728 colla
2850 5675 3121 5744 patienter
3147 5677 3343 5751 gladiis
3367 5682 3685 5740 subdidisse.

2183 5793 2280 5913 δοῖ
3189 5794 3258 5852 αθ
3283 5794 3402 5854 εστ·
3635 5810 3744 5869 ανδ
