3962 6366
151 406 270 462 577

238 521 380 577 Loth
408 518 704 590 preplietzc.
1336 581 1340 588 ν

240 610 396 684 Apud
424 608 662 674 Cretam,
697 610 837 665 beati
871 608 1072 682 Pinyti,
1113 611 1254 665 inter
1293 611 1572 682 episcopos
1603 610 1757 666 nobi-

157 702 387 769 lissimi,
416 715 441 743 α
459 702 553 773 qui
582 701 638 757 in
651 702 870 773 scriptis
891 703 1002 760 suis
1028 703 1174 761 velut
1199 704 1253 759 in
1283 704 1513 775 quodam
1539 703 1758 775 speculo

161 798 444 856 viventem
476 797 559 853 sui
590 797 811 868 reliquit
841 797 1155 870 imaginem.

242 893 375 949 Item
411 892 550 963 apud
588 891 1037 963 Agrippinensem
1067 891 1279 958 urbem,
1315 891 1512 948 natalis
1539 900 1752 947 sancto-

163 997 298 1038 rum
344 992 642 1054 martyrum
665 980 868 1038 Mallosi
902 991 960 1037 et
998 979 1230 1039 Victoris
1271 1002 1284 1038 ε
1314 999 1541 1054 quorum
1583 981 1757 1054 prior,

167 1090 301 1132 cum
321 1073 480 1146 longo
501 1083 742 1146 tempore
772 1075 992 1130 ubinam
1023 1075 1264 1147 sepultus
1287 1075 1446 1132 fuerit
1491 1075 1757 1142 latuisset,

161 1173 364 1223 sancto
399 1165 650 1235 episcopo
688 1165 927 1236 ejusdem
967 1166 1070 1223 loci
1110 1183 1176 1223 ex
1219 1167 1399 1223 divina
1434 1166 1761 1222 revelatione

165 1255 553 1313 manifestatus
581 1266 684 1312 est.
715 1256 959 1328 Cumque
982 1274 1179 1329 corpus
1205 1257 1323 1328 ejus
1349 1274 1417 1314 ex
1437 1258 1554 1314 loco
1577 1257 1758 1313 abdito

165 1347 472 1412 levaretur,
499 1356 648 1401 tanta
675 1346 858 1403 odoris
879 1348 1120 1404 suavitas
1135 1349 1423 1410 emanavit,
1441 1357 1499 1403 ut
1517 1357 1760 1406 astantes

167 1439 363 1496 ﬁdeles
381 1439 525 1494 velut
539 1440 790 1495 immensi
806 1442 1064 1497 aromatis
1078 1441 1380 1513 fragrantia
1396 1442 1756 1513 replerentur.

242 1530 321 1585 Ita
349 1529 650 1598 Britannia,
669 1533 699 1572 ι)
716 1531 1112 1588 sanctiPaulini
1134 1534 1370 1606 episcopi
1395 1535 1646 1601 Eboraci,
1665 1536 1758 1606 qui

167 1622 454 1680 ordinatus
475 1623 763 1696 episcopus
791 1641 822 1680 a
847 1627 1008 1682 beato
1036 1627 1211 1695 .Iusto,
1247 1629 1338 1699 qui
1381 1644 1412 1684 a
1441 1637 1628 1684 sancto
1649 1631 1760 1684 Au-

167 1717 412 1789 gustino,
458 1733 620 1789 quem
668 1720 860 1775 beatus
900 1719 1195 1792 Gregorius
1243 1722 1311 1776 ad
1357 1722 1758 1792 praedicandum

169 1807 468 1880 Anglorum
524 1809 670 1880 genti
714 1810 1020 1877 direxerat,
1079 1820 1430 1868 consecratus
1475 1814 1758 1884 episcopus

167 1899 388 1966 fuerat,
440 1909 654 1972 gentem
706 1900 1314 1969 Nordanhumbrorum,
1360 1903 1463 1959 hoc
1511 1914 1594 1958 est
1636 1919 1758 1958 eam
1785 1906 1833 1966 B

169 1993 447 2048 nationem
486 1992 801 2066 Anglorum,
832 2011 952 2066 quae
981 1996 1048 2052 ad
1092 1996 1398 2067 aquilonem
1437 1995 1625 2053 Umbri
1656 1997 1756 2052 ﬁu-

169 2083 336 2140 minis
362 2084 664 2153 habitabat,
693 2102 817 2142 cum
848 2102 975 2160 rege
1002 2103 1099 2144 suo
1124 2087 1354 2155 Eduino,
1381 2088 1601 2144 verbum
1635 2088 1762 2144 ﬁdei

168 2177 518 2247 prmdicando
560 2180 848 2234 convertit.
892 2179 958 2234 Et
1000 2179 1181 2236 clarus
1225 2179 1358 2245 vita,
1395 2178 1664 2246 doctrina,
1707 2186 1763 2233 et

169 2268 472 2336 miraculis,
503 2285 558 2325 vt
589 2269 714 2326 ldus
739 2269 992 2327 Octobris
1015 2267 1070 2326 in
1095 2285 1228 2341 pace
1247 2269 1470 2340 quievit.

593 2383 656 2438 D.
699 2381 743 2438 V
783 2381 942 2439 lDUS
981 2380 1341 2438 OCTOBRIS.

844 2477 928 2548 (ll
965 2475 1108 2548 οτι.)

251 2571 412 2643 Apud
433 2572 659 2627 Tarsum
687 2571 1032 2642 metropolim
1059 2568 1285 2636 Ciliciae,
1307 2571 1487 2626 natale
1519 2571 1763 2628 beatissi-

857 405 1466 464 MAll'l‘YROLOGlUM
1507 404 1653 461 CUM
1689 405 2222 463 ADDITAMENTIS.
2265 434 2336 448 —-
2372 404 2580 461 MENS.
2622 405 2774 460 OCT.

3329 409 3432 463 378

1778 525 1834 584 Α
1858 519 1976 576 lica:
1997 520 2264 587 veritatis,
2301 521 2358 576 in
2383 518 2660 576 horribilis
2693 519 2862 575 eremi
2899 520 3147 577 exsilium
3177 525 3334 590 trusi,
3384 533 3440 581 et

1859 615 2004 671 inter
2030 614 2245 672 Mauros
2273 613 2636 671 ferocissimos
2661 614 2904 686 deputati
2930 623 3088 681 sunt;
3138 617 3279 675 inter
3301 632 3439 691 quos

1859 720 2015 766 erant
2039 708 2338 782 Cyprianus
2369 718 2426 766 et
2461 708 2614 766 Felix
2649 709 2906 781 pmcipui
2939 709 3152 766 Domini
3185 713 3442 769 sacerdo-

1859 809 1961 858 tes.
1991 801 2036 857 E
2063 801 2256 872 quibus
2283 800 2500 872 plurimi
2527 817 2651 858 cum
2681 799 2972 858 crudeliter
2999 801 3355 868 minarentur,
3386 810 3444 859 et

1858 893 2135 951 bastilium
2159 894 2472 965 cuspidibus
2494 894 2564 950 ad
2585 894 2912 950 currendum
2941 908 3009 949 ac
3027 891 3294 964 lapidibus
3320 902 3441 948 tun-

1860 985 2136 1052 derentur,
2183 985 2297 1041 sive
2341 985 2519 1056 ligatis
2559 985 2806 1054 pedibus,
2864 986 3009 1040 velut
3041 984 3304 1042 cadavera
3342 999 3442 1056 per

1858 1079 1995 1136 dura
2029 1089 2086 1136 et
2128 1095 2323 1152 aspera
2351 1078 2468 1136 loca
2500 1081 2862 1143 traherentur,
2888 1087 3000 1134 tam
3033 1077 3154 1134 diro
3179 1078 3442 1150 supplicio

1857 1187 1958 1244 per
1981 1171 2192 1244 singula
2230 1172 2472 1227 membra
2502 1171 2778 1241 discerpti,
2807 1170 2935 1225 dum
2955 1185 3056 1242 per
3075 1170 3279 1242 gladios
3307 1185 3440 1226 acu-

1861 1271 1943 1317 tos
1967 1270 2240 1332 petrarum
2265 1261 2389 1317 huic
2401 1270 2564 1331 caput
2583 1259 2986 1325 conterebatur,
3012 1259 3133 1316 aliis
3154 1259 3320 1316 latera
3339 1261 3441 1315 ﬁn-

1859 1352 2145 1417 debantur,
2179 1351 2320 1407 inter
2360 1366 2552 1406 manus
2583 1351 2910 1406 trahentium
2946 1351 3196 1420 spiritum
3222 1350 3441 1406 exhala-

1857 1440 2008 1496 bant.
2055 1441 2246 1498 Exstat
2278 1457 2375 1512 per
2411 1451 2582 1497 totum
2608 1457 2859 1514 aggerem
2890 1442 3184 1513 publicum,
3223 1441 3442 1500 tumulis

1859 1533 2224 1606 loquentibus,
2256 1535 2388 1591 visis
2416 1535 2690 1607 sepultura
2717 1545 3049 1593 sanctorum.
3078 1594 3086 1606 ,

2261 1650 2324 1707 F.
2361 1651 2427 1707 Ill
2461 1652 2621 1709 lDUS
2654 1651 3016 1710 OCTOBRIS.

2514 1744 2607 1817 (ιδ
2637 1745 2776 1818 οει.)

1930 1857 2136 1914 Natalis
2161 1858 2310 1914 beati
2337 1856 2518 1928 Carpi,
2551 1858 2798 1929 discipuli
2824 1859 3089 1931 Apostoli,
3114 1856 3270 1914 Pauli
3298 1855 3446 1928 apud

1862 1950 2151 2007 Troadum.

1929 2045 2084 2114 Apud
2095 2045 2461 2112 Antiochiam,
2475 2045 2902 2117 beatiTheOpbili
2913 2086 2927 2112 ,
2943 2044 3033 2116 qni
3047 2053 3230 2101 sextus
3245 2044 3314 2100 ab
3323 2057 3446 2114 apo.

1861 2135 2015 2192 stolis
2033 2135 2291 2192 Ecclesiae
2309 2135 2682 2206 pontiﬁcatum
2705 2137 2898 2203 tenuit,
2915 2136 3016 2192 viri
3032 2133 3444 2193 eruditissimid.

2184 2247 2250 2304 ϐ.
2289 2247 2516 2304 PRlDlE
2552 2248 2711 2305 IDUS
2751 2247 3109 2306 OCTOBRIS.

2515 2341 2607 2412 (ιι
2642 2340 2786 2414 οει.)

1931 2455 2138 2512 Natalis
2165 2455 2338 2511 sancti
2373 2453 2578 2511 Callisti
2615 2470 2788 2528 papae,
2817 2467 2840 2495 ο
2881 2456 2975 2526 qui
2999 2455 3206 2512 seditin
3243 2456 3449 2527 episco-

1862 2557 1992 2620 patu
2032 2563 2204 2604 annos
2255 2558 2482 2618 septem,
2526 2562 2742 2604 menses
2791 2549 2945 2610 duos.
2993 2548 3109 2604 dies
3149 2548 3358 2614 decem,
3395 2554 3452 2603 et

182 2637 401 2722 mor—um
426 2673 714 2736 martyrum
747 2637 998 2728 τιηξδοί,
1027 2661 1189 2719 probi
1224 2671 1280 2718 ει
1301 2663 1596 2719 Andronici
1625 2681 1639 2718 ε
1671 2664 1764 2733 qui
1865 2640 1964 2697 sub
1992 2639 2369 2710 persecutione
2388 2638 2682 2736 Alexandri
2704 2639 3047 2710 imperatoris
3069 2639 3316 2711 martyrii
3341 2637 3452 2710 glo-

176 2732 882 2828 ρει-εεουιίοηεύίοοιεωηί
923 2756 1022 2812 sub
1059 2754 1292 2810 Maximo
1333 2756 1580 2826 praeside.
1607 2754 1766 2828 ιοηεο
1866 2735 2002 2790 riam
2028 2734 2253 2828 adeptus
2276 2741 2379 2790 est.
2422 2732 2717 2828 Postquam
2748 2734 2892 2828 enim
2926 2733 3295 2828 Palmacbium
3322 2748 3450 2804 pro-

177 2824 428 2924 tenipore
463 2851 723 2908 carcerali
762 2849 1014 2921 squalore
1038 2849 1242 2916 aﬂlicti,
1272 2824 1512 2906 ettertio
1536 2824 1767 2906 diversis
1867 2825 2163 2929 consul?"
2348 2825 2511 2929 omni
2537 2824 2697 2929 df’mo
2735 2840 2842 2927 sua.
2865 2825 3182 2929 δθριίῑῗίξς
3215 2832 3270 2880 ⁸⁸
3297 2839 3450 2880 seu“

174 2915 464 3002 tormentis
484 2951 540 3000 et
561 2915 838 3015 suppliciis
857 2940 1176 3008 examinati,
1200 2915 1256 2996 in
1278 2940 1618 2997 confessione
1643 2939 1767 2996 ﬁdei
1868 2928 2040 2973 ποτθηι
2065 2915 2408 3020 ἓξπιρξίείυω
2445 2915 2514 2970 ad
2549 2915 2936 3020 domu-“1.93%,
3063 2915 3296 3020 F9159?!“

179 3039 513 3109 triumphum
543 3006 727 3109 gloriae
756 3036 937 3108 adepti
981 3045 1128 3092 sunt.
1162 3006 1311 3089 Nam
1361 3035 1545 3091 nervis
1587 3034 1766 3090 crudis

1881 3024 2036 3066 uxore
2065 3009 2287 3075 Blanda,
2316 3022 2480 3078 quam
2506 3022 2534 3061 a
2564 3007 2796 3079 paralysi
2817 3007 3047 3073 curavit,
3071 3015 3127 3062 et
3155 3006 3317 3062 iidem
3348 3006 3451 3078 ipsi

176 3103 418 3202 graviter
455 3103 602 3196 caesi,
641 3137 697 3186 et
743 3103 898 3186 testis
937 3128 1250 3198 asperrimis
1298 3126 1567 3194 defricati,
1605 3126 1766 3182 etiam

1881 3109 1939 3164 ab
1967 3107 2275 3184 Alexandro
2297 3104 2538 3161 universi
2577 3105 2766 3171 occisi,
2799 3104 3025 3174 gloriam
3049 3103 3296 3176 martyrii
3325 3117 3453 3158 con-

177 3196 384 3297 papyro
407 3222 617 3278 ardenti
661 3221 808 3277 circa
836 3196 1080 3276 ventrem
1122 3227 1177 3274 et
1212 3219 1380 3275 latera
1412 3219 1609 3284 adusti,
1645 3225 1766 3288 post

1881 3203 2042 3259 secuti
2073 3209 2227 3266 sunt;
2270 3199 2364 3254 sed
2403 3207 2457 3255 et
2499 3207 2787 3268 postquam
2817 3196 3139 3268 Calepodius
3172 3197 3456 3268 presbyter

179 3267 383 3297 νυνι-ν
407 3267 617 3278 --υν--η
663 3267 808 3277 ν--ν-
848 3267 1080 3276 manu-
1127 3267 1176 3274 π
1212 3267 1380 3275 ------
1413 3267 1609 3284 ------,
1645 3267 1766 3288 την

179 3317 526 3375 maxillarum
556 3314 1006 3381 confractionem,
1034 3323 1159 3386 post
1193 3320 1460 3368 tormenta
1491 3311 1766 3378 tibiarum,

1881 3295 1989 3364 ejus
2009 3293 2188 3365 gladio
2209 3267 2528 3360 martyrium
2555 3267 2806 3360 sumpsit,
2832 3267 3006 3343 tentus
3030 3294 3112 3343 est
3137 3267 3206 3342 ab
3225 3267 3455 3340 Alesan-

180 3419 309 3482 post
334 3409 473 3465 aceti
509 3417 566 3464 et
602 3407 808 3477 sinapis
849 3375 1072 3461 naribus
1109 3404 1457 3468 inlusionem,
1492 3409 1613 3473 post
1637 3375 1766 3457 obe;

1881 3386 1992 3450 [ιι-ο,
2020 3391 2076 3437 et
2107 3380 2414 3437 diutissime
2458 3379 2601 3436 fame
2629 3379 2922 3445 cruciatus,
2952 3386 3006 3434 et
3034 3377 3272 3449 quotidie
3300 3375 3457 3433 fusti-

182 3468 349 3560 liscos
392 3502 628 3575 ignitos,
675 3468 800 3570 post
855 3497 1214 3555 conlisionem
1266 3468 1555 3566 digitorum
1604 3491 1766 3549 clavis

1881 3477 1973 3532 bus
2018 3487 2220 3539 caesus;
2264 3479 2427 3541 atque
2465 3470 2801 3542 prohibitum
2837 3470 2938 3525 fuit
2976 3484 3045 3526 ne
3072 3469 3196 3540 quis
3235 3468 3302 3524 ad
3331 3481 3456 3523 eum

186 3561 538 3658 acutissimis,
566 3561 696 3663 post
714 3588 992 3646 oculorum
1023 3561 1544 3657 transpunctionem,
1575 3599 1638 3640 ac
1663 3583 1771 3639 lin-
1872 3567 2112 3668 veniret;
2145 3565 2188 3620 εί
2217 3579 2350 3668 Ver?
2368 3562 2579 3668 fuiquis
2600 3563 2801 3668 Icili“?
2840 3561 3274 3668 noc‘gfut‘lfllet.
3304 3573 3455 3668 mm:

183 3700 304 3757 guae
334 3684 742 3748 abscissionem,
779 3680 1070 3738 novissime
1103 3679 1159 3734 in
1202 3677 1601 3748 amphitheatro
1631 3674 1766 3732 ursis

1881 3661 2199 3734 prehensum
2228 3655 2562 3712 occiderent.
2595 3653 2698 3721 Qui
2728 3667 2852 3709 cum
2881 3650 3065 3706 multis
3095 3650 3284 3706 diebus
3313 3655 3459 3704 esset

181 3741 241 3838 2t
277 3779 522 3835 leonibus
562 3741 790 3849 projecti
826 3784 969 3831 sunt.
1012 3772 1121 3829 Sed
1150 3741 1460 3827 cum-nulla
1491 3784 1559 3824 ex
1585 3767 1766 3825 bestiis

1881 3755 1930 3810 in
1959 3751 2221 3816 custodia,
2254 3748 2401 3803 venit
2429 3747 2497 3802 ad
2523 3761 2647 3801 eum
2679 3745 2872 3800 beatus
2892 3741 3214 3813 Calepodius
3247 3754 3344 3812 per
3377 3741 3458 3794 vi-

183 3883 500 3930 sanctorum
527 3885 757 3941 corpora
796 3868 1020 3924 auderet
1057 3866 1343 3936 attingere,
1375 3861 1659 3925 Maximus,
1692 3860 1766 3915 ira

1881 3860 2017 3914 sum,
2059 3853 2112 3900 et
2153 3841 2534 3898 consolabatur
2579 3852 2734 3904 eum,
2785 3835 2972 3891 dicens
3008 3851 3022 3888 ξ
3059 3831 3273 3888 Firmus
3317 3839 3455 3897 esto,

1954 3946 1959 3948 Α
2168 3934 2180 3948 ο
2446 3947 2452 3948 ,
2508 3938 2589 3948 μ--
2634 3927 2753 3948 ε-..--
2785 3924 3017 3948 -,-..ρ.-ι-
3062 3933 3136 3948 Α-.
3208 3922 3334 3948 υ--.
3384 3920 3456 3948 HJ

183 3977 475 4031 accensus,
501 3921 664 4033 jussit
697 3975 791 4017 eos
825 3959 1003 4030 gladio
1034 3955 1289 4028 jugularii
1343 3963 1399 4011 et
1425 3968 1649 4026 corpora
1684 3966 1766 4008 eo-

1881 3946 2048 4011 pater,
2091 3934 2220 4007 quia
2263 3947 2467 3990 corona
2508 3938 2599 3985 tua
2630 3927 2753 3998 jam'
2785 3924 3022 3999 perfecta
3059 3933 3161 3980 est.
3208 3922 3339 3979 Erat
3383 3921 3460 3978 ibi

180 4074 308 4115 rum
337 4023 482 4112 inier
501 4016 736 4126 corpora
763 4016 1121 4126 gladiatorum
1149 4049 1360 4122 projici.
1396 4049 1566 4104 Noctu
1593 4056 1766 4103 autem

1881 4031 2030 4088 miles
2046 4029 2264 4100 quidam
2289 4025 2507 4082 nomine
2528 4023 2800 4087 Privatus,
2829 4018 3098 4076 ulceribus
3125 4016 3339 4088 plenus,
3364 4016 3458 4084 qui

1947 4125 1959 4127 _
2032 4123 2062 4127 __
2327 4119 2339 4127 .
2421 4117 2433 4127 ι
2643 4114 2656 4127 ι
2696 4114 2710 4127 ι
2769 4121 2781 4127 -
2930 4109 2992 4127 III
3013 4125 3021 4127 -
3088 4108 3228 4127 κμρηρι
3284 4121 3335 4127 --
3392 4104 3457 4127 -.Ι

181 4104 473 4208 ξνξιζξέξίξέ
764 4104 1552 4215 ξῖξξρξοξξᾼηίεετροιῃίηυηι
1598 4149 1656 4194 ui
1695 4140 1775 4194 eis
1877 4123 2149 4182 doloribus
2197 4117 2479 4215 continuis
2511 4114 2875 4172 cruciabatur.
2930 4109 3055 4215 llic-
3086 4108 3232 4165 misit
3263 4104 3461 4215 ‘se‘ad

183 4241 501 4300 ostenderet
533 4248 846 4296 sanctorum
881 4235 1163 4305 reliquias,
1190 4234 1444 4290 viderunt
1480 4233 1657 4288 subito
1684 4247 1766 4287 ve-

1881 4217 2042 4288 pedes
2075 4212 2247 4270 sancti
2277 4208 2508 4275 Callisti,
2530 4222 2729 4279 rogans
2752 4214 2814 4260 ut
2843 4210 3064 4258 sanaret
3079 4216 3202 4257 eum
3230 4198 3299 4254 ab
3324 4197 3464 4252 ulce-

183 4289 500 4390 [State-llam
531 4329 864 4402 splendidam
889 4327 954 4383 de
979 4289 1119 4382 emlo
1139 4289 1359 4381 missam
1386 4338 1548 4394 super
1567 4321 1776 4393 singula
1878 4309 2028 4402 ΐξῦυξ
2053 4315 2111 4362 εί
2137 4303 2413 4402 ἀοιοςίξηιε
2434 4300 2548 4356 θυῖε
2808 4303 3198 4402 ωοξὲτξοξεξιξξ
3219 4289 3463 4402 Ιξξξξίξξκ

531 4378 1538 4494 :Jp'ar'féésid—exiiéxx}.sisquech
1573 4378 1778 4486 ingenti
1879 4399 1949 4455 ab
1975 4395 2218 4452 ulcerum
2249 4391 2436 4494 df’lore
2465 4405 2532 4445 ³ο
2569 4387 2852 4494 Τωβίίθίθζὶ
2864 4383 3107 4494 δοί¹ξ¹ξ¹¹μθ¹
3133 4381 3203 4494 ξι)
3229 4378 3462 4494 ίξξθξθξξς

183 4474 1209 4590 rapienteseti—,‘przecedente
1341 4506 1578 4578 ejusdem
1613 4474 1780 4561 stellae
1883 4500 1993 4548 tale
2036 4489 2090 4590 in
2140 4484 2359 4590 nomine
2407 4480 2766 4590 sanctissima:
2784 4474 3094 4590 JTrini‘ta-tis

183 4562 803 4678 :;i:.:.'.i.;.j",13;ias.;;
813 4562 1039 4658 bii-itii
1056 4562 1298 4654 athletas
1345 4562 1463 4655 loco
1501 4597 1780 4670 aptissimo
1809 4651 1858 4678 ἢ
1882 4581 2112 4678 amavit;
2141 4579 2296 4678 quoq
2320 4576 2546 4678 πυρίςξιε
2569 4569 2898 4678 eligenda:
2918 4569 3098 4678 ξρξξιξξι
3126 4562 3468 4678 fit}???

186 4651 794 4758 etadd-ideriinzmmn
835 4651 1030 4658 "HW
1805 4651 1858 4713 D
1883 4675 2034 4732 litem
2075 4672 2204 4728 fecit
2236 4667 2526 4742 plumbatis
2563 4664 2828 4725 deﬁcere;
2869 4660 3089 4758 beatum
3131 4671 3263 4758 vero
3299 4653 3464 4758 Catii-

586 4768 651 4825 Ε·
689 4764 760 4822 1V
796 4763 959 4823 IDUS
994 4760 1355 4821 OCTOBRIS.
1889 4776 2030 4822 stum
2064 4778 2163 4835 per
2199 4760 2489 4816 fenestram
2518 4756 2711 4812 domus
2744 4750 3091 4824 pmcipitari,
3123 4757 3180 4806 et
3205 4747 3370 4819 ligato
3398 4745 3468 4801 ad

858 4858 951 4930 (ιε
981 4856 1122 4930 Oct.)

258 4978 421 5050 Apud
465 4977 780 5033 Ravennam
836 4973 926 5029 via
966 4971 1316 5038 Laurentina,
1370 4968 1567 5028 natalis
1613 4977 1788 5034 sancti

182 5070 408 5129 Edistii.

259 5161 423 5234 Apud
447 5159 709 5237 Africam,
731 5170 754 5200 ο
773 5169 1086 5216 sanctorum
1103 5155 1478 5213 confessorum
1502 5163 1558 5212 et
1578 5162 1782 5227 marty-

189 5271 321 5314 rum
347 5261 578 5326 quatuor
601 5250 829 5308 millium
865 5256 1264 5321 nongentorum
1292 5246 1634 5319 septuaginta
1663 5260 1779 5312 sex,

190 5347 290 5420 qui
338 5343 714 5418 persecutione
756 5339 1088 5407 Vandalica,
1143 5338 1286 5410 apud
1329 5337 1603 5402 Africam,
1656 5351 1782 5392 cum

189 5445 383 5495 essent
412 5433 767 5492 ecclesiarum
809 5431 906 5487 Dei
950 5429 1211 5502 episcopi,
1241 5426 1547 5500 presbyteri
1581 5433 1637 5482 et
1665 5424 1782 5482 dia-

191 5545 394 5595 eones,
441 5525 723 5584 associatis
776 5525 882 5580 sibi
928 5522 1102 5579 turbis
1149 5521 1387 5578 ﬁdelium
1440 5517 1815 5591 populorum,

1889 4856 2086 4915 collum
2109 4853 2227 4925 ejus
2258 4865 2410 4916 saxo,
2441 4847 2496 4903 in
2524 4855 2744 4918 puteum
2774 4843 3104 4915 demergi,et
3134 4839 3189 4896 in
3223 4853 3345 4896 eum
3370 4849 3469 4907 per

1891 4948 2088 5006 rudera
2119 4941 2403 5000 cumulari.
2437 4938 2568 4996 Post
2603 4937 2721 4994 dies
2763 4949 2892 4992 vero
2934 4936 3122 4991 decem
3166 4938 3224 4988 et
3261 4937 3470 5001 septem

1893 5042 2175 5116 presbyter
2208 5036 2324 5106 ejus
2354 5033 2600 5092 Asterius
2629 5046 2751 5088 cum
2787 5028 3000 5086 clericis
3031 5032 3194 5082 noctu
3224 5021 3467 5116 veniens,

1886 5109 2087 5191 levavit
2112 5143 2309 5200 corpus
2336 5127 2471 5196 ejus,
2505 5131 2560 5180 et
2592 5119 2839 5192 sepelivit
2877 5119 2930 5174 in
2964 5115 3277 5174 cmmeterio
3313 5109 3470 5167 Cale-

1886 5224 2058 5297 podii,
2096 5222 2184 5278 via
2211 5217 2449 5282 Aurelia,
2487 5214 2660 5285 pridie
2685 5211 2808 5268 ldus
2830 5209 3100 5268 Octobris.

1959 5317 2160 5375 Eodem
2197 5314 2303 5378 die,
2345 5308 2605 5366 transitus
2645 5304 2818 5363 sancti
2853 5301 2993 5359 Justi
3032 5302 3089 5357 in
3119 5312 3300 5357 eremo
3331 5315 3344 5352 :
3376 5295 3470 5366 qui

1889 5429 2014 5472 cum
2035 5411 2240 5481 aliquot
2256 5405 2414 5462 annis
2433 5403 2490 5458 in
2510 5415 2696 5457 eremo
2717 5397 3030 5470 Angelicam
3052 5394 3253 5466 egisset
3278 5390 3466 5456 vitam,

1889 5515 1945 5565 et
1963 5506 2155 5578 dignus
2179 5499 2392 5554 adesset
2413 5493 2554 5561 ﬁnis,
2583 5492 2748 5548 tantis
2768 5489 3046 5546 laboribus
3071 5499 3290 5556 regnum
3310 5495 3472 5552 spon-

185 5577 362 5692 33;;
374 5577 1095 5688 EdnnericiiﬁregisAi-iani,
1115 5627 1215 5685 pro
1237 5577 1553 5670 defensione
1593 5577 1786 5664 catho;
1890 5600 2026 5657 dens
2055 5594 2316 5653 caelorum
2344 5597 2510 5659 atque
2538 5585 2644 5642 illis
2671 5582 2786 5656 jam
2810 5579 3069 5639 extremis
3097 5577 3300 5636 sancta:
3326 5589 3474 5632 com-

271 5773 302 5803 a
331 5759 483 5816 Hier.
498 5759 572 5828 de
597 5756 797 5828 Script.
824 5753 1058 5828 Eccles.,
1079 5767 1202 5828 cap.
1240 5751 1335 5828 βξ.

325 5830 471 5886 Beda
494 5827 636 5889 Hist.
661 5817 818 5901 Angl.
847 5825 886 5885 l.
914 5825 973 5893 2,
1024 5817 1095 5894 c._
1125 5817 1182 5892 9',
1232 5822 1320 5892 l4,
1349 5820 1436 5891 16,
1466 5821 1556 5890 l7,
1581 5817 1683 5886 20;
1728 5827 1785 5878 et

198 5903 240 5959 ι.
267 5902 328 5969 5,
349 5917 405 5957 c.
435 5901 523 5957 η.

1963 5747 1986 5776 ο
2020 5733 2161 5788 Vict.
2184 5728 2302 5786 Afr.
2324 5725 2362 5782 l.
2382 5741 2442 5781 ιι.

1960 5805 1988 5847 d
2016 5803 2164 5860 Hier.
2193 5801 2260 5854 de
2288 5797 2491 5866 Script.
2516 5794 2664 5852 Eccl.
2689 5807 2810 5866 cap.
2837 5792 2930 5849 25.

1971 5889 1995 5918 ο
2020 5869 2247 5938 Pontii.,
2269 5882 2392 5938 cap.
2413 5865 2503 5932 l7,
