3962 6366
562 360 668 420 579

1553 373 1612 429 S.
1647 374 1897 433 ADONIS
1934 378 2362 441 ARCHIEPISC.
2412 387 2819 450 VIENNENSIS

3742 419 3843 478 380

561 474 844 545 migrantis
867 476 1079 543 anima,
1104 477 1237 535 ﬂens
1260 488 1315 537 et
1343 492 1724 543 consternatus
1748 497 1930 546 mente
1960 488 2147 549 Viator
2169 496 2224 556 Α
2249 495 2713 558 animasemisere.
2730 504 2831 561 Ubi
2848 511 3084 579 usquein
3099 514 3417 576 hodiernum
3433 521 3577 581 diem
3607 544 3717 587 non
3732 532 3841 590 des-

560 576 765 626 a‘staret
786 569 1008 628 dicens:
1031 570 1140 628 Cur
1153 590 1258 641 me,
1277 574 1519 644 Domine,
1535 577 1901 652 derelinquis?
1922 598 2142 656 respon-

557 663 703 719 disse
730 662 951 735 dicitur,
976 678 1045 721 ne
1069 667 1487 724 conturbaretur
1504 672 1661 740 quasi
1689 672 1982 733 destitutus
2001 678 2140 733 sola.

556 753 652 819 tio,
685 755 811 824 quia
838 756 991 812 brevi
1018 772 1077 813 se
1101 758 1193 814 illo
1217 775 1433 832 quoque
1453 763 1573 833 ipse
1596 776 1933 836 sequeretur.
1965 769 2136 839 Quam

552 846 741 917 utique
754 850 1091 919 prophetiam
1120 866 1185 908 ac
1212 854 1599 913 revelationem
1622 859 1733 916 cite
1754 863 1987 918 transitu
2010 878 2137 920 san-

552 940 779 997 ctissimi
812 944 1024 1000 invenis
1060 945 1295 1003 ministri
1331 950 1448 1019 ejus
1470 952 1561 1022 qui
1607 954 1753 1010 solus
1787 958 1983 1015 ardore
2010 958 2135 1016 fidei

2247 586 2347 643 init
2361 587 2596 663 ingentia
2612 595 2875 653 mirabilia
2887 598 3046 657 Iesus
3061 600 3312 663 Christus
3323 609 3589 673 Dominus
3609 586 3834 692 operari.

2525 703 2589 760 c.
2623 704 2742 764 XVI
2771 708 3065 768 KALEND.
3107 698 3534 782 Nevuuuuts.

2899 803 2989 876 (l7
3021 804 3166 878 0a.)
3244 860 3247 863 .

2312 880 2535 942 Marthae
2557 892 2761 949 sororis
2783 892 2998 954 Lazari.

2306 972 2441 1034 Item
2468 980 2611 1037 beati
2640 984 2954 1059 Aristionis,
2977 992 3069 1064 qui
3099 990 3201 1053 fuit
3231 1015 3370 1059 unus
3394 1002 3462 1062 de
3489 1012 3825 1083 septuaginta

548 1044 673 1090 eum
692 1035 1059 1106 episcopatum
1082 1037 1373 1112 fugientem
1397 1054 1451 1098 et
1471 1044 1641 1103 latere
1661 1050 1963 1121 cupientem
1983 1067 2137 1111 secu-
2236 1066 2437 1127 Christi
2464 1075 2742 1148 discipulis
2771 1092 2817 1135 ε.

548 1134 631 1148 ,,,,
665 1125 835 1148 .__-__.
896 1145 944 1148 __
1126 1132 1197 1148 ι..
1483 1138 1496 1148 .

547 1134 634 1182 tus
662 1125 861 1197 fuerat,
887 1139 1102 1187 constat
1122 1132 1294 1190 fuisse
1320 1138 1668 1209 completam.

973 1264 1037 1319 A.
1078 1265 1304 1325 IDIBUS
1342 1269 1699 1331 OCTOBRIS.

1197 1357 1287 1431 (t5
1330 1358 1473 1433 Oct.)

480 1472 491 1487 .
608 1438 664 1493 ln
693 1438 901 1510 Galliis,
919 1446 947 1485 ἀ
967 1446 1109 1516 apud
1127 1444 1405 1505 Coloniam
1424 1452 1796 1526 Agrippinam,
1812 1469 2124 1519 sanctorum

534 1525 844 1586 Maurorum
874 1533 941 1589 de
976 1532 1237 1594 militibus
1267 1536 1325 1594 S.
1368 1525 1649 1602 Cerconis.
1684 1547 1786 1614 Qui
1816 1565 1882 1605 ex
1910 1551 2125 1624 legione

534 1636 688 1678 sacra
739 1624 1127 1696 Thebzeorum,
1183 1646 1306 1688 cum
1356 1646 1540 1691 essent
1589 1652 1815 1696 numero
1860 1645 2124 1716 quinqua-

529 1712 701 1784 ginta,
732 1719 872 1787 apud
897 1718 1143 1777 eamdem
1174 1725 1365 1779 urbem
1395 1726 1713 1800 martyrium
1744 1747 2123 1792 consumman-

530 1808 633 1867 tes,
673 1806 873 1861 conditi
921 1818 1049 1864 sunt
1090 1812 1142 1866 in
1179 1812 1421 1881 basilica,
1462 1834 1581 1887 qua:
1625 1821 1929 1880 admirabili
1956 1842 2121 1897 opere

525 1895 806 1951 exmusivo
846 1901 1248 1967 quodammodo
1290 1905 1548 1962 deaurata
1589 1911 1932 1982 resplendet;
1974 1919 2119 1975 unde

523 1993 578 2041 et
603 1988 793 2046 incolae
822 2005 1042 2052 sanctos
1069 2012 1265 2055 aureos
1300 2015 1396 2057 eos
1425 2005 1666 2063 vocitare
1694 2024 2115 2072 consueverunt.

598 2076 797 2137 Eodem
823 2084 910 2140 die
936 2090 1076 2158 apud
1106 2090 1453 2163 Lugdunum,
1481 2099 1661 2155 natale
1692 2101 1833 2157 beati
1860 2104 2115 2165 Antiochi

520 2171 788 2244 episcopi,
843 2179 934 2249 qui
989 2196 1113 2237 cum
1172 2187 1349 2244 adhuc
1397 2192 1686 2265 presbyter
1735 2194 2113 2267 Lugdunensis

518 2275 684 2336 esset,
708 2269 795 2339 pio
816 2272 1070 2333 incitatus
1093 2278 1287 2345 cilicio,
1306 2297 1476 2355 usque
1503 2287 1572 2341 ad
1597 2287 1877 2345 visendum
1901 2292 2109 2363 episco-

516 2373 645 2429 pum
687 2376 860 2429 suum,
912 2366 965 2422 in
1012 2385 1197 2429 eremo
1237 2372 1355 2444 jam
1403 2380 1735 2449 morabatur,
1792 2386 2012 2443 nomine
2056 2398 2110 2445 et

516 2450 729 2506 aetione
782 2470 906 2513 vere
949 2458 1156 2531 Justus,
1212 2483 1438 2541 pergere
1488 2471 1670 2531 animo
1725 2476 1976 2555 intendit.
2011 2479 2107 2537 Vir

513 2542 848 2605 districtione
892 2556 1215 2627 praecipuus,
1257 2572 1312 2617 et
1352 2564 1445 2634 qui
1487 2582 1595 2623 non
1632 2550 1931 2640 immerito,
1968 2583 2106 2632 tem-

509 2644 640 2706 pore
674 2640 961 2714 iulerjecto
987 2648 1055 2703 ad
1079 2650 1320 2721 ejusdem
1350 2656 1612 2729 pontificii
1640 2663 1854 2721 culmen
1883 2681 2101 2724 assum-

507 2741 631 2799 ptus
657 2741 759 2788 est.
793 2735 909 2804 Quo
940 2744 1161 2798 strenue
1188 2746 1587 2817 administrate,
1622 2769 1849 2826 regnum
1876 2759 2101 2817 caeleste

506 2823 732 2895 adeptus
759 2834 861 2887 est.
895 2828 1149 2902 Sepultus
1188 2838 1241 2891 in
1273 2840 1498 2897 ecclesia
1532 2823 1837 2919 martyrum
1876 2849 2098 2909 Macha-

505 2908 766 2981 baaorum,
794 2916 848 2973 in
871 2933 978 2989 qua
1000 2931 1055 2976 et
1074 2934 1295 2982 sanctus
1314 2925 1500 2987 Justus
1522 2908 1818 2994 tumulatus
1841 2939 2093 3010 quiescit.

841 3054 902 3108 Β.
945 3055 1087 3114 XVII
1125 3059 1418 3119 KALEND.
1461 3065 1762 3126 NOVEMB.

493 3509 727 3578 egregiae
753 3509 954 3569 Christi
982 3518 1192 3575 ancillas
1227 3520 1476 3581 Maxime
1508 3514 1753 3600 virginis.
1797 3534 1900 3603 Qui
1942 3509 2080 3594 tem;

489 3613 625 3671 pore
670 3602 1000 3664 Wandalieze
1033 3616 1448 3683 persecutionis,
1495 3620 1596 3677 sub
1635 3602 1915 3685 Geiserico
1956 3646 2083 3705 rege

486 3689 711 3763 Ariano,
749 3713 848 3768 pro
874 3705 1180 3760 constantia
1216 3705 1343 3764 ﬁdei
1380 3711 1673 3772 Catholica:
1699 3721 1936 3789 primum
1972 3689 2073 3783 nt:-

486 3781 637 3841 dosis
673 3785 907 3847 fustibus
943 3794 1092 3860 caesi,
1133 3806 1189 3852 et
1232 3815 1402 3870 usque
1440 3805 1509 3859 ad
1547 3821 1670 3863 ossa
1699 3781 1909 3882 laniati,
1952 3830 2081 3875 cum

484 3877 656 3943 multo
685 3887 926 3953 tempore
953 3887 1080 3943 talia
1105 3897 1440 3961 paterentur,
1465 3901 1711 3968 sequenti
1738 3903 1828 3959 die
1858 3877 2076 3979 semper

483 3969 784 4030 incolumes
835 3978 1222 4036 reddebantur.
1273 3983 1403 4041 Post
1448 3991 1612 4046 etiam
1661 3994 1795 4050 dura
1838 3969 2077 4060 carceris

483 4067 727 4121 custodia
767 4067 1028 4134 damnati,
1070 4089 1193 4129 cum
1232 4077 1461 4163 fuissent
1505 4088 1699 4141 aretati
1737 4089 1790 4144 in
1821 4106 2069 4165 nervum,

481 4155 618 4209 mira
641 4156 736 4211 Dei
765 4159 984 4227 virtute,
1010 4154 1315 4233 ingentium
1338 4170 1605 4243 lignorum
1635 4188 1952 4249 putrescens
1980 4202 2070 4244 so-

478 4242 588 4301 luta
641 4257 727 4304 est
776 4248 1058 4312 fortitudo.
1110 4258 1193 4314 Ad
1249 4242 1399 4332 quod,
1443 4242 1764 4328 miraculum
1832 4242 2068 4337 Maxima

477 4334 678 4394 Christi
704 4339 903 4399 famula
936 4360 1049 4404 suae
1079 4349 1314 4410 libertati
1340 4356 1581 4425 dimissa,
1618 4372 1793 4422 mater
1820 4334 2067 4438 postulo;

474 4429 605 4485 dum
654 4434 945 4492 multarum
990 4441 1265 4513 virginum
1311 4446 1407 4505 Dei
1455 4451 1668 4521 eil‘ecta,
1718 4458 1771 4512 in
1815 4429 2067 4521 veritatis

473 4525 816 4597 confessione
863 4532 1097 4603 gloriosa
1143 4544 1445 4598 consenuit.
1485 4545 1699 4620 Reliqui
1744 4552 1885 4609 inter
1914 4557 2060 4614 fero-

471 4616 721 4675 cissimos
744 4619 960 4680 Mauros
986 4627 1179 4683 exsilio
1226 4632 1466 4705 relegati,
1507 4653 1629 4694 cum
1672 4646 2060 4713 praedicatione

468 4723 567 4766 sna
609 4711 1003 4771 multitudinem
1048 4719 1404 4779 barbarorum
1454 4711 1686 4788 Christo-
1716 4735 1945 4795 Domino
1980 4741 2059 4796 lu-

469 4802 604 4857 crati
633 4801 883 4871 fuissent,
915 4809 1070 4879 jussu
1094 4812 1241 4884 impii
1277 4815 1563 4888 Geiserici,
1597 4824 1777 4898 ligatis
1805 4832 2050 4899 pedibus,

466 4905 595 4965 post
638 4906 789 4968 terga
823 4905 1161 4959 currentium
1204 4910 1611 4982 quadrigarum,
1663 4917 1805 4975 inter
1839 4925 2053 4994 spinosa

2304 1161 2437 1219 Item
2466 1168 2610 1228 beati
2634 1170 2887 1244 Heronis,
2912 1178 2979 1234 de
3004 1197 3111 1251 quo
3136 1182 3451 1245 beatissimo
3475 1192 3694 1264 lgnatio
3716 1213 3822 1268 per-

2230 1257 2379 1326 genti
2437 1257 2505 1313 ad
2538 1263 2846 1330 passionem
2889 1269 3184 1329 revelatum
3225 1288 3310 1332 est
3348 1257 3819 1350 quod'Antioehe-

2231 1360 2359 1402 nam
2394 1361 2518 1421 post
2548 1368 2670 1410 eum
2708 1366 2959 1416 recturus
2994 1375 3139 1420 esset
3178 1370 3485 1428 ecclesiam.
3516 1375 3659 1432 Erat
3686 1382 3817 1439 enim

2230 1435 2319 1492 hic
2356 1439 2498 1495 beati
2540 1448 2798 1517 martyris
2825 1448 3012 1521 lguatii
3049 1465 3175 1512 tunc
3213 1459 3503 1531 diaconus;
3537 1468 3816 1541 episcopus

2229 1527 2424 1597 factus,
2458 1534 2603 1590 viam
2634 1540 2880 1610 magistri
2916 1545 3039 1613 pius
3073 1547 3313 1608 imitator
3349 1527 3619 1627 sequitur,
3650 1527 3815 1635 et

2227 1627 2605 1683 commendato
2631 1647 2794 1703 grege
2821 1648 3033 1694 amator
3054 1639 3257 1700 Christi
3285 1650 3559 1706 occubuit.

2296 1713 2351 1769 ln
2394 1715 2603 1787 Galliis,
2633 1723 2851 1782 civitate
2881 1726 3176 1801 Arausica,
3205 1741 3378 1794 sancti
3413 1741 3687 1801 Florentii
3715 1750 3811 1820 epi-

2223 1810 2394 1880 s00pi,
2417 1814 2507 1883 qui
2538 1814 2722 1871 multis
2749 1817 2926 1878 clarus
2953 1825 3245 1885 virtutibus
3274 1831 3326 1886 in
3356 1850 3488 1902 pace
3513 1839 3748 1908 quievit.

2518 1926 2581 1984 Ι).
2622 1928 2716 1985 XV
2764 1932 3060 1994 KALEND.
3110 1941 3527 2006 NOVEMBRIS.

2890 2028 2981 2100 (l8
3007 2028 3151 2102 Oct.)

2290 2098 2496 2165 Natalis
2529 2109 2587 2166 S.
2622 2113 2783 2172 Lucae
2807 2098 3185 2194 Evangelistze.

2286 2195 2488 2256 Eodem
2503 2203 2589 2261 die
2600 2204 2627 2246 ἀ
2637 2248 2650 2271 ,
2668 2212 2841 2267 sancti
2857 2214 3194 2287 Asclepiadis
3206 2221 3527 2283 Antioclieni
3540 2231 3800 2304 episcopi,

2213 2287 2306 2356 qui
2338 2305 2479 2349 unus
2501 2293 2605 2350 fuit
2639 2315 2704 2354 ex
2744 2305 3007 2371 praeclaro
3035 2312 3406 2375 confessorem
3438 2338 3698 2394 numero,
3719 2330 3797 2399 qui

2211 2380 2314 2435 sub
2335 2382 2498 2441 Decio
2528 2386 2762 2457 gloriose
2787 2400 2933 2467 passi
2960 2412 3108 2459 sunt.

2277 2473 2411 2531 Item
2429 2477 2615 2538 Romae
2635 2488 3161 2564 sanctae'l‘riphonia:
3188 2512 3210 2540 θ
3236 2507 3423 2561 uxoris
3449 2506 3598 2565 Decii
3635 2511 3795 2571 Casa.

2208 2563 2303 2620 ris.
2321 2566 2472 2636 Quae,
2499 2573 2616 2631 viro
2646 2593 2744 2635 suo
2758 2592 2881 2651 post
2896 2563 3327 2650 interfectionem
3340 2597 3635 2658 beatorum
3671 2605 3793 2667 Sixti

2205 2657 2553 2721 etLaurentii
2578 2668 2837 2730 divinitus
2860 2680 3067 2747 punito,
3086 2686 3516 2760 petiitbaptizari
3532 2711 3673 2752 cum

2202 2744 2347 2807 Decii
2379 2751 2599 2827 Cyrilla,
2633 2776 2663 2816 a
2707 2744 2921 2824 Justino
2961 2744 3789 2849 presbytero;‘et‘alia—:li_e;

2199 2841 2384 2902 functa
2426 2859 2532 2919 est,
2581 2870 2645 2911 ac
2683 2855 2838 2926 juxta
2875 2841 3503 2948 sanctum'llippolytum

2199 2940 2434 3010 sepulta,
2464 2944 2653 3017 quinto
2675 2950 2883 3014 decimo
2907 2955 3027 3014 Kal.
3059 2940 3398 3025 Novembris

2482 3078 2550 3139 Ε.
2589 3083 2710 3141 XIV
2744 3086 3043 3150 KALEND.
3085 3095 3502 3161 NOVEMBIIIS.

912 3275 929 3303 ,
968 3238 1148 3296 natale
1170 3200 1507 3303 ‘sanetoriim
1532 3261 1833 3325 martyrum
1855 3256 2086 3317 CCLXX
2114 3232 2163 3292 '1‘
2257 3261 2413 3355 Apud
2436 3264 2780 3329 Antiochiam
2798 3200 3264 3349 εκέιιῗῗιιιέιειίε
3286 3299 3592 3350 sanctorum
3617 3296 3781 3355 Bero-

2065 3385 2087 3398 .
2187 3353 2319 3420 niei,
2342 3354 2590 3429 Pelagiae,
2614 3371 2670 3418 et
2692 3364 2923 3424 aliorum
2952 3375 3306 3448 quadraginta
3337 3396 3552 3440 novem.

2254 3446 2388 3503 item
2432 3450 2550 3521 ipsa
2578 3454 2686 3522 die,
2731 3457 2873 3514 beati
2912 3446 3213 3535 Ptolomzei,
3248 3474 3345 3527 sed
3371 3483 3425 3529 et
3455 3476 3603 3533 beati
3633 3479 3778 3538 Lucii

2184 3548 2511 3613 martyrum.
2544 3544 2645 3614 Qui
2684 3549 2875 3609 beatus
2908 3554 3251 3628 Ptolomaeus,
3288 3571 3719 3637 comprehensus
3749 3592 3776 3631 a

2180 3628 2415 3696 quodam
2434 3638 2778 3708 centurione,
2807 3642 3177 3721 interrogatur
3193 3654 3236 3708 si
3254 3628 3606 3716 Christianus
3621 3674 3775 3720 esset.

2182 3716 2301 3776 Hoc
2345 3721 2674 3785 Ptolommus
2709 3740 2964 3803 tanquam
3005 3716 3221 3797 amator
3255 3748 3531 3823 veritatis,
3576 3767 3776 3825 nequa-

2177 3824 2341 3880 quam
2373 3816 2601 3887 gloriam
2642 3836 2757 3879 ειη
2796 3831 3149 3896 ριὀηέδείοιιίε
3191 3818 3497 3907 occultans,
3547 3816 3775 3915 percom-

2177 3908 2314 3961 tanti
2345 3908 2716 3971 Christianum
2748 3934 2808 3974 se
2845 3936 2966 3978 esse
3001 3926 3280 3985 confessus
3316 3942 3420 3988 est.
3455 3908 3625 3993 Hune
3649 3952 3773 3996 eun-

2177 3995 2330 4053 tinuo
2367 4005 2617 4059 centurio
2639 4006 2693 4061 in
2728 4008 2941 4066 vincula
2968 4014 3217 4085 conjecit,
3245 4030 3302 4074 et
3326 4024 3505 4079 multo
3531 4035 3775 4099 tempore

2172 4091 2423 4159 squalore
2464 4100 2701 4155 carceris
2724 4115 3056 4162 maceratum
3080 4110 3147 4164 ad
3169 4111 3416 4169 ultimum
3446 4116 3771 4191 Urbicio‘ju-

2170 4181 2277 4238 dici
2306 4185 2518 4243 obtulit.
2547 4190 2593 4244 Δ
2617 4208 2727 4262 quo
2751 4195 2915 4252 simili
2948 4201 3109 4256 modo
3141 4202 3245 4259 hoc
3266 4206 3442 4262 solum
3469 4181 3769 4287 interroga-

2171 4284 2258 4332 tus
2298 4288 2382 4333 est
2410 4281 2455 4335 si
2496 4294 2642 4339 esset
2679 4286 3052 4358 Christianus;
3094 4295 3182 4365 qui
3224 4311 3439 4355 rursum
3472 4307 3615 4361 tanti

2168 4366 2273 4422 sibi
2298 4373 2567 4441 conscius,
2600 4377 2840 4434 divinam
2866 4382 3185 4455 religionem
3212 4402 3326 4459 pm
3357 4407 3417 4448 se
3446 4396 3594 4465 tulit,
3622 4410 3680 4457 et
3705 4402 3767 4457 de

2168 4453 2371 4514 Christi
2403 4464 2719 4534 magisterio
2752 4483 2818 4524 ac
2853 4453 3016 4529 totius
3049 4476 3177 4531 boni
3207 4453 3765 4561 instituthnibuspu;

2166 4549 2304 4606 blica
2334 4555 2676 4615 confessione
2709 4571 2938 4621 testatus
2975 4576 3077 4624 est.
3111 4570 3212 4639 Qui
3243 4577 3390 4632 enim
3421 4589 3591 4651 negat
3620 4549 3763 4655 quod

2163 4652 2245 4696 est
2287 4646 2401 4700 sine
2432 4647 2596 4705 dubio
2637 4654 2905 4724 culpabile
2948 4657 3158 4727 judicat
3198 4679 3320 4722 esse
3382 4646 3525 4740 quod
3574 4646 3757 4747 negat.

2160 4730 2429 4790 Continuo
2454 4752 2583 4809 ergo
2614 4748 2737 4811 post
2762 4745 3159 4806 confessionem
3184 4748 3251 4810 ab
3279 4754 3498 4815 Urbicio
3525 4764 3656 4820 duci
3674 4767 3759 4837 ju-

2157 4824 2335 4881 betur.
2369 4828 2572 4887 Lucius
2600 4843 2783 4890 autem
2812 4841 3033 4909 quidam
3062 4842 3404 4905 Christianus
3429 4852 3532 4918 vir,
3562 4824 3757 4913 videns

2158 4927 2271 4976 tam
2321 4931 2529 4981 temere
2574 4926 2738 4987 latam
2786 4936 3146 5004 sententiam,
3195 4940 3272 4994 ait
3295 4944 3366 4997 ad
3425 4942 3751 5003 Urbicium:

465 4985 584 5044 loca
613 4990 873 5046 silvarum
903 4996 1117 5073 pariter
1159 4998 1295 5068 jussi
1345 5013 1471 5059 sunt
1516 5007 1756 5067 interire.
1810 5014 2055 5087 Cumque
2155 5016 2317 5085 Quid,
2348 5035 2553 5090 quaeso,
2585 5039 2763 5081 causae
2784 5039 2886 5095 est,
2917 5034 3059 5101 quod
3093 5051 3267 5106 neque
3295 5039 3627 5112 adulterum,
3660 5060 3754 5102 ne-

465 5080 620 5112 ,ῑ-υιι..
653 5092 815 5112 αι-....
853 5088 1066 5112 --.ῑ..-.-
1112 5092 1335 5112 _n___,.,---,
1369 5096 1403 5112 ιο
1767 5105 1781 5112 -
1826 5111 1831 5112 ,
1896 5109 1905 5112 -

464 5080 622 5138 ducta
651 5092 816 5155 atque
853 5088 1071 5145 reducta
1105 5092 1344 5150 dumosis
1369 5096 1638 5167 lignorum
1666 5105 1867 5160 aculeis
1893 5080 2049 5166 inno-

461 5175 697 5230 centium
732 5192 959 5249 corpora
984 5192 1355 5253 carperentur,
1383 5190 1562 5245 vicino
1592 5198 1930 5255 currentibus
1961 5201 2045 5255 in-

416 5300 433 5309 -
463 5263 681 5321 domitis
702 5268 879 5337 equis,
902 5270 1023 5327 vale
1051 5273 1154 5328 sibi
1182 5275 1411 5333 invicem
1439 5281 1524 5336 his
1547 5286 1728 5340 verbis
1746 5288 1998 5346 dicebant
2028 5311 2041 5347 :

460 5356 675 5429 Frater,
706 5379 803 5420 ora
844 5381 945 5436 pro
984 5385 1099 5436 me;
1135 5371 1378 5442 implevit
1405 5376 1548 5435 Deus
1589 5382 1917 5441 desiderium
1946 5398 2045 5445 no-

458 5461 651 5510 strum.
687 5457 888 5515 Taliter
918 5464 1231 5530 pervenitur
1264 5468 1329 5521 ad
1357 5482 1583 5541 regnum
1611 5473 1891 5532 caelorum.
1922 5479 2039 5538 Sic-

2152 5124 2258 5179 que
2301 5124 2712 5185 corruptorem,
2759 5128 2854 5174 aut
2906 5121 3254 5193 homicidam,
3308 5131 3393 5185 vel
3447 5131 3750 5202 latronem,

2149 5211 2512 5275 raptoremve,
2550 5219 2644 5266 aut
2671 5211 2894 5270 alterius
2933 5218 3218 5289 cujuslibet
3258 5221 3516 5282 facinoris
3562 5238 3745 5296 reum,

2147 5297 2245 5352 sed
2270 5306 2476 5356 tantum
2503 5318 2607 5374 pro
2642 5308 2860 5364 nomine
2887 5309 3221 5382 Christiano,
3249 5320 3395 5388 quod
3431 5320 3535 5377 boe‘
3559 5336 3623 5379 se
3650 5339 3747 5381 vo.

2144 5391 2341 5447 cahulo
2361 5393 2643 5453 confessus
2665 5408 2748 5455 est
2770 5407 3087 5475 nuncupari,
3113 5407 3178 5463 ad
3203 5419 3434 5466 mortem
3456 5412 3741 5472 hominem

2139 5483 2261 5540 duci
2284 5489 2625 5559 praecepisti?
2645 5489 2761 5547 Non
2789 5502 2912 5549 sunt
2940 5497 3053 5553 haec
3079 5500 3234 5571 tltgna
3264 5503 3357 5573 pio
3379 5504 3736 5574 imperatore,

457 5561 564 5617 que
600 5550 807 5606 orando
845 5561 902 5606 et
942 5554 1241 5625 psallendo,
1273 5561 1632 5661 gaudentibus
1668 5569 1892 5641 angelis,
1922 5575 2039 5645 pias
2140 5592 2242 5633 nec
2268 5550 2667 5649 sapieniissimo
2690 5598 2860 5655 puero
2891 5550 3166 5660 eius?
3192 5550 3368 5667 neque
3391 5550 3553 5654 88:11?
3572 5613 3734 5655 sena-

528 5692 557 5792 ;
588 5681 979 5817 gl‘ethXleil‘l.)
999 5689 1064 5745 de
1083 5689 1231 5748 Clor.
1249 5709 1349 5762 m.,
1370 5710 1420 5751 c.
1449 5696 1535 5753 62.

640 5769 687 5808 ic
720 5794 733 5807 .
833 5773 878 5811 r.
925 5775 942 5812 ι
985 5802 998 5814 .
1034 5777 1073 5815 ι.

640 5769 733 5808 ιει.
762 5769 878 5811 ΑΠ’.
906 5769 998 5815 llb.
1034 5777 1073 5815 Ι.

527 5832 549 5861 ο
583 5821 780 5883 Euseb.
802 5827 839 5883 ι.
868 5845 952 5898 ιιι,
976 5848 1027 5888 e.
1052 5834 1140 5889 50.
1171 5834 1338 5907 lgnat.
1374 5834 1535 5917 epist.-
1570 5842 1655 5901 to.

2207 5714 2236 5807 ξ
2264 5715 2875 5807 ΣίἀθᾷΙί-ὶιιίιηιρθξεςῑ.
2899 5728 3085 5807 Apost.
3113 5724 3306 5807 Euseb.
3341 5736 3376 5792 l.
3408 5750 3480 5805 γι.
3510 5746 3560 5799 e.
3591 5738 3657 5799 9.

2212 5797 2237 5881 ξ
2267 5787 2345 5881 De
2365 5804 2439 5881 ea
2454 5787 2685 5881 in'Actis
2713 5794 2783 5881 S._
2800 5787 3364 5881 Lagre‘nt'vjtiwhﬁug.

2216 5857 2235 5897 ι
2267 5858 2461 5916 Euseb.
2499 5862 2536 5917 l.
2574 5878 2651 5932 tv,
2680 5881 2730 5922 c.
2761 5868 2848 5924 16.
2880 5869 3022 5926 Rufi.
3048 5857 3136 5937 (7.
