3962 6366
152 408 327 472 381

852 407 1454 464 MARTYROLOGIUM
1490 407 1636 466 cum
1672 405 2211 466 ADDITAMENTIS.
2253 443 2326 454 -
2364 414 2574 474 usus.
2617 401 2761 478 oet

3356 423 3460 483 231

158 539 231 584 ιιι
288 542 408 598 quae
437 525 573 594 agis,
603 523 806 580 Urbici.
839 523 1016 580 Atiille
1036 496 1170 580 nihil
1197 524 1342 580 aliud
1367 525 1669 598 inquirens,
1696 527 1847 587 ait-A
1879 529 2196 598 vigesimum
2245 533 2421 588 aetatis
2470 549 2581 590 sure
2629 550 2867 601 annum,
2941 546 3104 593 aestus
3153 549 3212 595 et
3255 540 3465 612 pluvias

159 621 247 676 ad
296 618 572 674 Lucium:
609 615 822 672 Videris
875 617 1008 672 mihi
1053 625 1108 672 et
1153 625 1204 671 tu
1250 616 1591 675 Christianus
1629 633 1768 674 esse.

1877 620 2057 675 brevis
2119 624 2501 693 tuguriunculo
2578 626 2914 695 declinavit,
2979 630 3123 699 quod
3182 631 3349 702 junco
3408 644 3464 691 et

157 713 422 784 Cumque
442 712 639 767 Lucius
666 709 1073 783 respondisset:
1108 710 1219 766 Hoc
1245 714 1404 782 plane
1439 726 1577 778 sum,
1607 714 1779 767 etiam
1874 711 2054 767 carice
2081 721 2306 769 texerat.
2353 715 2569 772 Structa
2607 718 2860 790 deinceps
2903 720 3051 776 brevi
3093 721 3302 788 cellula,
3342 739 3462 793 quae

155 808 354 876 ;psum
394 804 517 858 duci
552 803 720 873 jussit
770 805 836 858 ad
876 810 1128 857 mortem.
1167 801 1276 868 llic,
1311 803 1533 874 gratias,
1568 803 1764 874 inquit,

155 910 308 965 ergo,
362 895 504 964 quod
546 908 634 948 me
674 893 1025 963 nequissimis
1072 893 1303 948 dominis
1343 894 1648 949 absolutum
1701 893 1768 948 ad

153 992 375 1046 bonum
403 997 456 1045 et
488 989 751 1058 optimum
779 988 1026 1053 .Patrcm,
1062 995 1115 1042 et
1161 987 1359 1058 Regem
1391 989 1631 1042 omnium
1663 987 1774 1042 Do--

158 1086 380 1141 :iiimim
418 1084 669 1139 remittis.
707 1081 814 1138 Sed
850 1093 906 1137 et
944 1083 1135 1138 tertius
1171 1083 1410 1152 quidam,
1450 1083 1568 1152 pari
1609 1083 1767 1138 modo

159 1177 424 1232 libertate
465 1191 616 1240 usus,
654 1175 770 1244 pari
820 1189 1038 1244 quoque
1084 1175 1349 1228 sententia
1395 1174 1612 1243 punitus
1660 1181 1762 1229 est.

159 1268 327 1325 Passi
363 1278 488 1323 sunt
533 1276 713 1323 autem
747 1267 848 1322 sub
875 1267 1127 1330 Antonio,
1167 1276 1524 1337 cognomento
1563 1266 1676 1332 Pio,
1709 1275 1764 1322 et

161 1361 281 1416 tilio
311 1361 446 1430 ejus,
481 1361 534 1414 hi
564 1359 708 1414 beati
740 1368 1025 1430 martyres,
1060 1368 1116 1415 et
1141 1360 1333 1429 sepulti
1359 1360 1499 1431 apud
1527 1360 1762 1415 Alexan-

161 1455 342 1510 driam
368 1453 707 1523 metropolim-
734 1453 972 1526 Egypti.

464 1580 525 1636 F.
567 1581 682 1636 Xlll
722 1580 1018 1636 KALEND.
1062 1580 1478 1638 NOVEMBRIS.

830 1678 920 1751 (~20
954 1679 1097 1748 0a.)

234 1770 292 1826 In
331 1768 537 1837 Galliis,
570 1773 790 1828 civitate
826 1774 1068 1844 Agenno,
1111 1773 1284 1828 sancti
1325 1772 1570 1843 Caprasii
1610 1789 1758 1830 mar-

164 1865 299 1938 tyris
333 1883 347 1920 :
381 1866 470 1935 qui
500 1881 623 1921 cum
655 1866 859 1920 rabiem
891 1865 1287 1935 persecutionis
1312 1865 1590 1920 declinans
1619 1865 1755 1921 late-

160 1958 323 2014 retin
356 1957 632 2027 spelunca,
657 1957 880 2012 audiens
910 1958 1120 2012 beatam
1149 1956 1335 2012 Fidem
1367 1957 1629 2028 virginem
1653 1973 1753 2028 pro

159 2050 379 2105 Christo
418 2049 633 2104 fortiter
667 2051 977 2120 agonizare,
1008 2049 1281 2105 animatus
1309 2050 1376 2104 ad
1410 2051 1751 2107 tolerantiam

157 2141 491 2210 passionum,
523 2142 700 2196 oravit
727 2143 793 2196 ad
829 2141 1115 2196 Dominum
1157 2150 1215 2196 ut
1242 2141 1285 2196 si
1315 2157 1417 2212 pro
1449 2151 1601 2198 certe
1623 2159 1750 2198 eum

157 2231 378 2302 dignum
404 2231 571 2303 gloria
596 2231 842 2303 martyrii
862 2229 1152 2300 judicaret,
1185 2247 1252 2286 ex
1277 2231 1454 2303 lapide
1478 2232 1749 2315 spelunca:

64 2354 66 2362 τ
158 2321 300 2378 illius
328 2339 466 2392 aqua
499 2323 872 2393 limpidissima
904 2331 1205 2378 emanaret.
1234 2323 1390 2391 Quod
1417 2339 1539 2378 eum
1568 2325 1748 2380 Domi-

156 2397 268 2481 nus
283 2417 538 2470 continuo
564 2415 924 2487 praestitisset,
955 2414 1044 2468 ille
1068 2429 1292 2472 securus
1317 2416 1384 2470 ad
1417 2432 1603 2472 aream
1630 2432 1747 2472 cer-

157 2506 386 2571 taminis
407 2507 733 2577 properavit,
759 2517 813 2563 et
831 2506 1066 2578 palmam
1088 2508 1336 2580 martyrii
1357 2507 1568 2564 fortiter
1588 2508 1743 2563 dimi-

162 2599 345 2662 cando
371 2600 678 2670 promeruit.

469 2735 538 2792 G'.
573 2734 666 2792 ΧΠ
698 2736 994 2792 KALEND.
1038 2737 1452 2795 NOVEMBRIS.

820 2831 902 2904 (si
941 2831 1087 2902 σοι.)

216 2917 378 2990 Epod
419 2917 809 2988 Nicomediam,
857 2922 1053 2977 natalis
1091 2919 1191 2977 SS.
1237 2931 1536 2982 martvrum
1569 2923 1737 2991 Dasii,

144 2997 340 3092 z’ouci,
367 3011 505 3079 Caii,
531 3029 654 3068 eum
681 3015 960 3071 duodecim
990 3016 1270 3072 militibus.

217 3106 420 3162 Eodem
454 3108 563 3173 die,
605 3109 779 3163 sancti
819 3109 990 3179 patris
1026 3111 1197 3167 nostri
1228 3109 1540 3176 Hilarionis,
1580 3113 1736 3184 cujus

143 3199 314 3253 vitam
341 3199 704 3271 Hieronymus
746 3201 1041 3257 virtutibus
1087 3201 1302 3272 plenam
1331 3204 1521 3259 scribit
1552 3213 1600 3259 α.
1633 3205 1733 3263 Hic

1873 819 2044 873 usque
2079 805 2238 859 hodie
2269 818 2568 876 permanet,
2625 809 2908 867 latitudine
2953 813 3149 882 pedum
3207 824 3460 883 quatuor,

1872 895 2152 951 altitudine
2174 900 2368 968 pedum
2396 901 2653 971 quinque,
2680 905 2782 957 hoc
2804 911 2890 957 est
2922 911 3123 957 statuta
3152 919 3247 958 sua
3278 905 3461 960 humi-

1869 985 2002 1040 liore
2023 1027 2036 1051 ,
2065 1003 2227 1057 porro
2284 991 2618 1057 longitudine
2647 993 2808 1064 paulo
2849 995 3110 1065 ampliore
3138 1011 3299 1064 quam
3343 997 3460 1066 ejus

1869 1079 2248 1150 corpusculum
2295 1083 2620 1152 patiebatur,
2649 1093 2709 1138 ut
2739 1085 3044 1155 sepulcrum
3091 1087 3271 1156 potius
3294 1102 3458 1158 quam

1867 1171 2085 1226 domum
2112 1174 2381 1229 crederes.
2421 1173 2654 1245 Capillos
2683 1177 2848 1230 semel
2865 1177 2932 1230 ‘in‘
2963 1191 3105 1230 anno
3128 1177 3350 1232 Pascha.
3372 1179 3460 1238 die

1866 1266 2120 1321 totondit.
2165 1267 2342 1338 Super
2403 1269 2606 1324 nudam
2655 1271 2880 1325 humum
2940 1272 2992 1325 in
3043 1279 3215 1326 stratu
3261 1272 3459 1342 junceo

1866 1374 2036 1430 usque
2081 1360 2146 1415 ad
2185 1370 2412 1416 mortem
2470 1363 2751 1418 cubitavit.
2809 1362 3044 1419 Saccum
3088 1379 3249 1435 quem
3290 1365 3455 1422 semel

1865 1449 2041 1505 fuerat
2063 1450 2298 1515 indutus,
2317 1469 2591 1524 nunquam
2609 1453 2826 1521 lavaris;
2855 1470 2956 1510 nec
2979 1457 3202 1510 mutavit
3227 1455 3456 1512 alteram

1867 1548 2125 1613 tunicam,
2166 1547 2271 1602 nisi
2324 1563 2446 1603 cum
2475 1549 2626 1620 prior
2654 1551 2866 1620 penitus
2898 1551 3067 1605 scissa
3107 1559 3270 1606 esset.
3303 1549 3456 1606 Seri-

1861 1645 2076 1708 pturam
2133 1653 2347 1708 quoque
2394 1649 2640 1694 sanctam
2696 1641 3016 1696 memoriter
3071 1651 3282 1704 tenens,
3332 1649 3456 1712 post

1861 1729 2135 1784 orationes
2183 1738 2238 1784 et
2259 1729 2498 1799 psalmos
2528 1730 2681 1800 quasi
2718 1731 2827 1786 Deo
2853 1742 3122 1801 praesente
3165 1733 3448 1788 recitabat.

1861 1821 1900 1875 A
1935 1821 2196 1892 vigesimo
2217 1823 2392 1893 primo
2417 1838 2560 1878 anno
2580 1838 2749 1893 usque
2773 1823 2840 1878 ad
2867 1823 3185 1895 vigesimum
3212 1832 3446 1891 sextum,

1783 1901 1831 1962 Β
1861 1912 2032 1966 tribus
2078 1913 2236 1967 annis
2264 1912 2548 1968 dimidium
2570 1913 2732 1968 lentis
2761 1914 3057 1969 sextarium
3083 1913 3452 1972 madefactum

1859 2019 1998 2074 aqua
2038 2002 2234 2075 frigida
2265 2005 2533 2071 comedit;
2582 2004 2704 2061 aliis
2750 2005 2944 2070 tribus,
2999 2021 3193 2076 panem
3237 2008 3448 2064 aridum

1857 2112 1979 2152 eum
2006 2097 2118 2153 sale
2145 2107 2201 2153 et
2222 2114 2382 2169 aqua.
2422 2099 2594 2153 Porro
2619 2114 2650 2152 a
2682 2099 2946 2170 vigesimo
2987 2100 3221 2171 septimo
3277 2115 3449 2172 usque

1856 2191 1924 2244 ad
1952 2190 2310 2261 trigesimum,
2344 2191 2528 2246 herbis
2557 2191 2860 2262 agrestibus
2882 2199 2936 2247 et
2962 2192 3289 2262 vigultorum
3310 2207 3444 2264 quo-

1855 2282 2102 2336 rumdam
2151 2282 2426 2338 radicibus
2455 2284 2638 2338 crudis
2677 2292 3010 2340 sustentatus
3038 2292 3140 2340 est.
3189 2285 3231 2340 A
3286 2287 3448 2342 trice-

1852 2373 1994 2428 simo
2040 2382 2220 2429 autem
2249 2376 2624 2446 primonsque
2664 2376 2734 2432 ad
2785 2377 3123 2434 tricesimum
3170 2378 3443 2448 quintum,

1851 2480 1942 2520 sex
1988 2466 2176 2520 uncias
2223 2467 2511 2522 hordeacei
2559 2467 2747 2538 panis,
2803 2476 2859 2522 et
2901 2477 3116 2526 coctum
3172 2469 3442 2525 modicum

1847 2556 1968 2612 olus
2015 2557 2220 2627 absque
2265 2557 2388 2612 oleo
2440 2559 2493 2611 in
2546 2558 2668 2612 cibo
2706 2558 2916 2614 habuit.
2964 2558 3217 2613 Sentieus
3259 2570 3443 2614 autem

1851 2647 2078 2718 caligare
2103 2647 2288 2704 oculos
2319 2657 2374 2702 et
2415 2656 2584 2703 totum
2609 2663 2808 2718 corpus
2836 2648 3151 2720 impetigine
3177 2659 3234 2704 et.
3264 2650 3442 2719 pomi-.-

1847 2755 1940 2796 cea
1991 2740 2221 2810 quadam
2274 2740 2600 2796 seabredine
2639 2741 2888 2796 contrahi
2913 2775 2932 2806 ,-
2981 2740 3048 2795 ad
3103 2741 3438 2811 superiorem

1845 2831 2046 2886 victum
2077 2831 2275 2902 adjecit
2301 2831 2501 2895 oleum,
2531 2840 2585 2887 et
2614 2847 2783 2902 usque
2807 2832 2876 2885 ad
2907 2831 3307 2903 sexagesimum
3333 2841 3442 2886 ter-

1843 2922 1977 2978 tium
2029 2922 2154 2978 vitae
2195 2939 2308 2979 sua:
2345 2938 2578 2989 annum,
2637 2923 2741 2978 hoc
2799 2923 3150 2980 continentia:
3195 2922 3441 2980 cucurrit

1841 3015 2045 3088 gradu,
2098 3014 2233 3070 nihil
2279 3015 2618 3071 extrinsecus
2664 3023 2758 3070 aut
2808 3030 3129 3086 pomorum,
3164 3026 3258 3070 aut
3291 3009 3440 3088 legu-

1841 3106 2024 3173 minis,
2055 3115 2149 3162 aut
2177 3107 2467 3178 cujuslibet
2500 3107 2578 3161 rei
2629 3115 2872 3177 gustans.
2907 3106 3044 3161 llinc
3079 3121 3202 3162 cum
3252 3121 3310 3162 se
3352 3105 3435 3161 vi-

1839 3201 1989 3257 deret
2018 3215 2246 3271 corpore
2294 3199 2670 3271 defatigatum,
2719 3207 2775 3254 et
2816 3199 3181 3270 propinquam
3221 3207 3438 3270 putaret

143 3303 300 3348 ortus
341 3294 462 3350 vico
508 3294 774 3362 Thabata,
811 3297 901 3366 qui
946 3297 1166 3352 circiter
1207 3299 1444 3368 quinque
1488 3299 1656 3356 millia
1703 3317 1734 3358 a
1763 3298 1814 3362 G
1841 3291 2126 3347 imminere
2158 3298 2410 3355 ῐιὶοΐιθων
2437 3305 2466 3344 ³
2501 3289 2841 3361 δθκθεθείιηο
2867 3297 3064 3360 quarto
3090 3303 3234 3345 ³ηηο
3266 3303 3437 3360 usque

144 3383 292 3440 Gaza
324 3386 458 3440 urbe
484 3383 785 3442 PalazStinm
813 3387 879 3442 ad
901 3387 1157 3443 Austrum
1189 3389 1325 3444 situs
1351 3397 1452 3454 est,
1483 3401 1604 3445 eum
1638 3407 1734 3462 pa-

140 3485 326 3530 rentes
371 3476 596 3532 haberet
639 3478 798 3533 idolis
836 3477 1070 3544 deditos,
1118 3493 1266 3547 rosa,
1309 3485 1367 3535 dt
1415 3479 1635 3549 dicitUr,
1665 3484 1732 3540 de

140 3565 313 3634 spinis
340 3565 535 3622 floruit.
569 3567 614 3622 Α
650 3569 846 3639 quibus
887 3571 1081 3626 missus
1108 3567 1509 3646 Alexandriam,
1553 3585 1732 3645 gram-

137 3660 342 3714 matico
382 3662 611 3718 traditus
645 3671 748 3728 est,
790 3659 971 3734 ibique
999 3679 1257 3736 quantum
1298 3668 1384 3722 illa
1426 3671 1732 3738 patiebatur

137 3760 294 3817 artas,
329 3760 518 3822 magna
549 3754 748 3826 ingenii
791 3765 844 3811 et
873 3772 1083 3812 morum
1127 3761 1446 3816 documenta
1476 3766 1725 3833 praebuit.

135 3840 319 3908 Brevi,
370 3846 567 3902 charus
609 3848 893 3919 omnibus,
937 3857 991 3904 et
1041 3850 1295 3920 loquendi
1341 3863 1458 3909 arte
1489 3857 1723 3926 gnarusf;

135 3936 392 4005 quodque
437 3937 521 3991 his
555 3937 730 4006 majus
755 3949 838 3994 est
868 3942 1136 4005 omnibus,
1170 3944 1397 4000 credens
1423 3945 1476 4000 in
1499 3943 1728 4004 Domino

129 4024 296 4092 Jesu;
333 4036 443 4082 tota
472 4027 542 4083 illi
574 4031 822 4088 voluntas
857 4034 909 4087 in
936 4033 1191 4089 Ecclesize
1219 4039 1726 4107 congregationibus

131 4125 272 4172 erat.
317 4118 556 4174 Audiens
595 4131 772 4176 autem
823 4123 1036 4178 celebre
1070 4140 1264 4178 nomen
1298 4126 1537 4194 Antonii,
1580 4129 1724 4199 quod

128 4225 229 4282 per
266 4226 458 4266 omnes
497 4211 712 4284 {Egypti
755 4215 977 4284 populos
1015 4215 1310 4282 ferebatur,
1354 4219 1604 4275 incensus
1650 4220 1724 4274 vi-

129 4302 283 4357 sendi
312 4317 436 4357 eum
471 4305 669 4370 studio,
697 4308 940 4376 perrexit
964 4307 1030 4362 ad
1060 4323 1337 4377 eremum;
1373 4321 1425 4365 et
1455 4314 1644 4394 statim
1665 4317 1723 4370 ut

127 4411 254 4450 eum
284 4395 438 4460 vidit,
478 4405 684 4453 mutato
712 4401 942 4468 pristino
970 4401 1179 4468 habitu,
1211 4404 1418 4460 duobus
1446 4407 1724 4464 mensibus

118 4488 278 4558 juxta
327 4503 448 4543 eum
484 4492 699 4551 mansit,
740 4494 1110 4565 contemplans
1146 4498 1389 4553 ordinem
1433 4501 1553 4555 vitm
1580 4501 1716 4569 cjus,

125 4596 451 4650 morumque.
494 4584 844 4652 gravitatem;
877 4601 1038 4655 quam
1084 4589 1306 4642 crebrer
1346 4590 1398 4644 in
1447 4575 1714 4654 oratioue’.

121 4685 289 4740 quam
335 4673 550 4730 humilis
583 4676 636 4730 in
683 4677 1040 4746 suscipiendis
1084 4677 1361 4744 fratribus,
1405 4697 1625 4739 severus
1662 4685 1714 4740 in
1743 4655 1796 4716 Β

121 4762 506 4831 corripiendis,
525 4767 706 4822 alacer
733 4769 786 4823 in
815 4769 1165 4827 exhortandis
1191 4782 1352 4838 esset,
1384 4785 1436 4829 et
1460 4788 1516 4830 ut
1543 4777 1714 4831 conti-

120 4854 368 4908 nentiam
397 4857 608 4928 cibique
632 4858 748 4927 ejus
771 4862 1112 4930 asperitatem
1136 4863 1278 4918 nulla
1309 4882 1542 4936 unquam
1569 4869 1716 4922 inﬁr-

119 4947 288 5002 initas
332 4945 624 5020 frangeret.
682 4950 950 5008 Reversus
1001 4965 1179 5010 autem
1225 4972 1347 5011 cum
1393 4959 1713 5026 quibusdam

118 5040 408 5096 monachis
452 5041 521 5096 ad
572 5043 836 5112 patriam,
881 5046 1196 5114 parentibus
1245 5048 1358 5118 jam
1414 5049 1710 5115 defunctis,

112 5142 329 5202 partem
354 5134 667 5190 substantia:
690 5135 946 5192 fratribus
965 5179 981 5204 ,
1008 5150 1215 5210 partem
1259 5145 1583 5212 pauperibus
1603 5144 1708 5199 lar-

113 5228 262 5298 gitus
277 5236 382 5290 est,
402 5228 536 5282 nihil
565 5229 664 5284 sibi
681 5231 902 5285 omnino
926 5247 1170 5288 servans.
1198 5233 1326 5289 Erat
1356 5246 1536 5292 autem
1585 5247 1711 5294 tunc

112 5335 388 5372 annorum
416 5322 745 5390 quindecim.
777 5323 868 5377 Sic
894 5325 1394 5383 nudusetarmatus
1423 5328 1708 5387 inChristo

111 5413 464 5469 solitudinem
498 5417 773 5484 ingressus
812 5427 914 5481 est,
959 5433 1119 5474 sacco
1158 5429 1366 5475 tantum
1399 5431 1706 5491 coopertus,

109 5516 168 5561 et
213 5508 499 5577 pelliceum
551 5512 752 5567 habens
783 5514 1102 5583 epcndyten,
1152 5523 1207 5568 et
1251 5524 1507 5570 tenattem
1548 5532 1706 5586 quem

109 5600 192 5655 illi
235 5599 427 5655 beatus
474 5602 738 5660 Antonius
780 5605 1145 5675 proficiScenti
1197 5603 1439 5670 dederat,
1487 5623 1707 5678 sagum-

111 5709 224 5764 que
259 5695 560 5761 rusticum;
598 5698 902 5766 quindecim
946 5707 1152 5752 tantum
1189 5699 1397 5753 caricas
1430 5707 1550 5770 post
1578 5699 1707 5754 solis

107 5801 372 5841 occasum
415 5788 720 5843 comedens.
753 5788 917 5860 Igitur
954 5805 982 5844 a
1015 5788 1381 5846 sextodecimo
1423 5805 1590 5862 usque
1635 5790 1704 5845 ad

187 5921 212 5950 ι
246 5907 466 5964 Hieron.
493 5915 530 5960 ι.
564 5905 606 5966 l.

1837 3382 1904 3438 ad
1933 3381 2322 3453 octOgesimum
2356 3396 2496 3451 pane
2540 3381 2834 3447 abstinuit,
2876 3381 3180 3438 incredibili
3234 3380 3434 3438 mentis

1838 3475 2071 3542 fervore,
2103 3485 2162 3529 ut
2189 3489 2255 3530 eo
2306 3483 2549 3545 tempore
2600 3474 2755 3544 quasi
2811 3489 2985 3529 novus
3036 3474 3319 3530 accederet
3364 3473 3433 3530 ad

1835 3567 2153 3624 servitutem
2207 3565 2419 3621 Domini
2469 3582 2578 3636 quo
2632 3566 2806 3620 solent
2833 3566 3016 3621 caeteri
3047 3567 3330 3622 remissius
3358 3567 3436 3622 vi-

1834 3676 1980 3716 vere.
2011 3659 2051 3714 F
2058 3659 2201 3714 iebat
2231 3667 2411 3713 autem
2441 3659 2490 3713 ei
2531 3658 2596 3712 de
2626 3659 2801 3713 farina
2831 3668 2887 3714 et
2917 3658 3251 3714 comminuto
3279 3659 3430 3716 olere

1833 3751 2248 3817 sorbitiuncula,
2302 3751 2424 3806 cibo
2451 3759 2508 3806 et
2550 3760 2680 3821 potu
2713 3751 2804 3804 vix
2834 3751 3074 3820 quinque
3105 3751 3294 3806 uncias
3333 3766 3430 3821 ap-

1831 3844 2212 3916 pendentibus.
2259 3841 2457 3912 Sicque
2501 3841 2778 3912 complens
2823 3841 3070 3896 ordinem
3118 3840 3241 3896 vita:
3291 3857 3428 3897 nun-

1829 3953 1992 4008 quam
2023 3945 2148 3993 ante
2188 3936 2317 3992 solis
2364 3951 2633 3999 occasum,
2667 3950 2764 3989 nec
2812 3935 2865 3990 in
2898 3934 3088 3989 diebus
3128 3933 3282 3990 festis
3325 3948 3425 3991 nec

1828 4033 1882 4087 in
1915 4031 2236 4103 gravissima
2277 4030 2594 4084 valetudine
2623 4029 2782 4085 solvit
2809 4027 3098 4099 jejunium.
3130 4026 3301 4096 lgitur
3331 4042 3426 4098 po-

1831 4123 2166 4179 tentissimus
2194 4123 2246 4176 iu
2295 4121 2594 4186 miraculis,
2627 4127 2681 4176 et
2709 4120 2999 4175 sanctitate
3026 4118 3424 4190 incomparabi-

1825 4216 1912 4282 lis,
1943 4213 2272 4284 octogesimo
2314 4215 2492 4269 uitatis
2519 4229 2628 4268 suae
2658 4226 2824 4276 anno,
2872 4226 2996 4266 cum
3037 4210 3233 4266 absens
3278 4217 3425 4267 esset

1825 4308 2126 4380 Hesychius
2151 4307 2263 4379 (qui
2297 4322 2419 4360 eum
2466 4321 2681 4375 semper
2726 4302 3152 4358 familiarissime
3187 4302 3420 4376 colebat)

1823 4401 1979 4470 quasi
2012 4400 2065 4454 in
2122 4398 2430 4454 testamenti
2480 4397 2683 4462 vicem,
2717 4396 2939 4450 brevem
2991 4409 3154 4448 manu
3201 4395 3419 4465 propria

1824 4491 2044 4562 scripsit
2088 4489 2396 4560 epistolam,
2443 4504 2634 4543 omnes
2680 4486 2896 4542 divitias
2942 4500 3068 4540 suas
3100 4485 3150 4541 ei
3187 4486 3420 4542 derelin-

1823 4599 2032 4654 quens:
2066 4583 2414 4655 Evangelium
2464 4582 2674 4637 scilicet
2719 4589 2774 4636 et
2825 4580 3059 4634 tunicam
3119 4581 3415 4649 saccinam,

1821 4679 2090 4734 cucullum
2119 4688 2168 4735 et
2200 4677 2498 4748 palliolum.
2531 4677 2719 4746 Itaque
2749 4676 2998 4730 modicus
3030 4676 3178 4731 calor
3202 4679 3416 4746 tepebat

1820 4773 1875 4826 in
1908 4781 2146 4840 pectore,
2178 4785 2278 4825 nec
2301 4779 2500 4840 praeter
2527 4784 2744 4824 sensum
2775 4767 3076 4848 quidquam
3099 4768 3204 4821 \ivi
3238 4768 3412 4822 homi-

1821 4865 1904 4919 nis
1932 4871 2236 4932 supererat,
2285 4871 2340 4918 et
2379 4872 2562 4917 tamen
2605 4861 2808 4930 apertis
2835 4861 3008 4915 oculis
3043 4861 3410 4930 loquebatur:

1819 4956 2112 5026 Egredere,
2135 4956 2266 5026 quid
2311 4954 2503 5010 times?
2534 4954 2828 5025 Egredere,
2869 4955 3070 5019 anima,
3100 4954 3227 5024 quid
3261 4953 3413 5010 dubi-

1817 5053 1936 5105 tas?
1969 5049 2319 5121 Septuaginta
2356 5065 2538 5120 prope
2587 5048 2745 5103 annis
2795 5047 3012 5103 servisti
3065 5045 3311 5110 Christo,
3354 5055 3411 5102 et

1816 5157 2044 5200 mortem
2081 5145 2273 5200 times?
2299 5144 2444 5199 Inter
2474 5145 2590 5198 haec
2617 5144 2784 5197 verba
2811 5141 3084 5197 exhalavit
3133 5139 3405 5210 spiritum,

1815 5238 2110 5307 statimque
2138 5238 2305 5292 humo
2343 5235 2588 5299 obrutus,
2622 5235 2748 5304 quia
2784 5234 2901 5304 ipse
2945 5234 3024 5288 sic
3058 5243 3268 5294 omnes,
3310 5229 3404 5299 qui

1813 5329 1878 5384 ad
1906 5338 2258 5400 aegrotantem
2287 5335 2582 5390 venerant,
2624 5325 2893 5393 adjuravit
2937 5337 3004 5378 ne
3056 5330 3254 5392 puncto
3285 5320 3405 5391 qui-

1814 5424 1935 5478 dem
1964 5424 2110 5477 horae
2127 5429 2247 5491 post
2269 5431 2502 5478 mortem
2530 5426 2920 5476 reservaretur.
2940 5415 3090 5482 Quod
3115 5422 3401 5482 postquam

1817 5513 2116 5568 Palaestina:
2157 5519 2378 5566 sanctus
2406 5511 2492 5564 vir
2526 5497 2829 5579 Hesychius
2877 5493 3116 5564 audivit,
3162 5504 3402 5572 perrexit

1816 5604 2076 5674 Cyprum,
2129 5611 2182 5657 et
2231 5617 2354 5657 cum
2407 5599 2608 5670 ingenti
2650 5597 2775 5651 vitze
2806 5609 2916 5648 suae
2968 5591 3240 5662 periculo,
3277 5601 3401 5662 post

1814 5691 1998 5750 decem
2028 5693 2202 5748 ferme
2237 5699 2475 5756 nienses,
2506 5695 2702 5760 corpus
2739 5683 2854 5754 ejus
2877 5679 3085 5738 foratus
3110 5683 3211 5739 est.
3244 5684 3398 5752 Quod

1812 5789 2102 5862 Majumam
2147 5789 2202 5844 in
2229 5785 2515 5846 Palaestina
2545 5781 2816 5850 deferens,
2853 5781 2984 5836 totis
3007 5780 3400 5838 monachomm
