3962 6366
535 374 636 428 385
1251 435 1258 444 ,
1534 377 1592 430 S.
1631 375 1888 433 ADONIS
1926 375 2358 434 ALCHIEPISC.
2403 379 2813 452 VIENNENSIS
3705 391 3806 446 384

535 503 589 547 et
607 489 928 562 oppidorum
955 491 1133 548 turbis
1159 494 1631 564 prosequentibus,
1663 493 1718 550 in
1749 495 1973 566 antiquo
2001 511 2115 553 mo-
2139 501 2190 559 Α
2215 493 2459 549 Januarii
2488 495 2947 568 presbyterorum,
2993 507 3050 554 et
3077 497 3454 557 Fortunatiani
3482 513 3536 558 et
3568 503 3806 575 Séptimi

535 583 775 640 nastetio
798 581 1068 650 condidit;
1112 583 1275 640 illaesa
1305 584 1505 650 tunica,
1532 583 1741 640 cucullo
1779 595 1836 642 et
1850 585 2033 658 pallio,
2055 595 2113 644 et
2215 585 2500 642 lectorum.
2517 585 2620 654 Qui
2639 589 2972 658 temporibus
2999 589 3340 662 Diocletiani,
3367 595 3421 650 in
3451 610 3548 651 sua
3573 599 3809 657 civitate

535 681 648 729 toto
679 686 927 744 corpore,
957 673 1113 744 quasi
1143 673 1318 729 adhuc
1339 674 1566 740 viveret,
1589 674 1820 747 integro,
1839 677 2112 748 tantisque
2213 676 2382 744 tenti,
2410 693 2442 733 a
2489 675 2846 749 Magnelliano
2885 691 3266 750 procuratore,
3323 684 3448 740 inde
3479 687 3672 744 multis
3720 691 3807 748 diu

535 761 813 834 fragrante
831 763 1088 820 odoribus
1126 773 1186 820 ut
1220 764 1519 822 delibutum
1548 768 1838 839 unguentis
1862 777 2107 839 putares.

608 857 811 914 Eodem
835 857 944 924 die,
973 855 1168 913 natalis
1190 859 1362 914 sancti
1390 859 1614 926 Asterii,
1641 861 1946 932 presbyteri
1989 860 2112 918 Cal-

535 948 676 1015 iisti;
708 948 944 1018 quicum
973 962 1168 1019 corpus
1189 947 1306 1018 ejus
1334 949 1572 1006 levatum
1598 949 1666 1006 de
1690 959 1852 1022 puteo
1891 951 2114 1023 sepelis-

536 1051 635 1106 set,
665 1049 788 1114 post
809 1042 924 1098 dies
944 1057 1039 1098 sex
1062 1043 1288 1100 audiens
1321 1045 1425 1100 hoc
1452 1044 1745 1114 imperator
1784 1044 2108 1112 Alexander,

451 1159 459 1168 ε
534 1133 789 1210 prtecepit
813 1148 937 1189 cum
966 1148 1065 1206 per
1093 1142 1313 1205 pontem
1342 1135 1690 1205 praecipitari.
1720 1135 1886 1204 Cujus
1914 1151 2112 1208 corpus

535 1223 810 1288 inventum
839 1232 926 1280 est
969 1235 1026 1280 et
1051 1239 1082 1279 a
1125 1225 1448 1294 quibusdam
1483 1225 1806 1282 Christianis
1841 1227 1895 1281 in
1923 1227 2114 1284 eadem

531 1314 750 1370 civitate
771 1315 1061 1383 sepultum.
1095 1315 1367 1386 Scriptum
1399 1316 1453 1370 in
1482 1318 1735 1387 passione
1757 1319 1929 1374 sancti
1951 1317 2100 1374 Calli-

531 1407 602 1463 sti
640 1422 789 1478 papae
822 1406 912 1479 (14
942 1407 1084 1482 Oct.)

602 1496 671 1552 Et
695 1496 812 1568 ipso
834 1497 943 1565 die,
972 1499 1232 1555 transitus
1257 1500 1433 1556 sancti
1454 1499 1692 1556 Viatoris
1716 1514 1744 1543 ι
1775 1500 2015 1569 lectoris,
2051 1501 2104 1558 in

532 1601 719 1646 eremo
742 1590 957 1647 comitis
985 1592 1157 1648 sancti
1183 1591 1345 1648 Justi.

906 1701 970 1757 A.
1010 1702 1083 1758 XI
1120 1704 1274 1759 ΚΑΒ.
1314 1703 1729 1760 NOVEMBBIS.

1176 1794 1270 1866 (ea
1310 1795 1454 1868 θοι.)

2210 769 2442 826 vinculis
2472 778 2528 825 et
2556 773 2874 828 carceribus
2926 777 3209 841 macerati,
3239 784 3312 833 et-
3341 777 3395 833 in
3424 778 3634 848 Africa,
3669 794 3732 839 et
3757 786 3806 840 in

2213 856 2421 926 Sicilia,
2457 861 2674 917 tandem
2697 863 2752 917 in
2780 864 3055 920 occisione
3073 865 3233 936 gladii
3255 875 3624 928 consummati
3657 887 3802 930 sunt.

2213 949 2353 1007 Sunt
2401 963 2581 1009 autem
2630 955 2927 1014 honorifice
2973 959 3169 1030 sepulti
3227 962 3370 1018 inter
3409 962 3804 1036 Carthaginem

2213 1041 2516 1114 etUticam.
2532 1045 2680 1101 Felix
2696 1048 3083 1121 quinquaginta
3099 1065 3191 1107 sex
3204 1068 3465 1110 annorum
3477 1056 3618 1112 obiit
3629 1058 3801 1129 virgo.

2567 1162 2630 1217 D.
2672 1159 2786 1218 Vill
2822 1163 2978 1219 KAL.
3023 1164 3439 1225 NOVEMBRIS.

2865 1254 2957 1328 (25
2996 1257 3138 1328 Oct.)
3239 1319 3242 1325 η

2287 1343 2343 1398 1η
2365 1343 2574 1411 Galliis,
2602 1347 2821 1403 civitate
2845 1348 3245 1420 Suessionensi,
3269 1355 3464 1411 natalis
3483 1366 3802 1414 sanctorum

2217 1430 2450 1504 Crispini
2476 1445 2533 1491 et
2565 1436 2910 1510 Crispiniani,
2953 1443 3047 1513 qui
3079 1446 3451 1514 persecutione
3478 1447 3802 1505 Diocletiani

2215 1533 2269 1579 et
2297 1524 2630 1594 Maximiani,
2652 1531 2720 1585 ad
2749 1531 3017 1588 trochleas
3052 1536 3282 1600 extenti,
3312 1548 3367 1591 et
3386 1537 3629 1594 fustibus
3657 1543 3796 1606 caesi,

2213 1623 2498 1685 postquam
2532 1617 2684 1689 digiti
2728 1633 2916 1675 eorum
2949 1623 3154 1679 subulis
3186 1625 3427 1681 transﬁxi
3458 1637 3609 1692 sunt,
3664 1638 3720 1684 et
3744 1631 3802 1686 de

2215 1703 2378 1760 dorso
2400 1721 2586 1762 eorum
2615 1707 2730 1764 lora
2759 1711 3009 1780 prmeisa,
3043 1714 3111 1770 ad
3134 1713 3383 1772 ultimum
3427 1717 3616 1788 gladio
3645 1723 3801 1776 truci-

2218 1798 2350 1863 dati,
2378 1813 2636 1854 coronam
2671 1804 2921 1874 martyrii
2953 1807 3230 1861 consecuti
3261 1815 3406 1863 sunt.

601 1885 973 1958 .erosolymis,
997 1887 1195 1943 natalis
1219 1889 1362 1944 beati
1389 1888 1555 1946 Marci
1584 1891 1698 1962 (qui
1721 1891 1928 1962 primus
1951 1892 2112 1951 Jero-
2139 1890 2188 1952 B
2288 1887 2491 1944 Eodem
2543 1890 2631 1946 die
2675 1891 3054 1965 Pctragoricas
3102 1897 3342 1966 civitate,
3377 1901 3578 1956 natalis
3635 1905 3799 1958 sancti

531 1977 755 2050 solymis
767 1994 832 2034 ex
853 1978 1122 2050 gentibus,
1144 1989 1266 2050 post
1288 1981 1571 2053 episcopos
1587 1998 1652 2038 ex
1675 1983 2108 2055 circumcisione,

535 2069 898 2127 sacerdotium
921 2072 1160 2128 civitatis
1190 2072 1332 2130 illius
1345 2075 1573 2144 accepit)
1591 2075 1950 2134 clarissimiet
1982 2079 2113 2135 doc-

532 2159 728 2217 tissimi
748 2162 876 2229 viri,
895 2177 959 2219 ac
973 2178 1082 2220 non
1111 2164 1282 2220 multo
1295 2173 1415 2235 post
1431 2167 1696 2239 martyrio
1729 2169 2110 2226 consummati.

602 2249 732 2307 item
761 2252 935 2309 beata:
965 2252 1216 2321 Salomte,
1245 2270 1362 2326 qua:
1388 2257 1443 2311 in
1469 2255 1761 2328 Evangelia
1784 2257 1998 2331 (Matth.
2021 2276 2111 2328 xv,

533 2343 646 2415 XVI)
661 2342 858 2416 legitur
873 2361 996 2402 cum
1020 2347 1246 2418 reliquis
1268 2349 1475 2406 sanctis
1497 2348 1712 2407 feminis
1732 2351 1879 2408 circa
1900 2351 2116 2410 Domini

532 2441 866 2510 sepulturam
890 2443 1144 2501 sollicita.

523 2595 549 2610 ,ρ
601 2531 754 2603 Apud
782 2534 1188 2608 Adrianopolim
1239 2539 1518 2610 Thraciae,
1557 2542 1754 2601 natalis
1804 2552 2116 2602 sanctorum

533 2619 762 2696 Philippi
789 2625 1048 2699 episcopi,
1078 2629 1294 2686 Eusebii
1321 2640 1376 2687 et
1405 2631 1697 2689 Hermetis.

930 2739 994 2795 Β.
1021 2739 1071 2795 Χ
1101 2740 1257 2798 KAL.
1289 2743 1708 2800 NOVEMBRIS.

1184 2833 1277 2904 (es
1314 2834 1457 2906 οεε.)

603 2915 760 2987 Apud
795 2917 1140 2977 Antiochiam
1193 2924 1403 2996 Syriae,
1432 2927 1611 2984 natale
1651 2928 1827 2984 sancti
1871 2928 2118 2985 Theodo-

535 3006 692 3061 retih
733 3009 1078 3082 presbyteri,
1129 3014 1221 3089 qui
1274 3019 1650 3086 persecutione
1693 3019 1891 3076 Juliani
1942 3021 2113 3091 impii,

537 3096 637 3152 sub
661 3098 918 3167 praefecto
958 3112 1014 3157 et
1043 3105 1308 3161 avunculo
1333 3107 1451 3178 ejus
1489 3107 1725 3176 Juliano,
1757 3127 1879 3166 cum
1928 3111 1998 3167 ab
2050 3126 2116 3168 eo

535 3187 999 3249 Antiochenorum
1037 3195 1266 3251 ecclesia
1297 3198 1550 3268 Spoliata,
1575 3211 1630 3256 et
1650 3201 1886 3273 religiosi
1913 3202 2114 3273 quique

2218 1976 2512 2036 Frontonis
2551 1983 2811 2053 episcopi,
2849 1985 2941 2055 qui
2995 1985 3181 2043 Romte
3218 2005 3249 2043 a
3288 1990 3450 2047 beato
3476 1991 3643 2050 Petro
3665 1994 3802 2049 ordi-

2217 2075 2412 2134 natus,
2461 2085 2585 2125 cum
2635 2069 2868 2144 Georgio
2919 2075 3237 2147 presbytero
3285 2080 3352 2134 ad
3399 2083 3801 2150 praedicandum

2216 2156 2566 2230 Evangelium
2611 2162 2813 2217 missus
2854 2171 2956 2218 est.
2985 2164 3228 2237 Cumque
3271 2170 3434 2225 tertio
3466 2171 3554 2227 die
3597 2172 3804 2229 itineris

2218 2249 2359 2305 idem
2384 2249 2650 2324 Georgius
2671 2262 3108 2325 essetmortuus,
3135 2273 3373 2316 maerens
3397 2261 3608 2319 Fronto
3631 2281 3804 2321 rever-

2215 2356 2308 2398 sus
2350 2352 2436 2398 est
2461 2344 2529 2398 ad
2565 2343 2906 2417 Apostolum,
2951 2359 3282 2422 acceptoque
3328 2352 3447 2424 ejus
3500 2355 3718 2423 baculo,
3751 2367 3800 2412 et

2216 2449 2379 2506 super
2399 2451 2597 2508 corpus
2617 2437 2854 2496 defuncti
2883 2442 3082 2512 posito,
3107 2445 3314 2501 socium
3343 2447 3410 2503 de
3453 2461 3634 2506 morte
3659 2467 3797 2508 rece-

2215 2526 2313 2597 pit.
2343 2526 2541 2598 Sicque
2591 2531 2659 2585 ad
2704 2532 3018 2603 praedictam
3065 2535 3340 2593 civitatem
3394 2540 3662 2608 veniens,
3696 2558 3800 2598 ma-

2215 2632 2375 2688 gnam
2411 2619 2590 2690 gentis
2618 2619 2764 2677 illius
2793 2623 3196 2683 multitudinem
3239 2629 3306 2683 ad
3349 2628 3635 2688 Christum
3683 2650 3800 2691 eon-

2215 2710 2398 2776 vertit,
2419 2719 2473 2766 et
2501 2712 2685 2769 multis
2710 2713 2990 2772 miraculis
3031 2716 3234 2786 clarus,
3264 2720 3318 2776 in
3345 2736 3485 2792 pace
3509 2726 3734 2795 quievit.

2217 2863 2224 2867 ,
2285 2799 2407 2870 Ipso
2425 2801 2511 2857 die
2534 2802 2737 2871 Romae,
2765 2805 2852 2860 via
2880 2805 3112 2876 Salaria,
3143 2812 3355 2877 natalis,
3379 2816 3800 2888 quadragintaet

2215 2899 2340 2947 octo
2364 2892 2617 2960 militum,
2662 2897 2754 2966 qui
2786 2887 2948 2954 simul
2995 2899 3254 2971 baptizati
3281 2919 3314 2959 a
3362 2904 3526 2961 beato
3553 2887 3800 2982 Dionysio

2215 2995 2372 3052 papa,
2400 2992 2456 3038 et
2476 2998 2626 3052 mox,
2651 2983 2875 3056 jubentc
2903 2987 3152 3058 Claudio,
3198 2993 3530 3066 imperatore
3561 2999 3802 3058 decoliati

2217 3080 2362 3129 sunt.
2392 3073 2633 3142 Quorum
2662 3093 2891 3150 corpora
2933 3091 3096 3138 noctu
3119 3085 3459 3158 collegerunt
3491 3090 3689 3150 beatus
3714 3093 3805 3150 ιιι.

2217 3165 2391 3221 stinus
2412 3168 2697 3239 presbyter
2727 3179 2781 3225 et
2808 3169 3067 3240 Joannes,
3091 3184 3146 3230 et
3176 3178 3512 3248 sepelierunt
3541 3184 3595 3239 in
3615 3198 3805 3258 crypta

534 3279 763 3336 fuissent
817 3284 932 3355 ejus
985 3294 1194 3345 terrore
1222 3260 1468 3362 dispersi,
1502 3260 1558 3349 in
1594 3260 1834 3351 Ecclesia
1881 3260 2112 3366 spoliata
2140 3269 2186 3335 (ἶ
2217 3272 2340 3366 Ἕω
2393 3260 2742 3366 mlilmudine.
2767 3262 3193 3366 Cbris‘ifuimiy
3217 3310 3232 3335 ’
3285 3270 3351 3366 ili
3382 3274 3468 3366 via
3497 3273 3702 3330 salaria
3746 3280 3803 3334 in

536 3374 738 3429 mansit
764 3376 1086 3458 intrepidus,
1116 3390 1278 3452 atque
1332 3385 1398 3441 ab
1440 3401 1505 3442 eo
1551 3388 1722 3443 teneri
1757 3387 1962 3456 jussus,
1993 3398 2118 3461 post

535 3463 748 3532 equulei
776 3455 1013 3537 poenam,
1040 3486 1105 3527 ac
1136 3474 1334 3531 multos
1356 3491 1420 3531 ac
1455 3476 1778 3534 durissimos
1818 3479 2112 3548 cruciatus,

533 3553 696 3610 etiam
719 3556 1053 3629 lampadibus
1078 3564 1219 3620 circa
1251 3566 1418 3623 latera
1444 3569 1723 3639 appositis,
1749 3568 2115 3629 inﬂammatus

533 3651 636 3700 est.
675 3645 781 3703 Sed
821 3649 906 3704 his
935 3653 1114 3708 divina
1158 3655 1358 3713 virtute
1385 3659 1692 3724 restinctis,
1738 3675 1861 3714 cum
1893 3661 2110 3729 milites,

532 3735 625 3807 qui
649 3751 742 3794 eas
775 3742 1045 3812 tenebant,
1077 3747 1394 3818 angelorum
1421 3753 1640 3820 aspectu
1673 3753 1846 3808 territi
1875 3753 2116 3809 ruissent

532 3827 590 3884 in
616 3827 830 3898 faciem,
858 3844 914 3890 et
937 3839 1223 3896 credentes
1247 3842 1303 3896 in
1330 3841 1566 3910 Christo,
1611 3844 1833 3915 impium
1871 3847 2114 3903 ministe-

533 3919 674 3975 rium
698 3935 1035 3993 recusarent,
1059 3926 1223 3996 jussit
1247 3945 1342 3987 eos
1360 3931 1606 3989 Julianus
1632 3934 1818 4007 pelago
1841 3937 2111 4010 immergi.

532 4007 739 4077 Quibus
764 4012 954 4071 beatus
1002 4016 1370 4078 Theodoretus
1392 4022 1504 4078 ait:
1535 4024 1850 4095 Praecedite,
1881 4007 2108 4098 fratres;

533 4114 634 4171 ego
656 4119 752 4160 vos
772 4120 1034 4176 superans
1064 4111 1339 4170 inimicum
1356 4131 1552 4187 sequar
1578 4119 1644 4172 ad
1672 4118 1977 4176 Dominum.
1994 4121 2113 4179 Sic-

531 4207 639 4263 que
673 4195 726 4250 in
756 4198 1096 4258 confessione
1139 4206 1456 4276 persistens,
1495 4218 1549 4263 et
1579 4211 1893 4282 prophetico
1916 4213 2110 4283 spiritu

531 4287 787 4358 repletus,
807 4291 1024 4351 Juliano
1051 4296 1344 4368 Apostatae,
1366 4317 1526 4371 quem
1557 4303 1698 4375 apud
1727 4305 2002 4362 Persidem
2028 4307 2110 4363 di-

526 4379 649 4435 vina
678 4383 879 4441 ultione
903 4387 1155 4457 incurrit,
1179 4393 1480 4462 przedicens
1510 4395 1815 4466 interitum,
1836 4399 2108 4460 occisione

525 4469 686 4542 gladii
720 4479 1041 4549 martyrium
1068 4487 1490 4542 consummavit.

592 4560 650 4616 ln
680 4563 969 4637 Hispaniis,
998 4573 1195 4629 natalis
1219 4584 1531 4632 sanctorum
1581 4578 1844 4636 Servandi
1874 4589 1929 4638 et
1963 4582 2101 4639 Ger-

521 4652 669 4706 mani
702 4669 717 4707 :
747 4656 841 4725 qui
867 4666 988 4727 post
1011 4661 1237 4718 verbera
1270 4667 1576 4735 squalorem
1605 4671 1864 4738 carceris,
1904 4682 1960 4728 et
1988 4673 2106 4729 sitis
2125 4644 2187 4706 PD

518 4755 586 4798 ac
627 4743 786 4801 famis
812 4747 1089 4818 injuriam,
1129 4761 1184 4808 et
1238 4754 1535 4828 longissimi
1587 4759 1797 4818 itineris
1842 4761 2100 4830 laborem,

519 4843 679 4902 quem
703 4834 927 4906 jubentc
950 4837 1176 4899 Viatore
1202 4846 1452 4916 praeside,
1476 4847 1626 4906 ferro
1657 4853 1838 4908 onusti
1868 4855 2103 4925 pertule-

407 4925 412 4928 ’
516 4930 676 4989 runt;
726 4927 1018 4985 novissime
1063 4935 1311 5006 martyrii
1359 4937 1442 4992 sui
1487 4953 1730 5007 cursum,
1755 4939 1902 4998 ferro
1945 4945 2103 5001 caesis

512 5015 836 5084 cervicibus,
875 5019 1251 5091 impleverunt.
1281 5025 1360 5080 Ex
1383 5027 1580 5097 quibus
1608 5030 1910 5089 Germanus
1933 5033 2096 5091 Eme-

512 5104 632 5162 rita:
672 5105 830 5176 juxta
882 5110 1102 5169 beatam
1143 5115 1409 5175 Eulaliam
1455 5123 1731 5194 sepultus;
1785 5124 2096 5186 Servandus

511 5212 642 5254 vero
685 5199 948 5273 Hispalim
995 5207 1313 5279 translatus,
1358 5213 1504 5270 circa
1546 5225 1767 5274 sanctas
1802 5217 2012 5277 iustam
2039 5229 2096 5278 et

511 5285 779 5348 Ruﬁnam
804 5295 1056 5354 conditus
1081 5308 1186 5357 est.

897 5411 958 5472 C.
990 5415 1064 5472 1X
1092 5416 1250 5476 KAL.
1291 5420 1712 5483 NOVEMBRIS.

1157 5510 1249 5583 (24
1285 5510 1428 5587 Oct.)

578 5616 639 5673 In
678 5607 937 5685 Venusia,
985 5623 1209 5683 civitate
1252 5627 1482 5699 Apuliae,
1537 5632 1734 5690 natalis
1775 5643 2088 5697 sanctorum

507 5707 706 5767 Felicis
735 5712 977 5788 episcopi
1004 5716 1238 5777 civitatis
1265 5719 1651 5793 Tubzocensis,
1673 5733 1730 5784 et
1747 5725 2006 5789 Audactis
2033 5739 2091 5790 et

579 5842 609 5876 ⁸
633 5830 710 5896 De
729 5833 835 5894 hoc
853 5835 911 5895 in
931 5837 1052 5900 Vita
1067 5836 1230 5908 iusti,
1253 5841 1291 5896 2
1318 5842 1470 5918 Sept.
1495 5843 1690 5906 Euseb.
1711 5845 1808 5908 lib.
1839 5863 1918 5920 tv,
1950 5863 2003 5907 c.
2023 5848 2083 5913 7.

2219 3348 2416 3406 clivum
2458 3352 2794 3422 Cucumeris,
2824 3372 2920 3413 vnt
2971 3357 3092 3415 Kal.
3131 3359 3474 3430 Novembris,
3502 3366 3590 3422 ubi
3628 3370 3806 3438 positi

2216 3449 2421 3496 suntet
2448 3441 2540 3498 alii
2571 3453 2840 3516 martyres
2883 3458 3099 3506 centum
3155 3452 3345 3523 viginti
3386 3465 3440 3510 et
3469 3472 3624 3513 unus.
3659 3457 3805 3515 Inter

2215 3547 2351 3602 quos
2394 3533 2617 3592 fuerunt
2658 3547 2890 3608 quatuor
2934 3541 3133 3600 milites
3175 3543 3401 3613 Christi,
3439 3546 3802 3617 Theodosius,

2214 3622 2433 3692 Lucius,
2466 3625 2682 3684 Marcus
2722 3637 2777 3686 et
2803 3629 3016 3688 Petrus.
3039 3631 3119 3695 ili
3143 3634 3388 3693 videntes
3417 3637 3483 3693 ad
3514 3655 3576 3695 se
3613 3644 3804 3697 venire

2213 3722 2476 3781 armatos,
2505 3717 2767 3788 rogabant
2793 3727 2854 3774 ut
2880 3721 3040 3792 primi
3075 3722 3494 3783 decollarentur.
3525 3728 3802 3802 Scriptum

2213 3802 2269 3856 in
2295 3805 2548 3875 passione
2574 3819 2886 3868 sanctorum
2913 3821 3218 3886 martyrum
3242 3817 3406 3887 Sixti,
3438 3819 3732 3880 Laurentii
3754 3833 3804 3880 et

2215 3893 2509 3971 Hippolyti.

2582 3971 2644 4027 Ε.
2688 3972 2777 4030 VII
2814 3973 2974 4030 KAL.
3015 3975 3430 4038 NOVEMBRIS.

2867 4067 2959 4139 (se
2998 4069 3143 4142 οει.)

2282 4151 2437 4223 Apud
2467 4154 2731 4224 Africam,
2772 4160 2966 4216 natalis
3009 4172 3322 4222 sanctorum
3353 4178 3669 4242 martyrum
3703 4174 3807 4230 Ro-

2211 4243 2412 4314 gatiani
2441 4248 2767 4320 presbyteri,
2808 4260 2864 4306 et
2904 4251 3245 4323 Felicissimi,
3283 4257 3373 4328 qui
3421 4267 3809 4330 persecutione

2210 4331 2362 4390 Decii
2389 4346 2444 4391 et
2472 4335 2768 4406 Valeriani,
2805 4339 3001 4398 illustri
3055 4354 3181 4401 sunt
3206 4349 3467 4420 martyrio
3525 4357 3804 4412 coronati.

2209 4422 2288 4480 De
2313 4425 2509 4496 quibus
2528 4428 2693 4484 etiam
2717 4431 2909 4488 scribit
2929 4433 3120 4493 beatus
3149 4437 3449 4510 Cyprianus
3475 4441 3532 4497 in
3554 4443 3806 4516 Epistula

2209 4518 2276 4574 ad
2297 4520 2660 4590 confessores,
2693 4524 2777 4581 his
2806 4527 2987 4584 verbis
3019 4546 3032 4584 :
3071 4527 3139 4585 Ut
3165 4534 3479 4603 sequamini,
3511 4535 3725 4608 inquit,
3754 4542 3808 4596 in

2209 4610 2448 4666 omnibus
2477 4611 2834 4684 Rogatianum
2877 4618 3234 4690 presbyterum
3259 4619 3543 4692 gloriosum
3598 4645 3802 4694 cenent,

2209 4701 2347 4755 viam
2387 4702 2528 4758 vobis
2558 4706 2627 4759 ad
2653 4705 2876 4776 gloriam
2903 4711 3150 4780 temporis
3187 4703 3354 4766 nostri
3393 4714 3645 4785 religiosa
3703 4721 3808 4774 eir-

2207 4799 2316 4847 tute
2343 4803 2390 4847 et
2419 4794 2595 4850 divina
2623 4797 2928 4868 dignatione
2975 4799 3271 4870 facientem,
3303 4804 3392 4875 qui
3426 4821 3546 4859 cunt
3574 4805 3810 4864 Felicis-

2205 4882 2338 4938 simo
2368 4882 2535 4954 fratre
2561 4897 2738 4942 nostra
2787 4888 2962 4960 quieto
3008 4906 3210 4962 semper
3248 4902 3300 4948 et
3323 4896 3500 4949 sobrio
3529 4900 3805 4970 excipiens

2206 4974 2500 5045 ferocientis
2527 4979 2708 5051 populi
2755 4981 3023 5053 impetum,
3055 4985 3282 5054 primum
3328 4985 3474 5042 vobis
3509 4988 3806 5059 hospitium

2202 5067 2260 5120 in
2289 5085 2498 5125 carcere
2521 5073 2866 5142 prwparavit,
2895 5083 2945 5129 et
2970 5085 3196 5131 metator
3216 5067 3612 5148 quodammodo
3633 5093 3809 5136 vester

2203 5175 2341 5214 nunc
2364 5178 2566 5234 quoque
2597 5179 2686 5219 vos
2710 5165 2987 5221 antecedit.

2269 5248 2724 5310 Commemoratio
2755 5255 2934 5328 agitur
2973 5257 3089 5328 ipsa
3117 5258 3204 5315 die
3234 5268 3552 5317 sanctorum
3579 5264 3807 5333 episco-

2195 5356 2388 5412 porum
2411 5343 2633 5402 Vedasti
2655 5355 2710 5402 et
2734 5348 2994 5416 Amandi,
3021 5365 3251 5420 quorum
3275 5351 3387 5409 vita
3410 5361 3469 5410 et
3499 5370 3650 5411 mors
3670 5356 3806 5428 plu~

2198 5435 2354 5494 rimis
2381 5439 2570 5497 existit
2590 5441 2868 5499 miraculis
2902 5441 3154 5516 gloriosa.

2576 5550 2642 5608 Ε.
2677 5551 2746 5609 γι
2783 5554 2940 5612 ΚΑΙ..
2983 5555 3395 5617 NOVEMBRIS.

2848 5650 2940 5723 (27
2972 5649 3115 5725 Oct.)

2261 5733 2322 5792 In
2348 5733 2643 5809 Hispaniis,
2672 5737 2844 5798 Abela
2865 5741 3086 5801 civitate
3101 5745 3296 5804 natalis
3317 5747 3807 5822 sanctorumﬁin-

2267 5851 2299 5895 ιι
2338 5851 2557 5912 Sozom.
2587 5853 2682 5914 lib.
2703 5871 2759 5927 v,
2780 5871 2904 5929 cap.
2932 5858 2988 5914 7.
