3962 6366
153 453 268 509 385

847 441 1448 535 MARTYROLQGIUM
1482 440 1627 500 CUM
1663 436 2194 503 ADDITAMENTIS.
2235 477 2303 490 --
2344 445 2552 533 MENS.
2591 446 2748 505 OCT.

3320 448 3432 506 386

152 565 355 632 centii,
417 563 633 619 Sabina
675 569 732 618 et
775 559 1094 628 Cltristetes,
1150 563 1244 634 qui
1285 560 1464 634 primo
1509 559 1646 616 adeo
1687 557 1746 614 in
1771 550 2080 618 Adesertis
2121 561 2255 618 locis
2299 572 2463 634 atque
2503 563 2689 636 agellis
2735 561 3117 620 secretioribus
3158 563 3432 622 delitescit

152 657 394 729 equuleo
423 664 551 712 sunt
579 654 788 710 extenti
817 663 896 710 -ut
919 670 1113 712 omnes
1139 669 1430 727 compages
1467 653 1743 709 membro-

152 768 290 809 rum
312 765 499 808 eorum
522 749 869 814 laxarentur;
912 747 1108 804 deinde
1131 747 1310 819 capita
1339 761 1526 803 eorum
1554 743 1747 816 lapidi-

150 846 265 900 bus
303 841 597 915 supposita,
623 854 796 912 usque
816 838 885 896 ad
907 839 1283 896 excussionem
1322 838 1533 895 cerebri
1553 836 1746 893 validis

153 936 407 993 vectibus
425 943 554 990 sunt
583 942 841 998 contusa;
871 941 1035 1002 atque
1064 930 1139 986 ita
1159 929 1481 1002 martyrium
1507 927 1746 1000 comple-

151 1033 380 1090 verunt,
412 1030 605 1096 agente
625 1020 856 1094 praside
882 1020 1139 1076 Daciano.

226 1116 437 1173 Eodem
477 1114 565 1171 die
591 1113 733 1184 apud
757 1111 890 1184 Tyle
925 1119 1187 1178 castrum,
1212 1111 1394 1168 natale
1415 1113 1591 1168 sancti
1620 1110 1744 1166 Flo-

153 1206 326 1265 rentii
359 1203 632 1276 martyris.

227 1299 439 1364 Roma,
465 1297 697 1354 Evaristi
725 1310 750 1338 ι
800 1312 972 1368 papa,
1012 1297 1105 1368 qui
1150 1296 1291 1353 sedit
1327 1296 1382 1352 in
1423 1297 1740 1368 episcopatu

156 1407 332 1448 annos
378 1404 591 1456 novem,
623 1398 679 1446 et
721 1389 822 1444 sub
856 1388 1090 1460 Trajano
1119 1389 1382 1461 martyrio
1427 1397 1738 1457 coronatus,

155 1481 402 1554 sepultus
422 1489 508 1536 est
535 1479 591 1534 in
622 1479 905 1536 Vaticano.

229 1573 434 1632 Eodem
462 1573 582 1640 die,
623 1571 806 1643 vigilia
830 1580 1195 1643 apostonorum
1223 1571 1462 1628 Simonis
1483 1581 1541 1628 et
1564 1569 1590 1627 J
1600 1571 1737 1627 uda.

539 1685 605 1742 G.
647 1685 692 1742 γ
732 1685 886 1740 KAL.
927 1684 1348 1742 NOVEMBRIS.

824 1777 915 1848 (9.8
941 1776 1084 1848 Oct.)

230 1873 436 1930 Natalis
461 1879 772 1928 sanctorum
803 1869 1041 1926 Simonis
1073 1879 1130 1925 et
1157 1869 1308 1925 Juda
1330 1870 1380 1923 ι).

1853 652 2012 708 annis
2055 668 2218 724 quam
2254 653 2522 724 plurimis.
2551 655 2623 712 At
2667 669 2774 711 non
2829 654 2918 711 ille
2961 670 3188 728 magnus
3228 655 3428 714 divina

1850 744 2204 816 providentia
2231 745 2421 802 oculus
2439 746 2670 817 quiescit
2693 747 2746 802 in
2770 746 3012 820 longum,
3039 745 3134 803 sed
3156 746 3212 802 in
3233 746 3428 820 impios

1849 835 2108 892 ultionem
2137 851 2234 908 per
2253 851 2318 894 ea
2343 837 2458 908 ipsa
2485 854 2606 909 quae
2633 838 2736 894 sibi
2761 839 2816 894 in
2843 837 3096 911 perjuriis
3121 848 3430 897 statuerant

1849 925 2136 982 maledicta
2158 926 2397 982 molitur.
2429 927 2644 984 Primus
2665 944 2900 1000 namque
2931 929 3022 986 ille
3050 931 3224 998 testis,
3259 946 3426 1002 parva

1849 1017 1991 1091 ignis
2035 1017 2269 1074 scintilla
2312 1019 2487 1075 noctis
2526 1027 2770 1092 tempore
2803 1023 2965 1077 domo
3013 1037 3112 1077 sua
3139 1036 3424 1088 succensa,

1849 1125 1970 1166 cum
1995 1111 2141 1166 omni
2166 1125 2365 1182 genere
2387 1120 2444 1167 et
2475 1111 2622 1168 omni
2649 1112 2856 1168 familia
2891 1112 3121 1168 flammis
3144 1112 3427 1168 ultricibus

1850 1200 2230 1274 conﬂagratur.
2262 1203 2414 1258 Alius
2444 1212 2666 1274 repente
2712 1203 2781 1260 ab
2821 1205 2944 1260 imis
2980 1205 3206 1275 pedibus
3253 1220 3424 1276 usque

1848 1295 1915 1352 ad
1943 1311 2215 1351 summum
2245 1296 2438 1368 capitis
2457 1297 2740 1363 verticem,
2765 1298 2954 1353 morbo
2978 1299 3146 1370 regio,
3177 1312 3285 1368 quo
3311 1297 3426 1353 fue-

1847 1397 1933 1444 rat
1957 1388 2309 1460 imprecatus,
2337 1390 2577 1460 repletur
2603 1401 2768 1462 atque
2797 1392 3156 1449 consumitur.
3206 1391 3423 1450 Tertius

1848 1487 2028 1536 autem
2062 1480 2302 1551 priorum
2328 1481 2551 1537 exitium
2580 1481 2770 1538 videns
2789 1522 2804 1548 ,
2831 1491 2885 1539 et
2931 1481 3144 1538 oculum
3181 1482 3423 1538 divinum

1846 1588 1957 1628 non
1976 1570 2198 1630 latuisse
2219 1573 2575 1644 perspiciens,
2608 1573 2853 1644 prorupit
2882 1573 2936 1628 in
2963 1573 3222 1638 medium,
3253 1581 3310 1627 et
3333 1587 3425 1626 au-

1847 1664 2119 1721 dientibus
2165 1666 2398 1731 cunctis,
2439 1681 2562 1722 sera
2590 1666 2924 1738 paenitentia,
2954 1666 3266 1722 universum
3296 1681 3424 1722 con-

1847 1758 2052 1814 cinnati
2082 1759 2302 1815 sceleris
2322 1759 2566 1815 ordinem
2597 1759 2802 1830 pandit.
2830 1758 3018 1816 Tantis
3042 1769 3223 1815 autem
3249 1759 3422 1831 lacry-

1852 1850 1956 1906 mis
1979 1850 2231 1907 immanis
2264 1852 2539 1908 commissi
2582 1851 2794 1907 facinus
2821 1850 3000 1918 deﬂet,
3044 1859 3101 1906 et
3129 1852 3182 1906 in
3214 1860 3421 1908 tantutn

229 1967 433 2033 Roma,
463 1975 665 2023 sancta
703 1963 942 2038 Cyrum,
990 1961 1115 2019 ﬁlia,
1147 1963 1293 2019 Decii
1336 1961 1587 2028 omnis,
1619 1976 1738 2032 qua,
1770 1910 1821 1972 Β
1847 1943 1934 1999 die
1962 1953 2234 2015 noctuque
2267 1945 2528 2016 perdurat
2555 1945 2610 2000 in
2641 1943 2875 2011 fletibus,
2903 1959 3181 2038 usquequo
3209 1943 3423 2038 luminis

160 2059 261 2116 sub
289 2057 516 2114 Claudio
543 2057 792 2128 principe
814 2054 1060 2128 jugulata
1106 2063 1163 2112 et
1186 2064 1376 2111 necata
1409 2063 1494 2110 est
1537 2054 1738 2126 gladio,

158 2168 222 2208 ac
241 2151 448 2224 sepulta
465 2166 498 2206 a
518 2149 732 2207 Justino
751 2151 1072 2222 presbytero
1104 2164 1227 2207 cum
1248 2159 1422 2206 matre
1445 2164 1562 2216 sua,
1584 2148 1738 2220 juxta

159 2252 403 2301 sanetum
433 2242 799 2316 Hippolytum.

527 2357 592 2414 Α.
633 2356 699 2412 ιν
741 2357 898 2414 ΚΑΙ...
940 2357 1352 2416 NOVEMBRIS.

820 2452 914 2523 (29
939 2452 1083 2526 Oct.)

236 2543 444 2600 Natalis
483 2544 627 2601 beati
663 2544 906 2600 Narcissi
946 2544 1442 2617 Hierosolymorum
1479 2544 1740 2617 episcopi.

167 2637 272 2692 viri
301 2639 600 2702 sanctitate,
629 2647 682 2694 et
711 2638 999 2709 patientia,
1029 2654 1094 2694 ac
1143 2639 1250 2693 fide
1300 2637 1606 2694 laudabilis.
1637 2638 1739 2693 Ac-

163 2728 298 2784 cidit
320 2739 344 2769 ο
375 2728 660 2800 aliquando
684 2731 738 2784 in
777 2731 864 2786 die
907 2730 1133 2785 solemni
1158 2730 1464 2803 vigiliarum
1495 2730 1737 2798 Pascha,

161 2822 338 2879 oleum
363 2823 518 2879 desse
552 2824 944 2891 luminaribus;
987 2840 1217 2895 cumque
1242 2824 1295 2880 id
1333 2840 1431 2896 per
1459 2825 1741 2882 ministros

159 2917 501 2984 innotuisset,
529 2932 732 2974 maror
758 2919 940 2990 populi
987 2919 1256 2974 maximus
1294 2918 1397 2974 fuit
1427 2935 1442 2986 ;
1480 2919 1576 2976 sed
1606 2917 1743 2974 Nar-

159 3007 332 3064 cissus
369 3007 425 3063 in
459 3008 568 3064 fide
609 3008 905 3075 confidens,
947 3009 1217 3066 ministris
1260 3009 1494 3080 imperat
1522 3009 1743 3066 haurire

157 3115 376 3171 aquam,
401 3100 614 3174 sibique
637 3101 882 3170 deferre;
913 3118 1143 3172 cumque
1169 3102 1438 3169 tulissent,
1469 3102 1662 3168 oravit,
1687 3109 1745 3159 et

160 3194 439 3250 benedixit
473 3210 693 3266 aquam,
721 3205 776 3251 et
811 3195 1017 3251 infundi
1064 3195 1422 3252 luminaribus
1461 3196 1737 3267 pracepit.

159 3287 315 3346 Tunc
343 3298 564 3360 repente
605 3289 746 3346 miro
775 3300 831 3346 et
856 3290 1070 3346 saculis
1108 3290 1353 3347 inaudito
1385 3304 1584 3363 genere
1627 3290 1740 3344 vir-
1767 3296 1816 3362 ο

159 3390 269 3447 tus,
293 3389 487 3436 natura
516 3381 569 3437 in
605 3383 984 3455 pinguedinem
1035 3383 1138 3440 olei
1167 3399 1345 3449 versa,
1398 3382 1740 3454 splendorem

159 3472 422 3529 luminum
445 3472 612 3528 etiam
646 3473 806 3530 solito
836 3474 1068 3530 reddidit
1112 3473 1419 3530 clariorem.
1469 3476 1551 3530 Ad
1580 3473 1740 3529 fidem

157 3575 342 3622 autem
373 3566 472 3632 rei,
518 3581 549 3620 a
578 3565 826 3637 plurimis
871 3567 1245 3639 religiosorum
1279 3569 1508 3622 fratrum
1545 3583 1612 3623 ex
1647 3551 1740 3623 eo-

159 3659 281 3714 dem
311 3657 450 3722 oleo,
478 3657 624 3728 quod
649 3672 866 3714 versum
894 3660 960 3714 de
987 3674 1126 3730 aqua
1174 3658 1375 3726 fuerat,
1407 3669 1740 3716 reservatum

157 3756 264 3804 est.
291 3745 344 3803 Is
372 3763 608 3818 namque
638 3763 762 3804 cum
810 3749 954 3806 inter
981 3760 1178 3806 catcra
1229 3751 1488 3807 virtutum
1521 3769 1739 3807 suarum

156 3841 300 3896 bona
332 3848 477 3896 esset
499 3840 655 3897 valde
681 3841 982 3898 constantis
1011 3843 1200 3908 animi,
1237 3851 1291 3898 et
1338 3843 1469 3914 justi
1503 3845 1744 3915 rectique

158 3930 613 3988 indeclinabiliter
663 3943 824 3988 tenax
879 3933 1098 4004 quidam
1147 3935 1460 3991 homunculi
1509 3951 1740 4006 nequam

156 4022 304 4078 male
331 4023 435 4079 sibi
460 4024 700 4091 conscii,
748 4033 1049 4081 metuentes
1087 4041 1154 4082 ne
1189 4028 1478 4083 criminum
1520 4043 1741 4085 suorum

155 4115 206 4172 si
226 4125 605 4188 arguerentur,
629 4133 735 4173 non
757 4127 979 4189 possent
1004 4118 1239 4190 effugere
1261 4121 1575 4189 vindictam,
1605 4137 1744 4191 pra-

155 4206 389 4264 veniunt
431 4207 774 4266 factionibus
802 4218 856 4265 et
912 4210 1308 4266 circumvenire
1356 4221 1549 4283 parant
1595 4228 1746 4279 eum,

154 4299 316 4370 cujus
330 4299 596 4369 judicium
623 4302 972 4359 verebantur.
995 4303 1339 4360 Concinnant
1365 4305 1528 4375 igitur
1554 4305 1748 4361 adver-
1849 4373 1854 4384 ι

155 4407 256 4449 sus
285 4407 410 4448 eum
459 4393 659 4449 infame
710 4395 846 4451 satis
901 4405 956 4451 et
991 4396 1214 4451 noxium
1265 4397 1494 4453 crimen.
1536 4397 1746 4456 Conve-

155 4483 320 4541 niunt
345 4484 653 4553 auditores;
679 4495 841 4543 testes
863 4502 930 4542 ex
961 4488 1268 4558 semetipsis
1293 4490 1620 4562 producunt,
1650 4493 1742 4563 qui

157 4579 264 4636 sub
311 4582 635 4636 sacramenti
655 4580 989 4650 iuramento,
1033 4598 1155 4653 qua
1190 4581 1586 4652 objiciebantur
1612 4601 1740 4642 con-

1842 2038 1944 2094 bus
1978 2039 2281 2094 orbaretur.
2319 2037 2382 2093 Hi
2424 2038 2589 2110 igitur
2628 2038 2869 2109 figmenti
2917 2038 3000 2092 sui
3050 2037 3420 2108 hujuscemodi

1842 2150 2031 2206 poenas
2063 2134 2347 2190 dederunt.
2380 2131 2664 2188 Narcissus
2705 2147 2836 2188 vero
2864 2147 2987 2186 cum
3038 2131 3114 2186 ita
3148 2131 3420 2186 desertum

1840 2226 2108 2298 petiisset,
2137 2241 2202 2282 ac
2226 2225 2361 2282 locis
2389 2224 2777 2281 secretioribus
2803 2239 2860 2280 se
2886 2223 3201 2288 abdidisset,
3229 2229 3289 2276 ut
3331 2220 3420 2275 ubi

1836 2316 1949 2388 jam
1975 2317 2217 2389 degeret,
2247 2317 2427 2372 nullus
2449 2323 2765 2388 agnosceret
2793 2331 2807 2381 ;
2839 2314 3204 2370 necessarium
3246 2313 3421 2368 visum

1842 2419 1926 2469 est
1980 2411 2247 2482 episcopis
2284 2419 2346 2465 ut
2396 2408 2561 2464 alium
2605 2423 2703 2480 pro
2750 2409 2866 2480 ipso
2907 2407 3241 2472 ordinarent,
3273 2404 3424 2474 cujus

1842 2519 2039 2562 nomen
2088 2512 2209 2560 erat
2255 2503 2409 2570 Dius,
2433 2503 2628 2573 cuique
2655 2501 2800 2575 (cum
2825 2516 2991 2572 parvo
3021 2509 3262 2571 tempore
3287 2514 3423 2570 pra-

1842 2597 2037 2653 fuisset
2063 2593 2340 2668 Ecclesia)
2385 2593 2624 2650 succedit
2654 2592 2966 2658 Germanic,
2995 2599 3050 2647 et
3077 2589 3421 2646 Germanioni

1842 2687 2104 2754 Cordius;
2154 2703 2279 2744 cum
2308 2699 2436 2743 ecce
2480 2686 2660 2742 subito
2694 2684 2841 2740 velut
2880 2683 3150 2739 redivivus
3178 2683 3422 2752 caeloque

1842 2781 2086 2838 redditus
2102 2794 2170 2835 ex
2209 2777 2502 2850 improviso
2525 2776 2775 2849 apparuit
2801 2775 3113 2840 Narcissus;
3143 2782 3198 2830 et
3235 2789 3421 2828 rursus

1843 2892 1875 2932 a
1894 2875 2157 2932 fratribus
2183 2875 2250 2930 ad
2267 2873 2661 2946 prasidendum
2678 2880 2901 2944 rogatur
2937 2869 3196 2926 ecclesia.
3222 2870 3418 2925 Verum

1843 2985 1968 3027 cum
1997 2969 2113 3040 ipse
2154 2967 2269 3038 jam
2320 2967 2471 3024 senio
2513 2965 2710 3032 fessus,
2742 2965 3088 3036 pontificatus
3117 2963 3419 3020 ministerio

1845 3060 2092 3119 sufﬁcere
2118 3075 2224 3116 non
2253 3067 2455 3132 posset,
2483 3057 2851 3114 Alexandrum
2873 3055 2965 3126 qui
2987 3055 3099 3127 jam
3135 3053 3422 3126 episcopus

1843 3164 1991 3212 esset
2025 3153 2247 3211 alterius
2273 3152 2401 3220 loci,
2429 3151 2610 3207 divina
2637 3148 2970 3222 dispensatio
3009 3148 3065 3204 in
3092 3147 3417 3218 adjutorium

1845 3248 1992 3306 senis
2019 3245 2441 3304 evidentissimis
2475 3243 2896 3300 revelationibus
2921 3241 3154 3298 vocavit.
3186 3239 3425 3312 Expletis

1846 3349 2024 3396 autem
2073 3347 2287 3396 centum
2336 3345 2392 3393 et
2441 3335 2676 3392 sedecim
2720 3335 2898 3400 annis,
2932 3333 3118 3389 relicta
3165 3330 3293 3387 sede
3325 3330 3422 3402 ipsi

1843 3430 2174 3498 Alexandro,
2217 3430 2452 3486 fructum
2497 3428 2742 3484 laborum
2773 3442 2992 3484 suorum
3021 3440 3050 3480 a
3091 3423 3315 3480 Domino
3343 3439 3425 3478 re-

1846 3525 2009 3594 cepit.

1816 3634 1822 3641 ·
1915 3615 2038 3687 lpso
2065 3614 2175 3680 die,
2203 3613 2345 3684 apud
2377 3611 2634 3668 Sidonem
2659 3610 2872 3675 urbem,
2902 3608 3098 3664 natalis
3127 3608 3300 3664 sancti
3325 3607 3424 3662 Ze:

1847 3708 1992 3766 nobii
2017 3707 2044 3748 ά
2104 3705 2451 3778 presbyteri,
2505 3704 2598 3775 qui
2664 3702 3042 3774 persecutione
3106 3697 3426 3756 Diocletiani

1847 3797 2113 3872 martyrio
2145 3807 2454 3853 coronatur.

1917 3893 1976 3947 ln
2005 3890 2198 3957 Gallia,
2224 3889 2430 3946 Vienna
2459 3896 2701 3955 cmtate,
2727 3885 2990 3958 depositio
3018 3883 3191 3941 sancti
3214 3899 3276 3940 ac
3301 3883 3427 3938 bea-

1849 3983 2042 4042 tissimi
2056 3983 2364 4049 Theodarii,
2387 3981 2600 4039 abbatis
2613 3988 2668 4037 et
2687 3979 3041 4045 confessoris;
3067 3986 3121 4034 et
3142 3975 3426 4032 translatio

1848 4073 2020 4145 ipsius
2049 4073 2103 4129 in
2132 4073 2252 4129 loco
2273 4071 2364 4127 ubi
2392 4073 2589 4129 dicitur
2610 4070 2764 4128 vallis
2787 4069 3052 4142 Rupiana,
3077 4084 3130 4124 tv
3158 4065 3424 4124 Kalendas

1848 4167 2191 4225 Novembris.

2235 4279 2297 4335 Β.
2329 4279 2396 4335 lfl
2432 4278 2590 4336 KAL.
2621 4277 3029 4337 NOVEMBRIS.

2522 4396 2590 4451 50
2631 4393 2773 4464 Oct.)

2522 4397 2590 4451 50
2631 4397 2747 4449 Oct.

1919 4491 2150 4547 Civitate
2177 4397 2711 4561 Tingitanafpassio
2747 4397 2918 4541 sancti
2967 4484 3201 4540 Marcelli
3231 4493 3424 4541 centu-

1847 4585 2038 4649 rionis,
2077 4583 2382 4655 quicapitis
2403 4579 2708 4638 abscisione
2729 4578 3047 4649 martyrium
3085 4592 3429 4633 consumma-

157 4669 463 4727 firmarent.
491 4671 732 4740 Quorum
758 4689 898 4730 unus
926 4675 1080 4730 testis
1109 4675 1202 4741 ita,
1233 4691 1303 4733 ne
1329 4677 1438 4748 igni
1461 4695 1741 4736 consume-
1765 4656 1824 4718 Ῑ)
1854 4676 2368 4748 vit,subAgricolao
2383 4683 2576 4748 agente
2593 4675 2742 4730 vices
2755 4673 3134 4745 praefectorum
3151 4672 3425 4743 praetorio.

157 4771 332 4829 retur,
363 4779 494 4821 vera
525 4781 584 4821 se
599 4765 780 4823 dicere
805 4769 1131 4824 testabatur.
1159 4769 1312 4826 Alius
1343 4771 1438 4837 ita,
1492 4787 1560 4828 ne
1594 4773 1743 4845 regio

156 4859 355 4916 morbo
378 4868 836 4930 corrumperetur.
871 4858 1086 4917 Tertius
1115 4861 1210 4928 ita,
1235 4877 1302 4918 ne
1324 4861 1620 4922 luminibus
1647 4880 1743 4921 or-

156 4954 404 5010 baretur.
445 4952 515 5010 Et
557 4954 807 5024 quamvis
847 4969 948 5010 nec
989 4954 1317 5025 juramentis
1363 4955 1580 5025 quidem
1627 4957 1746 5013 istis

158 5046 448 5116 quisquam
478 5045 714 5101 fidelium
746 5054 804 5101 et
829 5045 1112 5102 Dominum
1147 5047 1451 5102 timentium
1477 5049 1743 5117 crederet,

159 5151 228 5193 eo
266 5136 411 5208 quod
445 5136 558 5192 vita
592 5135 832 5193 Narcissi
865 5148 920 5194 et
952 5137 1244 5206 institutio,
1275 5155 1340 5196 ac
1367 5141 1642 5210 pudicitia,
1675 5142 1746 5198 ab

157 5230 417 5286 omnibus
461 5229 956 5302 nosceretur;ipse
994 5239 1173 5287 tamen
1219 5247 1406 5288 eorum
1451 5249 1570 5304 qua
1598 5243 1741 5290 mota

159 5327 292 5378 sunt
331 5319 704 5392 indignitatem
752 5336 818 5377 ac
860 5321 1164 5378 molestiam
1195 5339 1303 5379 non
1340 5322 1556 5391 ferens,
1585 5324 1741 5380 simul

159 5420 219 5469 et
248 5422 516 5469 secretam
543 5428 610 5469 ac
649 5413 1080 5492 pltilosophicam
1110 5413 1276 5470 vitam
1308 5430 1521 5486 semper
1545 5414 1746 5472 habere

161 5507 501 5575 desiderans,
532 5505 859 5580 subterfugit
895 5510 1137 5567 ecclesia
1165 5511 1586 5580 multitudinem,
1615 5513 1743 5568 etin

235 5654 264 5718 ξ
302 5641 504 5718 Euseb.
530 5642 569 5701 l.
597 5661 684 5712 tu,
713 5661 763 5702 c.
790 5645 882 5703 ‘54.
915 5646 1164 5704 Pontitlc.
1189 5663 1308 5718 cap.
1334 5648 1385 5704 6.

237 5715 265 5756 1³
306 5717 442 5773 Vide
463 5717 558 5791 lib.
574 5718 650 5791 de
668 5718 817 5776 Fest.
837 5718 1024 5790 Apost.
1044 5719 1119 5774 De
1143 5735 1206 5775 ea
1228 5715 1280 5776 in
1301 5721 1552 5791 passione
1575 5725 1749 5783 sancti

154 5787 543 5862 Laurentqﬁfi
557 5788 696 5862 Aug.

239 5873 260 5899 σε
305 5859 504 5917 Euseb.
533 5861 627 5918 lib.
651 5859 730 5930 ἰοί,
757 5878 808 5917 c.
838 5861 906 5918 78
931 5869 990 5918 et
1010 5862 1064 5919 9.
1096 5861 1294 5921 Rufﬂn.

1922 4770 2080 4842 Apud
2105 4769 2366 4835 Africam,
2409 4767 2602 4823 natalis
2629 4775 2932 4838 martyrum
2961 4779 3189 4824 numero
3232 4763 3429 4819 ducen-

1854 4872 2032 4921 torum
2061 4873 2116 4919 et
2156 4862 2364 4936 viginti.

1922 4955 2078 5028 Apud
2100 4954 2466 5021 Antiochiam,
2482 4953 2627 5011 beati
2650 4951 2962 5024 Serapionis
2984 4963 3009 4994 ο
3031 4950 3290 5023 episcOpi,
3308 4964 3430 5006 eru-

1855 5059 1955 5118 diti
1976 5057 2079 5114 viri
2110 5065 2165 5113 et
2190 5054 2294 5110 fide
2324 5051 2633 5109 clarissimi.

2145 5194 2208 5252 C.
2249 5191 2476 5251 PRlDlE
2513 5190 2670 5247 KAL.
2713 5186 3131 5249 NOVEMBRIS.

2507 5305 2592 5377 (δι
2639 5303 2784 5374 οει.)

1919 5421 2128 5488 Roma,
2183 5417 2362 5476 natale
2402 5416 2546 5474 beati
2578 5415 2810 5471 Nemesii
2858 5411 3090 5470 diaconi.
3124 5416 3179 5464 et
3211 5403 3434 5462 Lucilla

1854 5515 1974 5571 filia
2003 5513 2120 5583 ejus
2148 5512 2166 5552 τ
2203 5527 2339 5582 quos
2367 5516 2587 5565 sanctus
2627 5504 2872 5578 pontifex
2920 5501 3228 5571 Stephanus
3258 5494 3429 5565 bapti-

1921 5649 1948 5690 δ
1991 5645 2185 5704 Euseb.
2217 5645 2310 5701 lib.
2337 5659 2460 5710 Vlll,
2487 5659 2532 5697 c.
2566 5641 2658 5698 25.
2802 5709 2813 5710 ί
2896 5707 2927 5710 _
2995 5708 3043 5710 η
3340 5650 3399 5710 Ἀ
3455 5673 3474 5688 .

1876 5797 1886 5812 Ί
1929 5720 2196 5812 {Euseb‘
2218 5717 2312 5772 lib.
2341 5733 2396 5781 v,
2425 5705 2477 5812 et.
2508 5711 2770 5812 l§let‘2.l.
2799 5707 2942 5766 Buff.
2985 5708 3070 5764 i9.
3109 5705 3329 5764 Hieron.
3367 5707 3433 5760 de

1857 5785 2606 5918 ⁵⁴³ῑ¹¹ἰξέῑῆξ¹ςςι⁴ὶῖ3λέὲςιὲιὲ
2637 5784 2895 5924 ἓῗέίιιιευιῖ
2932 5868 3100 5922 νεηνίην
3126 5851 3164 5906 θ
3185 5850 3320 5918 λησ-
