3962 6366
563 387 701 479 Αέἓῖ

1598 390 1659 445 s.
1692 387 1947 480 ADONlS
1984 386 2425 469 secumrtsc.
2468 386 2876 463 vtENNENsts
3670 400 3765 485 Δἔφη

598 472 773 585 3attrit;
801 504 999 575 quippe
1022 503 1196 574 ipsum
1224 500 1534 558 Nemesium
1560 500 1848 556 diaconum
1879 477 2184 564 constituit,
2213 513 2262 575 Α
2289 512 2504 569 semper
2528 480 2746 575 deserui
2771 476 3163 565 veritatem,'e't
3200 472 3765 573 eﬁ‘udi

596 587 937 677 temporibus
961 593 1231 651 Valeriani
1279 603 1335 649 et
1364 591 1629 658 Gallieni;
1686 591 1779 663 qui
1830 590 2191 646 decreverunt

600 698 665 745 ut
707 687 1014 758 ubicunque
1063 686 1313 740 inventus
1362 682 1554 738 fuisset
1599 680 1905 747 Nemesius,
1935 680 2054 738 sine
2097 694 2191 734 an-

603 778 808 837 dientia
846 778 1147 849 puniretur.
1206 775 1489 831 Nemesius
1533 782 1717 830 autem
1764 772 1968 830 Christi
2016 771 2193 845 gratia

603 866 915 937 roboratus,
949 868 1214 927 circuibat
1234 878 1478 941 cryptas,
1523 876 1581 925 et
1610 867 1836 924 concilia
1868 876 2190 940 martyrum,

603 974 669 1022 ut
692 963 997 1032 ubicunque
1022 961 1316 1032 reperisset
1337 960 1708 1017 Christianum
1748 959 1982 1035 aliquem
2029 970 2193 1032 egen-

604 1066 736 1121 tem,
760 1062 918 1131 prout
944 1063 1179 1125 poterat,
1206 1055 1274 1109 de
1305 1053 1656 1108 facultatibus
1684 1053 1797 1109 suis
1832 1052 2189 1107 ministraret.

603 1148 840 1206 Veniens
862 1162 994 1204 vero
1021 1148 1077 1203 in
1106 1150 1195 1204 via
1217 1147 1390 1222 Appia
1438 1149 1613 1203 noctis
1634 1147 1852 1205 silentio
1867 1146 2022 1216 juxta
2054 1156 2191 1202 tem-

601 1243 752 1317 plum
783 1242 992 1310 Martis,
1024 1243 1294 1315 comperit
1321 1236 1671 1298 Valerianum
1716 1251 1771 1297 et
1796 1240 2089 1296 Maximum
2136 1241 2193 1295 in

602 1336 803 1408 templo
829 1332 1019 1394 Martis
1042 1336 1373 1393 sacriﬁcare.
1394 1330 1579 1393 Flexis
1605 1338 1786 1407 itaque
1809 1337 2059 1408 genibus,
2075 1350 2193 1390 ora-

599 1429 682 1485 vit
706 1427 1015 1496 Dominum,
1041 1427 1228 1485 dicens
1252 1442 1268 1483 :
1292 1428 1543 1494 Domine,
1569 1427 1713 1484 Deus
1740 1437 1959 1483 creator
1983 1427 2107 1483 coeli
2139 1435 2196 1481 et

602 1529 783 1587 terrae,
808 1520 1009 1593 dissipa
1040 1518 1266 1576 consilia
1290 1520 1426 1575 artis
1456 1519 1738 1575 diabolicae
1760 1518 1813 1574 in
1838 1519 2058 1574 nomine
2082 1517 2193 1572 Do-

603 1613 740 1669 mini
779 1613 949 1670 nostri
991 1611 1120 1670 Jesu
1169 1611 1370 1669 Christi
1406 1610 1659 1678 Filiitui,
1700 1626 1861 1681 quem
1909 1610 2105 1666 misisti
2139 1610 2193 1665 in

602 1705 747 1759 hunc
777 1703 1057 1772 mundum,
1102 1712 1163 1759 ut
1191 1702 1517 1774 resipiscant
1544 1702 1599 1757 bi
1629 1698 1871 1758 infelices
1912 1717 1943 1756 a
1982 1700 2194 1770 laqueis

602 1794 820 1852 diaboli.
857 1794 1057 1852 Statim
1087 1796 1255 1869 igitur
1281 1795 1551 1852 Maximus
1574 1794 1761 1851 consul
1802 1811 1833 1850 a
1872 1794 2086 1851 diabolo
2113 1808 2197 1848 ar-

2291 595 2528 654 centem,
2557 597 2612 642 et
2624 586 2740 656 jam
2767 587 2930 671 nimis
2956 594 3220 644 oneratus
3245 597 3402 659 atque
3421 594 3765 672 cumulatuspes

2292 680 2448 745 catis,
2476 678 2603 735 licet
2646 694 2770 735 sera
2816 679 3157 749 plenitudine
3194 684 3519 751 cognoverim
3540 685 3762 753 Creatori.

2291 784 2494 839 meum,
2510 773 2943 829 misericordiam
2960 772 3168 829 Christi
3189 772 3310 830 Filii
3331 775 3420 831 Dei
3443 778 3656 850 adeptus;
3674 785 3761 845 hunc

2292 864 2487 931 timeo,
2539 863 2716 936 ipsum
2763 864 2962 930 adoro,
3011 864 3116 935 ipsi
3166 863 3368 921 cultum
3417 883 3538 924 mea:
3572 875 3761 936 servitutis

2292 954 2491 1023 oﬂ'ero;
2510 970 2643 1012 nam
2687 958 2869 1013 omnia
2895 957 3039 1014 idola
3083 957 3296 1028 lapidea
3319 965 3472 1029 atque
3504 976 3619 1018 aerea
3640 981 3761 1025 mann-

2297 1050 2434 1107 facta
2461 1051 2680 1123 abjicio.
2702 1052 2878 1109 Iratus
2899 1050 3244 1117 Valerianus,
3262 1051 3419 1122 jussit
3441 1068 3551 1111 eum
3568 1057 3612 1113 ln
3626 1061 3759 1129 privata

2293 1142 2536 1197 custodia
2569 1142 2902 1213 mancipari;
2936 1151 2993 1198 et
3016 1152 3143 1212 post
3178 1144 3395 1198 tertium
3417 1145 3543 1201 diem
3570 1148 3760 1209 exhibetur

2295 1232 2581 1289 Valeriano
2608 1242 2662 1287 et
2686 1231 2955 1299 Gallieno,
2991 1241 3047 1288 et
3074 1232 3186 1287 lilia
3206 1231 3322 1302 ejus
3344 1232 3532 1291 Lucilla
3550 1253 3673 1308 quam
3687 1251 3759 1297 ante

2293 1323 2464 1395 patris
2517 1323 2998 1395 interrogationem
3046 1323 3297 1380 fecerunt
3338 1326 3532 1394 puniri,
3570 1329 3758 1390 credente

2294 1417 2436 1486 quod
2460 1416 2539 1470 sic
2567 1415 2873 1484 potuissent
2907 1416 3152 1470 animum
3184 1416 3327 1470 beati
3355 1413 3563 1472 Nemesii
3584 1419 3755 1478 emollire.

2297 1507 2404 1564 Sed
2433 1509 2566 1579 ipse,
2585 1505 2742 1575 cujus
2769 1507 3029 1562 interiora
3052 1507 3366 1579 possidebat
3384 1507 3591 1579 Spiritus
3602 1520 3755 1581 uncus

2295 1600 2468 1655 laetior
2494 1599 2562 1655 de
2582 1600 2847 1671 martyrio
2874 1599 2996 1655 filiae
3043 1597 3244 1665 factus,
3275 1599 3329 1655 in
3362 1599 3650 1657 confessione
3662 1603 3756 1659 Chii-

2295 1693 2362 1747 sti
2414 1692 2694 1748 ardentior
2736 1690 2987 1748 eﬂlcitur.
3045 1691 3119 1746 Et
3159 1706 3285 1747 (arm
3328 1692 3471 1747 nullo
3496 1694 3668 1749 modoa
3695 1696 3754 1750 ﬁde

2295 1783 2498 1840 Christi
2524 1782 2665 1841 flecti
2690 1800 2813 1840 eum
2841 1798 3001 1855 posse
3018 1783 3289 1850 viderent,
3310 1784 3560 1855 jusserunt
3579 1802 3669 1842 eum
3682 1788 3753 1844 duci

601 1887 827 1961 ripitur,
880 1898 935 1944 et
980 1905 1171 1962 magna
1217 1903 1350 1946 voce
1392 1889 1633 1946 clamare
1689 1887 1856 1959 cmpit
1904 1884 2190 1944 Nemesius

2293 1876 2360 1930 ad
2389 1876 2732 1947 supplicium.
2783 1875 3098 1932 Decollatus
3141 1889 3274 1932 vero
3309 1884 3392 1931 est
3427 1877 3504 1931 via
3525 1878 3654 1948 Appia
3681 1889 3753 1934 ante

600 1978 943 2036 Christianus
990 1994 1078 2035 me
1127 1979 1389 2047 incendit,
1441 1978 1558 2049 ejus
1611 1979 1789 2035 oratio
1842 1992 1928 2034 me
1976 1976 2186 2049 afﬂigit.

600 2069 818 2143 Egressi
862 2083 992 2127 vero
1038 2070 1258 2142 quidam
1291 2073 1356 2127 de
1402 2071 1623 2143 templo,
1658 2079 1947 2126 tenuerunt
1997 2068 2193 2125 Neme-

601 2161 766 2228 sium,
815 2170 871 2219 et
911 2161 1040 2219 dum
1094 2163 1438 2219 contumeliis
1488 2179 1612 2218 eum
1665 2160 1974 2227 aiﬁeer'ent,
2014 2162 2193 2217 subito

602 2253 870 2312 Maximus
890 2256 1206 2328 exspiravit.
1230 2257 1300 2311 At
1322 2256 1396 2312 illi
1415 2266 1663 2313 tenentes
1692 2257 1999 2312 Nemesium
2032 2258 2193 2313 duxe-

600 2358 725 2404 runt
753 2350 820 2405 ad
840 2349 1210 2406 Valerianum.
1234 2348 1483 2421 Dicitque
1503 2350 1551 2406 ei
1575 2348 1926 2406 Valerianus:
1950 2349 2187 2417 Nemesi,

600 2439 691 2495 ubi
720 2449 806 2497 est
825 2441 1114 2512 prudentia
1138 2450 1246 2505 tua,
1281 2457 1443 2512 quam
1488 2457 1705 2512 semper
1733 2441 2108 2513 cognovimus,
2136 2447 2192 2496 et

570 2534 574 2539 ’
600 2531 655 2587 in
684 2532 935 2599 consilio,
963 2526 1019 2590 et
1058 2534 1112 2589 in
1144 2533 1392 2590 actibus?
1438 2532 1549 2591 Nos
1581 2543 1633 2591 te
1662 2536 1970 2604 hortamur,
2011 2535 2189 2607 cogita

599 2621 908 2689 veritatem,
933 2638 1042 2679 non
1089 2626 1311 2681 deseras
1340 2625 1469 2682 deos
1515 2642 1651 2698 quos
1686 2642 1901 2697 semper
1946 2627 2017 2683 ab
2057 2624 2189 2699 ipsis

598 2714 883 2770 cunabulis
909 2714 1143 2772 coluisti.
1174 2714 1458 2774 Nemesius
1508 2716 1767 2775 diaconus
1796 2719 1989 2791 plenus
2018 2719 2191 2792 lacry-

599 2804 703 2862 mis
749 2800 1030 2880 respOndit
1057 2823 1072 2864 :
1103 2808 1218 2882 Ego
1246 2810 1464 2881 quidem
1495 2811 1683 2867 infelix
1729 2820 1892 2883 atque
1935 2820 2192 2884 peccator

671 2929 697 2960 ³
736 2918 964 2993 Gregor.
997 2919 1209 2981 Turon.
1242 2924 1309 2980 de
1338 2923 1488 2981 Glor.
1522 2936 1843 2999 martyrum,
1871 2941 1923 2983 c.
1954 2928 2045 2984 75.

2294 1967 2559 2038 templum
2587 1966 2794 2033 Martis,
2836 1983 2935 2024 VII!
2958 1967 3235 2030 Kalendas
3258 1968 3592 2040 Septembris;
3612 1971 3753 2041 ejusque

2298 2078 2496 2134 corpus
2540 2078 2572 2117 a
2618 2064 2781 2119 beato
2823 2063 3045 2133 quidem
3090 2062 3368 2135 Stephano
3404 2079 3530 2136 papa
3566 2066 3607 2121 is
3631 2068 3755 2121 eodem

2296 2154 2417 2209 loco
2446 2154 2737 2225 sepultum,
2766 2157 2862 2211 sed
2898 2170 2929 2210 a
2982 2158 3150 2213 beato
3194 2155 3351 2215 Sixto
3394 2155 3607 2227 pontiﬁce
3632 2166 3753 2227 gutta

2298 2244 2555 2311 levatum,
2587 2246 2763 2316 pridie
2801 2246 3079 2303 Kalendas
3109 2246 3426 2305 Novembris
3446 2249 3578 2320 jam
3597 2249 3752 2304 eam

2298 2340 2442 2395 viam
2463 2339 2695 2411 Appiam
2722 2341 2780 2397 in
2796 2351 2986 2415 crypta
3008 2342 3379 2399 venerabilius
3403 2352 3624 2400 curatum.

2370 2445 2396 2474 ι
2433 2432 2492 2488 ιη
2523 2432 2736 2501 Galliis,
2764 2435 2964 2505 oppido
2988 2435 3391 2502 Yirmandensi,
3420 2435 3583 2490 natalis
3598 2431 3749 2501 Quintili

2296 2527 2555 2602 martyris
2580 2543 2595 2583 :
2617 2528 2712 2598 qui
2736 2528 2839 2584 sub
2858 2527 3190 2593 Maximiano
3211 2529 3520 2600 imperatore
3539 2525 3748 2597 manu

2294 2637 2488 2693 passus
2516 2629 2603 2677 est
2626 2636 2643 2689 ;
2672 2629 2728 2677 et
2752 2631 2878 2692 post
2906 2637 3081 2681 annos
3104 2621 3483 2694 quinquaginta
3504 2618 3682 2691 quinque
3705 2616 3749 2669 in-

2296 2723 2637 2782 ventumest,
2653 2714 2928 2773 revelante
2948 2715 3170 2789 angeh,
3183 2712 3492 2782 oorpuse‘tts
3514 2707 3747 2782 ωομεν

2296 2819 2489 2868 octavo
2515 2809 2786 2873 Kalendas
2821 2808 3015 2869 Iulias.
3440 2862 3445 2867 .
3508 2842 3567 2871 aur
3588 2836 3669 2873 ne
3686 2836 3711 2871 si

3466 2954 3469 2955 ν

3478 3050 3481 3055 π
3519 3016 3543 3047 ει
3578 3002 3701 3055 tisi-‘5'
3732 3024 3735 3025 ⁷

714 3162 717 3165 η
3422 3106 3661 3155 at.“
3694 3108 3709 3121 ..

3420 3226 3441 3237 η
3548 3194 3651 3243 gini
3664 3204 3697 3237 ι·

1888 3260 2189 3323 ursm
2226 3263 2571 3333 DICENDE.
3414 3278 3433 3339 ρ

1737 3436 2115 3515 MENSIS
2176 3420 2737 3531 NOVEMBEB

3432 3398 3435 3399 ν
3532 3386 3609 3427 Cum
3624 3388 3651 3427 il
3686 3388 3691 3405 l

1600 3634 1815 3680 ΗΔΒΕΤ
1855 3636 1998 3681 DIES
2040 3636 2218 3694 XXX;
2259 3635 2431 3697 LUNA
2478 3637 2666 3693 VERO,
2713 3638 2879 3682 XXX.

1028 3892 1091 3949 Β.
1130 3890 1290 3949 KAL.
1335 3889 1749 3949 NOVEMBRIS.

1264 3985 1313 4056 (ί
1357 3984 1523 4056 Non.)
1932 4056 1939 4069 λ

676 4078 966 4136 Festivilas
1011 4083 1326 4132 sanctorum
1369 4076 1631 4132 omnium.
1680 4075 1908 4133 Petente
1952 4092 2189 4149 namque

603 4188 740 4245 papa
781 4168 1057 4224 Bonifacio
1080 4209 1094 4233 ,
1119 4166 1283 4237 jussit
1332 4166 1538 4223 Phocas
1593 4170 1890 4240 imperator
1924 4172 1979 4227 in
2017 4172 2188 4228 veteri

604 4262 749 4329 fauo,
773 4262 914 4333 quod
937 4259 1215 4316 Pantheon
1235 4261 1548 4328 vocabatur,
1576 4272 1628 4317 et
1653 4277 1684 4316 a
1708 4262 2018 4318 Domitiano
2039 4263 2189 4334 prius

604 4355 807 4412 factum
838 4363 977 4418 erat,
1013 4352 1210 4407 ablatis
1250 4350 1565 4408 idololatrian
1600 4355 1870 4421 sordibus,
1901 4354 2187 4411 ecclesiam

603 4449 777 4504 beatae
805 4461 1023 4519 semper
1052 4445 1281 4517 virginis
1310 4443 1515 4511 Mariae,
1542 4455 1598 4501 et
1625 4447 1869 4505 omnium
1886 4457 2187 4522 martyrum

605 4537 725 4595 fieri
758 4555 771 4591 :
802 4546 861 4592 ut
900 4536 989 4591 ubi
1037 4537 1308 4607 quondam
1350 4537 1616 4603 omnium,
1650 4554 1757 4593 non
1801 4537 2045 4607 deorum,
2093 4540 2187 4597 sed

602 4627 989 4686 dmmoniorum
1016 4627 1194 4682 cultus
1223 4629 1503 4698 agebatur,
1546 4628 1617 4684 ibi
1661 4629 1916 4701 deinceps
1946 4632 2185 4686 omnium

600 4722 755 4776 ﬁeret
808 4719 1068 4774 memoria
1126 4730 1468 4788 sanctorum;
1528 4736 1647 4792 quae
1693 4722 1762 4777 ab
1807 4721 1898 4777 illo
1944 4732 2189 4793 tempore

599 4808 856 4868 Kalendis
893 4809 1215 4866 Novembris
1241 4811 1295 4865 in
1325 4811 1459 4867 urbe
1485 4811 1657 4867 Roma
1684 4812 1915 4868 celebris
1943 4821 1995 4869 et
2023 4828 2189 4884 gene-

599 4902 731 4959 ralis
760 4902 957 4974 agitur.
997 4901 1103 4958 Sed
1146 4911 1202 4956 et
1241 4902 1294 4957 in
1321 4901 1539 4968 Galliis,
1571 4912 1825 4960 monente
1874 4913 2074 4960 sancta:
2102 4920 2187 4960 re-

597 4998 930 5056 cordationis
964 4997 1229 5068 Gregorio
1268 4997 1544 5068 pontiﬁce,
1574 5000 1851 5071 piissimus
1879 5000 2186 5055 Ludovicus

2126 3789 2460 3807 ἡ

2214 3895 2261 3962 C
2292 3894 2543 3966 episcopo
2570 3891 2890 3968 Polycarpo.
2937 3892 3103 3965 Cujus
3134 3890 3495 3968 praedicatione
3528 3899 3664 3942 comes
3689 3880 3747 3937 Te-

2298 3985 2503 4041 rentius
2554 3996 2832 4057 comperta
2859 4027 2875 4053 ,
2922 3986 3164 4041 vinctum
3209 4001 3329 4042 eum
3372 3990 3423 4039 et
3465 3992 3623 4041 caesum
3652 3972 3751 4028 adst

2295 4078 2486 4135 adduci
2517 4081 2797 4152 praecepit.
2828 4078 2894 4135 Et
2925 4096 3143 4136 rursum
3186 4078 3362 4135 audita
3406 4084 3657 4139 sermonum
3684 4063 3751 4141 eius
3842 4068 3843 4095 ‘

2295 4172 2615 4237 constantia,
2649 4174 2830 4230 nervis
2875 4172 3183 4229 durissimis
3225 4169 3355 4228 caedi
3397 4166 3529 4235 fecit.
3566 4156 3751 4219 Ροδιιιεε

2295 4261 2362 4315 ad
2392 4262 2663 4319 trochleas
2693 4274 2949 4320 extensus
2982 4273 3036 4323 et
3070 4280 3266 4335 caesus,
3307 4277 3367 4331 ac
3405 4271 3587 4319 rursum
3623 4243 3750 4306 (πεδί
3842 4243 3843 4303 ξ

2294 4353 2666 4425 mancipatus,
2725 4371 2883 4411 mane
2922 4354 3067 4411 idola
3117 4355 3321 4421 orando
3366 4345 3674 4431 destruiilg?‘
3703 4350 3751 4403 τίδ’

2294 4442 2487 4499 ductus
2516 4454 2601 4501 est
2622 4446 2675 4500 in
2707 4462 3005 4503 carcerem.
3029 4447 3129 4504 Cui
3166 4442 3383 4517 subulas
3420 4442 3576 4498 decem
3600 4433 3751 4490 ςθὶειιιεε

2294 4535 2348 4591 in
2380 4538 2627 4593 manibus
2649 4538 2964 4605 inflxerunt,
2988 4550 3038 4597 et
3070 4557 3193 4596 cum
3220 4538 3428 4621 plumbo
3454 4528 3637 4621 remisso
3654 4520 3751 4621 limit"

2292 4626 2347 4682 in
2378 4624 2553 4697 lapide
2583 4630 2861 4699 perforato
2893 4628 3148 4698 fixerunt,
3176 4612 3230 4687 et
3252 4643 3406 4685 canes
3428 4612 3653 4681 duodecim
3674 4613 3751 4663 κω

2292 4735 2384 4775 ces
2413 4735 2533 4774 cum
2563 4714 2629 4776 eo
2668 4721 3005 4779 incluserunt
3046 4740 3147 4796 per
3188 4741 3281 4789 sex
3313 4718 3456 4785 dies;
3500 4725 3545 4772 et
3577 4700 3750 4777 attulilfi
3842 4740 3843 4791 ᾖ

2292 4810 2516 4881 angelus
2538 4827 2734 4881 panem
2778 4813 3056 4868 caelestem
3082 4857 3095 4878 ,
3127 4812 3342 4873 subulas
3370 4805 3581 4865 abstulit.
3612 4806 3651 4854 et
3678 4804 3751 4847 θιιηι

2291 4903 2357 4958 tle
2389 4901 2608 4974 plumbo
2636 4919 2699 4959 ac
2721 4903 2865 4959 ferro
2893 4905 3111 4977 eripuit.
3140 4907 3219 4960 Ad
3248 4903 3476 4958 ultimum
3511 4892 3661 4951 collum
3682 4881 3751 4950 «³1⁸9

2289 5004 2444 5051 vecte
2482 4995 2658 5051 ferreo
2692 4998 2865 5062 tundi,
2899 5006 2954 5054 et
2982 5015 3178 5071 corpus
3207 4999 3383 5052 lancea
3424 4988 3564 5049 forari
3591 4980 3747 5071 iubetur.

2290 5089 2408 5158 Quo
2435 5089 2618 5157 facto,
2664 5090 2912 5145 columba
2946 5091 3100 5147 nivea
3144 5093 3210 5146 de
3252 5100 3489 5148 carcere,
3527 5069 3750 5134 Christianis

594 5092 916 5164 imperator,
961 5092 1217 5147 omnibus
1260 5091 1410 5161 regni
1449 5098 1506 5146 et
1556 5092 1766 5163 imperii
1806 5092 1888 5147 sui
1916 5092 2186 5163 episcopis

2291 5182 2699 5252 aspicientibus,
2723 5182 2789 5236 ad
2814 5183 2982 5240 caelos
3004 5183 3263 5249 ascendit,
3285 5190 3336 5236 et
3359 5177 3481 5233 odor
3499 5160 3663 5237 sum’ib‘s

596 5186 1108 5252 consentientibus,
1186 5184 1375 5240 statuit
1442 5193 1521 5240 ut-
1558 5186 1871 5242 solemniter
1922 5188 2185 5242 festivitas

3666 5160 3751 5212 imus
3842 5184 3843 5189 η

594 5278 837 5332 omnium
865 5287 1179 5334 sanctorum
1217 5276 1273 5333 in
1308 5277 1569 5349 praedicta
1612 5279 1699 5333 die
1741 5280 2017 5335 annuatim
2064 5295 2187 5350 per—
2212 5265 2265 5328 D
2292 5278 2446 5348 quasi
2478 5277 2716 5350 paradisi
2757 5290 2976 5335 secutus
3015 5288 3117 5335 est.
3151 5272 3307 5334 Venit
3337 5281 3497 5345 autem
3524 5262 3643 5319 beam
3664 5251 3749 5350 Le“:
3842 5312 3843 5350 ξ

595 5377 758 5445 petuo
786 5381 1058 5443 ageretur.
1088 5370 1259 5438 Quam
1292 5379 1537 5426 sanctam
1565 5373 2002 5428 constitutionem
2036 5389 2186 5429 reve-
2292 5370 2441 5438 uilla,
2468 5380 2522 5427 et
2552 5372 2827 5427 conditum
2873 5373 3206 5449 aromatibus
3248 5381 3433 5439 corpus
3466 5373 3556 5445 ηρι)
3576 5336 3751 5429 longe“

595 5465 737 5520 renti
764 5480 948 5520 amore
978 5464 1219 5534 suscepit
1245 5464 1421 5519 omnis
1443 5463 1705 5519 Ecclesia.
2292 5462 2409 5534 ipso
2431 5478 2652 5520 carcere
2677 5462 2944 5534 sepelivit.
3068 5494 3075 5501 ι
3210 5520 3215 5521 ί
3292 5510 3293 5513 η

667 5567 693 5597 ι
731 5553 801 5610 Et
834 5554 888 5610 in
917 5564 1101 5611 castro
1128 5517 1385 5620 Divione,
1415 5555 1593 5609 natale
1617 5553 1673 5610 S.
1708 5554 1931 5626 Benigui
1964 5557 2184 5627 presby-
2310 5517 2327 5534 ⁸
2362 5553 2563 5610 Eodem
2590 5554 2709 5619 die,
2740 5517 2921 5611 natale
2947 5557 3121 5613 sancti
3157 5550 3368 5612 Caesarii
3400 5536 3608 5603 diaconi.
3628 5534 3667 5584 οι

593 5648 718 5704 teri.
751 5647 851 5716 Qui
887 5664 1012 5705 cum
1043 5648 1324 5705 Andochio
1368 5618 1933 5717 compresbytcrofet
1964 5618 2186 5718 “Thyrso
2290 5648 2421 5704 liani
2479 5647 2806 5720 presbyteri.
2861 5647 2963 5717 Qui
3014 5650 3263 5706 videlicet
3308 5635 3545 5699 amarius
3584 5618 3749 5720 ωνθξ

595 5712 842 5804 diacono,
886 5742 1085 5798 missus
1117 5750 1201 5798 est
1225 5741 1280 5796 in
1308 5712 1538 5796 Galliam
1569 5740 1637 5795 ab
1668 5712 1914 5806 Oriente,
1940 5756 1970 5796 a
1992 5712 2184 5798 sancto
2286 5712 2497 5797 Claudii
2522 5712 2749 5798 veniens
2776 5756 2845 5798 ex
2868 5712 3053 5799 Africa
3076 5744 3145 5800 ad
3170 5730 3493 5797 Tarracinam
3527 5712 3749 5785 Call‘l""'8

667 5872 689 5898 α
732 5858 960 5928 Gregor.
993 5858 1307 5923 Τυιθηηάθ
1338 5854 1487 5913 Glor.
1513 5842 1678 5913 mart.
