3962 6366
134 392 259 460 389

137 513 467 575 civitatem,
518 513 642 568 dum
672 519 862 567 contra
911 511 1229 569 idololatras
1275 513 1637 589 proclamaret
1683 514 1738 569 in
1767 518 1821 579 Α

136 605 393 678 publica,
419 611 607 658 tentus
629 610 716 657 est
738 616 771 655 a
792 601 1047 657 Firmino
1087 603 1373 680 pontiﬁce,
1403 605 1533 661 etin
1562 613 1744 661 custo-

138 699 303 754 diam
330 696 595 753 reclusus.
628 694 731 751 Ubi
756 692 953 751 diebus
974 695 1164 752 multis
1193 707 1517 762 maceratus,
1552 699 1745 755 deinde

140 788 394 844 traditus
424 795 513 844 est
541 787 768 843 Leontio
801 787 1072 843 consulari
1093 787 1422 860 Campania.
1457 789 1627 855 Quem
1651 791 1744 848 ille

141 893 281 935 cum
308 878 491 937 verbis
516 890 776 948 superare
800 879 1074 948 nequiret,
1091 879 1255 949 jussit
1275 889 1403 938 ante
1427 893 1743 953 carpentum

143 984 318 1026 suum
330 971 479 1037 duci,
498 970 680 1041 ligatis
701 972 974 1039 manibus,
993 973 1254 1041 vinctum,
1274 983 1329 1029 et
1348 976 1550 1031 nudum
1572 992 1744 1048 usque

146 1062 222 1118 ad
283 1063 543 1134 templum
591 1061 875 1133 Apollinis.
921 1063 1043 1130 Quo
1086 1074 1214 1119 cum
1255 1065 1624 1137 pervenisset,
1675 1069 1742 1123 ad

145 1157 462 1213 orationem
490 1155 610 1224 ejus
633 1156 842 1212 corruit
884 1157 1144 1228 templum
1162 1199 1178 1224 ,
1206 1165 1263 1215 et
1288 1160 1489 1215 occidit
1527 1162 1746 1232 pontiﬁ-

150 1260 282 1303 cem
298 1245 630 1303 1Firminum.
654 1246 783 1303 Post
803 1246 909 1303 hoc
929 1247 1174 1306 reclusus
1200 1249 1257 1305 in
1276 1266 1502 1308 carcere
1523 1268 1551 1307 a
1572 1253 1748 1310 Luxu—
1824 1294 1829 1301 .

151 1339 239 1396 rio
266 1339 449 1411 primo
470 1339 733 1405 civitatis,
764 1337 868 1393 fuit
886 1340 962 1393 ibi
992 1355 1137 1397 anno
1158 1356 1289 1408 uino,
1320 1351 1377 1399 et
1404 1359 1591 1400 mense
1614 1360 1741 1400 uno.

151 1430 370 1486 Deinde
390 1429 621 1485 eductus
644 1430 700 1484 in
723 1428 899 1484 forum
930 1430 1001 1485 ab
1034 1445 1121 1497 eo,
1151 1432 1279 1488 dum
1301 1442 1504 1497 oraret,
1536 1434 1745 1490 calcati

152 1531 245 1578 est
282 1521 408 1583 ineo
428 1521 820 1587 circumdatus,
852 1522 928 1577 ita
954 1532 1013 1578 ut
1039 1523 1153 1594 ipse
1179 1523 1439 1581 [centius
1474 1528 1738 1595 crederet,

156 1624 214 1672 et
241 1614 546 1671 ﬂuentiam
570 1615 670 1687 qui
694 1623 817 1671 erat
850 1616 1047 1681 nudus,
1079 1631 1175 1671 sua
1217 1617 1500 1691 chlamyde
1552 1619 1746 1674 indue-

157 1708 448 1776 ret,etab
471 1723 541 1765 eo
566 1708 956 1780 haptisanetsr,
995 1718 1050 1765 et
1090 1726 1290 1782 corpus
1331 1721 1388 1767 et
1428 1713 1744 1784 sanguinem

159 1800 381 1857 Domini
406 1802 680 1872 acciperet
718 1802 786 1857 de
832 1816 995 1857 ntanu
1032 1800 1232 1857 Juliani
1271 1803 1593 1874 presbyteri.
1634 1802 1744 1858 Nec

834 386 1439 458 marmorearum
1476 396 1624 458 cun
1665 366 2197 460 speluncam.
2227 431 2301 447 -
2332 403 2542 467 usus.
2580 396 2741 466 nov.

3317 393 3424 457 390

2108 514 2178 573 ϐ.
2212 515 2442 574 PRlDlE
2477 517 2707 576 NONAS
2739 513 3153 574 NOVEMBRIS.

2512 609 2567 683 (4
2585 610 2722 666 Νου.
2740 609 2761 682 )

1910 695 1948 738 ἰι
1981 695 2136 769 Apud
2164 698 2566 767 Alexandriam,
2593 699 2740 757 beati
2776 699 2957 778 lilerii
2970 697 3292 770 presbyteri,
3323 695 3430 754 viri

1847 789 1991 845 acris
2022 790 2255 862 ingenii,
2285 793 2341 848 in
2371 793 2569 849 divinis
2592 792 2893 865 Scripturis
2920 793 3174 849 nobiliter
3207 791 3423 855 eruditi,

1844 882 1958 938 vita
1996 884 2295 953 purissimi,
2330 894 2490 956 atque
2530 888 2598 943 ad
2639 884 3006 955 Christianam
3034 882 3429 965 philosophiam

1845 973 1975 1028 nudi
2007 975 2223 1043 penitus
2254 982 2306 1029 et
2332 974 2592 1046 expediti,
2614 974 2851 1032 doctoris
2873 974 3124 1030 Ecclesiae
3154 974 3430 1043 incompa-

1845 1063 2053 1130 rabilis,
2084 1064 2338 1134 privatim
2383 1073 2439 1121 et
2478 1064 2693 1137 publice
2720 1066 3045 1121 mirabiliter
3077 1064 3427 1137 disputantis.

1846 1153 1947 1212 llic
1976 1155 2185 1227 quievit
2208 1165 2451 1228 tempore
2479 1157 2711 1230 Philippi
2742 1157 3105 1231 imperatoris.

1914 1247 1975 1303 lu
2018 1247 2231 1315 Galliis,
2264 1248 2486 1306 civitate
2530 1248 2792 1316 Rotenus.
2838 1250 3035 1307 natalis
3081 1248 3139 1306 S.
3188 1247 3431 1307 Amsntii

1846 1340 2107 1412 episcopi,
2150 1339 2308 1411 cujus
2342 1343 2451 1398 vita
2491 1343 2780 1399 sanctitate
2807 1350 2863 1399 et
2902 1343 3180 1400 miraculis
3222 1341 3435 1401 exstitit
3548 1342 3553 1345 ’

1846 1429 2100 1503 gloriosa.

2253 1523 2322 1578 Α.
2362 1522 2567 1580 NONIS
2602 1522 2695 1580 ΝΟ
2705 1520 3020 1581 VEMBRIS.

2507 1616 2576 1687 (δ
2606 1617 2831 1689 NW).

1919 1704 2202 1761 Zachariae
2230 1708 2531 1777 prophetae,
2552 1708 2726 1778 patris
2747 1706 2973 1764 Joannis
2993 1707 3270 1778 Baptista.

1921 1808 1943 1837 ο
1973 1798 2031 1853 in
2080 1799 2373 1856 Terracina
2401 1840 2417 1867 ,
2459 1801 2684 1857 civitate
2729 1802 3070 1872 Campaniae,
3102 1802 3300 1858 natalis
3327 1800 3430 1858 SS.

155 1909 345 1961 mora,
374 1894 517 1951 dicta
553 1908 718 1965 super
753 1904 879 1953 eum
921 1895 1200 1960 oratione,
1230 1896 1454 1951 tradidit
1496 1896 1742 1966 spiritum
1776 1888 1824 1951 Β
1848 1889 2048 1946 Felicis
2074 1893 2399 1964 presbyteri,
2444 1901 2502 1947 et
2537 1893 2756 1948 Eusebii
2795 1893 3067 1960 monachi,
3101 1894 3436 1964 temporibus

154 2003 219 2043 ιιι
252 1986 521 2044 Kalendas
550 1986 890 2047 Novembris.
945 1988 1095 2044 Tunc
1141 1986 1414 2043 Luxurius
1443 1988 1607 2059 jussit
1643 1984 1741 2043 Ju~

157 2078 360 2135 lianum
405 2091 462 2134 et
502 2078 796 2145 Caesarium
825 2079 968 2135 mitti
996 2081 1051 2135 in
1081 2094 1301 2136 saccum
1326 2090 1383 2136 et
1414 2079 1742 2152 praecipitari

158 2171 212 2226 in
239 2185 412 2226 mare.
446 2171 550 2239 Qui
577 2185 643 2226 eo
670 2171 756 2225 die
788 2169 971 2240 reiecti
1003 2183 1127 2227 sunt
1158 2172 1225 2226 ad
1249 2171 1419 2238 littus,
1459 2180 1514 2227 et
1551 2172 1745 2243 sepulti

155 2263 224 2321 ab
242 2264 482 2321 Eusebio
510 2278 675 2321 servo
697 2263 813 2329 Dei,
835 2261 996 2332 juxta
1027 2262 1218 2319 urbem
1264 2262 1637 2319 Terracinam.
1670 2263 1741 2319 Et

156 2356 305 2412 idem
341 2356 611 2418 Eusebius
654 2365 843 2428 postea
886 2352 1210 2428 mahyrium
1252 2370 1445 2427 passus
1486 2363 1574 2413 est
1621 2371 1746 2412 cum

154 2444 345 2503 Felice
376 2447 703 2520 presbytero

227 2538 369 2595 item
406 2539 594 2594 eodem
637 2538 727 2594 die
747 2576 762 2603 ,
791 2538 1056 2609 depositio
1087 2536 1149 2597 S.
1195 2537 1438 2596 Severini
1468 2540 1745 2606 monachi,

160 2625 233 2683 de
262 2627 552 2684 Tiburtina
578 2628 818 2693 civitate.

230 2716 367 2774 Item
412 2718 590 2775 natale
631 2717 689 2775 S.
740 2719 929 2777 uarie
972 2718 1247 2791 virginis:
1275 2735 1396 2791 quae
1433 2735 1559 2776 cum
1600 2728 1751 2778 esset

154 2811 379 2878 ancilla,
402 2820 464 2868 et
488 2813 575 2868 die
598 2813 800 2868 natalis
834 2812 932 2868 ﬁlii
960 2812 1164 2871 domini
1193 2814 1279 2870 sui
1304 2812 1609 2885 jqfanaret,
1646 2829 1751 2871 nec

153 2903 267 2961 ullo
289 2904 451 2961 modo
472 2902 620 2960 ilecti
646 2905 912 2975 potuisset
935 2913 997 2961 ut
1018 2906 1376 2973 manducaret
1394 2906 1462 2963 de
1482 2906 1750 2980 idolothy-

154 2996 261 3062 tis;
292 2995 469 3067 primo
500 2995 654 3055 duris
679 2995 997 3057 verberibus
1030 2995 1255 3064 athleta,
1282 2997 1409 3057 dein
1439 2997 1597 3069 longa
1624 3014 1748 3055 car-

152 3077 299 3147 eeris
332 3086 616 3155 custodia,
665 3088 880 3158 equulei
924 3089 1271 3156 extensione,
1316 3098 1376 3147 et
1423 3089 1747 3161 ungularum

154 3174 455 3236 lsniatione
486 3186 709 3245 vexata,
728 3182 1067 3252 martyrium
1084 3183 1508 3238 constitutast/it.

503 3312 567 3369 E.
606 3313 676 3372 IV
718 3311 947 3372 NONAS
983 3314 1402 3373 NOVEMBRIS.

818 3409 886 3482 (2
917 3408 1055 3466 Nov.

226 3509 255 3540 ι
296 3495 510 3554 Natalis
537 3499 711 3555 sancti
739 3498 1024 3567 Victorini,
1050 3499 1452 3558 Pitabionensis
1483 3502 1746 3575 episcopi,

154 3588 250 3660 qui
280 3590 662 3661 persecutione
686 3589 1003 3645 Diocletiani
1032 3592 1298 3663 martyrio
1320 3602 1614 3649 coronatus
1640 3601 1746 3650 est.

224 3679 387 3753 Apud
415 3678 758 3747 Laodiciam,
789 3679 965 3736 natale
1002 3681 1146 3737 beati
1182 3681 1451 3739 Theodori
1482 3684 1748 3757 episcopi,

152 3772 265 3828 viri
294 3788 407 3828 non
434 3772 607 3828 solum
628 3772 836 3839 verbis,
868 3773 961 3829 scd
991 3774 1154 3829 etiam
1193 3775 1353 3831 rebus
1378 3783 1433 3831 et
1462 3776 1751 3835 virtutibus

154 3866 364 3921 ornati.
408 3864 510 3921 Hic
551 3874 670 3921 arte
706 3864 954 3921 medicus
980 3864 1195 3935 quidem
1241 3866 1375 3933 fuit,
1407 3869 1499 3924 sed
1529 3870 1597 3924 ad
1635 3870 1753 3924 ani-

153 3975 377 4016 marum
415 3975 446 4015 a
488 3960 718 4017 Domino
760 3962 1055 4016 translatus
1103 3971 1186 4017 est
1226 3963 1571 4017 medicinam.
1612 3960 1751 4019 Vere

158 4050 629 4122 incomparabiiis,
658 4052 749 4123 qui
781 4068 946 4123 super
967 4068 1157 4108 omnes
1185 4067 1323 4123 pene
1348 4053 1597 4111 homines
1621 4053 1749 4123 ﬁde,

152 4143 558 4210 misericordia,
581 4146 783 4210 studio,
820 4145 1119 4217 vigilantia,
1152 4156 1317 4216 atque
1345 4145 1594 4201 omnibus
1617 4140 1754 4218 opti-

153 4238 265 4293 mis
322 4232 755 4294 institutionibus
798 4238 1023 4294 claruit.
1073 4236 1133 4292 ln
1182 4236 1483 4308 Scripturis
1535 4249 1751 4308 quoque

153 4327 363 4384 divinis
380 4327 621 4385 laborem
640 4328 1095 4401 quamplurimum
1119 4329 1289 4402 gessit
1306 4320 1327 4397 ;’
1345 4329 1550 4401 quievit
1568 4335 1751 4384 autem

148 4419 214 4476 in
244 4425 529 4475 senectute
558 4407 719 4475 bona.

109 4551 118 4557 ι
226 4511 434 4568 Eodem
456 4510 564 4579 die,
591 4513 767 4569 natale
794 4512 852 4567 ς.
881 4513 1177 4581 Ambrosii,
1199 4513 1410 4570 abbatis
1436 4514 1750 4571 monasterii

1850 1982 2059 2041 Claudii
2113 1987 2481 2057 imperatoris.
2534 1986 2638 2054 Qui
2689 1987 2943 2065 videlicet
2986 1988 3278 2053 Eusebius,
3310 2002 3435 2043 cum

1852 2077 2139 2149 sepelisset
2176 2087 2396 2135 sanctos
2423 2088 2693 2151 martyres
2728 2078 2999 2136 lulianum
3028 2089 3086 2135 et
3120 2080 3435 2147 Caesarium,

1847 2177 1907 2226 et
1952 2170 2022 2225 ad
2068 2169 2319 2241 sepulcra
2368 2185 2556 2226 eorum
2610 2184 2774 2227 orans
2819 2177 2877 2227 et
2917 2168 3171 2241 jejunans
3238 2169 3440 2226 multos

1850 2272 2200 2321 converteret
2228 2262 2299 2319 ad
2334 2261 2495 2319 ﬁdem
2516 2303 2531 2327 ,
2581 2277 2721 2334 quos
2756 2261 2910 2318 Felix
2956 2263 3243 2335 presbyter
3273 2261 3444 2334 bapti-

1852 2356 2031 2421 zabat,
2060 2355 2194 2410 tenti
2224 2364 2353 2411 sunt
2372 2354 2532 2409 ambo
2552 2369 2584 2408 a
2608 2352 2834 2409 Leontio
2854 2353 2965 2409 ﬁlio
2993 2352 3205 2410 Leontii
3236 2367 3441 2411 consu-

1849 2449 2001 2516 laris,
2024 2448 2097 2505 ob
2118 2463 2241 2507 eam
2265 2449 2503 2505 maxime
2529 2462 2747 2505 causam
2772 2449 2899 2521 quia
2931 2446 3203 2504 Cassarum
3227 2457 3439 2518 patrem

1849 2540 1967 2612 ejus
2011 2540 2384 2597 Christianum
2426 2538 2666 2596 fecisset.
2702 2539 2768 2594 Et
2805 2538 2871 2593 ad
2900 2539 3076 2595 forum
3107 2537 3226 2608 ejus
3270 2538 3438 2603 ducti.

1852 2648 1955 2689 nec
1990 2632 2257 2702 superati,
2289 2631 2415 2688 inde
2439 2646 2664 2688 carcere
2688 2631 2910 2695 reclusi,
2949 2641 3003 2685 et
3038 2640 3196 2687 nocte
3224 2631 3438 2695 eadem,

1851 2738 1974 2780 cum
2025 2724 2341 2781 sacriﬁcare
2392 2723 2621 2789 nolent,
2670 2721 2920 2779 decollati
2971 2730 3134 2787 sunt,
3176 2731 3339 2791 atque
3387 2721 3441 2775 in

1849 2818 2071 2875 luvium
2094 2820 2307 2889 iactati.
2338 2819 2582 2888 Quorum
2608 2832 2837 2886 corpora
2864 2823 3133 2872 venerunt
3164 2829 3338 2884 usque
3372 2814 3441 2869 ad

1851 2925 2026 2978 mare,
2048 2919 2112 2966 et
2152 2911 2353 2983 reiecta
2389 2919 2518 2968 sunt
2561 2912 2632 2967 ad
2677 2909 2855 2975 littus,
2886 2917 3100 2980 atquea
3122 2907 3443 2978 presbytero

1851 3002 2091 3074 quodam
2120 3001 2188 3058 de
2213 3000 2424 3072 Capua.
2454 3000 2676 3057 nomine
2713 2998 2942 3067 Quarto,
2971 2998 3208 3053 inventa.
3240 2996 3344 3063 Qui
3374 3009 3443 3051 ea

1852 3108 1980 3150 mox
2025 3094 2277 3165 imposita
2324 3090 2576 3148 vehiculo
2623 3090 2778 3145 duxit
2822 3089 2878 3144 in
2928 3102 3110 3143 casam
3154 3101 3345 3151 suam,
3386 3093 3445 3141 et

1851 3184 2070 3240 curiose
2096 3197 2351 3258 quaerens
2393 3181 2561 3238 etiam
2598 3180 2779 3251 capita
2806 3177 3055 3244 invenit;
3083 3175 3444 3247 adiunctaque

1774 3262 1822 3330 C
1853 3276 2180 3349 corporibus
2206 3274 2456 3347 sepelivit
2476 3274 2633 3346 juxta
2656 3270 2719 3329 ὃ.
2752 3270 3067 3329 Caesarium.

2212 3389 2276 3445 Β.
2318 3387 2434 3445 Vlll
2468 3387 2631 3445 IDUS
2669 3385 3083 3445 NOVEMBRIS.

2506 3482 2575 3554 (δ
2614 3480 2791 3554 Non.)

1926 3592 2113 3651 'l‘onza
2154 3593 2373 3660 Africae,
2403 3591 2608 3661 natalis
2634 3590 2694 3647 S.
2726 3589 2946 3646 Felicis.
2977 3584 3033 3644 in
3062 3589 3222 3660 hujus
3251 3588 3447 3646 solem-

1852 3686 2023 3741 nitate
2052 3682 2343 3756 quemdam
2366 3680 2634 3756 psalmum
2658 3680 2850 3737 beatus
2872 3680 3207 3751 Augustinus
3231 3679 3447 3735 videtur

1853 3790 2128 3847 exponere
2150 3775 2219 3831 ad
2234 3771 2493 3846 populum
2519 3769 2692 3842 (Psal.
2706 3769 2931 3842 cxxvn),
2953 3768 3042 3824 ubi
3066 3769 3204 3824 inter
3225 3777 3442 3849 caetera,

1854 3867 1920 3924 de
1944 3866 2063 3937 ejus
2076 3866 2330 3938 passione
2351 3863 2614 3935 loquitur,
2645 3864 2834 3919 dicens
2867 3859 3058 3916 :Felia:
3075 3870 3299 3931 martyr,
3330 3858 3445 3937 vere

1853 3961 1983 4033 felix
1996 3971 2043 4016 et
2060 3961 2269 4015 nomine
2286 3970 2333 4015 et
2349 3974 2568 4024 corona,
2582 3957 2735 4027 cujus
2758 3953 2911 4011 hodie
2932 3953 3043 4009 dies
3066 3962 3161 4008 est.
3181 3950 3446 4008 Noverilis

1853 4066 2062 4122 autem,
2095 4055 2308 4126 fratres,
2352 4069 2456 4109 non
2503 4068 2622 4107 eum
2664 4066 2876 4123 possunt
2922 4059 3142 4103 mortem
3168 4064 3327 4120 quam
3353 4038 3445 4103 alii

1851 4159 2108 4220 martyres
2144 4148 2289 4219 passi
2321 4156 2441 4201 sunt
2470 4161 2489 4201 :
2519 4145 2784 4215 confessus
2816 4144 2986 4209 enim,
3015 4140 3212 4196 dilatus
3252 4150 3330 4196 est
3377 4138 3446 4194 ad

1855 4249 2158 4307 tormenta;
2186 4237 2294 4293 alio
2322 4236 2407 4292 die
2441 4237 2705 4291 inventura
2729 4244 2804 4290 est
2828 4250 3018 4305 corpus
3043 4233 3158 4306 ejus
3185 4234 3444 4289 exanime.

1853 4328 2167 4384 Clausorum
2211 4326 2350 4382 enim
2373 4324 2455 4380 illi
2484 4336 2745 4378 carcerem
2774 4324 3004 4393 corpori,
3046 4338 3150 4377 non
3194 4321 3448 4392 spiritui:

1851 4434 2004 4489 quem
2071 4415 2180 4471 illic
2235 4415 2498 4487 parabant
2552 4422 2791 4483 torquere
2857 4410 3131 4479 carniﬁces
3185 4409 3447 4464 absentem

1853 4510 2163 4565 invenerunt
2207 4522 2226 4562 :
2272 4508 2614 4580 perdiderunt
2675 4505 2932 4561 swvitiam
2986 4520 3157 4560 suam.
3225 4501 3445 4560 Iacebat

151 4606 535 4681 Agaunensis,
565 4608 659 4678 qui
694 4623 845 4679 prius
882 4609 1024 4678 apud
1068 4607 1387 4678 Lugdunum
1432 4608 1749 4664 monasterii
1775 4630 1828 4691 Β
1853 4604 2136 4666 exanimis,
2165 4602 2278 4656 sine
2306 4617 2488 4666 sensu,
2519 4599 2624 4654 illis
2656 4616 2719 4654 ne
2745 4600 3110 4670 torqueretur;
3139 4614 3258 4653 cum
3286 4594 3444 4654 sensu

153 4698 357 4755 insulae
382 4697 640 4781 Barbarae
676 4709 850 4769 pater,
889 4712 947 4755 et
972 4700 1187 4771 magnis
1224 4698 1518 4753 virtutibus
1547 4699 1746 4767 clarus,

154 4810 288 4853 cum
314 4792 441 4851 illuc
470 4796 541 4853 ob
569 4796 845 4868 religionis
874 4798 1111 4869 egregiae
1160 4813 1407 4853 normam
1456 4797 1750 4855 translatus

151 4885 283 4955 fuit,
315 4886 475 4945 beato
503 4888 610 4945 line
645 4897 772 4945 ante
797 4889 852 4944 in
878 4889 1109 4946 Domino
1140 4890 1426 4961 requievit.

507 5024 571 5082 F.
609 5023 678 5081 Ill
712 5024 944 5082 NONAS
981 5025 1399 5083 NOVEMBRIS.

818 5117 893 5190 (ὅ
937 5118 1109 5188 Non.)

228 5205 440 5274 Natalis
464 5205 523 5262 S.
556 5205 771 5283 Quarti,
804 5208 1053 5279 discipuli
1079 5210 1471 5280 apostolorum.

234 5298 389 5369 Apud
431 5297 731 5354 Caesaream
779 5300 1173 5371 Cappadocus,
1223 5302 1419 5357 natalis
1469 5300 1569 5357 SS.
1616 5299 1751 5357 Ger-

150 5391 347 5455 mani,
389 5388 712 5461 Theophili,
753 5391 1010 5456 Cesarii,
1040 5402 1096 5448 et
1139 5391 1336 5447 Vitalis
1366 5411 1378 5444 :
1412 5393 1503 5463 qui
1548 5392 1751 5463 optime

154 5483 440 5538 duxerunt
467 5483 808 5554 martyrium,
844 5486 943 5538 sub
968 5483 1206 5539 Deciana
1235 5484 1612 5556 persecution?

236 5572 440 5651 Eodem
465 5573 573 5643 die,
601 5574 864 5647 depositio
898 5574 954 5631 S.
992 5572 1217 5631 Huberti
1248 5574 1519 5651 episcopi.‘

236 5706 525 5807 δὲ
551 5708 616 5764 de
640 5704 841 5780 Script.
865 5709 1100 5778 Eccles.,
1126 5730 1173 5767 ρ.
1194 5709 1260 5766 74
1280 5727 1294 5776 ;
1312 5709 1509 5767 Euseb.
1535 5709 1628 5768 lib.
1651 5725 1746 5774 vn,

163 5796 213 5836 c.
248 5778 339 5833 ‘29.
377 5778 518 5835 Ruil‘.
766 5778 779 5780 ἡ

242 5850 269 5889 b
309 5849 507 5905 Euseb.
539 5850 632 5907 lib.
663 5864 762 5918 vn,
805 5868 852 5907 c.
885 5852 974 5909 29.
1009 5853 1147 5909 Rull‘.
1199 5850 1346 5910 Hier.
1382 5856 1446 5910 de
1477 5852 1675 5925 Script.

1853 4692 1997 4764 apud
2016 4692 2320 4755 Dominum,
2347 4701 2403 4745 ut
2432 4700 2795 4745 coronaretur.

1925 4783 1984 4839 lu
2012 4783 2263 4861 Oriente,
2292 4783 2515 4838 civitate
2545 4781 2869 4852 Theophili,
2897 4779 2997 4838 SS.
3023 4781 3211 4838 decem
3239 4791 3445 4854 marty-

1851 4894 2011 4944 rum,
2060 4878 2153 4947 qui
2201 4876 2301 4932 sub
2350 4874 2672 4931 Sarracenis
2715 4875 2861 4946 passi
2900 4873 3151 4946 leguntur
3186 4874 3243 4929 in
3278 4873 3447 4946 gestis

1852 4981 2170 5028 sanctorum
2199 4968 2582 5041 quadraginta.

2224 5104 2289 5163 C.
2337 5104 2422 5163 ιιι
2453 5102 2617 5161 IDUS
2653 5102 3070 5181 NOVEi‘BBlS.

2515 5198 2581 5271 (7
2612 5197 2793 5272 Nov.)
2908 5186 2916 5194 '

1924 5290 1952 5332 ιι
1976 5291 2131 5363 Apud
2155 5289 2564 5356 Alexandriam,
2586 5289 2811 5345 Achilla:
2835 5289 3094 5358 episcopi,
3117 5286 3440 5351 eruditione,

1856 5384 1984 5450 ﬁde,
2014 5383 2453 5448 conversatione,
2476 5389 2532 5436 et
2558 5381 2799 5437 moribus
2827 5380 3072 5449 insignis.

1929 5475 2132 5531 Eodem
2157 5475 2242 5531 die
2269 5474 2465 5530 natalis
2490 5472 2549 5530 S.
2576 5472 2859 5529 Amaranti
2887 5471 3162 5542 martyris,
3187 5462 3280 5538 qui
3301 5466 3444 5539 apud

1853 5563 2204 5643 Albigensem
2256 5568 2483 5634 urbem,
2529 5576 2726 5625 exacto
2773 5565 2961 5637 agonis
3012 5562 3190 5621 ﬁdelis
3232 5568 3440 5635 cursu,

1856 5699 2089 5768 Eccles.,
2114 5716 2163 5757 c.
2196 5692 2285 5757 76.

1931 5783 1955 5813 ο
1997 5764 2187 5841 Deliis
2212 5771 2269 5841 in
2300 5769 2421 5826 Vita
2450 5765 2893 5841 sanctiCzegarii,
2928 5767 2954 5825 i
2981 5764 3124 5825 Nov.

1928 5842 1957 5887 ά
1996 5834 2196 5900 Euseb.
2223 5840 2316 5896 lib.
2345 5855 2444 5911 vn,
2469 5854 2587 5913 cap.
2620 5839 2711 5897 29.
2742 5834 2889 5911 Ruﬁ”.
