  <div class='ocr_page' id='page_1' title='image "/cluster/home/n/w/nwhite01/storage/ocr_20150623/123/hvd.32044011218062/213.png"; bbox 0 0 3936 6348; ppageno 0'>
   <div class='ocr_carea' id='block_1_1' title="bbox 481 376 580 434">
    <p class='ocr_par' dir='ltr' id='par_1_1' title="bbox 481 376 580 434">
     <span class='ocr_line' id='line_1_1' title="bbox 481 376 580 434; baseline 0.02 -2"><span class='ocrx_word' id='word_1_1' title='bbox 481 376 580 434; x_wconf 76' lang='grc'><strong>591</strong></span> 
     </span>
    </p>
   </div>
   <div class='ocr_carea' id='block_1_2' title="bbox 1473 361 2748 426">
    <p class='ocr_par' dir='ltr' id='par_1_2' title="bbox 1473 361 2748 426">
     <span class='ocr_line' id='line_1_2' title="bbox 1473 361 2748 426; baseline -0.002 -3"><span class='ocrx_word' id='word_1_2' title='bbox 1473 369 1532 424; x_wconf 83' lang='grc'><strong>8.</strong></span> <span class='ocrx_word' id='word_1_3' title='bbox 1572 366 1828 426; x_wconf 80' lang='lat' dir='ltr'><strong>ADONIS</strong></span> <span class='ocrx_word' id='word_1_4' title='bbox 1862 363 2293 424; x_wconf 78' lang='lat' dir='ltr'><strong>ARCHIEPISC.</strong></span> <span class='ocrx_word' id='word_1_5' title='bbox 2336 361 2748 422; x_wconf 76' lang='lat' dir='ltr'><strong>VIENNENSIS</strong></span> 
     </span>
    </p>
   </div>
   <div class='ocr_carea' id='block_1_3' title="bbox 472 474 3770 566">
    <p class='ocr_par' dir='ltr' id='par_1_3' title="bbox 472 474 3770 566">
     <span class='ocr_line' id='line_1_3' title="bbox 472 474 3770 566; baseline -0.005 -15"><span class='ocrx_word' id='word_1_6' title='bbox 472 491 720 566; x_wconf 84' lang='lat' dir='ltr'><strong>sepultus</strong></span> <span class='ocrx_word' id='word_1_7' title='bbox 759 489 895 546; x_wconf 92' lang='lat' dir='ltr'><strong>vivit</strong></span> <span class='ocrx_word' id='word_1_8' title='bbox 925 487 980 545; x_wconf 94' lang='lat' dir='ltr'><strong>in</strong></span> <span class='ocrx_word' id='word_1_9' title='bbox 1017 486 1212 561; x_wconf 96' lang='lat' dir='ltr'><strong>gloria.</strong></span> <span class='ocrx_word' id='word_1_10' title='bbox 1256 484 1422 557; x_wconf 85' lang='lat' dir='ltr'><strong>Cujus</strong></span> <span class='ocrx_word' id='word_1_11' title='bbox 1464 499 1683 542; x_wconf 89' lang='lat' dir='ltr'><strong>sacrum</strong></span> <span class='ocrx_word' id='word_1_12' title='bbox 1721 483 2054 557; x_wconf 84' lang='lat' dir='ltr'><strong>sepulcrum,</strong></span> <span class='ocrx_word' id='word_1_13' title='bbox 2082 485 2138 547; x_wconf 82' lang='grc' dir='ltr'><strong>Α</strong></span> <span class='ocrx_word' id='word_1_14' title='bbox 2160 477 2460 552; x_wconf 68' lang='grc' dir='ltr'><strong>Ᾰέεοιιιερίἱ</strong></span> <span class='ocrx_word' id='word_1_15' title='bbox 2521 479 2717 537; x_wconf 90' lang='lat' dir='ltr'><strong>ictibus</strong></span> <span class='ocrx_word' id='word_1_16' title='bbox 2781 475 3181 549; x_wconf 89' lang='lat' dir='ltr'><strong>plumbatarum</strong></span> <span class='ocrx_word' id='word_1_17' title='bbox 3233 474 3362 532; x_wconf 65' lang='lat' dir='ltr'><strong>cmi</strong></span> <span class='ocrx_word' id='word_1_18' title='bbox 3427 475 3770 536; x_wconf 72' lang='lat' dir='ltr'><strong>deﬁcerent.</strong></span> 
     </span>
    </p>
   </div>
   <div class='ocr_carea' id='block_1_4' title="bbox 471 575 1990 648">
    <p class='ocr_par' dir='ltr' id='par_1_4' title="bbox 471 575 1990 648">
     <span class='ocr_line' id='line_1_4' title="bbox 471 575 1990 648; baseline -0.007 -9"><span class='ocrx_word' id='word_1_19' title='bbox 471 584 680 641; x_wconf 84' lang='lat' dir='ltr'><strong>virtute</strong></span> <span class='ocrx_word' id='word_1_20' title='bbox 701 580 930 647; x_wconf 80' lang='lat' dir='ltr'><strong>Christi,</strong></span> <span class='ocrx_word' id='word_1_21' title='bbox 953 578 1232 636; x_wconf 83' lang='lat' dir='ltr'><strong>miraculis</strong></span> <span class='ocrx_word' id='word_1_22' title='bbox 1258 575 1636 648; x_wconf 76' lang='lat' dir='ltr'><strong>frequentibus</strong></span> <span class='ocrx_word' id='word_1_23' title='bbox 1663 575 1990 632; x_wconf 73' lang='lat' dir='ltr'><strong>illustratur.</strong></span> 
     </span>
    </p>
   </div>
   <div class='ocr_carea' id='block_1_5' title="bbox 547 665 2064 749">
    <p class='ocr_par' dir='ltr' id='par_1_5' title="bbox 547 665 2064 749">
     <span class='ocr_line' id='line_1_5' title="bbox 547 665 2064 749; baseline -0.007 -16"><span class='ocrx_word' id='word_1_24' title='bbox 547 690 574 720; x_wconf 75' lang='grc' dir='ltr'>ι</span> <span class='ocrx_word' id='word_1_25' title='bbox 614 675 772 749; x_wconf 80' lang='lat' dir='ltr'><strong>Apud</strong></span> <span class='ocrx_word' id='word_1_26' title='bbox 799 673 1118 732; x_wconf 89' lang='lat' dir='ltr'><strong>Perusinam</strong></span> <span class='ocrx_word' id='word_1_27' title='bbox 1151 671 1320 728; x_wconf 61' lang='lat' dir='ltr'><strong>Italiae</strong></span> <span class='ocrx_word' id='word_1_28' title='bbox 1346 671 1570 738; x_wconf 85' lang='lat' dir='ltr'><strong>urbem,</strong></span> <span class='ocrx_word' id='word_1_29' title='bbox 1597 668 1796 727; x_wconf 76' lang='lat' dir='ltr'><strong>natalis</strong></span> <span class='ocrx_word' id='word_1_30' title='bbox 1835 667 1896 725; x_wconf 92' lang='lat' dir='ltr'><strong>S.</strong></span> <span class='ocrx_word' id='word_1_31' title='bbox 1926 665 2064 724; x_wconf 81' lang='lat' dir='ltr'><strong>Her-</strong></span> 
     </span>
    </p>
   </div>
   <div class='ocr_carea' id='block_1_6' title="bbox 479 765 1346 840">
    <p class='ocr_par' dir='ltr' id='par_1_6' title="bbox 479 765 1346 840">
     <span class='ocr_line' id='line_1_6' title="bbox 479 765 1346 840; baseline -0.01 -13"><span class='ocrx_word' id='word_1_32' title='bbox 479 767 686 833; x_wconf 89' lang='lat' dir='ltr'><strong>culani,</strong></span> <span class='ocrx_word' id='word_1_33' title='bbox 719 765 959 840; x_wconf 86' lang='lat' dir='ltr'><strong>episcopi</strong></span> <span class='ocrx_word' id='word_1_34' title='bbox 988 773 1047 823; x_wconf 89' lang='lat' dir='ltr'><strong>et</strong></span> <span class='ocrx_word' id='word_1_35' title='bbox 1071 765 1346 836; x_wconf 87' lang='lat' dir='ltr'><strong>martyris.</strong></span> 
     </span>
    </p>
   </div>
   <div class='ocr_carea' id='block_1_7' title="bbox 855 918 1676 979">
    <p class='ocr_par' dir='ltr' id='par_1_7' title="bbox 855 918 1676 979">
     <span class='ocr_line' id='line_1_7' title="bbox 855 918 1676 979; baseline -0.001 -2"><span class='ocrx_word' id='word_1_36' title='bbox 855 920 918 977; x_wconf 90' lang='lat' dir='ltr'><strong>D.</strong></span> <span class='ocrx_word' id='word_1_37' title='bbox 957 919 1027 976; x_wconf 77' lang='lat' dir='ltr'><strong>Vl</strong></span> <span class='ocrx_word' id='word_1_38' title='bbox 1061 918 1225 978; x_wconf 84' lang='lat' dir='ltr'><strong>IDUS</strong></span> <span class='ocrx_word' id='word_1_39' title='bbox 1259 918 1676 979; x_wconf 76' lang='lat' dir='ltr'><strong>NOVEMBRIS.</strong></span> 
     </span>
    </p>
   </div>
   <div class='ocr_carea' id='block_1_8' title="bbox 1131 1012 1406 1086">
    <p class='ocr_par' dir='ltr' id='par_1_8' title="bbox 1131 1012 1406 1086">
     <span class='ocr_line' id='line_1_8' title="bbox 1131 1012 1406 1086; baseline -0.007 -15"><span class='ocrx_word' id='word_1_40' title='bbox 1131 1012 1197 1086; x_wconf 91' lang='lat'><strong>(8</strong></span> <span class='ocrx_word' id='word_1_41' title='bbox 1228 1013 1406 1086; x_wconf 84' lang='lat' dir='ltr'><strong>Nov.)</strong></span> 
     </span>
    </p>
   </div>
   <div class='ocr_carea' id='block_1_9' title="bbox 548 1126 2059 1201">
    <p class='ocr_par' dir='ltr' id='par_1_9' title="bbox 548 1126 2059 1201">
     <span class='ocr_line' id='line_1_9' title="bbox 548 1126 2059 1201; baseline -0.001 -17"><span class='ocrx_word' id='word_1_42' title='bbox 548 1128 757 1196; x_wconf 66' lang='lat' dir='ltr'><strong>Romae,</strong></span> <span class='ocrx_word' id='word_1_43' title='bbox 788 1127 984 1185; x_wconf 88' lang='lat' dir='ltr'><strong>natalis</strong></span> <span class='ocrx_word' id='word_1_44' title='bbox 1004 1126 1108 1184; x_wconf 87' lang='lat' dir='ltr'><strong>SS.</strong></span> <span class='ocrx_word' id='word_1_45' title='bbox 1141 1136 1445 1201; x_wconf 87' lang='lat' dir='ltr'><strong>martyrum</strong></span> <span class='ocrx_word' id='word_1_46' title='bbox 1481 1128 1714 1195; x_wconf 88' lang='lat' dir='ltr'><strong>Claudii,</strong></span> <span class='ocrx_word' id='word_1_47' title='bbox 1744 1127 2059 1192; x_wconf 83' lang='lat' dir='ltr'><strong>Nicostrati,</strong></span> 
     </span>
    </p>
   </div>
   <div class='ocr_carea' id='block_1_10' title="bbox 478 1221 2066 1297">
    <p class='ocr_par' dir='ltr' id='par_1_10' title="bbox 478 1221 2066 1297">
     <span class='ocr_line' id='line_1_10' title="bbox 478 1221 2066 1297; baseline -0.003 -15"><span class='ocrx_word' id='word_1_48' title='bbox 478 1222 902 1297; x_wconf 86' lang='lat' dir='ltr'><strong>Symphroniani</strong></span> <span class='ocrx_word' id='word_1_49' title='bbox 921 1264 938 1290; x_wconf 93' lang='lat'><strong>,</strong></span> <span class='ocrx_word' id='word_1_50' title='bbox 968 1221 1224 1290; x_wconf 87' lang='lat' dir='ltr'><strong>Castorii,</strong></span> <span class='ocrx_word' id='word_1_51' title='bbox 1255 1232 1311 1280; x_wconf 90' lang='lat' dir='ltr'><strong>et</strong></span> <span class='ocrx_word' id='word_1_52' title='bbox 1342 1222 1640 1296; x_wconf 86' lang='lat' dir='ltr'><strong>Simplicii,</strong></span> <span class='ocrx_word' id='word_1_53' title='bbox 1669 1222 2066 1295; x_wconf 86' lang='lat' dir='ltr'><strong>imperantibus</strong></span> 
     </span>
    </p>
   </div>
   <div class='ocr_carea' id='block_1_11' title="bbox 474 1313 2066 1374">
    <p class='ocr_par' dir='ltr' id='par_1_11' title="bbox 474 1313 2066 1374">
     <span class='ocr_line' id='line_1_11' title="bbox 474 1313 2066 1374; baseline -0.002 -1"><span class='ocrx_word' id='word_1_54' title='bbox 474 1316 810 1374; x_wconf 85' lang='lat' dir='ltr'><strong>Diocletiano</strong></span> <span class='ocrx_word' id='word_1_55' title='bbox 849 1323 908 1372; x_wconf 89' lang='lat' dir='ltr'><strong>et</strong></span> <span class='ocrx_word' id='word_1_56' title='bbox 953 1315 1298 1372; x_wconf 82' lang='lat' dir='ltr'><strong>Maximiano.</strong></span> <span class='ocrx_word' id='word_1_57' title='bbox 1341 1314 1410 1371; x_wconf 84' lang='lat' dir='ltr'><strong>Hi</strong></span> <span class='ocrx_word' id='word_1_58' title='bbox 1438 1331 1564 1372; x_wconf 90' lang='lat' dir='ltr'><strong>cum</strong></span> <span class='ocrx_word' id='word_1_59' title='bbox 1604 1322 1788 1372; x_wconf 85' lang='lat' dir='ltr'><strong>essent</strong></span> <span class='ocrx_word' id='word_1_60' title='bbox 1825 1313 2066 1370; x_wconf 85' lang='lat' dir='ltr'><strong>artifices</strong></span> 
     </span>
    </p>
   </div>
   <div class='ocr_carea' id='block_1_12' title="bbox 477 1406 2064 1484">
    <p class='ocr_par' dir='ltr' id='par_1_12' title="bbox 477 1406 2064 1484">
     <span class='ocr_line' id='line_1_12' title="bbox 477 1406 2064 1484; baseline -0.003 -17"><span class='ocrx_word' id='word_1_61' title='bbox 477 1410 872 1484; x_wconf 86' lang='lat' dir='ltr'><strong>insignissimi,</strong></span> <span class='ocrx_word' id='word_1_62' title='bbox 915 1419 974 1467; x_wconf 90' lang='lat' dir='ltr'><strong>et</strong></span> <span class='ocrx_word' id='word_1_63' title='bbox 1020 1427 1355 1468; x_wconf 84' lang='lat' dir='ltr'><strong>marmorum</strong></span> <span class='ocrx_word' id='word_1_64' title='bbox 1399 1425 1633 1468; x_wconf 81' lang='lat' dir='ltr'><strong>cacsores</strong></span> <span class='ocrx_word' id='word_1_65' title='bbox 1662 1406 2064 1482; x_wconf 87' lang='lat' dir='ltr'><strong>probatissimi,</strong></span> 
     </span>
    </p>
   </div>
   <div class='ocr_carea' id='block_1_13' title="bbox 476 1499 2066 1574">
    <p class='ocr_par' dir='ltr' id='par_1_13' title="bbox 476 1499 2066 1574">
     <span class='ocr_line' id='line_1_13' title="bbox 476 1499 2066 1574; baseline -0.002 -16"><span class='ocrx_word' id='word_1_66' title='bbox 476 1502 790 1574; x_wconf 83' lang='lat' dir='ltr'><strong>imperatori</strong></span> <span class='ocrx_word' id='word_1_67' title='bbox 818 1502 1154 1560; x_wconf 88' lang='lat' dir='ltr'><strong>Diocletiano</strong></span> <span class='ocrx_word' id='word_1_68' title='bbox 1173 1503 1332 1558; x_wconf 84' lang='lat' dir='ltr'><strong>valde</strong></span> <span class='ocrx_word' id='word_1_69' title='bbox 1359 1502 1491 1559; x_wconf 89' lang='lat' dir='ltr'><strong>facti</strong></span> <span class='ocrx_word' id='word_1_70' title='bbox 1516 1509 1648 1559; x_wconf 92' lang='lat' dir='ltr'><strong>sunt</strong></span> <span class='ocrx_word' id='word_1_71' title='bbox 1669 1502 1899 1572; x_wconf 86' lang='lat' dir='ltr'><strong>accepti.</strong></span> <span class='ocrx_word' id='word_1_72' title='bbox 1930 1499 2066 1556; x_wconf 91' lang='lat' dir='ltr'><strong>Cum</strong></span> 
     </span>
    </p>
   </div>
   <div class='ocr_carea' id='block_1_14' title="bbox 478 1593 2066 1667">
    <p class='ocr_par' dir='ltr' id='par_1_14' title="bbox 478 1593 2066 1667">
     <span class='ocr_line' id='line_1_14' title="bbox 478 1593 2066 1667; baseline -0.003 -16"><span class='ocrx_word' id='word_1_73' title='bbox 478 1595 663 1666; x_wconf 82' lang='lat' dir='ltr'><strong>itaque</strong></span> <span class='ocrx_word' id='word_1_74' title='bbox 688 1605 934 1667; x_wconf 91' lang='lat' dir='ltr'><strong>tempore</strong></span> <span class='ocrx_word' id='word_1_75' title='bbox 959 1595 1195 1666; x_wconf 89' lang='lat' dir='ltr'><strong>quodam</strong></span> <span class='ocrx_word' id='word_1_76' title='bbox 1222 1602 1406 1651; x_wconf 90' lang='lat' dir='ltr'><strong>essent</strong></span> <span class='ocrx_word' id='word_1_77' title='bbox 1447 1593 1797 1666; x_wconf 87' lang='lat' dir='ltr'><strong>quadraturis</strong></span> <span class='ocrx_word' id='word_1_78' title='bbox 1825 1607 2066 1648; x_wconf 85' lang='lat' dir='ltr'><strong>marmo-</strong></span> 
     </span>
    </p>
   </div>
   <div class='ocr_carea' id='block_1_15' title="bbox 478 1670 2066 1757">
    <p class='ocr_par' dir='ltr' id='par_1_15' title="bbox 478 1670 2066 1757">
     <span class='ocr_line' id='line_1_15' title="bbox 478 1670 2066 1757; baseline 0 -17"><span class='ocrx_word' id='word_1_79' title='bbox 478 1701 599 1741; x_wconf 89' lang='lat' dir='ltr'><strong>rum</strong></span> <span class='ocrx_word' id='word_1_80' title='bbox 630 1686 859 1753; x_wconf 90' lang='lat' dir='ltr'><strong>intenti,</strong></span> <span class='ocrx_word' id='word_1_81' title='bbox 889 1670 948 1744; x_wconf 72' lang='grc' dir='ltr'>εἰ</span> <span class='ocrx_word' id='word_1_82' title='bbox 975 1693 1148 1742; x_wconf 92' lang='lat' dir='ltr'><strong>artem</strong></span> <span class='ocrx_word' id='word_1_83' title='bbox 1176 1701 1330 1742; x_wconf 90' lang='lat' dir='ltr'><strong>suam</strong></span> <span class='ocrx_word' id='word_1_84' title='bbox 1361 1685 1518 1757; x_wconf 89' lang='lat' dir='ltr'><strong>signo</strong></span> <span class='ocrx_word' id='word_1_85' title='bbox 1561 1685 1743 1742; x_wconf 89' lang='lat' dir='ltr'><strong>crucis</strong></span> <span class='ocrx_word' id='word_1_86' title='bbox 1770 1684 2066 1751; x_wconf 87' lang='lat' dir='ltr'><strong>munirent,</strong></span> 
     </span>
    </p>
   </div>
   <div class='ocr_carea' id='block_1_16' title="bbox 476 1776 2068 1850">
    <p class='ocr_par' dir='ltr' id='par_1_16' title="bbox 476 1776 2068 1850">
     <span class='ocr_line' id='line_1_16' title="bbox 476 1776 2068 1850; baseline -0.001 -16"><span class='ocrx_word' id='word_1_87' title='bbox 476 1786 533 1834; x_wconf 88' lang='lat' dir='ltr'><strong>et</strong></span> <span class='ocrx_word' id='word_1_88' title='bbox 559 1779 631 1835; x_wconf 87' lang='lat' dir='ltr'><strong>ad</strong></span> <span class='ocrx_word' id='word_1_89' title='bbox 656 1778 991 1836; x_wconf 88' lang='lat' dir='ltr'><strong>voluntatem</strong></span> <span class='ocrx_word' id='word_1_90' title='bbox 1040 1779 1284 1850; x_wconf 91' lang='lat' dir='ltr'><strong>ipsorum</strong></span> <span class='ocrx_word' id='word_1_91' title='bbox 1329 1776 1624 1834; x_wconf 85' lang='lat' dir='ltr'><strong>artificium</strong></span> <span class='ocrx_word' id='word_1_92' title='bbox 1670 1777 1845 1843; x_wconf 87' lang='lat' dir='ltr'><strong>fieret,</strong></span> <span class='ocrx_word' id='word_1_93' title='bbox 1874 1777 2068 1833; x_wconf 92' lang='lat' dir='ltr'><strong>horum</strong></span> 
     </span>
    </p>
   </div>
   <div class='ocr_carea' id='block_1_17' title="bbox 2163 568 3776 644">
    <p class='ocr_par' dir='ltr' id='par_1_17' title="bbox 2163 568 3776 644">
     <span class='ocr_line' id='line_1_17' title="bbox 2163 568 3776 644; baseline -0.002 -13"><span class='ocrx_word' id='word_1_94' title='bbox 2163 573 2406 643; x_wconf 90' lang='lat' dir='ltr'><strong>Quorum</strong></span> <span class='ocrx_word' id='word_1_95' title='bbox 2433 586 2664 644; x_wconf 85' lang='lat' dir='ltr'><strong>corpora</strong></span> <span class='ocrx_word' id='word_1_96' title='bbox 2689 570 2854 642; x_wconf 88' lang='lat' dir='ltr'><strong>jussit</strong></span> <span class='ocrx_word' id='word_1_97' title='bbox 2880 569 2937 626; x_wconf 88' lang='lat' dir='ltr'><strong>in</strong></span> <span class='ocrx_word' id='word_1_98' title='bbox 2969 569 3149 641; x_wconf 89' lang='lat' dir='ltr'><strong>platea</strong></span> <span class='ocrx_word' id='word_1_99' title='bbox 3180 569 3410 628; x_wconf 83' lang='lat' dir='ltr'><strong>canibus</strong></span> <span class='ocrx_word' id='word_1_100' title='bbox 3432 568 3674 640; x_wconf 83' lang='lat' dir='ltr'><strong>jactari,</strong></span> <span class='ocrx_word' id='word_1_101' title='bbox 3707 581 3776 630; x_wconf 78' lang='lat' dir='ltr'><strong>et</strong></span> 
     </span>
    </p>
   </div>
   <div class='ocr_carea' id='block_1_18' title="bbox 2157 659 3773 738">
    <p class='ocr_par' dir='ltr' id='par_1_18' title="bbox 2157 659 3773 738">
     <span class='ocr_line' id='line_1_18' title="bbox 2157 659 3773 738; baseline -0.002 -16"><span class='ocrx_word' id='word_1_102' title='bbox 2157 667 2447 738; x_wconf 90' lang='lat' dir='ltr'><strong>jacuerunt</strong></span> <span class='ocrx_word' id='word_1_103' title='bbox 2489 663 2564 721; x_wconf 91' lang='lat' dir='ltr'><strong>ibi</strong></span> <span class='ocrx_word' id='word_1_104' title='bbox 2604 663 2798 720; x_wconf 90' lang='lat' dir='ltr'><strong>diebus</strong></span> <span class='ocrx_word' id='word_1_105' title='bbox 2836 662 3096 735; x_wconf 91' lang='lat' dir='ltr'><strong>quinque.</strong></span> <span class='ocrx_word' id='word_1_106' title='bbox 3141 659 3296 718; x_wconf 86' lang='lat' dir='ltr'><strong>Tunc</strong></span> <span class='ocrx_word' id='word_1_107' title='bbox 3335 661 3413 733; x_wconf 90' lang='lat' dir='ltr'><strong>pii</strong></span> <span class='ocrx_word' id='word_1_108' title='bbox 3454 661 3773 720; x_wconf 80' lang='lat' dir='ltr'><strong>Christiani</strong></span> 
     </span>
    </p>
   </div>
   <div class='ocr_carea' id='block_1_19' title="bbox 2161 755 3774 829">
    <p class='ocr_par' dir='ltr' id='par_1_19' title="bbox 2161 755 3774 829">
     <span class='ocr_line' id='line_1_19' title="bbox 2161 755 3774 829; baseline -0.001 -14"><span class='ocrx_word' id='word_1_109' title='bbox 2161 767 2434 818; x_wconf 81' lang='lat' dir='ltr'><strong>venerunt</strong></span> <span class='ocrx_word' id='word_1_110' title='bbox 2455 800 2471 829; x_wconf 94' lang='lat'><strong>,</strong></span> <span class='ocrx_word' id='word_1_111' title='bbox 2517 768 2575 816; x_wconf 90' lang='lat' dir='ltr'><strong>et</strong></span> <span class='ocrx_word' id='word_1_112' title='bbox 2628 759 2853 816; x_wconf 89' lang='lat' dir='ltr'><strong>collecta</strong></span> <span class='ocrx_word' id='word_1_113' title='bbox 2899 771 3130 829; x_wconf 91' lang='lat' dir='ltr'><strong>corpora</strong></span> <span class='ocrx_word' id='word_1_114' title='bbox 3187 755 3516 828; x_wconf 88' lang='lat' dir='ltr'><strong>sepelierunt</strong></span> <span class='ocrx_word' id='word_1_115' title='bbox 3561 757 3626 814; x_wconf 86' lang='lat' dir='ltr'><strong>in</strong></span> <span class='ocrx_word' id='word_1_116' title='bbox 3679 759 3774 815; x_wconf 73' lang='lat' dir='ltr'><strong>via</strong></span> 
     </span>
    </p>
   </div>
   <div class='ocr_carea' id='block_1_20' title="bbox 2162 849 3767 918">
    <p class='ocr_par' dir='ltr' id='par_1_20' title="bbox 2162 849 3767 918">
     <span class='ocr_line' id='line_1_20' title="bbox 2162 849 3767 918; baseline -0.003 -8"><span class='ocrx_word' id='word_1_117' title='bbox 2162 854 2433 910; x_wconf 91' lang='lat' dir='ltr'><strong>Lavicana</strong></span> <span class='ocrx_word' id='word_1_118' title='bbox 2459 892 2478 918; x_wconf 93' lang='lat'><strong>,</strong></span> <span class='ocrx_word' id='word_1_119' title='bbox 2526 850 2779 908; x_wconf 82' lang='lat' dir='ltr'><strong>milliaria</strong></span> <span class='ocrx_word' id='word_1_120' title='bbox 2818 850 2889 906; x_wconf 91' lang='lat' dir='ltr'><strong>ab</strong></span> <span class='ocrx_word' id='word_1_121' title='bbox 2928 852 3066 905; x_wconf 85' lang='lat' dir='ltr'><strong>urbe</strong></span> <span class='ocrx_word' id='word_1_122' title='bbox 3108 849 3307 914; x_wconf 89' lang='lat' dir='ltr'><strong>tertio,</strong></span> <span class='ocrx_word' id='word_1_123' title='bbox 3361 850 3416 903; x_wconf 92' lang='lat' dir='ltr'><strong>in</strong></span> <span class='ocrx_word' id='word_1_124' title='bbox 3461 850 3767 915; x_wconf 84' lang='lat' dir='ltr'><strong>arenario,</strong></span> 
     </span>
    </p>
   </div>
   <div class='ocr_carea' id='block_1_21' title="bbox 2157 927 3775 1017">
    <p class='ocr_par' dir='ltr' id='par_1_21' title="bbox 2157 927 3775 1017">
     <span class='ocr_line' id='line_1_21' title="bbox 2157 927 3775 1017; baseline -0.002 -16"><span class='ocrx_word' id='word_1_125' title='bbox 2157 945 2312 1017; x_wconf 85' lang='lat' dir='ltr'><strong>juxta</strong></span> <span class='ocrx_word' id='word_1_126' title='bbox 2342 958 2572 1014; x_wconf 87' lang='lat' dir='ltr'><strong>corpora</strong></span> <span class='ocrx_word' id='word_1_127' title='bbox 2613 950 2928 1000; x_wconf 90' lang='lat' dir='ltr'><strong>sanctorum</strong></span> <span class='ocrx_word' id='word_1_128' title='bbox 2976 949 3280 1013; x_wconf 89' lang='lat' dir='ltr'><strong>martyrum</strong></span> <span class='ocrx_word' id='word_1_129' title='bbox 3310 940 3553 1011; x_wconf 89' lang='lat' dir='ltr'><strong>Claudii,</strong></span> <span class='ocrx_word' id='word_1_130' title='bbox 3603 927 3775 999; x_wconf 78' lang='lat' dir='ltr'><strong>Nico—</strong></span> 
     </span>
    </p>
   </div>
   <div class='ocr_carea' id='block_1_22' title="bbox 2165 1033 3773 1109">
    <p class='ocr_par' dir='ltr' id='par_1_22' title="bbox 2165 1033 3773 1109">
     <span class='ocr_line' id='line_1_22' title="bbox 2165 1033 3773 1109; baseline -0.001 -15"><span class='ocrx_word' id='word_1_131' title='bbox 2165 1038 2360 1104; x_wconf 86' lang='lat' dir='ltr'><strong>strati,</strong></span> <span class='ocrx_word' id='word_1_132' title='bbox 2402 1034 2854 1109; x_wconf 86' lang='lat' dir='ltr'><strong>Symphroniani,</strong></span> <span class='ocrx_word' id='word_1_133' title='bbox 2904 1033 3139 1090; x_wconf 88' lang='lat' dir='ltr'><strong>Castorii</strong></span> <span class='ocrx_word' id='word_1_134' title='bbox 3183 1043 3239 1091; x_wconf 91' lang='lat' dir='ltr'><strong>et</strong></span> <span class='ocrx_word' id='word_1_135' title='bbox 3287 1033 3554 1106; x_wconf 90' lang='lat' dir='ltr'><strong>Simplici.</strong></span> <span class='ocrx_word' id='word_1_136' title='bbox 3609 1034 3773 1092; x_wconf 76' lang='lat' dir='ltr'><strong>Passi</strong></span> 
     </span>
    </p>
   </div>
   <div class='ocr_carea' id='block_1_23' title="bbox 2167 1125 3772 1198">
    <p class='ocr_par' dir='ltr' id='par_1_23' title="bbox 2167 1125 3772 1198">
     <span class='ocr_line' id='line_1_23' title="bbox 2167 1125 3772 1198; baseline -0.001 -13"><span class='ocrx_word' id='word_1_137' title='bbox 2167 1136 2293 1186; x_wconf 90' lang='lat' dir='ltr'><strong>sunt</strong></span> <span class='ocrx_word' id='word_1_138' title='bbox 2318 1138 2499 1184; x_wconf 82' lang='lat' dir='ltr'><strong>autem</strong></span> <span class='ocrx_word' id='word_1_139' title='bbox 2533 1136 2690 1184; x_wconf 86' lang='lat' dir='ltr'><strong>sexto</strong></span> <span class='ocrx_word' id='word_1_140' title='bbox 2716 1127 2842 1183; x_wconf 89' lang='lat' dir='ltr'><strong>ldus</strong></span> <span class='ocrx_word' id='word_1_141' title='bbox 2865 1125 3210 1193; x_wconf 83' lang='lat' dir='ltr'><strong>Novembris,</strong></span> <span class='ocrx_word' id='word_1_142' title='bbox 3235 1135 3358 1197; x_wconf 90' lang='lat' dir='ltr'><strong>post</strong></span> <span class='ocrx_word' id='word_1_143' title='bbox 3395 1127 3527 1184; x_wconf 85' lang='lat' dir='ltr'><strong>duos</strong></span> <span class='ocrx_word' id='word_1_144' title='bbox 3554 1129 3772 1198; x_wconf 73' lang='lat' dir='ltr'><strong>;tamen</strong></span> 
     </span>
    </p>
   </div>
   <div class='ocr_carea' id='block_1_24' title="bbox 2168 1219 3774 1294">
    <p class='ocr_par' dir='ltr' id='par_1_24' title="bbox 2168 1219 3774 1294">
     <span class='ocr_line' id='line_1_24' title="bbox 2168 1219 3774 1294; baseline -0.001 -16"><span class='ocrx_word' id='word_1_145' title='bbox 2168 1237 2339 1278; x_wconf 91' lang='lat' dir='ltr'><strong>annos</strong></span> <span class='ocrx_word' id='word_1_146' title='bbox 2389 1221 2659 1294; x_wconf 89' lang='lat' dir='ltr'><strong>passionis</strong></span> <span class='ocrx_word' id='word_1_147' title='bbox 2705 1221 2901 1278; x_wconf 88' lang='lat' dir='ltr'><strong>horum</strong></span> <span class='ocrx_word' id='word_1_148' title='bbox 2957 1219 3196 1292; x_wconf 89' lang='lat' dir='ltr'><strong>quinque</strong></span> <span class='ocrx_word' id='word_1_149' title='bbox 3248 1231 3573 1292; x_wconf 83' lang='lat' dir='ltr'><strong>martyrum.</strong></span> <span class='ocrx_word' id='word_1_150' title='bbox 3631 1219 3774 1277; x_wconf 75' lang='lat' dir='ltr'><strong>Cum</strong></span> 
     </span>
    </p>
   </div>
   <div class='ocr_carea' id='block_1_25' title="bbox 2168 1316 3774 1386">
    <p class='ocr_par' dir='ltr' id='par_1_25' title="bbox 2168 1316 3774 1386">
     <span class='ocr_line' id='line_1_25' title="bbox 2168 1316 3774 1386; baseline -0.002 -10"><span class='ocrx_word' id='word_1_151' title='bbox 2168 1328 2350 1377; x_wconf 83' lang='lat' dir='ltr'><strong>autem</strong></span> <span class='ocrx_word' id='word_1_152' title='bbox 2395 1319 2615 1376; x_wconf 87' lang='lat' dir='ltr'><strong>nomina</strong></span> <span class='ocrx_word' id='word_1_153' title='bbox 2644 1334 2836 1374; x_wconf 89' lang='lat' dir='ltr'><strong>eorum</strong></span> <span class='ocrx_word' id='word_1_154' title='bbox 2879 1316 3104 1372; x_wconf 90' lang='lat' dir='ltr'><strong>minime</strong></span> <span class='ocrx_word' id='word_1_155' title='bbox 3148 1316 3542 1386; x_wconf 72' lang='lat' dir='ltr'><strong>raperirentur,</strong></span> <span class='ocrx_word' id='word_1_156' title='bbox 3577 1317 3774 1372; x_wconf 72' lang='lat' dir='ltr'><strong>statuit</strong></span> 
     </span>
    </p>
   </div>
   <div class='ocr_carea' id='block_1_26' title="bbox 2169 1395 3774 1481">
    <p class='ocr_par' dir='ltr' id='par_1_26' title="bbox 2169 1395 3774 1481">
     <span class='ocr_line' id='line_1_26' title="bbox 2169 1395 3774 1481; baseline -0.003 -12"><span class='ocrx_word' id='word_1_157' title='bbox 2169 1415 2361 1470; x_wconf 90' lang='lat' dir='ltr'><strong>beatus</strong></span> <span class='ocrx_word' id='word_1_158' title='bbox 2381 1411 2709 1468; x_wconf 85' lang='lat' dir='ltr'><strong>Melchiades</strong></span> <span class='ocrx_word' id='word_1_159' title='bbox 2727 1410 3016 1481; x_wconf 86' lang='lat' dir='ltr'><strong>episcopus</strong></span> <span class='ocrx_word' id='word_1_160' title='bbox 3047 1395 3113 1463; x_wconf 74' lang='lat' dir='ltr'><strong>ut</strong></span> <span class='ocrx_word' id='word_1_161' title='bbox 3133 1407 3499 1464; x_wconf 85' lang='lat' dir='ltr'><strong>anniversaria</strong></span> <span class='ocrx_word' id='word_1_162' title='bbox 3519 1416 3774 1479; x_wconf 80' lang='lat' dir='ltr'><strong>quatuor</strong></span> 
     </span>
    </p>
   </div>
   <div class='ocr_carea' id='block_1_27' title="bbox 2168 1500 3776 1583">
    <p class='ocr_par' dir='ltr' id='par_1_27' title="bbox 2168 1500 3776 1583">
     <span class='ocr_line' id='line_1_27' title="bbox 2168 1500 3776 1583; baseline -0.004 -20"><span class='ocrx_word' id='word_1_163' title='bbox 2168 1506 2566 1563; x_wconf 90' lang='lat' dir='ltr'><strong>Coronatorum</strong></span> <span class='ocrx_word' id='word_1_164' title='bbox 2594 1504 2710 1561; x_wconf 89' lang='lat' dir='ltr'><strong>dies</strong></span> <span class='ocrx_word' id='word_1_165' title='bbox 2729 1503 2829 1570; x_wconf 83' lang='lat' dir='ltr'><strong>sub</strong></span> <span class='ocrx_word' id='word_1_166' title='bbox 2849 1502 3165 1559; x_wconf 82' lang='lat' dir='ltr'><strong>nominibus</strong></span> <span class='ocrx_word' id='word_1_167' title='bbox 3185 1511 3495 1559; x_wconf 88' lang='lat' dir='ltr'><strong>sanctorum</strong></span> <span class='ocrx_word' id='word_1_168' title='bbox 3515 1500 3776 1583; x_wconf 69' lang='lat' dir='ltr'><strong>quinque</strong></span> 
     </span>
    </p>
   </div>
   <div class='ocr_carea' id='block_1_28' title="bbox 2171 1594 3769 1671">
    <p class='ocr_par' dir='ltr' id='par_1_28' title="bbox 2171 1594 3769 1671">
     <span class='ocr_line' id='line_1_28' title="bbox 2171 1594 3769 1671; baseline -0.006 -16"><span class='ocrx_word' id='word_1_169' title='bbox 2171 1610 2476 1671; x_wconf 85' lang='lat' dir='ltr'><strong>martyrum</strong></span> <span class='ocrx_word' id='word_1_170' title='bbox 2499 1594 3360 1654; x_wconf 85' lang='lat' dir='ltr'><strong>recoleretur.-lntercurreutibus</strong></span> <span class='ocrx_word' id='word_1_171' title='bbox 3379 1603 3562 1651; x_wconf 81' lang='lat' dir='ltr'><strong>tamen</strong></span> <span class='ocrx_word' id='word_1_172' title='bbox 3587 1594 3769 1659; x_wconf 74' lang='lat' dir='ltr'><strong>annis,</strong></span> 
     </span>
    </p>
   </div>
   <div class='ocr_carea' id='block_1_29' title="bbox 2173 1684 3771 1749">
    <p class='ocr_par' dir='ltr' id='par_1_29' title="bbox 2173 1684 3771 1749">
     <span class='ocr_line' id='line_1_29' title="bbox 2173 1684 3771 1749; baseline -0.006 -1"><span class='ocrx_word' id='word_1_173' title='bbox 2173 1690 2389 1749; x_wconf 88' lang='lat' dir='ltr'><strong>cuidam</strong></span> <span class='ocrx_word' id='word_1_174' title='bbox 2443 1696 2635 1745; x_wconf 86' lang='lat' dir='ltr'><strong>sancto</strong></span> <span class='ocrx_word' id='word_1_175' title='bbox 2665 1688 2785 1743; x_wconf 91' lang='lat' dir='ltr'><strong>viro</strong></span> <span class='ocrx_word' id='word_1_176' title='bbox 2824 1686 2989 1742; x_wconf 88' lang='lat' dir='ltr'><strong>etiam</strong></span> <span class='ocrx_word' id='word_1_177' title='bbox 3032 1686 3253 1742; x_wconf 88' lang='lat' dir='ltr'><strong>nomina</strong></span> <span class='ocrx_word' id='word_1_178' title='bbox 3293 1699 3478 1742; x_wconf 89' lang='lat' dir='ltr'><strong>eorum</strong></span> <span class='ocrx_word' id='word_1_179' title='bbox 3515 1684 3771 1742; x_wconf 77' lang='lat' dir='ltr'><strong>revelata</strong></span> 
     </span>
    </p>
   </div>
   <div class='ocr_carea' id='block_1_30' title="bbox 2175 1776 3770 1845">
    <p class='ocr_par' dir='ltr' id='par_1_30' title="bbox 2175 1776 3770 1845">
     <span class='ocr_line' id='line_1_30' title="bbox 2175 1776 3770 1845; baseline -0.004 -7"><span class='ocrx_word' id='word_1_180' title='bbox 2175 1791 2323 1838; x_wconf 85' lang='lat' dir='ltr'><strong>sunt.</strong></span> <span class='ocrx_word' id='word_1_181' title='bbox 2356 1781 2652 1838; x_wconf 87' lang='lat' dir='ltr'><strong>Festivitas</strong></span> <span class='ocrx_word' id='word_1_182' title='bbox 2682 1795 2812 1836; x_wconf 88' lang='lat' dir='ltr'><strong>vero</strong></span> <span class='ocrx_word' id='word_1_183' title='bbox 2842 1787 2902 1835; x_wconf 89' lang='lat' dir='ltr'><strong>ut</strong></span> <span class='ocrx_word' id='word_1_184' title='bbox 2940 1778 3121 1836; x_wconf 81' lang='lat' dir='ltr'><strong>fuerat</strong></span> <span class='ocrx_word' id='word_1_185' title='bbox 3147 1786 3387 1845; x_wconf 88' lang='lat' dir='ltr'><strong>statuta,</strong></span> <span class='ocrx_word' id='word_1_186' title='bbox 3428 1776 3676 1835; x_wconf 80' lang='lat' dir='ltr'><strong>celebris</strong></span> <span class='ocrx_word' id='word_1_187' title='bbox 3717 1777 3770 1831; x_wconf 88' lang='lat' dir='ltr'><strong>in</strong></span> 
     </span>
    </p>
   </div>
   <div class='ocr_carea' id='block_1_31' title="bbox 477 1863 3768 1946">
    <p class='ocr_par' dir='ltr' id='par_1_31' title="bbox 477 1863 3768 1946">
     <span class='ocr_line' id='line_1_31' title="bbox 477 1863 3768 1946; baseline 0 -20"><span class='ocrx_word' id='word_1_188' title='bbox 477 1887 619 1928; x_wconf 90' lang='lat' dir='ltr'><strong>unus</strong></span> <span class='ocrx_word' id='word_1_189' title='bbox 641 1871 973 1944; x_wconf 77' lang='lat' dir='ltr'><strong>Simplicius,</strong></span> <span class='ocrx_word' id='word_1_190' title='bbox 992 1873 1085 1945; x_wconf 89' lang='lat' dir='ltr'><strong>qui</strong></span> <span class='ocrx_word' id='word_1_191' title='bbox 1111 1875 1290 1931; x_wconf 91' lang='lat' dir='ltr'><strong>adhuc</strong></span> <span class='ocrx_word' id='word_1_192' title='bbox 1310 1889 1524 1946; x_wconf 90' lang='lat' dir='ltr'><strong>pagano</strong></span> <span class='ocrx_word' id='word_1_193' title='bbox 1548 1888 1737 1931; x_wconf 87' lang='lat' dir='ltr'><strong>errore</strong></span> <span class='ocrx_word' id='word_1_194' title='bbox 1758 1875 2068 1940; x_wconf 88' lang='lat' dir='ltr'><strong>tenebatur,</strong></span> <span class='ocrx_word' id='word_1_195' title='bbox 2098 1863 2146 1925; x_wconf 84' lang='grc' dir='ltr'><strong>Β</strong></span> <span class='ocrx_word' id='word_1_196' title='bbox 2175 1874 2408 1930; x_wconf 90' lang='lat' dir='ltr'><strong>aliorum</strong></span> <span class='ocrx_word' id='word_1_197' title='bbox 2461 1881 2764 1944; x_wconf 85' lang='lat' dir='ltr'><strong>martyrum</strong></span> <span class='ocrx_word' id='word_1_198' title='bbox 2805 1870 3105 1928; x_wconf 77' lang='lat' dir='ltr'><strong>festivitate</strong></span> <span class='ocrx_word' id='word_1_199' title='bbox 3147 1869 3467 1940; x_wconf 85' lang='lat' dir='ltr'><strong>permansit,</strong></span> <span class='ocrx_word' id='word_1_200' title='bbox 3495 1884 3572 1926; x_wconf 86' lang='lat' dir='ltr'><strong>ac</strong></span> <span class='ocrx_word' id='word_1_201' title='bbox 3620 1867 3768 1926; x_wconf 77' lang='lat' dir='ltr'><strong>locus</strong></span> 
     </span>
    </p>
   </div>
   <div class='ocr_carea' id='block_1_32' title="bbox 479 1961 2072 2038">
    <p class='ocr_par' dir='ltr' id='par_1_32' title="bbox 479 1961 2072 2038">
     <span class='ocr_line' id='line_1_32' title="bbox 479 1961 2072 2038; baseline 0.002 -21"><span class='ocrx_word' id='word_1_202' title='bbox 479 1961 617 2018; x_wconf 84' lang='lat' dir='ltr'><strong>dixit</strong></span> <span class='ocrx_word' id='word_1_203' title='bbox 661 1963 729 2018; x_wconf 88' lang='lat' dir='ltr'><strong>ad</strong></span> <span class='ocrx_word' id='word_1_204' title='bbox 778 1972 1017 2036; x_wconf 90' lang='lat' dir='ltr'><strong>quatuor</strong></span> <span class='ocrx_word' id='word_1_205' title='bbox 1055 1965 1340 2036; x_wconf 89' lang='lat' dir='ltr'><strong>reliquos:</strong></span> <span class='ocrx_word' id='word_1_206' title='bbox 1371 1966 1578 2037; x_wconf 81' lang='lat' dir='ltr'><strong>Adjuro</strong></span> <span class='ocrx_word' id='word_1_207' title='bbox 1615 1981 1714 2023; x_wconf 80' lang='lat' dir='ltr'><strong>vos</strong></span> <span class='ocrx_word' id='word_1_208' title='bbox 1763 1982 1864 2038; x_wconf 91' lang='lat' dir='ltr'><strong>per</strong></span> <span class='ocrx_word' id='word_1_209' title='bbox 1913 1966 2072 2022; x_wconf 91' lang='lat' dir='ltr'><strong>deum</strong></span> 
     </span>
    </p>
   </div>
   <div class='ocr_carea' id='block_1_33' title="bbox 481 2051 2076 2126">
    <p class='ocr_par' dir='ltr' id='par_1_33' title="bbox 481 2051 2076 2126">
     <span class='ocr_line' id='line_1_33' title="bbox 481 2051 2076 2126; baseline 0.002 -18"><span class='ocrx_word' id='word_1_210' title='bbox 481 2051 686 2120; x_wconf 88' lang='lat' dir='ltr'><strong>Solem,</strong></span> <span class='ocrx_word' id='word_1_211' title='bbox 711 2061 772 2108; x_wconf 89' lang='lat' dir='ltr'><strong>ut</strong></span> <span class='ocrx_word' id='word_1_212' title='bbox 796 2055 922 2125; x_wconf 87' lang='lat' dir='ltr'><strong>quis</strong></span> <span class='ocrx_word' id='word_1_213' title='bbox 973 2055 1078 2112; x_wconf 90' lang='lat' dir='ltr'><strong>iste</strong></span> <span class='ocrx_word' id='word_1_214' title='bbox 1105 2055 1250 2112; x_wconf 88' lang='lat' dir='ltr'><strong>Deus</strong></span> <span class='ocrx_word' id='word_1_215' title='bbox 1294 2056 1368 2112; x_wconf 87' lang='lat' dir='ltr'><strong>sit</strong></span> <span class='ocrx_word' id='word_1_216' title='bbox 1405 2057 1599 2113; x_wconf 85' lang='lat' dir='ltr'><strong>dicatis</strong></span> <span class='ocrx_word' id='word_1_217' title='bbox 1643 2055 1799 2123; x_wconf 89' lang='lat' dir='ltr'><strong>mihi,</strong></span> <span class='ocrx_word' id='word_1_218' title='bbox 1829 2056 1884 2111; x_wconf 92' lang='lat' dir='ltr'><strong>in</strong></span> <span class='ocrx_word' id='word_1_219' title='bbox 1917 2055 2076 2126; x_wconf 84' lang='lat' dir='ltr'><strong>cujus</strong></span> 
     </span>
    </p>
   </div>
   <div class='ocr_carea' id='block_1_34' title="bbox 482 2145 2076 2221">
    <p class='ocr_par' dir='ltr' id='par_1_34' title="bbox 482 2145 2076 2221">
     <span class='ocr_line' id='line_1_34' title="bbox 482 2145 2076 2221; baseline 0.002 -21"><span class='ocrx_word' id='word_1_220' title='bbox 482 2145 700 2202; x_wconf 89' lang='lat' dir='ltr'><strong>nomine</strong></span> <span class='ocrx_word' id='word_1_221' title='bbox 725 2161 822 2202; x_wconf 87' lang='lat' dir='ltr'><strong>vos</strong></span> <span class='ocrx_word' id='word_1_222' title='bbox 867 2154 978 2202; x_wconf 89' lang='lat' dir='ltr'><strong>tam</strong></span> <span class='ocrx_word' id='word_1_223' title='bbox 1016 2149 1157 2204; x_wconf 90' lang='lat' dir='ltr'><strong>bene</strong></span> <span class='ocrx_word' id='word_1_224' title='bbox 1195 2149 1517 2220; x_wconf 89' lang='lat' dir='ltr'><strong>operamini.</strong></span> <span class='ocrx_word' id='word_1_225' title='bbox 1547 2148 1647 2205; x_wconf 89' lang='lat' dir='ltr'><strong>Cui</strong></span> <span class='ocrx_word' id='word_1_226' title='bbox 1681 2147 2076 2221; x_wconf 87' lang='lat' dir='ltr'><strong>Symphronia-</strong></span> 
     </span>
    </p>
   </div>
   <div class='ocr_carea' id='block_1_35' title="bbox 481 2237 2076 2310">
    <p class='ocr_par' dir='ltr' id='par_1_35' title="bbox 481 2237 2076 2310">
     <span class='ocr_line' id='line_1_35' title="bbox 481 2237 2076 2310; baseline 0.003 -18"><span class='ocrx_word' id='word_1_227' title='bbox 481 2252 587 2293; x_wconf 91' lang='lat' dir='ltr'><strong>nus</strong></span> <span class='ocrx_word' id='word_1_228' title='bbox 617 2253 633 2293; x_wconf 92' lang='lat'>:</span> <span class='ocrx_word' id='word_1_229' title='bbox 665 2237 724 2294; x_wconf 88' lang='lat' dir='ltr'><strong>Si</strong></span> <span class='ocrx_word' id='word_1_230' title='bbox 749 2247 906 2310; x_wconf 85' lang='lat' dir='ltr'><strong>potes</strong></span> <span class='ocrx_word' id='word_1_231' title='bbox 935 2240 1184 2309; x_wconf 84' lang='lat' dir='ltr'><strong>credere,</strong></span> <span class='ocrx_word' id='word_1_232' title='bbox 1212 2241 1457 2298; x_wconf 89' lang='lat' dir='ltr'><strong>dicemus</strong></span> <span class='ocrx_word' id='word_1_233' title='bbox 1484 2241 1614 2308; x_wconf 89' lang='lat' dir='ltr'><strong>tibi,</strong></span> <span class='ocrx_word' id='word_1_234' title='bbox 1659 2249 1714 2297; x_wconf 92' lang='lat' dir='ltr'><strong>et</strong></span> <span class='ocrx_word' id='word_1_235' title='bbox 1738 2257 1866 2298; x_wconf 82' lang='lat' dir='ltr'><strong>mox</strong></span> <span class='ocrx_word' id='word_1_236' title='bbox 1900 2250 2076 2298; x_wconf 87' lang='lat' dir='ltr'><strong>artem</strong></span> 
     </span>
    </p>
   </div>
   <div class='ocr_carea' id='block_1_36' title="bbox 483 2331 2076 2404">
    <p class='ocr_par' dir='ltr' id='par_1_36' title="bbox 483 2331 2076 2404">
     <span class='ocr_line' id='line_1_36' title="bbox 483 2331 2076 2404; baseline 0 -17"><span class='ocrx_word' id='word_1_237' title='bbox 483 2332 855 2404; x_wconf 78' lang='lat' dir='ltr'><strong>consequeris,</strong></span> <span class='ocrx_word' id='word_1_238' title='bbox 897 2333 992 2389; x_wconf 90' lang='lat' dir='ltr'><strong>sed</strong></span> <span class='ocrx_word' id='word_1_239' title='bbox 1035 2341 1091 2389; x_wconf 91' lang='lat' dir='ltr'><strong>et</strong></span> <span class='ocrx_word' id='word_1_240' title='bbox 1136 2333 1304 2389; x_wconf 89' lang='lat' dir='ltr'><strong>vitam</strong></span> <span class='ocrx_word' id='word_1_241' title='bbox 1336 2341 1596 2390; x_wconf 82' lang='lat' dir='ltr'><strong>aeternam</strong></span> <span class='ocrx_word' id='word_1_242' title='bbox 1627 2332 1874 2389; x_wconf 89' lang='lat' dir='ltr'><strong>habebis.</strong></span> <span class='ocrx_word' id='word_1_243' title='bbox 1904 2331 2076 2400; x_wconf 85' lang='lat' dir='ltr'><strong>Quem</strong></span> 
     </span>
    </p>
   </div>
   <div class='ocr_carea' id='block_1_37' title="bbox 485 2426 2077 2503">
    <p class='ocr_par' dir='ltr' id='par_1_37' title="bbox 485 2426 2077 2503">
     <span class='ocr_line' id='line_1_37' title="bbox 485 2426 2077 2503; baseline 0.001 -22"><span class='ocrx_word' id='word_1_244' title='bbox 485 2440 608 2482; x_wconf 92' lang='lat' dir='ltr'><strong>cum</strong></span> <span class='ocrx_word' id='word_1_245' title='bbox 651 2426 706 2482; x_wconf 91' lang='lat' dir='ltr'><strong>in</strong></span> <span class='ocrx_word' id='word_1_246' title='bbox 745 2427 853 2484; x_wconf 87' lang='lat' dir='ltr'><strong>fide</strong></span> <span class='ocrx_word' id='word_1_247' title='bbox 879 2427 1146 2486; x_wconf 90' lang='lat' dir='ltr'><strong>sociatum</strong></span> <span class='ocrx_word' id='word_1_248' title='bbox 1175 2430 1338 2486; x_wconf 88' lang='lat' dir='ltr'><strong>beato</strong></span> <span class='ocrx_word' id='word_1_249' title='bbox 1377 2428 1580 2503; x_wconf 90' lang='lat' dir='ltr'><strong>Cyrillo</strong></span> <span class='ocrx_word' id='word_1_250' title='bbox 1603 2429 1860 2502; x_wconf 88' lang='lat' dir='ltr'><strong>episcopo</strong></span> <span class='ocrx_word' id='word_1_251' title='bbox 1895 2428 2077 2486; x_wconf 88' lang='lat' dir='ltr'><strong>consi-</strong></span> 
     </span>
    </p>
   </div>
   <div class='ocr_carea' id='block_1_38' title="bbox 483 2520 2078 2594">
    <p class='ocr_par' dir='ltr' id='par_1_38' title="bbox 483 2520 2078 2594">
     <span class='ocr_line' id='line_1_38' title="bbox 483 2520 2078 2594; baseline 0.002 -20"><span class='ocrx_word' id='word_1_252' title='bbox 483 2526 766 2591; x_wconf 87' lang='lat' dir='ltr'><strong>gnassent,</strong></span> <span class='ocrx_word' id='word_1_253' title='bbox 789 2520 962 2578; x_wconf 89' lang='lat' dir='ltr'><strong>isdem</strong></span> <span class='ocrx_word' id='word_1_254' title='bbox 982 2522 1268 2594; x_wconf 89' lang='lat' dir='ltr'><strong>episcopus</strong></span> <span class='ocrx_word' id='word_1_255' title='bbox 1292 2522 1592 2594; x_wconf 88' lang='lat' dir='ltr'><strong>baptizavit</strong></span> <span class='ocrx_word' id='word_1_256' title='bbox 1611 2537 1759 2589; x_wconf 91' lang='lat' dir='ltr'><strong>eum,</strong></span> <span class='ocrx_word' id='word_1_257' title='bbox 1782 2529 1840 2578; x_wconf 93' lang='lat' dir='ltr'><strong>et</strong></span> <span class='ocrx_word' id='word_1_258' title='bbox 1857 2521 2078 2578; x_wconf 84' lang='lat' dir='ltr'><strong>Christo</strong></span> 
     </span>
    </p>
   </div>
   <div class='ocr_carea' id='block_1_39' title="bbox 485 2609 2077 2689">
    <p class='ocr_par' dir='ltr' id='par_1_39' title="bbox 485 2609 2077 2689">
     <span class='ocr_line' id='line_1_39' title="bbox 485 2609 2077 2689; baseline 0.003 -23"><span class='ocrx_word' id='word_1_259' title='bbox 485 2609 715 2668; x_wconf 90' lang='lat' dir='ltr'><strong>Domino</strong></span> <span class='ocrx_word' id='word_1_260' title='bbox 741 2615 962 2671; x_wconf 91' lang='lat' dir='ltr'><strong>credere</strong></span> <span class='ocrx_word' id='word_1_261' title='bbox 987 2614 1323 2672; x_wconf 79' lang='lat' dir='ltr'><strong>informavit.</strong></span> <span class='ocrx_word' id='word_1_262' title='bbox 1349 2615 1466 2672; x_wconf 82' lang='lat' dir='ltr'><strong>Non</strong></span> <span class='ocrx_word' id='word_1_263' title='bbox 1488 2617 1661 2673; x_wconf 90' lang='lat' dir='ltr'><strong>multo</strong></span> <span class='ocrx_word' id='word_1_264' title='bbox 1686 2625 1808 2689; x_wconf 91' lang='lat' dir='ltr'><strong>post</strong></span> <span class='ocrx_word' id='word_1_265' title='bbox 1837 2615 2077 2673; x_wconf 88' lang='lat' dir='ltr'><strong>accusati</strong></span> 
     </span>
    </p>
   </div>
   <div class='ocr_carea' id='block_1_40' title="bbox 486 2705 2078 2782">
    <p class='ocr_par' dir='ltr' id='par_1_40' title="bbox 486 2705 2078 2782">
     <span class='ocr_line' id='line_1_40' title="bbox 486 2705 2078 2782; baseline 0.003 -22"><span class='ocrx_word' id='word_1_266' title='bbox 486 2721 518 2760; x_wconf 91' lang='lat' dir='ltr'><strong>a</strong></span> <span class='ocrx_word' id='word_1_267' title='bbox 544 2705 887 2779; x_wconf 89' lang='lat' dir='ltr'><strong>philosophis</strong></span> <span class='ocrx_word' id='word_1_268' title='bbox 929 2709 1076 2780; x_wconf 91' lang='lat' dir='ltr'><strong>quod</strong></span> <span class='ocrx_word' id='word_1_269' title='bbox 1104 2707 1401 2766; x_wconf 88' lang='lat' dir='ltr'><strong>Christiani</strong></span> <span class='ocrx_word' id='word_1_270' title='bbox 1422 2719 1629 2779; x_wconf 89' lang='lat' dir='ltr'><strong>essent,</strong></span> <span class='ocrx_word' id='word_1_271' title='bbox 1655 2718 1710 2766; x_wconf 89' lang='lat' dir='ltr'><strong>et</strong></span> <span class='ocrx_word' id='word_1_272' title='bbox 1733 2710 1876 2782; x_wconf 91' lang='lat' dir='ltr'><strong>quod</strong></span> <span class='ocrx_word' id='word_1_273' title='bbox 1916 2710 2078 2766; x_wconf 87' lang='lat' dir='ltr'><strong>deum</strong></span> 
     </span>
    </p>
   </div>
   <div class='ocr_carea' id='block_1_41' title="bbox 489 2796 2080 2876">
    <p class='ocr_par' dir='ltr' id='par_1_41' title="bbox 489 2796 2080 2876">
     <span class='ocr_line' id='line_1_41' title="bbox 489 2796 2080 2876; baseline 0.002 -22"><span class='ocrx_word' id='word_1_274' title='bbox 489 2796 867 2871; x_wconf 66' lang='lat' dir='ltr'><strong>Esculapium</strong></span> <span class='ocrx_word' id='word_1_275' title='bbox 891 2800 1119 2874; x_wconf 80' lang='lat' dir='ltr'><strong>fingere,</strong></span> <span class='ocrx_word' id='word_1_276' title='bbox 1143 2803 1284 2859; x_wconf 89' lang='lat' dir='ltr'><strong>sicut</strong></span> <span class='ocrx_word' id='word_1_277' title='bbox 1309 2813 1644 2876; x_wconf 68' lang='lat' dir='ltr'><strong>praeceperat</strong></span> <span class='ocrx_word' id='word_1_278' title='bbox 1669 2803 1986 2875; x_wconf 87' lang='lat' dir='ltr'><strong>imperator,</strong></span> <span class='ocrx_word' id='word_1_279' title='bbox 2011 2818 2080 2858; x_wconf 87' lang='lat' dir='ltr'><strong>ex</strong></span> 
     </span>
    </p>
   </div>
   <div class='ocr_carea' id='block_1_42' title="bbox 485 2895 2076 2966">
    <p class='ocr_par' dir='ltr' id='par_1_42' title="bbox 485 2895 2076 2966">
     <span class='ocr_line' id='line_1_42' title="bbox 485 2895 2076 2966; baseline 0.003 -20"><span class='ocrx_word' id='word_1_280' title='bbox 485 2907 758 2950; x_wconf 86' lang='lat' dir='ltr'><strong>marmore</strong></span> <span class='ocrx_word' id='word_1_281' title='bbox 810 2895 1193 2966; x_wconf 87' lang='lat' dir='ltr'><strong>porphyretico</strong></span> <span class='ocrx_word' id='word_1_282' title='bbox 1261 2905 1317 2951; x_wconf 91' lang='lat' dir='ltr'><strong>et</strong></span> <span class='ocrx_word' id='word_1_283' title='bbox 1374 2896 1693 2966; x_wconf 90' lang='lat' dir='ltr'><strong>proconisso</strong></span> <span class='ocrx_word' id='word_1_284' title='bbox 1745 2895 2076 2959; x_wconf 87' lang='lat' dir='ltr'><strong>noluissent,</strong></span> 
     </span>
    </p>
   </div>
   <div class='ocr_carea' id='block_1_43' title="bbox 487 2988 2079 3062">
    <p class='ocr_par' dir='ltr' id='par_1_43' title="bbox 487 2988 2079 3062">
     <span class='ocr_line' id='line_1_43' title="bbox 487 2988 2079 3062; baseline 0 -18"><span class='ocrx_word' id='word_1_285' title='bbox 487 2988 855 3046; x_wconf 88' lang='lat' dir='ltr'><strong>Diocletianus</strong></span> <span class='ocrx_word' id='word_1_286' title='bbox 868 2989 1038 3060; x_wconf 89' lang='lat' dir='ltr'><strong>jussit</strong></span> <span class='ocrx_word' id='word_1_287' title='bbox 1054 2990 1272 3046; x_wconf 89' lang='lat' dir='ltr'><strong>cuidam</strong></span> <span class='ocrx_word' id='word_1_288' title='bbox 1294 2990 1510 3047; x_wconf 88' lang='lat' dir='ltr'><strong>tribuno</strong></span> <span class='ocrx_word' id='word_1_289' title='bbox 1532 2990 1748 3046; x_wconf 91' lang='lat' dir='ltr'><strong>nomine</strong></span> <span class='ocrx_word' id='word_1_290' title='bbox 1762 2989 2079 3062; x_wconf 89' lang='lat' dir='ltr'><strong>Lampadio,</strong></span> 
     </span>
    </p>
   </div>
   <div class='ocr_carea' id='block_1_44' title="bbox 486 3080 2082 3149">
    <p class='ocr_par' dir='ltr' id='par_1_44' title="bbox 486 3080 2082 3149">
     <span class='ocr_line' id='line_1_44' title="bbox 486 3080 2082 3149; baseline 0.001 -14"><span class='ocrx_word' id='word_1_291' title='bbox 486 3081 587 3136; x_wconf 89' lang='lat' dir='ltr'><strong>sub</strong></span> <span class='ocrx_word' id='word_1_292' title='bbox 612 3081 982 3138; x_wconf 87' lang='lat' dir='ltr'><strong>moderatione</strong></span> <span class='ocrx_word' id='word_1_293' title='bbox 1007 3081 1294 3137; x_wconf 90' lang='lat' dir='ltr'><strong>verborum</strong></span> <span class='ocrx_word' id='word_1_294' title='bbox 1325 3096 1422 3137; x_wconf 92' lang='lat' dir='ltr'><strong>eos</strong></span> <span class='ocrx_word' id='word_1_295' title='bbox 1453 3081 1649 3136; x_wconf 90' lang='lat' dir='ltr'><strong>audiri.</strong></span> <span class='ocrx_word' id='word_1_296' title='bbox 1677 3080 1885 3149; x_wconf 86' lang='lat' dir='ltr'><strong>Quibus</strong></span> <span class='ocrx_word' id='word_1_297' title='bbox 1911 3081 2082 3137; x_wconf 91' lang='lat' dir='ltr'><strong>isdem</strong></span> 
     </span>
    </p>
   </div>
   <div class='ocr_carea' id='block_1_45' title="bbox 489 3168 2082 3244">
    <p class='ocr_par' dir='ltr' id='par_1_45' title="bbox 489 3168 2082 3244">
     <span class='ocr_line' id='line_1_45' title="bbox 489 3168 2082 3244; baseline 0.001 -17"><span class='ocrx_word' id='word_1_298' title='bbox 489 3168 816 3244; x_wconf 85' lang='lat' dir='ltr'><strong>Lampadius</strong></span> <span class='ocrx_word' id='word_1_299' title='bbox 840 3172 1015 3228; x_wconf 89' lang='lat' dir='ltr'><strong>dixit:</strong></span> <span class='ocrx_word' id='word_1_300' title='bbox 1037 3173 1276 3229; x_wconf 84' lang='lat' dir='ltr'><strong>Adorate</strong></span> <span class='ocrx_word' id='word_1_301' title='bbox 1310 3173 1468 3228; x_wconf 88' lang='lat' dir='ltr'><strong>deum</strong></span> <span class='ocrx_word' id='word_1_302' title='bbox 1492 3171 1693 3239; x_wconf 89' lang='lat' dir='ltr'><strong>Solem,</strong></span> <span class='ocrx_word' id='word_1_303' title='bbox 1711 3180 1771 3228; x_wconf 92' lang='lat' dir='ltr'><strong>ut</strong></span> <span class='ocrx_word' id='word_1_304' title='bbox 1791 3170 2082 3228; x_wconf 88' lang='lat' dir='ltr'><strong>destruatis</strong></span> 
     </span>
    </p>
   </div>
   <div class='ocr_carea' id='block_1_46' title="bbox 490 3242 2155 3338">
    <p class='ocr_par' dir='ltr' id='par_1_46' title="bbox 490 3242 2155 3338">
     <span class='ocr_line' id='line_1_46' title="bbox 490 3242 2155 3338; baseline 0 -17"><span class='ocrx_word' id='word_1_305' title='bbox 490 3242 772 3322; x_wconf 84' lang='lat' dir='ltr'><strong>consilium</strong></span> <span class='ocrx_word' id='word_1_306' title='bbox 789 3266 1253 3337; x_wconf 89' lang='lat' dir='ltr'><strong>philosophorum.</strong></span> <span class='ocrx_word' id='word_1_307' title='bbox 1269 3265 1371 3334; x_wconf 85' lang='lat' dir='ltr'><strong>Qui</strong></span> <span class='ocrx_word' id='word_1_308' title='bbox 1387 3268 1776 3338; x_wconf 89' lang='lat' dir='ltr'><strong>respondentes</strong></span> <span class='ocrx_word' id='word_1_309' title='bbox 1795 3267 2078 3323; x_wconf 88' lang='lat' dir='ltr'><strong>dixerunt:</strong></span> <span class='ocrx_word' id='word_1_310' title='bbox 2109 3242 2155 3307; x_wconf 72' lang='grc' dir='ltr'>ο</span> 
     </span>
    </p>
   </div>
   <div class='ocr_carea' id='block_1_47' title="bbox 490 3356 2085 3430">
    <p class='ocr_par' dir='ltr' id='par_1_47' title="bbox 490 3356 2085 3430">
     <span class='ocr_line' id='line_1_47' title="bbox 490 3356 2085 3430; baseline 0.002 -18"><span class='ocrx_word' id='word_1_311' title='bbox 490 3356 600 3414; x_wconf 85' lang='lat' dir='ltr'><strong>Nos</strong></span> <span class='ocrx_word' id='word_1_312' title='bbox 625 3374 903 3430; x_wconf 86' lang='lat' dir='ltr'><strong>nunquam</strong></span> <span class='ocrx_word' id='word_1_313' title='bbox 933 3359 1222 3416; x_wconf 88' lang='lat' dir='ltr'><strong>adoramus</strong></span> <span class='ocrx_word' id='word_1_314' title='bbox 1258 3359 1525 3416; x_wconf 85' lang='lat' dir='ltr'><strong>facturam</strong></span> <span class='ocrx_word' id='word_1_315' title='bbox 1567 3375 1825 3416; x_wconf 89' lang='lat' dir='ltr'><strong>manuum</strong></span> <span class='ocrx_word' id='word_1_316' title='bbox 1873 3367 2085 3415; x_wconf 90' lang='lat' dir='ltr'><strong>nostra-</strong></span> 
     </span>
    </p>
   </div>
   <div class='ocr_carea' id='block_1_48' title="bbox 492 3451 2086 3522">
    <p class='ocr_par' dir='ltr' id='par_1_48' title="bbox 492 3451 2086 3522">
     <span class='ocr_line' id='line_1_48' title="bbox 492 3451 2086 3522; baseline 0 -15"><span class='ocrx_word' id='word_1_317' title='bbox 492 3466 634 3519; x_wconf 90' lang='lat' dir='ltr'><strong>rum,</strong></span> <span class='ocrx_word' id='word_1_318' title='bbox 665 3452 758 3508; x_wconf 91' lang='lat' dir='ltr'><strong>sed</strong></span> <span class='ocrx_word' id='word_1_319' title='bbox 782 3452 1070 3508; x_wconf 90' lang='lat' dir='ltr'><strong>adoramus</strong></span> <span class='ocrx_word' id='word_1_320' title='bbox 1096 3451 1268 3508; x_wconf 90' lang='lat' dir='ltr'><strong>Deum</strong></span> <span class='ocrx_word' id='word_1_321' title='bbox 1299 3451 1423 3508; x_wconf 76' lang='grc' dir='ltr'><strong>οωιί</strong></span> <span class='ocrx_word' id='word_1_322' title='bbox 1455 3460 1511 3508; x_wconf 91' lang='lat' dir='ltr'><strong>et</strong></span> <span class='ocrx_word' id='word_1_323' title='bbox 1541 3460 1722 3518; x_wconf 66' lang='lat' dir='ltr'><strong>terrae,</strong></span> <span class='ocrx_word' id='word_1_324' title='bbox 1743 3451 1835 3522; x_wconf 89' lang='lat' dir='ltr'><strong>qui</strong></span> <span class='ocrx_word' id='word_1_325' title='bbox 1855 3451 2086 3522; x_wconf 88' lang='lat' dir='ltr'><strong>imperat</strong></span> 
     </span>
    </p>
   </div>
   <div class='ocr_carea' id='block_1_49' title="bbox 493 3544 2084 3610">
    <p class='ocr_par' dir='ltr' id='par_1_49' title="bbox 493 3544 2084 3610">
     <span class='ocr_line' id='line_1_49' title="bbox 493 3544 2084 3610; baseline 0 -8"><span class='ocrx_word' id='word_1_326' title='bbox 493 3547 546 3602; x_wconf 83' lang='lat' dir='ltr'><strong>in</strong></span> <span class='ocrx_word' id='word_1_327' title='bbox 591 3554 888 3610; x_wconf 83' lang='lat' dir='ltr'><strong>aeternum,</strong></span> <span class='ocrx_word' id='word_1_328' title='bbox 926 3545 1109 3604; x_wconf 84' lang='lat' dir='ltr'><strong>Jesum</strong></span> <span class='ocrx_word' id='word_1_329' title='bbox 1143 3546 1420 3602; x_wconf 88' lang='lat' dir='ltr'><strong>Christum</strong></span> <span class='ocrx_word' id='word_1_330' title='bbox 1453 3544 1652 3602; x_wconf 87' lang='lat' dir='ltr'><strong>Filium</strong></span> <span class='ocrx_word' id='word_1_331' title='bbox 1698 3546 1816 3602; x_wconf 91' lang='lat' dir='ltr'><strong>Dei.</strong></span> <span class='ocrx_word' id='word_1_332' title='bbox 1866 3545 2084 3603; x_wconf 77' lang='lat' dir='ltr'><strong>Reclusi</strong></span> 
     </span>
    </p>
   </div>
   <div class='ocr_carea' id='block_1_50' title="bbox 493 3639 2082 3714">
    <p class='ocr_par' dir='ltr' id='par_1_50' title="bbox 493 3639 2082 3714">
     <span class='ocr_line' id='line_1_50' title="bbox 493 3639 2082 3714; baseline -0.003 -16"><span class='ocrx_word' id='word_1_333' title='bbox 493 3650 620 3698; x_wconf 90' lang='lat' dir='ltr'><strong>sunt</strong></span> <span class='ocrx_word' id='word_1_334' title='bbox 660 3640 824 3714; x_wconf 77' lang='lat' dir='ltr'><strong>igitur</strong></span> <span class='ocrx_word' id='word_1_335' title='bbox 870 3641 923 3696; x_wconf 91' lang='lat' dir='ltr'><strong>in</strong></span> <span class='ocrx_word' id='word_1_336' title='bbox 963 3639 1205 3698; x_wconf 90' lang='lat' dir='ltr'><strong>custodia</strong></span> <span class='ocrx_word' id='word_1_337' title='bbox 1247 3639 1484 3711; x_wconf 89' lang='lat' dir='ltr'><strong>publica.</strong></span> <span class='ocrx_word' id='word_1_338' title='bbox 1512 3639 1642 3696; x_wconf 87' lang='lat' dir='ltr'><strong>Inde</strong></span> <span class='ocrx_word' id='word_1_339' title='bbox 1669 3655 1790 3696; x_wconf 92' lang='lat' dir='ltr'><strong>cum</strong></span> <span class='ocrx_word' id='word_1_340' title='bbox 1822 3639 2024 3695; x_wconf 89' lang='lat' dir='ltr'><strong>mutari</strong></span> <span class='ocrx_word' id='word_1_341' title='bbox 2052 3655 2082 3694; x_wconf 87' lang='lat' dir='ltr'><strong>a</strong></span> 
     </span>
    </p>
   </div>
   <div class='ocr_carea' id='block_1_51' title="bbox 493 3733 2086 3807">
    <p class='ocr_par' dir='ltr' id='par_1_51' title="bbox 493 3733 2086 3807">
     <span class='ocr_line' id='line_1_51' title="bbox 493 3733 2086 3807; baseline 0.001 -17"><span class='ocrx_word' id='word_1_342' title='bbox 493 3734 599 3791; x_wconf 84' lang='lat' dir='ltr'><strong>fide</strong></span> <span class='ocrx_word' id='word_1_343' title='bbox 625 3734 828 3791; x_wconf 90' lang='lat' dir='ltr'><strong>Christi</strong></span> <span class='ocrx_word' id='word_1_344' title='bbox 856 3750 962 3790; x_wconf 91' lang='lat' dir='ltr'><strong>non</strong></span> <span class='ocrx_word' id='word_1_345' title='bbox 1008 3741 1259 3806; x_wconf 88' lang='lat' dir='ltr'><strong>possent,</strong></span> <span class='ocrx_word' id='word_1_346' title='bbox 1286 3733 1512 3804; x_wconf 89' lang='lat' dir='ltr'><strong>jubente</strong></span> <span class='ocrx_word' id='word_1_347' title='bbox 1541 3734 1856 3807; x_wconf 83' lang='lat' dir='ltr'><strong>Lampadio,</strong></span> <span class='ocrx_word' id='word_1_348' title='bbox 1891 3751 2086 3807; x_wconf 85' lang='lat' dir='ltr'><strong>exspo-</strong></span> 
     </span>
    </p>
   </div>
   <div class='ocr_carea' id='block_1_52' title="bbox 492 3829 2085 3906">
    <p class='ocr_par' dir='ltr' id='par_1_52' title="bbox 492 3829 2085 3906">
     <span class='ocr_line' id='line_1_52' title="bbox 492 3829 2085 3906; baseline -0.002 -20"><span class='ocrx_word' id='word_1_349' title='bbox 492 3829 715 3898; x_wconf 88' lang='lat' dir='ltr'><strong>liantur,</strong></span> <span class='ocrx_word' id='word_1_350' title='bbox 761 3837 816 3886; x_wconf 91' lang='lat' dir='ltr'><strong>et</strong></span> <span class='ocrx_word' id='word_1_351' title='bbox 855 3829 1233 3901; x_wconf 86' lang='lat' dir='ltr'><strong>scorpionibus</strong></span> <span class='ocrx_word' id='word_1_352' title='bbox 1261 3829 1583 3906; x_wconf 76' lang='lat' dir='ltr'><strong>gravissime</strong></span> <span class='ocrx_word' id='word_1_353' title='bbox 1609 3829 1918 3896; x_wconf 58' lang='lat' dir='ltr'><strong>caeduntur;</strong></span> <span class='ocrx_word' id='word_1_354' title='bbox 1957 3845 2085 3886; x_wconf 83' lang='lat' dir='ltr'><strong>mox</strong></span> 
     </span>
    </p>
   </div>
   <div class='ocr_carea' id='block_1_53' title="bbox 491 3919 2088 3992">
    <p class='ocr_par' dir='ltr' id='par_1_53' title="bbox 491 3919 2088 3992">
     <span class='ocr_line' id='line_1_53' title="bbox 491 3919 2088 3992; baseline 0 -15"><span class='ocrx_word' id='word_1_355' title='bbox 491 3919 822 3992; x_wconf 85' lang='lat' dir='ltr'><strong>Lampadius</strong></span> <span class='ocrx_word' id='word_1_356' title='bbox 870 3936 902 3976; x_wconf 91' lang='lat' dir='ltr'><strong>a</strong></span> <span class='ocrx_word' id='word_1_357' title='bbox 956 3920 1219 3976; x_wconf 61' lang='lat' dir='ltr'><strong>damonio</strong></span> <span class='ocrx_word' id='word_1_358' title='bbox 1268 3927 1552 3991; x_wconf 88' lang='lat' dir='ltr'><strong>correptus</strong></span> <span class='ocrx_word' id='word_1_359' title='bbox 1603 3921 1914 3992; x_wconf 83' lang='lat' dir='ltr'><strong>exspiravit.</strong></span> <span class='ocrx_word' id='word_1_360' title='bbox 1971 3921 2088 3978; x_wconf 84' lang='lat' dir='ltr'><strong>Hoc</strong></span> 
     </span>
    </p>
   </div>
   <div class='ocr_carea' id='block_1_54' title="bbox 495 4013 2086 4081">
    <p class='ocr_par' dir='ltr' id='par_1_54' title="bbox 495 4013 2086 4081">
     <span class='ocr_line' id='line_1_54' title="bbox 495 4013 2086 4081; baseline 0.001 -11"><span class='ocrx_word' id='word_1_361' title='bbox 495 4013 697 4070; x_wconf 85' lang='lat' dir='ltr'><strong>factum</strong></span> <span class='ocrx_word' id='word_1_362' title='bbox 756 4028 879 4070; x_wconf 91' lang='lat' dir='ltr'><strong>cum</strong></span> <span class='ocrx_word' id='word_1_363' title='bbox 931 4014 1172 4069; x_wconf 89' lang='lat' dir='ltr'><strong>audisset</strong></span> <span class='ocrx_word' id='word_1_364' title='bbox 1225 4013 1627 4081; x_wconf 90' lang='lat' dir='ltr'><strong>Diocletianus,</strong></span> <span class='ocrx_word' id='word_1_365' title='bbox 1682 4015 1851 4071; x_wconf 93' lang='lat' dir='ltr'><strong>nimio</strong></span> <span class='ocrx_word' id='word_1_366' title='bbox 1902 4014 2086 4072; x_wconf 86' lang='lat' dir='ltr'><strong>furore</strong></span> 
     </span>
    </p>
   </div>
   <div class='ocr_carea' id='block_1_55' title="bbox 496 4104 2087 4179">
    <p class='ocr_par' dir='ltr' id='par_1_55' title="bbox 496 4104 2087 4179">
     <span class='ocr_line' id='line_1_55' title="bbox 496 4104 2087 4179; baseline 0.003 -19"><span class='ocrx_word' id='word_1_367' title='bbox 496 4105 688 4179; x_wconf 88' lang='lat' dir='ltr'><strong>plenus</strong></span> <span class='ocrx_word' id='word_1_368' title='bbox 730 4105 891 4177; x_wconf 86' lang='lat' dir='ltr'><strong>jussit</strong></span> <span class='ocrx_word' id='word_1_369' title='bbox 936 4105 1152 4160; x_wconf 89' lang='lat' dir='ltr'><strong>cuidam</strong></span> <span class='ocrx_word' id='word_1_370' title='bbox 1195 4104 1404 4162; x_wconf 90' lang='lat' dir='ltr'><strong>Nicetio</strong></span> <span class='ocrx_word' id='word_1_371' title='bbox 1447 4113 1630 4177; x_wconf 84' lang='lat' dir='ltr'><strong>togato</strong></span> <span class='ocrx_word' id='word_1_372' title='bbox 1681 4116 1744 4163; x_wconf 89' lang='lat' dir='ltr'><strong>ut</strong></span> <span class='ocrx_word' id='word_1_373' title='bbox 1786 4107 1840 4163; x_wconf 92' lang='lat' dir='ltr'><strong>in</strong></span> <span class='ocrx_word' id='word_1_374' title='bbox 1897 4106 2087 4165; x_wconf 89' lang='lat' dir='ltr'><strong>loculis</strong></span> 
     </span>
    </p>
   </div>
   <div class='ocr_carea' id='block_1_56' title="bbox 495 4196 2086 4271">
    <p class='ocr_par' dir='ltr' id='par_1_56' title="bbox 495 4196 2086 4271">
     <span class='ocr_line' id='line_1_56' title="bbox 495 4196 2086 4271; baseline 0.002 -19"><span class='ocrx_word' id='word_1_375' title='bbox 495 4197 763 4270; x_wconf 85' lang='lat' dir='ltr'><strong>plumbeis</strong></span> <span class='ocrx_word' id='word_1_376' title='bbox 786 4197 894 4253; x_wconf 86' lang='lat' dir='ltr'><strong>vivi</strong></span> <span class='ocrx_word' id='word_1_377' title='bbox 921 4196 1345 4264; x_wconf 90' lang='lat' dir='ltr'><strong>includerentur,</strong></span> <span class='ocrx_word' id='word_1_378' title='bbox 1364 4213 1429 4254; x_wconf 91' lang='lat' dir='ltr'><strong>ac</strong></span> <span class='ocrx_word' id='word_1_379' title='bbox 1449 4197 1531 4254; x_wconf 90' lang='lat' dir='ltr'><strong>sic</strong></span> <span class='ocrx_word' id='word_1_380' title='bbox 1557 4199 1614 4254; x_wconf 93' lang='lat' dir='ltr'><strong>in</strong></span> <span class='ocrx_word' id='word_1_381' title='bbox 1640 4198 1861 4254; x_wconf 85' lang='lat' dir='ltr'><strong>ﬂuvium</strong></span> <span class='ocrx_word' id='word_1_382' title='bbox 1891 4200 2086 4271; x_wconf 78' lang='lat' dir='ltr'><strong>praeci-</strong></span> 
     </span>
    </p>
   </div>
   <div class='ocr_carea' id='block_1_57' title="bbox 496 4289 2088 4364">
    <p class='ocr_par' dir='ltr' id='par_1_57' title="bbox 496 4289 2088 4364">
     <span class='ocr_line' id='line_1_57' title="bbox 496 4289 2088 4364; baseline 0.001 -18"><span class='ocrx_word' id='word_1_383' title='bbox 496 4291 819 4363; x_wconf 89' lang='lat' dir='ltr'><strong>pitarentur.</strong></span> <span class='ocrx_word' id='word_1_384' title='bbox 859 4289 987 4346; x_wconf 90' lang='lat' dir='ltr'><strong>Post</strong></span> <span class='ocrx_word' id='word_1_385' title='bbox 1024 4290 1140 4347; x_wconf 91' lang='lat' dir='ltr'><strong>dies</strong></span> <span class='ocrx_word' id='word_1_386' title='bbox 1171 4299 1350 4347; x_wconf 89' lang='lat' dir='ltr'><strong>autem</strong></span> <span class='ocrx_word' id='word_1_387' title='bbox 1375 4291 1736 4364; x_wconf 85' lang='lat' dir='ltr'><strong>quadraginta</strong></span> <span class='ocrx_word' id='word_1_388' title='bbox 1761 4291 1897 4349; x_wconf 88' lang='lat' dir='ltr'><strong>duos</strong></span> <span class='ocrx_word' id='word_1_389' title='bbox 1937 4292 2088 4348; x_wconf 86' lang='lat' dir='ltr'><strong>venit</strong></span> 
     </span>
    </p>
   </div>
   <div class='ocr_carea' id='block_1_58' title="bbox 496 4380 2087 4453">
    <p class='ocr_par' dir='ltr' id='par_1_58' title="bbox 496 4380 2087 4453">
     <span class='ocr_line' id='line_1_58' title="bbox 496 4380 2087 4453; baseline 0.001 -15"><span class='ocrx_word' id='word_1_390' title='bbox 496 4382 714 4453; x_wconf 92' lang='lat' dir='ltr'><strong>quidam</strong></span> <span class='ocrx_word' id='word_1_391' title='bbox 763 4380 1091 4438; x_wconf 89' lang='lat' dir='ltr'><strong>Nicodemus</strong></span> <span class='ocrx_word' id='word_1_392' title='bbox 1158 4381 1542 4449; x_wconf 89' lang='lat' dir='ltr'><strong>Christianus,</strong></span> <span class='ocrx_word' id='word_1_393' title='bbox 1597 4390 1653 4440; x_wconf 92' lang='lat' dir='ltr'><strong>et</strong></span> <span class='ocrx_word' id='word_1_394' title='bbox 1712 4383 1910 4439; x_wconf 88' lang='lat' dir='ltr'><strong>levavit</strong></span> <span class='ocrx_word' id='word_1_395' title='bbox 1962 4399 2087 4439; x_wconf 89' lang='lat' dir='ltr'><strong>cum</strong></span> 
     </span>
    </p>
   </div>
   <div class='ocr_carea' id='block_1_59' title="bbox 499 4469 2088 4547">
    <p class='ocr_par' dir='ltr' id='par_1_59' title="bbox 499 4469 2088 4547">
     <span class='ocr_line' id='line_1_59' title="bbox 499 4469 2088 4547; baseline -0.001 -17"><span class='ocrx_word' id='word_1_396' title='bbox 499 4474 630 4547; x_wconf 88' lang='lat' dir='ltr'><strong>ipsis</strong></span> <span class='ocrx_word' id='word_1_397' title='bbox 679 4473 868 4530; x_wconf 90' lang='lat' dir='ltr'><strong>loculis</strong></span> <span class='ocrx_word' id='word_1_398' title='bbox 907 4488 1136 4545; x_wconf 91' lang='lat' dir='ltr'><strong>corpora</strong></span> <span class='ocrx_word' id='word_1_399' title='bbox 1182 4469 1526 4547; x_wconf 88' lang='lat' dir='ltr'><strong>martyrum,</strong></span> <span class='ocrx_word' id='word_1_400' title='bbox 1573 4482 1629 4531; x_wconf 88' lang='lat' dir='ltr'><strong>et</strong></span> <span class='ocrx_word' id='word_1_401' title='bbox 1674 4474 1727 4529; x_wconf 91' lang='lat' dir='ltr'><strong>in</strong></span> <span class='ocrx_word' id='word_1_402' title='bbox 1777 4474 1939 4532; x_wconf 92' lang='lat' dir='ltr'><strong>domo</strong></span> <span class='ocrx_word' id='word_1_403' title='bbox 1990 4489 2088 4530; x_wconf 88' lang='lat' dir='ltr'><strong>sua</strong></span> 
     </span>
    </p>
   </div>
   <div class='ocr_carea' id='block_1_60' title="bbox 499 4566 2085 4638">
    <p class='ocr_par' dir='ltr' id='par_1_60' title="bbox 499 4566 2085 4638">
     <span class='ocr_line' id='line_1_60' title="bbox 499 4566 2085 4638; baseline -0.001 -12"><span class='ocrx_word' id='word_1_404' title='bbox 499 4567 795 4626; x_wconf 65' lang='lat' dir='ltr'><strong>honorifice</strong></span> <span class='ocrx_word' id='word_1_405' title='bbox 835 4567 1034 4638; x_wconf 89' lang='lat' dir='ltr'><strong>posuit.</strong></span> <span class='ocrx_word' id='word_1_406' title='bbox 1083 4566 1236 4624; x_wconf 88' lang='lat' dir='ltr'><strong>Passi</strong></span> <span class='ocrx_word' id='word_1_407' title='bbox 1282 4581 1413 4626; x_wconf 91' lang='lat' dir='ltr'><strong>vero</strong></span> <span class='ocrx_word' id='word_1_408' title='bbox 1451 4576 1577 4626; x_wconf 91' lang='lat' dir='ltr'><strong>sunt</strong></span> <span class='ocrx_word' id='word_1_409' title='bbox 1613 4584 1668 4623; x_wconf 79' lang='lat' dir='ltr'><strong>vr</strong></span> <span class='ocrx_word' id='word_1_410' title='bbox 1704 4567 1830 4626; x_wconf 88' lang='lat' dir='ltr'><strong>ldus</strong></span> <span class='ocrx_word' id='word_1_411' title='bbox 1855 4568 2085 4625; x_wconf 86' lang='lat' dir='ltr'><strong>Novem-</strong></span> 
     </span>
    </p>
   </div>
   <div class='ocr_carea' id='block_1_61' title="bbox 498 4660 634 4717">
    <p class='ocr_par' dir='ltr' id='par_1_61' title="bbox 498 4660 634 4717">
     <span class='ocr_line' id='line_1_61' title="bbox 498 4660 634 4717; baseline -0.015 0"><span class='ocrx_word' id='word_1_412' title='bbox 498 4660 634 4717; x_wconf 72' lang='lat' dir='ltr'><strong>bris.</strong></span> 
     </span>
    </p>
   </div>
   <div class='ocr_carea' id='block_1_62' title="bbox 569 4749 2085 4824">
    <p class='ocr_par' dir='ltr' id='par_1_62' title="bbox 569 4749 2085 4824">
     <span class='ocr_line' id='line_1_62' title="bbox 569 4749 2085 4824; baseline 0.003 -18"><span class='ocrx_word' id='word_1_413' title='bbox 569 4749 772 4806; x_wconf 87' lang='lat' dir='ltr'><strong>Eodem</strong></span> <span class='ocrx_word' id='word_1_414' title='bbox 803 4749 915 4819; x_wconf 89' lang='lat' dir='ltr'><strong>die,</strong></span> <span class='ocrx_word' id='word_1_415' title='bbox 948 4750 1128 4808; x_wconf 91' lang='lat' dir='ltr'><strong>natale</strong></span> <span class='ocrx_word' id='word_1_416' title='bbox 1153 4761 1466 4810; x_wconf 88' lang='lat' dir='ltr'><strong>sanctorum</strong></span> <span class='ocrx_word' id='word_1_417' title='bbox 1508 4759 1740 4824; x_wconf 87' lang='lat' dir='ltr'><strong>quatuor</strong></span> <span class='ocrx_word' id='word_1_418' title='bbox 1783 4752 2085 4810; x_wconf 90' lang='lat' dir='ltr'><strong>Coronato-</strong></span> 
     </span>
    </p>
   </div>
   <div class='ocr_carea' id='block_1_63' title="bbox 501 4843 2088 4918">
    <p class='ocr_par' dir='ltr' id='par_1_63' title="bbox 501 4843 2088 4918">
     <span class='ocr_line' id='line_1_63' title="bbox 501 4843 2088 4918; baseline 0.001 -18"><span class='ocrx_word' id='word_1_419' title='bbox 501 4857 623 4900; x_wconf 84' lang='lat' dir='ltr'><strong>rum</strong></span> <span class='ocrx_word' id='word_1_420' title='bbox 647 4883 665 4910; x_wconf 93' lang='lat'><strong>,</strong></span> <span class='ocrx_word' id='word_1_421' title='bbox 721 4843 776 4900; x_wconf 92' lang='lat' dir='ltr'><strong>id</strong></span> <span class='ocrx_word' id='word_1_422' title='bbox 814 4852 898 4900; x_wconf 88' lang='lat' dir='ltr'><strong>est</strong></span> <span class='ocrx_word' id='word_1_423' title='bbox 943 4843 1164 4913; x_wconf 86' lang='lat' dir='ltr'><strong>Severi,</strong></span> <span class='ocrx_word' id='word_1_424' title='bbox 1193 4845 1510 4913; x_wconf 84' lang='lat' dir='ltr'><strong>Severiani,</strong></span> <span class='ocrx_word' id='word_1_425' title='bbox 1535 4845 1871 4918; x_wconf 89' lang='lat' dir='ltr'><strong>Carpophori</strong></span> <span class='ocrx_word' id='word_1_426' title='bbox 1911 4855 1966 4903; x_wconf 89' lang='lat' dir='ltr'><strong>et</strong></span> <span class='ocrx_word' id='word_1_427' title='bbox 1994 4846 2088 4902; x_wconf 82' lang='lat' dir='ltr'><strong>Vi-</strong></span> 
     </span>
    </p>
   </div>
   <div class='ocr_carea' id='block_1_64' title="bbox 503 4936 2084 5010">
    <p class='ocr_par' dir='ltr' id='par_1_64' title="bbox 503 4936 2084 5010">
     <span class='ocr_line' id='line_1_64' title="bbox 503 4936 2084 5010; baseline -0.001 -15"><span class='ocrx_word' id='word_1_428' title='bbox 503 4937 720 4996; x_wconf 90' lang='lat' dir='ltr'><strong>ctorini.</strong></span> <span class='ocrx_word' id='word_1_429' title='bbox 769 4936 837 4993; x_wconf 82' lang='lat' dir='ltr'><strong>Hi</strong></span> <span class='ocrx_word' id='word_1_430' title='bbox 889 4954 1011 4996; x_wconf 90' lang='lat' dir='ltr'><strong>cum</strong></span> <span class='ocrx_word' id='word_1_431' title='bbox 1067 4937 1474 5010; x_wconf 87' lang='lat' dir='ltr'><strong>impellerentur</strong></span> <span class='ocrx_word' id='word_1_432' title='bbox 1517 4938 1586 4994; x_wconf 90' lang='lat' dir='ltr'><strong>ad</strong></span> <span class='ocrx_word' id='word_1_433' title='bbox 1629 4938 2084 5006; x_wconf 85' lang='lat' dir='ltr'><strong>sacrificandum,</strong></span> 
     </span>
    </p>
   </div>
   <div class='ocr_carea' id='block_1_65' title="bbox 503 5029 2089 5103">
    <p class='ocr_par' dir='ltr' id='par_1_65' title="bbox 503 5029 2089 5103">
     <span class='ocr_line' id='line_1_65' title="bbox 503 5029 2089 5103; baseline -0.001 -15"><span class='ocrx_word' id='word_1_434' title='bbox 503 5031 855 5096; x_wconf 88' lang='lat' dir='ltr'><strong>reluctantes,</strong></span> <span class='ocrx_word' id='word_1_435' title='bbox 888 5047 989 5088; x_wconf 92' lang='lat' dir='ltr'><strong>nec</strong></span> <span class='ocrx_word' id='word_1_436' title='bbox 1032 5045 1355 5087; x_wconf 89' lang='lat' dir='ltr'><strong>consensum</strong></span> <span class='ocrx_word' id='word_1_437' title='bbox 1381 5029 1565 5101; x_wconf 89' lang='lat' dir='ltr'><strong>impiis</strong></span> <span class='ocrx_word' id='word_1_438' title='bbox 1601 5032 1928 5102; x_wconf 65' lang='lat' dir='ltr'><strong>praebentes,</strong></span> <span class='ocrx_word' id='word_1_439' title='bbox 1959 5045 2089 5103; x_wconf 88' lang='lat' dir='ltr'><strong>per-</strong></span> 
     </span>
    </p>
   </div>
   <div class='ocr_carea' id='block_1_66' title="bbox 503 5120 2088 5182">
    <p class='ocr_par' dir='ltr' id='par_1_66' title="bbox 503 5120 2088 5182">
     <span class='ocr_line' id='line_1_66' title="bbox 503 5120 2088 5182; baseline 0.001 -2"><span class='ocrx_word' id='word_1_440' title='bbox 503 5124 760 5181; x_wconf 88' lang='lat' dir='ltr'><strong>stiterunt</strong></span> <span class='ocrx_word' id='word_1_441' title='bbox 789 5123 847 5179; x_wconf 92' lang='lat' dir='ltr'><strong>in</strong></span> <span class='ocrx_word' id='word_1_442' title='bbox 876 5121 1001 5179; x_wconf 81' lang='lat' dir='ltr'><strong>fide.</strong></span> <span class='ocrx_word' id='word_1_443' title='bbox 1044 5120 1362 5179; x_wconf 83' lang='lat' dir='ltr'><strong>Nuntiatum</strong></span> <span class='ocrx_word' id='word_1_444' title='bbox 1403 5132 1487 5179; x_wconf 89' lang='lat' dir='ltr'><strong>est</strong></span> <span class='ocrx_word' id='word_1_445' title='bbox 1529 5132 1708 5180; x_wconf 91' lang='lat' dir='ltr'><strong>autem</strong></span> <span class='ocrx_word' id='word_1_446' title='bbox 1756 5123 2088 5182; x_wconf 86' lang='lat' dir='ltr'><strong>Diocletiano</strong></span> 
     </span>
    </p>
   </div>
   <div class='ocr_carea' id='block_1_67' title="bbox 505 5214 2088 5292">
    <p class='ocr_par' dir='ltr' id='par_1_67' title="bbox 505 5214 2088 5292">
     <span class='ocr_line' id='line_1_67' title="bbox 505 5214 2088 5292; baseline -0.003 -16"><span class='ocrx_word' id='word_1_447' title='bbox 505 5217 820 5292; x_wconf 88' lang='lat' dir='ltr'><strong>imperatori</strong></span> <span class='ocrx_word' id='word_1_448' title='bbox 845 5256 863 5285; x_wconf 93' lang='lat'><strong>,</strong></span> <span class='ocrx_word' id='word_1_449' title='bbox 907 5215 1003 5289; x_wconf 91' lang='lat' dir='ltr'><strong>qui</strong></span> <span class='ocrx_word' id='word_1_450' title='bbox 1068 5214 1212 5272; x_wconf 90' lang='lat' dir='ltr'><strong>illico</strong></span> <span class='ocrx_word' id='word_1_451' title='bbox 1253 5215 1418 5287; x_wconf 87' lang='lat' dir='ltr'><strong>jussit</strong></span> <span class='ocrx_word' id='word_1_452' title='bbox 1460 5225 1524 5273; x_wconf 91' lang='lat' dir='ltr'><strong>ut</strong></span> <span class='ocrx_word' id='word_1_453' title='bbox 1568 5226 1694 5273; x_wconf 88' lang='lat' dir='ltr'><strong>ante</strong></span> <span class='ocrx_word' id='word_1_454' title='bbox 1739 5215 2088 5273; x_wconf 91' lang='lat' dir='ltr'><strong>simulacrum</strong></span> 
     </span>
    </p>
   </div>
   <div class='ocr_carea' id='block_1_68' title="bbox 579 5373 1418 5448">
    <p class='ocr_par' dir='ltr' id='par_1_68' title="bbox 579 5373 1418 5448">
     <span class='ocr_line' id='line_1_68' title="bbox 579 5373 1418 5448; baseline -0.007 -14"><span class='ocrx_word' id='word_1_455' title='bbox 579 5390 606 5420; x_wconf 77' lang='grc' dir='ltr'>α</span> <span class='ocrx_word' id='word_1_456' title='bbox 645 5377 811 5448; x_wconf 87' lang='lat' dir='ltr'><strong>Greg.</strong></span> <span class='ocrx_word' id='word_1_457' title='bbox 837 5375 934 5448; x_wconf 90' lang='lat' dir='ltr'><strong>li_b.</strong></span> <span class='ocrx_word' id='word_1_458' title='bbox 966 5390 1029 5448; x_wconf 74' lang='lat' dir='ltr'><strong>iit</strong></span> <span class='ocrx_word' id='word_1_459' title='bbox 1059 5373 1221 5448; x_wconf 68' lang='lat' dir='ltr'><strong>Diab,</strong></span> <span class='ocrx_word' id='word_1_460' title='bbox 1251 5390 1299 5430; x_wconf 92' lang='lat' dir='ltr'><strong>c.</strong></span> <span class='ocrx_word' id='word_1_461' title='bbox 1333 5373 1418 5448; x_wconf 67' lang='lat' dir='ltr'><strong>l3.</strong></span> 
     </span>
    </p>
   </div>
   <div class='ocr_carea' id='block_1_69' title="bbox 579 5443 2090 5528">
    <p class='ocr_par' dir='ltr' id='par_1_69' title="bbox 579 5443 2090 5528">
     <span class='ocr_line' id='line_1_69' title="bbox 579 5443 2090 5528; baseline -0.004 -24"><span class='ocrx_word' id='word_1_462' title='bbox 579 5450 620 5528; x_wconf 68' lang='lat' dir='ltr'><strong>b_</strong></span> <span class='ocrx_word' id='word_1_463' title='bbox 646 5443 1058 5528; x_wconf 49' lang='lat' dir='ltr'><strong>Judicif’opi‘lio</strong></span> <span class='ocrx_word' id='word_1_464' title='bbox 1077 5447 1304 5528; x_wconf 56' lang='lat' dir='ltr'><strong>sistitur.</strong></span> <span class='ocrx_word' id='word_1_465' title='bbox 1335 5444 1569 5516; x_wconf 75' lang='lat' dir='ltr'><strong>Vulgati,</strong></span> <span class='ocrx_word' id='word_1_466' title='bbox 1601 5443 1785 5528; x_wconf 59' lang='lat' dir='ltr'><strong>Iudici</strong></span> <span class='ocrx_word' id='word_1_467' title='bbox 1823 5454 1871 5500; x_wconf 79' lang='lat' dir='ltr'><strong>et</strong></span> <span class='ocrx_word' id='word_1_468' title='bbox 1899 5445 2090 5528; x_wconf 60' lang='lat' dir='ltr'><strong>populo</strong></span> 
     </span>
    </p>
   </div>
   <div class='ocr_carea' id='block_1_70' title="bbox 505 5515 2093 5588">
    <p class='ocr_par' dir='ltr' id='par_1_70' title="bbox 505 5515 2093 5588">
     <span class='ocr_line' id='line_1_70' title="bbox 505 5515 2093 5588; baseline -0.003 -12"><span class='ocrx_word' id='word_1_469' title='bbox 505 5520 729 5576; x_wconf 75' lang='lat' dir='ltr'><strong>sistitur.</strong></span> <span class='ocrx_word' id='word_1_470' title='bbox 753 5515 1124 5588; x_wconf 15' lang='lat' dir='ltr'><strong>Quisgvnlgata</strong></span> <span class='ocrx_word' id='word_1_471' title='bbox 1149 5516 1359 5587; x_wconf 83' lang='lat' dir='ltr'><strong>legens,</strong></span> <span class='ocrx_word' id='word_1_472' title='bbox 1396 5531 1638 5588; x_wconf 80' lang='lat' dir='ltr'><strong>errorem</strong></span> <span class='ocrx_word' id='word_1_473' title='bbox 1661 5517 1885 5588; x_wconf 70' lang='lat' dir='ltr'><strong>subesse</strong></span> <span class='ocrx_word' id='word_1_474' title='bbox 1904 5515 2093 5572; x_wconf 87' lang='lat' dir='ltr'><strong>fuisset</strong></span> 
     </span>
    </p>
   </div>
   <div class='ocr_carea' id='block_1_71' title="bbox 506 5585 2093 5662">
    <p class='ocr_par' dir='ltr' id='par_1_71' title="bbox 506 5585 2093 5662">
     <span class='ocr_line' id='line_1_71' title="bbox 506 5585 2093 5662; baseline -0.001 -17"><span class='ocrx_word' id='word_1_475' title='bbox 506 5589 851 5662; x_wconf 84' lang='lat' dir='ltr'><strong>suspicatus?</strong></span> <span class='ocrx_word' id='word_1_476' title='bbox 886 5585 1055 5662; x_wconf 75' lang='lat' dir='ltr'><strong>Recie</strong></span> <span class='ocrx_word' id='word_1_477' title='bbox 1085 5585 1225 5662; x_wconf 54' lang='lat' dir='ltr'><strong>mss;</strong></span> <span class='ocrx_word' id='word_1_478' title='bbox 1251 5586 1675 5662; x_wconf 74' lang='lat' dir='ltr'><strong>nomenjndicis</strong></span> <span class='ocrx_word' id='word_1_479' title='bbox 1707 5585 1969 5662; x_wconf 68' lang='lat' dir='ltr'><strong>Popilium</strong></span> <span class='ocrx_word' id='word_1_480' title='bbox 1996 5603 2093 5662; x_wconf 82' lang='lat' dir='ltr'><strong>ex-</strong></span> 
     </span>
    </p>
   </div>
   <div class='ocr_carea' id='block_1_72' title="bbox 509 5657 2089 5730">
    <p class='ocr_par' dir='ltr' id='par_1_72' title="bbox 509 5657 2089 5730">
     <span class='ocr_line' id='line_1_72' title="bbox 509 5657 2089 5730; baseline -0.002 -14"><span class='ocrx_word' id='word_1_481' title='bbox 509 5657 738 5730; x_wconf 80' lang='lat' dir='ltr'><strong>hibent,</strong></span> <span class='ocrx_word' id='word_1_482' title='bbox 787 5674 948 5730; x_wconf 90' lang='lat' dir='ltr'><strong>quem</strong></span> <span class='ocrx_word' id='word_1_483' title='bbox 998 5658 1392 5730; x_wconf 81' lang='lat' dir='ltr'><strong>Metaphrastes</strong></span> <span class='ocrx_word' id='word_1_484' title='bbox 1431 5657 1670 5727; x_wconf 85' lang='lat' dir='ltr'><strong>judicem</strong></span> <span class='ocrx_word' id='word_1_485' title='bbox 1715 5666 1763 5712; x_wconf 79' lang='lat' dir='ltr'><strong>et</strong></span> <span class='ocrx_word' id='word_1_486' title='bbox 1811 5658 2089 5730; x_wconf 67' lang='lat' dir='ltr'><strong>prtesidem</strong></span> 
     </span>
    </p>
   </div>
   <div class='ocr_carea' id='block_1_73' title="bbox 511 5728 2090 5796">
    <p class='ocr_par' dir='ltr' id='par_1_73' title="bbox 511 5728 2090 5796">
     <span class='ocr_line' id='line_1_73' title="bbox 511 5728 2090 5796; baseline -0.002 -8"><span class='ocrx_word' id='word_1_487' title='bbox 511 5729 765 5788; x_wconf 81' lang='lat' dir='ltr'><strong>Publium</strong></span> <span class='ocrx_word' id='word_1_488' title='bbox 788 5728 965 5788; x_wconf 70' lang='lat' dir='ltr'><strong>vocat.</strong></span> <span class='ocrx_word' id='word_1_489' title='bbox 989 5730 1124 5786; x_wconf 77' lang='lat' dir='ltr'><strong>Acta</strong></span> <span class='ocrx_word' id='word_1_490' title='bbox 1145 5728 1281 5784; x_wconf 83' lang='lat' dir='ltr'><strong>mss.</strong></span> <span class='ocrx_word' id='word_1_491' title='bbox 1309 5743 1430 5796; x_wconf 63' lang='lat' dir='ltr'><strong>quae</strong></span> <span class='ocrx_word' id='word_1_492' title='bbox 1453 5734 1646 5782; x_wconf 90' lang='lat' dir='ltr'><strong>nactus</strong></span> <span class='ocrx_word' id='word_1_493' title='bbox 1673 5742 1790 5783; x_wconf 90' lang='lat' dir='ltr'><strong>sum</strong></span> <span class='ocrx_word' id='word_1_494' title='bbox 1813 5742 1880 5782; x_wconf 88' lang='lat' dir='ltr'><strong>ex</strong></span> <span class='ocrx_word' id='word_1_495' title='bbox 1903 5728 2090 5785; x_wconf 86' lang='lat' dir='ltr'><strong>biblio-</strong></span> 
     </span>
    </p>
   </div>
   <div class='ocr_carea' id='block_1_74' title="bbox 509 5797 2087 5865">
    <p class='ocr_par' dir='ltr' id='par_1_74' title="bbox 509 5797 2087 5865">
     <span class='ocr_line' id='line_1_74' title="bbox 509 5797 2087 5865; baseline -0.001 -8"><span class='ocrx_word' id='word_1_496' title='bbox 509 5801 670 5859; x_wconf 87' lang='lat' dir='ltr'><strong>theca</strong></span> <span class='ocrx_word' id='word_1_497' title='bbox 708 5801 1006 5859; x_wconf 86' lang='lat' dir='ltr'><strong>Fuldensi:</strong></span> <span class='ocrx_word' id='word_1_498' title='bbox 1043 5819 1063 5854; x_wconf 72' lang='grc' dir='ltr'>ι</span> <span class='ocrx_word' id='word_1_499' title='bbox 1109 5799 1403 5865; x_wconf 89' lang='lat' dir='ltr'><strong>Cronides,</strong></span> <span class='ocrx_word' id='word_1_500' title='bbox 1440 5813 1572 5855; x_wconf 86' lang='lat' dir='ltr'><strong>vero</strong></span> <span class='ocrx_word' id='word_1_501' title='bbox 1603 5797 1918 5863; x_wconf 79' lang='lat' dir='ltr'><strong>tabularios,</strong></span> <span class='ocrx_word' id='word_1_502' title='bbox 1963 5817 2087 5856; x_wconf 91' lang='lat' dir='ltr'><strong>cum</strong></span> 
     </span>
    </p>
   </div>
   <div class='ocr_carea' id='block_1_75' title="bbox 513 5870 2086 5945">
    <p class='ocr_par' dir='ltr' id='par_1_75' title="bbox 513 5870 2086 5945">
     <span class='ocr_line' id='line_1_75' title="bbox 513 5870 2086 5945; baseline -0.002 -14"><span class='ocrx_word' id='word_1_503' title='bbox 513 5873 858 5944; x_wconf 83' lang='lat' dir='ltr'><strong>cognovisset</strong></span> <span class='ocrx_word' id='word_1_504' title='bbox 883 5875 985 5931; x_wconf 90' lang='lat' dir='ltr'><strong>hoc</strong></span> <span class='ocrx_word' id='word_1_505' title='bbox 1026 5872 1254 5938; x_wconf 84' lang='lat' dir='ltr'><strong>factum,</strong></span> <span class='ocrx_word' id='word_1_506' title='bbox 1295 5878 1445 5929; x_wconf 88' lang='lat' dir='ltr'><strong>metu</strong></span> <span class='ocrx_word' id='word_1_507' title='bbox 1485 5870 1807 5944; x_wconf 87' lang='lat' dir='ltr'><strong>perterritus</strong></span> <span class='ocrx_word' id='word_1_508' title='bbox 1837 5886 2086 5945; x_wconf 86' lang='lat' dir='ltr'><strong>compre-</strong></span> 
     </span>
    </p>
   </div>
   <div class='ocr_carea' id='block_1_76' title="bbox 2173 1963 3352 2036">
    <p class='ocr_par' dir='ltr' id='par_1_76' title="bbox 2173 1963 3352 2036">
     <span class='ocr_line' id='line_1_76' title="bbox 2173 1963 3352 2036; baseline -0.003 -16"><span class='ocrx_word' id='word_1_509' title='bbox 2173 1973 2409 2036; x_wconf 88' lang='lat' dir='ltr'><strong>quatuor</strong></span> <span class='ocrx_word' id='word_1_510' title='bbox 2437 1963 2832 2021; x_wconf 90' lang='lat' dir='ltr'><strong>Coronatorum</strong></span> <span class='ocrx_word' id='word_1_511' title='bbox 2858 1963 3079 2019; x_wconf 88' lang='lat' dir='ltr'><strong>nomine</strong></span> <span class='ocrx_word' id='word_1_512' title='bbox 3102 1963 3352 2034; x_wconf 83' lang='lat' dir='ltr'><strong>insignis.</strong></span> 
     </span>
    </p>
   </div>
   <div class='ocr_carea' id='block_1_77' title="bbox 2187 2053 3360 2114">
    <p class='ocr_par' dir='ltr' id='par_1_77' title="bbox 2187 2053 3360 2114">
     <span class='ocr_line' id='line_1_77' title="bbox 2187 2053 3360 2114; baseline -0.002 -1"><span class='ocrx_word' id='word_1_513' title='bbox 2187 2061 2196 2066; x_wconf 81' lang='grc'><strong>’</strong></span> <span class='ocrx_word' id='word_1_514' title='bbox 2553 2055 2618 2112; x_wconf 84' lang='grc' dir='ltr'><strong>Ε.</strong></span> <span class='ocrx_word' id='word_1_515' title='bbox 2658 2054 2704 2110; x_wconf 74' lang='grc' dir='ltr'><strong>ν</strong></span> <span class='ocrx_word' id='word_1_516' title='bbox 2741 2055 2903 2114; x_wconf 87' lang='lat' dir='ltr'><strong>IDUS</strong></span> <span class='ocrx_word' id='word_1_517' title='bbox 2941 2053 3360 2114; x_wconf 73' lang='lat' dir='ltr'><strong>NOVEMBRIS.</strong></span> 
     </span>
    </p>
   </div>
   <div class='ocr_carea' id='block_1_78' title="bbox 2835 2148 3110 2222">
    <p class='ocr_par' dir='ltr' id='par_1_78' title="bbox 2835 2148 3110 2222">
     <span class='ocr_line' id='line_1_78' title="bbox 2835 2148 3110 2222; baseline -0.007 -16"><span class='ocrx_word' id='word_1_518' title='bbox 2835 2149 2903 2222; x_wconf 86' lang='lat'><strong>(9</strong></span> <span class='ocrx_word' id='word_1_519' title='bbox 2935 2148 3110 2220; x_wconf 83' lang='lat' dir='ltr'><strong>Nov.)</strong></span> 
     </span>
    </p>
   </div>
   <div class='ocr_carea' id='block_1_79' title="bbox 2246 2229 3775 2316">
    <p class='ocr_par' dir='ltr' id='par_1_79' title="bbox 2246 2229 3775 2316">
     <span class='ocr_line' id='line_1_79' title="bbox 2246 2229 3775 2316; baseline 0.002 -18"><span class='ocrx_word' id='word_1_520' title='bbox 2246 2242 2438 2300; x_wconf 85' lang='lat' dir='ltr'><strong>Natale</strong></span> <span class='ocrx_word' id='word_1_521' title='bbox 2463 2243 2640 2301; x_wconf 88' lang='lat' dir='ltr'><strong>sancti</strong></span> <span class='ocrx_word' id='word_1_522' title='bbox 2661 2241 2932 2300; x_wconf 89' lang='lat' dir='ltr'><strong>Theodori</strong></span> <span class='ocrx_word' id='word_1_523' title='bbox 2948 2241 3226 2315; x_wconf 86' lang='lat' dir='ltr'><strong>martyris,</strong></span> <span class='ocrx_word' id='word_1_524' title='bbox 3245 2229 3588 2316; x_wconf 85' lang='lat' dir='ltr'><strong>temporibus</strong></span> <span class='ocrx_word' id='word_1_525' title='bbox 3613 2241 3775 2302; x_wconf 71' lang='lat' dir='ltr'><strong>laxi-</strong></span> 
     </span>
    </p>
   </div>
   <div class='ocr_carea' id='block_1_80' title="bbox 2175 2335 3774 2408">
    <p class='ocr_par' dir='ltr' id='par_1_80' title="bbox 2175 2335 3774 2408">
     <span class='ocr_line' id='line_1_80' title="bbox 2175 2335 3774 2408; baseline 0 -14"><span class='ocrx_word' id='word_1_526' title='bbox 2175 2337 2347 2394; x_wconf 90' lang='lat' dir='ltr'><strong>miani</strong></span> <span class='ocrx_word' id='word_1_527' title='bbox 2401 2343 2458 2393; x_wconf 89' lang='lat' dir='ltr'><strong>et</strong></span> <span class='ocrx_word' id='word_1_528' title='bbox 2515 2335 2796 2392; x_wconf 85' lang='lat' dir='ltr'><strong>Maximini</strong></span> <span class='ocrx_word' id='word_1_529' title='bbox 2844 2335 3259 2408; x_wconf 88' lang='lat' dir='ltr'><strong>imporatorum.</strong></span> <span class='ocrx_word' id='word_1_530' title='bbox 3306 2335 3411 2404; x_wconf 90' lang='lat' dir='ltr'><strong>Qui</strong></span> <span class='ocrx_word' id='word_1_531' title='bbox 3459 2351 3591 2392; x_wconf 87' lang='lat' dir='ltr'><strong>cum</strong></span> <span class='ocrx_word' id='word_1_532' title='bbox 3631 2344 3774 2394; x_wconf 79' lang='lat' dir='ltr'><strong>esset</strong></span> 
     </span>
    </p>
   </div>
   <div class='ocr_carea' id='block_1_81' title="bbox 2177 2427 3770 2496">
    <p class='ocr_par' dir='ltr' id='par_1_81' title="bbox 2177 2427 3770 2496">
     <span class='ocr_line' id='line_1_81' title="bbox 2177 2427 3770 2496; baseline -0.001 -10"><span class='ocrx_word' id='word_1_533' title='bbox 2177 2429 2355 2496; x_wconf 89' lang='lat' dir='ltr'><strong>miles,</strong></span> <span class='ocrx_word' id='word_1_534' title='bbox 2386 2436 2446 2485; x_wconf 92' lang='lat' dir='ltr'><strong>et</strong></span> <span class='ocrx_word' id='word_1_535' title='bbox 2469 2443 2598 2485; x_wconf 89' lang='lat' dir='ltr'><strong>vere</strong></span> <span class='ocrx_word' id='word_1_536' title='bbox 2625 2427 2992 2496; x_wconf 89' lang='lat' dir='ltr'><strong>Christianus,</strong></span> <span class='ocrx_word' id='word_1_537' title='bbox 3023 2428 3290 2486; x_wconf 89' lang='lat' dir='ltr'><strong>adductus</strong></span> <span class='ocrx_word' id='word_1_538' title='bbox 3316 2437 3403 2485; x_wconf 89' lang='lat' dir='ltr'><strong>est</strong></span> <span class='ocrx_word' id='word_1_539' title='bbox 3429 2429 3500 2484; x_wconf 87' lang='lat' dir='ltr'><strong>ad</strong></span> <span class='ocrx_word' id='word_1_540' title='bbox 3517 2428 3770 2485; x_wconf 78' lang='lat' dir='ltr'><strong>Briucan</strong></span> 
     </span>
    </p>
   </div>
   <div class='ocr_carea' id='block_1_82' title="bbox 2177 2520 3772 2595">
    <p class='ocr_par' dir='ltr' id='par_1_82' title="bbox 2177 2520 3772 2595">
     <span class='ocr_line' id='line_1_82' title="bbox 2177 2520 3772 2595; baseline -0.001 -18"><span class='ocrx_word' id='word_1_541' title='bbox 2177 2522 2528 2594; x_wconf 59' lang='lat' dir='ltr'><strong>praepositum</strong></span> <span class='ocrx_word' id='word_1_542' title='bbox 2576 2521 2806 2595; x_wconf 85' lang='lat' dir='ltr'><strong>legionis</strong></span> <span class='ocrx_word' id='word_1_543' title='bbox 2829 2563 2845 2590; x_wconf 91' lang='lat'><strong>,</strong></span> <span class='ocrx_word' id='word_1_544' title='bbox 2892 2536 2925 2577; x_wconf 86' lang='lat' dir='ltr'><strong>a</strong></span> <span class='ocrx_word' id='word_1_545' title='bbox 2972 2537 3082 2593; x_wconf 89' lang='lat' dir='ltr'><strong>quo</strong></span> <span class='ocrx_word' id='word_1_546' title='bbox 3128 2520 3388 2579; x_wconf 88' lang='lat' dir='ltr'><strong>dilatione</strong></span> <span class='ocrx_word' id='word_1_547' title='bbox 3437 2530 3667 2593; x_wconf 77' lang='lat' dir='ltr'><strong>accepta</strong></span> <span class='ocrx_word' id='word_1_548' title='bbox 3713 2532 3772 2576; x_wconf 86' lang='lat' dir='ltr'><strong>ut</strong></span> 
     </span>
    </p>
   </div>
   <div class='ocr_carea' id='block_1_83' title="bbox 2179 2613 3772 2687">
    <p class='ocr_par' dir='ltr' id='par_1_83' title="bbox 2179 2613 3772 2687">
     <span class='ocr_line' id='line_1_83' title="bbox 2179 2613 3772 2687; baseline -0.001 -16"><span class='ocrx_word' id='word_1_549' title='bbox 2179 2615 2452 2671; x_wconf 86' lang='lat' dir='ltr'><strong>sententia</strong></span> <span class='ocrx_word' id='word_1_550' title='bbox 2501 2614 2932 2672; x_wconf 89' lang='lat' dir='ltr'><strong>irrevocabiliter</strong></span> <span class='ocrx_word' id='word_1_551' title='bbox 2975 2623 3366 2687; x_wconf 89' lang='lat' dir='ltr'><strong>permaneret,</strong></span> <span class='ocrx_word' id='word_1_552' title='bbox 3403 2615 3434 2655; x_wconf 71' lang='grc' dir='ltr'>δ</span> <span class='ocrx_word' id='word_1_553' title='bbox 3456 2614 3631 2686; x_wconf 85' lang='lat' dir='ltr'><strong>judici</strong></span> <span class='ocrx_word' id='word_1_554' title='bbox 3675 2613 3772 2669; x_wconf 82' lang='lat' dir='ltr'><strong>Po-</strong></span> 
     </span>
    </p>
   </div>
   <div class='ocr_carea' id='block_1_84' title="bbox 2179 2705 3773 2780">
    <p class='ocr_par' dir='ltr' id='par_1_84' title="bbox 2179 2705 3773 2780">
     <span class='ocr_line' id='line_1_84' title="bbox 2179 2705 3773 2780; baseline 0 -18"><span class='ocrx_word' id='word_1_555' title='bbox 2179 2707 2312 2780; x_wconf 88' lang='lat' dir='ltr'><strong>pilio</strong></span> <span class='ocrx_word' id='word_1_556' title='bbox 2341 2705 2574 2773; x_wconf 89' lang='lat' dir='ltr'><strong>sistitur,</strong></span> <span class='ocrx_word' id='word_1_557' title='bbox 2601 2707 2697 2778; x_wconf 92' lang='lat' dir='ltr'><strong>qui</strong></span> <span class='ocrx_word' id='word_1_558' title='bbox 2735 2707 2896 2779; x_wconf 90' lang='lat' dir='ltr'><strong>jussit</strong></span> <span class='ocrx_word' id='word_1_559' title='bbox 2925 2723 3051 2764; x_wconf 90' lang='lat' dir='ltr'><strong>eum</strong></span> <span class='ocrx_word' id='word_1_560' title='bbox 3091 2708 3237 2763; x_wconf 90' lang='lat' dir='ltr'><strong>mitti</strong></span> <span class='ocrx_word' id='word_1_561' title='bbox 3278 2708 3336 2764; x_wconf 91' lang='lat' dir='ltr'><strong>in</strong></span> <span class='ocrx_word' id='word_1_562' title='bbox 3379 2719 3773 2774; x_wconf 86' lang='lat' dir='ltr'><strong>carcerem,et</strong></span> 
     </span>
    </p>
   </div>
   <div class='ocr_carea' id='block_1_85' title="bbox 2182 2797 3774 2871">
    <p class='ocr_par' dir='ltr' id='par_1_85' title="bbox 2182 2797 3774 2871">
     <span class='ocr_line' id='line_1_85' title="bbox 2182 2797 3774 2871; baseline -0.001 -15"><span class='ocrx_word' id='word_1_563' title='bbox 2182 2797 2383 2871; x_wconf 86' lang='lat' dir='ltr'><strong>signari</strong></span> <span class='ocrx_word' id='word_1_564' title='bbox 2415 2799 2616 2855; x_wconf 87' lang='lat' dir='ltr'><strong>ostium</strong></span> <span class='ocrx_word' id='word_1_565' title='bbox 2641 2799 2910 2866; x_wconf 86' lang='lat' dir='ltr'><strong>carceris;</strong></span> <span class='ocrx_word' id='word_1_566' title='bbox 2954 2799 3048 2855; x_wconf 90' lang='lat' dir='ltr'><strong>ubi</strong></span> <span class='ocrx_word' id='word_1_567' title='bbox 3083 2799 3264 2855; x_wconf 90' lang='lat' dir='ltr'><strong>divina</strong></span> <span class='ocrx_word' id='word_1_568' title='bbox 3305 2799 3624 2856; x_wconf 87' lang='lat' dir='ltr'><strong>consolatur</strong></span> <span class='ocrx_word' id='word_1_569' title='bbox 3649 2799 3774 2855; x_wconf 77' lang='lat' dir='ltr'><strong>visi-</strong></span> 
     </span>
    </p>
   </div>
   <div class='ocr_carea' id='block_1_86' title="bbox 2184 2889 3776 2964">
    <p class='ocr_par' dir='ltr' id='par_1_86' title="bbox 2184 2889 3776 2964">
     <span class='ocr_line' id='line_1_86' title="bbox 2184 2889 3776 2964; baseline 0.001 -19"><span class='ocrx_word' id='word_1_570' title='bbox 2184 2891 2412 2947; x_wconf 88' lang='lat' dir='ltr'><strong>tatione.</strong></span> <span class='ocrx_word' id='word_1_571' title='bbox 2469 2889 2602 2947; x_wconf 91' lang='lat' dir='ltr'><strong>Post</strong></span> <span class='ocrx_word' id='word_1_572' title='bbox 2646 2891 2853 2964; x_wconf 90' lang='lat' dir='ltr'><strong>aliquot</strong></span> <span class='ocrx_word' id='word_1_573' title='bbox 2907 2891 3026 2947; x_wconf 87' lang='lat' dir='ltr'><strong>dies</strong></span> <span class='ocrx_word' id='word_1_574' title='bbox 3077 2892 3276 2948; x_wconf 89' lang='lat' dir='ltr'><strong>iterum</strong></span> <span class='ocrx_word' id='word_1_575' title='bbox 3324 2893 3599 2950; x_wconf 81' lang='lat' dir='ltr'><strong>adductus</strong></span> <span class='ocrx_word' id='word_1_576' title='bbox 3653 2901 3776 2948; x_wconf 83' lang='lat' dir='ltr'><strong>ante</strong></span> 
     </span>
    </p>
   </div>
   <div class='ocr_carea' id='block_1_87' title="bbox 2183 2983 3780 3058">
    <p class='ocr_par' dir='ltr' id='par_1_87' title="bbox 2183 2983 3780 3058">
     <span class='ocr_line' id='line_1_87' title="bbox 2183 2983 3780 3058; baseline 0.003 -20"><span class='ocrx_word' id='word_1_577' title='bbox 2183 2983 2492 3054; x_wconf 72' lang='lat' dir='ltr'><strong>praesidem,</strong></span> <span class='ocrx_word' id='word_1_578' title='bbox 2519 2998 2816 3055; x_wconf 89' lang='lat' dir='ltr'><strong>suspensus</strong></span> <span class='ocrx_word' id='word_1_579' title='bbox 2843 2991 2929 3039; x_wconf 90' lang='lat' dir='ltr'><strong>est</strong></span> <span class='ocrx_word' id='word_1_580' title='bbox 2967 2983 3022 3038; x_wconf 89' lang='lat' dir='ltr'><strong>in</strong></span> <span class='ocrx_word' id='word_1_581' title='bbox 3048 2983 3216 3056; x_wconf 89' lang='lat' dir='ltr'><strong>ligno,</strong></span> <span class='ocrx_word' id='word_1_582' title='bbox 3243 2992 3299 3040; x_wconf 89' lang='lat' dir='ltr'><strong>et</strong></span> <span class='ocrx_word' id='word_1_583' title='bbox 3330 2984 3554 3058; x_wconf 90' lang='lat' dir='ltr'><strong>ungulis</strong></span> <span class='ocrx_word' id='word_1_584' title='bbox 3585 2984 3780 3042; x_wconf 80' lang='lat' dir='ltr'><strong>ferreis</strong></span> 
     </span>
    </p>
   </div>
   <div class='ocr_carea' id='block_1_88' title="bbox 2185 3075 3776 3149">
    <p class='ocr_par' dir='ltr' id='par_1_88' title="bbox 2185 3075 3776 3149">
     <span class='ocr_line' id='line_1_88' title="bbox 2185 3075 3776 3149; baseline 0.001 -19"><span class='ocrx_word' id='word_1_585' title='bbox 2185 3075 2355 3132; x_wconf 88' lang='lat' dir='ltr'><strong>latera</strong></span> <span class='ocrx_word' id='word_1_586' title='bbox 2386 3075 2505 3146; x_wconf 88' lang='lat' dir='ltr'><strong>ejus</strong></span> <span class='ocrx_word' id='word_1_587' title='bbox 2532 3091 2678 3143; x_wconf 90' lang='lat' dir='ltr'><strong>rasa,</strong></span> <span class='ocrx_word' id='word_1_588' title='bbox 2708 3091 2991 3148; x_wconf 88' lang='lat' dir='ltr'><strong>quousque</strong></span> <span class='ocrx_word' id='word_1_589' title='bbox 3017 3085 3184 3133; x_wconf 74' lang='lat' dir='ltr'><strong>costa:</strong></span> <span class='ocrx_word' id='word_1_590' title='bbox 3211 3077 3382 3149; x_wconf 90' lang='lat' dir='ltr'><strong>ipsius</strong></span> <span class='ocrx_word' id='word_1_591' title='bbox 3415 3078 3776 3135; x_wconf 88' lang='lat' dir='ltr'><strong>nudarentur.</strong></span> 
     </span>
    </p>
   </div>
   <div class='ocr_carea' id='block_1_89' title="bbox 2185 3168 3779 3238">
    <p class='ocr_par' dir='ltr' id='par_1_89' title="bbox 2185 3168 3779 3238">
     <span class='ocr_line' id='line_1_89' title="bbox 2185 3168 3779 3238; baseline 0.003 -14"><span class='ocrx_word' id='word_1_592' title='bbox 2185 3168 2392 3225; x_wconf 87' lang='lat' dir='ltr'><strong>Deinde</strong></span> <span class='ocrx_word' id='word_1_593' title='bbox 2417 3169 2641 3226; x_wconf 89' lang='lat' dir='ltr'><strong>dictavit</strong></span> <span class='ocrx_word' id='word_1_594' title='bbox 2665 3169 3014 3238; x_wconf 88' lang='lat' dir='ltr'><strong>sententiam,</strong></span> <span class='ocrx_word' id='word_1_595' title='bbox 3037 3171 3224 3227; x_wconf 88' lang='lat' dir='ltr'><strong>dicens</strong></span> <span class='ocrx_word' id='word_1_596' title='bbox 3250 3189 3264 3226; x_wconf 90' lang='lat'><strong>:</strong></span> <span class='ocrx_word' id='word_1_597' title='bbox 3295 3171 3640 3229; x_wconf 87' lang='lat' dir='ltr'><strong>Theodorum</strong></span> <span class='ocrx_word' id='word_1_598' title='bbox 3671 3188 3779 3228; x_wconf 87' lang='lat' dir='ltr'><strong>non</strong></span> 
     </span>
    </p>
   </div>
   <div class='ocr_carea' id='block_1_90' title="bbox 2186 3263 3780 3337">
    <p class='ocr_par' dir='ltr' id='par_1_90' title="bbox 2186 3263 3780 3337">
     <span class='ocr_line' id='line_1_90' title="bbox 2186 3263 3780 3337; baseline 0.002 -18"><span class='ocrx_word' id='word_1_599' title='bbox 2186 3263 2653 3335; x_wconf 88' lang='lat' dir='ltr'><strong>obtemperantem</strong></span> <span class='ocrx_word' id='word_1_600' title='bbox 2699 3264 2984 3336; x_wconf 68' lang='lat' dir='ltr'><strong>praeceptis</strong></span> <span class='ocrx_word' id='word_1_601' title='bbox 3025 3264 3508 3322; x_wconf 88' lang='lat' dir='ltr'><strong>invictissimorum</strong></span> <span class='ocrx_word' id='word_1_602' title='bbox 3535 3267 3780 3337; x_wconf 85' lang='lat' dir='ltr'><strong>impera-</strong></span> 
     </span>
    </p>
   </div>
   <div class='ocr_carea' id='block_1_91' title="bbox 2187 3358 3780 3430">
    <p class='ocr_par' dir='ltr' id='par_1_91' title="bbox 2187 3358 3780 3430">
     <span class='ocr_line' id='line_1_91' title="bbox 2187 3358 3780 3430; baseline 0.003 -18"><span class='ocrx_word' id='word_1_603' title='bbox 2187 3364 2390 3425; x_wconf 90' lang='lat' dir='ltr'><strong>torum,</strong></span> <span class='ocrx_word' id='word_1_604' title='bbox 2422 3358 2786 3430; x_wconf 74' lang='lat' dir='ltr'><strong>potentizeque</strong></span> <span class='ocrx_word' id='word_1_605' title='bbox 2812 3359 3060 3426; x_wconf 91' lang='lat' dir='ltr'><strong>deorum,</strong></span> <span class='ocrx_word' id='word_1_606' title='bbox 3089 3360 3407 3417; x_wconf 90' lang='lat' dir='ltr'><strong>credentem</strong></span> <span class='ocrx_word' id='word_1_607' title='bbox 3439 3375 3560 3417; x_wconf 83' lang='lat' dir='ltr'><strong>vero</strong></span> <span class='ocrx_word' id='word_1_608' title='bbox 3581 3359 3780 3417; x_wconf 66' lang='lat' dir='ltr'><strong>Iesum</strong></span> 
     </span>
    </p>
   </div>
   <div class='ocr_carea' id='block_1_92' title="bbox 2185 3449 3782 3526">
    <p class='ocr_par' dir='ltr' id='par_1_92' title="bbox 2185 3449 3782 3526">
     <span class='ocr_line' id='line_1_92' title="bbox 2185 3449 3782 3526; baseline 0.002 -19"><span class='ocrx_word' id='word_1_609' title='bbox 2185 3449 2465 3508; x_wconf 90' lang='lat' dir='ltr'><strong>Christum</strong></span> <span class='ocrx_word' id='word_1_610' title='bbox 2518 3451 2882 3520; x_wconf 81' lang='lat' dir='ltr'><strong>cruciﬁxum,</strong></span> <span class='ocrx_word' id='word_1_611' title='bbox 2922 3452 3087 3524; x_wconf 90' lang='lat' dir='ltr'><strong>jubeo</strong></span> <span class='ocrx_word' id='word_1_612' title='bbox 3135 3454 3353 3526; x_wconf 82' lang='lat' dir='ltr'><strong>ignibus</strong></span> <span class='ocrx_word' id='word_1_613' title='bbox 3403 3455 3564 3510; x_wconf 82' lang='lat' dir='ltr'><strong>tradi.</strong></span> <span class='ocrx_word' id='word_1_614' title='bbox 3609 3453 3782 3526; x_wconf 79' lang='lat' dir='ltr'><strong>igitur</strong></span> 
     </span>
    </p>
   </div>
   <div class='ocr_carea' id='block_1_93' title="bbox 2185 3544 3783 3617">
    <p class='ocr_par' dir='ltr' id='par_1_93' title="bbox 2185 3544 3783 3617">
     <span class='ocr_line' id='line_1_93' title="bbox 2185 3544 3783 3617; baseline 0.001 -16"><span class='ocrx_word' id='word_1_615' title='bbox 2185 3544 2378 3602; x_wconf 86' lang='lat' dir='ltr'><strong>beatus</strong></span> <span class='ocrx_word' id='word_1_616' title='bbox 2411 3552 2618 3616; x_wconf 88' lang='lat' dir='ltr'><strong>martyr</strong></span> <span class='ocrx_word' id='word_1_617' title='bbox 2661 3544 2942 3617; x_wconf 89' lang='lat' dir='ltr'><strong>signaculo</strong></span> <span class='ocrx_word' id='word_1_618' title='bbox 2985 3545 3164 3601; x_wconf 91' lang='lat' dir='ltr'><strong>crucis</strong></span> <span class='ocrx_word' id='word_1_619' title='bbox 3208 3547 3490 3611; x_wconf 88' lang='lat' dir='ltr'><strong>munitus,</strong></span> <span class='ocrx_word' id='word_1_620' title='bbox 3529 3548 3783 3603; x_wconf 82' lang='lat' dir='ltr'><strong>manibus</strong></span> 
     </span>
    </p>
   </div>
   <div class='ocr_carea' id='block_1_94' title="bbox 2183 3637 3781 3711">
    <p class='ocr_par' dir='ltr' id='par_1_94' title="bbox 2183 3637 3781 3711">
     <span class='ocr_line' id='line_1_94' title="bbox 2183 3637 3781 3711; baseline 0.001 -18"><span class='ocrx_word' id='word_1_621' title='bbox 2183 3646 2309 3708; x_wconf 89' lang='lat' dir='ltr'><strong>post</strong></span> <span class='ocrx_word' id='word_1_622' title='bbox 2338 3645 2550 3709; x_wconf 89' lang='lat' dir='ltr'><strong>tergum</strong></span> <span class='ocrx_word' id='word_1_623' title='bbox 2578 3637 2795 3707; x_wconf 87' lang='lat' dir='ltr'><strong>ligatis,</strong></span> <span class='ocrx_word' id='word_1_624' title='bbox 2835 3638 2889 3693; x_wconf 89' lang='lat' dir='ltr'><strong>in</strong></span> <span class='ocrx_word' id='word_1_625' title='bbox 2927 3637 3078 3694; x_wconf 88' lang='lat' dir='ltr'><strong>focos</strong></span> <span class='ocrx_word' id='word_1_626' title='bbox 3100 3638 3443 3710; x_wconf 89' lang='lat' dir='ltr'><strong>propellitur.</strong></span> <span class='ocrx_word' id='word_1_627' title='bbox 3475 3639 3546 3694; x_wconf 85' lang='lat' dir='ltr'><strong>Et</strong></span> <span class='ocrx_word' id='word_1_628' title='bbox 3570 3639 3781 3711; x_wconf 65' lang='lat' dir='ltr'><strong>prospio</strong></span> 
     </span>
    </p>
   </div>
   <div class='ocr_carea' id='block_1_95' title="bbox 2187 3729 3780 3802">
    <p class='ocr_par' dir='ltr' id='par_1_95' title="bbox 2187 3729 3780 3802">
     <span class='ocr_line' id='line_1_95' title="bbox 2187 3729 3780 3802; baseline 0 -17"><span class='ocrx_word' id='word_1_629' title='bbox 2187 3730 2336 3786; x_wconf 88' lang='lat' dir='ltr'><strong>ciens</strong></span> <span class='ocrx_word' id='word_1_630' title='bbox 2371 3730 2521 3786; x_wconf 89' lang='lat' dir='ltr'><strong>videt</strong></span> <span class='ocrx_word' id='word_1_631' title='bbox 2553 3730 2610 3785; x_wconf 91' lang='lat' dir='ltr'><strong>in</strong></span> <span class='ocrx_word' id='word_1_632' title='bbox 2653 3731 2814 3786; x_wconf 84' lang='lat' dir='ltr'><strong>turba.</strong></span> <span class='ocrx_word' id='word_1_633' title='bbox 2855 3729 3248 3802; x_wconf 89' lang='lat' dir='ltr'><strong>lacrymantcm</strong></span> <span class='ocrx_word' id='word_1_634' title='bbox 3281 3731 3600 3788; x_wconf 90' lang='lat' dir='ltr'><strong>Cleonicum</strong></span> <span class='ocrx_word' id='word_1_635' title='bbox 3629 3772 3649 3797; x_wconf 93' lang='lat'><strong>,</strong></span> <span class='ocrx_word' id='word_1_636' title='bbox 3695 3731 3780 3802; x_wconf 88' lang='lat' dir='ltr'><strong>qui</strong></span> 
     </span>
    </p>
   </div>
   <div class='ocr_carea' id='block_1_96' title="bbox 2187 3821 3779 3895">
    <p class='ocr_par' dir='ltr' id='par_1_96' title="bbox 2187 3821 3779 3895">
     <span class='ocr_line' id='line_1_96' title="bbox 2187 3821 3779 3895; baseline -0.001 -17"><span class='ocrx_word' id='word_1_637' title='bbox 2187 3839 2310 3878; x_wconf 92' lang='lat' dir='ltr'><strong>cum</strong></span> <span class='ocrx_word' id='word_1_638' title='bbox 2351 3838 2418 3880; x_wconf 92' lang='lat' dir='ltr'><strong>eo</strong></span> <span class='ocrx_word' id='word_1_639' title='bbox 2448 3830 2570 3895; x_wconf 90' lang='lat' dir='ltr'><strong>tyro</strong></span> <span class='ocrx_word' id='word_1_640' title='bbox 2605 3822 2872 3879; x_wconf 87' lang='lat' dir='ltr'><strong>adductus</strong></span> <span class='ocrx_word' id='word_1_641' title='bbox 2900 3821 3098 3878; x_wconf 88' lang='lat' dir='ltr'><strong>fuerat.</strong></span> <span class='ocrx_word' id='word_1_642' title='bbox 3146 3824 3216 3880; x_wconf 88' lang='lat' dir='ltr'><strong>Et</strong></span> <span class='ocrx_word' id='word_1_643' title='bbox 3251 3824 3570 3880; x_wconf 84' lang='lat' dir='ltr'><strong>exclamans</strong></span> <span class='ocrx_word' id='word_1_644' title='bbox 3595 3823 3779 3880; x_wconf 85' lang='lat' dir='ltr'><strong>dixit:</strong></span> 
     </span>
    </p>
   </div>
   <div class='ocr_carea' id='block_1_97' title="bbox 2187 3915 3784 3987">
    <p class='ocr_par' dir='ltr' id='par_1_97' title="bbox 2187 3915 3784 3987">
     <span class='ocr_line' id='line_1_97' title="bbox 2187 3915 3784 3987; baseline 0.001 -16"><span class='ocrx_word' id='word_1_645' title='bbox 2187 3915 2440 3972; x_wconf 89' lang='lat' dir='ltr'><strong>Cleonice</strong></span> <span class='ocrx_word' id='word_1_646' title='bbox 2460 3956 2476 3983; x_wconf 93' lang='lat'><strong>,</strong></span> <span class='ocrx_word' id='word_1_647' title='bbox 2523 3924 2781 3987; x_wconf 82' lang='lat' dir='ltr'><strong>exspecto</strong></span> <span class='ocrx_word' id='word_1_648' title='bbox 2811 3923 2865 3971; x_wconf 91' lang='lat' dir='ltr'><strong>te</strong></span> <span class='ocrx_word' id='word_1_649' title='bbox 2891 3933 2906 3982; x_wconf 93' lang='lat'><strong>;</strong></span> <span class='ocrx_word' id='word_1_650' title='bbox 2938 3915 3136 3972; x_wconf 90' lang='lat' dir='ltr'><strong>festina</strong></span> <span class='ocrx_word' id='word_1_651' title='bbox 3157 3958 3170 3984; x_wconf 91' lang='lat'><strong>,</strong></span> <span class='ocrx_word' id='word_1_652' title='bbox 3198 3925 3255 3972; x_wconf 90' lang='lat' dir='ltr'><strong>et</strong></span> <span class='ocrx_word' id='word_1_653' title='bbox 3281 3931 3512 3987; x_wconf 88' lang='lat' dir='ltr'><strong>sequere</strong></span> <span class='ocrx_word' id='word_1_654' title='bbox 3558 3932 3682 3972; x_wconf 88' lang='lat' dir='ltr'><strong>me.</strong></span> <span class='ocrx_word' id='word_1_655' title='bbox 3720 3917 3784 3972; x_wconf 79' lang='lat' dir='ltr'><strong>Et</strong></span> 
     </span>
    </p>
   </div>
   <div class='ocr_carea' id='block_1_98' title="bbox 2188 4004 3784 4078">
    <p class='ocr_par' dir='ltr' id='par_1_98' title="bbox 2188 4004 3784 4078">
     <span class='ocr_line' id='line_1_98' title="bbox 2188 4004 3784 4078; baseline 0.001 -16"><span class='ocrx_word' id='word_1_656' title='bbox 2188 4022 2313 4062; x_wconf 91' lang='lat' dir='ltr'><strong>cum</strong></span> <span class='ocrx_word' id='word_1_657' title='bbox 2360 4004 2472 4076; x_wconf 90' lang='lat' dir='ltr'><strong>jam</strong></span> <span class='ocrx_word' id='word_1_658' title='bbox 2538 4005 2882 4062; x_wconf 84' lang='lat' dir='ltr'><strong>ﬂammarum</strong></span> <span class='ocrx_word' id='word_1_659' title='bbox 2947 4006 3123 4078; x_wconf 86' lang='lat' dir='ltr'><strong>globis</strong></span> <span class='ocrx_word' id='word_1_660' title='bbox 3179 4008 3418 4078; x_wconf 90' lang='lat' dir='ltr'><strong>undique</strong></span> <span class='ocrx_word' id='word_1_661' title='bbox 3482 4006 3784 4063; x_wconf 81' lang='lat' dir='ltr'><strong>vallaretur</strong></span> 
     </span>
    </p>
   </div>
   <div class='ocr_carea' id='block_1_99' title="bbox 2188 4097 3785 4173">
    <p class='ocr_par' dir='ltr' id='par_1_99' title="bbox 2188 4097 3785 4173">
     <span class='ocr_line' id='line_1_99' title="bbox 2188 4097 3785 4173; baseline 0.001 -20"><span class='ocrx_word' id='word_1_662' title='bbox 2188 4097 2381 4154; x_wconf 88' lang='lat' dir='ltr'><strong>beatus</strong></span> <span class='ocrx_word' id='word_1_663' title='bbox 2403 4104 2630 4173; x_wconf 88' lang='lat' dir='ltr'><strong>martyr,</strong></span> <span class='ocrx_word' id='word_1_664' title='bbox 2644 4101 2946 4156; x_wconf 87' lang='lat' dir='ltr'><strong>orationem</strong></span> <span class='ocrx_word' id='word_1_665' title='bbox 2969 4099 3126 4166; x_wconf 91' lang='lat' dir='ltr'><strong>fudit,</strong></span> <span class='ocrx_word' id='word_1_666' title='bbox 3149 4099 3378 4156; x_wconf 89' lang='lat' dir='ltr'><strong>laudans</strong></span> <span class='ocrx_word' id='word_1_667' title='bbox 3393 4110 3447 4156; x_wconf 88' lang='lat' dir='ltr'><strong>et</strong></span> <span class='ocrx_word' id='word_1_668' title='bbox 3463 4099 3785 4172; x_wconf 82' lang='lat' dir='ltr'><strong>glorificaus</strong></span> 
     </span>
    </p>
   </div>
   <div class='ocr_carea' id='block_1_100' title="bbox 2188 4187 3784 4262">
    <p class='ocr_par' dir='ltr' id='par_1_100' title="bbox 2188 4187 3784 4262">
     <span class='ocr_line' id='line_1_100' title="bbox 2188 4187 3784 4262; baseline 0.001 -18"><span class='ocrx_word' id='word_1_669' title='bbox 2188 4187 2441 4258; x_wconf 87' lang='lat' dir='ltr'><strong>Patrem,</strong></span> <span class='ocrx_word' id='word_1_670' title='bbox 2489 4199 2548 4247; x_wconf 91' lang='lat' dir='ltr'><strong>et</strong></span> <span class='ocrx_word' id='word_1_671' title='bbox 2584 4190 2820 4257; x_wconf 85' lang='lat' dir='ltr'><strong>Filium,</strong></span> <span class='ocrx_word' id='word_1_672' title='bbox 2847 4200 2903 4247; x_wconf 91' lang='lat' dir='ltr'><strong>et</strong></span> <span class='ocrx_word' id='word_1_673' title='bbox 2944 4190 3211 4261; x_wconf 89' lang='lat' dir='ltr'><strong>Spiritum</strong></span> <span class='ocrx_word' id='word_1_674' title='bbox 3259 4201 3524 4248; x_wconf 88' lang='lat' dir='ltr'><strong>sanctum.</strong></span> <span class='ocrx_word' id='word_1_675' title='bbox 3574 4189 3784 4262; x_wconf 86' lang='lat' dir='ltr'><strong>Sicque</strong></span> 
     </span>
    </p>
   </div>
   <div class='ocr_carea' id='block_1_101' title="bbox 2190 4281 3782 4338">
    <p class='ocr_par' dir='ltr' id='par_1_101' title="bbox 2190 4281 3782 4338">
     <span class='ocr_line' id='line_1_101' title="bbox 2190 4281 3782 4338; baseline -0.001 -2"><span class='ocrx_word' id='word_1_676' title='bbox 2190 4291 2434 4336; x_wconf 88' lang='lat' dir='ltr'><strong>sanctam</strong></span> <span class='ocrx_word' id='word_1_677' title='bbox 2467 4282 2707 4338; x_wconf 89' lang='lat' dir='ltr'><strong>animam</strong></span> <span class='ocrx_word' id='word_1_678' title='bbox 2731 4281 2950 4338; x_wconf 85' lang='lat' dir='ltr'><strong>Christo</strong></span> <span class='ocrx_word' id='word_1_679' title='bbox 2971 4282 3206 4338; x_wconf 87' lang='lat' dir='ltr'><strong>reddidit</strong></span> <span class='ocrx_word' id='word_1_680' title='bbox 3229 4297 3262 4336; x_wconf 84' lang='grc' dir='ltr'><strong>ν</strong></span> <span class='ocrx_word' id='word_1_681' title='bbox 3288 4283 3410 4338; x_wconf 83' lang='lat' dir='ltr'><strong>ldus</strong></span> <span class='ocrx_word' id='word_1_682' title='bbox 3431 4281 3782 4338; x_wconf 86' lang='lat' dir='ltr'><strong>Novembris.</strong></span> 
     </span>
    </p>
   </div>
   <div class='ocr_carea' id='block_1_102' title="bbox 2145 4370 3786 4446">
    <p class='ocr_par' dir='ltr' id='par_1_102' title="bbox 2145 4370 3786 4446">
     <span class='ocr_line' id='line_1_102' title="bbox 2145 4370 3786 4446; baseline -0.002 -17"><span class='ocrx_word' id='word_1_683' title='bbox 2145 4436 2147 4438; x_wconf 31' lang='grc' dir='ltr'><strong>η</strong></span> <span class='ocrx_word' id='word_1_684' title='bbox 2190 4370 2448 4440; x_wconf 72' lang='lat' dir='ltr'><strong>Quaedam</strong></span> <span class='ocrx_word' id='word_1_685' title='bbox 2492 4382 2673 4430; x_wconf 84' lang='lat' dir='ltr'><strong>autem</strong></span> <span class='ocrx_word' id='word_1_686' title='bbox 2708 4375 2934 4442; x_wconf 90' lang='lat' dir='ltr'><strong>mulier,</strong></span> <span class='ocrx_word' id='word_1_687' title='bbox 2978 4375 3210 4431; x_wconf 86' lang='lat' dir='ltr'><strong>Eusebia</strong></span> <span class='ocrx_word' id='word_1_688' title='bbox 3262 4373 3505 4437; x_wconf 87' lang='lat' dir='ltr'><strong>nomine,</strong></span> <span class='ocrx_word' id='word_1_689' title='bbox 3555 4373 3786 4446; x_wconf 84' lang='lat' dir='ltr'><strong>collegit</strong></span> 
     </span>
    </p>
   </div>
   <div class='ocr_carea' id='block_1_103' title="bbox 2191 4467 3783 4538">
    <p class='ocr_par' dir='ltr' id='par_1_103' title="bbox 2191 4467 3783 4538">
     <span class='ocr_line' id='line_1_103' title="bbox 2191 4467 3783 4538; baseline -0.001 -17"><span class='ocrx_word' id='word_1_690' title='bbox 2191 4483 2389 4538; x_wconf 90' lang='lat' dir='ltr'><strong>corpus</strong></span> <span class='ocrx_word' id='word_1_691' title='bbox 2415 4468 2563 4538; x_wconf 88' lang='lat' dir='ltr'><strong>ejus.</strong></span> <span class='ocrx_word' id='word_1_692' title='bbox 2594 4476 2651 4523; x_wconf 88' lang='lat' dir='ltr'><strong>et</strong></span> <span class='ocrx_word' id='word_1_693' title='bbox 2689 4468 2917 4524; x_wconf 89' lang='lat' dir='ltr'><strong>sindone</strong></span> <span class='ocrx_word' id='word_1_694' title='bbox 2947 4470 3145 4524; x_wconf 89' lang='lat' dir='ltr'><strong>munda</strong></span> <span class='ocrx_word' id='word_1_695' title='bbox 3177 4468 3453 4525; x_wconf 87' lang='lat' dir='ltr'><strong>involvens</strong></span> <span class='ocrx_word' id='word_1_696' title='bbox 3499 4467 3783 4523; x_wconf 82' lang='lat' dir='ltr'><strong>transtulit</strong></span> 
     </span>
    </p>
   </div>
   <div class='ocr_carea' id='block_1_104' title="bbox 2195 4559 3783 4632">
    <p class='ocr_par' dir='ltr' id='par_1_104' title="bbox 2195 4559 3783 4632">
     <span class='ocr_line' id='line_1_104' title="bbox 2195 4559 3783 4632; baseline 0.001 -19"><span class='ocrx_word' id='word_1_697' title='bbox 2195 4559 2248 4613; x_wconf 91' lang='lat' dir='ltr'><strong>in</strong></span> <span class='ocrx_word' id='word_1_698' title='bbox 2286 4561 2686 4630; x_wconf 85' lang='lat' dir='ltr'><strong>possessionem</strong></span> <span class='ocrx_word' id='word_1_699' title='bbox 2720 4576 2891 4626; x_wconf 90' lang='lat' dir='ltr'><strong>suam,</strong></span> <span class='ocrx_word' id='word_1_700' title='bbox 2925 4562 2980 4617; x_wconf 91' lang='lat' dir='ltr'><strong>in</strong></span> <span class='ocrx_word' id='word_1_701' title='bbox 3007 4561 3185 4617; x_wconf 87' lang='lat' dir='ltr'><strong>locum</strong></span> <span class='ocrx_word' id='word_1_702' title='bbox 3213 4562 3304 4632; x_wconf 92' lang='lat' dir='ltr'><strong>qui</strong></span> <span class='ocrx_word' id='word_1_703' title='bbox 3330 4561 3641 4632; x_wconf 84' lang='lat' dir='ltr'><strong>appellatur</strong></span> <span class='ocrx_word' id='word_1_704' title='bbox 3679 4561 3783 4617; x_wconf 83' lang='lat' dir='ltr'><strong>Eo-</strong></span> 
     </span>
    </p>
   </div>
   <div class='ocr_carea' id='block_1_105' title="bbox 2193 4655 2392 4710">
    <p class='ocr_par' dir='ltr' id='par_1_105' title="bbox 2193 4655 2392 4710">
     <span class='ocr_line' id='line_1_105' title="bbox 2193 4655 2392 4710; baseline -0.005 -1"><span class='ocrx_word' id='word_1_705' title='bbox 2193 4655 2392 4710; x_wconf 84' lang='lat' dir='ltr'><strong>cliaita.</strong></span> 
     </span>
    </p>
   </div>
   <div class='ocr_carea' id='block_1_106' title="bbox 2265 4743 3785 4818">
    <p class='ocr_par' dir='ltr' id='par_1_106' title="bbox 2265 4743 3785 4818">
     <span class='ocr_line' id='line_1_106' title="bbox 2265 4743 3785 4818; baseline -0.002 -16"><span class='ocrx_word' id='word_1_706' title='bbox 2265 4760 2287 4787; x_wconf 70' lang='grc' dir='ltr'><strong>ιε</strong></span> <span class='ocrx_word' id='word_1_707' title='bbox 2331 4747 2464 4802; x_wconf 83' lang='lat' dir='ltr'><strong>Item</strong></span> <span class='ocrx_word' id='word_1_708' title='bbox 2493 4747 2684 4804; x_wconf 89' lang='lat' dir='ltr'><strong>eodem</strong></span> <span class='ocrx_word' id='word_1_709' title='bbox 2707 4746 2796 4802; x_wconf 90' lang='lat' dir='ltr'><strong>die</strong></span> <span class='ocrx_word' id='word_1_710' title='bbox 2823 4746 2966 4818; x_wconf 86' lang='lat' dir='ltr'><strong>apud</strong></span> <span class='ocrx_word' id='word_1_711' title='bbox 2990 4745 3281 4813; x_wconf 89' lang='lat' dir='ltr'><strong>Bituricas,</strong></span> <span class='ocrx_word' id='word_1_712' title='bbox 3310 4745 3369 4802; x_wconf 92' lang='lat' dir='ltr'><strong>S.</strong></span> <span class='ocrx_word' id='word_1_713' title='bbox 3398 4743 3674 4811; x_wconf 80' lang='lat' dir='ltr'><strong>Ursicini,</strong></span> <span class='ocrx_word' id='word_1_714' title='bbox 3696 4743 3785 4816; x_wconf 88' lang='lat' dir='ltr'><strong>qui</strong></span> 
     </span>
    </p>
   </div>
   <div class='ocr_carea' id='block_1_107' title="bbox 2192 4839 3785 4913">
    <p class='ocr_par' dir='ltr' id='par_1_107' title="bbox 2192 4839 3785 4913">
     <span class='ocr_line' id='line_1_107' title="bbox 2192 4839 3785 4913; baseline 0 -17"><span class='ocrx_word' id='word_1_715' title='bbox 2192 4840 2379 4898; x_wconf 64' lang='lat' dir='ltr'><strong>Romae</strong></span> <span class='ocrx_word' id='word_1_716' title='bbox 2399 4840 2682 4898; x_wconf 89' lang='lat' dir='ltr'><strong>ordinatus</strong></span> <span class='ocrx_word' id='word_1_717' title='bbox 2702 4857 2734 4897; x_wconf 89' lang='lat' dir='ltr'><strong>a</strong></span> <span class='ocrx_word' id='word_1_718' title='bbox 2754 4842 3163 4897; x_wconf 87' lang='lat' dir='ltr'><strong>successoribus</strong></span> <span class='ocrx_word' id='word_1_719' title='bbox 3184 4839 3546 4913; x_wconf 89' lang='lat' dir='ltr'><strong>apostolorum</strong></span> <span class='ocrx_word' id='word_1_720' title='bbox 3565 4839 3785 4911; x_wconf 73' lang='lat' dir='ltr'><strong>primu</strong></span> 
     </span>
    </p>
   </div>
   <div class='ocr_carea' id='block_1_108' title="bbox 2194 4935 3187 5007">
    <p class='ocr_par' dir='ltr' id='par_1_108' title="bbox 2194 4935 3187 5007">
     <span class='ocr_line' id='line_1_108' title="bbox 2194 4935 3187 5007; baseline 0 -16"><span class='ocrx_word' id='word_1_721' title='bbox 2194 4935 2370 4991; x_wconf 90' lang='lat' dir='ltr'><strong>eidem</strong></span> <span class='ocrx_word' id='word_1_722' title='bbox 2391 4935 2514 4992; x_wconf 90' lang='lat' dir='ltr'><strong>urbi</strong></span> <span class='ocrx_word' id='word_1_723' title='bbox 2549 4935 2854 4992; x_wconf 89' lang='lat' dir='ltr'><strong>destinatur</strong></span> <span class='ocrx_word' id='word_1_724' title='bbox 2879 4935 3187 5007; x_wconf 89' lang='lat' dir='ltr'><strong>episcopus.</strong></span> 
     </span>
    </p>
   </div>
   <div class='ocr_carea' id='block_1_109' title="bbox 2573 5021 3410 5088">
    <p class='ocr_par' dir='ltr' id='par_1_109' title="bbox 2573 5021 3410 5088">
     <span class='ocr_line' id='line_1_109' title="bbox 2573 5021 3410 5088; baseline 0.005 -4"><span class='ocrx_word' id='word_1_725' title='bbox 2573 5029 2636 5084; x_wconf 82' lang='lat' dir='ltr'><strong>F.</strong></span> <span class='ocrx_word' id='word_1_726' title='bbox 2677 5029 2746 5085; x_wconf 84' lang='lat' dir='ltr'><strong>IV</strong></span> <span class='ocrx_word' id='word_1_727' title='bbox 2784 5029 2944 5087; x_wconf 87' lang='lat' dir='ltr'><strong>IDUS</strong></span> <span class='ocrx_word' id='word_1_728' title='bbox 2983 5021 3410 5088; x_wconf 46' lang='lat' dir='ltr'><strong>NOVEMBRIS;</strong></span> 
     </span>
    </p>
   </div>
   <div class='ocr_carea' id='block_1_110' title="bbox 2830 5122 3146 5196">
    <p class='ocr_par' dir='ltr' id='par_1_110' title="bbox 2830 5122 3146 5196">
     <span class='ocr_line' id='line_1_110' title="bbox 2830 5122 3146 5196; baseline 0.009 -20"><span class='ocrx_word' id='word_1_729' title='bbox 2830 5122 2936 5195; x_wconf 79' lang='lat' dir='ltr'><strong>(io</strong></span> <span class='ocrx_word' id='word_1_730' title='bbox 2973 5122 3146 5196; x_wconf 84' lang='lat' dir='ltr'><strong>Nov.)</strong></span> 
     </span>
    </p>
   </div>
   <div class='ocr_carea' id='block_1_111' title="bbox 2267 5217 3782 5290">
    <p class='ocr_par' dir='ltr' id='par_1_111' title="bbox 2267 5217 3782 5290">
     <span class='ocr_line' id='line_1_111' title="bbox 2267 5217 3782 5290; baseline 0.001 -16"><span class='ocrx_word' id='word_1_731' title='bbox 2267 5235 2322 5274; x_wconf 74' lang='lat' dir='ltr'><strong>in</strong></span> <span class='ocrx_word' id='word_1_732' title='bbox 2352 5217 2628 5276; x_wconf 89' lang='lat' dir='ltr'><strong>territorio</strong></span> <span class='ocrx_word' id='word_1_733' title='bbox 2649 5219 2968 5290; x_wconf 85' lang='lat' dir='ltr'><strong>Agathensi,</strong></span> <span class='ocrx_word' id='word_1_734' title='bbox 3007 5219 3060 5275; x_wconf 93' lang='lat' dir='ltr'><strong>in</strong></span> <span class='ocrx_word' id='word_1_735' title='bbox 3090 5219 3423 5288; x_wconf 91' lang='lat' dir='ltr'><strong>Cessatione,</strong></span> <span class='ocrx_word' id='word_1_736' title='bbox 3451 5218 3660 5277; x_wconf 82' lang='lat' dir='ltr'><strong>natalis</strong></span> <span class='ocrx_word' id='word_1_737' title='bbox 3685 5218 3782 5276; x_wconf 88' lang='lat' dir='ltr'><strong>SS.</strong></span> 
     </span>
    </p>
   </div>
   <div class='ocr_carea' id='block_1_112' title="bbox 2193 5375 3787 5450">
    <p class='ocr_par' dir='ltr' id='par_1_112' title="bbox 2193 5375 3787 5450">
     <span class='ocr_line' id='line_1_112' title="bbox 2193 5375 3787 5450; baseline -0.001 -16"><span class='ocrx_word' id='word_1_738' title='bbox 2193 5377 2384 5434; x_wconf 87' lang='lat' dir='ltr'><strong>hendit</strong></span> <span class='ocrx_word' id='word_1_739' title='bbox 2409 5377 2472 5433; x_wconf 88' lang='lat' dir='ltr'><strong>B.</strong></span> <span class='ocrx_word' id='word_1_740' title='bbox 2526 5377 2902 5443; x_wconf 84' lang='lat' dir='ltr'><strong>Theodorum,</strong></span> <span class='ocrx_word' id='word_1_741' title='bbox 2933 5385 2987 5433; x_wconf 87' lang='lat' dir='ltr'><strong>et</strong></span> <span class='ocrx_word' id='word_1_742' title='bbox 3013 5377 3207 5434; x_wconf 90' lang='lat' dir='ltr'><strong>obtulit</strong></span> <span class='ocrx_word' id='word_1_743' title='bbox 3242 5392 3366 5434; x_wconf 91' lang='lat' dir='ltr'><strong>eum</strong></span> <span class='ocrx_word' id='word_1_744' title='bbox 3397 5375 3623 5450; x_wconf 89' lang='lat' dir='ltr'><strong>Populio</strong></span> <span class='ocrx_word' id='word_1_745' title='bbox 3652 5392 3787 5450; x_wconf 72' lang='lat' dir='ltr'><strong>pra:-</strong></span> 
     </span>
    </p>
   </div>
   <div class='ocr_carea' id='block_1_113' title="bbox 2197 5449 3783 5522">
    <p class='ocr_par' dir='ltr' id='par_1_113' title="bbox 2197 5449 3783 5522">
     <span class='ocr_line' id='line_1_113' title="bbox 2197 5449 3783 5522; baseline 0.001 -17"><span class='ocrx_word' id='word_1_746' title='bbox 2197 5450 2321 5522; x_wconf 85' lang='lat' dir='ltr'><strong>sidi.</strong></span> <span class='ocrx_word' id='word_1_747' title='bbox 2359 5470 2378 5503; x_wconf 69' lang='lat' dir='ltr'><strong>i</strong></span> <span class='ocrx_word' id='word_1_748' title='bbox 2406 5450 2496 5522; x_wconf 84' lang='lat' dir='ltr'><strong>_lta</strong></span> <span class='ocrx_word' id='word_1_749' title='bbox 2535 5460 2605 5522; x_wconf 14' lang='lat' dir='ltr'><strong>et,</strong></span> <span class='ocrx_word' id='word_1_750' title='bbox 2636 5449 2690 5506; x_wconf 88' lang='lat' dir='ltr'><strong>in</strong></span> <span class='ocrx_word' id='word_1_751' title='bbox 2734 5450 2980 5522; x_wconf 87' lang='lat' dir='ltr'><strong>historiis</strong></span> <span class='ocrx_word' id='word_1_752' title='bbox 3023 5451 3385 5522; x_wconf 85' lang='lat' dir='ltr'><strong>plurimorum</strong></span> <span class='ocrx_word' id='word_1_753' title='bbox 3435 5449 3783 5522; x_wconf 76' lang='lat' dir='ltr'><strong>sanctorum.</strong></span> 
     </span>
    </p>
   </div>
   <div class='ocr_carea' id='block_1_114' title="bbox 2199 5520 3782 5592">
    <p class='ocr_par' dir='ltr' id='par_1_114' title="bbox 2199 5520 3782 5592">
     <span class='ocr_line' id='line_1_114' title="bbox 2199 5520 3782 5592; baseline -0.004 -16"><span class='ocrx_word' id='word_1_754' title='bbox 2199 5521 2359 5576; x_wconf 87' lang='lat' dir='ltr'><strong>editis</strong></span> <span class='ocrx_word' id='word_1_755' title='bbox 2406 5520 2632 5592; x_wconf 70' lang='lat' dir='ltr'><strong>Lavanii</strong></span> <span class='ocrx_word' id='word_1_756' title='bbox 2679 5537 2824 5578; x_wconf 90' lang='lat' dir='ltr'><strong>anno</strong></span> <span class='ocrx_word' id='word_1_757' title='bbox 2864 5520 3043 5577; x_wconf 48' lang='lat' dir='ltr'><strong>M855</strong></span> <span class='ocrx_word' id='word_1_758' title='bbox 3065 5521 3201 5577; x_wconf 85' lang='lat' dir='ltr'><strong>Male</strong></span> <span class='ocrx_word' id='word_1_759' title='bbox 3244 5523 3386 5592; x_wconf 86' lang='lat' dir='ltr'><strong>apud</strong></span> <span class='ocrx_word' id='word_1_760' title='bbox 3418 5520 3782 5592; x_wconf 65' lang='lat' dir='ltr'><strong>Membritinm</strong></span> 
     </span>
    </p>
   </div>
   <div class='ocr_carea' id='block_1_115' title="bbox 2198 5588 3784 5669">
    <p class='ocr_par' dir='ltr' id='par_1_115' title="bbox 2198 5588 3784 5669">
     <span class='ocr_line' id='line_1_115' title="bbox 2198 5588 3784 5669; baseline -0.003 -23"><span class='ocrx_word' id='word_1_761' title='bbox 2198 5601 2332 5669; x_wconf 79' lang='lat' dir='ltr'><strong>tom.</strong></span> <span class='ocrx_word' id='word_1_762' title='bbox 2358 5591 2424 5657; x_wconf 92' lang='lat' dir='ltr'><strong>ll,</strong></span> <span class='ocrx_word' id='word_1_763' title='bbox 2451 5590 2643 5664; x_wconf 82' lang='lat' dir='ltr'><strong>Populi</strong></span> <span class='ocrx_word' id='word_1_764' title='bbox 2669 5592 3155 5669; x_wconf 38' lang='lat' dir='ltr'><strong>presidiglectius</strong></span> <span class='ocrx_word' id='word_1_765' title='bbox 3183 5588 3784 5669; x_wconf 60' lang='lat' dir='ltr'><strong>apu&#39;d_Adonem_PoEi-</strong></span> 
     </span>
    </p>
   </div>
   <div class='ocr_carea' id='block_1_116' title="bbox 2197 5657 3785 5735">
    <p class='ocr_par' dir='ltr' id='par_1_116' title="bbox 2197 5657 3785 5735">
     <span class='ocr_line' id='line_1_116' title="bbox 2197 5657 3785 5735; baseline -0.004 -18"><span class='ocrx_word' id='word_1_766' title='bbox 2197 5663 2322 5728; x_wconf 74' lang='lat' dir='ltr'><strong>lius,</strong></span> <span class='ocrx_word' id='word_1_767' title='bbox 2358 5657 2693 5735; x_wconf 57' lang='lat' dir='ltr'><strong>quam&#39;apud</strong></span> <span class='ocrx_word' id='word_1_768' title='bbox 2723 5663 2859 5720; x_wconf 91' lang='lat' dir='ltr'><strong>alios</strong></span> <span class='ocrx_word' id='word_1_769' title='bbox 2896 5661 3182 5735; x_wconf 73' lang='lat' dir='ltr'><strong>Populius.</strong></span> <span class='ocrx_word' id='word_1_770' title='bbox 3217 5657 3519 5720; x_wconf 80' lang='lat' dir='ltr'><strong>Notissima</strong></span> <span class='ocrx_word' id='word_1_771' title='bbox 3562 5657 3785 5728; x_wconf 62' lang='lat' dir='ltr'><strong>Popilio</strong></span> 
     </span>
    </p>
   </div>
   <div class='ocr_carea' id='block_1_117' title="bbox 2199 5734 2919 5792">
    <p class='ocr_par' dir='ltr' id='par_1_117' title="bbox 2199 5734 2919 5792">
     <span class='ocr_line' id='line_1_117' title="bbox 2199 5734 2919 5792; baseline 0.003 -3"><span class='ocrx_word' id='word_1_772' title='bbox 2199 5735 2340 5791; x_wconf 89' lang='lat' dir='ltr'><strong>inter</strong></span> <span class='ocrx_word' id='word_1_773' title='bbox 2367 5734 2638 5790; x_wconf 78' lang='lat' dir='ltr'><strong>Romanas</strong></span> <span class='ocrx_word' id='word_1_774' title='bbox 2666 5734 2919 5792; x_wconf 90' lang='lat' dir='ltr'><strong>familias.</strong></span> 
     </span>
    </p>
   </div>
   <div class='ocr_carea' id='block_1_118' title="bbox 2274 5794 3563 5878">
    <p class='ocr_par' dir='ltr' id='par_1_118' title="bbox 2274 5794 3563 5878">
     <span class='ocr_line' id='line_1_118' title="bbox 2274 5794 3563 5878; baseline -0.003 -16"><span class='ocrx_word' id='word_1_775' title='bbox 2274 5817 2293 5843; x_wconf 72' lang='grc' dir='ltr'>π</span> <span class='ocrx_word' id='word_1_776' title='bbox 2337 5805 2563 5878; x_wconf 84' lang='lat' dir='ltr'><strong>Gregor.</strong></span> <span class='ocrx_word' id='word_1_777' title='bbox 2594 5794 2799 5863; x_wconf 71' lang='lat' dir='ltr'><strong>Turon.</strong></span> <span class='ocrx_word' id='word_1_778' title='bbox 2821 5807 2889 5864; x_wconf 88' lang='lat' dir='ltr'><strong>de</strong></span> <span class='ocrx_word' id='word_1_779' title='bbox 2916 5806 3064 5866; x_wconf 86' lang='lat' dir='ltr'><strong>Glor.</strong></span> <span class='ocrx_word' id='word_1_780' title='bbox 3099 5807 3357 5873; x_wconf 85' lang='lat' dir='ltr'><strong>confess.,</strong></span> <span class='ocrx_word' id='word_1_781' title='bbox 3384 5821 3433 5862; x_wconf 92' lang='lat' dir='ltr'><strong>c.</strong></span> <span class='ocrx_word' id='word_1_782' title='bbox 3461 5804 3563 5861; x_wconf 83' lang='lat'><strong>80.</strong></span> 
     </span>
    </p>
   </div>
  </div>
