3936 6348
155 325 283 382 593

857 318 1460 376 MAR'I'YIIOLOGIUM
1497 317 1640 375 CUM
1681 319 2209 376 ADDITAMENTIS.
2249 351 2320 360 --
2356 319 2561 375 MENS.
2600 319 2756 377 NOV.

3337 321 3440 378 594

157 449 479 509 martyrum
529 433 768 496 Tiberii,
813 441 867 489 et
910 433 1136 488 Modesti
1156 473 1170 497 ,
1210 442 1267 488 et
1309 431 1595 487 Florentiae
1628 450 1641 484 :
1671 433 1761 502 qui
1791 433 1840 492 Α
1869 432 2048 488 debila
2087 433 2430 489 veneratione
2463 434 2514 486 in
2548 433 2862 513 coemeterio
2892 449 2948 488 ιιι
2979 431 3096 490 idus
3125 434 3441 493 Novembris

158 541 422 601 tempore
466 524 786 581 Diocletiani
816 525 982 580 variis
1014 525 1296 580 tormentis
1328 525 1574 590 cruciati,
1615 540 1761 579 mar-

157 622 380 692 tyrium
407 616 833 688 compleverunt.

243 709 380 764 Item
410 707 599 762 eodem
632 706 719 760 die
761 704 820 759 S.
850 703 1066 760 Martini
1117 721 1269 776 papa:
1300 720 1314 758 :
1345 706 1437 776 qui
1485 707 1554 761 ob
1603 705 1763 760 ﬁdem

163 801 543 864 catholicam,
589 797 658 851 ab
704 797 1033 867 imperatore
1078 797 1436 852 Constantino
1473 798 1761 863 heretico,

162 907 271 962 per
318 889 660 946 Theodorum
707 888 1002 942 exarchum
1046 888 1114 942 de
1160 887 1392 943 ecclesia
1437 895 1658 957 raptus,
1701 903 1766 944 ac

165 984 467 1055 perductus
492 977 1042 1048 ConstantinOpoIim,
1090 977 1360 1048 relegatus
1405 979 1544 1047 apud
1594 977 1763 1032 Cher-

167 1089 365 1130 sonam
405 1071 582 1140 Lycia:
609 1068 902 1139 provincia:
921 1108 937 1132 ,
966 1066 1164 1122 ibidem
1195 1067 1364 1121 vitam
1407 1066 1599 1131 ﬁnivit,
1629 1067 1767 1122 mul-

169 1168 246 1221 tis
305 1166 358 1220 in
416 1163 604 1219 eodem
659 1159 779 1216 loco
838 1159 1100 1214 virtutum
1157 1159 1324 1229 signis
1378 1173 1550 1228 usque
1603 1159 1764 1213 hodie

165 1257 467 1326 refulgens.

555 1345 624 1400 ϐ.
665 1343 728 1398 III
765 1342 924 1398 IDUS
961 1339 1384 1398 NOVEMBRIS.

853 1436 913 1488 II
953 1434 1086 1488 Nov.

853 1436 913 1488 II
953 1434 1086 1488 Nov.

240 1529 302 1584 In
339 1528 548 1592 Galliis,
580 1434 1063 1581 Turonis(civilate
1101 1433 1296 1580 latalis
1341 1525 1513 1580 sancti
1545 1525 1759 1580 Martini

165 1624 416 1695 episcopi
446 1630 501 1676 et
530 1620 882 1676 confessoris.

243 1715 450 1769 Eodem
495 1713 581 1767 die
623 1712 675 1765 in
709 1711 955 1781 Scythia,
991 1711 1273 1780 metropoli
1309 1710 1556 1782 Phrygia!
1603 1709 1762 1764 Salu-

1865 534 2136 579 curatum.
2168 525 2331 593 Cujus
2370 525 2563 581 deinde
2593 541 2806 581 sacrum
2835 543 3030 598 corpus
3059 529 3442 590 Constantino-

1863 616 2028 686 polim
2057 615 2370 670 translatum
2394 657 2407 680 ,
2437 617 2654 672 civitate
2681 619 2827 688 regia
2861 619 3022 688 digno
3048 619 3254 676 honore
3283 637 3444 678 vene-

1865 712 2035 758 ratur.

1933 792 2065 847 Item
2094 793 2360 863 Lugduni,
2391 796 2562 850 sancti
2601 797 2796 852 Verani
2843 799 3104 870 episc0pi,
3145 801 3298 872 cujus
3334 803 3443 858 vita

1866 883 1989 940 ﬁdei
2018 894 2071 938 et
2102 885 2360 939 virtutum
2398 887 2608 941 meritis
2637 887 2863 944 illustris
2891 888 3012 943 fuit.
3288 895 3304 909 '

2221 998 2284 1050 A.
2327 997 2553 1053 PIIIDIE
2591 1000 2749 1056 IDUS
2789 1001 3086 1058 NOVEMB.

2521 1091 2611 1162 (ιε
2641 1090 2804 1164 Nov.)

1935 1189 1960 1217 ιι
2011 1176 2165 1246 Apud
2210 1179 2484 1244 Africam,
2543 1184 2982 1238 commemoratio
3030 1183 3129 1240 SS.
3189 1186 3444 1251 Arcadii,

1862 1266 2044 1352 Probi,
2098 1268 2373 1324 Paschasii
2429 1278 2483 1324 et
2530 1271 2899 1342 Eutychiani:
2943 1275 3032 1344 qui
3080 1290 3144 1329 ex
3188 1274 3447 1347 Hispania

1861 1356 2096 1422 oriundi,
2155 1373 2279 1412 cum
2331 1357 2471 1428 apud
2503 1359 2802 1430 Sigericum
2829 1361 3010 1433 1’[al.,
3063 1363 3447 1438 Geisericum.]

1862 1446 2247 1502 Wandalorum
2276 1461 2457 1520 regem
2489 1451 2682 1504 merito
2717 1452 2994 1522 sapientia:
3021 1462 3074 1509 et
3098 1453 3267 1508 ﬁdelis
3289 1456 3449 1510 obse-

1862 1537 1972 1606 quii
2003 1537 2153 1592 chari
2187 1538 2427 1609 clarique
2455 1539 2802 1606 haberentur,
2838 1556 2938 1596 nec
2962 1543 3013 1596 in
3037 1543 3292 1597 Arianam
3319 1560 3445 1612 per-

1864 1629 2066 1692 ﬁdiam,
2105 1629 2190 1682 cui
2214 1629 2328 1698 ipse
2357 1629 2567 1685 deditus
2590 1639 2727 1696 erat,
2771 1631 3041 1686 ullatenus
3071 1633 3328 1687 declinari
3356 1650 3449 1704 pa-

1865 1729 2124 1787 terentur,
2164 1721 2398 1776 excitato
2449 1721 2501 1776 in
2562 1722 2956 1778 rabidissimam
3009 1723 3142 1777 iram
3194 1724 3444 1790 barbaro,

167 1806 348 1867 tariaz,
376 1803 558 1874 passio
589 1803 762 1857 sancti
805 1801 1011 1855 Mennte
1047 1801 1344 1872 martyris:
1373 1802 1463 1870 qui
1505 1816 1756 1871 persecu-

1875 1815 2096 1883 primum
2149 1813 2462 1884 proscripti,
2506 1814 2696 1868 deinde
2757 1815 2810 1867 in
2859 1814 3110 1868 exsilium
3150 1816 3287 1879 acti,
3333 1825 3445 1869 tum

166 1897 320 1951 tione
367 1892 689 1949 Diocletiani
739 1900 793 1946 et
842 1891 1193 1956 Maximiani,
1247 1905 1368 1945 cum
1415 1897 1560 1944 esset
1602 1889 1759 1945 miles

167 1987 342 2042 nobili
393 1999 628 2056 genere,
679 1999 746 2038 ex
805 1981 1186 2052 r‘Egyptiorum
1237 1981 1514 2051 provincia
1565 1989 1755 2045 ortus,

167 2076 561 2132 abrenuntiatis
595 2083 821 2127 teri-enm
860 2072 1088 2136 militiae,
1121 2071 1354 2142 primum
1389 2070 1595 2124 cmlesti
1627 2069 1757 2140 Regi

165 2178 382 2224 secreta
435 2165 847 2222 conversatione
897 2164 952 2218 in
995 2177 1180 2218 eremo
1228 2161 1500 2216 militavit.
1555 2159 1758 2214 Deinde

167 2258 434 2314 natalitiis
491 2255 840 2326 prwfatorum
894 2255 1283 2325 imperatorum
1341 2253 1639 2323 procedens
1689 2251 1758 2306 ad

163 2349 486 2418 publicum,
530 2362 594 2400 ac
644 2361 703 2400 se
752 2344 1120 2399 Christianum
1172 2343 1342 2398 libera
1392 2357 1579 2397 coram
1627 2341 1758 2410 ipsis

163 2456 305 2496 voce
325 2440 620 2505 declarans,
645 2439 880 2493 traditus
904 2446 988 2492 est
1009 2437 1218 2508 Pyrrho
1245 2437 1366 2492 duci
1393 2436 1755 2506 torquendus;

170 2531 268 2600 qui
297 2529 458 2596 jussit
497 2544 614 2584 eum
653 2529 704 2583 in
736 2543 1013 2582 carcerem
1043 2527 1278 2592 includi,
1308 2527 1542 2594 quandiu
1589 2525 1758 2595 impe-

174 2628 424 2672 ratorum
501 2617 738 2672 natalitia
805 2616 1233 2672 celebrarentur.
1298 2614 1526 2670 Peracta
1594 2614 1759 2684 igitur

165 2709 486 2771 festivitate,
521 2723 583 2763 ac
624 2709 845 2763 sedente
876 2722 942 2764 eo
980 2721 1079 2779 pro
1125 2705 1388 2770 tribunal,
1427 2704 1589 2774 jussit
1632 2719 1757 2760 eum

165 2800 288 2854 suis
315 2799 623 2869 aspectibus
648 2799 1000 2868 praesentari;
1036 2797 1122 2852 cui
1165 2805 1221 2851 et
1261 2796 1398 2851 dixit
1437 2810 1452 2849 :
1492 2795 1756 2851 Hesterna

166 2891 257 2945 die
285 2889 520 2946 infauste
543 2898 597 2943 ct
623 2889 910 2944 temerarie
937 2903 1100 2943 ausus
1124 2903 1186 2942 es
1211 2889 1482 2942 theatrum
1510 2887 1754 2953 introire,

165 2989 220 3034 et
266 2981 610 3044 vanissimis,
655 2979 838 3033 nescio
877 2978 1076 3048 quibus
1104 3019 1118 3043 ,
1159 2977 1387 3047 eloquiis
1429 2977 1755 3048 profanare,

164 3073 406 3126 maxime
435 3087 556 3126 cum
589 3073 655 3125 de
700 3080 750 3124 te
777 3077 1052 3124 asseratur
1091 3078 1288 3124 nostra:
1317 3067 1485 3124 fuisse
1511 3068 1752 3123 malitia.

166 3164 430 3220 Sacriﬁca
479 3163 614 3228 diis,
659 3172 718 3216 ut
756 3161 936 3216 omnia
978 3161 1072 3216 tibi
1103 3175 1222 3229 quae
1259 3175 1355 3230 per
1396 3160 1754 3230 ignorantiam
1784 3141 1830 3204 (ἶ

165 3257 386 3327 gessisti
447 3256 832 3324 ignoscantur,
891 3264 946 3309 et
998 3254 1066 3308 ad
1138 3253 1400 3308 honorem
1468 3252 1756 3322 pristinum

167 3347 506 3403 reformeris.
519 3347 600 3400 Ad
622 3347 735 3401 haec
753 3346 946 3400 beatus
967 3343 1190 3399 Mennas
1210 3359 1330 3397 cum
1353 3343 1751 3410 respondisset:

166 3441 283 3511 Ego
324 3440 427 3494 hoc
476 3437 658 3494 saaculi
701 3438 907 3492 honore
956 3451 1063 3490 non
1106 3434 1367 3499 delector,
1411 3433 1505 3487 sed
1553 3432 1755 3487 Christi

165 3531 382 3586 Domini
399 3528 695 3598 discipulus
712 3525 848 3582 elIici
867 3526 1047 3596 cupio;
1059 3523 1282 3594 jubcnte
1301 3522 1456 3589 duce,
1477 3530 1751 3585 extensus,

163 3631 222 3676 et
254 3621 440 3676 nervis
467 3618 684 3673 bubulis
708 3616 954 3671 manibus
982 3616 1200 3686 ligatus,
1229 3614 1413 3669 tandiu
1439 3628 1469 3666 a
1497 3611 1756 3666 militibus

161 3712 338 3782 virgis
364 3724 532 3765 caesus
561 3716 666 3772 est,
697 3707 870 3761 donec
901 3705 1163 3776 sanguine
1187 3703 1356 3774 ipsius
1387 3703 1580 3774 plateae
1607 3701 1755 3757 locus

163 3800 494 3868 repleretur.
522 3795 729 3851 Deinde
771 3795 824 3849 in
865 3794 1097 3864 equuleo
1137 3793 1518 3864 exungulatus,
1547 3800 1598 3848 et
1625 3792 1754 3846 lam-

161 3895 400 3962 padibus
444 3893 648 3947 circum
694 3890 864 3944 latera
916 3889 1163 3954 adustus,
1205 3887 1490 3957 cilicioque
1530 3886 1697 3956 plaga:
1723 3901 1754 3940 a

163 3985 438 4040 militibus
466 3982 692 4048 fricatae,
727 3989 778 4036 et
808 3981 1074 4036 carbones
1105 3979 1245 4050 ignis
1272 3994 1439 4050 super
1464 3993 1557 4034 eas
1583 3979 1757 4047 impo-

161 4078 288 4142 siti,
340 4091 436 4146 per
487 4075 714 4130 tribulos
760 4077 975 4144 quoque
1012 4081 1068 4128 et
1114 4073 1277 4128 sudes
1321 4070 1550 4135 ferreas,
1574 4070 1755 4139 ligatis

162 4168 425 4222 manibus
452 4181 511 4220 ac
539 4166 786 4236 pedibus,
815 4172 1040 4227 tractus,
1072 4161 1364 4232 plumbatis
1408 4161 1570 4216 etiam
1615 4159 1753 4214 collo

162 4268 221 4313 et
248 4255 488 4312 maxillis
514 4256 750 4327 graviter
771 4263 1050 4317 contusus,
1076 4253 1128 4306 in
1158 4251 1313 4307 laude
1337 4259 1393 4304 et
1417 4249 1754 4304 confessione

163 4350 557 4420 munipotcntis
606 4349 702 4404 Dei
750 4346 1046 4402 immobilis
1091 4343 1406 4414 permansit.
1448 4341 1752 4396 Novissime

162 4441 413 4512 Pyrrhus
435 4441 542 4493 dux
565 4439 889 4494 sententiam
917 4452 980 4491 ex
1007 4436 1199 4492 tabella
1225 4434 1440 4490 recitari
1464 4435 1748 4505 prmeepit:

1862 1905 2218 1960 atrocissimis
2245 1903 2522 1974 suppliciis
2547 1905 2868 1971 exeruciati,
2899 1907 3240 1974 postmodum
3267 1906 3445 1960 diver-

1863 1995 1938 2050 sis
1969 1995 2230 2049 murtibus
2255 1994 2587 2064 interempti,
2619 1994 2812 2049 illustri
2847 1996 3106 2066 martyrio
3131 1995 3447 2051 mirabiliter

1861 2084 2250 2138 occubuerunt.
2291 2083 2432 2136 Puer
2466 2094 2644 2138 autem
2693 2084 2952 2140 Paulillus
3003 2087 3242 2152 nomine,
3277 2086 3448 2142 frater

1860 2175 2177 2246 Eutychiani
2228 2180 2282 2229 ct
2315 2175 2614 2242 Paschasii,
2644 2193 2767 2232 cum
2807 2193 2839 2232 a
2890 2177 3228 2248 professione
3282 2165 3446 2250 atque

1862 2283 2048 2322 amore
2071 2267 2349 2323 catholica:
2394 2268 2516 2324 ﬁdei
2549 2269 2709 2324 nullis
2744 2270 2904 2324 minis
2936 2269 3211 2325 deturbari
3241 2282 3441 2341 posset,

1861 2358 2093 2414 fustibus
2125 2359 2213 2414 diu
2243 2376 2434 2428 ccesus,
2468 2371 2523 2417 et
2563 2363 2629 2417 ad
2663 2361 2905 2416 inﬁmam
2948 2364 3265 2418 servitutem
3297 2365 3448 2418 dam-

1861 2456 2022 2503 natus
2049 2457 2164 2514 est;
2209 2449 2349 2514 ideo,
2377 2459 2434 2504 ut
2471 2460 2716 2521 apparet,
2766 2468 2874 2506 non
2915 2453 3147 2518 occisus,
3178 2465 3235 2506 ut
3265 2454 3331 2509 de
3357 2470 3448 2509 su-

1860 2549 2047 2610 perata
2078 2539 2285 2594 saevitia
2313 2540 2460 2610 impii
2488 2542 2652 2596 etiam
2675 2540 2764 2596 illa
2797 2551 2928 2596 aetas
2954 2542 3298 2613 gloriaretur.

1931 2635 2134 2690 Eodem
2160 2633 2266 2700 die,
2290 2637 2463 2690 sancti
2490 2637 2699 2691 Melanii
2721 2678 2734 2701 ,
2767 2638 3055 2693 Redoniccc
3081 2640 3311 2695 civitatis
3335 2642 3449 2710 epi-

1861 2727 2057 2796 scopi:
2113 2726 2202 2796 qui
2249 2736 2371 2796 post
2421 2725 2893 2782 innumerabilium
2952 2728 3104 2800 signa
3156 2730 3442 2798 virtutmn,

1853 2814 2055 2886 jugiter
2083 2816 2323 2872 intentus
2359 2817 2520 2884 cmlo,
2545 2817 2833 2888 emigravit
2861 2833 2891 2872 a
2920 2819 3134 2874 sceculo.

1865 3205 2017 3268 toris,
2059 3214 2115 3259 et
2138 3203 2391 3260 Victoris.

1934 3297 2188 3362 Turonis,
2224 3298 2280 3352 S.
2308 3298 2497 3353 Briotii
2527 3299 2789 3369 episcopi.

1931 3387 1986 3440 In
2015 3388 2319 3452 Provincia,
2349 3389 2496 3458 apud
2519 3390 2792 3446 civitatem
2821 3392 3009 3462 Aquis,
3046 3392 3107 3446 Β.
3142 3393 3304 3449 Mitrii
3340 3395 3449 3452 cla-

1861 3478 2059 3532 rissimi
2091 3479 2367 3549 martyris.

2259 3590 2320 3645 C.
2354 3590 2516 3646 XVIII
2553 3591 2710 3646 ΚΑΙ...
2753 3592 3046 3648 DECEMB.

2496 3683 2587 3753 (is
2637 3683 2800 3753 Nov.)

1929 3774 2085 3844 Apud
2129 3773 2438 3837 Thraciam,
2488 3772 2709 3827 civitate
2754 3771 3034 3838 Heraclea,
3087 3775 3285 3830 natalis
3307 3776 3446 3832 San-

1863 3872 2077 3919 ctorum
2136 3872 2438 3934 martyrum
2477 3861 2826 3920 Clementini.
2867 3863 3137 3931 Theoditi,
3179 3874 3234 3921 et
3263 3865 3448 3923 Philu-

1861 3958 2024 4014 meni.

1933 4061 1954 4087 ο
1987 4048 2141 4118 Apud
2171 4049 2573 4114 Alexandriam,
2599 4051 2744 4107 beati
2772 4050 3105 4122 Serapionis,
3142 4069 3303 4123 quem
3324 4071 3447 4126 per-

1859 4151 2135 4199 secutores
2173 4143 2276 4197 sub
2322 4141 2504 4208 Decio,
2549 4144 2602 4198 in
2655 4145 2816 4199 domo
2845 4160 2944 4200 sua
2993 4156 3291 4216 repertum,
3323 4165 3446 4204 cru-

1859 4233 2151 4288 delissimis
2201 4231 2498 4288 affecerunt
2557 4234 2864 4304 suppliciis,
2918 4237 2989 4289 ita
3053 4246 3110 4290 ut
3159 4252 3350 4294 omnes
3396 4241 3447 4294 ei

1851 4321 2136 4391 juncturas
2188 4322 2552 4377 membrorum
2610 4324 2762 4392 prius
2811 4323 3103 4390 solventes,
3161 4326 3227 4380 de
3281 4341 3443 4396 supe-

1860 4413 2097 4468 rioribus
2127 4429 2250 4468 cum
2294 4413 2716 4484 pmcipitarent,
2769 4429 2832 4468 ac
2881 4415 2960 4469 sic
3008 4415 3210 4470 Christi
3242 4426 3450 4490 martyr

163 4534 476 4588 Mennatem
505 4547 573 4586 ex
609 4531 779 4585 milite
815 4529 1056 4585 omnium
1100 4527 1530 4582 Christianorum
1560 4533 1750 4582 aucto-

1875 4505 2180 4561 :ﬁlceretur.

161 4641 317 4688 rem,
345 4625 614 4680 nolentem
647 4622 992 4692 acquiescere
1017 4619 1301 4690 praaceptis
1338 4619 1748 4686 imperatorum,
1779 4619 1783 4622 ’

161 4729 347 4784 neque
384 4713 650 4769 volentem
695 4713 1002 4767 sacriﬁcare
1031 4710 1157 4776 diis,
1189 4709 1367 4782 gladio
1397 4709 1752 4762 animadverti

160 4806 365 4876 placet,
396 4813 451 4858 et
474 4817 668 4872 corpus
689 4803 805 4872 ejus
827 4802 934 4872 igni
967 4800 1230 4856 comburi.
1261 4799 1468 4854 Furtim
1505 4800 1686 4870 itaque
1722 4813 1753 4852 a

164 4892 496 4946 Christianis
525 4906 721 4960 corpus
750 4890 868 4959 ejus
911 4905 942 4944 e
983 4889 1158 4944 medio
1189 4889 1327 4958 ignis
1358 4899 1603 4960 ereptum
1647 4898 1749 4954 est,

163 4994 222 5039 et
261 4983 477 5039 mundis
520 4982 924 5038 linteaminibus
975 4981 1413 5050 aromatibusque
1455 4981 1750 5044 conditum,

237 5109 265 5138 ε
299 5096 552 5166 Prosper.
591 5097 644 5151 in
670 5096 925 5151 Chronic.
963 5113 1106 5152 anno
1135 5097 1258 5151 457.

240 5169 270 5207 ιι
308 5168 462 5234 Apud
515 5167 832 5237 Sigericum_
857 5167 1242 5222 Wandalorum
1278 5182 1470 5237 regem.
1493 5165 1577 5237 Ita
1625 5180 1755 5220 con-

163 5248 378 5296 stanter
410 5254 540 5292 mss.
581 5234 746 5307 vulgo
791 5234 1158 5301 Gensericum,
1192 5237 1299 5298 vel,
1329 5234 1388 5290 ut
1413 5236 1504 5290 alii
1535 5244 1752 5307 vocant,

165 5309 514 5371 Ceisericum,
543 5306 920 5363 forte’rectius
953 5325 965 5360 :
1005 5323 1174 5377 quare
1213 5317 1267 5362 et
1295 5307 1398 5361 hoc
1433 5308 1485 5360 in
1509 5306 1754 5376 margine

164 5379 414 5449 apposui.
453 5378 718 5449 Existimo
759 5393 1003 5431 errorem
1033 5393 1097 5431 ex
1124 5379 1424 5432 litterarum
1451 5377 1753 5449 transposi-

165 5445 318 5504 tione
343 5457 541 5510 ortum,
568 5458 627 5502 ut
650 5446 940 5516 Sigericum
965 5449 1282 5518 scripserint
1325 5462 1408 5500 iro
1437 5445 1753 5501 Gisericum.

165 5520 328 5571 Certe
371 5518 666 5571 ϐρίθει-ἰείη
717 5517 1102 5571 Wandalorum
1157 5535 1251 5571 rex
1301 5465 1438 5571 fuit.
1486 5526 1546 5570 ut
1590 5518 1753 5571 habes

163 5520 328 5575 Certe
371 5518 666 5573 ϐρίθει-ἕως
717 5517 1102 5572 Wandalorum
1157 5535 1251 5573 rex
1301 5517 1438 5580 fuit,
1486 5526 1546 5570 ut
1590 5518 1759 5571 habes

163 5591 309 5660 apud
349 5589 679 5659 PrOSperum
719 5591 772 5642 in
813 5588 1103 5652 Chronico,
1133 5605 1276 5643 anno
1301 5588 1506 5660 Christi
1541 5587 1758 5660 457,‘in

159 5657 273 5715 hac
295 5661 408 5730 ipsa
434 5657 673 5730 martyrp
682 5675 730 5712 ιιι
755 5660 1066 5715 narratione
1081 5675 1147 5714 ex
1172 5675 1277 5730 quo
1294 5658 1409 5713 Ado
1426 5657 1723 5727 desumpsit
1741 5675 1755 5722 ;

166 5728 439 5802 Sigericus
463 5728 594 5786 vero
616 5728 915 5783 Gothorum
940 5745 1030 5783 rex
1057 5730 1198 5800 apud
1225 5729 1486 5786 Isidormn
1512 5729 1565 5784 in
1589 5730 1759 5785 Chro-

571 5823 845 5885 Ρηιιοι..
891 5821 1187 5884 CXXIII.

2255 4622 2318 4675 D.
2362 4620 2501 4675 XVII
2553 4619 2710 4674 ΚΑΙ..
2756 4620 3048 4675 DECEMB.

2508 4711 2599 4780 (is
2644 4711 2806 4781 Nov.)

1934 4802 2138 4858 Natalis
2165 4802 2339 4857 sancti
2371 4801 2566 4857 Felicis
2612 4802 2874 4872 episcopi,
2902 4804 2993 4872 qui
3036 4819 3066 4858 a
3105 4807 3449 4875 quindecimo

1860 4896 2039 4949 aetatis
2073 4910 2184 4948 suae
2219 4909 2361 4949 anno
2409 4893 2796 4948 miraculorum
2846 4894 3017 4965 gloria
3050 4896 3278 4969 insignis
3326 4899 3450 4964 fuit,

1863 4994 1917 5041 et
1949 4986 2214 5040 Martiano
2251 4985 2500 5056 prarside,
2549 5001 2672 5038 cum
2708 4985 2828 5040 aliis
2875 4987 3097 5057 triginta
3128 4992 3448 5061 martyrium

1866 5102 1987 5155 nico
2008 5099 2307 5154 Gothorum
2330 5096 2593 5170 mradBd,
2623 5112 2764 5152 anno
2782 5114 2853 5151 vn
2878 5097 3166 5170 Theodosii
3191 5101 3449 5170 junioris.

1863 5171 2015 5237 Quod
2048 5186 2176 5225 vero
2207 5169 2393 5224 Victor
2433 5168 2722 5222 Africanus
2749 5170 2803 5223 in
2849 5169 3163 5223 Wandalica
3195 5168 3455 5239 perseclL-

1865 5243 2009 5296 tione
2040 5242 2232 5295 horum
2263 5247 2562 5309 martyrum
2594 5253 2700 5293 non
2731 5239 3058 5303 meminerit,
3093 5257 3308 5294 causam
3338 5244 3424 5298 exi

1865 5312 2049 5365 stimat
2090 5310 2355 5366 Baronius
2401 5309 2645 5380 tom.7_V,
2696 5326 2838 5364 anno
2884 5309 3086 5380 Christi
3136 5310 3262 5380 457,
3308 5327 3456 5380 quot.

1863 5381 2212 5436 Wandalicas
2241 5380 2422 5434 clades
2453 5381 2507 5432 in
2537 5377 2844 5433 Numidiam
2874 5379 3113 5447 aliasque
3149 5379 3223 5434 illi
3263 5377 3451 5449 proxi-

1863 5468 1982 5506 mas
2015 5451 2324 5522 provincias
2353 5450 2796 5522 illatasﬁscribere
2821 5449 3279 5522 haudadmodum
3308 5451 3456 5507 labo-

1862 5519 2032 5587 rarit,
2065 5521 2226 5577 rebus
2269 5531 2477 5576 tantum
2525 5519 2784 5575 Ecclesia
2831 5519 3309 5591 Carthaginensis,
3362 5523 3454 5578 ubi

1862 5593 2076 5657 agebat,
2104 5593 2362 5646 intentus.

1883 5738 1894 5746 ν
1923 5673 1959 5738 ,ο
1995 5663 2192 5718 Euseb.
2221 5662 2317 5717 lib.
2350 5677 2425 5727 \‘I,
2460 5675 2577 5731 cap.
2602 5658 2867 5729 54,Ruﬁ‘.
2903 5663 2992 5717 51.

2942 5818 3015 5879 13
