3936 6348
547 357 651 413 593

1539 359 1597 414 S.
1638 357 1889 413 ADONlS
1926 358 2369 417 AliCllll‘lPlSC-
2398 364 2799 422 VIENNENSlS

3713 371 3822 427 396

543 470 843 542 complevit.
897 471 1107 543 Corpus
1155 473 1270 542 ejus
1327 474 1567 545 Elpidius
1612 473 1892 544 oresbyter
1934 476 1985 529 in
2019 474 2123 529 No-
2153 477 2198 534 A
2228 488 2407 535 autem
2463 496 2638 552 neque
2680 498 2799 539 esse
2844 483 2993 552 deos,
3031 499 3207 556 neque
3231 485 3442 541 adorari
3475 488 3713 553 debere;
3763 491 3823 545 in

544 563 677 619 lensi
704 563 932 619 ecclesia
963 565 1231 634 sepelivit.

956 700 1017 754 E.
1059 698 1175 753 XVI
1215 698 1370 754 ΚΑΒ.
1420 698 1695 755 DECEMB

1183 790 1274 859 (16
1332 790 1493 862 Νου.)

615 902 818 955 Natalis
841 901 898 956 S.
940 900 1190 954 Eucherii
1239 898 1611 972 Lugdunensis
1647 903 1906 974 episcopi,
1946 905 2119 960 adtnia

543 993 726 1046 randae
779 993 920 1056 fidei,
956 992 1077 1047 vita:
1105 1001 1159 1047 et
1195 993 1457 1048 doctrina:
1499 994 1624 1048 viri.
1668 994 1770 1061 Qui
1802 1010 1868 1049 ex
1900 994 2125 1049 nobilis-

544 1083 679 1136 simo
720 1091 1031 1136 senatorum
1063 1083 1254 1137 ordine
1301 1083 1369 1137 ad
1425 1083 1731 1153 religiosam
1763 1084 1925 1138 vitam
1966 1085 2121 1139 habi-

545 1180 764 1240 tumque
793 1184 1111 1235 conversus,
1155 1171 1244 1224 diu
1293 1171 1345 1224 in
1378 1186 1509 1242 agro
1532 1188 1632 1229 suo
1661 1188 1824 1244 super
1845 1172 2064 1228 ﬂuvium
2094 1186 2121 1214 ι

542 1251 854 1317 Druentiam
910 1261 1049 1316 intra
1080 1270 1230 1332 septa
1267 1263 1537 1331 Spelunca:
1585 1273 1774 1334 sponte
1816 1264 2122 1332 conclusus,

544 1349 762 1406 Christo
789 1350 1032 1414 servivit,
1064 1350 1288 1422 jejuniis
1318 1361 1372 1408 et
1407 1353 1744 1409 orationibus
1772 1369 1992 1410 vacans.
2022 1350 2125 1409 Deé

543 1442 728 1499 functo
766 1452 944 1497 autem
986 1443 1242 1514 pontifice
1288 1444 1671 1515 Lugdunensi,
1720 1460 1842 1500 cum
1873 1446 2125 1501 universa

543 1535 782 1591 Ecclesia
811 1536 964 1605 juxta
1010 1549 1214 1591 morem
1263 1553 1294 1592 a
1334 1552 1394 1593 se
1424 1538 1720 1609 antiquitus
1756 1539 2122 1602 observatum,

545 1626 812 1680 triduanis
850 1624 1070 1696 jejuniis
1103 1637 1157 1683 et
1191 1627 1681 1695 obsecrationibus,
1729 1630 1819 1699 qui
1859 1631 2126 1701 guberna-

546 1717 748 1771 tionem
776 1716 1015 1785 ejusdem
1055 1717 1297 1773 ectlesise
1329 1718 1608 1788 suscipere
1634 1719 1872 1782 deberet,
1902 1719 2004 1774 sibi
2029 1735 2125 1790 po-

2235 580 2470 626 castrum
2509 573 2779 642 quoddam
2824 575 3044 640 deserti,
3097 575 3243 646 quod
3287 575 3447 633 Cel‘ro
3479 578 3820 649 appellatur,

2232 660 2285 714 in
2341 660 2593 717 exsilium
2649 664 2916 731 truditur,
2974 666 3044 721 ob
3097 666 3203 721 hoc
3246 668 3517 739 praecipue
3574 670 3821 727 electum

2233 749 2376 819 quod
2401 750 2505 807 loci
2541 751 2731 808 incolae
2758 755 2987 825 gentiles
3033 765 3212 822 erant,
3239 767 3297 813 et
3323 758 3584 816 idolorum
3608 777 3819 831 super-

2233 838 2540 896 stitionibus
2605 842 2739 898 satis
2791 845 2979 900 dediti.
3034 844 3138 913 Qui
3190 847 3430 903 exsulem
3493 849 3819 923 Dionysium

2230 929 2406 998 primo
2434 930 2616 987 hostili
2644 932 2825 991 animo
2864 943 2920 991 et
2966 936 3102 992 satis
3144 937 3371 993 adversa
3414 952 3588 997 mente
3632 945 3815 998 susci-

2232 1019 2412 1088 piunt;
2458 1031 2581 1092 post
2610 1038 2740 1081 vero
2766 1039 2889 1082 cum
2915 1027 3171 1097 paulatim
3201 1044 3300 1099 per
3339 1029 3547 1087 Domini
3572 1035 3816 1101 gratiam

2231 1112 2454 1167 verbum
2484 1112 2579 1169 Dei
2621 1114 2707 1170 his
2748 1117 3021 1173 seminare
3065 1120 3340 1188 coepisset,
3389 1135 3517 1191 pars
3564 1125 3813 1181 maxima

2232 1201 2402 1257 trucis
2421 1208 2477 1257 et
2502 1203 2720 1259 barbari
2749 1206 2950 1276 populi,
2981 1206 3182 1264 relictis
3219 1209 3374 1265 idolis
3393 1250 3411 1277 ,
3434 1226 3711 1269 conversa
3731 1226 3816 1271 est

2232 1291 2297 1346 ad
2319 1291 2486 1347 Deum
2507 1295 3055 1367 verum,Christoque
3080 1298 3339 1369 subjecta.
3367 1299 3482 1368 Quo
3502 1313 3813 1372 comperto,

2232 1395 2421 1437 rursus
2479 1397 2607 1437 eum
2665 1383 2734 1438 ad
2797 1384 2965 1439 alium
3023 1385 3238 1455 locum,
3298 1388 3532 1444 vicinum
3582 1393 3810 1461 quidem

2231 1471 2588 1538 Alexandriae,
2617 1476 2711 1530 sed
2747 1475 2944 1532 incolis
2963 1476 3255 1543 desertum,
3283 1494 3348 1535 ac
3381 1494 3514 1551 pene
3535 1481 3811 1537 habitato-

2232 1562 2382 1619 ribus
2432 1578 2663 1619 vacuum
2705 1566 3117 1623 transtulerunt.
3168 1567 3277 1624 Sed
3326 1577 3383 1624 et
3415 1570 3489 1627 ibi
3535 1587 3670 1627 cum
3718 1590 3810 1645 pro

2233 1654 2380 1708 urbis
2409 1655 2687 1710 vicinitate
2715 1666 3023 1713 nostrorum
3062 1660 3291 1732 populus
3336 1678 3460 1719 eum
3488 1664 3808 1737 frequenta-

2233 1752 2333 1808 ret,
2363 1752 2418 1800 et
2447 1752 2704 1816 tanquam
2743 1757 2963 1818 pastore
2990 1761 3208 1821 recepto
3235 1768 3364 1824 grex
3395 1753 3560 1811 laetior
3584 1766 3648 1813 et
3684 1775 3806 1814 con-

544 1818 719 1865 secret
753 1826 782 1864 a
816 1808 1043 1864 Domino
1090 1809 1315 1910 revelari
1335 1810 1605 1911 ,“cuidam
1646 1824 1817 1911 puero
1862 1825 2124 1911 apparens
2154 1830 2202 1893 Β
2229 1836 2459 1891 “anum.
2511 1838 2774 1908 agonibus
2817 1841 3157 1911 redderetur,
3206 1808 3421 1901 ramum
3462 1850 3653 1906 missis
3690 1868 3802 1908 cum

542 1896 598 1950 in
648 1897 761 1951 visu
814 1897 1037 1969 angelus
1077 1897 1288 1952 Domini
1319 1916 1331 1951 :
1359 1898 1473 1965 Est,
1518 1897 1709 1969 inquit,
1750 1909 1969 1955 senator
2007 1901 2126 1970 qui-

544 1990 692 2055 dam,
723 1991 1027 2045 Eucherius
1056 1991 1288 2056 nomine,
1325 2006 1488 2063 super
1511 1990 1731 2049 ﬂuvium
1759 1991 1879 2065 (aL,
1914 1990 2121 2048 Duren-

541 2080 695 2155 tiam]
727 2082 1035 2137 Druentiam
1065 2090 1308 2137 retrosus
1345 2081 1401 2136 in
1429 2097 1612 2153 specu,
1647 2082 1985 2152 qui,relictis
2011 2097 2124 2138 om-

541 2173 701 2228 nibus
749 2188 869 2242 qua}
905 2172 1246 2244 possidebat,
1290 2183 1511 2228 secutus
1547 2181 1635 2228 est
1676 2172 1996 2239 Dominum;
2057 2174 2123 2229 ad

540 2262 684 2316 hunc
707 2262 1074 2318 deducendum
1119 2262 1346 2333 pergite,
1389 2271 1443 2318 et
1488 2262 1642 2317 vobis
1672 2270 1945 2333 pastorem
1973 2261 2120 2316 illum

539 2352 874 2417 constituite,
909 2353 1164 2421 quoniam
1204 2367 1234 2406 a
1276 2351 1386 2406 Deo
1428 2352 1636 2407 electus
1664 2360 1768 2407 est.
1802 2351 1955 2419 Quod
1996 2367 2119 2407 cum

536 2457 672 2512 puer
699 2442 1003 2496 senioribus
1025 2441 1259 2495 diluculo
1288 2441 1581 2505 retulisset,
1604 2441 1960 2511 omnipotenti
1988 2439 2113 2505 Deo,

541 2533 756 2587 cunctis
797 2532 1059 2587 fratribus
1105 2531 1431 2596 convocatis,
1462 2530 1665 2602 gratias
1693 2539 1949 2602 egerunt;
1997 2529 2121 2584 mis-

534 2640 705 2696 seque
733 2641 853 2681 cum
878 2624 1090 2680 clericis
1115 2624 1181 2678 ad
1203 2622 1487 2692 praefatum
1511 2621 1685 2678 locum
1711 2620 2118 2684 archidiacono;

538 2720 629 2790 qui
674 2728 799 2772 tunc
828 2716 1072 2772 ecclesia:
1114 2731 1301 2771 curam
1342 2715 1585 2785 gerebat,
1618 2715 1940 2770 invenerunt
1969 2726 2115 2777 eum,

538 2813 681 2867 sicut
704 2810 963 2865 Dominus
1006 2808 1289 2864 revelarat.
1325 2806 1567 2877 Cumque
1598 2806 1671 2862 illi
1702 2806 2119 2861 archidiaconus

537 2919 653 2959 rem
703 2909 923 2972 propter
956 2914 1119 2968 quam
1177 2908 1398 2952 venerat
1436 2898 1748 2967 retulisset,
1789 2897 1954 2965 carpit
1994 2908 2116 2951 cum

531 2995 841 3063 jurameuto
865 2992 1046 3045 dicere
1084 3002 1143 3045 se
1172 2989 1474 3043 voluntarie
1505 2988 1572 3043 de
1609 3003 1768 3058 specu
1799 3004 1904 3043 non
1940 3003 2118 3058 egres-

537 3100 750 3148 surum,
780 3097 880 3136 nec
911 3098 1033 3136 cum
1061 3096 1149 3145 eo,
1177 3081 1281 3134 nisi
1309 3079 1506 3149 ligatus
1538 3080 1843 3145 duceretur,
1887 3081 2109 3134 iturum.

2227 1926 2545 1983 centurione
2589 1928 2917 1987 militaribus
2965 1932 3122 1999 viris,
3168 1935 3343 2004 ipsum
3385 1938 3729 2012 Dionysium,
3758 1956 3803 1999 et

2226 2029 2349 2070 cum
2400 2031 2465 2071 eo
2492 2017 2683 2073 Gaium
2729 2027 2785 2074 et
2829 2019 3051 2077 Petrum
3106 2027 3313 2083 catenis
3349 2032 3701 2098 constrictos,
3750 2046 3801 2091 et

2225 2105 2456 2163 diversis
2493 2109 2821 2169 cruciatibus
2848 2112 3096 2181 aﬂlictos,
3136 2117 3191 2172 in
3228 2118 3509 2181 desertum
3535 2128 3801 2193 quoddam

2224 2193 2406 2267 Libya:
2436 2206 2839 2267 pertraxerunt,
2876 2203 3059 2275 ibique
3106 2220 3200 2264 eos
3224 2209 3281 2262 in
3322 2209 3444 2267 loco
3491 2215 3798 2283 squatlidis-

2223 2286 2382 2353 sime,
2416 2296 2472 2345 et
2498 2291 2643 2346 omni
2687 2308 2786 2349 usu
2836 2294 3188 2355 humanitatis
3217 2310 3466 2370 carente,
3501 2320 3530 2358 a
3558 2303 3797 2365 Pareti»

2224 2377 2316 2433 nio
2364 2378 2526 2435 trium
2578 2382 2791 2438 dierum
2847 2384 3041 2443 itinere
3093 2389 3148 2444 in
3195 2390 3468 2449 desertum
3518 2407 3796 2467 protento,

2224 2482 2394 2525 nexos
2445 2471 2675 2529 vinculis
2719 2476 3075 2547 reliquerunt.
3128 2481 3279 2541 Tunc
3325 2489 3592 2557 temporis
3638 2494 3794 2549 etiam

2222 2554 2485 2652 Maximus
2504 2562 2801 2633 presbyter,
2832 2575 2887 2622 et
2916 2567 3225 2638 Dioscorus,
3258 2554 3567 2637 Demetrius
3589 2596 3794 2652 quoque

2220 2655 2277 2701 et
2294 2646 2517 2715 Lucius,
2546 2666 2755 2708 necnon
2776 2655 3069 2715 Faustinus
3088 2670 3250 2731 atque
3270 2663 3484 2733 Aquila,
3514 2646 3653 2725 satis

2220 2751 2276 2796 et
2310 2741 2551 2814 insignes
2589 2744 2747 2803 titulo
2786 2750 3141 2811 confessionis
3168 2754 3344 2813 effecti
3399 2772 3548 2816 sunt.
3596 2763 3793 2822 Interea

2219 2830 2412 2887 beatus
2440 2833 2732 2927 Dionysius
2754 2855 3036 2927 regressus
3062 2846 3471 2919 Alexandriam,
3497 2857 3655 2912 senio
3678 2874 3794 2927 gra-

2219 2930 2376 2979 vatus
2399 2925 2603 2994 quievit
2632 2928 2687 2984 in
2728 2946 2883 3001 pace,
2936 2923 3119 2992 decem
3165 2947 3221 2994 et
3259 2950 3467 3012 septem
3498 2948 3662 3003 annis
3681 2923 3792 3004 lim.

2218 3025 2339 3072 ctus
2369 3017 2695 3077 sacerdotio.

2287 3106 2488 3163 Eodem
2517 3110 2623 3177 die,
2656 3112 2874 3170 civitate
2917 3116 3166 3175 Corduba
3197 3123 3249 3177 in
3295 3123 3593 3197 Hispaniis,
3617 3133 3790 3202 passio

535 3175 778 3240 Cumque
805 3171 896 3225 diu
930 3169 1056 3223 talia
1089 3177 1381 3238 repeteret,
1411 3168 1852 3279 archidiaconus,
1891 3167 2113 3269 eﬂ'racto
2144 3182 2187 3243 ο
2218 3205 2528 3253 sanctorum
2567 3167 2868 3274 ηίαημυίιί
3276 3167 3791 3279 $0:

535 3278 690 3317 muro
717 3260 1005 3329 speluncte,
1038 3259 1223 3314 eduxit
1251 3272 1397 3323 eum,
1427 3269 1482 3313 et
1503 3259 1653 3329 juxta
1677 3258 1818 3327 quod
1843 3257 2116 3327 ipsejnra-

532 3360 719 3415 verat,
784 3348 1022 3403 vinclum
1072 3347 1326 3417 perduxit
1373 3346 1712 3418 Lugdunum.
1769 3346 1940 3413 Quem
1992 3347 2111 3415 pari

533 3442 735 3506 animo,
770 3453 984 3508 unoque
1012 3452 1278 3491 consensu
1311 3437 1487 3491 clerus
1521 3443 1577 3489 et
1615 3435 1845 3505 pepulus
1882 3436 1982 3490 sibi
2017 3435 2115 3490 cli-

533 3546 666 3602 gens
689 3530 1046 3589 sacerdotem,
1094 3529 1143 3578 in
1177 3525 1470 3596 pontificali
1520 3526 1777 3579 cathedra
1800 3526 2116 3582 solenmitcr

531 3622 833 3678 collocavit.
886 3618 1059 3688 Hujus
1088 3633 1224 3673 uxor
1253 3617 1427 3681 Galla,
1469 3617 1523 3672 in
1556 3625 1744 3673 sancto
1775 3618 1961 3672 habitu
1998 3618 2111 3674 Deo

533 3714 795 3780 serviens,
829 3711 1137 3783 speluncam
1172 3710 1289 3778 ejus
1338 3710 1603 3780 ingressa,
1634 3724 1797 3764 omne
1828 3708 1938 3763 illic
1989 3709 2113 3764 vitm

468 3850 476 3859 .
531 3821 644 3861 sure
691 3815 900 3876 tempus
928 3803 981 3857 in
1011 3802 1189 3857 studio
1230 3801 1508 3872 religionis
1546 3801 1748 3871 exegit.
1786 3800 1915 3855 Dum
1964 3802 2107 3871 ipso-

535 3913 656 3951 rum
717 3896 863 3961 liliaa,
915 3908 1144 3963 quarum
1195 3907 1298 3947 una
1346 3890 1648 3954 Consortia,
1711 3892 1880 3947 altera
1935 3892 2109 3947 Tullia

526 3990 843 4050 vocabatur,
900 3984 1224 4055 virginitatis
1271 3983 1443 4054 gratia
1498 3994 1553 4037 ct
1607 3984 1884 4053 signorum
1936 3984 2108 4053 gloria

532 4076 860 4132 claruerunt.

963 4165 1020 4219 [ε’.
1064 4165 1156 4220 XV
1196 4166 1352 4221 KAL.
1394 4166 1689 4221 DECEMB.

1174 4258 1261 4326 (l7
1302 4259 1491 4324 Natu).

595 4374 624 4415 δ
648 4373 801 4444 Apud
828 4372 1209 4427 Alexandriam
1234 4372 1294 4426 Β.
1330 4369 1568 4443 Dionysii
1593 4373 1854 4444 episcOpi,
1890 4373 1940 4428 in
1969 4376 2105 4428 mul-

525 4467 593 4522 tis
638 4479 780 4535 saepe
826 4462 1259 4518 confessionibus
1306 4464 1442 4518 satis
1484 4462 1647 4529 clari,
1683 4472 1739 4518 et
1763 4480 1861 4534 pro
1898 4466 2102 4535 passio-

2217 3291 2738 3349 commendationem
2770 3298 3021 3366 pretiosae
3049 3303 3243 3358 mortis
3266 3319 3459 3361 eorum
3484 3310 3663 3365 eodem
3696 3313 3790 3371 die

2218 3388 2356 3433 rosae
2380 3388 2516 3436 orta:
2541 3382 2802 3441 divinitus
2830 3386 3087 3446 ﬂorentes
3108 3394 3454 3465 colliguntur.

2288 3481 2310 3509 ε
2342 3471 2664 3542 Aurelianis,
2698 3481 2870 3537 sancti
2903 3480 3097 3539 Aniani
3125 3488 3383 3559 episcopi.

2622 3610 2687 3665 Ο.
2722 3611 2839 3666 XIV
2872 3614 3028 3671 ΚΑΙ...
3084 3616 3383 3676 NOVEMB.

2853 3713 2942 3785 (ts
2986 3715 3149 3791 Nov.)

2282 3819 2306 3859 ιι
2334 3820 2651 3889 Antiochiae,
2686 3827 2865 3884 natale
2900 3832 3073 3887 sancti
3103 3831 3352 3901 Romani,
3394 3840 3486 3908 qui
3537 3846 3781 3913 tempori-

2209 3908 2311 3965 bus
2360 3912 2696 3980 Diocletiani,
2746 3932 2870 3972 cum
2898 3919 3251 3992 Asclepiades
3293 3928 3592 3995 praefectus

2212 4001 2346 4056 siam
2400 4003 2720 4076 irrumpere,
2758 4024 2989 4081 eamque
3040 4012 3284 4071 funditus
3317 4032 3621 4078 conaretur
3643 4041 3782 4081 ever-

2213 4101 2345 4158 tere,
2380 4103 2608 4153 cacteros
2632 4099 2972 4159 Christianos
2993 4104 3240 4163 hortatus
3265 4118 3352 4165 est
3388 4120 3452 4167 ut
3481 4115 3535 4168 ei
3574 4128 3781 4172 eontra-

2209 4182 2467 4240 dicerent.
2502 4186 2656 4245 llnde
2688 4205 2810 4247 eum
2839 4195 3087 4265 protinus
3114 4198 3353 4256 vinctum
3397 4203 3503 4259 sibi
3548 4209 3781 4265 exhiberi

2204 4273 2383 4343 jussit,
2408 4286 2464 4332 et
2505 4279 2780 4336 Christum
2822 4289 3262 4346 constantissime
3299 4293 3654 4353 confitentem
3676 4301 3781 4369 pri-

2209 4380 2354 4420 tuum
2386 4369 2601 4424 extendi
2634 4373 2881 4442 equuleo,
2912 4377 3103 4434 deinde
3144 4380 3437 4444 plumbatis
3467 4390 3708 4456 graviter
3729 4400 3780 4445 et

2210 4454 2441 4514 fustibus
2469 4461 2633 4527 caedi;
2668 4472 2792 4532 post
2819 4466 2933 4523 hinc
2965 4470 3127 4526 etiam
3171 4474 3432 4530 novacula
3471 4454 3779 4534 acutissima

523 4573 651 4610 num
692 4527 1185 4622 tormentorumque
1229 4553 1538 4609 diversitate
1566 4527 1860 4625 magnifici,
1894 4565 2097 4626 tempo-
2132 4527 2182 4588 θ
2205 4550 2453 4607 maxillas
2480 4553 2530 4608 ei
2581 4556 2696 4611 radi
2743 4558 2873 4614 fecit
2899 4572 2944 4616 ο.
2990 4560 3141 4619 Tunc
3177 4565 3245 4619 ad
3299 4568 3618 4636 petitionem
3668 4572 3778 4640 ejus

524 4648 673 4702 ribus
712 4647 1093 4716 imperatorunt
1143 4643 1413 4700 Valeriani
1456 4654 1512 4701 et
1559 4645 1809 4702 Gallieni.
1859 4646 2100 4718 Denique

521 4737 775 4799 refertur,
812 4734 1204 4790 insectantibus
1233 4749 1292 4790 se
1339 4737 1780 4804 persecutoribus
1814 4751 1940 4792 cum
1984 4739 2127 4808 ipse,

519 4836 729 4884 astaret
785 4824 978 4896 judici,
1018 4827 1401 4897 respondisse:
1429 4829 1567 4895 Quid
1608 4830 1924 4886 insectando
1950 4832 2098 4887 labo.

518 4917 686 4972 ratis?
716 4915 890 4987 Caput
929 4931 1106 4971 meum
1135 4931 1234 4986 pro
1260 4932 1369 4987 quo
1400 4932 1724 4990 magnopere
1765 4919 2091 4991 fatigamini,

516 5008 762 5063 avulsum
798 5006 1104 5063 cervicibus
1144 5009 1342 5063 sumite
1390 5018 1446 5063 et
1498 5009 1696 5064 donum
1737 5024 1990 5082 magnum
2027 5012 2095 5067 ad

517 5112 807 5172 tyrannum
855 5108 911 5155 et
957 5100 1344 5170 imperatorem
1394 5109 1636 5157 vestrum
1690 5101 1851 5159 ferte.
1885 5102 2094 5160 Prmses

513 5201 694 5248 autem
743 5190 1072 5246 Emillanus
1097 5200 1235 5246 erat.
1279 5190 1422 5247 Ante
1446 5207 1608 5262 quem
1635 5208 1759 5248 cum
1804 5192 2094 5266 Dionysius

517 5290 679 5338 unum
710 5283 882 5339 solum
914 5282 1083 5337 Deum
1109 5290 1552 5353 prosequeretur,
1582 5283 1674 5352 qui
1704 5283 1899 5338 emtum
1933 5283 2094 5339 fecis-

512 5376 674 5428 set‘et
707 5381 932 5439 terram,
969 5372 1218 5442 hancque
1247 5372 1451 5429 diceret
1479 5374 1832 5440 adorandum,
1866 5383 2091 5430 caateros

580 5538 606 5565 ει
623 5516 745 5579 lla.
764 5519 1100 5593 Durentiam.

582 5595 610 5635 ιι
641 5593 954 5671 Ιςῖιιξςμῶῡ
980 5612 1055 5660 vt,
1080 5611 1197 5666 cap.
1217 5593 1307 5663 53,
1334 5594 1474 5649 Ruﬂ'.
1528 5613 1574 5650 e.
1612 5597 1701 5657 '50,
1735 5607 1789 5652 ct
1816 5599 2084 5671 deinceps.

511 5664 707 5717 Euseb.
731 5665 833 5719 'lib.
866 5681 962 5720 vn.
999 5684 1048 5721 c.

584 5747 603 5773 ε
648 5735 729 5787 ill.
778 5734 919 5789 μυστ.
977 5736 1204 5807 Gregor.
1254 5737 1407 5801 'l‘ur.,
1462 5734 1554 5789 lib.
1605 5754 1639 5790 ιι
1697 5737 1831 5793 llist.
1889 5739 2081 5795 Frane.

2160 4654 2170 4663 '
2203 4656 2427 4710 puerum
2467 4647 2749 4715 parvulum
2777 4651 2954 4708 induci
2980 4656 3238 4726 praicepit
3270 4675 3283 4711 :
3323 4673 3485 4727 quem
3510 4661 3777 4719 Romanus

2202 4732 2401 4790 Christi
2467 4753 2662 4794 nomen
2710 4741 2990 4812 invocans,
3037 4756 3223 4803 utrum
3267 4764 3434 4805 unum
3479 4770 3554 4809 an
3602 4757 3776 4824 plures

2200 4828 2332 4882 deos
2379 4830 2570 4886 melius
2617 4844 2763 4889 esset
2810 4835 2985 4893 colere
3036 4838 3408 4912 interrogavit,
3459 4853 3524 4897 ut
3570 4861 3631 4899 ex
3661 4848 3776 4914 ejus

2201 4920 2539 4978 confessione
2568 4925 2854 4994 praefectus
2880 4930 3323 4987 confunderetur.
3360 4934 3611 5007 Cumque
3641 4954 3774 5008 puer

2202 5026 2366 5065 unum
2400 5013 2569 5067 Deum
2597 5013 2769 5069 solum
2809 5018 3139 5075 credendum
3183 5036 3304 5078 esse
3331 5023 3592 5091 dixisset,
3632 5027 3772 5080 indic

2197 5108 2389 5169 gnatus
2411 5101 2775 5172 Asclepiades,
2806 5114 3018 5162 catomo
3047 5111 3302 5180 suspendi
3334 5126 3456 5167 eum
3491 5129 3555 5167 ac
3591 5113 3772 5168 verbe-

2198 5190 2329 5256 rari,
2368 5201 2423 5246 et
2463 5201 2738 5263 postremo
2779 5196 2943 5253 etiam
2988 5199 3245 5256 decollari
3276 5199 3462 5270 jussit.
3510 5203 3636 5259 Erat
3669 5220 3769 5259 au-

2196 5291 2304 5339 tem
2352 5300 2545 5341 nomen
2580 5301 2751 5355 puero
2801 5288 3039 5346 Baralas.
3087 5291 3364 5350 Romanus
3420 5311 3549 5352 vero
3581 5312 3772 5351 riu-sus

2193 5374 2422 5431 eouuleo
2471 5392 2785 5448 suspensus,
2824 5380 3141 5452 unguliSquc
3175 5393 3453 5452 curatus,
3482 5386 3544 5440 ad
3575 5402 3769 5457 rogum

2192 5546 2310 5604 cap.
2357 5532 2409 5585 7.

2262 5601 2288 5641 (Ι
2315 5598 2537 5678 Euseb,
2563 5601 2655 5678 lib.
2681 5621 2798 5671 vm,
2823 5623 2942 5678 cap.
2984 5608 3068 5663 l2.

2271 5686 2292 5711 ε
2322 5673 2601 5737 Prudenh,
2638 5677 2822 5747 Ityum.
2858 5673 2940 5733 10.
