3936 6348
115 353 240 410 597

818 340 1417 403 MARTYROLOCIUM
1454 336 1595 395 CUM
1628 331 2164 392 .ADDiTAMENTIS.
2211 324 2275 372 9—-
2312 327 2516 383 MENS.
2560 325 2719 381 NOV.

3284 323 3389 379 598

115 466 438 528 ardentem,
471 459 526 516 in
578 475 736 529 quem
773 456 1223 527 praecipitaretur,
1265 451 1555 524 perductus
1601 452 1702 499 est.
1734 448 1783 505 Λ
1811 449 1864 495 et
1886 438 2229 504 confessoris,
2265 437 2355 507 qui
2402 432 2819 504 quadragesimo
2863 431 3097 487 secundo
3133 447 3275 487 anno
3303 448 3390 488 sa-

118 557 482 624 Sed,orante
515 567 600 617 eo,
653 550 799 604 venit
848 554 1066 619 repente
1109 546 1280 601 imber
1318 540 1606 602 inundans,
1652 542 1707 589 et

124 648 396 709 exstinxit
444 646 647 715 ignem.
703 640 833 696 Post
871 639 975 694 hoc
1017 635 1186 708 jussit-
1221 633 1271 689 ei
1324 632 1562 702 linguam
1616 625 1709 678 ab-

127 739 339 799 scindi.
518 734 684 799 facto,
740 744 865 786 cum
914 725 1190 781 Christum
1234 736 1365 778 voce
1409 714 1708 774 clarissima

130 832 491 895 colludunt,
514 824 763 883 reduetus
786 822 840 877 in
865 832 1165 882 carcerem,
1188 816 1255 871 ad
1301 821 1605 870 extremum
1635 805 1710 858 la-

130 938 284 995 queo
306 917 674 990 strangulatus
697 921 801 971 est.

185 1014 415 1073 LEodem
436 988 525 1068 die
551 1008 608 1064 in
633 1004 823 1062 eadem
849 1002 986 1059 urbe
1013 996 1212 1056 natalis
1236 994 1409 1051 sancti
1437 988 1713 1062 Hesychii,

135 1107 235 1178 qui
258 1105 357 1161 sub
376 1100 600 1174 praefato
627 1098 953 1169 imperatore
973 1104 1096 1147 cum
1124 1096 1271 1146 esset
1294 1085 1468 1150 miles,
1505 1092 1559 1139 et
1577 1096 1716 1153 prtc~

137 1171 361 1268 ceptum
378 1171 641 1257 audisset,
670 1196 733 1244 ut
751 1183 998 1257 quisquis
1030 1197 1139 1238 non
1170 1176 1507 1268 sacrificaret
1558 1171 1716 1229 idolis

132 1261 415 1358 cingulum
440 1280 646 1338 militias
688 1277 1004 1348 deponeret,
1052 1261 1272 1342 repente
1312 1265 1583 1338 cingulum
1610 1261 1715 1319 sol-

132 1355 261 1437 vit:
287 1378 370 1435 0b
409 1376 550 1432 hanc
601 1385 823 1428 causam
872 1368 1166 1439 imperator
1196 1359 1405 1419 colobio
1445 1355 1713 1421 indutum,

136 1471 321 1542 primo
350 1468 406 1522 in
450 1476 748 1537 gyneeeum
793 1471 919 1514 eum
963 1455 1144 1521 dedit;
1193 1451 1408 1516 deinde,
1446 1448 1609 1520 ligato
1662 1444 1715 1498 in

136 1535 371 1635 dextera
410 1535 527 1628 ejus
575 1566 712 1611 saxo
757 1546 980 1621 ingenti,
1034 1546 1085 1601 in
1140 1544 1359 1598 fluvium
1391 1535 1715 1611 praecipitari

133 1653 326 1725 jussit.

546 1740 613 1817 s.
658 1734 772 1793 Xlil
826 1731 987 1797 KAL.
1037 1726 1326 1787 DECEMB.

797 1826 892 1898 (49
934 1820 1096 1892 Nor.)

216 1924 424 1990 Romae,
439 1922 525 1980 via
550 1921 745 1991 Appia,
777 1915 969 1974 natalis
990 1912 1162 1970 sancti
1191 1905 1407 1965 Maximi
1427 1903 1723 1977 presbyteri

142 2027 204 2074 et
228 2015 513 2088 martyris,
534 2012 629 2083 qui
649 2008 1026 2082 persecutione
1061 1999 1337 2059 Maximini
1366 2010 1578 2063 passus,
1620 2009 1715 2064 pa-

144 2111 286 2167 situs
309 2116 397 2164 est
425 2106 495 2161 ad
518 2111 767 2160 sanctum
794 2097 1031 2155 Sixtum.

230 2200 392 2272 Apud
416 2198 700 2261 Viennam,
754 2199 1066 2250 sanctorum
1104 2195 1403 2256 martyrum
1458 2178 1724 2242 Severini,

145 2269 405 2364 Exuperii
432 2297 488 2347 et
523 2286 782 2345 Feliciani
815 2299 831 2338 :
862 2295 1091 2354 quorum
1126 2291 1358 2349 corpora
1390 2281 1514 2345 post
1557 2269 1724 2326 multa

146 2396 415 2440 annorum
445 2375 737 2442 curricula,
776 2372 908 2443 ipsis
936 2366 1319 2430 revelautibus,
1351 2364 1588 2425 inventa,
1616 2366 1665 2414 et
1694 2373 1725 2412 a

146 2472 407 2544 pontifice
450 2466 600 2525 urbis
651 2464 797 2520 clero
836 2470 893 2519 et
932 2458 1130 2532 populo
1163 2453 1463 2513 honorifice
1491 2449 1720 2511 sublata,

152 2539 211 2618 in
244 2559 465 2616 basilica
486 2556 653 2614 sancti
677 2552 927 2618 Romani,
968 2560 1087 2620 quat
1123 2546 1239 2616 jam
1288 2544 1446 2601 dictas
1488 2539 1726 2596 civitatis

154 2660 311 2723 parte
352 2647 593 2706 orientali
639 2644 743 2702 sita
790 2649 893 2706 est,
962 2636 1230 2708 condigne
1276 2633 1482 2689 honore
1509 2628 1724 2684 condita

147 2754 299 2803 Slllll.

220 2850 249 2878 ι
282 2836 379 2892 Die
404 2834 591 2891 eodem
630 2828 808 2886 natale
828 2826 1001 2882 sancti
1041 2821 1225 2877 Fausti
1268 2816 1538 2889 martyris.
1591 2813 1728 2869 iluic

149 2937 362 2985 tantum
392 2926 601 2982 fiducia:
629 2932 684 2978 et
728 2912 1188 2990 magnanimitatis
1231 2925 1329 2982 per
1375 2909 1464 2963 Dei
1495 2905 1727 2980 gratiam

149 3023 339 3078 datum
366 3026 473 3084 est,
504 3025 563 3071 ut
587 3029 709 3070 cum
744 3010 812 3065 ad
830 3023 923 3064 eos
947 3005 1039 3076 qui
1068 3004 1122 3058 in
1154 3015 1372 3058 carcere
1401 2998 1729 3055 tenebantur

150 3110 350 3165 fratres
412 3083 572 3162 nemo
634 3113 857 3173 prorsus
920 3090 1269 3151 humanitatis
1329 3098 1384 3144 et
1438 3083 1724 3143 ministerii

152 3215 320 3257 causa
352 3195 758 3269 permitteretur
786 3186 1064 3249 accedere,
1108 3182 1206 3238 iste
1235 3194 1341 3235 una
1361 3193 1483 3234 cum
1523 3175 1727 3246 collega

155 3306 254 3348 suo
275 3265 508 3345 Eusebio
536 3282 902 3340 indesinenter
935 3284 990 3332 et
1029 3272 1311 3336 reviseret,
1340 3278 1395 3325 et
1423 3265 1730 3323 necessaria

156 3381 511 3439 ministraret.
542 3376 609 3432 Et
636 3389 760 3430 cum
790 3385 888 3442 per
909 3368 1024 3423 dies
1049 3362 1290 3436 singulos
1311 3359 1555 3431 prrcsidis
1578 3356 1732 3413 furor

157 3477 451 3536 cresceret,
476 3462 767 3539 jugulantlo
789 3460 943 3523 alios,
970 3457 1103 3511 alios
1126 3451 1402 3524 suppliciis
1432 3457 1485 3505 et
1502 3446 1730 3504 diversis

159 3565 498 3621 cruciatuum
543 3556 830 3629 generibus
857 3547 1161 3621 aiiligendo,
1209 3545 1460 3616 squalore
1495 3540 1734 3598 carceris

160 3666 216 3711 et
244 3626 906 3719 catenarum—ponderibus
945 3626 1243 3698 enceando,
1288 3643 1343 3689 et
1370 3649 1529 3704 super
1554 3630 1734 3687 omnia

161 3740 521 3817 praecipiendo
564 3753 632 3793 ne
659 3736 780 3807 quis
808 3734 875 3788 ad
909 3746 1003 3787 eos
1024 3743 1248 3801 prorsus
1274 3725 1573 3786 accederet,
1604 3729 1738 3776 utet

159 3815 343 3890 inedia
389 3829 542 3901 quasi
604 3824 746 3882 aliud
805 3820 1056 3877 tormenti
1113 3832 1282 3890 genus
1345 3815 1733 3879 adhiberetur;

157 3922 437 3982 concessit
460 3928 637 3975 tamen
664 3916 807 3970 Deus
834 3913 960 3967 huic
999 3911 1245 3972 diacono,
1272 3914 1327 3961 et
1374 3903 1592 3974 collegae
1623 3903 1738 3973 ejus

158 4013 424 4085 gratiam,
474 4018 535 4065 ut
586 4005 767 4063 invitis
809 4002 1102 4064 omnibus,
1151 3997 1232 4052 eis
1284 3996 1352 4049 ad
1400 3992 1742 4048 confessores

157 4084 370 4163 Christi
424 4117 531 4157 non
573 4104 857 4168 negaretur
904 4105 1175 4149 accessus.
1222 4085 1550 4142 Grandaevus
1582 4084 1743 4156 igitur

159 4205 221 4254 et
272 4193 468 4266 plenus
526 4189 733 4247 dierum
789 4181 1066 4240 confessor
1110 4174 1451 4248 perdurans,
1503 4174 1743 4244 perfecto

162 4286 432 4357 martyrio
453 4282 513 4337 Β.
541 4280 772 4336 Faustus
813 4271 1223 4331 obtruncatione
1257 4267 1448 4336 capitis
1484 4281 1742 4320 consum-

162 4385 352 4434 matus
376 4382 484 4431 85L

594 4461 655 4515 B.
704 4457 794 4512 XII
823 4453 982 4511 ΚΑΒ.
1028 4447 1313 4505 DECEMB.

239 4653 270 4693 ι’
295 4650 501 4713 Romae,
522 4646 717 4702 natalis
743 4641 914 4699 sancti
942 4638 1190 4694 Pontiani
1224 4651 1393 4707 papzc.
1430 4634 1551 4702 Qui,
1581 4632 1749 4686 Maxi-

166 4742 323 4796 mino
377 4738 635 4792 adversus
677 4731 1026 4806 ecclesiarum
1074 4726 1382 4783 sacerdotes
1423 4723 1749 4794 persecutio-

168 4845 302 4885 nem
350 4835 742 4890 commovente,
794 4838 915 4878 cum
969 4819 1089 4891 [0].,
1136 4816 1403 4889 Philippo]
1462 4814 1747 4886 Hippolyto

166 4917 494 4992 presbytero
540 4913 844 4968 Sardiniam
893 4910 1236 4978 deportatus,
1282 4907 1461 4975 ibique
1518 4902 1749 4958 fustibus

170 5015 470 5071 mactatus,
518 5004 838 5075 martyrium
883 4997 1297 5056 consummavit.
1331 4995 1539 5065 Corpus
1579 4994 1694 5064 ejus
1720 5009 1749 5047 a

171 5105 338 5159 beato
365 5098 604 5154 Fabiano
636 5110 771 5167 papa
822 5092 1069 5152 relatum,
1126 5097 1288 5158 atque
1343 5087 1396 5140 in
1441 5085 1752 5141 emmeterio

170 5191 389 5249 Callisti
410 5187 675 5259 sepultum
701 5193 803 5242 est.
840 5182 992 5240 Sedit
1015 5188 1191 5234 autem
1236 5178 1289 5231 in
1318 5176 1632 5247 episcopatu
1659 5191 1751 5229 an-

174 5301 280 5342 nos
303 5297 522 5347 novem,
545 5293 759 5336 menses
786 5275 1046 5346 quinque,
1082 5270 1198 5326 dies
1221 5269 1375 5325 duos.

247 5371 409 5446 Apud
429 5370 687 5432 Siciliam,
716 5366 932 5424 civitate
969 5360 1235 5425 Messana,
1286 5363 1599 5413 sanctorum
1629 5352 1758 5407 Am-

190 5464 301 5537 peli
334 5470 391 5519 et
419 5461 555 5519 Caii.

254 5566 279 5595 ο
314 5552 472 5625 Apud
496 5550 833 5615 Cabilonem,
862 5542 1163 5602 beatissimi
1207 5532 1493 5612 Sylvestri,
1523 5534 1758 5608 episcopi

255 5680 282 5708 ι
314 5652 510 5723 Euseb.
536 5665 628 5721 lib.
656 5678 755 5730 vn,
786 5674 905 5732 cap.
937 5656 1021 5713 l0.

257 5739 286 5779 δ
312 5735 647 5803 Pontilicaie,
675 5750 724 5789 c.
756 5731 843 5787 l9.

813 4493 1313 4618 asas?“
1722 4493 1822 4609 ,ιτ

1815 530 2041 587 cerdotii
2063 530 2144 585 sui
2172 530 2361 600 plenus
2390 526 2597 581 die'ruzn
2636 533 2796 577 atoue
2832 523 3091 577 virtutum
3137 524 3388 594 migravit

1813 623 1879 676 ad
1920 622 2224 677 Dominum.

2239 711 2300 764 C.
2348 710 2418 764 X1
2462 708 2616 764 ΚΑΙ..
2667 707 2938 762 DECEMB

2442 803 2524 875 (εει
2583 801 2743 873 Nov.)

1886 899 2090 955 Natalis
2116 896 2410 955 beatissimi
2464 894 2607 961 Rufi,
2634 894 2700 949 de
2736 910 2842 965 quo
2875 893 3146 962 apostolus
3191 892 3390 949 Paulus

1816 992 1884 1049 ad
1935 993 2207 1047 Romanos
2250 988 2439 1044 scribit
2479 1004 2493 1040 :
2545 986 2787 1040 Salutate
2817 983 3010 1053 Rufum
3055 983 3304 1051 electum,
3344 994 3393 1038 et

1816 1092 2035 1137 matrem
2066 1080 2180 1150 ejus
2217 1089 2264 1133 et
2303 1094 2470 1132 meam
2501 1075 2679 1146 (Rom.
2713 1074 2845 1145 xu).

1888 1169 1944 1224 in
1974 1168 2147 1232 italia,
2177 1163 2504 1221 monasterio
2527 1162 2711 1226 Bobio,
2738 1162 2911 1217 sancti
2936 1161 3259 1217 Columbani
3291 1162 3390 1216 ab-

1818 1262 1975 1328 batis,
2010 1259 2102 1330 qui
2134 1257 2424 1313 multorum
2453 1255 2822 1310 coenobiorum
2844 1252 3117 1321 fundator,
3149 1262 3203 1309 et
3235 1254 3395 1309 innu-

1819 1349 2155 1407 merabilium
2196 1355 2349 1418 pater
2396 1345 2604 1401 exstitit
2647 1345 3057 1410 monachorum,
3107 1343 3395 1415 multisque

1818 1442 2107 1497 virtutibus
2133 1439 2333 1505 clarus,
2363 1437 2571 1509 quievit
2598 1436 2652 1489 in
2679 1440 2957 1491 senectute
2984 1436 3145 1491 bona.

2263 1573 2324 1627 D.
2371 1569 2417 1623 X
2455 1569 2611 1625 KAL.
2654 1568 2947 1625 DECEMB.

2465 1662 2556 1734 (‘22
2607 1659 2768 1733 Nov.)
2842 1730 2845 1731 ν

1894 1757 2099 1824 Romae,
2125 1754 2319 1813 natalis
2340 1763 2541 1812 sancta:
2568 1753 2794 1810 Cmeilize
2820 1754 3060 1823 virginis,
3089 1768 3208 1824 qua
3235 1770 3396 1825 spon-

1824 1865 1943 1908 sum
1972 1864 2130 1906 suum
2156 1847 2499 1904 Valerianum
2519 1853 2576 1902 et
2607 1845 2830 1901 fratrem
2859 1844 2974 1913 ejus
3006 1844 3307 1902 Tiburtium
3331 1848 3400 1900 a.t

1823 1942 2150 2000 credendum
2176 1940 2394 1997 Christo
2421 1939 2723 2010 perdocuit,
2768 1954 2831 1994 ac
2867 1938 3059 1993 deinde
3107 1938 3172 1993 ad
3194 1946 3404 2011 marty—

1824 2035 1962 2089 rium
1985 2030 2250 2089 incitarit.
2281 2030 2432 2086 Hanc
2454 2030 2768 2085 Almacltius
2788 2038 2908 2100 post
2941 2030 3259 2101 martyrium
3304 2044 3398 2085 eo-

1824 2140 1944 2180 rum
1992 2125 2163 2181 teneri
2195 2123 2344 2191 fecit,
2392 2132 2448 2178 et
2485 2130 2547 2178 ut
2590 2122 2749 2177 thura
2800 2122 3136 2179 daemonibus
3175 2130 3406 2192 poneret

1825 2216 2045 2288 impelli.
2073 2215 2425 2288 Apparitores
2458 2228 2588 2269 vero
2615 2211 2957 2268 attendentes
2987 2212 3215 2268 nimium
3244 2212 3401 2268 deco-

1826 2323 1941 2363 rem
1965 2315 2022 2362 et
2049 2304 2390 2378 prudentiam
2422 2303 2562 2375 ejus,
2604 2303 2867 2374 rogabant
2899 2318 3020 2358 eam
3065 2317 3134 2357 ne
3165 2300 3268 2357 tale
3314 2302 3402 2358 de-

1825 2413 1923 2453 cus
1948 2397 2243 2461 amitteret,
2270 2404 2326 2451 et
2360 2378 2579 2449 tantam‘
2605 2393 3059 2464 pulchritudinem
3087 2393 3143 2448 in
3172 2400 3402 2449 mortem

1825 2488 1996 2543 daret.
2040 2488 2111 2541 At
2159 2486 2248 2541 illa
2297 2485 2581 2542 consilium
2628 2483 2849 2554 pietatis
2894 2482 3222 2540 sufficienter
3270 2482 3403 2538 insi-

1827 2594 2018 2643 nuans,
2050 2587 2106 2634 et
2132 2579 2196 2634 de
2221 2577 2391 2649 gratia
2416 2575 2801 2646 omnipotentis
2830 2574 2922 2630 Dei
2955 2590 3051 2631 eos
3074 2573 3400 2639 informans,

1827 2684 1948 2726 cum
1970 2669 2038 2723 ad
2057 2667 2385 2723 credendum
2410 2664 2629 2723 Christo
2657 2672 2932 2734 permotos
2969 2672 3237 2729 cerneret,
3274 2663 3408 2719 dicit

1827 2759 1906 2816 eis
1935 2777 1948 2814 :
1983 2757 2083 2824 ite,
2115 2757 2278 2813 dicite
2317 2754 2518 2812 infelici
2547 2754 2828 2811 Almachio
2858 2754 3002 2825 quod
3047 2768 3147 2825 ego
3178 2754 3408 2809 indieias

1827 2858 2042 2920 petam,
2082 2855 2139 2902 ut
2169 2848 2255 2902 hic
2307 2847 2449 2902 intra
2491 2846 2707 2901 domum
2752 2861 2926 2901 meam
2973 2844 3169 2901 faciam
3201 2845 3407 2910 venire,

1829 2942 1921 3013 qui
1944 2954 2040 2997 vos
2063 2954 2251 2995 omnes
2272 2938 2438 2994 faciat
2459 2938 2581 3016 vita:
2605 2945 2827 2993 internae
2842 2938 3147 3008 participes.
3174 2938 3411 2995 Veniens

1832 3032 1995 3104 igitur
2019 3044 2152 3102 papa
2198 3040 2417 3085 sanctus
2448 3028 2713 3091 Urbanus,
2748 3024 3040 3097 baptizavit
3076 3028 3196 3098 plus
3231 3027 3410 3083 minus

1754 3144 1800 3207 ρ
1830 3143 1987 3198 quam
2012 3124 2431 3197 quadringentos
2456 3122 2747 3193 promiscui
2782 3137 2944 3177 sexus
2969 3121 3213 3178 nomines
3229 3161 3243 3188 ,
3270 3121 3411 3177 inter

1834 3235 1969 3291 quos
1998 3233 2138 3273 unus
2184 3215 2519 3272 clarissimus
2544 3214 2627 3268 vir
2653 3222 2774 3268 erat
2815 3213 3033 3269 nomine
3085 3212 3411 3270 Gordianus.

1838 3312 2042 3368 lterum
2068 3309 2380 3364 Almacbius
2409 3308 2623 3362 beatam
2660 3304 2928 3361 Cmeiliam
2977 3305 3077 3361 sibi
3101 3304 3416 3375 praesentari

1828 3403 2011 3474 jussit.
2040 3402 2106 3456 Et
2128 3416 2249 3456 cum
2277 3397 2695 3469 inseparabilem
2715 3412 2832 3452 eam
2857 3396 2911 3451 in
2934 3395 3269 3453 confessione
3288 3396 3417 3452 fidei

1834 3505 2155 3564 permanere
2182 3489 2410 3551 videret,
2456 3487 2608 3557 jubet
2640 3492 2699 3539 ut
2723 3486 2790 3540 ad
2818 3485 3038 3540 domum
3067 3500 3221 3540 suam
3252 3485 3414 3541 duce-

1839 3592 2006 3648 retur,
2062 3590 2117 3637 et
2170 3581 2243 3635 ibi
2287 3578 2518 3633 ﬂammis
2566 3577 2913 3632 balnearibus
2959 3583 3413 3630 concremaretur.

1842 3675 1939 3731 Ubi
1967 3674 2171 3729 inclusa
2194 3670 2279 3725 die
2307 3671 2514 3740 integro
2535 3677 2589 3723 et
2614 3675 2792 3731 nocte,
2814 3666 2967 3734 quasi
2992 3666 3044 3719 in
3072 3664 3192 3719 loco
3217 3662 3411 3732 frigido

1840 3768 2045 3836 integra
2077 3761 2310 3833 perstitit
2333 3759 2586 3823 sanitate,
2611 3772 2733 3813 cum
2756 3770 2969 3825 semper
2991 3753 3234 3809 incendia
3258 3753 3418 3821 lignis

1840 3857 2113 3927 congestis
2158 3852 2613 3906 ministrarentur.
2663 3847 2815 3914 Quod
2852 3846 3076 3901 audiens
3102 3842 3415 3899 Almachius

1843 3948 1988 4003 misit
2013 3945 2103 4015 qui
2130 3958 2248 3999 eam
2276 3940 2588 3997 decollaret.
2611 3938 2784 4006 Quam
2805 3936 3098 4007 spiculator
3124 3934 3282 3989 tertio
3305 3933 3413 3989 ictu

1841 4035 2133 4109 percussit,
2163 4033 2257 4089 sed
2282 4040 2443 4101 caput
2469 4029 2584 4098 ejus
2614 4035 2894 4098 amputare
2925 4042 3030 4081 non
3066 4025 3275 4096 potuit;
3323 4038 3418 4079 su-

1842 4128 2076 4200 pervixit
2095 4134 2277 4180 autem
2308 4123 2505 4178 triduo.
2534 4121 2684 4176 Tunc
2713 4119 2771 4175 S.
2807 4119 3056 4175 Urbanus
3080 4131 3275 4186 corpus
3297 4113 3416 4184 ejus

1845 4220 2098 4276 auferens
2129 4225 2307 4279 nocte,
2344 4212 2588 4284 sepelivit
2618 4212 2756 4266 inter
2803 4208 3035 4280 collegas
3060 4223 3188 4264 suos
3208 4207 3418 4276 episco-

1847 4328 1964 4383 pos.
1998 4312 2160 4366 Passa
2191 4316 2274 4361 est
2317 4312 2496 4359 autem
2525 4302 2682 4358 beata
2733 4302 2884 4370 virgo
2925 4298 3087 4353 Marci
3139 4294 3340 4349 Aurelii
3367 4302 3421 4347 et

1848 4400 2132 4457 Commodi
2163 4399 2548 4468 imperatorum
2583 4390 2928 4461 temporibus.

2274 4529 2334 4582 Ε.
2383 4526 2454 4581 IX
2494 4524 2661 4579 KAL.
2708 4517 2995 4576 DECEMB.

2489 4615 2579 4687 (25
2634 4611 2793 4681 Non.)

1923 4713 1949 4752 ά
1981 4711 2183 4766 Natalis
2229 4708 2400 4763 sancti
2452 4704 2767 4769 Clementis,
2800 4701 2888 4772 qui
2922 4701 3021 4755 sub
3054 4697 3428 4769 persecutione

1856 4803 2093 4873 Trajani,
2124 4783 2383 4870 martyrio
2412 4803 2704 4853 coronatur

1927 4894 2078 4948 Tunc
2106 4893 2268 4945 etiam
2292 4888 2654 4943 illustrissima
2685 4893 2739 4940 et
2766 4883 3079 4939 beatissima
3107 4881 3198 4935 Dei
3232 4877 3430 4933 famula

1856 4987 2038 5043 Flavia
2068 4982 2362 5047 Domitilla,
2394 4995 2517 5050 quae
2542 4978 2643 5033 fuit
2681 4978 2847 5032 Flavii
2877 4974 3168 5031 Clementis
3195 4969 3433 5026 consulis

1858 5095 1922 5134 ex
1953 5090 2139 5131 sorore
2162 5073 2358 5142 neptis,
2403 5078 2456 5125 et
2487 5085 2514 5122 a
2562 5075 2753 5123 sancto
2782 5065 3061 5121 Clemente
3089 5074 3246 5118 sacro
3292 5057 3433 5111 vela-

1860 5169 2005 5223 mine
2032 5166 2097 5219 ad
2120 5162 2443 5233 integritatis
2481 5157 2938 5228 perseverantiam
2990 5152 3220 5208 traditur
3243 5160 3432 5203 conse-

1866 5270 2011 5318 crata
2038 5300 2053 5325 ,
2095 5256 2163 5312 ob
2214 5254 2582 5310 testimonium
2633 5250 2777 5320 quod
2833 5246 3052 5303 Christo
3092 5239 3430 5314 perhibebat,

1865 5365 1989 5406 cum
2037 5347 2156 5403 aliis
2211 5343 2457 5416 plurimis
2497 5342 2551 5396 in
2598 5339 2825 5395 insulam
2854 5335 3099 5391 Pontiam
3131 5328 3320 5386 exsilio
3343 5327 3435 5383 de—

1866 5452 2105 5517 portata,
2135 5440 2351 5509 longum
2382 5436 2512 5492 inibi
2538 5434 2850 5505 martyrium
2877 5430 3047 5485 duxit.

1939 5533 2140 5589 Eodem
2172 5528 2278 5593 die,
2323 5526 2501 5581 natale
2550 5532 2745 5579 sancta:
2775 5519 3092 5584 Felicitatis,
3132 5514 3320 5571 matris
3348 5525 3438 5568 se-

1942 5656 1966 5724 C_
1995 5637 2317 5724 greg._".l'u‘r.
2343 5639 2406 5724 de
2431 5632 2869 5724 Clo'ria-co‘nfess.
2907 5646 2953 5684 c.
2980 5629 3049 5683 85

1943 5712 1971 5752 ἀ
2000 5703 2131 5766 νὶἀὲ
2156 5707 2391 5763 libellum
2423 5704 2487 5761 de
2515 5704 2657 5759 Fest.
2684 5703 2866 5771 Apost.
