3936 6348
514 373 621 430 39;)

1502 369 1560 425 S.
1600 367 1850 425 ADONIS
1890 364 2316 422 ARCIIIEPISC.
2363 363 2770 419 VlENNENSlS

3686 361 3805 415 ια.

510 502 656 565 ptem
694 490 926 549 ﬁliorum
976 500 1298 562 martyrum,
1344 506 1485 560 qute,
1536 488 1756 560 iubente
1788 486 2081 547 Antonino,
2116 487 2163 546 Α
2192 482 2391 537 Christi
2442 480 2821 552 Chrysogono,
2882 479 3189 535 Anastasia.
3245 479 3394 536 Licet
3438 480 3595 551 pater
3634 495 3804 535 meus

508 582 771 643 decoliata
820 590 903 638 est
930 597 1029 653 pro
1057 581 1296 638 Christo.
1332 577 1476 635 Idem
1506 578 1649 633 enim
1683 579 1982 648 imperator
2006 576 2087 631 in-

503 676 760 746 iunxerat
790 673 1047 747 praefecto
1073 673 1221 727 urbis
1252 671 1463 737 Publio,
1488 679 1548 725 ut
1584 686 1705 727 eam
1735 667 2087 740 compelleret

507 783 631 824 cum
698 765 823 822 ﬁliis
883 766 995 821 suis
1048 765 1269 820 deorum
1323 762 1605 818 sacriﬁciis
1666 761 1935 816 inclinari.
1984 759 2087 827 Qui

506 858 704 914 blando
724 856 959 927 alloquio
988 855 1054 909 ad
1099 853 1426 910 sacriﬁcium
1472 868 1592 907 cam
1636 866 1959 923 provocans,
1986 850 2083 905 mi~

507 957 667 1002 natur
722 959 1005 1017 pmnarum
1064 942 1362 998 interitum.
1413 935 1510 997 Cui
1563 942 1722 998 beata
1774 938 2027 995 Felicitas
2070 957 2084 994 :

505 1037 618 1093 Nec
638 1033 1018 1093 blandimentis
1046 1032 1153 1088 tuis
1182 1031 1378 1090 resolvi
1420 1039 1627 1104 potero,
1664 1045 1765 1086 nec
1789 1029 2089 1087 terroribus

504 1127 711 1203 frangi;
762 1125 933 1181 habeo
962 1123 1107 1179 enim
1134 1118 1400 1193 Spiritum
1423 1130 1692 1189 saucium,
1732 1120 1824 1191 qui
1859 1135 1945 1175 me
1979 1133 2086 1175 non

503 1220 781 1290 permittet
822 1216 966 1272 vinci
1000 1233 1031 1271 a
1069 1215 1299 1280 diabolo,
1333 1225 1388 1271 et
1415 1216 1535 1271 ideo
1564 1229 1754 1272 secura
1793 1229 1916 1271 sum
1959 1213 2087 1286 quia

508 1312 622 1367 viva
648 1319 702 1366 te
730 1306 1028 1380 superabo;
1071 1317 1127 1364 et
1163 1307 1209 1363 si
1265 1299 1547 1362 interfch
1574 1305 1747 1372 luero,
1792 1304 1987 1360 melius
2035 1314 2087 1358 te

424 1440 433 1447 .
500 1402 718 1477 vincam
765 1399 966 1456 occisa.
1010 1396 1213 1453 Deinde
1268 1396 1373 1451 alia
1419 1395 1507 1452 die
1536 1397 1676 1451 sedit
1716 1394 2002 1466 praefectus
2029 1393 2084 1448 in

500 1492 622 1549 foro
652 1492 862 1558 Martis,
913 1488 1184 1561 iussitque
1216 1503 1338 1544 eam
1360 1488 1553 1544 adduci
1600 1503 1723 1543 cum
1767 1485 1892 1542 ﬁliis
1934 1486 2081 1552 suis;

504 1587 590 1641 cui
616 1594 672 1640 et
692 1584 827 1639 dixit
855 1602 868 1637 :
893 1582 1150 1638 Miserere
1177 1580 1303 1637 ﬁliis
1334 1580 1458 1645 tuis,
1486 1581 1779 1651 juvenibus
1825 1580 2001 1642 bonis,
2031 1586 2087 1634 et

503 1674 637 1730 ﬂore
681 1673 871 1744 prima:
911 1670 1213 1741 iuventutis
1255 1669 1592 1726 ﬂorentibus.
1640 1669 1804 1724 Beata
1831 1668 2086 1724 Felicitas

504 1764 786 1837 respondit
816 1782 830 1819 :
869 1763 1234 1821 Misericordia
1265 1772 1354 1816 tua
1385 1762 1635 1833 impietas
1671 1771 1777 1827 est,
1806 1771 1862 1816 et
1890 1762 2087 1817 exhor-

2192 576 2367 632 cultor
2392 574 2554 630 fuerit
2582 573 2868 640 idolorum,
2890 582 3066 629 mater
3087 582 3267 628 tamen
3292 571 3492 628 Fausta
3511 572 3798 628 Christia-

2193 666 2412 723 nissima
2447 679 2661 736 semper
2684 665 2888 722 vixisse
2912 666 3173 736 probatur
3214 672 3270 720 et
3310 674 3481 721 casta.
3534 664 3675 720 Haec
3704 680 3798 719 me

2192 759 2463 830 interipsa
2486 757 2753 815 cunabula
2776 759 2905 815 iecit
2930 758 3047 813 ﬁeri
3069 757 3454 813 Christianam.
3475 756 3606 814 Post
3629 758 3799 827 cuius

2192 862 2472 905 excessum
2530 847 2781 921 sacrilegi
2823 847 3012 921 iugum
3063 848 3243 903 mariti
3290 849 3524 920 suscepi.
3586 848 3796 917 Cujus,

2193 940 2303 995 Deo
2327 940 2639 1007 miserante,
2658 940 2873 996 thorum
2898 940 3121 1018 mentita
3144 938 3457 995 inﬁrmitate
3476 940 3795 1005 declinans,

2192 1031 2281 1086 die
2306 1040 2579 1102 noctuque
2604 1031 2820 1089 Domini
2850 1030 3019 1087 nostri
3066 1028 3192 1087 Jesu
3233 1022 3436 1086 Christi
3477 1031 3797 1101 amplector

2192 1122 2438 1194 vestigia.
2497 1121 2632 1178 Cum
2676 1108 2782 1179 iste
2830 1121 3217 1193 patrimonium
3268 1135 3481 1187 meum,
3534 1137 3613 1177 ex
3684 1139 3796 1193 quo

2189 1213 2493 1270 illustratur
2523 1255 2538 1280 ,
2601 1229 2727 1270 cum
2778 1213 3014 1285 Indignis
3061 1222 3117 1268 et
3170 1211 3418 1282 turpibus
3475 1212 3795 1268 idololatris

2190 1304 2497 1369 exhauriat,
2525 1318 2615 1359 me
2642 1317 2855 1374 quoque
2882 1301 3046 1357 veluti
3081 1314 3332 1372 magnam
3361 1309 3522 1372 atque
3541 1303 3793 1357 sacrile-

2190 1410 2311 1467 gam
2342 1395 2600 1450 custodite
2623 1406 2729 1449 tam
2760 1394 3090 1466 gravissimae
3117 1394 3459 1463 mancipavit,
3506 1394 3571 1448 ut
3620 1397 3791 1448 vitam

2191 1494 2278 1539 me
2304 1484 2637 1556 corporalem
2664 1485 2913 1538 amittere
2942 1483 3205 1553 suspicer.
3249 1481 3394 1537 Nihil
3415 1483 3559 1538 enim
3593 1499 3790 1553 supcr-

2188 1584 2293 1640 est,
2352 1574 2456 1629 nisi
2495 1583 2574 1639 ut,
2610 1572 2809 1629 emisso
2856 1573 3070 1645 spiritu,
3120 1574 3508 1637 succumbam;
3572 1573 3634 1627 in
3684 1588 3789 1643 qua

2190 1680 2363 1724 morte
2390 1668 2516 1724 licet
2543 1668 2744 1740 glorier
2768 1670 2832 1722 de
2855 1666 3198 1722 confessione
3222 1666 3433 1721 Domini
3460 1667 3648 1721 nostri
3659 1665 3789 1722 Jus-

2189 1760 2412 1826 Christi,
2466 1770 2645 1816 tamen
2682 1761 2734 1815 in
2778 1774 2843 1813 eo
2883 1775 3036 1814 mens
3081 1774 3201 1814 mea
3240 1754 3403 1813 valde
3452 1761 3786 1823 conteritur,

506 1861 642 1915 tatio
668 1868 757 1913 tua
788 1856 1083 1913 crudelitas
1129 1865 1231 1910 est.
1276 1853 1344 1910 Et
1371 1869 1635 1909 conversa
1685 1854 1754 1909 ad
1786 1853 1926 1909 ﬁlios
1958 1869 2088 1908 suos
2119 1865 2161 1925 Β
2189 1851 2331 1921 quod
2378 1866 2507 1922 epes
2562 1866 2713 1917 mem,
2765 1867 2900 1921 quas
2935 1868 3033 1921 cgo
3077 1865 3142 1905 ex
3206 1865 3328 1905 asse
3360 1850 3467 1905 Deo
3495 1866 3783 1915 voveram,

499 1950 681 2008 dixit:
710 1948 921 2014 Videte,
953 1947 1068 2011 ﬁlii,
1107 1945 1326 2010 emtum,
1360 1953 1415 1999 et
1470 1960 1684 2011 sursum
1729 1945 1953 2016 aspicite
1995 1943 2087 1999 ubi

503 2055 602 2096 vos
647 2046 927 2111 exspectat
956 2036 1206 2093 Christus
1253 2051 1377 2091 cum
1431 2037 1635 2092 sanctis
1665 2037 1797 2091 suis.
1844 2036 2095 2108 Pugnate

501 2147 603 2203 pro
630 2130 913 2187 animabus
936 2128 1157 2191 vestris,
1188 2137 1244 2183 et
1272 2128 1459 2183 ﬁdeles
1476 2142 1572 2183 vos
1601 2128 1654 2183 in
1678 2143 1863 2184 amore
1879 2127 2086 2183 Christi

502 2224 777 2279 exhibete.
832 2220 1073 2276 Audiens
1120 2220 1226 2275 hoc
1254 2218 1490 2286 Publius,
1535 2218 1701 2288 jussit
1741 2234 1862 2275 eam
1907 2219 2082 2289 alapis

501 2314 655 2370 caedi.
682 2312 834 2368 Tunc
853 2326 1163 2401 convocans
1184 2310 1324 2401 ﬁlios
1343 2309 1478 2401 eius,
1496 2312 1662 2401 etrapit
1682 2326 1805 2401 cum
1826 2312 1907 2366 eis
1925 2326 2088 2401 agere

505 2413 561 2459 ut
584 2402 975 2459 sacriﬁcarent.
1001 2400 1298 2457 Januarius
1328 2399 1606 2471 respondit
1631 2418 1644 2454 :
1671 2399 1847 2455 Stulta
1866 2399 2084 2465 suades,

504 2510 629 2551 nam
644 2493 906 2565 sapientia
920 2492 1131 2548 Domini
1149 2506 1235 2548 me
1246 2500 1550 2557 conservat,
1567 2501 1621 2547 et
1632 2490 1793 2545 faciet
1807 2505 1892 2545 me
1904 2489 2087 2544 omnia

504 2593 773 2642 tormenta
820 2598 1098 2655 superare.
1132 2582 1325 2639 Statim
1356 2582 1519 2652 iudex
1556 2582 1722 2653 jussit
1769 2597 1892 2636 eum
1919 2582 2089 2652 virgis

506 2678 661 2743 medi,
683 2676 817 2733 etin
862 2689 1142 2731 carcerem
1174 2674 1365 2746 recipi.
1414 2673 1568 2730 Felix
1595 2674 1732 2729 dixit
1768 2691 1781 2726 :
1817 2672 1967 2729 Unus
2003 2681 2089 2728 est

506 2769 668 2833 Deus,
698 2780 858 2838 quem
881 2766 1131 2833 colimus,
1162 2765 1254 2821 cui
1289 2764 1615 2822 sacriﬁcium
1645 2766 1748 2835 pias
1784 2763 2086 2820 devotionis

502 2859 780 2915 oﬂ'erimus
813 2875 827 2912 :
871 2859 1013 2915 unde
1047 2866 1103 2913 tu
1132 2873 1200 2914 ne
1225 2858 1435 2923 eredas,
1466 2864 1561 2912 aut
1585 2871 1670 2912 me
1717 2864 1812 2911 aut
1850 2856 2084 2926 aliquem

507 2953 740 3007 fratrum
764 2966 1006 3008 meorum
1034 2966 1064 3005 a
1095 2949 1308 3005 Domini
1331 2948 1458 3005 Jesu
1484 2947 1688 3005 Christi
1725 2962 1911 3003 amore
1932 2962 2089 3003 rece-

505 3045 676 3111 dere;
716 3052 772 3099 ct
817 3045 861 3099 si
912 3041 1229 3098 immineant
1277 3040 1537 3107 verbera,
1584 3039 1718 3094 ﬁdes
1761 3050 1945 3094 nostra
1982 3053 2089 3094 nec

503 3138 647 3194 vinci
689 3146 869 3208 potest
916 3151 1017 3192 nec
1065 3134 1285 3191 mutari.
1338 3132 1617 3203 Philippus
1660 3130 1840 3186 dixit:
1871 3129 1965 3185 isti
2019 3130 2086 3186 de

2190 1941 2381 2013 alienis
2434 1958 2462 1995 a
2518 1942 2629 1997 Deo
2676 1951 2731 1997 et
2781 1943 3024 2013 turpibus
3076 1943 3395 1997 inserviunt.
3450 1940 3516 1996 Et
3582 1943 3786 1997 ideirco

2190 2037 2451 2109 deprecor
2485 2046 2557 2103 te,
2587 2038 2748 2093 homo
2794 2037 2912 2103 Dei,
2941 2045 2999 2091 ut
3045 2037 3311 2092 instanter
3346 2035 3643 2090 Dominum
3686 2036 3785 2091 de-

2190 2128 2448 2198 preceris,
2479 2138 2534 2183 ut
2554 2136 2666 2194 aut,
2692 2127 2759 2182 ad
2790 2127 2947 2182 ﬁdem
2967 2141 3121 2181 suam
3137 2136 3421 2181 venturum
3451 2127 3495 2179 si
3517 2126 3787 2194 praevidet

2188 2218 2458 2285 Publium,
2488 2220 2631 2275 sinat
2652 2218 2863 2284 vivere;
2910 2227 3025 2284 aut,
3054 2218 3101 2273 si
3144 2218 3403 2288 prmvidet
3431 2232 3558 2271 eum
3599 2217 3654 2270 in
3684 2218 3787 2272 hac

2191 2310 2582 2367 incredulitatis
2621 2309 2977 2382 perversitate
3021 2324 3368 2371 mansurum,
3417 2307 3619 2377 iubeat
3661 2323 3782 2362 cum

2189 2403 2319 2460 dare
2341 2404 2516 2459 locum
2544 2406 2658 2461 suis
2686 2404 3003 2461 cultoribus.
3037 2404 3225 2460 Melius
3259 2414 3344 2459 est
3365 2404 3509 2457 enim
3541 2404 3596 2458 ei
3623 2404 3783 2457 exha.

2189 2493 2300 2549 lare
2334 2497 2583 2564 spiritum
2626 2511 2786 2566 quam
2828 2495 2922 2550 Dei
2968 2494 3161 2551 Filium
3212 2494 3480 2565 denegare
3546 2504 3608 2548 et
3661 2509 3781 2547 eum

2188 2584 2505 2641 conﬁtentes
2537 2584 2821 2657 impedire.
2857 2584 3066 2640 Etenim
3110 2584 3454 2654 omnipotens
3500 2585 3665 2637 testis
3700 2592 3782 2637 est

2187 2674 2456 2743 Christus,
2483 2677 2761 2748 quoniam,
2792 2676 2836 2732 si
2866 2675 3093 2731 liberata
3124 2674 3297 2740 fuero,
3338 2685 3661 2731 sanctorum
3690 2690 3781 2729 ve—

2188 2772 2361 2843 stigiis
2382 2772 2688 2837 adhrereho,
2704 2780 2760 2827 et
2784 2785 2945 2827 curas
2958 2769 3200 2824 omnium
3224 2769 3455 2825 sollicite
3486 2771 3778 2832 exercebo,

2189 2875 2247 2920 ut
2272 2881 2562 2936 cusperam.
2596 2864 2747 2927 Vale,
2781 2850 2866 2918 vir
2904 2864 3090 2927 Dei,et
3115 2871 3384 2918 memento
3417 2862 3547 2915 mei.
3594 2881 3614 2913 ι
3647 2860 3778 2914 Cum

2190 2957 2329 3011 hanc
2355 2955 2639 3025 epistolam
2677 2955 2896 3025 legisset
2920 2953 3325 3025 Chrysogonus,
3354 2953 3613 3008 oratione
3639 2952 3778 3004 facta

2187 3062 2309 3101 eum
2358 3046 2539 3102 multis
2584 3046 2984 3101 confcssoribus
3012 3086 3026 3110 ,
3084 3046 3156 3100 ita
3221 3045 3544 3116 rescripsit:
3586 3064 3606 3094 ι
3658 3044 3781 3096 l-‘ie-

2186 3138 2389 3191 etuanti
2424 3137 2518 3192 tibi
2556 3136 2699 3191 inter
2741 3134 3007 3207 procellas
3044 3144 3099 3189 et
3129 3135 3371 3190 turbines
3416 3135 3626 3199 mundi,
3673 3133 3783 3185 cito

505 3227 705 3299 quibus
731 3226 868 3282 dicis
893 3240 994 3281 nec
1033 3224 1107 3280 dii
1154 3230 1310 3287 sum.
1364 3236 1468 3277 nec
1516 3220 1945 3289 omniPO16||lcsi
1991 3219 2087 3274 sed
2114 3235 2159 3297 C
2192 3243 2353 3299 super
2381 3227 2550 3283 undas
2592 3226 2944 3283 deambulans
2975 3226 3223 3282 Christus
3253 3226 3525 3290 adveniet,
3569 3237 3619 3281 et
3662 3228 3785 3279 dia-

512 3329 639 3377 sunt
674 3319 964 3375 simulacra
988 3332 1124 3371 vana
1145 3325 1201 3371 et
1219 3315 1416 3370 misera
1445 3323 1497 3368 et
1529 3312 1887 3376 iuseusibilia,
1912 3320 1970 3368 et
1993 3313 2085 3381 qui

504 3412 584 3467 eis
607 3406 918 3465 sacriﬁcare
956 3406 1183 3461 voluerit
1229 3405 1284 3460 in
1329 3411 1588 3458 aeternum
1624 3402 1838 3472 peribit.
1892 3400 2084 3474 Sylva-

506 3517 610 3556 nus
655 3500 839 3555 dixit:
881 3496 1013 3563 Nos,
1053 3496 1098 3552 si
1132 3493 1503 3550 transitorium
1534 3492 1872 3548 timuerimus
1915 3491 2087 3547 inter-

505 3594 640 3647 itum
661 3632 677 3657 ,
708 3598 968 3645 aeternum
1004 3588 1344 3643 incurremus
1369 3584 1723 3657 supplicium;
1747 3592 1803 3639 et
1829 3584 2085 3654 quoniam

504 3697 634 3737 vere
682 3680 931 3735 novimus
960 3693 1081 3749 quae
1130 3675 1354 3748 prsentia
1410 3682 1536 3731 sunt
1583 3682 1772 3745 parata
1805 3671 1989 3742 iustis,
2032 3681 2089 3727 et

506 3790 627 3845 qua:
651 3787 809 3845 pmna
838 3772 910 3828 sit
953 3771 1248 3828 constituta
1284 3768 1682 3839 peccatoribus,
1721 3766 1927 3822 idcirco
1975 3764 2085 3820 Ro-

505 3880 697 3922 manas
739 3865 885 3935 leges
928 3862 1347 3923 contemnimus,
1385 3867 1445 3913 ut
1469 3857 1624 3925 iussa
1673 3858 1855 3912 divina
1899 3871 2084 3913 serve-

506 3971 649 4011 mus.
676 3954 985 4010 Alexander
1018 3952 1153 4007 dixit
1187 3968 1199 4003 :
1227 3949 1341 4018 Ego
1366 3962 1556 4003 servus
1574 3946 1781 4003 Christi
1811 3964 1965 4014 sum;
1992 3964 2087 4004 ore

505 4048 770 4102 conﬁteor
819 4043 991 4106 illum,
1036 4041 1204 4096 corde
1251 4038 1449 4105 teneo,
1505 4037 1842 4095 incessanter
1895 4041 2082 4096 adoro.

505 4134 727 4192 lnﬁrma
754 4140 888 4189 tetas
912 4145 1075 4202 quam
1103 4126 1274 4193 vides,
1305 4132 1497 4182 canam
1527 4126 1690 4183 habet
1721 4128 2083 4198 prudentiam.

507 4225 700 4281 Vitatis
727 4224 863 4280 dixit
896 4243 910 4277 :
947 4221 1136 4277 Melius
1175 4219 1309 4274 vivit
1349 4218 1442 4289 qui
1485 4234 1672 4275 verum
1724 4220 1892 4275 Deum
1936 4221 2084 4286 colit,

504 4333 669 4389 quam
696 4315 786 4387 qui
813 4313 1077 4370 daemonia
1113 4319 1266 4381 optat
1288 4310 1487 4365 habere
1539 4309 1795 4380 propitia.
1829 4310 2087 4368 Martialis

504 4413 641 4470 dixit
693 4429 705 4466 :
764 4409 965 4466 Omnes
1009 4407 1100 4478 qui
1154 4420 1261 4461 non
1316 4402 1642 4459 conﬁtentur
1688 4418 1874 4459 verum
1917 4404 2086 4460 Deum

504 4517 625 4558 esse
673 4502 726 4556 iu
774 4509 1037 4556 :eternum
1108 4494 1417 4551 incendium
1471 4502 1651 4550 erunt.
1711 4492 1882 4549 Judex
1935 4505 2084 4567 gesta

504 4595 689 4650 omnia
729 4591 945 4661 scriptis
987 4589 1262 4645 Antonino
1311 4585 1563 4642 innotuit.
1612 4583 1760 4652 Quos
1811 4585 1899 4641 ille
1922 4586 2083 4657 jussit
2115 4590 2305 4652 Dﬁam
2361 4591 2626 4649 dicentem

502 4684 734 4741 diversis
788 4680 1067 4755 suppliciis
1107 4678 1349 4744 interire,
1392 4686 1569 4735 matre
1619 4678 1914 4735 novissime
1958 4696 2087 4735 con-

498 4783 792 4833 summata.
1100 4768 1103 4771 “

858 4864 922 4919 F.
966 4861 1074 4917 VIII
1118 4860 1275 4917 KAL.
1318 4859 1723 4917 DECEMBRIS.

1154 4952 1245 5025 (st
1273 4952 1433 5024 Nov.)

573 5065 598 5094 α
638 5051 847 5115 Romae,
876 5057 1056 5104 nata.e
1081 5045 1139 5101 S.
1165 5044 1499 5117 Chrysogoni
1548 5046 1819 5118 martyris,
1864 5044 1954 5117 qui
1990 5061 2086 5118 per

499 5143 779 5202 biennium
802 5140 960 5211 jussu
990 5135 1310 5192 Diocletiani
1334 5134 1612 5206 coniectus
1638 5144 1723 5191 est
1759 5136 1813 5192 in
1847 5137 2079 5205 vincula,

497 5238 590 5294 ubi
617 5234 785 5292 multa
818 5245 1124 5305 perpessus,
1181 5227 1237 5284 S.
1270 5227 1570 5284 Anastasiaa
1617 5228 1886 5287 alimoniis
1932 5227 2084 5285 fove-

498 5330 677 5387 batur.
712 5326 848 5383 Cum
900 5323 1064 5394 igitur
1109 5314 1323 5376 beatam
1376 5318 1720 5375 Anastasiam
1769 5318 1953 5376 zelans
2002 5320 2087 5375 vir

499 5417 617 5489 eius
640 5416 884 5479 Publius,
926 5410 1239 5469 custodibus
1281 5408 1558 5473 adhibitis,
1589 5410 1662 5464 ita
1691 5408 1994 5475 clausisset,
2024 5421 2083 5465 ut

498 5524 602 5567 nec
647 5507 1017 5577 cuiuscunque
1062 5500 1357 5557 fenestellze
1405 5500 1608 5555 aditum
1639 5510 1960 5571 aspectaret,
2012 5502 2081 5556 ad

498 5597 647 5653 hunc
677 5596 1042 5653 confessorem
1069 5592 1503 5664 Chrysogonum,
1533 5591 1623 5660 qui
1650 5605 1771 5646 eam
1798 5592 1849 5645 in
1866 5591 2083 5648 Christo

501 5690 795 5755 eradicrat,
826 5687 952 5743 talia
982 5685 1183 5756 scripta
1210 5681 1394 5751 dirigit
1424 5700 1437 5736 :
1474 5701 1492 5735 ι
1533 5682 1735 5739 Sancto
1786 5682 2082 5742 confessori

2191 3316 2296 3371 holi
2325 3318 2609 3372 adversum
2638 3325 2689 3371 te
2714 3312 2933 3371 ﬂantem
2961 3315 3209 3386 spiritum
3246 3331 3354 3370 uno
3381 3314 3637 3384 iussionis
3658 3331 3781 3369 sum

2189 3416 2439 3463 sermone
2487 3415 2811 3477 compescet.
2856 3405 3165 3470 Patienter,
3215 3416 3269 3460 et
3312 3408 3468 3476 quasi
3510 3407 3568 3459 in
3602 3405 3784 3459 medio

2190 3496 2326 3552 mari
2358 3496 2552 3569 posita,
2587 3499 2744 3552 crede
2774 3500 2840 3553 ad
2870 3508 2919 3551 te
2945 3497 3221 3553 Christum
3245 3513 3369 3554 esse
3388 3507 3711 3555 venturum.
3730 3507 3784 3550 et

2189 3588 2256 3642 ad
2286 3587 2625 3658 temetipsam
2674 3602 2967 3650 conversa,
3021 3588 3263 3642 exclama
3313 3603 3441 3643 cum
3488 3588 3779 3657 propheta.

2190 3677 2376 3733 dicens
2406 3695 2418 3731 :
2452 3676 2628 3743 Quen
2657 3678 2825 3732 tristis
2852 3695 2905 3733 es
2930 3680 3108 3731 anima
3140 3695 3276 3743 mea,
3299 3687 3346 3732 et
3372 3693 3547 3747 quare
3573 3687 3784 3731 contur-

2191 3767 2281 3821 bas
2311 3768 2431 3822 me.’
2456 3767 2625 3838 Spera
2646 3768 2700 3821 in
2722 3766 2850 3832 Deo,
2879 3770 3128 3839 quoniam
3152 3769 3327 3823 adhuc
3352 3769 3653 3838 conﬁtebor
3674 3770 3781 3822 illi:

2189 3858 2423 3913 salutare
2449 3859 2621 3915 rullus
2650 3861 2835 3927 mei,et
2856 3860 2997 3915 Deus
3022 3878 3166 3917 meus
3192 3861 3309 3925 (Ps.
3336 3870 3471 3934 xu).
3491 3861 3784 3918 Gentium

2191 3949 2354 4005 divini
2372 3950 2611 4006 muneris
2636 3952 2894 4022 probatur
2918 3952 3199 4020 indicium,
3222 3966 3345 4008 cum
3373 3950 3470 4007 tibi
3488 3964 3548 4008 et
3567 3962 3783 4009 terrena

2189 4041 2503 4107 reddentur,
2529 4051 2584 4097 et
2608 4042 2951 4099 don-abutitur
2978 4043 3239 4100 coelestia.
3276 4044 3419 4100 Deus
3444 4046 3596 4099 enim
3625 4045 3788 4101 licue-

2189 4130 2369 4187 ﬁcium
2384 4149 2539 4188 suum
2568 4134 2635 4189 ad
2665 4134 2767 4190 hoc
2789 4136 3223 4192 extremitatibus
3251 4136 3543 4207 protrahit,
3586 4146 3651 4190 ut
3689 4152 3788 4191 non

2189 4225 2257 4279 sit
2280 4226 2433 4282 nobis
2462 4221 2566 4282 vile
2591 4229 2731 4298 quod
2754 4237 2994 4299 praestat.
3029 4229 3163 4286 Vide
3196 4242 3262 4284 ne
3287 4230 3523 4286 turbcris
3568 4229 3637 4284 in
3694 4233 3788 4285 hoc

2189 4318 2332 4388 quod
2359 4318 2446 4389 pie
2479 4319 2675 4375 viventi
2720 4322 2813 4374 tihi
2844 4311 3146 4376 inferantur
3187 4322 3431 4378 adversa.
3468 4320 3590 4375 Non
3647 4324 3787 4377 enim

2189 4407 2473 4478 deciperis,
2502 4410 2597 4465 sed
2626 4411 2889 4481 probaris.
2922 4410 3037 4467 Non
3067 4421 3151 4468 est
3176 4420 3288 4467 tuta
3327 4412 3573 4468 defensio
3629 4430 3789 4482 quam

2188 4514 2286 4569 per
2314 4500 2585 4556 hominem
2617 4514 2777 4571 putas
2807 4519 2965 4574 posse
3016 4513 3285 4560 constare.
3335 4504 3474 4558 Audi
3527 4504 3791 4577 Scriptu-

2677 4614 2689 4649 :
2740 4594 3051 4650 Maledictus
3107 4597 3254 4650 homo
3295 4598 3384 4666 qui
3427 4613 3573 4667 spem
3640 4616 3789 4651 suum

2188 4680 2330 4752 ponit
2357 4684 2410 4737 in
2436 4684 2673 4750 homine;
2701 4696 2746 4740 ct
2780 4686 3078 4741 benedictus
3123 4688 3274 4741 homo
3323 4690 3408 4757 qui
3440 4703 3587 4758 spem
3635 4706 3785 4742 suam

2186 4774 2331 4842 ponit
2383 4774 2437 4829 in
2482 4774 2589 4829 Deo
2641 4775 2773 4847 (λεν.
2806 4777 2960 4847 xvu).
3008 4776 3154 4833 Cave
3188 4776 3421 4842 fortiter,
3463 4779 3787 4848 vigilanter,

2188 4875 2409 4923 strenue
2433 4868 2680 4923 universa
2706 4881 2951 4939 peccata,
2992 4878 3046 4925 et
3074 4885 3106 4925 a
3140 4871 3251 4925 Deo
3280 4870 3395 4926 solo
3426 4886 3623 4941 quacro
3651 4873 3790 4925 sola-

2189 4957 2344 5023 tium,
2368 4956 2688 5029 cuiusiussa
2722 4976 3031 5016 conservas.
3075 4961 3195 5016 Cito
3221 4962 3364 5016 cnim
3409 4962 3477 5016 ad
3504 4971 3558 5016 te
3614 4964 3790 5033 placi-

2193 5049 2319 5104 dum
2348 5058 2562 5121 tempus
2589 5063 2955 5119 convertetur,
2986 5062 3042 5109 et
3074 5053 3226 5125 quasi
3254 5062 3375 5124 post
3426 5055 3608 5109 noctis
3642 5066 3792 5110 teac-

2192 5141 2320 5195 bras
2347 5138 2595 5196 ﬂoridum
2620 5143 2734 5198 dies
2775 5143 2956 5198 lumen
2987 5145 3249 5215 aspicies;
3292 5154 3455 5215 atque
3501 5156 3636 5215 post
3675 5148 3787 5217 gla-

2193 5232 2328 5286 ciale
2351 5231 2521 5305 frigus
2546 5234 2754 5306 hyemis
2776 5237 3124 5305 transeuntis,
3148 5251 3309 5292 aurea
3335 5236 3429 5291 tibi
3454 5246 3714 5307 tempora
3740 5248 3793 5291 et

2193 5336 2385 5379 serena
2420 5324 2731 5392 succedent,
2759 5335 2820 5380 ut
2842 5327 3114 5394 omnibus,
3138 5328 3227 5398 qui
3255 5344 3353 5397 pro
3367 5327 3567 5384 Christi
3594 5345 3791 5383 amore

2188 5410 2516 5483 afﬂiguntur,
2540 5416 2783 5485 prmbeas
2809 5417 3157 5486 temporalem
3184 5417 3443 5483 laetitiam,
3489 5432 3589 5487 per
3617 5434 3791 5488 quam

2188 5507 2305 5562 sine
2334 5508 2496 5565 dubio
2519 5511 2870 5580 consequeris
2890 5518 3175 5565 :etcrnam.
3202 5510 3333 5565 Vale
3366 5512 3416 5564 in
3447 5511 3716 5572 Domino.
3739 5520 3793 5565 et

2189 5612 2286 5653 ora
2341 5614 2438 5669 pro
2487 5616 2587 5654 ne.
2634 5621 2651 5654 ι
2711 5600 2861 5657 lianc
2893 5602 3174 5672 epistolam
3228 5600 3411 5673 legens
3459 5599 3791 5665 Anastasia,

2191 5688 2445 5747 fortiores
2492 5692 2613 5748 fidei
2644 5693 2787 5751 vires
2829 5695 3059 5766 accepit,
3098 5704 3306 5750 tantum
3343 5694 3410 5749 de
3436 5693 3651 5748 virtute
3696 5709 3797 5765 pa-

575 5814 615 5844 ι
639 5803 715 5858 De
744 5802 845 5858 hoc
872 5802 924 5857 in
948 5800 1117 5872 gestis
1141 5794 1441 5854 Anastasia:
1470 5805 1655 5863 mart.,
1682 5796 1755 5852 26
1785 5795 1936 5864 Dec.,
1968 5797 2267 5856 Anastasia:
2290 5801 2447 5871 epist.
