3936 6348
136 345 251 405 401

823 334 1014 392 MART
1026 314 2331 394 r1r6LUcTi1ﬁ’ﬂi‘Kb’6iTKM’sm‘its‘T—T
2334 312 2553 383 usus?
2584 323 2718 382 nov
2731 311 2762 380 .‘

3294 318 3425 391 ltus

144 460 361 520 tientia:
382 452 607 530 gioriari
625 450 913 527 incipiens.
941 459 1204 523 quantum
1240 451 1393 524 prius
1420 449 1485 507 de
1510 462 1733 520 oppres-
1761 450 1805 508 A
1838 446 1932 502 Dei
1960 444 2214 502 nobiliter
2243 442 2538 507 insisteret,
2571 439 2814 530 satisque
2841 435 3128 530 vigilanter
3155 451 3423 530 ergaom-

151 556 314 609 sione
334 543 700 607 infidelissimi
726 543 828 598 viri
861 557 921 599 se
960 542 1289 604 causabatur
1342 537 1529 612 allligi.
1571 538 1740 610 Igitur

151 646 319 701 beata
344 637 655 704 Anastasia,
692 632 847 709 cum
875 635 951 691 ita
984 635 1037 689 in
1066 633 1313 717 custodia
1359 632 1736 703 stringeretur,

154 745 225 792 ut
246 735 335 790 vix
359 733 410 787 ei
436 746 579 802 aqua
606 729 851 793 daretur,
880 726 1157 799 aestimans
1180 740 1239 797 se
1280 725 1336 780 in
1367 725 1484 794 ipsa
1515 720 1739 793 tribula-

158 828 310 882 tione
351 822 605 887 deiicere,
633 818 852 887 scripsit
898 815 1182 889 epistolam
1214 833 1227 870 :
1262 832 1297 867 (ι
1318 814 1486 870 Beato
1516 812 1741 884 martyri

154 925 217 971 et
243 910 538 969 confessori
584 907 799 965 Christi.
827 907 1200 978 Chrysogono,
1236 904 1543 960 Anastasia.
1592 902 1744 958 Finis

155 1006 313 1063 venit
336 1001 609 1074 corporis;
639 988 912 1055 memento
939 996 1078 1064 mei,
1110 1004 1170 1051 ut
1215 995 1583 1066 egredientem
1632 993 1743 1048 ani-

153 1111 307 1152 mam
331 1107 504 1148 meam
527 1090 641 1160 ipse
681 1086 941 1157 suscipiat
975 1101 1074 1158 pro
1108 1086 1261 1156 cujus
1288 1098 1474 1139 amore
1497 1083 1599 1139 ista
1623 1098 1746 1138 sus—

153 1187 332 1248 tineo,
364 1197 482 1251 qua:
515 1194 580 1234 ex
621 1193 718 1233 ore
758 1179 915 1246 hujus
941 1175 1131 1232 vetulae
1156 1173 1555 1246 recognoveris.
1592 1194 1611 1226 ι
1663 1173 1743 1228 Ad

158 1280 283 1336 lucc
336 1280 558 1333 sanctus
606 1270 988 1343 Chrysogonus
1043 1267 1168 1323 talia
1212 1266 1424 1331 remisit
1475 1265 1740 1337 scripta:

165 1385 189 1418 ι
238 1346 628 1439 Chrysogonus.
665 1359 984 1423 Anastasiie.
1039 1357 1272 1431 Semper.
1316 1365 1401 1417 est
1452 1365 1511 1412 ut
1564 1356 1746 1413 lumen

162 1454 407 1515 tenebrze
445 1451 784 1509 antecedant.
835 1448 928 1509 Sic
981 1450 1148 1509 etiam
1194 1455 1315 1519 post
1375 1448 1747 1503 inﬁrmitatem

160 1544 322 1602 salus
349 1541 658 1607 revertitur,
689 1548 745 1598 et
788 1540 898 1595 vita
943 1548 1065 1610 post
1111 1546 1341 1594 mortem
1391 1539 1744 1609 promittitur.

164 1635 291 1691 Uno
326 1634 431 1691 [ine
466 1630 860 1687 concluduntur
902 1639 958 1686 et
983 1630 1211 1685 adversa
1242 1628 1400 1698 hujus
1453 1630 1660 1694 mundi,
1695 1637 1749 1693 et

162 1740 450 1798 prospera,
474 1740 542 1781 ne
579 1723 659 1779 vel
693 1722 935 1779 tristibus
960 1722 1285 1792 desperatio,
1317 1720 1399 1775 vel
1432 1720 1566 1776 laetis
1589 1721 1750 1785 elatio

1844 549 1967 593 item
1993 531 2281 594 sacerdotii
2309 545 2495 587 curam
2542 528 2733 585 diebus
2780 526 3003 582 sudaret
3034 540 3098 580 ac
3153 526 3424 591 noctibus,

1844 641 1986 680 nono
2013 622 2400 694 persecutionis
2429 636 2595 685 anno,
2617 619 2961 689 episcopatus
2990 631 3121 691 vero
3164 617 3247 671 sui
3283 617 3421 671 duo-

1845 714 2095 780 decimo,
2153 712 2396 784 martyrii
2449 725 2707 767 coronam
2768 707 2960 779 capitis
3009 706 3425 778 obtruncatione

1843 806 2163 879 promeruit.
2220 805 2303 860 Ad
2369 806 2513 862 hunc
2563 819 2798 874 namque
2862 803 3426 873 comprehendendum

1845 900 2170 958 Maximinus
2216 880 2478 971 tyrannus
2539 896 2815 953 tribunum
2862 895 3151 966 quemdam
3205 895 3427 951 direxit.

1845 991 1949 1061 Qui
1971 992 2250 1063 ingressus
2274 988 2681 1054 Alexandriam,
2709 987 2910 1059 reperit
2941 1001 3065 1042 eum
3091 1001 3214 1042 cum
3245 986 3429 1043 multi-

1849 1082 2032 1140 tudine
2058 1080 2264 1158 populi,
2294 1087 2604 1136 sanctorum
2631 1078 2998 1149 apostolorum
3029 1092 3429 1133 commemora-

1849 1179 2048 1245 tionem
2075 1173 2472 1239 celebrantem;
2502 1186 2665 1243 quem
2711 1170 3180 1241 comprehensum,
3235 1177 3292 1223 et
3320 1169 3435 1225 viu-

1849 1270 1987 1326 culis
2029 1265 2524 1340 alligatumposuit
2548 1264 2604 1339 in
2632 1264 2875 1337 custodia
2921 1261 3177 1319 carceris.
3216 1262 3282 1317 Et
3313 1271 3436 1334 post

1848 1361 1964 1417 dies
1990 1357 2196 1429 aliquot
2223 1354 2546 1413 Maximinus
2598 1360 2862 1426 tyrannus
2911 1351 3106 1408 litteris
3151 1352 3438 1407 admonuit

1852 1448 2149 1515 tribunum,
2183 1455 2245 1503 ut
2288 1462 2451 1520 quam
2491 1445 2749 1503 celerius-
2773 1436 2898 1503 eum
2947 1447 3185 1516 puniret.
3221 1444 3431 1501 Interea

1851 1542 1979 1597 dum
2022 1540 2077 1596 in
2105 1551 2328 1599 carcere
2372 1546 2707 1603 servaretur,
2756 1545 2813 1592 et
2865 1536 3152 1593 universus
3205 1535 3437 1608 populus

1838 1631 2004 1691 urbis
2030 1629 2429 1702 Alexandrim,,
2455 1629 2600 1686 fores
2635 1627 2874 1691 careeris
2902 1627 3220 1693 observaret
3249 1642 3435 1682 amore

1855 1723 2087 1795 pastoris
2114 1723 2218 1789 sui,
2245 1722 2408 1783 Arius
2440 1720 2647 1787 infelix,
2664 1721 2759 1791 qui
2779 1721 2996 1778 abeato
3030 1720 3193 1776 Petro
3219 1734 3439 1775 excom-

166 1818 494 1873 dominetur.
524 1815 703 1870 Unum
733 1829 882 1869 mare
903 1822 1008 1880 est,
1033 1814 1088 1868 in
1117 1828 1225 1884 quo
1256 1812 1517 1870 navicula:
1556 1828 1750 1883 corpo—
1782 1802 2174 1872 Bmunicatus.
2189 1820 2247 1867 et
2271 1811 2605 1883 degradatus
2622 1820 2846 1882 propter
2870 1811 3068 1883 dogma
3100 1811 3308 1867 erroris
3339 1811 3432 1866 ha-

168 1911 250 1966 ris
273 1907 442 1964 nostri
464 1905 760 1986 velificant,
785 1914 841 1961 et
859 1906 959 1961 sub
989 1920 1097 1961 uno
1121 1904 1365 1975 corporis
1389 1904 1752 1976 gubernatore

168 2003 365 2077 anima;
396 2008 596 2071 nostra:
623 1998 841 2053 nautico
860 1996 1160 2069 funguntur
1180 1996 1751 2077 oﬂicio.Quorum.lam

170 2094 340 2167 igitur
352 2074 547 2158 naves,
580 2088 891 2146 fortissimis
908 2089 1218 2145 carinarum
1243 2074 1471 2153 nexibus
1485 2088 1754 2155 solidatas,

172 2184 451 2240 tenebrosi
477 2182 713 2254 aequoris
755 2181 1055 2241 concitatos
1095 2180 1289 2238 fluctus
1326 2181 1506 2245 illiesaa
1534 2190 1758 2252 praeter-

170 2283 325 2333 euut.
374 2274 739 2342 Quorumdam
777 2286 906 2331 vero
955 2272 1134 2344 fragili
1173 2272 1435 2342 iunctura
1493 2271 1757 2343 lignorum

150 2369 338 2424 -.etiam
360 2365 415 2425 in
436 2365 726 2437 tranquillo
740 2365 982 2437 ricinum
1007 2365 1167 2425 morti
1187 2365 1483 2427 conﬁciunt
1511 2380 1753 2420 cursum.

153 2458 357 2528 .Pmpe
371 2469 468 2520 est,
481 2457 621 2525 enim
652 2466 712 2512 ut
734 2466 959 2527 pereant
986 2458 1081 2529 qui
1118 2473 1223 2514 non
1255 2459 1502 2528 cogitant
1525 2458 1759 2528 qualiter

181 2552 256 2607 ad
284 2552 469 2607 salutis
511 2559 745 2621 portum.
770 2551 1096 2622 pertingant.
1148 2549 1226 2605 Tu
1268 2559 1472 2616 autem,
1499 2566 1533 2605 o
1559 2548 1761 2605 Christi

185 2645 679 2715 irreprebensibilis
700 2643 935 2711 famula,
982 2643 1163 2700 crucis
1212 2642 1414 2698 Christi
1461 2642 1650 2713 tropmi
1704 2642 1758 2697 in

185 2744 300 2793 tota
327 2743 508 2792 mente
524 2749 823 2806 consurge,
855 2744 911 2790 et
956 2734 1184 2805 teipsam
1235 2735 1303 2787 ad
1343 2748 1479 2802 opus
1502 2732 1595 2787 Dei
1626 2748 1760 2803 prse—

179 2843 336 2898 para.
358 2828 415 2883 In
432 2843 542 2897 quo
561 2828 679 2898 ejus
702 2827 986 2883 desideriis
1013 2826 1138 2881 dum
1166 2826 1436 2895 parueris,
1459 2842 1583 2882 eum
1602 2842 1766 2887 mar-

181 2920 309 2990 tyrii
343 2919 517 2990 palma
543 2920 609 2973 ad
635 2918 911 2975 Christum
955 2918 1248 2988 pertinges.
1295 2938 1313 2970 ι
1351 2916 1519 2988 Igitur
1550 2918 1760 2973 Diocle-

162 3010 367 3079 tianus
414 3010 471 3063 in
517 3008 777 3079 Aquileiae
829 3009 1072 3079 partibus
1125 3009 1330 3077 positus
1358 3048 1372 3074 ,
1430 3008 1766 3064 interficiens

166 3101 550 3171 Christianos,
594 3102 755 3172 jussit
804 3101 907 3157 sibi
964 3101 1154 3157 adduci
1187 3100 1615 3173 Chrysogonum.
1664 3101 1763 3157 Cui

1857 1904 2350 1975 bebaturpcognita
2371 1904 2642 1960 sententia
2673 1902 2952 1958 Maximini
3004 1904 3266 1959 adversus
3307 1902 3442 1959 bea-

1859 2004 1973 2054 tum
2012 1994 2256 2060 Petrum,
2290 1992 2492 2056 festiue
2519 1993 2769 2063 pervenit
2817 1993 2886 2048 ad
2926 1992 3242 2060 ecclesiam,
3283 1994 3447 2051 obse-

1858 2100 2021 2143 erans
2036 2094 2104 2153 ut
2140 2100 2239 2157 pro
2275 2099 2343 2142 eo
2370 2084 2549 2141 clerus
2576 2092 2634 2140 et
2658 2070 2888 2156 populus
2933 2085 3077 2155 apud
3131 2084 3445 2155 episcopum

1858 2166 2246 2243 intercederet,
2272 2184 2470 2246 putans
2496 2174 2641 2247 quod
2683 2183 2808 2246 post
2828 2168 3127 2232 discessum
3157 2174 3276 2245 ejus
3326 2174 3442 2246 ipse

1859 2268 2131 2324 levaretur
2158 2266 2461 2338 episcopus.
2490 2264 2785 2324 Venientes
2810 2266 2973 2338 igitur
3006 2267 3099 2338 qui
3132 2266 3303 2338 rogati
3329 2263 3444 2321 fue~

1864 2364 2007 2423 rant,
2038 2362 2319 2427 coeperunt
2354 2370 2456 2428 pro
2491 2354 2623 2413 Ario
2662 2357 2879 2413 beatum
2906 2356 3217 2428 episcopqu
3245 2355 3448 2427 suppli-

1861 2466 2010 2508 care.
2042 2450 2249 2519 Quibus
2275 2460 2497 2508 sanctus
2531 2452 2818 2524 episcopus
2847 2466 3042 2523 magno
3085 2451 3321 2522 suspirio
3363 2465 3450 2506 re-

1865 2545 2081 2618 spondit
2123 2544 2268 2618 quod
2299 2543 2414 2615 jam
2452 2544 2639 2611 Arius,
2678 2545 2790 2600 Deo
2814 2552 3082 2608 mortuus,
3124 2558 3155 2598 a
3185 2543 3323 2598 facie
3354 2541 3452 2598 Dei

1864 2637 2137 2708 projectus
2165 2643 2332 2700 esset,
2371 2634 2500 2704 quia
2545 2634 2784 2706 graviter
2813 2634 2868 2689 in
2911 2631 3205 2688 essentiam
3230 2629 3452 2688 deitatis

1864 2726 2317 2798 blasphemasset,
2371 2725 2738 2795 dogmatiz‘ans
2797 2723 3014 2799 Patrem
3054 2731 3112 2778 et
3151 2721 3349 2778 Filium
3393 2734 3449 2778 et

1867 2819 2130 2891 Spiritum
2153 2826 2399 2879 sanctum
2430 2833 2536 2874 non
2550 2832 2671 2874 esse
2686 2817 2845 2873 unius
2863 2816 3116 2873 essentia:
3140 2822 3195 2870 et
3222 2822 3449 2871 naturae.

1870 2914 1937 2969 Et
1987 2912 2400 2984 apprehendens
2460 2912 2596 2967 duos
2662 2911 3010 2982 presbyteros
3070 2906 3338 2964 Achillam
3397 2914 3455 2963 et

1867 3005 2237 3061 Alexandrum
2260 3004 2326 3058 de
2357 3002 2511 3058 turba
2545 3002 2908 3067 seorsum,ait
2934 3001 3042 3057 illis
3067 3008 3274 3057 secrete
3299 3017 3313 3054 :
3342 2999 3456 3069 Ego

1871 3095 2088 3165 quidem
2117 3094 2220 3154 etsi
2246 3103 2500 3163 peccator
2527 3108 2670 3159 sum,
2715 3101 2895 3151 tamen
2914 3093 3035 3155 seio
3063 3107 3151 3147 me
3174 3091 3456 3147 vocatione

184 3209 313 3251 cum
347 3194 593 3250 diceret:
624 3193 822 3264 Accipe
849 3191 1185 3264 praefecturae
1225 3192 1564 3263 dignitatem,
1615 3207 1768 3248 sume
1797 3173 1842 3234 (ἶ
1874 3186 2081 3241 caelesti
2133 3185 2198 3240 ad
2248 3185 2405 3241 hunc
2440 3184 2958 3257 agoziem.martyrii
3004 3199 3143 3241 esse.
3178 3192 3453 3243 vocatum.

182 3284 357 3340 etiam
404 3283 739 3339 consulatum
791 3283 1004 3355 generis
1057 3282 1152 3348 tui,
1207 3290 1417 3338 tantum
1459 3290 1521 3336 ut
1577 3282 1771 3343 adores

185 3375 349 3440 deos;
376 3375 569 3431 beatus
594 3371 976 3445 Chrysogonus
1009 3374 1324 3444 respondit:
1376 3373 1553 3431 Unum
1602 3374 1770 3440 Deum

184 3472 371 3520 mente
392 3463 578 3531 adem,
607 3464 772 3520 corde
812 3464 952 3530 colo,
1001 3464 1230 3521 sinceris
1260 3464 1474 3521 actibus
1503 3479 1764 3529 veneror;

185 3554 417 3625 istorum
433 3562 613 3611 autem
627 3555 851 3611 deorum
873 3564 1175 3611 vestrorum
1192 3554 1499 3621 simulacra,
1518 3555 1644 3624 quia
1657 3570 1773 3610 out-

185 3647 321 3701 niuo
351 3645 651 3702 daemonum
674 3646 837 3701 theno
864 3644 982 3717 (sic)
1006 3645 1132 3702 novi
1159 3660 1299 3709 esse,
1315 3659 1591 3708 exsecror,
1613 3653 1775 3714 atque

189 3736 414 3806 abjicio.
447 3735 596 3792 Tune
618 3735 776 3805 jussu
826 3735 1145 3793 Diocletiani
1175 3734 1368 3792 ductus
1395 3742 1480 3790 est
1508 3734 1577 3789 ad
1606 3749 1776 3804 aquas

188 3824 481 3892 Gradatas,
503 3834 559 3881 et
585 3824 784 3881 ibidem
815 3823 1125 3885 decollatus.
1159 3822 1370 3894 Corpus
1396 3821 1514 3892 ejus
1543 3823 1597 3878 in
1624 3838 1773 3877 mare

186 3917 521 3988 projectum,
552 3928 675 3988 post
701 3916 970 3977 modicum
1001 3917 1054 3973 in
1090 3915 1453 3986 pnssessione-
1481 3930 1601 3985 qua!
1624 3914 1776 3972 dici-

172 4009 383 4072 .tur,ad
412 4007 616 4073 Saltus,
667 4008 944 4065 inventum
991 4017 1095 4064 est.
1124 4008 1278 4076 Quod
1325 4006 1544 4064 sanctus
1575 4007 1775 4073 Zoilus,

190 4114 360 4154 senex
392 4098 671 4169 presbyter
717 4098 950 4170 collegit,
981 4106 1053 4153 et;
1078 4098 1132 4153 iu
1177 4097 1366 4154 locello
1419 4098 1777 4157 subterraneo

190 4188 249 4241 in
280 4186 528 4244 cubiculo
555 4203 654 4244 suo
689 4189 888 4259 posuit.
931 4189 1028 4244 Cui
1048 4190 1220 4249 etiam
1243 4198 1407 4260 caput
1433 4188 1550 4257 ejus
1577 4187 1778 4245 revela-

190 4288 311 4333 tum
338 4286 443 4345 est,
481 4279 554 4333 ita
601 4292 792 4337 recens
820 4280 1193 4349 quasieadem
1225 4281 1314 4337 die
1357 4280 1549 4336 fuisset
1573 4281 1780 4336 abscis-

190 4383 340 4432 sum,
390 4369 533 4438 quod
576 4369 791 4439 corpori
830 4368 968 4439 ejus.
995 4371 1412 4443 compaginavit.
1470 4370 1669 4427 Passus
1695 4379 1780 4427 est

191 4470 383 4519 autem
425 4459 487 4513 Β.
517 4459 899 4532 Chrysogonus
923 4478 1017 4516 vm
1050 4461 1166 4517 Kal.
1201 4462 1531 4528 Decembris,
1585 4462 1629 4519 5.
1669 4461 1779 4521 Ka-

1876 3277 2042 3335 Vobis
2074 3278 2235 3348 igitur
2260 3278 2410 3347 pium
2435 3286 2519 3334 est
2543 3277 2790 3333 confiteri
2812 3279 3128 3349 mysterium
3174 3276 3290 3342 Dei,
3316 3276 3462 3346 quod

1874 3371 2004 3424 mihi
2039 3368 2331 3424 revelatum
2347 3380 2452 3433 est,
2479 3368 2603 3438 quia
2634 3382 2729 3423 vos
2756 3375 2879 3439 post
2908 3368 3225 3440 martyrium
3253 3381 3473 3430 meum,

1876 3461 2058 3515 sedem
2085 3470 2141 3513 et
2174 3442 2545 3528 episcopatum
2592 3472 2773 3513 meum
2818 3456 3159 3513 consecuturi
3194 3457 3346 3513 estis.
3398 3456 3467 3511 Et

1879 3557 1932 3604 tu
1960 3549 2178 3618 quidem
2210 3550 2418 3618 primus
2444 3547 2684 3613 Achilla;
2731 3555 2857 3618 post
2894 3557 2946 3602 te
2970 3562 3101 3602 vero
3128 3547 3455 3603 Alexander.

1877 3641 1933 3696 In
1962 3643 2067 3696 hac
2092 3641 2226 3697 hora
2254 3639 2485 3709 denique
2531 3638 2728 3704 noctis,
2756 3646 2809 3693 ut
2843 3637 2996 3694 vobis
3037 3646 3207 3693 totum
3238 3639 3303 3693 de
3326 3638 3458 3697 Ario

1878 3732 2138 3803 aperiam,
2169 3746 2290 3786 cum
2323 3729 2551 3787 solemni
2577 3729 2966 3786 consuetudine
2995 3730 3105 3785 Deo
3133 3728 3460 3784 sacrificiqu

1877 3823 2185 3879 orationum
2246 3835 2733 3886 consummassem,
2782 3836 2911 3875 ecce
2974 3820 3153 3875 subito
3217 3820 3467 3891 apparuit

1880 3916 2013 3971 mihi
2068 3915 2122 3971 in
2176 3915 2364 3970 habitu
2414 3913 2569 3986 pueri
2618 3912 2867 3969 Christus
2907 3912 3166 3967 Dominus
3192 3927 3368 3978 meus,
3396 3914 3466 3967 ad

1879 4008 2038 4078 cujus
2062 4007 2407 4078 praesentiam
2421 4006 2706 4076 splendore
2728 4006 2895 4062 nimio
2920 4004 3462 4071 illustratus,vultum

1880 4100 2181 4170 maiestatis
2228 4100 2345 4170 ejus
2392 4116 2498 4156 non
2539 4100 2785 4157 valebam
2834 4102 3095 4171 aspicere.
3129 4100 3261 4154 Erat
3284 4107 3464 4154 autem

1884 4197 2102 4251 indutus
2145 4194 2359 4250 colohio
2409 4194 2555 4249 lineo
2601 4194 2839 4253 candido
2875 4194 3056 4259 nimis,
3115 4192 3393 4249 conscisse
3432 4207 3466 4244 a

1882 4302 2095 4343 summo
2119 4301 2287 4356 usque
2307 4286 2580 4351 deorsum,
2605 4295 2660 4342 et
2680 4286 2943 4341 ambabus
2969 4283 3218 4340 manibus
3238 4283 3462 4353 conjun—

1882 4377 2186 4449 gebateum
2221 4376 2366 4430 circa
2399 4383 2593 4445 pectus
2635 4391 2814 4442 suum,
2845 4373 3239 4446 quodammodo
3269 4387 3463 4443 coope-

1883 4470 2031 4525 riens
2056 4468 2359 4524 nuditatem
2406 4484 2580 4524 suam.
2612 4468 2783 4536 Quem
2813 4477 2873 4523 ut
2904 4468 3038 4533 vidi,
3064 4467 3256 4522 timore
3297 4456 3466 4521 nimio

196 4550 344 4606 tend.
372 4551 612 4621 ejusdem
642 4554 845 4609 mensis
872 4554 1138 4612 conditus.
1168 4552 1400 4610 Sanetus
1436 4568 1568 4609 vero
1592 4554 1775 4611 Zoilus
1806 4552 1852 4612 ι)
1879 4569 2183 4630 correptus,
2225 4561 2443 4616 tandem
2483 4558 2839 4626 confortatus,
2892 4560 2979 4614 aio
3015 4559 3079 4613 ad
3109 4574 3235 4614 eum
3267 4577 3282 4614 :
3325 4558 3465 4628 Quid

197 4643 480 4700 tricesimo
504 4645 591 4700 die
618 4645 887 4715 passionis
919 4646 1055 4716 ejus,
1085 4655 1380 4717 apparente
1405 4646 1506 4703 sibi
1532 4647 1591 4703 S.
1610 4645 1778 4719 Chry-

195 4747 428 4805 sogono,
449 4736 689 4806 perrexit
714 4736 781 4791 ad
810 4737 1116 4793 Dominum.

581 4868 645 4925 ϐ.
680 4869 769 4925 VII
806 4870 961 4926 KAL.
992 4870 1377 4931 DECEMBRIS

834 4982 938 5054 (25
970 4980 1146 5054 Nov.)

274 5108 302 5136 ι
342 5094 528 5151 Natale
577 5094 751 5152 sancti
793 5094 940 5151 Petri
970 5095 1317 5153 Alexandrini
1363 5097 1621 5166 episcopi.
1683 5095 1782 5151 llic

195 5187 487 5243 duodecim
521 5202 688 5247 annos
744 5188 799 5242 in
841 5188 1152 5258 episcopatu
1192 5187 1334 5244 illius
1361 5188 1540 5243 verbis
1569 5187 1779 5258 exigit:

195 5293 435 5347 quorum
462 5287 576 5339 tres
601 5285 726 5333 ante
750 5278 1204 5347 persecutionem,
1246 5278 1484 5348 reliquos
1512 5294 1643 5332 vero
1684 5293 1781 5332 no-

201 5382 326 5420 rem
354 5367 457 5421 sub
484 5367 714 5423 diversis
739 5366 1097 5422 tentationum
1124 5367 1414 5438 generibus
1433 5366 1605 5421 duxit.
1628 5367 1784 5423 Cum-

196 5470 312 5525 que
338 5469 398 5511 se
417 5470 650 5525 semper,
668 5456 719 5510 in
741 5454 888 5510 omni
910 5469 1081 5526 agone
1097 5456 1530 5525 persecutionum
1558 5456 1779 5527 positus,

200 5547 532 5603 arctioribus
576 5546 803 5604 vinculis
834 5546 1179 5604 continentiae
1227 5547 1593 5623 distringeret,
1622 5558 1677 5602 ct
1717 5548 1783 5603 ad

203 5638 495 5693 utilitatem
547 5647 709 5709 atque
755 5638 1161 5696 instructionem
1212 5638 1467 5695 Ecclesia:
1514 5639 1568 5693 in
1620 5639 1783 5695 verbo

278 5760 304 5789 α
346 5750 538 5805 Euseb.
562 5752 596 5803 l.
632 5768 726 5819 vti,
750 5768 796 5807 c.
824 5752 920 5807 ult.
948 5760 1001 5807 et
1026 5752 1116 5806 lib.
1151 5769 1227 5820 ix,
1257 5767 1375 5821 cap.
1407 5751 1459 5818 Pi,
1492 5751 1629 5806 Rufi.
1659 5750 1706 5806 ti.

270 5839 309 5856 δ

1879 4658 1985 4717 est,
2015 4650 2261 4716 Domine,
2287 4652 2429 4720 quod
2459 4652 2615 4707 video
2666 4651 2901 4715 tunicam
2950 4659 3116 4706 tuam-
3155 4651 3380 4706 scissam
3435 4667 3466 4704 a

1884 4754 2096 4794 summo
2119 4754 2289 4809 usque
2313 4740 2601 4795 deorsum?
2621 4739 2723 4807 Qui
2753 4741 3104 4811 respondens,
3135 4740 3274 4795 dixit
3295 4739 3423 4794 mihi
3448 4757 3459 4792 :

1885 4832 2136 4902 Quotidie
2163 4833 2291 4888 inde
2319 4841 2545 4899 tractas,
2571 4842 2626 4889 et
2653 4834 2830 4889 nescis
2861 4833 3132 4904 quomodo
3154 4832 3323 4889 scissa
3349 4832 3467 4888 est?

1880 4923 2046 4979 Arius
2072 4939 2305 4994 namque
2328 4923 2433 4980 hoc
2462 4923 2607 4991 fecit,
2634 4924 2728 4995 qui
2753 4925 3025 4995 separavit
3044 4940 3073 4979 a
3091 4939 3189 4981 me
3206 4923 3463 4996 populum

1886 5013 2218 5071 haereditatis
2242 5029 2393 5079 mete,
2427 5023 2797 5085 comparatum
2829 5017 3092 5087 sanguine
3136 5031 3277 5071 meo.
3328 5014 3468 5069 Prie-

1881 5106 2028 5177 cipio
2079 5120 2220 5161 nunc
2269 5113 2326 5161 et
2375 5121 2569 5161 moneo
2615 5120 2699 5162 ne
2730 5106 2960 5176 recipias
2985 5121 3111 5161 eum
3142 5105 3471 5159 incommu~

1885 5198 2123 5264 nionem,
2159 5212 2259 5253 nec
2285 5196 2597 5268 rogantibus
2634 5197 2719 5252 his
2750 5197 2843 5267 qui
2873 5196 3081 5251 venturi
3110 5202 3236 5250 sunt
3264 5194 3332 5248 ad
3383 5203 3459 5256 te,

1885 5304 2022 5358 quos
2044 5289 2133 5343 ille
2161 5287 2379 5354 direxit,
2407 5276 2622 5342 veniam
2666 5287 2715 5342 ei
2760 5293 3002 5357 praestes.
3053 5283 3178 5341 Haec
3211 5299 3332 5353 quae
3372 5283 3467 5338 tibi

1891 5377 2481 5440 manifestaviduobus
2521 5376 2854 5448 presbyteris
2889 5383 3015 5430 nota
3056 5374 3242 5439 facias,
3277 5381 3336 5427 ut
3363 5373 3465 5442 ipsi

1890 5479 2014 5539 post
2044 5479 2118 5536 te,
2169 5486 2292 5526 eum
2338 5469 2847 5525 anathematizando
2888 5467 3164 5537 abjiciant,
3210 5482 3281 5548 rte
3322 5465 3467 5520 illius

1891 5574 2079 5616 errore
2120 5559 2302 5631 pepuli
2326 5559 2685 5630 decipiantur.
2713 5554 3116 5613 Exhertationis
3158 5556 3322 5628 igitur
3348 5567 3463 5611 scr-

1880 5664 2106 5706 .monem
2135 5649 2215 5705 eis
2242 5647 2466 5715 faciens,
2502 5656 2557 5704 et
2583 5656 2641 5702 ut
2688 5648 2741 5702 iu
2772 5646 3054 5702 catholicae
3085 5647 3209 5703 ﬁdei
3259 5646 3463 5704 unitate
