3936 6348
522 361 628 417 403

1512 362 1569 417 S.
1612 362 1862 418 ADONIS
1897 362 2322 419 ARCHIEPISC.
2370 361 2777 417 VIENNENSIS

3686 365 3792 418 ιω

519 485 821 541 manerent,
852 476 1233 531 commendans
1257 491 1349 531 eos
1381 475 1605 529 Domino
1644 474 1696 528 in
1726 489 1885 544 quem
1916 475 2091 529 eredi-
2125 480 2169 537 Λ
2199 483 2422 529 vocatur
2452 489 2480 527 a
2511 473 2710 528 famulo
2754 473 2846 528 Dei
2879 472 3202 530 Alexandro.
3257 474 3324 530 Et
3365 489 3494 531 ecce
3523 476 3791 533 reductus

518 570 727 634 derant,
774 569 977 623 dimisit
1025 569 1078 623 in
1126 583 1276 639 pace.
1330 567 1507 621 Nimio
1546 581 1678 621 vero
1718 582 1901 622 amore
1954 566 2094 620 illius

521 676 644 717 eum
674 659 853 731 populi
900 662 1042 715 circa
1090 672 1361 715 carcerem
1393 660 1786 723 detinerentur,
1828 668 1883 713 et
1911 668 2095 730 aperte

520 752 585 806 de
624 766 845 807 carcere
874 751 1027 806 educi
1071 751 1259 805 beatus
1288 749 1479 804 Petrus
1522 764 1627 804 non
1664 757 1875 820 posset,
1920 750 2096 805 noctis

518 842 698 895 medio
727 842 975 896 tribunus
1020 856 1125 894 una
1171 855 1290 893 cum
1337 839 1617 904 militibus,
1673 848 1831 909 rupto
1888 831 2096 909 pariete

518 930 774 996 carceris,
805 943 904 999 per
931 928 1202 983 modicum
1233 928 1474 983 foramen
1503 930 1569 983 ad
1608 928 1783 982 locum
1807 929 1896 983 ubi
1922 929 2097 983 decol-

517 1020 708 1075 landus
743 1030 862 1075 erat
902 1034 1022 1074 eum
1069 1021 1287 1091 perduci
1317 1019 1463 1075 fecit.
1509 1019 1738 1075 Sanctus
1765 1021 1947 1089 itaque
1990 1020 2092 1075 Pe-

516 1121 663 1176 trus,
688 1113 932 1167 oratione
954 1110 1091 1167 facta
1121 1111 1184 1167 ad
1212 1113 1517 1182 sepulcrum
1556 1112 1697 1167 beati
1735 1112 1897 1167 Marci
1934 1126 2096 1167 evan-

513 1203 739 1274 gelisttc,
770 1213 819 1259 et
848 1214 1157 1259 sanctorum
1188 1220 1561 1261 successorum
1588 1203 1704 1274 ejus
1733 1205 1950 1270 Aniani,
1994 1204 2095 1261 De-

513 1295 712 1359 metrii,
741 1295 940 1351 Eraclii
976 1308 1031 1350 et
1058 1296 1311 1361 Theoum,
1345 1295 1611 1351 inclinans
1658 1310 1829 1364 genua
1871 1309 1991 1360 sua,
2039 1303 2095 1349 et

512 1384 716 1452 gratias
731 1399 896 1455 agens
919 1385 1029 1439 Deo
1053 1386 1142 1454 qui
1170 1400 1289 1439 cum
1319 1385 1651 1455 martyribus
1669 1383 1783 1437 suis
1810 1386 2091 1453 sociasset,

509 1473 753 1528 extendit
781 1474 1045 1529 cervicem
1084 1489 1235 1528 suam
1283 1474 1586 1545 gladiatori,
1640 1482 1801 1542 atque
1844 1483 1916 1527 tta
1969 1489 2092 1544 per-

511 1576 723 1625 cussus,
752 1563 1000 1633 martyrii
1025 1562 1258 1632 palmam
1281 1564 1524 1631 adeptus,
1547 1563 1823 1618 occubuit.
1848 1563 1914 1618 Et
1941 1576 2093 1617 reve-

514 1662 700 1708 renter
722 1654 846 1709 inde
868 1670 897 1708 a
920 1654 1246 1711 Christianis
1268 1656 1531 1720 sublatus,
1571 1656 1625 1709 in
1652 1655 1827 1711 locum
1847 1655 1937 1726 qui
1968 1654 2093 1711 diei-

510 1756 601 1799 tur
634 1745 929 1811 Leocados,
957 1747 1009 1800 in
1038 1747 1350 1801 emmeterio
1376 1747 1516 1816 quod
1552 1746 1665 1816 ipse
1705 1747 2088 1813 aediheaverat,

2196 582 2313 622 smn
2352 567 2404 620 in
2445 581 2689 637 corpore.
2718 565 2889 630 Nune,
2933 566 3150 621 domine
3180 566 3508 633 Alexander,
3558 569 3790 638 baptira

2196 673 2283 712 me
2307 657 2359 710 in
2392 657 2607 711 nomine
2633 657 2726 712 Dei
2760 657 2856 723 tui,
2886 673 2953 711 ne
2985 656 3125 711 ultra
3166 656 3377 712 videam
3424 659 3562 729 quod
3619 660 3792 717 hodie

2198 748 2323 803 vizli.
2361 748 2662 803 Vocabatur
2709 748 2753 803 is
2795 748 3045 811 Lucetus,
3081 764 3202 803 cum
3238 763 3344 818 quo
3366 748 3627 819 baptizati
3659 761 3791 805 sunt

2196 841 2284 895 alii
2340 850 2554 895 centum
2616 841 2803 912 viginti
2858 842 3111 912 quinque.
3170 840 3413 912 Cumque
3473 858 3671 897 rumor
3719 841 3786 899 Β.

2197 935 2562 990 Alexandrum
2614 936 3171 1007 ubiquc‘spargeret,
3220 934 3522 990 Antoninus
3575 936 3790 990 direxit

2194 1026 2571 1082 Cornelianum
2602 1026 2908 1096 prmsidcm,
2940 1036 2999 1079 ut
3050 1024 3413 1080 Alexandrum
3464 1026 3787 1096 episcopum

2195 1118 2243 1171 ci
2272 1113 2586 1181 exnibcrct;
2618 1116 2707 1186 qui
2745 1116 2948 1172 invenit
2995 1130 3118 1169 eum
3162 1115 3247 1170 die
3277 1115 3548 1171 Dominica
3586 1115 3649 1170 in
3692 1130 3786 1170 ec-

2196 1207 2359 1262 clesia
2392 1208 2691 1270 docentem,
2725 1215 2779 1260 et
2809 1205 3001 1261 missas
3030 1213 3275 1275 agentem
3301 1220 3318 1269 ;
3361 1211 3414 1259 et
3441 1203 3581 1259 sicut
3612 1203 3789 1273 impe-

2196 1306 2346 1351 rator
2364 1294 2621 1364 jusserat,
2647 1296 3039 1365 apprehensum
3063 1295 3309 1365 perduxit
3333 1293 3577 1349 Romam.
3596 1294 3786 1350 Secuti

2196 1397 2321 1444 sunt
2345 1397 2525 1443 autem
2550 1402 2673 1443 eum
2700 1386 3116 1443 Crescentianus
3129 1384 3429 1456 presbyter,
3444 1383 3784 1451 Bonifacius,

2192 1489 2247 1533 et
2278 1477 2493 1533 Vitalio.
2524 1478 2733 1533 Prazses
2774 1493 2920 1542 vero,
2951 1477 3129 1547 ligatis
3167 1477 3415 1532 manibus
3453 1478 3572 1548 ejus
3608 1486 3781 1541 metu).

2194 1570 2386 1626 obtulit
2414 1586 2536 1626 eum
2567 1568 2839 1625 Antonino
2868 1586 2882 1635 ;
2933 1584 2962 1624 a
2995 1583 3104 1639 quo
3128 1568 3508 1639 interrogatus,
3551 1584 3687 1625 cum
3720 1570 3785 1626 de

2193 1665 2406 1721 Christo
2435 1663 2875 1720 constantissime
2896 1670 3197 1733 peroraret,
3227 1661 3457 1718 fustibus
3476 1662 3675 1732 jussus
3698 1673 3782 1718 est

2192 1757 2438 1821 mactari,
2486 1766 2541 1812 et
2587 1755 2904 1828 gravissime
2939 1753 3094 1818 caedi,
3127 1752 3319 1809 deinde
3365 1768 3421 1808 tn
3468 1753 3778 1809 custodiam

511 1837 579 1889 ad
601 1833 874 1891 Orientem
912 1837 1146 1893 civitatis
1184 1837 1543 1902 Alexandrim,
1573 1837 1814 1909 sepultus
1855 1847 1957 1893 est.
1991 1837 2089 1894 llic
2120 1828 2165 1887 Β
2193 1847 2388 1901 ςιςιιιάι.
2435 1846 2552 1914 Quo
2589 1861 2712 1900 cum
2759 1854 2789 1898 a
2833 1842 3090 1898 militibus
3123 1840 3431 1907 duceretur,
3463 1843 3780 1899 Antoninus

507 1926 933 1996 quotiescunque
990 1928 1390 1997 ingrediebatur
1426 1930 1480 1982 in
1529 1928 1991 1999 Thysiasterium,
2035 1938 2089 1984 et

507 2018 833 2071 ascendebat
882 2018 949 2071 ad
1002 2017 1297 2086 superioris
1347 2018 1537 2088 pulpiti
1594 2018 1794 2083 locum,
1844 2019 2089 2075 oratione

507 2102 739 2168 facta,et
767 2121 900 2175 pace
924 2107 1045 2161 data
1068 2107 1266 2177 populo
1284 2148 1299 2171 ,
1331 2108 1550 2180 videbat
1581 2108 1719 2178 ignis
1747 2107 2085 2178 splendorem

508 2197 663 2263 quasi
694 2196 1057 2266 egredientem
1081 2197 1145 2251 de
1175 2196 1320 2251 sede.
1351 2196 1431 2251 Ad
1471 2197 1626 2267 cujus
1652 2195 1935 2267 fulgorem,
1971 2195 2088 2265 ejus

510 2299 663 2339 meus
686 2284 740 2339 in
774 2286 996 2340 nimium
1024 2299 1261 2342 amorem
1288 2286 1758 2356 contemplationis
1793 2285 1884 2341 Dei
1911 2287 2088 2356 rapie-

508 2378 687 2441 batur,
712 2385 968 2447 tantaque
996 2378 1267 2448 (virtutem
1292 2389 1694 2435 antecessorum
1718 2393 1935 2435 suorum
1958 2394 2088 2434 con-

508 2467 775 2528 siderans)
801 2469 1100 2535 humilitate
1130 2478 1258 2526 tunc
1277 2485 1336 2524 se
1364 2470 1683 2540 deponebat,
1708 2479 1767 2525 ut
1812 2486 2085 2541 nunquam

504 2557 562 2612 in
592 2559 787 2614 throno
822 2561 1186 2625 eminentiori,
1216 2563 1305 2617 ubi
1348 2562 1446 2632 ipsi
1491 2562 1823 2629 resederaut,
1854 2564 1950 2618 sed
1987 2562 2086 2619 sub

502 2647 740 2703 scabello
786 2651 979 2719 pedum
1011 2651 1226 2707 illorum
1256 2653 1489 2707 sederet.
1535 2652 1735 2708 Passus
1778 2660 1862 2708 est
1902 2660 2084 2708 autem

502 2739 591 2796 hic
622 2741 968 2797 beatissimus
992 2743 1277 2814 episcopus
1306 2740 1561 2813 tempore
1605 2741 1823 2797 Maxrmi
1851 2744 2083 2814 impera-

503 2834 655 2897 toris,
686 2834 778 2904 qui
814 2835 1077 2891 decimam
1119 2825 1551 2905 persecutionem
1586 2852 1616 2891 a
1656 2836 1990 2903 Diocletiano
2029 2845 2084 2895 et

502 2923 827 2985 Maximiano
864 2935 1101 2994 emptam
1153 2927 1206 2981 in
1253 2926 1489 2983 Orientis
1538 2927 1780 2998 partibus
1818 2929 2079 2983 exercuit.

2189 1946 2309 2007 post
2332 1936 2481 1991 illum
2512 1936 2765 1991 clamavit
2794 1952 2809 1989 :
2839 1933 3083 2000 Quatuor
3111 1931 3316 1988 dierum
3346 1948 3377 1986 a
3413 1946 3497 1987 me
3521 1932 3628 1987 tibi
3652 1933 3778 1988 dan.

2191 2035 2279 2080 tur
2307 2025 2551 2091 inuucixe,
2585 2033 2661 2088 ut,
2698 2023 2943 2094 deposito
2974 2022 3119 2077 cultu
3146 2020 3403 2076 vanitatis
3450 2030 3578 2087 tute,
3609 2021 3780 2076 ultro-

2189 2131 2321 2171 neus
2346 2116 2620 2171 advenias.
2649 2114 2747 2169 Cui
2779 2123 2999 2169 sanctus
3028 2113 3231 2184 Martyr
3258 2112 3536 2183 respondit
3567 2126 3585 2166 :
3633 2111 3779 2178 Qua-

2190 2215 2312 2260 tuor
2335 2206 2448 2260 dies
2489 2206 2598 2276 jam
2635 2205 2842 2260 aestima
2877 2202 3227 2274 praeterisse;
3281 2202 3427 2274 quod
3476 2201 3773 2267 desideras,

2188 2296 2348 2351 hodie
2384 2294 2613 2365 comple.
2667 2294 2830 2350 Misso
2870 2293 3034 2366 igitur
3086 2292 3178 2348 illo
3227 2293 3282 2347 in
3330 2293 3661 2357 custodiam,
3710 2291 3771 2347 Β.

2186 2387 2602 2443 Crescentianus
2627 2385 2821 2441 sedens
2852 2385 2953 2440 sub
2978 2384 3196 2449 arbore,
3227 2383 3392 2454 carpit
3437 2382 3676 2453 plorare,
3723 2395 3776 2438 et

2185 2489 2298 2545 pra:
2326 2475 2546 2529 tristitia
2570 2481 2857 2544 superatus
2899 2472 3161 2533 dormire.
3209 2469 3305 2526 Cui
3335 2472 3488 2528 visus
3532 2481 3621 2529 est
3666 2472 3775 2527 Au-

2186 2566 2336 2635 gelus
2357 2565 2587 2630 Domini,
2614 2572 2669 2621 et
2702 2565 2836 2621 dixit
2863 2565 2911 2621 ei
2941 2582 2955 2619 :
3008 2562 3128 2620 Jam
3158 2562 3234 2617 fui
3281 2564 3351 2627 ad
3383 2562 3774 2629 Alexandrum,

2184 2667 2240 2715 et
2279 2658 2410 2714 solvi
2456 2656 2668 2714 vincula
2708 2658 2845 2728 ejus,
2888 2664 2943 2712 et
2990 2653 3289 2712 confortavi
3326 2670 3493 2721 eum;
3541 2664 3601 2711 et
3633 2671 3775 2711 nunc

2185 2765 2253 2804 ne
2281 2748 2514 2804 sedeatis
2543 2748 2643 2802 sub
2671 2747 2775 2803 hac
2803 2747 3012 2809 arbore,
3049 2761 3117 2803 ne
3145 2743 3284 2801 forte
3306 2753 3540 2817 tyranno
3569 2746 3777 2800 nuntie.

2183 2841 2339 2913 mini.
2362 2840 2598 2895 Eductus
2624 2838 2788 2909 igitur.
2814 2837 2879 2894 de
2913 2836 3159 2895 custodia
3204 2835 3395 2895 beatus
3444 2836 3774 2902 Alexander,

2184 2932 2380 2989 iterum
2407 2932 2620 2988 sistitur
2650 2930 2942 2995 Antonino,
2990 2938 3046 2986 et
3092 2942 3386 2999 suspensus
3430 2929 3487 2984 in
3523 2928 3772 3000 equuleo.

500 3015 635 3071 Cum
660 3032 771 3086 quo
798 3017 955 3074 simul
1001 3025 1056 3073 et
1107 3017 1195 3073 alii
1248 3018 1428 3089 plures
1475 3033 1541 3073 ex
1572 3018 1806 3089 Egypto
1845 3018 2078 3087 episcopi
2177 3022 2399 3093 jubente
2451 3023 2640 3093 impio,
2684 3021 2964 3093 lampades
2997 3020 3253 3077 ardentes
3290 3020 3441 3077 eirea
3492 3020 3673 3075 latera
3727 3021 3776 3076 ei

502 3106 845 3160 trucidantur
897 3121 1021 3161 cum
1071 3106 1288 3162 clericis
1339 3116 1389 3162 et
1449 3106 1600 3162 laicis
1652 3106 1765 3161 fere
1809 3106 2080 3177 sexcentis

503 3198 781 3273 sexaginta
793 3240 805 3251 .

540 3292 545 3297 ’
883 3294 944 3349 Λ.
989 3292 1054 3348 γι
1094 3294 1247 3348 KAL.
1289 3292 1694 3348 DECEMBRIS.

1137 3384 1242 3456 (26
1270 3381 1447 3456 Nov.)

574 3491 601 3521 ι
623 3476 824 3545 Natalis
848 3477 1017 3533 sancti
1040 3476 1158 3545 Lini
1182 3490 1352 3547 papae,
1384 3476 1475 3546 qui
1513 3483 1634 3547 post
1662 3476 1962 3548 apostolum
1984 3477 2083 3532 Pe-

504 3575 647 3622 trum
678 3608 693 3633 ,
751 3567 959 3638 primus
1009 3565 1310 3622 Romanam
1359 3565 1654 3622 Eeclesiam
1701 3574 1875 3622 tenuit
1926 3567 2083 3621 annis

501 3656 807 3722 duodecim,
849 3656 1127 3713 mensibus
1173 3655 1367 3721 tribus,
1420 3670 1483 3711 ae
1529 3655 1810 3719 duodecim
1851 3655 2077 3720 diebus;

502 3754 555 3801 et
601 3748 864 3817 martyrio
894 3755 1203 3809 coronatus,
1258 3745 1498 3817 sepultus
1549 3753 1633 3801 est
1687 3744 1741 3799 in
1797 3742 2078 3803 Vaticano.

502 3834 672 3904 llujus
702 3836 821 3892 Lini
867 3836 1067 3891 Paulus
1110 3836 1164 3889 in
1213 3834 1451 3912 Epistula
1501 3834 1570 3895 ad
1596 3821 1937 3897 Timotheum
1966 3845 2080 3887 me-

509 3927 665 3981 tninit
697 3927 761 3992 (ll
795 3926 929 3979 Tim.
953 3927 1050 3996 tv).
2028 3930 2036 3945 '

575 4017 603 4057 ι’
643 4016 797 4085 Apud
824 4015 1227 4080 Alexandriam,
1259 4013 1359 4071 SS.
1392 4013 1686 4086 Martyrum
1712 4013 1895 4070 Fausti
1940 4029 2082 4085 pres-

502 4107 700 4177 lryteri,
722 4115 777 4162 et
820 4106 924 4172 Dii,
951 4114 1007 4162 et
1033 4105 1349 4162 Ammonii:
1398 4106 1490 4178 qui
1536 4121 1657 4162 cum
1711 4106 1871 4162 beato
1922 4106 2083 4162 Petro

502 4197 741 4271 ejusdem
766 4197 917 4268 urbis
935 4197 1209 4270 episcopo,
1233 4197 1456 4273 jubeute
1482 4197 1797 4264 Maximino,
1826 4197 2080 4253 trucidati

503 4298 650 4353 sunt,

571 4380 777 4437 Eodem
814 4379 923 4444 die,
969 4378 1032 4433 Β.
1076 4377 1405 4443 Alexandri;
1451 4379 1684 4448 episcopi
1721 4388 1778 4435 et
1806 4380 2078 4449 martyris,

499 4471 602 4526 sub
623 4469 897 4526 Antonino
927 4470 1269 4539 imperatore.
1305 4469 1402 4526 Cui
1446 4471 1603 4527 beato
1648 4471 1922 4541 episcopo,
1956 4486 2077 4526 cum

500 4571 645 4619 esset
685 4562 1080 4622 famosissimas
1124 4562 1177 4616 in
1227 4561 1525 4629 miraculis,
1576 4562 1810 4632 quodam
1841 4570 2081 4633 tempore

503 4653 716 4710 delatus
762 4661 839 4709 est
879 4653 1097 4723 quidam
1148 4662 1424 4719 mortuus;
1476 4654 1630 4724 cujus
1659 4663 1911 4724 parentes
1956 4670 2077 4726 eum

502 4744 815 4800 hortaretur
840 4750 1062 4798 sanctus
1104 4742 1189 4796 vir
1236 4750 1296 4798 ut
1346 4742 1628 4801 crederent
1677 4743 1730 4797 in
1780 4742 2075 4807 Christum,

503 4831 907 4904 spoponderunt
929 4847 990 4899 se
1017 4831 1273 4898 facturos,
1301 4833 1346 4887 si
1382 4833 1551 4887 isdem
1586 4841 1831 4888 mortuus
1852 4833 2081 4889 suscita-

504 4932 675 4978 retur.
721 4922 871 4978 Tune
914 4931 1134 4978 sanctus
1160 4922 1265 4987 vir,
1291 4922 1539 4977 oratione
1587 4919 1749 4986 facta,
1783 4936 2079 4978 conversus

504 5015 572 5070 ad
596 5029 812 5086 corpus,
845 5015 981 5069 dixit
1008 5032 1019 5067 :
1052 5013 1110 5067 ln
1141 5013 1359 5069 nomine
1398 5011 1595 5074 Patris,
1620 5020 1675 5065 et
1698 5011 1838 5077 Filii,
1864 5020 1920 5067 et
1957 5010 2078 5083 Spi-

504 5104 640 5160 ritus
672 5104 869 5169 sancti,
897 5116 1078 5172 surge.
1109 5101 1212 5170 Qui
1239 5101 1421 5155 statim
1451 5117 1679 5171 surgens
1706 5102 1940 5156 clautare
1970 5117 2074 5156 cce-

504 5195 582 5264 pit
612 5214 624 5249 :
655 5194 1158 5262 Audite,parcutes,
1185 5204 1239 5247 et
1259 5191 1487 5262 populus
1511 5192 2021 5252 universus.Ductus
2046 5206 2075 5247 a

502 5284 709 5345 duobus
738 5282 1005 5353 Egyptiis
1023 5281 1168 5339 vultu
1202 5282 1510 5346 teterrimis,
1544 5282 1729 5352 iraque
1758 5281 1949 5349 plenis,
1981 5297 2078 5351 po-

503 5379 639 5435 situs
668 5394 786 5433 sum
834 5378 890 5435 in
939 5376 1322 5436 obscurissime
1372 5378 1489 5435 loco
1540 5379 1629 5435 ubi
1677 5388 1796 5434 erat
1845 5387 2076 5447 puteus;

501 5470 787 5539 subitoque
819 5470 1067 5525 veniente
1102 5471 1333 5539 quodam
1353 5470 1571 5539 juvene,
1601 5473 1768 5527 nimio
1800 5472 2082 5542 splendore

503 5574 748 5624 corusco,
785 5568 927 5615 totus
976 5559 1061 5616 ille
1098 5559 1244 5617 locus
1286 5561 1630 5628 contremuit,
1681 5571 1735 5616 et
1763 5561 2083 5616 exclamavit

500 5651 813 5725 juvenisille
836 5651 1299 5723 splendidissimus
1327 5671 1339 5707 :
1372 5653 1647 5707 Remittite
1677 5668 1925 5722 puerum,
1957 5652 2081 5722 quia

578 5778 604 5811 ι
640 5764 910 5832 Fontine,
937 5782 983 5821 c.
1013 5766 1065 5820 2.

2107 4514 2159 4573 D

2186 3113 2442 3184 appositas
2492 3122 2639 3177 sunt,
2693 3125 2758 3166 ae
2803 3110 3018 3181 ungulis
3056 3124 3254 3179 corpus
3298 3109 3446 3166 illius
3498 3110 3774 3166 abusum.

2188 3204 2388 3259 Deinde
2417 3219 2483 3259 ex
2514 3203 2743 3274 equuleo
2763 3202 3057 3273 depositus,
3078 3203 3273 3257 ductus
3301 3209 3386 3265 est,
3422 3202 3491 3257 ad
3514 3203 3776 3273 templum

2184 3291 2464 3365 Apollinis.
2513 3293 2573 3347 ln
2601 3306 2711 3364 quo
2754 3292 3052 3363 ingressus,
3082 3291 3269 3346 statim
3314 3301 3375 3347 ut
3415 3292 3603 3357 oravit,
3635 3307 3777 3362 pars

2184 3384 2361 3455 aliqua
2388 3383 2595 3454 templi,
2632 3392 2687 3440 et
2715 3383 3062 3443 simulacrum
3097 3382 3362 3453 Apollinis
3393 3384 3610 3443 cecidit.
3656 3383 3773 3437 An-

2184 3474 2402 3529 toninus
2439 3488 2571 3530 vero
2605 3475 2711 3530 hoe
2756 3473 2956 3537 factum
2994 3475 3215 3545 magicis
3244 3474 3457 3531 artibus
3484 3476 3776 3546 deputans,

2183 3564 2378 3620 sedens
2401 3578 2502 3634 pro
2525 3563 2804 3628 tribunali,
2854 3573 3101 3619 sanetum
3127 3564 3444 3635 episcopum
3472 3565 3544 3619 ad
3569 3564 3777 3620 bestias

2182 3653 2474 3711 damnavit.
2521 3652 2591 3707 Et
2632 3667 2756 3708 cum
2802 3652 2944 3707 nulla
2978 3668 3101 3707 eum
3163 3652 3447 3724 tetigisset,
3494 3651 3776 3709 {emacem

2182 3744 2391 3815 igneam
2419 3744 2603 3815 parari
2634 3741 2814 3813 jussit,
2854 3750 2909 3797 et
2957 3742 3173 3797 beatum
3200 3746 3374 3797 virum
3425 3742 3479 3798 in
3525 3757 3653 3799 eam
3697 3742 3780 3811 ja-

2182 3835 2336 3895 ctari.
2355 3835 2425 3892 Ut
2448 3845 2628 3895 autem
2643 3842 2863 3892 sanctus
2888 3842 3114 3905 martyr,
3141 3834 3396 3905 expansis
3415 3833 3703 3901 manibus.
3724 3836 3778 3889 in

2181 3926 2361 3985 medio
2381 3925 2622 3995 fornacis
2642 3923 2821 3979 oravit
2853 3924 2921 3978 ad
2971 3923 3281 3989 Dominum,
3314 3931 3462 3980 totus
3513 3924 3667 3995 ignis
3707 3924 3777 3979 ita

2181 4018 2483 4071 exstinctus
2527 4025 2637 4085 est,
2666 4022 2725 4069 ut
2757 4028 2857 4071 nec
2880 4012 3169 4081 vestigium
3216 4011 3414 4073 caloris
3438 4021 3777 4067 remaneret.

2184 4107 2333 4162 'l‘une
2355 4106 2663 4161 Antoninus
2689 4105 2756 4161 de
2784 4103 3005 4161 fornace
3038 4110 3285 4161 sanctum
3311 4103 3483 4157 virum
3509 4101 3781 4158 eductum

2182 4196 2432 4261 decollari
2450 4194 2974 4265 prmeepit.Cumquc
2993 4190 3105 4262 jam
3122 4194 3414 4247 duceretur
3432 4207 3462 4245 a
3485 4190 3779 4255 militibus,

2182 4289 2398 4358 quidam
2420 4285 2635 4355 juvenis
2659 4299 2724 4338 ex
2745 4283 2921 4338 otlleio
2950 4281 3230 4346 Antonini,
3280 4280 3628 4337 Herculanus
3682 4297 3781 4337 no-

2181 4381 2325 4435 mine
2355 4420 2369 4444 ,
2410 4376 2738 4433 exclamavit
2770 4414 2784 4439 ,
2846 4374 3031 4430 dicens
3069 4391 3083 4429 :
3146 4372 3437 4438 Antoniae,
3489 4372 3782 4428 insensate

2189 4480 2437 4542 tyranne,
2474 4485 2572 4523 cur
2593 4480 2772 4522 emcus
2801 4473 2858 4520 et
2884 4464 3080 4519 surdus
3101 4461 3403 4533 perduras?
3422 4461 3560 4517 Ecce
3594 4460 3784 4518 famu-

2188 4562 2271 4617 lus
2290 4561 2383 4616 Dei
2411 4566 2532 4630 post
2561 4558 2765 4629 virgas,
2812 4562 2935 4626 post
2976 4553 3238 4625 equuleos
3265 4562 3405 4618 tuos,
3457 4561 3512 4608 et
3558 4551 3786 4625 lampa~

2187 4651 2306 4716 des,
2342 4658 2504 4719 atque
2539 4647 2868 4723 ungularum
2898 4651 3154 4709 attactus,
3181 4651 3305 4714 post
3328 4642 3508 4713 templi
3540 4650 3607 4698 et
3652 4643 3781 4700 idoli

2190 4741 2265 4795 tui
2290 4742 2522 4807 ruinam,
2570 4746 2692 4809 post
2722 4736 2938 4793 leonum
3002 4743 3059 4790 et
3096 4749 3343 4790 ursorum
3371 4734 3574 4790 rabiem
3632 4735 3787 4791 devi-

2188 4840 2361 4896 ctam,‘
2383 4838 2503 4901 post
2516 4830 2754 4885 fornacis
2778 4828 2955 4899 ignem
2982 4825 3332 4892 exstinctum,
3347 4840 3488 4881 nunc
3500 4826 3569 4881 ad
3588 4826 3783 4883 decol-

2189 4924 2405 4978 landum
2449 4921 2643 4994 gaudio
2668 4920 2911 4991 repletus
2944 4915 3110 4972 vadit.
3167 4915 3303 4986 Quis
3329 4916 3533 4974 dubitet
3582 4932 3785 4975 verum

2187 5015 2350 5069 Deum
2379 5004 2499 5069 esSe
2533 5012 2624 5082 qui
2670 5012 2745 5066 ita
2792 5024 2922 5065 suos
2962 5007 3278 5065 confortat?
3319 5008 3636 5066 Antoninus
3666 5009 3787 5065 hac

2185 5106 2452 5162 audiens:
2491 5102 2705 5170 Infelix,
2754 5101 2951 5173 inquit,
2974 5100 3215 5173 juvenis,
3243 5099 3371 5170 quid
3419 5099 3514 5177 tibi
3568 5099 3787 5158 factum

2185 5206 2287 5261 est,
2319 5205 2370 5250 ut
2398 5194 2533 5250 tales
2559 5209 2838 5251 sermones
2862 5190 3134 5263 loquaris?
3174 5188 3243 5245 Et
3291 5189 3459 5245 iratus
3499 5189 3675 5260 jussit
3698 5191 3789 5259 ju-

2190 5303 2375 5343 venem
2407 5287 2601 5352 teneri,
2631 5300 2791 5356 quem
2838 5299 2963 5340 eum
2994 5282 3225 5338 diversis
3266 5281 3601 5338 cruciatibus
3644 5282 3789 5337 ami-

2189 5380 2375 5444 xisset,
2406 5378 2583 5451 gladio
2610 5375 3027 5433 consummavit.
3072 5374 3270 5430 Beatus
3309 5387 3437 5429 vero
3467 5372 3790 5429 Alexander

2191 5486 2311 5523 cum
2343 5468 2647 5532 duceretur,
2702 5468 2944 5522 obviavtt
2991 5464 3039 5519 ei
3095 5464 3339 5533 quaedam
3390 5463 3546 5517 vidua
3608 5479 3788 5533 quam

2191 5562 2379 5615 beatus
2406 5567 2611 5619 martyr
2631 5558 2859 5628 rogavit,
2890 5559 3078 5611 dicens
3108 5573 3119 5608 :
3164 5555 3454 5610 Commoda
3496 5555 3627 5609 miht
3656 5571 3789 5609 ora-

2192 5651 2350 5706 rium.
2382 5650 2451 5704 At
2477 5650 2564 5703 illa
2589 5650 2838 5719 praestitit
2869 5649 2939 5703 ei.
2994 5645 3259 5701 Oﬂleiales
3302 5657 3478 5700 autent
3518 5645 3791 5699 dixerunt

2265 5765 2291 5803 δ
2332 5763 2522 5817 Euseb.
2552 5761 2625 5816 lib
2670 5778 2787 5827 vm,
2818 5777 2933 5829 cap.
2966 5755 3060 5823 ‘13,
3087 5758 3224 5811 Rulli
3265 5759 3343 5811 Η.
