3936 6348
123 360 243 418 ωδ

813 353 1416 417 MART'iROLOGlUM
1451 354 1596 415 CUM
1635 352 2169 411 ADDITAMENTIS.
2208 384 2281 396 --
2316 352 2522 409 MENS.
2563 351 2722 408 NOV.

3290 350 3398 409 406

127 476 405 534 mulieri:
456 472 745 533 Perdidisti
791 474 1034 533 orarium
1091 484 1263 532 tuum.
1320 473 1486 530 Facto
1536 473 1716 542 itaque
1743 471 1790 532 Α
1822 467 2167 533 Valerianus,
2217 466 2497 530 Urbanus,
2557 464 2820 521 Crescens
2862 471 2916 517 et
2965 462 3055 533 qui
3103 461 3399 520 vocabatur

128 572 299 640 signo
337 569 538 635 crucis,
567 568 888 640 exspoliavit
911 583 970 624 se
998 569 1189 624 beatus
1213 568 1416 639 Martyr
1438 567 1638 631 tunica,
1665 574 1722 622 et

131 661 190 718 in
231 660 377 716 linea
404 671 575 724 stans,
611 660 744 715 texit
764 659 864 714 sibi
904 660 969 714 de
991 661 1173 715 orario
1213 660 1419 723 oculos,
1450 659 1595 722 dein,
1626 673 1721 728 po-

131 751 266 806 sitis
290 750 534 818 genibus,
573 748 805 817 suscepit
834 746 1067 819 gla.tium
1088 749 1173 801 via
1197 748 1435 813 Claudia,
1459 746 1721 813 vigesimo

130 842 399 898 milliario
427 844 503 895 ab
523 839 774 895 Uruc.Et
795 839 968 894 metus
987 848 1067 894 est
1103 847 1460 901 Ierrarmotus,
1487 847 1541 891 et
1571 836 1723 892 vicus

124 945 187 990 et
223 935 454 989 therma:
482 930 815 986 ceciderunt.
869 928 1099 983 Sanctus
1155 940 1333 983 autem
1383 928 1722 985 Crescentia-

132 1038 271 1090 nus,
302 1031 358 1078 et
400 1021 456 1076 bi
502 1021 597 1091 qui
632 1035 756 1076 cum
788 1020 877 1073 illo
918 1028 1095 1086 erant,
1144 1020 1418 1074 revelante
1462 1027 1717 1089 martyre,

136 1112 387 1172 tulerunt
414 1119 629 1166 sanctas
656 1109 911 1181 reliquias
936 1110 1075 1180 ejus,
1103 1118 1158 1163 et
1182 1108 1508 1179 sepelierunt
1528 1108 1580 1161 in
1607 1108 1723 1161 loco

134 1205 239 1259 ubi
288 1216 457 1259 orans
501 1201 739 1257 fornacis
799 1200 974 1269 ignem
1026 1200 1380 1256 exstinxerat.
1434 1199 1500 1253 Et
1546 1198 1724 1269 posuit

136 1310 310 1365 supra
338 1294 597 1363 scriptum
627 1307 867 1346 marmor
893 1290 1264 1344 continentes:
1309 1288 1408 1343 llic
1452 1287 1719 1359 requiescit

137 1394 360 1440 sanctus
406 1393 453 1437 et
493 1379 798 1435 renerabilis
847 1389 1048 1449 martyr
1096 1378 1392 1433 Alexander
1433 1378 1720 1447 c;;isc0ptts.

139 1476 314 1545 Cujus
341 1472 590 1543 depositio
626 1471 916 1526 celebratur
942 1470 1213 1524 undecimo
1251 1468 1521 1523 Kalendas
1568 1466 1725 1524 Octo-

139 1567 271 1620 bris.
296 1565 394 1621 Cui
426 1579 560 1633 papa
606 1565 864 1617 Damasus
905 1561 1241 1632 postmodum
1273 1569 1515 1631 cryptam
1542 1559 1724 1615 condi-

142 1671 309 1728 gnam
346 1655 568 1719 faciens,
602 1653 710 1708 illic
753 1668 875 1707 eum
921 1661 1073 1706 sexto
1119 1652 1385 1707 Kalendas
1415 1650 1727 1707 Decembris

143 1745 500 1816 transposuit,
526 1744 741 1814 quando
768 1754 823 1798 et
856 1744 1203 1799 festivitatem
1243 1748 1293 1799 ei
1320 1744 1541 1799 dicavit.
1590 1743 1729 1800 Ora-‘

1823 558 2178 624 Habetdeum,
2201 567 2258 613 et
2275 558 2620 622 Eustachius,
2653 555 3070 611 Cresc-antinous
3099 562 3155 610 et
3175 553 3391 613 CrcScc-

1824 651 1965 716 nius,
1996 658 2052 705 et
2078 650 2250 715 Felix,
2281 657 2335 704 et
2373 648 2720 711 llortolanus,
2751 656 2807 703 et
2842 646 3242 711 Florentianus,
3268 659 3397 715 pro-

1821 750 1943 813 pter
1980 743 2225 798 eamdem
2275 740 2673 811 przcdicattonis
2722 740 3039 803 veritatem,
3080 738 3403 810 gravissimo

1824 834 2064 890 damnati
2094 834 2307 897 exsilio,
2324 834 2376 886 in
2404 831 2744 887 confessione
2768 831 3005 901 pietatis,
3036 843 3253 886 cursum
3280 828 3403 883 vita:

1825 938 1934 978 sua}
1957 932 2466 978 CtluSllmmaVCl'lﬂll

2230 1053 2289 1106 D.
2331 1053 2393 1107 Ill
2436 1053 2587 1107 ΚΑΒ.
2633 1053 3031 1109 DECEMBRIS.

2460 1166 2552 1237 (29
2600 1165 2760 1236 Nor.)

1900 1277 2092 1347 V’igilia
2123 1279 2294 1333 sancti
2324 1277 2555 1334 Andreae.
2579 1276 2829 1350 apostoli.

1897 1370 1964 1424 Et
1997 1369 2199 1434 uomat,
2225 1369 2419 1424 natalis
2447 1370 2619 1424 sancti
2652 1369 2928 1423 Saturnini
2969 1369 3245 1441 martyris,
3269 1370 3404 1425 Sen-

1826 1465 1909 1515 nis
1933 1471 1987 1516 et
2012 1460 2234 1515 Sisinnii
2266 1471 2288 1499 ο
2316 1460 2686 1522 tliaconorum,
2716 1460 2816 1515 sub
2843 1459 3167 1514 Maximiano
3193 1474 3209 1514 :
3239 1475 3270 1514 a
3296 1474 3406 1529 quo

1825 1557 2001 1627 primo
2026 1556 2165 1610 inter
2186 1554 2320 1610 alios
2347 1569 2533 1610 servos
2555 1556 2649 1611 Dei
2673 1555 2911 1609 damnati
2939 1560 3066 1608 sunt
3098 1553 3167 1607 ad
3198 1549 3407 1607 fodien-

1826 1650 1948 1705 dam
1998 1663 2240 1713 arenam,
2273 1647 2340 1701 ad
2390 1646 2667 1710 faciendas
2716 1646 2956 1701 thermas
2999 1642 3402 1708 Diocletianas;

1827 1752 2055 1807 quorum
2106 1752 2271 1791 unum
2325 1734 2623 1791 Sisinnium
2672 1742 3055 1804 prtesentatum
3099 1732 3235 1797 sibi,
3281 1746 3405 1796 cum

143 1839 286 1893 rium
316 1852 476 1907 porro
512 1836 637 1891 illttd
682 1836 782 1891 sibi
831 1836 1129 1905 praestitum
1174 1836 1314 1893 unde
1369 1837 1472 1892 sibi
1520 1845 1725 1908 martyr
1756 1836 1799 1895 Β
1828 1826 2216 1897 interrogasset
2262 1826 2401 1880 idem
2443 1824 2803 1878 Maximianus
2845 1823 2934 1893 qui
2971 1830 3279 1886 vocaretur.
3320 1835 3408 1876 rc-

143 1929 739 1991 ocnlostexerat,mox
769 1937 824 1982 ut
876 1927 1168 1983 decollatus
1223 1937 1321 1992 est,
1376 1929 1586 1984 mulieri
1633 1945 1728 1999 per

144 2019 434 2087 quemdam
481 2016 763 2086 puerulum
808 2031 966 2084 quem
1011 2016 1259 2085 angelum
1291 2016 1457 2071 fuisse
1505 2032 1612 2071 non
1644 2026 1728 2073 est

146 2109 387 2174 dubium,
417 2108 765 2164 reformatum
791 2118 891 2163 est.
940 2107 1093 2175 Quod
1142 2109 1231 2164 illa
1258 2125 1363 2164 non
1395 2110 1512 2165 sine
1537 2110 1726 2182 grandi

146 2206 364 2267 siupure
388 2198 613 2267 recepit,
635 2207 839 2252 cavere
888 2206 1177 2269 martyrem
1206 2196 1450 2254 confessa
1498 2198 1731 2263 Alexan-

144 2290 303 2349 drum
340 2290 559 2346 tiltristo
588 2289 839 2347 credidit.

551 2399 611 2454 Β.
654 2400 697 2453 ν
735 2398 892 2455 KAL.
929 2398 1338 2464 DECEMBRIS.

793 2487 884 2560 (ﬁ?
933 2487 1099 2559 Nor.)

228 2577 434 2633 Natalis
458 2587 760 2637 sanctorum
800 2585 1100 2649 martyrum
1140 2578 1326 2634 Vitatis
1362 2579 1725 2650 etAgricohc,

156 2668 251 2739 qui
279 2670 418 2739 apud
443 2667 729 2724 Daueniant
754 2669 920 2724 Italia:
947 2670 1155 2731 urbem,
1180 2678 1299 2739 post
1326 2670 1430 2725 alia
1460 2679 1729 2726 tormenta

155 2761 347 2815 ultimo
383 2762 624 2817 crucifixi
669 2763 985 2834 martyrium
1027 2764 1452 2832 compleverunt.
1489 2764 1728 2830 Quorum

153 2867 378 2921 corpora
407 2853 768 2921 postmodum,
796 2869 917 2909 eum
950 2864 1132 2909 essent
1168 2853 1342 2921 pesita
1372 2842 1516 2908 inter
1549 2851 1727 2922 sepulo

150 2960 241 2998 cta
285 2942 609 3007 Iudaeorum,
640 2954 699 2998 et
745 2944 942 3013 populo
974 2944 1280 3001 Christiano
1313 2961 1536 3015 prorsus
1584 2946 1729 3001 inco-

150 3033 320 3103 gnita,
360 3034 548 3090 beatus
593 3034 910 3090 Ambrosius
955 3035 1109 3105 (ipsis
1154 3036 1354 3091 sanctis
1398 3035 1730 3107 martyribus

152 3123 541 3194 revelantibus)
575 3126 715 3195 apud
749 3125 1137 3180 Bononiensem
1179 3125 1452 3180 civitatem
1493 3125 1725 3195 reperit;

148 3229 379 3284 quaque
402 3223 676 3271 exstructa
694 3215 943 3281 ecclesia,
966 3230 1303 3286 cummagna
1331 3216 1565 3272 fidelium
1590 3216 1725 3271 lteti-
1757 3195 1803 3258 Ο

153 3309 227 3362 tia
251 3316 309 3362 et
338 3306 639 3365 daemonum
669 3309 845 3380 pinnis
875 3308 1246 3372 cettlitetttiutn
1288 3309 1479 3363 merita
1522 3318 1728 3379 marty-

154 3414 296 3463 rum,
326 3399 427 3454 sub
454 3397 613 3454 altari
645 3399 909 3469 deposuit.

224 3488 282 3543 ln
310 3488 519 3553 Galiiis,
552 3489 772 3545 civitate
801 3489 1077 3561 Regiensi,
1108 3490 1304 3546 natalis
1342 3488 1513 3545 sancti
1563 3489 1730 3544 Mari-

152 3579 227 3633 mi
256 3590 283 3617 ιι
321 3579 583 3648 episcopi,
613 3579 706 3648 qui
739 3594 769 3632 a
809 3580 1063 3650 ptimteva
1112 3589 1271 3635 astate
1315 3581 1570 3635 virtutum
1609 3595 1729 3635 om-

153 3668 305 3721 nium
352 3667 524 3737 gratia
569 3668 845 3738 praeditus,
882 3668 1115 3739 primunt
1165 3668 1463 3724 Lirinensis
1499 3668 1730 3724 etenohii

152 3764 343 3825 pater,
386 3756 586 3820 deinde,
613 3755 895 3826 Regiensis
934 3757 1186 3812 Ecclesitc
1222 3757 1524 3827 episcopus.
1566 3756 1732 3828 signis

152 3856 210 3903 et
233 3847 495 3918 prodigiis
520 3846 751 3919 inclytus
780 3847 1007 3903 exstitit.
1033 3848 1273 3917 Denique
1296 3848 1437 3903 inter
1455 3847 1559 3901 alia
1584 3856 1732 3917 gesta

153 3940 464 4009 magnifica,
498 3948 606 3999 tres
651 3947 892 3994 mortuos
934 3939 1151 4004 vivens;
1189 3953 1353 3992 unum
1398 3946 1540 3991 tactu
1569 3936 1733 4009 (quod

154 4033 224 4085 ad
278 4031 590 4101 sepulcrum,
641 4029 966 4091 vehebaturl
1014 4029 1205 4093 loculi,
1256 4036 1502 4083 mortuus
1559 4027 1761 4091 susei-_

154 4130 309 4179 “‘“"
560 4189 617 4247 c.
659 4191 724 4247 tv
765 4190 919 4245 KAL.
958 4188 1362 4246 DECEMBRlS.

818 4281 888 4336 28
928 4279 1061 4334 Nor.

229 4369 440 4425 Natalis
497 4372 670 4427 sancti
727 4284 1032 4433 So(sthenis,
1068 4279 1431 4438 apostolorum
1465 4365 1739 4436 discipuli

156 4464 302 4531 (Act.
336 4478 494 4528 xvttt;
529 4461 557 4516 Ι
587 4460 710 4517 Cor.
744 4461 803 4533 ι).

1827 1918 2042 1986 spondit
2072 1935 2084 1970 :
2117 1916 2229 1986 Ego
2264 1925 2520 1986 peccator
2559 1915 2850 1980 Sisinnius,
2886 1928 3075 1969 servus
3123 1927 3405 1968 servorum

1826 2007 2036 2063 Domini
2061 2007 2186 2063 Jesu
2215 2007 2435 2062 Christi.
2465 2005 2562 2061 Cui
2588 2020 2710 2060 cum
2738 2013 2860 2074 post
2882 2004 2984 2058 alia
3014 2003 3217 2059 diceret
3236 2002 3407 2057 Maxi—

1827 2096 2037 2150 mianus
2064 2110 2078 2148 :
2118 2094 2226 2149 Aut
2256 2093 2501 2150 sacrifiea
2534 2094 2633 2148 deo
2671 2092 2906 2155 Herculi,
2939 2098 3028 2144 aut
3064 2106 3258 2147 carnes
3287 2099 3407 2145 tuas

1828 2185 2045 2258 ignibus
2080 2184 2357 2247 cremabo,
2406 2183 2726 2255 respondit:
2757 2182 2824 2236 Et
2865 2197 2965 2249 ego
3006 2182 3224 2252 quidem
3255 2195 3403 2236 sent-

1827 2291 1925 2349 per
1969 2278 2069 2333 hoc
2115 2275 2294 2346 optavi
2336 2275 2731 2345 (verumtamen
2773 2273 2817 2328 si
2867 2275 3092 2327 meritus
3137 2269 3312 2343 fuero)
3348 2279 3408 2325 ut

1827 2367 2186 2427 desideratam
2254 2382 2511 2422 coronant
2588 2365 2870 2435 accipiam.
2923 2364 3176 2418 Traditus
3247 2364 3408 2432 igitur

1827 2455 2081 2511 Laodicio
2111 2454 2382 2526 praefecto,
2410 2455 2609 2510 missus
2654 2461 2737 2509 est
2782 2453 2836 2507 in
2882 2452 3180 2507 custodiam
3218 2451 3404 2506 decent

1828 2556 1883 2601 et
1919 2555 2122 2615 septem
2152 2545 2357 2599 diebus.
2412 2544 2538 2598 lnde
2580 2543 2854 2598 exhibitus
2888 2550 2971 2597 est
2999 2543 3068 2597 ab
3095 2541 3406 2611 Aproniano

1828 2636 2302 2692 eommcntariensi
2346 2633 2655 2703 aspectibus
2698 2631 2957 2688 Laodicii.
2996 2632 3062 2688 Et
3100 2632 3280 2687 subito
3311 2630 3402 2684 lux

1830 2726 1895 2781 de
1929 2708 2231 2782 etelo’facta
2258 2731 2361 2790 est,
2390 2732 2445 2778 et
2473 2738 2575 2778 vox
2605 2738 2728 2779 cum
2768 2723 2886 2775 luce
2929 2722 3110 2776 audita
3140 2728 3265 2775 est:
3302 2717 3408 2774 Ve-

1830 2818 1956 2885 nite,
1988 2816 2237 2872 benedicti
2263 2814 2443 2870 Patris
2473 2832 2601 2881 met,
2621 2815 2867 2885 percipite
2910 2830 3125 2884 regnum
3158 2812 3297 2885 quod
3321 2828 3408 2867 ro-

1831 2908 1907 2963 bis
1933 2917 2176 2980 paratum
2208 2915 2283 2962 est
2314 2924 2345 2961 a
2376 2906 2743 2962 constitutione
2774 2905 2953 2959 mundi
2994 2904 3210 2975 (Matth.
3252 2904 3405 2973 xxv).

1831 2999 1985 3056 Tunc
2020 2998 2363 3069 Apronianus
2399 2995 2749 3052 tremefactus
2777 2995 2971 3051 cecidit
3008 2995 3076 3050 ad
3114 2994 3279 3066 pedes
3318 2992 3407 3050 Si-

1830 3090 1995 3146 sinttii
2042 3089 2296 3154 diaconii,
2347 3089 2533 3143 dicens
2576 3105 2589 3141 :
2634 3086 2838 3156 Adiuro
2890 3095 2941 3142 te
2993 3101 3092 3157 per
3134 3086 3407 3144 Christum

1835 3195 1994 3252 quem
2036 3178 2332 3243 confiteris,
2363 3194 2429 3232 ne
2458 3176 2639 3231 tardes
2687 3191 2774 3230 me
2826 3175 3122 3246 baptizare,
3150 3184 3206 3231 et
3245 3173 3412 3229 facias

1832 3285 1919 3327 me
1950 3280 2127 3326 tecum
2156 3268 2465 3341 pertingere
2507 3266 2574 3320 ad
2614 3281 2890 3321 coronam.
2936 3265 3038 3333 Qui
3084 3265 3409 3336 baptizatus,

1832 3361 2015 3417 statim
2058 3359 2473 3416 obtruncatione
2510 3356 2703 3427 capitis
2746 3371 3002 3411 coronam
3048 3355 3291 3427 martyrii
3330 3354 3412 3409 in-

1832 3455 1997 3510 venit.
2025 3452 2345 3508 Retruditur
2384 3452 2578 3505 iterttm
2609 3448 2661 3502 in
2692 3447 2996 3503 custodiam
3039 3446 3328 3521 Sisinnius,
3356 3453 3411 3500 et

1833 3558 1998 3600 senex
2028 3540 2354 3598 Saturninus
2396 3554 2520 3594 cum
2558 3537 2669 3602 illo,
2697 3536 2785 3590 ubi
2824 3535 3020 3590 multos
3060 3534 3284 3604 gentiles
3321 3549 3408 3588 ve-

1832 3636 2043 3691 nientes
2062 3633 2128 3688 ad
2158 3648 2215 3687 se
2239 3630 2522 3692 docebant,
2546 3638 2602 3682 et
2626 3624 2993 3697 baptizabant.
3021 3624 3408 3693 Postquadra-

1832 3728 1977 3800 ginta
1999 3725 2132 3781 duos
2153 3724 2287 3788 dies,
2313 3719 2475 3775 vineti
2499 3719 2727 3783 catenis,
2755 3732 2820 3771 ac
2845 3716 3005 3777 nudis
3031 3716 3256 3785 pedibus
3282 3714 3411 3769 edu-

1833 3817 1906 3873 cti
1935 3816 2110 3871 denuo
2135 3822 2260 3868 ante
2288 3810 2597 3883 praefectum
2620 3826 2635 3875 ;
2676 3808 2851 3864 delata
2873 3815 2958 3862 est
2999 3807 3205 3877 tripoda
3238 3814 3296 3860 ut
3323 3821 3411 3861 sa-

1832 3906 2160 3971 criﬁcarent.
2186 3903 2337 3969 Tunc
2374 3903 2567 3965 beatus
2593 3897 2921 3955 Saturninus
2943 3897 3081 3953 dixit
3109 3914 3122 3950 :
3151 3895 3411 3969 Conterat

1836 3997 2092 4065 Dominus
2108 3996 2288 4061 ,deos,
2303 3994 2561 4068 gentium.
2590 3992 2658 4047 Et
2699 3990 2957 4048 continuo
2985 3989 3160 4045 soluta
3197 3997 3282 4043 est
3310 3988 3410 4044 tri-

1835 4089 1975 4160 poda
2006 4103 2149 4147 terea
2176 4084 2321 4141 velut
2345 4085 2536 4138 lutum.
2568 4081 2719 4151 Quod
2756 4080 3001 4136 videntes
3037 4078 3144 4133 duo
3188 4078 3408 4142 milites,

1835 4180 2029 4252 Papias
2064 4189 2119 4236 et
2147 4178 2385 4243 Maurus,
2415 4174 2765 4230 crediderunt
2791 4172 3026 4228 Christo.
3073 4171 3138 4226 Et
3164 4186 3414 4241 compre-

1835 4273 1992 4329 hensi
2019 4287 2050 4326 a
2076 4268 2353 4333 Laodicio,
2377 4282 2482 4322 non
2533 4263 2700 4319 multo
2730 4273 2849 4336 post
2879 4262 3140 4334 martyrio
3168 4260 3412 4317 coronati

1838 4372 1982 4420 sunt.
2014 4362 2217 4418 Deinde
2259 4357 2547 4419 Laodieius
2584 4356 2801 4412 beatum
2844 4368 3028 4411 senem
3057 4350 3406 4407 Saturninum

1840 4464 1894 4510 et
1922 4452 2216 4510 Sisinnium
2244 4452 2298 4506 in
2326 4447 2555 4519 cquulco
2578 4444 2742 4515 jussit
2766 4443 2950 4509 levari,
2975 4453 3030 4497 et
3057 4441 3256 4496 attrahi
3286 4454 3413 4495 ner-

230 4554 434 4608 Enlem
463 4550 572 4619 die,
592 4553 775 4619 sancti
808 4551 927 4617 Rufi
970 4551 1245 4634 martyris,
1275 4566 1435 4620 quem
1474 4549 1732 4605 Dominus
1759 4542 1809 4603 D
1834 4548 1917 4604 vis
1947 4563 2010 4602 ac
2049 4544 2300 4608 fustibus,
2337 4550 2390 4597 et
2426 4536 2979 4634 scorpionibus-etum.
3008 4535 3215 4632 Quibus
3241 4534 3407 4634 etiam

155 4652 348 4699 noster
400 4639 553 4698 Jesus
593 4642 870 4708 Christus,
921 4657 1042 4697 cum
1096 4642 1243 4696 omni
1283 4638 1443 4694 domo
1480 4655 1609 4706 sua,
1638 4655 1735 4710 per

155 4736 567 4803 Chtysngonum
622 4744 913 4803 martyrem
962 4731 1355 4794 lucratusest;
1390 4745 1569 4798 quem,
1612 4745 1736 4784 cum

154 4826 308 4881 omni
338 4824 499 4879 domo
524 4840 618 4881 sua
651 4823 1013 4881 Diocletianus
1053 4821 1318 4892 punitum,
1349 4820 1562 4876 Christo
1592 4838 1733 4875 mar-

158 4929 335 4989 tyrem
368 4916 512 4973 fecit.
1346 4896 1353 4902 ’

229 5008 435 5063 Eodem
460 5007 547 5061 die
569 5008 706 5076 apud
737 5007 998 5073 Africam,
1032 5004 1223 5061 natalis
1255 5012 1562 5059 sanctorum
1594 5018 1734 5057 mar-

159 5109 211 5169 ty
225 5114 344 5152 runt
374 5099 581 5168 Papinii
612 5109 665 5153 et
692 5098 953 5153 Mansueti
985 5097 1013 5137 ιι
1039 5098 1436 5168 episc0porum,
1472 5094 1561 5163 qui
1603 5102 1735 5148 tem-

155 5206 295 5261 pore
342 5188 671 5245 Wandaliecc
716 5189 1125 5260 persecutionis,
1156 5188 1258 5242 sub
1298 5186 1573 5243 Geiserteo
1616 5198 1740 5256 rege

155 5286 391 5346 Ariano,
424 5299 519 5353 pro
551 5282 670 5337 fidei
716 5281 992 5337 catholicae
1022 5279 1355 5344 defensione,
1391 5278 1743 5333 candentibus

158 5373 298 5429 ferri
330 5374 543 5427 luminis
576 5380 687 5426 toto
716 5386 942 5441 corpore
969 5368 1167 5434 adusti,
1199 5368 1487 5439 gloriosum
1515 5380 1739 5437 agonem

159 5472 695 5521 consummaverunt.
743 5463 858 5530 Quo
912 5446 1153 5532 tetnptire
1209 5461 1370 5515 etiam
1424 5457 1512 5513 alii
1567 5457 1739 5513 sancti

159 5556 436 5628 episcopi,
497 5556 745 5611 videlicet
783 5550 1185 5621 Quodvultdeus
1241 5547 1737 5619 Carthaginiensis,

242 5680 272 5709 ι
306 5657 531 5737 Cregor.
564 5668 790 5737 Turon,
822 5668 886 5718 de
913 5663 1061 5719 Glor.
1093 5662 1257 5728 conf.,
1285 5678 1331 5717 ο.
1366 5661 1457 5715 85.

218 5738 272 5797 ,δ
311 5736 512 5793 Victor.
540 5737 679 5803 Afr,
719 5736 751 5788 Ι.
788 5751 821 5789 ιι
850 5746 902 5789 et
934 5749 1011 5787 ιιι.

1838 4630 2177 4703 postmodum
2221 4627 2465 4682 ﬂammas
2499 4625 2565 4679 ad
2599 4623 2766 4678 latera
2793 4620 2958 4690 jussit
2991 4619 3209 4691 apponi,
3235 4627 3291 4674 et
3318 4619 3411 4674 de-

1838 4724 2042 4798 positos
2093 4719 2339 4790 equulen,
2383 4718 2679 4787 ductosque
2726 4713 2976 4769 milliario
3024 4711 3286 4777 secundo,
3324 4710 3408 4764 via

1837 4813 2199 4873 Nomentana.
2236 4809 2413 4879 capite
2455 4806 2712 4862 truncari.
2747 4803 2984 4871 Quorum
3027 4817 3254 4873 corpora
3285 4816 3406 4857 eum

1839 4900 2044 4958 Joanne
2093 4900 2405 4971 presbytero
2448 4897 2703 4966 colligens
2743 4893 3009 4957 Thrasea,
3039 4893 3122 4947 vir
3152 4890 3415 4947 Christia-

1841 4995 2119 5056 nissimus,
2145 4992 2237 5061 qui
2277 4990 2341 5046 de
2384 4987 2726 5042 facultatibus
2753 4984 2865 5039 suis
2894 4982 3222 5054 martyribus
3243 4979 3408 5035 multa

1844 5083 2265 5142 ntinistraverat,
2290 5076 2536 5147 sepelivit
2562 5075 2612 5127 in
2644 5071 2901 5141 prtediolo
2926 5085 3048 5126 suo.
3069 5069 3155 5123 via
3180 5065 3409 5127 Salaria,

1843 5171 1943 5228 sub
1972 5170 2057 5224 die
2089 5168 2246 5222 tertio
2277 5165 2495 5220 Kalend.
2526 5162 2774 5223 Deeemb.
2801 5173 2805 5177 ‘

1916 5259 2115 5316 Eodem
2165 5258 2252 5312 die
2298 5254 2437 5326 apud
2477 5252 2746 5316 Tolosam,
2779 5248 2975 5304 natalis
3015 5245 3186 5302 sancti
3223 5242 3412 5299 Satur-

1849 5354 1960 5409 nini
1982 5350 2007 5390 δ
2049 5348 2286 5421 episcOpi
2317 5366 2330 5400 :
2362 5346 2452 5415 qui
2499 5343 2827 5414 temporibus
2856 5339 3035 5403 Decii,
3071 5336 3124 5391 in
3150 5333 3415 5421 Capitolio

1845 5440 2262 5516 ejusdemurbis
2302 5454 2333 5492 a
2378 5436 2603 5507 paganis
2651 5441 2854 5495 tentus,
2884 5445 2948 5484 eo
2997 5426 3137 5497 quod
3186 5423 3252 5478 ad
3296 5420 3413 5490 ejus

1845 5512 2186 5606 ptacsetttiattt
2212 5540 2401 5585 omnes
2426 5528 2663 5598 ipsorum
2698 5522 2770 5578 dii
2810 5516 3177 5579 obmutefacti,
3213 5512 3413 5569 nullum

1918 5659 1939 5685 "-
1989 5646 2060 5698 De
2092 5645 2175 5698 his
2200 5641 2367 5713 gestis
2390 5634 2632 5713 Marcelli
2644 5648 2812 5713 papze,
2841 5628 2908 5713 lli
2928 5631 3055 5684 Jan.

1928 5716 1941 5755 ί
1985 5696 2470 5783 ῧνρέὸι·Ῐ³Τιιι-οιι.,
2501 5707 2565 5761 de
2595 5696 2740 5761 (ποεῖ.
2776 5710 2958 5765 mart.,
2992 5714 3108 5767 cap.
3140 5696 3227 5751 ιε.
