3936 6348
110 350 230 418 ιου

484 464 547 524 G.
590 462 659 519 IV
693 460 920 518 NONAS
957 462 1364 518 DECEMBRIS.

802 554 859 628 (Ξ
895 555 1051 627 Der.)

197 645 387 702 Natale
416 655 620 701 sancta:
648 644 889 701 Viviana:
920 646 1043 718 [αξη
1075 644 1336 718 Bivianm]
1368 658 1393 686 α
1431 647 1711 717 martyris,

110 738 407 794 beatorum
437 748 738 809 martyrum
766 736 958 792 Fausti
990 749 1045 793 et
1070 738 1311 794 Dafrosze
1332 740 1361 779 ι»
1392 739 1530 793 ﬁlim.
1553 738 1706 805 Qum,

107 826 345 896 iubente
400 828 731 897 imperatore
780 828 1072 899 sacrilego,
1125 840 1231 882 tam
1281 830 1369 883 diu
1426 828 1715 899 plumbatis

115 933 268 973 caesa
318 925 426 983 est,
473 918 644 972 donec
694 917 945 995 spiritum
996 918 1265 972 redderet.
1310 916 1477 986 Cujus
1518 932 1714 987 corpus

114 1008 292 1063 biduo
328 1007 485 1086 jussu
526 1008 868 1084 imperatoris
899 1008 951 1065 in
995 1010 1111 1064 foro
1132 1008 1335 1077 jacuit;
1374 1009 1585 1063 tandem
1627 1024 1713 1063 ra-

115 1108 281 1177 ptum
309 1115 340 1153 a
367 1098 573 1155 Joanne
616 1101 973 1171 presbytero,
1016 1100 1281 1171 sepultum
1327 1109 1410 1155 est
1454 1100 1507 1154 in
1553 1102 1714 1155 domo

117 1191 220 1246 ubi
279 1198 457 1246 mater
518 1202 573 1247 et
625 1206 781 1246 soror
833 1191 950 1261 ejus
999 1191 1268 1246 Demetria
1321 1192 1433 1262 jam
1491 1189 1713 1261 sepulta:

118 1292 303 1350 erant,
342 1284 496 1354 juxta
536 1282 794 1354 palatium
833 1282 1172 1338 Licinianum
1215 1283 1419 1348 Romaz,
1454 1297 1504 1336 Iv
1528 1280 1712 1336 Nonas

122 1374 467 1431 Decembris.

491 1487 559 1541 Α.
597 1486 661 1542 lll
700 1486 931 1543 NONAS
970 1485 1377 1543 DECEMBRIS.

798 1578 857 1649 (δ
881 1577 1033 1648 Dec.)

194 1690 353 1761 Tingi
407 1689 691 1760 metropoli
747 1688 1084 1747 Mauritaniae
1127 1690 1457 1763 Tingitanum,
1515 1690 1708 1753 natalis

120 1783 297 1837 sancti
330 1780 576 1837 Cassiani
610 1783 870 1853 martyris
895 1782 1133 1853 gloriosi.

191 1873 347 1936 ltem,
379 1874 559 1927 natale
598 1881 912 1928 sanctorum
952 1884 1253 1946 martyrum
1293 1875 1503 1932 Claudii
1536 1876 1705 1932 tribu-

120 1968 200 2031 ni,
230 1976 288 2021 et
332 1966 522 2020 uxoris
566 1966 685 2036 ejus
735 1964 970 2030 Hilariae,
1011 1983 1075 2023 ac
1122 1968 1352 2023 filiorum
1387 1969 1602 2025 Jasonis
1651 1978 1706 2025 et

119 2056 317 2121 Mauri,
345 2065 401 2111 et
435 2055 775 2127 septuaginta
824 2055 1075 2122 militum,
1105 2057 1196 2127 qui
1228 2072 1416 2113 omnes
1458 2057 1526 2115 ad
1570 2071 1704 2128 prte-

118 2147 445 2201 dicationem
480 2146 621 2201 beati
646 2144 974 2217 Chrysanthi
1003 2148 1349 2204 crediderunt
1379 2149 1433 2204 in
1463 2147 1701 2205 Christo.

120 2239 276 2307 Quod
302 2249 362 2294 ut
385 2240 690 2293 nuntiatum
719 2247 804 2294 est
828 2238 1157 2295 Numeriano
1186 2241 1520 2311 imperatori,
1541 2241 1705 2310 jussit

117 2329 402 2384 Claudium
468 2329 739 2383 tribunum
781 2330 983 2400 ingenti
1029 2346 1160 2385 saxo
1194 2331 1467 2402 alligatum
1512 2332 1701 2402 praeci—

119 2419 280 2488 pitari
318 2420 370 2477 in
406 2418 583 2473 medio
612 2419 782 2485 mari;
831 2419 1031 2474 milites
1072 2435 1202 2476 vero
1248 2421 1587 2493 septuaginta
1638 2437 1704 2477 ac

120 2509 381 2564 Iasonem
408 2518 462 2563 et
482 2509 744 2576 Maurum,
770 2510 909 2567 ﬁlios
936 2510 1163 2577 Claudii,
1191 2511 1409 2581 capitali
1432 2513 1703 2567 sententia

124 2604 328 2674 puniri.
360 2604 490 2660 Erat
516 2617 688 2661 autem
720 2607 773 2662 in
806 2606 923 2663 loco
952 2608 1041 2662 ubi
1078 2607 1327 2663 decollati
1367 2617 1515 2674 sunt,
1545 2609 1701 2663 cuni.

123 2694 281 2749 culus
324 2696 594 2764 antiquus.
635 2696 788 2752 Hunc
831 2698 1189 2754 emundantes
1229 2706 1513 2754 noctanter
1546 2700 1697 2754 Chri-

118 2784 281 2838 stiani
325 2784 484 2839 simul
526 2785 579 2839 in
626 2801 795 2841 unum
843 2787 1024 2841 omnia
1074 2800 1301 2857 corpora
1348 2787 1700 2857 sepelierunt,

118 2891 225 2931 non
270 2876 429 2947 longe
460 2877 528 2933 ab
555 2878 689 2933 urbe
728 2877 922 2944 Roma,
952 2879 1037 2933 via
1069 2879 1301 2934 Salaria.
1334 2878 1575 2949 Corpora
1606 2895 1701 2934 au.-

116 2977 225 3023 tem
272 2969 506 3023 filiorum
551 2984 771 3024 suorum
800 2969 1013 3025 Iasonis
1039 2980 1093 3025 et
1122 2970 1290 3025 Mauri
1327 2970 1542 3043 collegit
1570 2986 1700 3026 san-

113 3067 200 3112 eta
239 3058 464 3122 Hilaria,
492 3058 680 3113 relicta
718 3059 973 3130 martyris
993 3057 1220 3114 Claudii.
1245 3059 1376 3126 Qua:
1403 3061 1529 3115 dum
1568 3061 1700 3116 assi-

113 3151 238 3206 duis
269 3152 547 3221 obsequiis
589 3152 658 3206 ad
704 3160 1013 3207 sanctorum
1060 3152 1452 3208 confessionem
1493 3163 1694 3220 oraret,
1725 3175 1769 3237 ρ

115 3253 145 3290 a
186 3238 416 3309 paganis
453 3248 600 3293 tenta
627 3247 726 3294 est.
757 3238 928 3305 Quam
969 3240 1098 3294 dum
1138 3242 1444 3306 traherent,
1491 3244 1699 3313 rogavit

113 3345 210 3384 eos
238 3331 453 3397 dicens,
478 3332 708 3387 obsecro
734 3346 849 3394 vos,
877 3332 1175 3402 permittite
1216 3348 1303 3386 me
1325 3334 1472 3403 prius
1499 3335 1700 3391 oratio-

112 3437 240 3476 nem
288 3436 463 3477 meam
503 3422 795 3492 compiere.
825 3422 891 3476 Et
931 3423 1057 3476 dum
1105 3422 1306 3476 ﬁxisset
1339 3423 1700 3493 gradum,ac-

112 3512 261 3581 cepit
304 3521 702 3567 sacramentum
750 3510 995 3575 Domini,
1043 3519 1099 3565 et
1148 3512 1462 3581 expandens
1510 3529 1701 3575 manus

110 3621 266 3670 suas,
287 3605 515 3675 projecit
557 3621 617 3660 se
654 3604 709 3660 in
748 3605 1074 3669 orationem,
1105 3616 1159 3659 et
1189 3605 1315 3660 dum
1338 3613 1541 3671 oraret,
1566 3605 1700 3660 emi-

110 3698 184 3753 sit
218 3698 489 3768 spiritum.
522 3697 623 3765 Qui
668 3707 954 3752 tenuerant
987 3712 1128 3761 eam,
1156 3697 1399 3753 dolentes
1424 3712 1587 3768 super
1614 3714 1699 3753 τρε»

108 3789 394 3858 pentinnm
422 3788 627 3843 obitum
651 3789 787 3859 ejus,
817 3786 1151 3857 reliquerunt
1176 3788 1311 3843 duas
1336 3788 1560 3842 ancillas
1580 3788 1697 3859 ejus

108 3897 233 3955 qua:
272 3896 395 3937 cum
427 3896 490 3936 ea
524 3894 710 3946 erant;
740 3896 859 3950 quae
895 3879 1222 3950 sepelierunt
1248 3894 1369 3933 eam
1401 3879 1697 3950 diligentis-

107 3972 250 4025 sime
295 3972 348 4025 in
390 3972 563 4026 hortis
603 3972 735 4038 suis,
762 3980 816 4027 et
851 3987 1011 4041 super
1052 3986 1171 4025 eam
1204 3968 1578 4026 brevissimam
1608 3986 1698 4025 ec-

105 4063 333 4118 clesiam
364 4061 784 4118 fabricaverunt.

398 4194 459 4247 Β.
494 4193 720 4248 PRIDIE
754 4192 983 4249 NONAS
1022 4192 1428 4249 DECEMBRIS.

788 4284 844 4357 (t
878 4283 1030 4355 Dec.)

179 4397 392 4464 Romae,
425 4395 600 4451 natale
624 4404 932 4451 sanctorum
957 4402 1253 4464 martyrum
1276 4391 1619 4463 Symplironii
1637 4398 1695 4446 et

806 349 1415 407 MARTYROLOGlUM
1453 349 1597 408 CUM
1638 351 2180 411 ADDITAMENTIS.
2219 389 2287 398 —
2328 358 2534 432 MENS.
2578 362 2728 419 ΠΕΟ.

3301 367 3408 423 416

1644 466 1645 469 “
1739 469 1788 528 Α
1820 465 1872 519 in
1914 475 2143 535 catasta,
2175 479 2337 540 atque
2382 472 2614 529 fustibus
2658 476 2909 539 mactari,
2947 476 3139 534 deinde
3180 479 3404 535 simula-

1819 571 1971 611 crum
2008 558 2192 615 Martis
2220 576 2442 617 aureum
2473 581 2576 619 una
2609 581 2730 620 cum
2762 568 2968 637 tripoda
3001 569 3221 624 deferri.
3247 570 3402 637 Quod

1818 649 2003 703 statim
2050 650 2114 705 ad
2151 653 2317 708 verba
2354 654 2701 727 Symphronii
2750 659 3041 714 resolutum
3072 670 3171 715 est.
3205 660 3408 719 Videas

1817 747 1997 793 autem
2051 739 2354 815 Olympius,
2404 746 2570 814 coepit
2617 747 2905 813 admirari,
2956 757 3012 803 ct
3062 749 3286 804 veniens
3340 752 3407 806 ad

1816 843 2039 887 uxorem
2084 846 2238 885 snam
2280 832 2627 902 Exuperiam,
2664 837 2922 892 indicavit
2959 837 3009 892 ei
3049 839 3320 908 quomodo
3350 839 3406 893 in

1815 921 2035 976 noniine
2084 922 2179 976 Dei
2232 923 2316 978 sui
2369 922 2767 996 Symplironius
2818 928 3168 983 simulacrum
3218 928 3405 984 Martis
3497 961 3509 974 -

1812 1006 2201 1080 liquefecisset.
2234 1011 2434 1068 Eadem
2466 1027 2595 1070 vero
2632 1025 2789 1071 nocte
2818 1017 3097 1073 venientes
3132 1033 3253 1073 cum
3294 1017 3403 1072 ﬁlio

1813 1098 1974 1152 unico
2019 1100 2237 1154 nomine
2265 1099 2565 1171 Theodulo,
2590 1113 2999 1173 prostraverunt
3036 1121 3098 1161 se
3138 1106 3204 1160 ad
3238 1107 3404 1175 pedes

1813 1185 2193 1257 Symphronii,
2242 1199 2465 1261 agentes
2515 1192 2921 1261 paenitentiam,
2966 1202 3025 1249 et
3073 1177 3402 1264 baptismum

1811 1277 2003 1332 salutis
2030 1291 2403 1350 exposcentes.
2436 1280 2705 1338 Evocatus
2742 1285 2924 1355 itaque
2948 1286 3141 1340 beatus
3170 1284 3401 1355 Stepha-

1814 1383 1914 1424 nus
1959 1371 2226 1440 pontifex,
2266 1373 2411 1428 venit
2454 1383 2619 1429 noctu
2670 1377 2738 1431 ad
2784 1377 3003 1431 domum
3051 1376 3304 1448 Olympii,
3345 1384 3401 1430 et

1809 1461 2207 1517 eateehizatum
2257 1463 2587 1533 baptizavit,
2642 1480 2974 1537 uxoremque
3020 1466 3139 1537 ejus
3183 1468 3396 1537 Exupe-

1770 1612 1778 1617 ,
1812 1553 1946 1608 riam
1983 1569 2047 1610 ac
2085 1554 2255 1610 liliqu
2287 1555 2646 1623 Theodulum,
2675 1568 2729 1614 et
2757 1566 3023 1630 quotquot
3051 1558 3399 1614 crediderunt

1810 1641 1863 1695 in
1905 1641 2067 1700 domo
2110 1643 2361 1717 Olympii.
2402 1645 2555 1713 Quod
2589 1655 2650 1702 ut
2678 1648 2968 1704 audierunt
2994 1648 3315 1705 Valerianus
3341 1658 3397 1705 et

1807 1732 2107 1800 Gallienus,
2138 1735 2307 1791 nimio
2338 1735 2519 1792 furore
2543 1738 2780 1804 accensi,
2798 1737 3082 1809 jusserunt
3109 1738 3401 1810 Symphro-

1736 1827 1780 1886 Β
1810 1826 1958 1880 nium
2007 1827 2110 1882 sibi
2150 1829 2489 1897 praesentari,
2521 1831 2809 1900 missisque
2850 1830 3135 1897 militibus,
3162 1831 3397 1886 adduxe-

1807 1924 1933 1969 runt
1975 1931 2102 1971 eum
2140 1917 2369 1974 vinculis
2410 1918 2601 1976 ferreis
2645 1928 2951 1985 oneratum,
2978 1920 3289 1990 nudumque
3329 1934 3396 1974 ae

1806 2009 2189 2077 eapistratum,
2219 2011 2380 2067 simul
2413 2020 2468 2065 et
2495 2010 2802 2083 Olympium
2832 2027 2956 2066 cum
2986 2026 3154 2067 uxore
3191 2026 3310 2075 sua,
3339 2018 3398 2066 et

1806 2096 1919 2151 ﬁlio
1969 2098 2269 2152 Theodulo.
2324 2098 2604 2155 Gallienus
2660 2100 2846 2169 itaque
2899 2099 3039 2155 dixit
3095 2098 3390 2170 Olympio:

1805 2191 1995 2245 Adhuc
2023 2191 2242 2261 quidem
2283 2190 2474 2246 differo
2507 2202 2790 2261 poenarum
2827 2192 2922 2246 tibi
2964 2190 3166 2245 inferre
3190 2189 3396 2260 suppli-

1805 2286 1908 2351 cia,
1939 2286 2032 2356 qui
2082 2286 2151 2342 de
2197 2294 2285 2341 tua
2329 2285 2658 2341 conscientia
2699 2286 2893 2341 dubius
2931 2300 3038 2341 non
3080 2300 3222 2349 sum,
3247 2283 3393 2354 quod

1805 2390 2148 2452 neqpaquam
2187 2376 2407 2432 deseras
2449 2376 2579 2429 deos
2618 2387 2756 2445 quos
2796 2389 3012 2444 semper
3053 2371 3313 2437 adorasti,
3337 2380 3395 2426 et

1805 2466 1940 2520 alios
1970 2464 2331 2535 compellebas
2356 2465 2627 2527 adorare;
2657 2476 2782 2517 nam
2812 2473 2869 2517 et
2899 2462 3184 2518 tormentis
3210 2459 3395 2514 multis

1803 2555 2237 2626 persequebaris,
2289 2569 2460 2624 usque
2490 2554 2559 2608 ad
2604 2551 2922 2609 effusionem
2969 2550 3265 2621 sanguinis,
3299 2549 3392 2619 qui

1804 2660 1910 2698 non
1957 2644 2259 2713 praeberent
2304 2657 2629 2698 consensum
2671 2641 2981 2697 sacriﬁcare
3022 2639 3126 2695 diis
3165 2639 3388 2692 nostris.

1803 2735 2085 2808 Olympius
2137 2734 2458 2804 respondit:
2493 2734 2606 2803 Ego
2649 2733 2866 2804 quidem
2919 2731 3021 2786 feci
3073 2746 3182 2786 non
3231 2729 3390 2799 quasi

1803 2827 2104 2900 Olympius,
2137 2827 2231 2882 sed
2256 2826 2411 2895 quasi
2444 2825 2638 2895 impius
2678 2833 2735 2880 et
2781 2822 3035 2879 crudelis.
3066 2821 3171 2877 Pro
3192 2821 3388 2891 quibus

1803 2920 2109 2975 commissis
2124 2921 2384 2991 pzrniteo,
2410 2929 2465 2975 et
2482 2918 2697 2975 eﬁ'undo
2724 2919 2990 2991 laerymas
3015 2916 3391 2972 amaritudinis

1802 3014 1856 3068 in
1888 3023 2178 3083 conspectu
2214 3013 2340 3083 ejus
2369 3014 2457 3068 cui
2486 3013 2671 3079 credo,
2700 3015 2810 3069 Deo
2829 3013 2951 3067 vivo
2973 3020 3028 3067 et
3048 3026 3196 3078 vero,
3217 3010 3389 3076 Patri,

1803 3116 1857 3161 et
1885 3105 2046 3171 Filio,
2076 3115 2129 3160 et
2160 3104 2387 3176 Spiritui
2427 3114 2634 3168 sancto,
2672 3113 2732 3159 ut
2757 3105 3012 3174 dignetur
3035 3103 3167 3158 mihi
3196 3101 3385 3158 remit-

1804 3206 1916 3261 tere
1944 3198 2284 3268 iniquitatem
2318 3212 2483 3267 quam
2525 3196 2745 3253 exercui
2786 3197 2838 3250 in
2877 3194 3138 3267 sanguine
3175 3201 3389 3249 sancto-

1801 3306 1919 3345 rum
1942 3288 2079 3357 ejns,
2114 3304 2273 3359 quem
2304 3287 2408 3344 feci
2440 3288 2662 3344 effundi.
2692 3287 2843 3342 Tunc
2884 3287 3008 3341 data
3052 3293 3138 3341 est
3180 3294 3392 3340 senten-

1801 3383 1875 3436 tia
1923 3390 1984 3435 ut
2031 3382 2154 3450 igne
2194 3388 2663 3435 consumerentur.
2690 3377 2845 3433 Ducti
2887 3385 3013 3433 sunt
3052 3377 3235 3445 itaque
3264 3382 3391 3429 ante

1799 3481 2034 3529 statuam
2063 3472 2203 3526 Solis
2232 3470 2896 3542 juxta'amphitheatruni,
2932 3468 3161 3537 ﬁxisque
3191 3466 3390 3537 stipiti-

1800 3565 1921 3630 bus,
1950 3572 2006 3620 et
2031 3564 2209 3634 ligatis
2250 3564 2501 3617 manibus
2529 3561 2763 3617 devincti
2794 3569 2939 3625 sunt,
2972 3568 3025 3615 et
3058 3559 3111 3615 in
3142 3574 3389 3614 sarmen-

1800 3667 1974 3713 torum
2006 3656 2394 3726 spinarumque
2433 3653 2687 3724 congerie
2726 3652 2869 3723 ignis
2899 3652 3227 3722 suppositus.
3258 3652 3386 3706 Sta-

1799 3750 2004 3817 timque
2051 3747 2104 3801 in
2146 3747 2263 3814 ipso
2306 3744 2447 3814 ignis
2482 3743 2656 3806 initio,
2692 3742 2894 3813 gratias
2915 3739 3132 3796 Christo
3158 3728 3387 3796 Domino

1797 3839 2166 3902 decantantes,
2190 3836 2490 3891 emiserunt
2515 3834 2784 3904 spiritum.
2813 3832 3037 3889 Relictis
3061 3844 3241 3887 autem
3264 3845 3387 3889 cor-

1794 3931 2018 4003 poribus
2054 3943 2267 3995 eorum,
2299 3926 2502 3982 milites
2549 3926 2816 3981 abierunt.
2855 3923 3161 3980 Adveniens
3200 3931 3381 3978 autem

1799 4032 2018 4079 sanctus
2055 4022 2364 4092 Stephanus
2399 4023 2688 4092 episcopus
2722 4036 2844 4076 cum
2881 4018 3098 4074 clericis
3143 4032 3210 4073 ac
3252 4015 3422 4072 reti--

1782 4113 1983 4182 giosis,
2005 4120 2054 4167 et
2094 4111 2310 4183 hymnis
2337 4126 2403 4166 ex
2439 4126 2588 4166 more
2613 4109 2860 4175 redditis,
2891 4109 3229 4167 abstulerunt
3256 4120 3382 4163 cor-

1794 4215 1924 4271 pora
1956 4210 2251 4272 martyrum
2297 4200 2664 4272 Symphronii,
2698 4201 2954 4273 Olympii,
2992 4199 3275 4270 Exuperiaa
3310 4213 3377 4253 ac

1794 4292 2077 4354 Tlieoduii,
2103 4302 2157 4346 et
2176 4291 2511 4363 sepelierunt
2533 4291 2689 4362 juxta
2720 4292 2862 4345 viam
2893 4289 3163 4352 Latinam,
3195 4286 3384 4342 millia-

1795 4382 1876 4437 rio
1924 4381 2121 4451 primo,
2162 4381 2264 4436 sub
2308 4381 2397 4435 die
2442 4380 2678 4450 septimo
2726 4378 3087 4433 Kalendarum
3129 4374 3378 4446 Augusti.

98 4490 343 4565 Olympii
377 4501 397 4528 ε
433 4489 765 4573 temporibus
802 4485 1071 4542 Valeriani
1112 4495 1166 4539 et
1200 4482 1428 4539 Gallieni
1460 4482 1693 4563 impera-
1719 4520 1771 4582 Β
1796 4472 2079 4582 Translata
2132 4487 2260 4526 vero
2309 4487 2339 4525 a
2394 4470 2550 4582 hient:
2596 4470 2751 4582 sui?
2798 4466 3072 4582 Ροηξίίξεθι
3110 4465 3379 4522 celebrem

101 4593 313 4637 torum.
367 4580 573 4636 Horum
634 4595 798 4641 unum
843 4577 1288 4651 Symphronium,
1343 4576 1691 4631 creditarinm

98 4671 256 4726 beati
303 4668 568 4735 Nemesii,
612 4669 712 4725 sibi
757 4676 1137 4739 prmsentatum
1177 4664 1494 4722 Valerianus
1526 4665 1693 4735 jussit

99 4763 250 4818 tradi
283 4761 531 4836 Olympio
559 4764 807 4829 tribuno,
850 4771 907 4817 ut
950 4761 1018 4816 ab
1045 4777 1112 4816 eo
1144 4758 1425 4816 facultates
1458 4759 1688 4816 Nemesii

97 4851 437 4921 requireret,
466 4854 565 4907 sub
593 4854 876 4923 pinnarum
920 4851 1340 4907 examinatione.
1388 4849 1690 4916 Prmsenta-

96 4953 193 4996 tus
220 4956 357 5013 ergo
381 4941 645 5013 Olympio,
674 4949 730 4997 et
754 4942 821 4997 ab
846 4957 913 4997 eo
947 4943 1326 5012 interrogatus,
1366 4941 1643 5012 respondit
1673 4957 1687 4993 :

94 5034 158 5089 Si
194 5032 486 5088 facultates
528 5034 728 5103 quatris
770 5032 1005 5089 Nemesii
1053 5032 1254 5087 domini
1304 5033 1426 5095 mei,
1456 5029 1569 5100 jam
1599 5046 1692 5088 eas

91 5126 330 5182 Christo
363 5126 574 5189 tradidi,
610 5126 864 5196 quoniam
895 5125 1063 5196 ipsius
1091 5125 1302 5190 fuerant
1330 5131 1386 5178 et
1417 5131 1597 5179 erunt.
1634 5123 1691 5177 Si

91 5227 290 5272 autem
335 5217 660 5273 sacriﬁcium
702 5215 898 5272 oﬁ‘erre
944 5230 1030 5271 me
1072 5214 1381 5285 compellis,
1421 5214 1691 5280 sacriﬁco,

90 5307 199 5362 scd
227 5305 447 5361 Christo
473 5305 598 5362 Jesu
630 5306 857 5361 Domino
896 5320 1017 5361 meo
1055 5305 1384 5360 sacriﬁcium
1427 5304 1604 5359 laudis
1638 5313 1693 5363 et

86 5397 486 5463 confessionis,
512 5397 597 5453 cui
628 5413 687 5453 se
711 5396 908 5453 obtulit
945 5405 1002 5452 et
1037 5397 1285 5455 dominus
1315 5411 1470 5455 meus
1496 5394 1687 5453 Neme-

88 5493 242 5549 sius.
276 5491 428 5546 Tunc
454 5492 531 5546 ira
563 5491 796 5562 repletus
825 5490 1123 5563 Olympius,
1156 5491 1284 5546 ferit
1316 5503 1439 5546 eum
1467 5489 1684 5543 extendi

169 5620 201 5649 ι
241 5607 318 5662 De
344 5609 444 5663 hac
474 5609 526 5662 in
564 5608 679 5663 Vita
709 5608 881 5664 sancti
912 5606 1194 5678 Pigmenii,
1223 5608 1294 5664 “ll
1327 5605 1486 5678 Mart.

176 5683 205 5718 ι’
248 5678 325 5751 De
350 5679 433 5751 his
457 5680 508 5734 in
535 5680 700 5751 gestis
728 5674 1055 5751 Chrysanthi
1085 5688 1139 5731 ct
1160 5680 1358 5751 Dari-ae.
1392 5674 1611 5751 g5_0ct.

176 5759 201 5787 ο
246 5748 323 5805 De
350 5750 434 5805 his
455 5751 509 5806 in
536 5746 685 5806 Actis
716 5746 885 5807 sancti
912 5747 1170 5819 Stephani
1200 5765 1371 5820 papae,
1394 5746 1430 5800 2
1451 5746 1591 5815 Aug.

1796 4564 1937 4618 diem
1966 4564 2215 4619 fecerunt
2238 4562 2478 4617 secundo
2500 4560 2681 4616 Nonas
2704 4558 3033 4615 Decembris.

2193 4673 2252 4730 C.
2289 4670 2492 4728 NONIS
2529 4670 2947 4728 DECEMBRIS.

2467 4762 2523 4834 (5
2561 4756 2712 4832 Dec.)

1866 4855 1922 4920 in
1972 4852 2153 4909 Africa
2196 4853 2337 4923 apud
2377 4851 2661 4909 Coloniam
2712 4850 3121 4914 Tltebestinam,
3181 4849 3381 4907 natalis

1794 4954 1995 5001 sanetae
2018 4945 2277 5015 Crispina:
2328 4943 2382 5008 ἀ,
2448 4958 2569 5013 quae
2605 4943 2936 5012 temporibus
2963 4942 3280 4998 Diocletiani
3324 4950 3381 4997 et

1793 5039 2126 5104 Maximiani,
2159 5052 2283 5093 cum
2312 5037 2623 5092 sacriﬁcare
2664 5035 2945 5097 noluisset,
2968 5032 3123 5105 jussu
3155 5032 3376 5089 Anulini

1793 5131 2135 5203 proconsulis
2166 5129 2426 5186 decollata
2456 5139 2559 5185 est.

1863 5226 2064 5282 Eodem
2093 5224 2200 5290 die,
2228 5224 2405 5279 natale
2430 5222 2602 5279 sancti
2633 5221 2883 5276 Dalmatii
2915 5216 3192 5288 martyris.

1864 5318 1995 5376 Item
2046 5317 2162 5387 ipsa
2214 5316 2300 5371 die
2334 5313 2609 5378 Treviris,
2657 5311 2830 5367 sancti
2872 5308 3065 5363 Nicetii
3110 5302 3371 5374 episcopi,

1791 5409 1957 5464 totius
1980 5406 2281 5463 sanctitatis
2300 5405 2423 5470 viri,
2448 5404 2542 5475 qui
2584 5403 2636 5458 in
2665 5400 2883 5458 basilica
2914 5397 3054 5453 beati
3095 5390 3368 5449 Maximini

1789 5500 2025 5570 episcopi
2057 5500 2297 5571 sepultus
2326 5497 2575 5568 quiescit.

1858 5609 1884 5648 (ί
1925 5609 2232 5682 August._i_n
2256 5609 2395 5682 psal.
2420 5623 2642 5682 cxxyut,
2671 5620 2888 5682 cxxxyn
2910 5594 3221 5682 adenV’irgt,
3250 5614 3369 5671 cap.

1789 5678 1857 5733 εΗ
1885 5694 1899 5743 ;
1943 5672 2106 5735 scrin.
2140 5680 2207 5736 55
2236 5672 2300 5734 de
2334 5676 2493 5735 Verh.
2526 5679 2702 5741 Dom.,
2737 5684 2789 5729 ct
2819 5674 2886 5728 59
2917 5673 2981 5730 de
3009 5672 3256 5739 diversis.
