3936 6348
82 338 212 395 4ιῦ

787 335 1390 391 MARTYROLOGIUM
1433 334 1575 391 CUM
1612 333 2139 390 ADDI'I‘AMENTIS.
2181 367 2232 381 -αο
2289 336 2495 394 MENS.
2535 337 2694 400 ΠΕΟ.

3256 347 3361 403 ω

170 456 229 510 In
274 454 546 526 Hispaniis
573 494 588 516 ,
633 454 802 508 sancti
850 453 1095 523 Eutyehii
1127 495 1140 517 ,
1183 453 1336 523 cujus
1384 460 1531 523 gesta
1587 453 1682 505 ha-
1710 458 1756 515 Α
1788 452 1979 508 faciam
2008 462 2060 508 te
2088 455 2154 508 ad
2183 455 2412 525 lupanar
2440 457 2584 522 duci,
2632 467 2689 513 ιιι
2719 460 2845 514 dum
2896 460 3064 518 fueris
3104 474 3358 532 scortata,

83 547 325 602 bentur.

411 637 471 690 C.
508 635 735 690 PRIDIE
773 634 930 689 lDUS
970 634 1374 689 DECEMBRIS.

755 727 846 798 (te
873 725 1020 796 Dec.)

172 817 368 872 Natale
396 826 704 873 sanctorum
736 823 1036 885 martyrum
1065 812 1436 884 Hermogenis,
1472 811 1680 876 Donati,

86 921 152 966 et
182 912 412 966 aliorum
442 910 633 980 viginti
664 907 892 962 duorum
923 919 970 958 υ.

171 1004 328 1073 Aptnl
356 1001 764 1064 Alexandriam,
813 999 1095 1053 beatorum
1141 1006 1438 1066 martyrum
1468 995 1683 1064 Epima-

89 1097 211 1150 chii
250 1104 303 1148 et
327 1092 610 1148 Alexandri
635 1091 664 1130 b
687 1108 700 1142 :
727 1090 818 1159 qui
850 1087 1017 1142 multo
1046 1093 1312 1156 tempore;
1339 1101 1459 1138 cum
1491 1085 1540 1138 iu
1568 1085 1682 1137 viu-

91 1187 243 1240 culis
273 1195 325 1240 et
352 1183 684 1239 cruciatibus
725 1181 961 1236 carceris
994 1179 1140 1242 torti,
1167 1178 1328 1232 etiam
1373 1176 1682 1245 frequenter

91 1288 144 1328 ct
185 1275 374 1328 divisis
412 1273 690 1343 suppliciis
720 1269 975 1333 confecti,
1007 1269 1412 1338 ,perdurassent
1464 1268 1516 1320 in
1557 1266 1676 1329 fide,

97 1368 322 1437 ignibus
349 1374 622 1435 postremo
647 1362 890 1417 consumi
914 1360 1190 1431 jubentur.

176 1457 376 1510 Eodem
419 1455 523 1518 die,
553 1453 731 1508 natale
777 1461 1086 1506 sanctarum
1116 1461 1347 1521 quatuor
1392 1450 1678 1504 mulierum

94 1547 496 1610 Ammonarite,
546 1544 857 1608 Mercuri-.13,
901 1542 1186 1612 Dionysia},
1224 1542 1349 1594 item
1392 1541 1682 1594 Ammona-

98 1641 201 1694 rize
224 1651 268 1692 ε.
311 1638 581 1692 Adversus
609 1635 837 1706 primam
869 1634 1127 1704 virginem
1159 1633 1560 1687 Ammonariam
1589 1632 1677 1702 ju-

97 1733 206 1786 «ἕως
252 1744 461 1783 summa
491 1725 834 1781 contentione
866 1725 1137 1786 utebatur,
1170 1732 1222 1776 et
1251 1722 1528 1776 immensis
1558 1735 1677 1774 eam

1789 542 1958 614 fugiat
1981 559 2009 598 a
2044 553 2094 600 te
2118 544 2352 616 Spiritus
2377 557 2623 603 sanctus.
2656 548 2821 604 Beata
2853 553 3001 623 virgo
3044 557 3316 625 respondit
3342 576 3355 612 :

1786 633 2073 706 Nunquam
2135 639 2515 707 coinquinatur
2579 656 2772 711 corpus
2819 643 2918 698 nisi
2975 645 3039 699 de
3095 661 3358 702 consensu

1786 727 1982 781 mentis
2006 728 2055 800 (I
2084 728 2205 783 Cor.
2251 732 2373 801 nt):
2412 747 2536 784 nam
2567 742 2621 787 et
2663 734 2707 787 si
2740 734 2793 788 in
2839 752 2999 790 manu
3052 753 3169 791 mea
3205 738 3358 792 thura

1785 833 1974 887 ponas,
2000 829 2055 873 et
2083 836 2180 890 per
2199 837 2417 876 manum
2446 839 2618 878 meam
2649 824 2814 880 facias
2837 829 3184 894 sacrificium,
3219 831 3359 885 Deus

1789 906 1899 962 haec
1934 910 2183 975 attendit,
2208 919 2263 965 ct
2303 911 2470 978 ridet;
2518 915 2584 968 de
2634 915 2881 971 sensibus
2908 919 3053 972 enim
3091 927 3146 974 ct
3171 919 3359 974 volun-

1787 998 1984 1054 tatibus
2029 998 2260 1067 judieat.
2316 1000 2408 1056 Stc
2458 1003 2662 1072 patitur
2708 1004 3023 1062 violatorem
3067 1009 3354 1074 castitatis,

1783 1089 1922 1172 sicut
1960 1088 2245 1156 latronem,
2297 1092 2437 1147 sicut
2486 1094 2800 1161 barbarum,
2830 1098 2970 1152 sicut
3012 1108 3353 1168 serpentem:

1783 1193 1906 1233 nam
1950 1179 1995 1232 si
2026 1195 2111 1233 me
2141 1180 2360 1234 invitam
2394 1182 2580 1238 violari
2608 1183 2822 1250 feceris,
2849 1188 3070 1243 castitas
3105 1188 3236 1243 mihi
3261 1190 3359 1244 du-

1783 1267 2068 1337 plicabitur
2093 1269 2159 1324 ad
2189 1285 2466 1326 coronam.
2499 1272 2626 1327 Post
2672 1273 2786 1328 inec
2818 1273 3142 1332 Paschasius
3189 1279 3358 1332 tradi-

1785 1358 1863 1412 dit
1894 1373 2014 1412 eam
2067 1359 2365 1426 lenonibus,
2408 1361 2594 1416 dicens
2624 1376 2638 1414 :
2675 1361 2901 1418 lnvitate
2931 1369 2998 1419 ad
3049 1367 3354 1420 castitatem

1785 1446 1902 1516 ejus
1948 1448 2202 1518 populos,
2243 1459 2297 1505 et
2341 1449 2500 1505 facite
2539 1466 2657 1507 eam
2711 1461 2819 1507 tam
2864 1454 2956 1509 diu
2993 1456 3140 1509 illudi
3189 1457 3359 1513 donec

1785 1549 1995 1595 mortua
2021 1543 2318 1598 nuntietur.
2354 1544 2523 1611 Quam
2550 1546 2772 1604 lenones
2803 1546 3107 1602 nullatenus
3136 1562 3356 1603 movere

1782 1641 2089 1702 potucmnt,
2129 1651 2249 1691 cum
2289 1637 2449 1692 simul
2473 1654 2540 1693 ex
2567 1638 2743 1695 ollicio
2785 1640 3124 1711 impellentes
3167 1656 3354 1696 acces-

1784 1725 2002 1791 sissent,
2043 1741 2144 1781 nec
2185 1726 2401 1782 funibus
2437 1729 2632 1783 additis
2659 1728 2754 1800 [aL
2802 1731 3028 1798 aditus.)
3056 1739 3146 1784 aut
3193 1732 3354 1786 buunt

97 1831 267 1893 atque
297 1819 578 1890 exquisitis
622 1815 953 1872 cruciatibus
1000 1814 1287 1882 afﬂigebat,
1318 1823 1373 1866 et
1422 1813 1673 1876 maxime,
1706 1807 1750 1866 B
1778 1817 1998 1887 paribus
2029 1818 2292 1887 plurimis.
2326 1819 2477 1875 Tunc
2528 1822 2786 1892 praecepit
2832 1822 3156 1878 Paschasius
3198 1824 3358 1878 mini-

99 1911 246 1980 quod
278 1908 394 1978 ejus
422 1908 744 1964 sententiam
773 1906 988 1960 vincere
1033 1905 1304 1973 cupiebat,
1335 1901 1458 1972 quia
1492 1901 1675 1954 lauda-

99 2008 195 2060 1ιὶΙί
246 2021 374 2062 voce
427 2006 742 2064 decreverat
788 2001 920 2057 nihil
969 2017 1028 2056 se
1069 2017 1291 2070 prorsus
1339 2017 1524 2055 eorum
1558 2015 1677 2068 qua:

100 2100 205 2156 sibi
245 2108 432 2155 contra
470 2097 552 2152 fas
583 2094 974 2166 imperabatur,
1008 2103 1280 2155 acturam;
1331 2109 1450 2162 qua:
1493 2091 1677 2147 statuti

100 2193 187 2247 sui
221 2203 377 2248 tenax
407 2191 473 2246 ad
498 2189 746 2244 ultimum
774 2188 948 2256 capite
977 2188 1218 2257 punitur.
1251 2186 1496 2241 Secunda
1526 2199 1674 2250 vero,

98 2283 388 2346 Mercuria,
418 2296 554 2336 anus
585 2277 905 2334 venerabilis
944 2286 998 2337 et
1022 2275 1400 2332 fecundissima
1447 2276 1499 2330 in
1533 2275 1676 2339 filiis,

101 2373 196 2428 sed
225 2389 360 2443 quos
407 2388 509 2426 non
558 2368 793 2440 praetulit
815 2366 1054 2422 Christo.
1107 2366 1308 2428 Tertia,
1335 2377 1522 2420 sancta
1556 2364 1679 2420 Dio-

101 2464 300 2534 nysia,
361 2471 415 2518 et
459 2461 560 2515 alia
622 2457 1008 2521 Ammonaria,
1073 2457 1446 2526 quarta;dum
1515 2456 1676 2509 nimia

102 2562 336 2609 utuntur
363 2551 660 2608 constantia
700 2549 839 2621 apud
879 2549 1142 2617 judicem,
1169 2556 1224 2601 et
1268 2546 1356 2600 ille
1380 2547 1521 2600 vinci
1552 2560 1676 2599 eru-

107 2644 288 2699 l.escit
333 2658 361 2696 a
391 2641 617 2711 fetutinis,
647 2638 906 2702 inauditis
958 2644 1348 2695 tormentorum
1393 2633 1679 2704 generibus

107 2731 303 2791 Iule-rat
323 2775 338 2798 ,
370 2731 527 2788 finem
573 2733 842 2796 ninnium,
890 2731 1032 2785 ferro
1063 2729 1316 2793 cedente,
1347 2722 1677 2796 suscipiunt.

103 2829 339 2897 gloriose
383 2835 436 2882 et
464 2824 840 2886 venerabiliter
873 2823 1014 2892 apud
1033 2821 1410 2877 Alexandriam
1434 2819 1675 2890 sepullm.

107 2919 311 2974 Scribit
333 2917 531 2995 beatus
550 2915 833 2986 Dionysius
859 2915 911 2969 in
940 2913 1076 2968 libro
1101 2913 1168 2968 de
1190 2911 1358 2983 Marty
1370 2912 1536 2967 ribus.

500 3052 560 3108 Β.
605 3049 825 3108 lDlBUS
862 3047 1265 3104 DECEMBRIS.

763 3141 854 3212 (ta
885 3139 1031 3211 Dec.)

177 3257 332 3327 Apud
352 3255 700 3327 Syracusam,
729 3251 926 3308 Sicilia:
947 3249 1244 3315 civitatem,
1277 3248 1451 3303 natale
1479 3254 1679 3302 sancta:

105 3349 312 3413 Luci-.12,
341 3345 564 3415 virginis
595 3352 644 3399 et
677 3341 953 3413 martyris,
985 3357 1106 3410 qua:
1129 3353 1288 3409 passa
1316 3345 1399 3393 est
1428 3350 1679 3406 persecu-

107 3444 257 3502 tione
289 3435 603 3498 Diocletiani
631 3443 686 3490 ct
716 3432 1050 3497 Maximiani,
1081 3431 1180 3496 sub
1229 3427 1522 3485 Paschasio
1552 3441 1679 3480 con-

106 3533 296 3589 sulari.
344 3529 469 3584 Hzec
511 3526 840 3583 nobilissima
871 3524 1356 3596 Syracusanorum,
1391 3529 1676 3592 postquam

106 3621 290 3679 omnia
322 3634 415 3674 sua
443 3619 582 3689 (qua:
611 3617 677 3671 de
713 3614 1023 3686 parentibus
1052 3613 1101 3669 ci
1129 3609 1520 3681 remanserant)
1549 3625 1682 3680 pau-

107 3713 350 3786 peribus,
370 3708 563 3772 viduis,
587 3706 863 3777 orphanis,
895 3702 1195 3776 peregrinis
1221 3710 1276 3758 et
1308 3702 1418 3756 Deo
1444 3701 1677 3756 servien-

107 3805 256 3857 tibus
281 3799 549 3862 distraxit,
584 3813 614 3852 a
641 3810 836 3867 sponso
865 3810 983 3858 suo,
1011 3793 1152 3863 quod
1182 3803 1323 3848 essct
1345 3790 1676 3854 Christiana,

106 3889 404 3947 Paschasio
427 3886 590 3956 judici
619 3884 794 3942 delata
820 3925 836 3950 ,
863 3892 917 3940 et
940 3891 1130 3946 contra
1154 3881 1679 3952 legesjAngustorum

107 3984 314 4045 vivere,
353 3976 724 4050 impellebatur
755 3975 821 4030 ad
867 3973 1281 4029 sacriﬁcandum
1325 3971 1673 4027 daemonibus.

106 4074 264 4128 Tunc
293 4070 449 4126 beata
479 4067 642 4122 Lucia
675 4065 963 4121 Paschasio
993 4062 1268 4133 respondit
1299 4080 1312 4116 :
1342 4060 1678 4129 Sacriﬁcium

109 4178 290 4218 rerum
317 4170 364 4215 et
394 4157 790 4213 immaculatum
836 4153 978 4225 apud
1022 4152 1190 4207 Deum
1221 4161 1268 4206 ct
1321 4149 1534 4205 Patrem
1583 4151 1680 4204 hoc

103 4260 208 4315 est,
238 4249 447 4303 visitare
483 4246 666 4300 viduas
689 4253 737 4299 et
766 4244 1025 4312 orphanos
1054 4243 1110 4296 in
1141 4240 1475 4296 tribulatione
1500 4253 1678 4292 eorum

106 4343 254 4415 (Jac.
288 4339 350 4409 l).
392 4339 504 4407 Ego
548 4353 644 4408 per
691 4337 824 4391 istos
870 4343 980 4390 tres
1030 4348 1201 4388 annos
1245 4331 1380 4386 nihil
1414 4329 1557 4385 aliud
1596 4329 1681 4399 egi

106 4432 215 4487 nisi
247 4428 548 4484 sacrificavi
580 4426 690 4480 Deo
733 4425 891 4492 vivo;
924 4431 980 4478 et
1022 4437 1166 4477 nunc
1196 4420 1320 4491 quia
1355 4418 1500 4473 aliud
1547 4416 1681 4471 nihil

1782 1910 1910 1964 stris
1950 1919 2007 1964 ut
2054 1911 2246 1980 ignem.
2279 1912 2554 1980 copiosum
2599 1913 2747 1967 circa
2793 1928 2912 1968 eam
2961 1913 3355 1977 accenderent,

1780 1999 1954 2068 picem
1983 2014 2112 2054 vero
2136 2008 2192 2054 et
2210 2001 2464 2067 resinam,
2495 2011 2550 2057 et
2593 2001 2808 2056 fervens
2844 2001 3020 2057 oleum
3053 2017 3215 2071 super
3234 2017 3356 2056 cam

1772 2091 2066 2160 iactarent.
2109 2091 2217 2146 Sed
2253 2091 2342 2146 illa
2394 2093 2445 2145 in
2478 2090 2699 2146 nomine
2731 2092 2944 2147 Domini
2977 2091 3102 2147 Jesu
3157 2090 3360 2146 Christi

1781 2184 2072 2238 immobilis
2121 2185 2289 2249 stetit,
2349 2184 2536 2239 dicens
2583 2201 2598 2238 :
2651 2184 2767 2254 Ego
2817 2185 3000 2253 rogavi
3071 2183 3357 2242 Dominum

1781 2287 1956 2329 meum
1998 2273 2180 2328 Iesum
2225 2274 2498 2329 Christum
2533 2280 2590 2327 ut
2631 2274 2768 2343 ignis
2822 2273 2924 2330 iste
2953 2288 3060 2328 non
3105 2272 3354 2327 domine-

1781 2375 1868 2421 tur
1907 2367 2058 2430 mihi,
2091 2377 2355 2435 quatenus
2405 2367 2500 2421 tibi
2549 2366 2800 2421 insultem
2852 2365 3110 2435 plaudens
3150 2365 3203 2418 in
3254 2365 3359 2418 Do—

1781 2457 1945 2518 mino,
1973 2467 2028 2510 et
2066 2456 2348 2526 impetravi
2380 2455 2448 2509 ab
2479 2471 2544 2508 eo
2574 2454 2819 2509 inducias
2863 2455 3108 2525 martyrii
3136 2455 3264 2520 mei,
3299 2463 3360 2508 ut

1782 2548 2123 2603 credentibus
2161 2549 2408 2602 timorem
2440 2547 2653 2602 tolleret
2685 2548 2972 2617 passionis,
3019 2554 3074 2602 et
3103 2561 3207 2600 non
3238 2561 3358 2600 cre-

1781 2639 2031 2693 dentibus
2061 2653 2245 2694 voccm
2273 2637 2638 2692 insultationis
2665 2637 2922 2691 auferret.
2953 2637 3217 2702 Tandem,
3243 2636 3358 2705 gla-

1781 2735 1868 2791 dio
1925 2735 1976 2790 ir
2027 2743 2245 2806 gutture
2300 2749 2478 2793 merso
2535 2750 2830 2808 percussa,
2891 2732 3128 2808 quan-diu
3187 2731 3356 2790 voluit

1779 2832 1976 2894 oravit,
2021 2831 2256 2900 quaudiu
2312 2831 2480 2884 voluit
2531 2831 2742 2884 turbam
2794 2831 3240 2885 circumstantem
3283 2828 3359 2882 al-

1781 2922 1958 2976 locuta
1984 2933 2083 2976 est.
2115 2919 2222 2974 Nec
2244 2921 2464 2974 omnino
2506 2927 2714 2974 mortua
2758 2925 2864 2982 cst,
2896 2918 3068 2974 donec
3094 2916 3358 2973 venienti-

1781 3009 1882 3066 bus
1909 3011 2304 3072 sacerdotibus,
2346 3009 2779 3064 communionem
2822 3007 3088 3064 Dominici
3116 3007 3360 3077 corporis

1782 3109 1836 3154 et
1892 3101 2169 3169 sanguinis
2223 3099 2512 3168 acciperet.
2576 3099 2742 3153 Passa
2805 3108 2888 3153 est
2945 3107 3124 3152 autem
3175 3096 3358 3151 Idibus

1783 3191 2111 3255 Decembris,
2141 3191 2272 3244 etin
2312 3189 2430 3244 loco
2465 3189 2551 3243 ubi
2591 3205 2844 3258 percussa
2884 3199 2968 3244 est
2989 3188 3228 3259 sepulta;
3265 3188 3361 3242 ba-

1781 3286 1932 3340 silica
1989 3299 2150 3354 super
2211 3299 2408 3353 corpus
2486 3280 2605 3352 ejus
2658 3281 3000 3352 postmodum
3062 3279 3350 3334 fabricata.

1781 3376 2102 3431 Paschasius
2129 3391 2256 3431 vero
2282 3376 2507 3430 Romam
2547 3375 2862 3444 perductus,
2903 3387 2970 3428 eo
3014 3372 3158 3442 quod
3200 3385 3231 3425 a
3270 3371 3358 3425 Si-

1780 3469 1917 3525 culis
1962 3468 2152 3523 fuisset
2187 3475 2475 3522 accusatus
2523 3465 2666 3536 quod
2729 3465 3089 3534 deprzedasset
3138 3463 3360 3532 provin-

1780 3561 1942 3626 ciam,
1991 3559 2060 3614 ab
2107 3560 2254 3614 omni
2302 3566 2491 3614 senatu
2542 3557 2774 3620 auditus,
2813 3557 3024 3625 accepit
3074 3553 3358 3624 capitalem

1783 3651 2126 3707 sententiam.

2136 3773 2198 3828 Ε.
2233 3771 2353 3827 XIX
2402 3771 2558 3828 ΚΑΒ.
2593 3769 3002 3826 DECEMBRIS.

2439 3860 2528 3933 (tt
2558 3859 2707 3928 Dec.)

1851 3975 2006 4048 Apud
2032 3975 2399 4039 Antiochiam,
2429 3974 2626 4029 natalis
2672 3981 2982 4028 sanctorum
3039 3980 3361 4042 martyrum,

1784 4067 1963 4132 Drusi,
1990 4066 2212 4132 Zosimi,
2239 4073 2295 4120 et
2314 4065 2582 4120 Theodori
2606 4062 2654 4118 ά.

1852 4158 2007 4230 Apud
2037 4157 2440 4219 Alexandriam,
2488 4153 2668 4211 natale
2709 4165 3019 4212 sanctorum
3066 4162 3365 4225 martyrum

1782 4248 2048 4314 Ileronis,
2098 4246 2347 4312 Arsenii,
2400 4254 2456 4299 et
2501 4244 2727 4309 lsidori,
2778 4255 2940 4314 atque
2991 4243 3252 4299 Dioscori.
3302 4241 3367 4296 Hi

1781 4349 2068 4412 postquam
2107 4336 2274 4408 jndici
2320 4335 2486 4392 oblati
2544 4344 2688 4398 sunt,
2728 4335 2890 4403 judex
2923 4334 3096 4404 primo
3124 4333 3364 4387 omnium

1782 4431 2068 4504 puerulum
2119 4428 2460 4492 Dioscorum,
2517 4433 2775 4492 tanquam
2807 4439 2907 4494 pro
2949 4432 3107 4477 actate
3151 4419 3364 4475 fam’lem

105 4529 380 4588 superest,
414 4531 500 4570 me
549 4515 717 4585 ipsam
747 4512 915 4570 olfero
960 4512 1012 4566 in
1058 4509 1384 4566 sacrificium
1421 4508 1549 4562 Deo.
1583 4505 1680 4561 Cui
1708 4501 1762 4561 D
1786 4501 1928 4578 ᾑεειί
1958 4520 2099 4593 (οι-οι
2142 4519 2286 4574 enim
2318 4515 2624 4586 quindecim
2669 4513 2956 4585 annorum)
3009 4520 3133 4567 ante
3161 4511 3364 4574 verbis,

105 4607 438 4665 Paschasius
465 4614 583 4676 post
637 4605 761 4660 talia
789 4603 927 4657 dixit
957 4621 968 4655 :
998 4601 1299 4657 Cessabunt
1342 4600 1526 4664 verba,
1558 4612 1681 4651 cum

107 4701 278 4754 fuerit
308 4706 621 4768 perventum
651 4696 717 4751 ad
746 4697 990 4750 verbera.
1037 4695 1200 4748 Lucia
1230 4691 1509 4762 respondit
1539 4708 1551 4737 τ
1591 4690 1684 4744 Dei

109 4792 286 4847 verba
326 4805 539 4847 cessare
569 4805 675 4844 non
703 4796 984 4859 poterunt;
1021 4787 1134 4858 ipse
1167 4787 1310 4840 enim
1341 4785 1477 4839 dixit
1506 4801 1519 4837 :
1553 4782 1685 4838 Cum

108 4883 360 4938 steteritis
395 4891 515 4936 ante
541 4897 680 4951 reges
707 4889 754 4934 et
779 4880 1048 4950 prmities,
1099 4877 1257 4931 nolite
1286 4878 1514 4947 cogitare
1558 4892 1687 4946 quo-

108 4975 273 5028 modo
330 4983 420 5026 aut
477 4972 604 5042 quid
656 4970 942 5040 loquamini
970 4967 1191 5039 (Matth.
1244 4967 1323 5037 x).
1375 4965 1500 5020 Non
1548 4966 1684 5019 enim

110 5081 205 5118 vos
236 5065 358 5117 estis
386 5062 473 5133 qui
503 5061 794 5133 loquimini,
823 5060 912 5113 sed
957 5056 1184 5128 Spiritus
1228 5067 1440 5111 sanctus
1470 5057 1558 5129 qui
1604 5056 1685 5109 lo-

105 5155 299 5222 quitur
325 5153 376 5206 in
401 5153 538 5207 vobis
563 5151 755 5224 (Marc.
784 5150 921 5221 xm).
948 5147 1267 5202 Paschasius
1293 5148 1487 5201 iterum
1517 5146 1682 5201 dixit:

106 5243 174 5298 ln
206 5251 259 5296 te
287 5259 413 5313 ergo
441 5251 524 5298 est
547 5242 780 5310 Spiritus
822 5239 1081 5294 sanctus?
1121 5239 1200 5292 Ad
1233 5239 1347 5292 haec
1392 5236 1554 5291 Lucia
1601 5251 1687 5290 re-

111 5330 378 5400 spondit:
413 5332 555 5403 quod
604 5341 752 5389 caste
802 5338 857 5384 et
904 5330 990 5400 pie
1034 5330 1274 5384 viventes
1305 5328 1560 5397 templum
1593 5329 1685 5382 Dei

110 5429 266 5484 sunt,
291 5430 343 5474 ct
400 5421 635 5493 Spiritus
686 5430 904 5476 sanctus
960 5420 1167 5474 habitat
1221 5419 1274 5472 in
1325 5419 1424 5484 eis,
1457 5426 1687 5473 testatur

111 5511 428 5581 Apostolus.
464 5512 529 5566 Et
554 5527 676 5566 cmn
709 5511 1030 5566 Paschasius
1062 5511 1254 5565 iterum
1284 5510 1509 5564 dixisset
1538 5529 1548 5563 :
1578 5509 1688 5579 Ego

191 5653 217 5715 ξι
261 5643 480 5715 Euseb,
517 5644 608 5699 lib.
643 5662 716 5710 vi,
746 5661 861 5715 cap.
893 5645 979 5711 δι,
1011 5644 1148 5697 Rufi.
1183 5645 1264 5698 5|.

191 5711 219 5752 λ’
259 5714 427 5778 Idem,
460 5717 532 5769 ib.

1789 4620 1906 4683 post
1949 4611 2110 4666 etiam
2137 4607 2452 4662 verberibus
2483 4604 2613 4675 agit.
2643 4603 2813 4670 Quem
2841 4619 2963 4658 cum
3009 4603 3063 4656 in
3089 4600 3235 4656 nullo
3264 4599 3365 4654 sibi

1789 4701 1982 4757 cedere
2023 4697 2272 4760 videret,
2321 4694 2555 4750 ferocius
2605 4708 2730 4748 ettm
2778 4692 3025 4748 cruciare
3065 4689 3360 4746 contendit.

1790 4791 1925 4847 Tum
1975 4789 2167 4845 deinde
2230 4795 2457 4843 caeteros
2510 4785 2674 4839 variis
2723 4783 3007 4839 tormentis
3059 4781 3361 4845 dilanians,

1791 4896 1913 4938 cum
1958 4879 2074 4950 pari
2127 4876 2286 4932 modo
2325 4875 2629 4931 constantia
2678 4873 2802 4928 fidei
2849 4873 3058 4927 videret
3105 4877 3357 4932 armatos,

1791 4971 1929 5027 tradi
1977 4969 2189 5039 ignibus
2223 4965 2397 5035 jubet.
2445 4965 2762 5020 Dioscorum
2790 4978 2916 5019 vero
2946 4977 3194 5032 puerum,
3221 4962 3364 5029 quod

1791 5062 1892 5117 sibi
1939 5066 2250 5115 constanter
2295 5066 2350 5112 et
2394 5056 2669 5125 sapienter
2734 5055 2787 5109 in
2843 5054 3091 5109 omnibus
3140 5067 3359 5120 respon-

1792 5152 1980 5215 disset,
2007 5148 2304 5204 admiratus
2340 5146 2528 5216 judex,
2573 5143 2778 5200 dilferri
2821 5144 3094 5214 praecepit,
3141 5156 3364 5210 sperans

1791 5257 1914 5298 eum
1945 5255 2042 5310 pro
2065 5247 2223 5295 aetate
2263 5236 2652 5308 paenitudinem
2685 5242 2954 5290 acturum.
2987 5233 3092 5288 Sed
3123 5231 3208 5285 ille
3237 5246 3364 5284 cun-

1792 5330 2041 5385 fessionis
2075 5329 2240 5400 gloria
2280 5327 2607 5392 illustratus,
2637 5325 2818 5380 divino
2856 5334 2987 5378 nutu
3017 5323 3082 5377 ad
3121 5319 3365 5376 consola-

1791 5421 1990 5476 tionem
2021 5419 2254 5474 fidelium
2291 5418 2544 5473 dimissus
2572 5424 2675 5470 est.
2708 5416 2837 5470 Acta
2862 5415 2974 5469 lucc
3002 5413 3102 5467 sub
3133 5410 3363 5466 Deciana

1791 5510 2186 5582 persecutione.

1872 5655 1891 5680 ε
1937 5643 2155 5705 Euseb.,
2183 5641 2218 5693 1.
2253 5656 2326 5703 vr,
2356 5655 2472 5708 cap.
2498 5640 2597 5703 35,
2623 5635 2768 5708 Buff.
2796 5635 2890 5708 ξιξ,
2919 5632 2982 5687 l5
3006 5633 3128 5687 Dec.

1871 5713 1892 5752 ³
1934 5704 2154 5778 Euseb,
2188 5709 2279 5764 lib.
2308 5725 2378 5775 γι,
2411 5704 2458 5763 e.
2491 5708 2580 5773 33-,
2621 5704 2760 5761 Rufi.
2795 5705 2882 5759 5|.
