3936 6348
566 340 674 394 4ιό

643 455 794 524 Apud
823 454 1080 527 Cyprum,
1128 455 1323 509 natalis
1369 454 1539 509 sancti
1590 454 1914 522 Spiridionis
1959 464 1984 491 ιι
2028 452 2145 520 epi-
2178 456 2226 511 Λ

571 563 740 615 εωρι,
800 546 1129 601 admiranda:
1179 546 1526 600 beatitudinis
1567 545 1809 613 viri,qui
1857 559 1995 598 unus
2046 543 2145 597 fuit

564 634 638 689 ex
687 634 791 689 illis
857 633 1255 689 confessoribus
1302 650 1434 703 quos
1479 620 1879 706 Maximianus,
1943 633 2147 688 dextris

572 723 742 778 oculis
771 722 1003 787 effossis,
1035 734 1088 778 et
1132 724 1355 779 sinistro
1400 725 1599 795 peplite
1633 726 1864 788 succiso,
1896 740 1993 794 per
2036 739 2147 779 me-

576 816 700 869 talla
749 818 1111 871 damnaverat.
1160 815 1370 885 Quique
1417 832 1542 871 cum
1583 817 1951 887 propheticam
1981 817 2145 872 vitam

576 909 813 975 duceret,
841 909 1002 963 etiam
1034 908 1309 978 signorum
1336 909 1509 980 gloria
1542 910 1774 980 inclytus
1812 910 1933 964 fuit.

946 1017 1007 1071 F.
1044 1016 1203 1072 XVIII
1242 1019 1398 1077 KAL.
1431 1019 1765 1077 JANUARII.

568 1176 571 1179 ὗ
1235 1111 1326 1182 (15
1354 1112 1503 1178 Dec.)

644 1200 795 1268 Apud
835 1199 1099 1267 Africam,
1128 1204 1298 1258 sancti
1331 1202 1596 1259 Valeriani
1638 1206 1874 1275 episcopi
1923 1215 1978 1261 et
2020 1220 2148 1262 00!]-

560 1288 796 1348 ,fessoris
821 1291 1000 1344 natale
1030 1292 1078 1345 ι).
1135 1291 1236 1359 Qui
1270 1301 1510 1361 tempore
1543 1293 1871 1350 Wandalicm
1897 1310 2149 1365 persecu-

572 1380 734 1433 tionis
782 1384 926 1453 (cum
972 1399 1040 1438 ex
1072 1392 1339 1453 prtecepto
1365 1385 1627 1440 Geiserici
1675 1386 1817 1456 regis
1841 1387 2048 1450 Ariani,
2080 1389 2148 1443 ad

575 1470 890 1525 tradendum
935 1473 1230 1527 ministeria
1261 1474 1442 1529 divina
1487 1484 1543 1528 et
1596 1474 1760 1529 libros
1807 1485 2150 1532 arctarentur

572 1560 751 1613 cuncti
785 1560 995 1615 Domini
1033 1566 1362 1627 sacerdotes,
1398 1564 1470 1620 ita
1502 1572 1561 1618 ut
1591 1564 1753 1621 iidem
1786 1566 1934 1635 impii
1959 1567 2147 1623 Ariani

571 1648 732 1701 etiam
769 1651 835 1703 de
866 1649 998 1720 ipsis
1036 1650 1213 1721 palliis
1261 1651 1451 1708 altaris
1490 1653 1593 1709 sibi
1623 1656 1877 1712 camisias
1901 1665 1958 1711 et
1981 1656 2149 1713 femo—

575 1742 705 1795 ralia
744 1741 1003 1813 facerent)
1030 1743 1279 1810 viriliter,
1319 1760 1388 1800 ne
1430 1754 1771 1801 sacramenta
1818 1747 1998 1803 divina
2037 1756 2149 1804 tra-

572 1831 744 1898 deret,
793 1833 1074 1899 dimicans,
1116 1822 1270 1889 extra
1317 1834 1589 1890 civitatem
1631 1834 1923 1905 singularis
1956 1837 2152 1907 expelli

565 1921 750 1990 jussus
781 1932 892 1990 est;
924 1935 978 1979 et
1004 1925 1077 1979 ita
1105 1912 1429 1996 praeceptum
1457 1936 1515 1981 ut
1539 1926 1718 2001 nullus
1745 1941 1867 1982 eum
1894 1944 2070 1998 neque
2098 1929 2154 1984 in

572 2027 704 2083 agro
733 2014 1069 2082 permitteret
1096 2013 1631 2085 habitareaCumque
1656 2026 1802 2071 esset
1829 2016 1949 2085 plus
1980 2033 2152 2073 anno-

573 2116 691 2154 rum
732 2102 1026 2173 octoginta,
1060 2104 1114 2157 in
1150 2111 1318 2159 strata
1344 2104 1558 2173 publica
1600 2106 2049 2178 multotempore
2069 2107 2154 2177 ja-

572 2202 683 2245 cmt
729 2195 902 2248 nudus
931 2195 1031 2248 sub
1058 2210 1202 2249 aere.
1252 2194 1450 2264 Sicque
1493 2196 1546 2251 in
1585 2196 1930 2253 confessione
1963 2201 2153 2255 catho-

575 2283 693 2336 lica:
757 2286 1031 2350 veritatis,
1076 2295 1130 2341 et
1178 2286 1490 2342 defensione
1535 2290 1879 2344 sanetimonii
1934 2307 2154 2347 cursum

574 2372 670 2426 bea
680 2381 744 2427 te
774 2374 895 2429 vita:
931 2375 1190 2444 implevit.
1424 2442 1427 2445 _

566 2528 573 2535 ι
644 2464 969 2531 Aurelianus,
1004 2468 1143 2522 beati
1177 2468 1450 2523 Misimini
1482 2473 1804 2543 presbyteri,
1830 2473 2155 2528 venerabilis

576 2557 880 2611 sanctitatis
911 2559 1029 2611 viri.

955 2670 1019 2725 G.
1064 2670 1199 2725 XVII
1241 2673 1393 2727 ΚΑΙ...
1433 2673 1769 2730 JANUARII.

1235 2770 1324 2838 (ιθ
1357 2768 1506 2839 Dec.)

564 2896 571 2899 .
649 2852 966 2925 Martyrium
1018 2857 1177 2910 trium
1228 2859 1467 2912 virorum
1512 2868 1861 2924 sanctorum,
1907 2860 2150 2922 unanim,

576 2945 784 3001 Azariac
808 2955 862 2999 et
888 2946 1124 3000 Misaelis
1155 2948 1319 3016 (Dan.
1354 2950 1458 3019 ιιιζ,

648 3036 704 3090 1η
750 3036 961 3101 Tuscia,
1009 3038 1186 3093 natale
1230 3047 1429 3093 sancta:
1468 3038 1719 3093 Barbarae
1746 3050 1790 3100 α,
1836 3038 2059 3108 virginis
2102 3046 2155 3093 et

1567 340 1624 394 S.
1667 338 1916 393 ADONIS
1954 336 2382 392 ARCHlEPlSC.
2430 337 2833 395 VIENNENSIS

3762 345 3870 400 HC

2658 450 2718 504 Β.
2758 451 2851 507 XV
2892 452 3050 507 KAL.
3087 453 3420 511 JANUARII.

2905 545 2994 614 (I8
3020 543 3171 607 Dec.)

2321 650 2527 705 Natalis
2552 653 2830 707 beatorum
2869 661 3169 724 martyrum
3197 654 3321 708 Ruﬁ
3352 664 3406 710 et
3428 656 3652 711 Zosimi
3689 669 3740 722 ο,
3770 661 3860 729 qui

2251 741 2318 796 de
2354 742 2458 796 illis
2482 743 2671 812 primis
2702 744 2979 814 discipulis
3007 745 3225 800 I‘nernnt
3251 761 3347 817 per
3397 765 3535 818 quos
3561 750 3860 820 primitiva

2252 831 2490 888 Ecclesia
2521 833 2573 887 in
2595 832 2796 889 Iudaeis
2823 842 2881 897 et
2906 834 3110 890 Graecis
3143 835 3362 890 fundata
3396 846 3502 892 est.
3534 838 3616 892 Hi
3645 842 3860 910 requie-

2252 930 2409 975 scunt
2438 923 2579 991 apud
2607 922 2885 978 civitatem
2914 923 3266 978 Macedonum
3301 924 3598 996 Philippis.

2319 1009 2473 1079 Apud
2494 1009 2756 1077 Africam,
2783 1010 2977 1066 natalis
3003 1014 3173 1067 sancti
3202 1012 3460 1085 Moysetis
3487 1026 3793 1088 martyris.

2327 1101 2580 1167 Turonis,
2608 1102 2787 1157 sancti
2835 1101 3082 1157 Gratiani
3127 1105 3388 1174 episcopi,
3415 1107 3509 1175 qui
3555 1108 3639 1161 ad
3693 1107 3854 1176 ipsam

2252 1193 2440 1247 urbem
2471 1195 2678 1263 primus
2699 1193 2766 1247 ab
2793 1194 2927 1249 urbe
2949 1194 3118 1248 Roma
3143 1197 3431 1266 episcopus
3460 1198 3851 1267 transmissm,

2254 1283 2436 1338 nmltis
2459 1284 2638 1339 clarus
2666 1284 2961 1350 miraculis,
2992 1285 3063 1341 ibi
3088 1285 3325 1355 quiescit
3365 1288 3417 1341 in
3445 1304 3616 1358 pace.

2641 1413 2698 1469 C.
2740 1412 2857 1469 XIV
2906 1413 3059 1468 ΚΑΒ.
3101 1412 3435 1470 JANUABIL

2900 1506 2991 1577 (l9
3018 1507 3170 1576 Dec.)

2323 1618 2474 1689 Apud
2496 1618 2807 1690 Egyptum,
2838 1619 3016 1674 natale
3051 1619 3193 1674 beati
3227 1623 3486 1693 martyris
3514 1623 3771 1680 Nemesii
3794 1626 3813 1667 ί
3829 1642 3845 1681 :

2252 1708 2344 1778 qui
2373 1709 2550 1778 primo
2574 1725 2672 1780 per
2697 1708 3023 1779 calumniam
3066 1712 3220 1781 quasi
3266 1713 3404 1768 latro
3430 1714 3616 1781 judici
3654 1716 3844 1774 delatus

2184 1801 2337 1861 Best
2362 1797 2676 1854 [Emilianm
2749 1798 2866 1866 Quo
2906 1800 3137 1856 crimine
3184 1803 3507 1869 absolutus,
3570 1816 3705 1875 post
3752 1809 3841 1863 hoc

2254 1888 2600 1945 Christianus
2628 1905 2751 1945 esse
2774 1888 3034 1945 defertur.
3063 1890 3118 1945 In
3148 1893 3249 1947 hoc
3273 1908 3405 1948 vero
3432 1893 3591 1948 nulla
3626 1910 3657 1948 a
3678 1896 3842 1965 judice

2254 1983 2555 2037 moderatio
2586 1991 2927 2046 reservatur;
2979 1983 3072 2037 sed
3111 1983 3399 2054 geminatis
3444 1984 3739 2056 suppliciis
3760 2002 3842 2041 ex-

2258 2073 2557 2127 cruciatum
2604 2087 2726 2128 cum
2772 2071 3074 2128 latronibus
3106 2071 3271 2143 jussit
3317 2074 3567 2139 incendi,
3601 2076 3841 2146 ignorans

2254 2165 2395 2233 quod
2440 2163 2758 2219 crudelitate
2797 2179 2893 2218 sua
2930 2165 3135 2237 optimo
3169 2165 3392 2235 martyri
3423 2166 3738 2221 Salvatoris
3776 2170 3842 2223 si-

2255 2256 2621 2311 militudinem
2669 2255 2883 2320 detulit,
2916 2255 3006 2324 qui
3043 2270 3142 2324 pro
3168 2256 3343 2309 salute
3373 2257 3606 2309 humani
3638 2258 3840 2327 generis

2254 2364 2360 2401 una
2427 2364 2549 2403 cum
2613 2347 2916 2403 latronibus
2971 2348 3189 2418 pertulit
3253 2363 3473 2402 crucem
3526 2348 3669 2417 (Im.
3726 2365 3836 2413 un;

2252 2441 2414 2495 .Iaan.
2447 2442 2583 2510 XIX).

2323 2531 2650 2599 Aurelianis,
2673 2532 2844 2585 sancti
2876 2532 2917 2584 Α
2931 2531 3027 2587 viti
3051 2531 3261 2585 abbatis
3296 2535 3346 2596 8,
3376 2532 3469 2600 qui
3500 2534 3708 2603 spiritu
3734 2549 3836 2602 pro-

2255 2622 2451 2692 phetia:
2497 2621 2722 2677 illustris
2769 2622 2885 2687 fuit,
2934 2630 2987 2675 et
3037 2622 3334 2677 honorifice
3376 2622 3431 2675 in
3474 2623 3681 2677 eadem
3726 2623 3835 2677 urbe

2258 2712 2551 2766 tumulatus
2582 2721 2669 2766 est

2651 2833 2712 2887 Ι).
2752 2832 2864 2888 XIII
2903 2833 3037 2887 ΚΑΒ
3098 2832 3441 2891 JANUARII.

2908 2920 3004 2993 (eo
3032 2922 3184 2993 Dec.)

2328 3033 2531 3088 Natalis
2555 3033 2991 3089 beatissimormn
3018 3042 3314 3106 martyrum
3346 3032 3667 3098 Ammonis,
3693 3034 3838 3087 Zeno-

576 3126 857 3196 martyris,
888 3128 987 3182 sub
1013 3126 1337 3182 Maximiano
1376 3128 1720 3197 imperatore.
1767 3126 1893 3182 Ilaac
1914 3126 2150 3195 primum
2180 3140 2224 3201 ρ
2259 3125 2373 3191 nis,
2406 3124 2704 3189 Ptolomaei,
2747 3124 2968 3194 Ingenui
3004 3134 3059 3180 et
3090 3124 3399 3193 Theophili,
3427 3125 3519 3192 qui
3563 3124 3839 3178 tribunali-

577 3232 606 3271 a
644 3224 798 3286 patre
843 3232 943 3272 suo
974 3217 1234 3273 Dioscoro
1262 3220 1350 3273 diu
1382 3218 1579 3274 amicta
1617 3220 1716 3275 sub
1743 3218 1860 3273 dira
1888 3218 2152 3281 custodia,

573 3308 697 3363 dein
747 3307 945 3363 tradita
986 3310 1201 3378 praesidi
1247 3309 1543 3381 Martiano,
1595 3311 1929 3381 exspoliata,
1977 3311 2157 3366 nervis

566 3407 625 3451 et
682 3397 883 3453 taureis
948 3398 1105 3455 valde
1149 3413 1329 3465 czesa,
1377 3399 1648 3470 discerpta
1695 3408 1808 3465 est,
1855 3408 1911 3455 et
1976 3400 2154 3455 cilicio

572 3489 740 3557 plagae
785 3490 903 3558 ejus
945 3489 1242 3545 defricatae.
1292 3492 1420 3563 Inde
1463 3492 1676 3548 reclusa
1707 3493 1762 3547 in
1788 3504 2031 3556 carcere,
2057 3492 2151 3545 uhi

563 3577 693 3637 ,luce
715 3578 892 3634 divina
919 3581 1193 3637 consolata
1219 3592 1324 3646 est,
1355 3598 1480 3637 mox
1507 3583 1652 3638 circa
1670 3583 1849 3643 latera
1875 3583 1993 3652 ejus
2022 3582 2155 3641 Iam-

575 3669 742 3737 pades
786 3671 1038 3727 ardentes
1068 3672 1367 3743 applicattc,
1396 3682 1451 3727 et
1477 3682 1637 3743 caput
1675 3674 1791 3741 ejus
1821 3672 2028 3727 malleis
2052 3686 2157 3726 ete-

578 3776 722 3824 sum,
769 3770 824 3815 et
871 3764 1123 3819 mamillae
1160 3762 1276 3831 ejus
1317 3764 1583 3833 praecisae.
1641 3762 1845 3819 Deinde
1876 3762 2017 3814 nuda
2058 3775 2155 3830 per

575 3855 782 3923 plateas
835 3857 1014 3919 ducta,
1081 3866 1137 3910 et
1183 3856 1406 3925 ﬂagellis
1461 3854 1762 3909 diutissime
1808 3853 2003 3908 alllicta
2048 3859 2153 3906 est.

576 3944 654 3997 Ad
693 3956 997 3999 extremum
1024 3946 1203 4016 gladio
1233 3946 1357 3999 data
1391 3945 1711 4015 martyrium
1759 3945 2153 3999 consnnunavit

577 4050 687 4088 xvn
716 4034 984 4089 Kalendas
1009 4035 1272 4090 Januarii.

968 4149 1029 4203 Α.
1073 4148 1189 4203 XVI
1228 4149 1383 4204 ΚΑΒ.
1425 4151 1763 4207 JANUARII.

608 4310 613 4315 ἢ
1237 4241 1323 4309 (ιτ
1357 4241 1504 4310 Dec.)

647 4329 948 4383 Translatio
998 4332 1169 4385 sancti
1218 4330 1474 4401 lgnatiid,
1514 4332 1750 4402 episcopi
1787 4344 1841 4387 et
1874 4335 2148 4407 martyris,

561 4422 889 4503 ~qui'tcrtins
936 4431 1058 4492 post
1100 4423 1318 4478 beatum
1339 4422 1561 4483 Petrum
1607 4424 1931 4494 apostolum,
1963 4426 2150 4481 Antio-

574 4513 798 4567 chenam
829 4514 968 4567 rexit
988 4513 1294 4570 ecclesiam.

647 4602 776 4654 Item
828 4604 1014 4656 eodem
1065 4604 1171 4665 die,
1223 4604 1365 4660 beati
1396 4604 1586 4659 Lazart
1624 4646 1638 4669 ,
1686 4623 1846 4675 quem
1894 4607 2155 4662 Dominus

574 4692 730 4747 Jcsns
781 4692 833 4745 in
880 4692 1171 4763 Evangelio
1225 4693 1408 4765 (Joan.
1441 4693 1744 4765 x1)lcgitur
1800 4696 2153 4751 resuscitasse

574 4797 603 4833 a
635 4782 899 4847 mortuis;
933 4784 1061 4838 item
1100 4785 1276 4838 beatae
1314 4784 1536 4839 Marthae
1584 4785 1789 4839 sororis
1830 4784 1968 4851 ejus,
2015 4801 2136 4855 quo-

563 4858 694 4922 rum
723 4870 1078 4925 venerabilem
1112 4872 1426 4927 memoriam
1475 4884 1749 4929 exstructa
1789 4873 2019 4928 ecclesia
2048 4890 2152 4928 non

574 4958 731 5030 longe
776 4976 803 5013 a
829 4960 1089 5016 Bethania
1138 4963 1250 5033 (ubi
1302 4980 1332 5018 e
1362 4964 1543 5018 vicino
1574 4965 1764 5020 domus
1795 4981 1978 5020 eormn
2030 4965 2150 5035 fuit)

579 5059 869 5103 οοηερτνίιι

648 5138 702 5191 In
728 5138 964 5204 Oriente,
1007 5141 1144 5213 apud
1170 5142 1622 5212 Eleutheropolim
1671 5144 1969 5207 civitatem,
2023 5128 2148 5198 sau-

558 5214 786 5283 lctornm
820 5239 1116 5300 martyrum
1144 5231 1558 5301 quinquaginta,
1603 5230 1693 5300 qui
1727 5232 1826 5285 sub
1859 5230 2149 5287 Saracenis

575 5320 717 5388 passi
744 5310 889 5373 sunt.

646 5444 670 5503 ξι
711 5430 873 5503 linit,
906 5432 999 5503 lib.
1028 5450 1067 5497 I,
1095 5450 1209 5503 cap.
1246 5436 1296 5487 Si.

648 5501 673 5539 ι)
714 5500 912 5554 Victor.
938 5500 1206 5567 Africani,
1240 5506 1327 5557 Ilii.
1362 5523 1397 5557 I.

644 5579 667 5606 ε
712 5571 784 5623 De
810 5586 870 5623 ea
901 5572 988 5624 alii
1017 5572 1048 5625 4
1078 5574 1199 5627 Dee.

642 5638 668 5677 ά
717 5641 787 5693 Ile
813 5657 875 5694 c0
909 5643 924 5694 I
957 5643 1210 5703 Februar.
1248 5646 1432 5698 (etsuis.

651 5718 672 5746 ⁸
713 5708 843 5766 Vide
879 5712 1121 5793 libelluur
1145 5715 1207 5767 dc
1241 5716 1383 5768 I’cst.
1419 5717 1601 5784 Apost.

2260 3219 2359 3274 bus
2405 3218 2546 3286 apud
2571 3216 2942 3272 Alexandrum
2990 3226 3254 3281 astantes,
3291 3232 3413 3271 cum
3442 3217 3677 3287 quidam
3704 3216 3840 3272 Chri-

2258 3310 2468 3362 stianus
2488 3323 2517 3362 a
2546 3305 2733 3376 judice
2758 3316 3128 3378 torqueretur,
3160 3316 3216 3361 ct
3243 3308 3354 3377 jam
3384 3323 3525 3378 pene
3550 3309 3620 3361 ad
3654 3323 3842 3379 negan-

2256 3401 2382 3455 dum
2432 3401 2746 3466 declinaret,
2782 3401 3258 3470 disrumpebantur
3311 3401 3457 3454 intra
3496 3402 3836 3470 semetipsos,

2255 3504 2312 3549 et
2339 3494 2510 3559 vultu,
2543 3494 2716 3549 oculis
2744 3509 2809 3549 ac
2840 3493 3059 3548 nutibus
3090 3492 3236 3547 velut
3272 3492 3486 3563 erigere
3509 3493 3839 3546 conabantur

2256 3583 2403 3637 illam
2430 3572 2523 3653 qui
2560 3574 2613 3637 in
2655 3584 2933 3653 suppliciis
2960 3584 3167 3653 positus
3212 3583 3534 3653 trepidabat.
3563 3582 3835 3637 Interdum

2255 3674 2419 3726 etiam
2467 3687 2661 3727 manus
2700 3673 3046 3743 protendere,
3077 3688 3140 3726 ac
3172 3672 3337 3726 totius
3378 3672 3566 3742 reliqui
3602 3673 3836 3741 corporis

2257 3760 2496 3813 moribus
2527 3769 2581 3813 et
2614 3760 2800 3815 habitu
2831 3759 3043 3814 diverse
3080 3758 3340 3823 inclinati,
3381 3767 3653 3828 tanquam
3681 3759 3834 3815 suble-

2256 3867 2384 3905 vare
2410 3852 2670 3919 lapsantis
2695 3851 2931 3906 animum
2964 3850 3283 3920 gestiebant.
3318 3850 3585 3905 Conversi
3625 3868 3757 3907 vero
3780 3853 3832 3904 ad

2255 3955 2347 3994 eos
2376 3956 2584 4004 omnes,
2616 3950 2673 3995 et
2724 3941 2853 4011 quid
2888 3941 2953 3994 de
2993 3941 3299 4011 semetipsis
3342 3940 3743 4010 proﬁterentur
3780 3958 3835 3994 ex

2253 4045 2382 4084 corn
2408 4047 2437 4082 ιι
2477 4031 2710 4085 motibus
2754 4038 3129 4108 agnoscentes,
3157 4032 3470 4100 priusquam
3504 4032 3556 4084 in
3598 4048 3703 4087 eos
3730 4032 3831 4085 vul-

2255 4138 2353 4193 gus
2389 4121 2717 4177 clamoribus
2764 4121 3011 4185 insiliret,
3046 4122 3145 4192 ipsi
3196 4124 3247 4177 in
3301 4123 3540 4177 medium
3594 4141 3833 4193 prorum-
3934 4178 3936 4199 Ι

2254 4220 2405 4287 pant,
2438 4227 2503 4266 ac
2544 4227 2664 4267 sese
2690 4212 3032 4267 Christianos
3070 4227 3191 4267 esse
3246 4206 3531 4268 testantu!
3570 4214 3692 4270 Pro
3715 4231 3835 4284 quo-

2255 4318 2373 4355 rum
2409 4303 2654 4368 victoria,
2683 4301 3072 4372 gloriosissime
3099 4303 3346 4359 Christus
3382 4304 3449 4359 de
3489 4307 3731 4376 antiquo
3760 4320 3836 4377 ge-

2253 4393 2400 4446 neris
2432 4394 2651 4457 humani
2688 4392 2905 4448 inimico
2943 4394 3311 4461 triumphavit,
3344 4403 3397 4448 et
3422 4410 3593 4449 versa
3621 4398 3832 4461 ἠείδει

2180 4492 2439 4551 Deorum
2492 4480 2849 4547 conﬁdentia,
2898 4484 3337 4552 persecutoribus
3384 4493 3688 4551 terrorem,
3742 4486 3834 4541 Suis
3934 4516 3936 4519 -

2254 4574 2613 4626 constantiam
2646 4573 2809 4627 animi
2836 4572 3002 4626 dedit.

2655 4689 2714 4742 Ε.
2760 4688 2847 4743 XII
2891 4688 3044 4749 KALV.
3088 4688 3424 4749 ιλΝυΑιὶιι.

2914 4780 3000 4849 (21
3032 4779 3184 4849 θέει)

2326 4871 2478 4939 Apud
2528 4870 2774 4925 Edissam
2824 4869 3221 4940 Mesopotamiae
3267 4870 3551 4925 civitatem
3580 4913 3597 4938 ,
3655 4872 3834 4927 natalis

2257 4963 2427 5017 sancti
2459 4960 2679 5018 Thema:
2703 4960 2929 5030 apostoli
2957 4962 3007 5014 ιι.

2327 5055 2657 5116 (Ζειι;ι1ιιιιιιίε,
2693 5055 2864 5109 sancti
2897 5053 3155 5120 Memmii,
3183 5054 3416 5125 episcopi
3452 5056 3622 5125 primi
3662 5058 3735 5111 illi
3764 5057 3830 5109 ci-

2257 5147 2405 5200 vitati
2445 5146 2513 5201 ab
2542 5147 2673 5201 urbe
2704 5144 2871 5200 Roma
2903 5146 3112 5203 directi.
3150 5147 3237 5214 qui
3274 5146 3415 5200 inter
3442 5147 3549 5200 alia
3581 5146 3828 5201 miracula

2257 5252 2526 5296 mortuum
2552 5241 2854 5305 suscitavit,
2877 5240 3031 5308 cujus
3059 5256 3201 5295 nunc
3230 5240 3540 5309 sepulcrum
3567 5240 3830 5296 creberria

2259 5332 2360 5385 mis
2415 5329 2692 5385 miraculis
2728 5329 3050 5383 illustratur.

2336 5441 2352 5479 ί
2399 5441 2620 5502 Euseb.,
2650 5441 2740 5495 lib.
2766 5457 2841 5505 vr,
2872 5455 2991 5507 cap.
3018 5440 3110 5504 54,
3140 5440 3278 5495 Boil.
3307 5440 3396 5495 3t.

2335 5514 2358 5549 Β
2393 5512 2555 5581 Greg.
2580 5509 2735 5573 Tur,
2764 5512 2829 5565 de
2849 5510 3303 5581 Gloi'iirconl'ess.,
3334 5527 3452 5579 cap.
3469 5511 3648 5573 99,20
3676 5510 3829 5569 Dec;

2263 5583 2488 5644 Euscb.,
2512 5579 2617 5633 lib.
2649 5596 2724 5639 vt,
2750 5597 2869 5647 rap.
2898 5580 2987 5642 δε,
3028 5579 3168 5643 Rulli
3197 5581 3285 5633 3i.

2332 5653 2357 5691 h
2389 5650 2525 5704 Rttli'.
2544 5650 2632 5703 51-
2662 5651 2907 5719 ΧίαΙυᾼΙίΙ),
2932 5651 2997 5704 de
3023 5649 3162 5705 Fest.
3196 5651 3400 5719 Apust.;
3426 5649 3658 5717 Gt'egm'.
3687 5651 3830 5707 Τητ..

2261 5722 2325 5775 de
2357 5722 2501 5776 Glor.
2536 5717 2701 5785 conti,
2737 5736 2852 5789 cap.
2885 5718 2967 5772 6‘3.
