3936 6348
118 363 234 421 ι37

1242 359 1329 416 DE
1366 357 1702 438 PASSIONE
1744 357 1801 415 S.
1848 360 2205 418 DESIDERII.

3303 362 3408 420 iss
3432 344 3439 353 '

121 497 189 541 ca
265 488 603 535 atrocissima
677 491 809 548 gens
874 474 1265 531 Wandalorum
1314 476 1557 548 expulsa.
1619 475 1715 530 Cui
1744 480 1791 540 Α
1821 476 1948 547 quid
1980 480 2117 534 ultra
2156 484 2422 553 przebere,
2472 483 2807 538 confortatus
2837 496 2865 535 a
2894 483 3013 537 viro
3033 482 3150 539 Dei.
3184 482 3250 539 de
3301 482 3408 539 lar-

123 574 450 648 imperatori
478 572 724 629 Justinus
772 571 1037 636 succedit,
1088 572 1187 625 sub
1215 587 1324 643 quo
1351 586 1482 644 gens
1511 571 1722 639 Longo-

122 671 427 726 bardorum
471 666 680 736 italiam
724 665 947 721 invasit.
991 665 1196 720 Deinde
1238 665 1527 737 imperavit
1563 663 1726 719 Tibe-

124 762 273 828 rius,
298 768 425 832 post
451 773 611 830 quem
640 758 950 814 Mauricius.

201 851 313 907 Sed
335 859 395 905 ut
427 851 495 905 ad
527 850 801 921 proposita
834 857 1103 916 revertar,
1146 863 1268 905 cum
1300 850 1460 923 longe
1512 850 1727 921 lateque

128 943 278 999 fama
301 941 445 998 beati
477 940 581 996 viri
611 940 875 997 Desiderii
911 949 1286 1012 spargeretur,
1337 950 1395 997 et
1434 941 1567 998 foris
1607 941 1723 1011 jam

130 1034 419 1092 miraculis
445 1033 781 1105 vulgaretur,
813 1042 977 1103 atque
1009 1033 1182 1089 virtus
1217 1034 1384 1088 animi
1414 1034 1582 1105 signis
1607 1035 1725 1089 evi-

130 1127 392 1185 dentibus
418 1127 686 1199 patefacta
742 1127 1089 1195 clarescent,
1133 1128 1348 1184 invidus
1393 1131 1573 1186 omnis
1601 1130 1726 1185 boni

132 1219 408 1282 diabolus,
433 1219 486 1273 in
512 1218 952 1290 persecutionem
980 1220 1116 1274 tanti
1144 1220 1247 1275 viri
1282 1220 1457 1277 insani
1487 1221 1728 1291 pectoris

133 1308 392 1366 homines
438 1307 754 1364 inﬂammat.
805 1309 873 1364 Et
914 1310 1043 1381 quia
1090 1310 1309 1367 videbat
1364 1311 1577 1367 Domini
1631 1310 1726 1368 Dei

136 1407 314 1461 nostri
341 1402 685 1460 Jesquristi
708 1403 934 1476 gloriam
962 1421 1059 1481 per
1078 1405 1294 1461 beatum
1325 1405 1502 1460 virum
1528 1406 1728 1477 ubique

138 1494 393 1560 diﬁundi,
423 1494 620 1565 quibus
651 1494 860 1549 artibus
900 1493 1070 1549 valuit
1110 1503 1318 1550 tantum
1353 1510 1489 1567 Opus
1512 1496 1728 1567 pietatis

138 1588 508 1657 exstinguere,
547 1588 859 1659 aggreditur
907 1585 1179 1642 lamssere
1210 1586 1385 1654 illum,
1435 1595 1490 1643 et
1536 1588 1727 1643 convi-

139 1685 244 1741 ciis
271 1683 486 1740 allicere
510 1683 708 1755 primo,
743 1683 937 1738 deinde
964 1683 1126 1737 etiam
1151 1679 1363 1749 injuriis
1377 1681 1718 1752 pmpulsare,

142 1778 288 1833 sicut
315 1784 462 1832 certa
507 1789 594 1830 res
625 1773 1013 1829 manifestabit.
1045 1771 1149 1827 Sed
1177 1772 1488 1827 Desiderius
1515 1772 1580 1827 de
1603 1771 1729 1826 bea-

1795 571 2014 642 ,gitate,
2037 580 2092 625 et
2116 572 2359 628 bonitate
2386 572 2683 639 Creatoris,
2708 589 2832 629 mox
2859 582 2917 628 ut
2947 576 3127 644 rediit,
3167 576 3406 646 plenum,
3440 580 3449 597 ’·

1825 663 1967 733 quod
2009 663 2170 735 paulo
2211 674 2335 722 ante
2360 682 2589 722 vacuum
2624 665 2821 732 fuerat,
2850 667 3131 723 vasculum
3182 669 3406 725 invenit.

1827 757 1939 814 'l‘ua
1973 768 2099 814 sunt
2144 760 2278 827 haec,
2324 761 2568 827 Domine,
2597 761 2689 831 qui
2738 773 2838 831 pro
2866 768 2918 814 te
2965 776 3153 832 passos
3202 749 3415 841 semper

1828 852 2117 923 gloriﬁcas,
2144 854 2234 923 qui
2267 854 2432 909 duces
2461 853 2641 925 gregis
2670 853 2769 919 tni,
2818 860 2877 908 ut
2920 868 3051 910 oves
3102 865 3209 910 tua:
3258 855 3411 926 sequi

1828 959 1935 998 non
1965 953 2229 1008 metuant,
2255 946 2471 1013 coronis
2497 945 2756 999 virtutum
2788 958 3036 999 exornas.
3316 954 3325 965 '

1898 1037 2106 1093 Prmter
2141 1053 2203 1093 ea
2257 1046 2584 1108 congregata
2633 1037 2979 1093 multitudine
3047 1037 3411 1095 sacerdotum.

1828 1127 1955 1184 licet
1982 1128 2145 1199 impia
2176 1126 2375 1182 femina
2398 1142 2607 1184 venena
2634 1127 2854 1183 malitize
2877 1142 2989 1182 suae
3020 1143 3126 1183 non
3163 1141 3417 1183 evomne-
3446 1118 3449 1123 ’

1831 1221 1923 1285 rit,
1959 1228 2139 1275 tamen
2170 1220 2312 1274 victa
2344 1221 2619 1292 precibus,
2643 1231 2891 1276 sanctum
2918 1220 3093 1275 virum
3143 1217 3256 1274 sedi
3304 1234 3416 1273 sua:
3446 1224 3451 1233 ‘

1830 1314 2059 1384 urbique
2084 1313 2367 1370 reformari
2393 1312 2568 1385 jubet.
2597 1311 2730 1382 Quis
2754 1313 2935 1369 dicere
2965 1310 3196 1368 sudiciat
3222 1311 3419 1381 quibus
3450 1324 3457 1332 '

1830 1407 2041 1479 gaudiis
2076 1416 2326 1477 receptus
2364 1406 2544 1472 fuerit,
2593 1416 2725 1479 quot
2764 1406 2908 1462 ulnis
2952 1404 3171 1476 pietatis
3214 1419 3243 1459 a
3274 1406 3457 1460 clero°

1830 1505 1884 1552 et
1913 1496 2111 1569 populo
2137 1499 2490 1571 amplexatus,
2511 1497 2709 1569 quibus
2734 1494 2990 1569 lacrymis
3021 1495 3265 1569 rigatus?
3284 1492 3420 1551 Vere
3452 1504 3458 1513 ‘

1831 1597 2104 1659 pastorem
2131 1589 2300 1658 pium,
2351 1604 2511 1660 quem
2559 1588 2758 1645 nullius
2796 1587 3012 1660 generis
3055 1585 3337 1642 tribulatio
3387 1602 3416 1640 a

1832 1680 2099 1735 cbaritate
2124 1681 2303 1735 ovium
2329 1680 2582 1736 divellere
2610 1679 2802 1755 potuit.
2845 1680 2986 1736 Vere
3030 1679 3221 1735 beatus
3246 1692 3420 1750 popu-
3450 1698 3455 1703 ι

1832 1771 1936 1837 lus,
1962 1770 2051 1841 qui
2083 1770 2244 1826 talem
2275 1771 2473 1826 meruit
2497 1773 2802 1843 suscepisse
2824 1771 3105 1827 ductorem
3145 1771 3196 1824 ιδ.

143 1869 217 1924 tis
243 1867 570 1939 pauperibus
607 1864 798 1937 spiritu
822 1880 963 1919 unus
993 1905 1007 1927 ,
1035 1861 1189 1932 cujus
1212 1862 1538 1917 desiderium
1568 1878 1734 1916 exau-
1762 1859 1811 1920 Β
1911 1861 2012 1918 iiic
2040 1877 2163 1919 cum
2184 1862 2298 1933 jam
2334 1872 2481 1918 totus
2528 1873 2739 1937 martyr
2763 1872 2908 1920 esset
2932 1877 3183 1933 corpore,
3212 1859 3421 1917 bostia-
3456 1886 3461 1891 -

145 1960 329 2017 diebat
349 1959 512 2024 Deus,
552 1964 604 2013 et
626 1956 1079 2029 praeparationem
1109 1955 1290 2011 contis
1335 1954 1453 2025 ejus
1484 1954 1739 2009 audiebat

146 2052 295 2107 auris
321 2050 460 2119 ejus,
493 2050 547 2104 in
597 2058 749 2121 petra
799 2047 922 2102 lidei
969 2045 1247 2111 fundatus,
1300 2046 1450 2100 tundi
1501 2045 1739 2102 adversi-

147 2143 350 2198 tatibus
398 2148 633 2213 poterat,
680 2138 886 2194 moveri
944 2153 974 2193 a
1035 2145 1179 2192 statu
1230 2137 1575 2194 rectitudinis
1629 2151 1736 2192 non

148 2242 380 2306 poterat.
650 2250 659 2257 ‘
1538 2244 1543 2251 ‘

219 2325 412 2394 igitur,
444 2322 733 2379 interfecto
756 2321 1030 2392 Sigiberto
1077 2334 1202 2392 rege
1255 2321 1492 2377 factione
1541 2319 1739 2376 Frede-

152 2417 344 2490 gundis
372 2417 589 2486 reginae,
631 2415 1015 2472 Brunnebildis
1037 2416 1223 2487 regina
1253 2430 1374 2470 cum
1404 2415 1739 2470 Theoderico

156 2509 441 2563 admodum
484 2508 720 2578 parvulo.
751 2506 1081 2564 Cliildeberti
1132 2508 1272 2579 regis
1312 2507 1443 2573 lilio,
1489 2506 1734 2577 Burgun-

159 2599 299 2654 diam
331 2599 576 2654 obtinuit.
593 2597 812 2654 Femina
837 2597 1281 2669 incomparabilis
1306 2597 1740 2669 libidinis,quip-

152 2706 225 2763 pe
279 2707 403 2762 quze
472 2706 575 2747 non
648 2691 891 2746 timuerit
958 2690 1420 2746 iucestuosissime
1475 2689 1740 2746 Merovteo

154 2783 443 2853 Chilperici
475 2784 605 2849 lilio,
630 2783 809 2838 mariti
835 2783 920 2837 sui
959 2783 1165 2851 nepoti,
1188 2797 1248 2837 se
1271 2782 1507 2837 misceri.
1538 2782 1740 2852 illoque

152 2885 434 2931 tonsurato
488 2877 916 2948 presbyteroque
951 2874 1116 2941 facto,
1143 2875 1234 2929 tali
1272 2891 1506 2947 namque
1549 2877 1741 2931 ordine

152 2977 303 3038 pater
332 2970 420 3024 vix
452 2984 575 3023 eum
604 2968 1073 3039 potuitcoercere,
1105 2981 1203 3038 per
1226 2966 1564 3023 diversorum
1587 2967 1742 3039 juve-

154 3072 278 3114 uum
303 3057 554 3113 libidines
587 3057 897 3123 excanduit,
941 3057 1315 3128 turpissimum
1364 3056 1595 3128 lupanar
1624 3058 1739 3132 ipsa

150 3152 494 3222 semetipsam
525 3151 853 3222 turpissimis
881 3150 1172 3220 juvenibus
1222 3166 1520 3222 exponens.
1568 3152 1736 3225 Cujus

1838 1968 1944 2024 que
1968 1951 2079 2008 Deo
2108 1953 2326 2023 placita,
2357 1963 2415 2009 ut
2438 1954 2767 2010 desiderium
2789 1953 2968 2009 cordis
2992 1951 3110 2023 ejus
3157 1953 3425 2009 trich

1840 2055 1929 2101 tur
1955 2047 2029 2111 ei,
2086 2047 2424 2117 instaretque
2474 2057 2686 2117 tempus
2712 2056 2773 2102 ut
2798 2055 3093 2119 poneretur
3140 2046 3194 2101 in
3247 2046 3426 2117 capite

1838 2139 1955 2210 ejus
1993 2154 2191 2194 corona
2244 2139 2312 2194 de
2364 2138 2542 2210 lapide
2565 2139 2846 2209 pretioso:
2878 2139 3076 2193 iterum
3100 2136 3372 2193 simultate
3396 2144 3421 2175 ο

1838 2227 2222 2284 Brunnehildis
2271 2243 2335 2283 ac
2368 2229 2515 2283 illam
2557 2230 3046 2311 congiuprantium,
3081 2226 3304 2300 jnbetur
3330 2241 3424 2281 ve-

1839 2322 1959 2378 nire
1982 2320 2225 2393 pontifex
2256 2330 2479 2377 sanctus
2510 2323 2577 2378 ad
2609 2323 2889 2393 palatium,
2916 2336 3027 2393 quo
3053 2329 3189 2378 tunc
3220 2332 3430 2390 tempo-

1841 2415 1918 2469 ris
1940 2413 2308 2469 Theodericus
2340 2415 2556 2484 juvenis
2582 2415 2871 2471 residebat.
2919 2414 3296 2485 Attemptatur
3319 2413 3425 2467 ita-

1840 2518 1947 2573 que
1969 2505 2055 2558 vir
2085 2505 2177 2559 Dei
2206 2514 2385 2560 utrum
2429 2507 2481 2561 in
2527 2506 2696 2576 priori
2740 2506 3006 2561 sententia
3060 2511 3423 2577 permaneret.

1840 2595 2318 2667 interrogatusque
2348 2605 2527 2651 utrum
2551 2597 2746 2652 melius
2770 2604 2921 2652 esset
2958 2597 3049 2651 uni
3084 2596 3205 2651 viro
3233 2593 3427 2650 mulle-

1842 2701 1957 2741 rem
1983 2684 2258 2756 conjungi,
2285 2702 2447 2757 quam
2471 2703 2570 2757 per
2593 2687 2929 2742 diversorum
2958 2687 3216 2756 juvenum
3242 2688 3427 2756 'appe-
3452 2700 3457 2707 ί

1841 2777 1975 2832 titus
1989 2777 2240 2832 libidines
2260 2793 2389 2857 suas
2403 2778 2746 2849 dispumarc;
2786 2793 2816 2833 a
2832 2793 2942 2849 quo
2963 2792 3087 2832 cum
3105 2790 3426 2848 responsum

1841 2878 2006 2933 esset,
2035 2870 2390 2941 unusquisque
2416 2886 2569 2925 suam
2598 2887 2813 2926 uxorem
2840 2871 3051 2935 habeat,
3085 2879 3134 2924 et
3177 2884 3431 2941 unaqua-

1840 2977 1940 3031 que
1965 2977 2122 3015 suum
2149 2962 2319 3015 virum
2349 2960 2561 3025 habeat,
2587 2973 2633 3016 et
2667 2961 3035 3031 fornicatores,
3077 2970 3126 3014 et
3164 2958 3429 3014 adulteros

1842 3053 2012 3108 Deum
2044 3053 2302 3123 iudicare,
2338 3069 2431 3108 nec
2459 3054 2619 3117 licere
2650 3054 3004 3110 contaminari
3033 3051 3280 3123 temptatas
3309 3048 3433 3121 Spi-

1842 3147 1977 3200 ritus
1999 3145 2189 3211 sancti,
2220 3162 2339 3201 cum
2367 3162 2589 3217 corpora
2620 3156 2800 3201 nostra
2835 3144 3083 3211 templum
3106 3153 3275 3200 essent
3305 3141 3453 3214 Spir

152 3221 393 3308 inaudda
421 3221 629 3314 ﬂagitia
654 3244 737 3297 vir
770 3242 1013 3314 pontifex
1054 3221 1366 3301 Desiderius
1408 3244 1526 3300 zelo
1578 3221 1738 3303 timo-

1845 3238 1980 3293 ritus
2007 3236 2130 3300 Dei,
2152 3244 2200 3291 et
2229 3238 2277 3291 si
2297 3238 2418 3308 quis
2446 3237 2695 3309 templum
2722 3236 2822 3292 Dei
2843 3236 3084 3292 uiolasset
3110 3235 3432 3304 disperderet

151 3336 227 3392 ris
250 3335 347 3391 Dei
374 3334 761 3401 inﬂammatus,
790 3335 1110 3405 reprimere,
1139 3341 1194 3389 et
1215 3335 1489 3407 corrigere
1515 3335 1739 3407 cupiens

153 3442 264 3487 tam
311 3412 581 3499 privatim.
608 3412 773 3498 quam
815 3425 1050 3499 publice,
1096 3426 1374 3483 meliorem
1405 3427 1573 3483 vitam
1601 3429 1742 3483 arri-

149 3534 301 3590 pere,
340 3526 396 3574 et
445 3518 838 3590 paenitudinem
886 3516 1017 3574 facti
1068 3518 1269 3574 habere
1323 3520 1597 3575 monebat.
1631 3518 1739 3575 Sed

151 3611 281 3680 quia
308 3610 401 3681 qui
428 3609 611 3681 arguit
632 3609 857 3680 impium
887 3617 1111 3681 generat
1129 3609 1396 3664 maculam
1427 3610 1553 3677 sibi,
1588 3611 1742 3666 novis

150 3708 213 3756 et
238 3699 499 3756 inauditis
523 3701 665 3756 odiis
685 3700 854 3771 erepit
873 3707 1123 3755 sanctum
1154 3699 1330 3755 virum
1366 3701 1646 3767 detestari,
1678 3716 1743 3757 ac

151 3790 217 3846 ut
245 3791 413 3846 vitam
438 3789 677 3847 auiarrct
723 3791 996 3847 meditari.
1027 3791 1135 3847 Sed
1161 3792 1289 3863 quia
1314 3793 1368 3849 id
1418 3802 1604 3865 aperte
1636 3809 1741 3851 non

151 3872 612 3955 poterat,exsilio
649 3883 949 3955 deportari,
975 3892 1032 3939 et
1059 3884 1288 3957 relegari
1313 3887 1371 3941 in
1386 3887 1625 3957 quadam
1661 3888 1744 3943 in-

152 3976 274 4032 sula
297 3976 475 4031 virum
504 3976 601 4032 Dei
628 3974 779 4032 facit.
826 3974 928 4032 libi
952 3976 1316 4047 quadriennio
1338 3978 1570 4034 diversis
1595 3978 1745 4034 labo-

151 4066 316 4122 ribus
340 4065 615 4139 fatigatus,
647 4080 755 4123 non
784 4076 967 4123 tamen
1000 4067 1206 4123 auxilio
1229 4070 1616 4140 omnipotentis
1648 4069 1742 4124 Dei

151 4158 395 4213 nudatus
417 4167 502 4214 est
526 4172 592 4217 ac
611 4158 920 4226 destitutus,
949 4159 1151 4231 quippe
1176 4175 1276 4230 per
1298 4175 1459 4231 quem
1483 4162 1744 4217 beneﬁcia

154 4248 409 4305 inﬁrmis
438 4250 855 4323 quibuseuuque
895 4252 1038 4308 Deus
1084 4260 1272 4309 uoster
1321 4253 1395 4309 ibi
1432 4255 1742 4310 contulerit.

152 4339 303 4396 Nam
321 4339 539 4411 quidam
565 4341 831 4413 ieprosus,
855 4342 1191 4414 inspectante
1213 4344 1431 4415 populo,
1457 4354 1602 4401 tactu
1628 4346 1747 4402 bea-

154 4430 365 4486 tissimi
401 4430 506 4487 viri
536 4432 934 4488 mundatusest
960 4449 990 4487 a
1022 4432 1195 4503 lepra,
1224 4448 1349 4504 qua
1396 4442 1567 4489 totum
1594 4435 1745 4491 illum

153 4534 535 4595 speraverat.
565 4524 648 4580 Ab
673 4539 738 4580 ea
780 4524 871 4582 die
916 4540 1022 4597 qua
1073 4526 1308 4582 insulam
1336 4527 1611 4600 ingressus
1643 4538 1745 4595 est,

153 4586 469 4677 eiuan
510 4616 634 4673 aleo
658 4618 900 4688 picum,
1107 4634 1270 4674 manu
1306 4586 1451 4676 illius
1475 4586 1747 4677 illumina;
1776 4586 1831 4645 Β

154 4716 287 4764 tum
341 4703 540 4773 beast,
588 4708 793 4763 virtute
826 4708 1006 4764 divina
1060 4710 1358 4781 permansit
1409 4711 1749 4779 indeiiciens,

155 4813 389 4870 semper
409 4800 626 4869 ardens,
646 4811 711 4858 et
741 4818 894 4858 suam
925 4804 1312 4874 plenitudinem
1344 4805 1746 4875 inexhaustam,

154 4892 229 4947 ad
258 4892 495 4960 gratiam
536 4894 633 4949 viri
663 4892 755 4949 Dei
782 4893 1181 4964 praedicandam
1223 4896 1477 4953 omnibus
1515 4897 1747 4954 manife-

154 4991 342 5040 stans.
369 4983 437 5038 Et
460 4985 605 5054 quod
630 4995 717 5041 est
743 4985 1063 5050 mirabilius,
1099 4988 1409 5059 quicunque
1456 4990 1746 5061 cujuslibet

156 5077 505 5135 inﬁrmitatis
525 5095 556 5134 a
590 5089 785 5136 saneto
812 5083 1065 5152 pontiﬁce
1083 5098 1150 5139 ex
1171 5084 1362 5140 eodem
1388 5085 1597 5156 liquore
1623 5100 1749 5157 per-

156 5179 369 5225 unctus
401 5168 611 5237 luisset,
644 5172 791 5230 ilico
810 5182 1033 5230 sunmus
1052 5176 1256 5231 abibat.

237 5261 465 5319 Factum
486 5272 569 5320 est
593 5274 776 5321 autem
805 5274 866 5319 ut
891 5279 986 5322 vas
1007 5265 1223 5337 plenam
1242 5266 1374 5333 vini,
1412 5277 1636 5339 propter
1655 5268 1752 5324 ad-

159 5352 459 5419 ventantes
485 5352 579 5428 qui
609 5356 737 5412 inde
763 5356 1066 5423 haurirent,
1106 5372 1139 5412 a
1187 5359 1439 5414 ministro
1462 5357 1603 5414 illius
1628 5357 1751 5415 dili-

155 5450 319 5523 genti
345 5463 473 5506 cura
504 5459 833 5506 servaretur.
865 5445 980 5507 Sed
1003 5464 1128 5506 cum
1157 5451 1403 5522 pluribus
1431 5451 1623 5508 diebus
1636 5451 1764 5523 jam’

154 5552 469 5612 expensum
495 5550 781 5614 putaretur
813 5542 1097 5609 defecisse,
1124 5553 1180 5599 et
1220 5544 1472 5600 minister
1500 5544 1600 5599 viri
1655 5545 1749 5600 Dei

158 5633 229 5690 id
278 5634 586 5690 nuntiasset
631 5634 708 5691 illi
733 5648 783 5702 ι,
832 5636 959 5707 quia
1016 5650 1121 5709 non
1172 5635 1400 5691 haberet
1446 5636 1753 5706 petentibus

180 5788 185 5799 .
239 5759 271 5858 II:
309 5743 537 5885 ml:
553 5745 745 5873 ἓξὲξ
758 5746 972 5874 ἒιεῶξ.
1001 5747 1497 5875 Ἅάοέτὲιέἐῗῃηειὴξηί.
1530 5748 1607 5804 in.

1840 3330 1989 3386 illum
2013 3331 2155 3386 Deus
2177 3329 2231 3399 (1
2256 3329 2382 3386 Cor.
2413 3347 2522 3397 vlt;
2555 3329 2718 3386 Hebr.
2750 3345 2881 3397 xtlt;
2916 3330 2945 3385 Ι
2984 3330 3106 3386 Cor.
3152 3327 3271 3395 tu);
3308 3344 3431 3386 cum

1844 3439 1972 3495 ergo
1996 3424 2114 3479 haec
2151 3433 2209 3480 et
2262 3424 2350 3481 his
2380 3423 2578 3479 similia
2604 3424 2691 3477 vir
2735 3415 2931 3493 stin-itu
2963 3423 3058 3477 Dei
3101 3430 3431 3493 perorasset.

1841 3516 1989 3573 illico
2027 3516 2311 3571 nuntiatur
2362 3515 2478 3570 hac
2505 3514 2881 3570 Brunnelsildl.
2919 3513 3099 3585 Capit
3126 3513 3328 3579 furere,
3350 3513 3434 3568 vi-

1844 3624 1966 3664 rum
2004 3607 2099 3662 Dei
2145 3606 2267 3664 telis
2319 3606 2542 3662 malitia:
2597 3620 2709 3662 sua
2754 3614 3036 3676 appetere,
3084 3614 3142 3660 et
3194 3603 3455 3673 qualiter.

1843 3705 2013 3759 vitam
2055 3702 2105 3757 ei
2149 3699 2390 3757 auferret
2424 3714 2549 3755 cum
2599 3697 2891 3769 juvenibus
2940 3698 3054 3754 suis
3092 3696 3426 3768 perquirere.

1844 3796 2152 3853 Miserabile
2179 3795 2353 3860 dictu,
2396 3794 2561 3849 intra
2586 3791 2733 3849 fores
2776 3791 3025 3853 cccleis
3054 3789 3301 3862 repulsus
3346 3789 3427 3844 vir

1847 3890 1943 3946 Dei
1984 3888 2276 3954 clauditur,
2321 3896 2376 3943 et
2402 3895 2465 3943 ut
2493 3884 2694 3942 furenti
2743 3884 3056 3950 satiaret,
3085 3883 3294 3939 clamor
3336 3896 3436 3952 po-

1844 3981 2050 4053 pularis
2078 3995 2109 4035 a
2137 3979 2442 4037 fautoribus
2477 3979 2649 4051 ipsius
2681 3979 2938 4035 incitatus
2971 3976 3240 4034 attollitur
3278 3995 3292 4031 :
3328 3976 3437 4031 ﬂor

1846 4072 2040 4128 bellem
2095 4073 2241 4129 hunc
2293 4082 2349 4129 et
2406 4071 2735 4144 Reipublicae
2807 4087 2871 4129 ac
2950 4072 3174 4131 honoris
3245 4069 3433 4141 patriae

1851 4165 2206 4221 contrarium.
2964 4220 2967 4221 ν

1921 4256 2114 4313 Sciens
2142 4256 2325 4327 itaque
2352 4257 2440 4311 vir
2465 4256 2560 4311 Dei
2593 4256 2709 4326 jam
2738 4257 2805 4311 ad
2831 4256 3069 4327 palmam
3112 4271 3175 4311 se
3223 4253 3432 4319 Iocari,

1849 4349 2086 4404 maxime
2105 4364 2228 4405 cum
2241 4349 2294 4405 id
2315 4348 2647 4405 revelatione
2666 4348 2906 4420 angelica
2919 4348 3248 4418 patelaetam
3266 4342 3435 4411 esset,

1852 4446 2172 4517 intrepidus,
2212 4446 2632 4516 imperterritus,
2665 4443 2807 4499 ﬁxus
2829 4451 2975 4498 totus
2998 4444 3053 4497 in
3080 4444 3211 4506 Deo,
3240 4441 3433 4497 bra-

1851 4538 2215 4610 prasstolatur.
2247 4537 2595 4593 Abstrabitur
2618 4537 2812 4591 iterum
2842 4535 2912 4591 ab
2938 4534 3188 4601 ecclesia,
3218 4542 3275 4589 et
3310 4547 3436 4588 san-

1856 4641 1977 4687 ctus
2025 4631 2235 4691 Domini
2278 4630 2516 4700 indignis
2562 4630 2811 4685 manibus
2840 4636 3231 4699 pertractatur,
3273 4635 3441 4697 atque

1854 4722 2138 4792 agentibus
2160 4720 2409 4785 Bettoue.
2436 4718 2743 4785 Gasifrcdo,
2765 4726 2821 4775 et
2848 4716 3103 4789 Ephane
3126 4715 3438 4779 comitibus,

1853 4814 2158 4885 impiissimi
2186 4812 2408 4870 sceleris
2432 4810 2894 4877 consiliatoribus,
2933 4811 3191 4867 custodia
3227 4810 3457 4864 ιιι-σίν

1850 4914 2032 4978 patur,
2060 4914 2223 4976 atque
2251 4906 2321 4961 ad
2366 4904 2698 4960 territorium
2729 4919 2899 4973 usque
2930 4902 3293 4974 Lugdauease
3312 4915 3439 4972 per-

1853 4998 2090 5061 ducitur,
2117 5010 2283 5066 asper
2308 4994 2527 5051 luvium
2549 4995 2895 5053 Calaronam.
2931 4993 3071 5050 Hinc
3121 4994 3247 5050 inde
3271 4993 3453 5053 vallav'

1857 5099 1945 5149 tus
1976 5089 2289 5159 iniquorum
2328 5087 2609 5143 hominum
2661 5088 2856 5154 turbis,
2911 5102 3036 5143 cum
3072 5086 3189 5157 jam
3231 5084 3441 5139 videret

1856 5178 2124 5234 furentem
2154 5177 2557 5233 multitudinem
2582 5177 2640 5233 in
2667 5187 2896 5233 mortem
2941 5192 3097 5233 suam
3120 5176 3260 5232 velle
3304 5187 3449 5230 cuum

1856 5285 2104 5342 surgere,
2161 5271 2599 5343 supradictorum
2641 5268 2899 5339 iuvenum
2929 5270 3165 5324 maxitne
3193 5265 3436 5332 bertam,

1855 5380 2029 5438 genua
2060 5365 2116 5419 in
2146 5372 2289 5420 terra
2317 5360 2493 5436 ﬁgens
2538 5362 2773 5419 orationi
2799 5361 3060 5427 incubuit,
3089 5374 3157 5415 ae
3201 5360 3445 5430 pro-suis

1855 5455 2299 5527 persecutoribus
2318 5453 2499 5510 aravit
2516 5452 2739 5516 dicentis
2754 5452 2996 5518 Domine,
3026 5466 3091 5506 ae
3107 5459 3313 5505 statuas
3332 5446 3439 5502 illis

1855 5547 1954 5601 hoc
1982 5556 2276 5618 peceatum,
2298 5546 2425 5618 quia
2480 5547 2716 5601 ueniunt
2756 5544 2883 5616 quid
2924 5544 3121 5613 factum
3157 5541 3296 5615 (Art.
3328 5554 3437 5605 vu;

1855 5638 1988 5694 Luc.
2041 5639 2187 5709 xm).
2231 5637 2569 5693 Commendo
2610 5637 2706 5692 tibi
2738 5648 2886 5698 oves,
2922 5647 3065 5705 quas
3114 5636 3290 5704 gratia
3350 5640 3448 5686 tua'

1932 5760 1954 5788 α
1997 5747 2221 5819 Magnus
2246 5746 2428 5807 Codex
2459 5746 2519 5801 ὃ.
2540 5745 2611 5801 G.
2635 5752 2767 5815 ms,
2785 5743 3086 5799 inﬂante.
3115 5743 3192 5797 la.
