3936 6348
487 350 597 407 439
1502 357 1557 412 Β.
1600 358 1849 417 ADONIS
1887 362 2314 426 ARCHIEPiSC.
2365 371 2787 430 VII'ZNNENSIS.
3678 380 3803 436 ιω

486 464 706 535 suscepi
724 465 1017 559 regendas.
1036 464 1155 526 Non
1176 468 1297 525 illas
1316 470 1561 541 luporum
1575 473 1757 531 rabies
1774 475 2071 549 dispergat,
2102 484 2153 544 Α
2179 491 2239 557 pt
2261 485 2516 554 precibus
2541 487 2659 543 suis
2695 488 3077 559 pervincercnt
3100 489 3454 549 Chlottaritnn
3484 506 3621 551 tunc
3646 504 3800 551 tent-

487 554 583 612 sed
611 553 666 612 in
698 566 892 613 sancto
913 557 1041 615 ovili
1070 559 1325 618 Ecclesiae
1352 570 1456 618 tuae
1483 575 1845 639 congregatae,
1887 568 2078 625 vincu-
2175 553 2324 642 poris
2347 574 2499 644 pium
2541 553 2744 649 regem,
2790 587 3062 651 quatenus
3115 582 3411 641 concedere
3451 584 3803 657 dignaretur

486 642 541 701 lo
569 646 857 705 cbaritatis
881 649 1128 717 adnexae,
1163 651 1349 707 vivant
1373 651 1429 708 in
1459 660 1514 710 te
1537 654 1605 711 de
1636 657 1830 728 spiritu
1861 658 2073 731 gratiae,
2175 667 2256 723 eis
2275 642 2517 724 membra
2545 642 2846 728 beatissimi
2868 671 2992 741 viri,
3035 690 3159 746 qua:
3200 676 3343 732 sicut
3393 642 3610 765 sepulta
3654 678 3795 737 ‘fne-

488 740 865 765 ,,,,,,,.ε,,,,,-
902 741 953 765 ε,
986 750 1180 765 μμ-μΑ
1216 745 1552 765 μευ-,μη
1617 757 1630 765 .
1760 749 1782 765 .
1918 752 1975 765 ι..
2033 755 2044 765 .
2363 760 2375 765 ρ
2489 761 2523 765 μ
2684 764 2687 765 ν
2752 764 2757 765 κ

485 740 865 798 custodiantur
902 741 958 798 in
983 750 1187 800 aeterna
1215 745 1590 804 misericordia
1616 757 1728 816 tua,
1752 749 1884 808 Jesu
1914 752 2076 810 Cbri-
2174 768 2323 826 rant,
2361 760 2417 816 in
2472 761 2695 820 dimcesi
2741 740 3113 838 Lugdunensi,
3159 779 3216 826 et
3238 771 3292 826 in
3340 740 3469 829 ιοοῖ
3496 775 3798 845 passionis

485 838 571 887 ste
606 831 710 889 Fili
737 833 854 901 Dei,
879 835 971 906 qui
1007 835 1143 893 vivis
1185 845 1243 893 et
1269 852 1465 910 regnas
1512 838 1565 896 in
1605 843 1803 899 saecula
1851 844 2075 901 saeculo-
2174 868 2286 909 suae
2306 855 2686 913 servabantur.
2723 831 2855 927 Qum
2876 859 3021 917 idem
3051 831 3173 933 pius
3204 878 3301 920 rex
3346 831 3663 924 clementer
3706 869 3797 923 in-

484 938 629 982 tum.
1628 1021 1639 1023 ᾲ
2008 980 2013 987 .
2175 944 2371 1012 dulsit;
2396 946 2613 1003 videbat
2635 949 2780 1005 enim
2815 951 3194 1023 dignissimam
3222 970 3337 1011 rem
3367 965 3424 1012 et
3477 957 3601 1014 Deo
3654 958 3795 1015 cha-

556 1014 842 1075 Insaniens
863 1015 1047 1089 itaque
1073 1018 1384 1088 multitudo,
1436 1036 1563 1079 cum
1614 1021 1855 1080 furorem
1911 1040 2071 1083 suum
2174 1034 2450 1092 rissimam
2477 1037 2599 1095 illos
2631 1014 2923 1111 postulare,
2978 1052 3034 1100 et
3060 1042 3313 1101 allectum
3370 1047 3591 1117 piorum
3647 1048 3795 1121 filio-

483 1122 827 1181 nequaquam
855 1110 1155 1182 reprimere
1193 1120 1396 1182 posset,
1433 1128 1575 1170 unus
1611 1114 1679 1172 de
1722 1116 2070 1175 saevientibus
2173 1141 2296 1182 rum
2324 1126 2469 1185 circa
2494 1110 2670 1200 patris
2695 1135 3058 1191 reverentiam
3112 1150 3238 1194 esse
3285 1110 3605 1209 profusum;
3661 1112 3793 1211 quis

482 1199 785 1271 corripiens
808 1199 1071 1273 lapidem,
1127 1203 1358 1260 cerebro
1386 1205 1597 1262 orantis
1644 1204 1857 1263 fortiter
1891 1207 2067 1277 illisit,
2176 1227 2384 1276 tantum
2407 1199 2540 1293 opus
2566 1224 2786 1295 pietatis
2824 1230 3196 1298 quaerentibus
3241 1199 3347 1288 non
3398 1199 3791 1291 concederet?

478 1307 546 1351 ac
573 1307 703 1350 mox
737 1294 1007 1353 cerebello
1033 1304 1195 1369 rupto
1227 1298 1449 1370 sanguis
1489 1299 1731 1357 undatim
1788 1300 2065 1373 proﬂuxit.
2173 1308 2383 1367 Debent
2406 1294 2590 1384 patres
2613 1315 2737 1373 ﬁliis
2760 1294 3162 1389 dicsaurizare;
3187 1323 3586 1381 thesaurisavit
3622 1327 3786 1399 phnc

475 1384 631 1444 Alter
659 1386 861 1445 vallum
897 1404 966 1446 ex
1001 1398 1235 1462 utraque
1270 1400 1427 1462 parte
1467 1391 1820 1451 vehementer
1847 1405 2067 1454 acutum
2172 1399 2276 1457 iste
2312 1402 2626 1460 thesaurum
2656 1406 2762 1464 illis
2791 1423 2899 1465 non
2921 1384 3262 1468 deiicientem
3290 1414 3344 1470 in
3396 1415 3585 1481 cmlis,
3623 1384 3787 1487 ἠως

2170 1506 2408 1564 purpura
2438 1498 2720 1569 sanguinis
2747 1501 2857 1567 sui,
2897 1501 2966 1558 ad
2991 1502 3246 1561 decorem
3278 1504 3537 1575 ﬁliorum,
3587 1524 3783 1580 salus-

2175 1585 2422 1652 vestivit;
2449 1588 2648 1645 debent
2672 1602 2729 1655 et
2759 1590 2854 1648 ﬁlii
2886 1596 3133 1665 patribus
3184 1596 3441 1654 affectum
3488 1603 3607 1672 pie
3652 1606 3783 1659 cita-

2171 1675 2354 1733 ritatis
2390 1687 2448 1734 et
2493 1681 2841 1750 obedientiac,
2872 1700 2938 1741 ac
2979 1686 3049 1744 de
3097 1689 3274 1759 pomis
3320 1690 3782 1749 desiderabililms

473 1489 587 1537 tam
612 1480 811 1539 cervici
838 1497 1004 1553 quam
1034 1484 1201 1556 capiti
1228 1484 1426 1542 inﬁxit.
1456 1485 1654 1558 Sicque
1688 1488 2069 1562 sanctus§pon-

474 1570 883 1648 til'ex'martyrii
932 1574 1168 1648 palmam
1208 1578 1436 1650 adeptus
1479 1580 1734 1652 migravit
1774 1582 1952 1636 victor
1996 1585 2065 1638 ad

472 1665 785 1724 Dominum.
809 1665 1145 1741 Tributaque
1172 1679 1257 1728 est
1305 1673 1356 1729 ei
1387 1673 1519 1740 vita,
1554 1682 1611 1730 et
1642 1673 1923 1746 longitudo
1953 1676 2066 1732 die-

470 1773 594 1816 rum
625 1759 680 1815 in
707 1760 963 1817 saculum
987 1762 1195 1819 saeculi.
1223 1763 1323 1822 Cui
1350 1764 1395 1820 si
1417 1781 1526 1822 non
1549 1775 1633 1821 est
1654 1767 1858 1823 dictum
1882 1783 1911 1823 a
1944 1784 2066 1841 per-

2171 1765 2433 1824 virtutum
2468 1786 2563 1827 eos
2590 1772 2835 1841 reﬁcere,
2860 1785 2920 1831 ut
2945 1791 3134 1833 eorum
3167 1788 3326 1851 gustu
3353 1789 3410 1837 et
3427 1783 3604 1838 odore
3648 1785 3782 1841 refe-

470 1851 814 1910 secutoribus
833 1871 847 1909 :
865 1852 1126 1910 Sacriﬁca
1146 1853 1602 1923 daemonibus,est
1617 1866 1798 1915 tamen
1819 1859 2054 1917 dictum:
2094 1851 2137 1911 Β
2163 1857 2262 1924 cti,
2288 1869 2345 1914 ct
2370 1861 2575 1928 satiati,
2604 1864 2659 1920 in
2687 1866 2954 1925 charitate
3004 1871 3265 1942 templum
3293 1875 3536 1940 decoris,
3584 1887 3646 1931 et
3678 1878 3769 1933 do-

469 1943 728 2004 Consenti
758 1950 917 2007 nobis
935 1950 1319 2021 peccantibus;
1349 1950 1450 2007 sile
1477 1951 1790 2020 veritatem,
1818 1962 1880 2007 ut
1907 1952 2059 2008 frua-

468 2055 596 2097 mur
631 2042 831 2113 cupitis
853 2044 1212 2116 amplexibus.
1256 2044 1386 2102 inde
1409 2059 1538 2102 vere
1578 2055 1806 2118 martyr,
1846 2046 1973 2117 quia
2005 2056 2063 2102 et

467 2134 758 2192 veritatem
800 2136 977 2192 tenuit
1010 2146 1068 2194 et
1106 2136 1478 2206 dilectionem,
1517 2136 1724 2194 exibnit
1773 2137 1826 2192 iu
1878 2152 2062 2194 corre-

471 2229 659 2301 ptione
685 2231 1024 2303 patientiam.
1052 2231 1189 2290 Mori
1213 2249 1322 2291 non
1346 2233 1649 2305 pertimuit,
1678 2243 1741 2289 ut
1768 2249 1897 2290 suos
1922 2250 2060 2304 quos

468 2320 689 2380 Christo
738 2324 1028 2392 nutrierat,
1077 2326 1299 2383 domret
1341 2341 1443 2398 pro
1478 2328 1706 2384 veritate
1729 2327 1894 2383 etiam
1925 2343 2058 2384 con-

472 2420 685 2469 stanter
708 2422 940 2471 mortem
986 2416 1264 2488 excipere,
1313 2419 1531 2491 quando
1568 2422 1771 2479 veritas
1810 2421 2061 2478 Christus

469 2503 585 2572 sit;
616 2512 673 2562 et
709 2505 836 2577 quia
892 2505 1038 2562 nulla
1089 2507 1417 2565 adversitate
1469 2509 1538 2565 ad
1586 2509 1836 2566 ultimum
1884 2526 2061 2580 neque

468 2605 649 2654 morte
693 2597 960 2657 deberent
1003 2602 1245 2673 separari
1286 2617 1317 2657 a
1346 2602 1613 2658 charitate
1654 2602 1878 2659 Christi.
1920 2603 2061 2661 Vere

470 2689 693 2748 amabat
716 2691 862 2762 ipsos
892 2708 923 2748 a
954 2693 1154 2764 quibus
1202 2691 1401 2764 injuste
1425 2694 1795 2762 occidebatur,
1853 2711 2063 2766 suaque

469 2795 633 2852 paena
687 2782 998 2843 insinuabat
1043 2785 1149 2844 illis
1170 2802 1333 2858 quam
1367 2787 1833 2859 periculosissime
1871 2790 1973 2861 ipsi
2003 2791 2059 2846 in

469 2885 733 2932 mternum
787 2878 1132 2950 punirentur,
1196 2880 1289 2953 qui
1332 2880 1597 2955 flagitiose
1651 2892 1709 2938 et
1753 2882 2061 2940 facinorose

466 2968 748 3038 vivebant,
777 2972 995 3043 quando
1048 2973 1164 3044 ipse
1210 2981 1374 3030 utne
1422 2972 1623 3032 talibus
1664 2973 1893 3042 faveret,
1947 2991 2057 3032 non

467 3061 633 3118 modo
644 3062 1028 3130 committeret,
1056 3078 1273 3135 poenam
1302 3079 1679 3139 quamcunque
1698 3068 1943 3139 corporis
1963 3083 2059 3126 ex-

471 3152 656 3223 cipere
678 3163 904 3224 paratus
928 3165 1094 3213 esset.

2169 1963 2292 2005 mus
2321 1950 2445 2021 Dei,
2496 1969 2666 2011 unum
2701 1956 2756 2012 in
2787 1957 3009 2016 Christo
3059 1961 3222 2030 ﬁant;
3266 1980 3390 2037 qua:
3438 1968 3621 2040 gratia
3678 1971 3777 2040 pia:

2167 2043 2363 2100 matris
2389 2043 2651 2104 Ecclesia:
2676 2050 2872 2123 major,
2925 2069 3090 2124 quam
3113 2064 3171 2110 ut
3201 2056 3387 2114 videat
3448 2058 3600 2116 ﬁlios
3642 2076 3775 2117 suos

2167 2134 2462 2207 digneDeo
2496 2139 2881 2199 ambulantes?
2923 2142 3099 2216 Caput
3143 2146 3469 2204 humilitatis
3516 2150 3576 2205 in
3622 2165 3774 2205 com-

2164 2245 2304 2303 page
2328 2232 2614 2290 charitatis
2641 2250 2974 2305 connexum,
3007 2240 3269 2297 membris
3292 2242 3565 2313 vigorem,
3612 2245 3772 2299 timo-

2166 2323 2243 2378 ris
2272 2332 2325 2379 et
2346 2325 2567 2393 pictatis
2592 2326 2750 2384 bona:
2770 2330 2883 2400 spei
2914 2329 3371 2389 subministrare?

2236 2416 2609 2476 Revertuntur
2631 2419 2844 2479 alacres
2869 2439 2899 2478 a
2924 2425 3188 2497 principe,
3230 2435 3342 2483 tam
3371 2426 3560 2483 clerus
3604 2444 3769 2499 quam

2164 2510 2418 2581 populus,
2458 2512 2791 2570 desiderium
2818 2516 3003 2572 cordis
3023 2517 3130 2584 sui,
3188 2517 3519 2574 desiderium
3563 2521 3771 2575 amoris

2165 2601 2249 2655 sui
2298 2601 2445 2672 quod
2495 2601 2789 2675 impetrare
2848 2606 3198 2664 meruissent.
3246 2607 3578 2666 Benedictus
3622 2611 3766 2668 Deus

2164 2693 2258 2762 qui
2285 2694 2433 2750 dedit
2458 2693 2563 2752 hoc
2585 2695 2641 2752 in
2667 2698 2833 2754 corde
2861 2699 3028 2770 regis,
3074 2710 3137 2756 ut
3161 2701 3541 2774 magniﬁcaret
3566 2703 3765 2761 civita-

2166 2794 2276 2840 tem
2300 2796 2542 2843 nostram
2574 2788 2643 2844 de
2673 2791 2984 2862 receptionc
3018 2792 3323 2851 beatissimi
3372 2797 3613 2867 pastoris
3674 2814 3767 2854 no-

2164 2877 2266 2933 stri
2304 2893 2369 2934 ac
2396 2880 2659 2952 martyris
2683 2882 2788 2938 sui.
2837 2883 3216 2957 Congregatur
3269 2887 3526 2943 universa
3581 2887 3765 2945 Eccle

2165 2967 2268 3035 sia,
2294 2970 2551 3041 gaudium
2576 2980 2686 3028 tam
2716 2972 2932 3030 celebre
2959 2975 3214 3033 omnibus
3233 2975 3511 3044 indicitur,
3565 2994 3765 3050 paran-

2162 3068 2255 3116 tur
2275 3075 2485 3128 cruces,
2510 3072 2774 3134 parantnr
2817 3063 3125 3132 luminaria,
3159 3066 3417 3124 feretrum
3472 3070 3762 3141 pretiosis-

2161 3149 2315 3207 simis
2353 3151 2595 3208 vestibus
2632 3155 2993 3226 componitur,
3054 3156 3265 3215 festivis
3313 3159 3601 3216 ornatibus
3646 3161 3765 3216 uni-

542 3244 673 3313 Qua
698 3255 879 3302 autem
906 3247 1043 3306 ultio
1062 3248 1127 3315 in
1144 3251 1398 3320 praesenti
1430 3251 1652 3325 impiam
1689 3251 1837 3309 illam
1866 3269 2052 3326 percu-

2169 3241 2297 3297 versi
2336 3241 2651 3312 induuntur,
2698 3259 2764 3301 ac
2815 3245 2908 3301 tali
2962 3261 3155 3320 pompa
3213 3249 3435 3307 honoris
3458 3248 3764 3335 ειη-υσεδ-

465 3338 615 3407 ierit,
641 3347 705 3395 ut
731 3355 801 3397 ne
824 3341 1043 3413 impune
1071 3345 1192 3414 quis
1213 3346 1401 3402 credat
1422 3362 1482 3405 se
1527 3362 1775 3418 peccare,
1813 3350 2056 3407 breviter

466 3427 760 3501 attingam:
803 3429 1120 3491 Chlothario
1164 3433 1470 3512 [Clottario]
1521 3453 1647 3511 rege
1686 3438 2055 3510 iudicantibus

465 3520 717 3590 Francis,
741 3523 1021 3584 indomitis
1046 3529 1205 3600 equis
1229 3529 1456 3604 religata
1490 3533 1751 3602 brachiis,
1788 3543 1843 3591 et
1872 3537 2052 3592 cruri-

463 3612 569 3672 bus
590 3613 929 3685 divaricatis,
949 3622 1295 3678 membratim
1324 3624 1671 3693 discinditur,
1703 3625 1816 3683 Deo
1852 3628 1930 3684 illi
1951 3643 2051 3699 pro

465 3703 834 3778 voluptatibus
863 3709 978 3768 suis
1007 3709 1225 3785 dignam
1247 3729 1467 3787 pmnam
1499 3718 1853 3776 retribuente.

538 3794 693 3855 Beati
715 3800 816 3857 viri
839 3816 1059 3875 corpus,
1089 3806 1271 3865 studio
1296 3807 1536 3866 ﬁdelium
1561 3821 1833 3881 curatum,
1850 3812 1903 3869 in
1933 3813 2054 3871 loco

461 3889 739 3961 passionis
782 3908 896 3949 suae
934 3894 1202 3967 sepultum
1248 3907 1350 3954 est.
1406 3899 1593 3971 Ibique
1638 3904 1825 3972 quanti
1874 3905 2054 3963 meriti

466 3980 610 4052 apud
635 3981 925 4041 Dominum
955 3995 1124 4056 esset,
1144 3988 1424 4048 miraculis
1444 4007 1504 4048 se
1519 3992 1833 4063 publicavit.

535 4070 775 4147 Contigit
800 4083 862 4132 ut
891 4076 1108 4147 quidam
1135 4082 1495 4152 pauperculus
1520 4086 1771 4143 omnibus
1791 4089 2052 4147 membris

465 4172 803 4234 contractus,
826 4166 1051 4240 insuper
1078 4174 1434 4230 trementibus
1464 4177 1724 4233 membris
1752 4180 1902 4250 gravi
1928 4195 2052 4251 pas-

2155 3348 2249 3389 sus
2275 3333 2343 3389 ad
2368 3335 2543 3392 sancti
2578 3336 2850 3407 pontiﬁcis
2879 3341 3224 3414 martyrium.

2230 3425 2366 3482 Rem
2397 3412 2643 3486 dicturus
2685 3445 2806 3487 sum
2864 3412 3172 3491 devotionis
3228 3435 3284 3491 in
3334 3435 3511 3492 Deum
3558 3435 3766 3509 pleni?

2158 3519 2327 3578 simae.
2356 3520 2545 3594 Pepuli
2569 3533 2678 3580 tam
2702 3523 3038 3585 Viennenses
3068 3544 3232 3600 quam
3259 3529 3666 3603 Lugdunenses
3706 3535 3759 3591 is

2158 3631 2324 3671 unum
2358 3617 2711 3685 conveniunt,
2761 3619 2823 3675 ﬁt
2862 3621 2956 3692 pia
2998 3621 3324 3692 altercatio,
3363 3624 3762 3696 Lugdunenses

2158 3715 2451 3780 martyrem
2476 3710 2700 3777 habere,
2725 3711 3064 3773 Viennenses
3087 3726 3363 3788 pastorem
3386 3717 3635 3788 referte;
3684 3729 3763 3776 at-

2155 3813 2263 3870 que
2296 3800 2439 3856 inter
2466 3812 2726 3874 utrosque
2750 3804 3071 3864 charissima
3104 3810 3463 3877 cttucertatio,
3486 3825 3623 3867 cun
3674 3813 3761 3869 isti

2156 3892 2503 3963 acquisitum,
2535 3894 2610 3950 illi
2637 3906 2988 3968 reposcerent
3004 3909 3314 3971 patronum.
3339 3901 3457 3970 isti,
3487 3918 3626 3960 cum
3652 3904 3763 3975 qui-

2156 3986 2257 4043 bus
2282 3997 2491 4060 martyr
2513 3988 2567 4045 in
2591 3988 2701 4047 Deo
2737 3991 2981 4060 vivebat;
3013 3993 3111 4061 illi,
3133 4009 3260 4053 cum
3280 3996 3479 4067 quibus
3503 4006 3565 4054 et
3586 4012 3760 4055 carne

2155 4077 2416 4148 magister
2442 4079 2669 4136 vixerat.
2699 4080 2840 4149 Quid
2866 4083 3080 4156 longius
3120 4087 3335 4144 morer?
3392 4088 3515 4146 dum
3564 4102 3760 4161 pene-

2157 4169 2535 4226 verantissime
2565 4160 2819 4244 utrinque
2840 4185 2868 4215 ι
2898 4191 2998 4247 pro
3026 4191 3215 4233 amore
3239 4178 3499 4251 martyris
3539 4160 3615 4235 ita
3638 4194 3759 4237 sa-

462 4259 616 4317 sione
648 4261 978 4334 agitaretur;
1014 4265 1105 4322 hic
1131 4266 1185 4322 in
1214 4266 1376 4338 qualo
1403 4271 1589 4342 virgeo
1614 4271 1684 4327 ad
1728 4274 2048 4330 memoriam

2169 4261 2321 4316 .cntia
2360 4261 2641 4329 durarent,
2676 4266 2785 4321 ruit
2809 4282 2938 4323 nox.
2990 4267 3327 4329 Viennenses
3367 4269 3462 4341 qui
3500 4268 3645 4342 plus
3679 4270 3757 4328 ti-

461 4354 722 4427 maﬂyris
742 4356 1079 4429 depormus,
1115 4374 1244 4416 ωσι
1271 4370 1331 4418 ιη
1350 4376 1474 4419 cum
1513 4362 1617 4420 “de
1635 4379 1796 4436 opem
1838 4376 2049 4438 many.
2152 4350 2420 4417 lexerant,
2447 4360 2502 4417 et
2530 4353 2728 4424 quibus
2745 4354 2948 4426 iustior
2975 4374 3138 4418 causa
3173 4359 3566 4429 famulabatur,
3626 4379 3757 4422 col-

461 4443 540 4502 t'is
559 4447 809 4517 expetiit,
833 4450 1072 4521 perfecta
1093 4452 1325 4512 sanitate
1361 4454 1652 4514 incolumis
1680 4459 1859 4515 rediit.
2152 4442 2332 4497 5mm“
2359 4444 2610 4503 subtilius
2639 4458 2950 4517 ωρθδευιη·
3001 4449 3210 4510 Furni“
3236 4462 3422 4525 ⁸8⁸³⁸³
3458 4454 3662 4519 hmo-
3704 4464 3757 4512 ⁸

527 4534 785 4598 Claudius
813 4543 1034 4601 nomine
1089 4544 1322 4603 habebat
1366 4547 1531 4604 ﬁliam
1586 4549 1759 4606 multo
1804 4560 2049 4624 tempore

2169 4544 2398 4592 sanctum
2437 4538 2747 4610 sepulcrum
2789 4552 3118 4611 reserantes,
3162 4546 3411 4604 navicula
3459 4563 3599 4606 cum
3643 4559 3756 4606 rete

460 4626 594 4687 tibia
621 4631 1047 4704 claudicantem;
1085 4642 1347 4706 accessit;
1378 4639 1545 4697 ﬁliam
1581 4643 1807 4716 martyri
1854 4611 2052 4702 sanan-

2169 4627 2447 4696 iiscatoria
2472 4640 2684 4699 parata,
2711 4632 2992 4692 subcelant
3018 4650 3242 4708 corpus,
3269 4647 3431 4709 atque
3472 4651 3586 4709 per
3629 4637 3755 4694 Sao-

461 4723 589 4781 dam
624 4727 931 4795 commisit;
957 4730 1079 4788 oleo
1103 4732 1274 4804 ipsius
1303 4742 1365 4790 ut
1414 4734 1668 4807 perlinita
1718 4749 1822 4806 est,
1875 4738 2052 4798 sanis-
2155 4733 2281 4774 “am
2311 4716 2340 4758 δ
2375 4728 2433 4776 ει
2459 4720 2782 4780 Rhodanum
2816 4733 2944 4782 ³⁸⁸³⁸⁸
2975 4727 3230 4797 “mum;
3254 4728 3391 4787 limis
3416 4729 3615 4797 “"i’v
3643 4740 3751 4787 ⁸³⁸

457 4815 598 4874 οδω,
626 4816 846 4887 euecta,
872 4829 1139 4880 mnuum
1160 4827 1577 4885 claudicationis
1605 4829 1809 4887 amis“.
2085 4867 2093 4875 ,
2152 4818 2400 4866 sanctum
2431 4810 2615 4879 funus,
2635 4822 2687 4869 et
2720 4814 2836 4887 ipse
2865 4815 3163 4875 Rhodanus
3190 4819 3304 4877 suis
3330 4818 3542 4877 civibus
3582 4822 3755 4879 servi-

532 4908 651 4967 Dici
676 4924 787 4968 non
810 4922 991 4985 potest
1017 4925 1150 4988 quot
1172 4917 1301 4975 caeci
1352 4918 1426 4976 ibi
1482 4918 1666 4977 lumen
1705 4921 2048 4995 inexpertum
2152 4907 2308 4995 ξξῖτυθ
2341 4904 2562 4995 θδίῗίβίι·
2626 4904 3016 4995 δίτθβυδθυωω
3067 4910 3245 4977 mm"
3306 4921 3470 4984 atque
3514 4923 3750 4971 eam

457 5001 794 5074 receperint,
822 5002 1139 5064 demoniaci
1165 5008 1381 5081 purga“
1402 5009 1531 5076 sint,
1560 5010 1737 5068 claudi
1764 4988 1964 5081 “iam
1991 5023 2048 5071 ει
2152 4988 2475 5051 Viennensis
2502 5009 2627 5051 cum
2657 4994 2858 5053 feretro
2896 5014 3068 5056 vacuo
3115 5002 3382 5072 pedestris
3426 5006 3746 5061 revertitur.

457 5090 692 5149 diversis
718 5092 1126 5153 inﬁrmitatibus
1152 5098 1357 5156 diversi
1381 5099 1578 5156 curati.
1603 5099 1714 5159 Sed
1750 5111 1808 5161 et
1854 5104 1901 5161 si
1950 5104 2043 5177 qui
2148 5082 2434 5141 E‘Sul‘a'“
2457 5085 2843 5158 Lugdunenses
2869 5090 3079 5164 decep“
3108 5107 3249 5149 V303
3295 5108 3424 5167 5P0;
3479 5096 3587 5152 sed
3638 5110 3749 5153 ποι

458 5194 583 5238 eum
621 5181 729 5241 ﬁde
750 5182 976 5242 tulerim
993 5185 1246 5244 assellam
1273 5188 1340 5245 de
1363 5188 1506 5247 tum
1529 5189 1626 5249 ίιιο
1663 5208 1774 5264 quo
1792 5202 2043 5253 ωηοιυηι
2146 5179 2239 5234 diu
2263 5188 2374 5237 tam
2398 5180 2527 5237 felix
2556 5181 2761 5240 furtum
2794 5200 2890 5242 eos
2912 5184 3089 5254 latuit,
3123 5187 3310 5260 sicque
3352 5186 3605 5247 laetitiam
3660 5190 3749 5248 ds-

456 5280 622 5343 caput
646 5272 791 5332 illius
816 5276 1152 5333 terebratum
1178 5287 1285 5351 est,
1313 5280 1430 5339 sive
1472 5297 1506 5338 a
1551 5281 1737 5341 dolore
1773 5285 2044 5356 dentium,

458 5360 574 5418 sive
595 5377 628 5418 a
654 5369 784 5436 typo
802 5365 1081 5423 variarum
1111 5366 1369 5437 febrium,
1400 5372 1517 5430 sive
1533 5374 1603 5431 ab
1644 5373 1768 5433 aliis
1807 5377 2040 5435 inﬁrmi-

460 5452 683 5523 tatibus,
717 5455 932 5515 meritis
955 5457 1105 5517 beati
1133 5462 1392 5534 martyris
1417 5462 1737 5522 liberantur.

528 5542 760 5603 Evoluto
786 5546 972 5621 itaque
994 5557 1260 5624 tempore,
1284 5552 1459 5610 visum
1485 5566 1571 5612 est
1590 5556 1839 5630 pontiﬁci
1874 5557 2043 5617 Vien-

459 5635 711 5694 nescium
736 5646 794 5696 et
815 5640 1163 5700 sanctissimo
1185 5642 1355 5711 clero,
1405 5658 1474 5701 ac
1517 5646 1772 5705 universo
1827 5650 2047 5721 populo,

530 5756 560 5789 ⁸
597 5744 822 5835 Magnus
849 5750 1156 5837 Comma,
1190 5754 1342 5817 S.G.
1369 5765 1674 5830 utrumque.
1764 5840 1765 5843 η

2142 5282 2358 5343 sperata
2376 5274 2606 5332 victoria
2623 5276 2994 5349 perdiderunt.

2216 5363 2297 5420 illi
2319 5375 2501 5423 autem
2527 5368 2621 5439 qui
2654 5370 2781 5426 navi
2812 5371 3217 5433 transferebant
3252 5377 3497 5434 membra
3521 5378 3747 5450 pontiﬁ-

2145 5455 2246 5521 cis,
2294 5465 2355 5513 ut
2379 5467 2649 5516 venerunt
2696 5469 2887 5519 contra
2930 5462 3221 5523 Fasianam
3264 5467 3470 5537 villam,
3516 5471 3747 5544 appule-

2147 5552 2275 5601 runt
2295 5545 2363 5600 ad
2399 5545 2573 5616 littus,
2603 5551 2936 5611 sustinentes
2957 5565 3205 5615 sanctam
3240 5569 3518 5617 catervam
3571 5562 3746 5634 pede-

2148 5636 2365 5694 strium.
2391 5637 2524 5696 Erat
2548 5649 2676 5699 tunc
2732 5646 2995 5718 temporis
3017 5662 3149 5720 ager
3185 5648 3475 5719 Fasianus,
3510 5651 3632 5722 jam
3682 5662 3744 5709 st

2221 5754 2251 5795 ι»
2442 5773 2547 5839 ms.
2572 5759 2627 5839 in
2652 5762 2897 5835 margine
2918 5781 2949 5839 :_
2964 5763 3146 5839 S_aotra
3166 5769 3363 5837 [tamen
3380 5768 3738 5839 fatim

2147 5826 2440 5900 inqredimr
2466 5826 2949 5897 Rhodansm'aoud
2976 5826 3287 5901 Luquimm
3309 5826 3582 5896 ciuitatem.
