3936 6348
140 345 249 419 ιιι

1293 335 1384 392 οε
1423 333 1764 398 PASSIONE
1803 332 1861 389 S.
1904 331 2271 389 DESIDERII.

3293 332 3426 389 -ιη

132 433 401 542 proprius
431 463 708 536 delegatus
730 459 1060 534 pauperibus
1085 469 1397 516 sanctorum
1430 466 1735 530 martyrum
1763 459 1816 522 Α
1839 471 1982 524 cum,
2002 456 2156 526 juxta
2187 455 2429 512 tumbam
2449 455 2707 526 episcopi,
2760 463 2817 508 et
2863 453 3118 525 martyris
3160 453 3428 512 Desiderii

141 563 205 617 in
244 571 477 631 quorum
510 555 715 610 honore
747 551 1070 609 Viennensis
1091 551 1332 608 Ecclesia
1361 549 1582 607 fundata
1611 565 1742 606 con-

142 652 327 717 sistit;
355 664 480 705 nam
511 653 636 703 ante
660 646 802 702 sicut
824 644 966 700 idem
997 653 1203 716 martyr
1223 644 1278 699 in
1298 650 1620 699 testamento
1641 656 1742 698 suo

142 747 299 822 quod
325 745 452 814 fecit
475 742 682 801 sanctis
713 740 1046 814 martyribus
1069 738 1409 805 Macbabaeis,
1458 745 1516 792 et
1553 741 1744 791 saneto

143 837 438 905 Mauricio,
471 851 536 892 ac
563 849 658 892 sex
681 833 922 890 millibus
952 831 1227 889 sexcentis
1251 830 1552 903 sexaginta,
1598 842 1746 884 com-

145 941 443 998 memorat,
475 946 543 986 ex
567 928 832 986 maternis
860 936 917 983 et
941 927 1184 998 paternis
1209 926 1399 982 eadem
1421 923 1571 989 villa,
1597 929 1745 978 sorte

147 1029 319 1086 beato
349 1023 628 1082 Desiderio
653 1023 967 1080 obvenerat.
1005 1020 1064 1076 In
1086 1033 1194 1092 quo
1225 1027 1573 1083 testamento,
1601 1015 1746 1087 quod

148 1117 512 1193 praesentibus
541 1114 746 1172 sanctis
783 1113 1118 1184 coepiscopis
1152 1127 1314 1167 manu
1349 1109 1568 1182 propria
1595 1108 1744 1173 fecit,

151 1211 261 1270 sub
278 1210 375 1266 Dei
399 1205 784 1278 omnipotentis
819 1203 1179 1261 obtestatione
1203 1202 1504 1267 constituit,
1535 1208 1594 1255 ut
1628 1199 1748 1254 nul-

151 1304 243 1360 lus
263 1307 620 1374 pmsumeret
641 1308 826 1355 votum
852 1296 1044 1368 ipsius,
1095 1294 1291 1351 intuitu
1321 1293 1543 1366 pictatis
1576 1292 1750 1366 perfe-

153 1404 327 1456 ctum,
358 1393 413 1448 in
439 1390 585 1447 aliud
610 1405 774 1460 quam
811 1389 926 1460 ipse
971 1396 1234 1444 statuerat
1279 1395 1508 1442 mutare.
1539 1399 1563 1426 ει
1594 1385 1748 1453 Quod

153 1487 203 1544 si
248 1485 447 1557 aliquis
503 1483 695 1556 spiritu
749 1481 1060 1554 cupiditatis
1106 1480 1363 1536 incitatus
1411 1478 1648 1543 fecisset,
1701 1478 1750 1534 si

155 1576 486 1634 sententiam
532 1590 643 1630 sua:
686 1571 916 1630 actionis
964 1570 1276 1642 paenitendo
1335 1583 1443 1625 non
1491 1577 1747 1634 mutaret,

158 1668 452 1725 anathema
474 1667 528 1722 in
549 1677 814 1722 aeternum
839 1664 1012 1720 ﬁeret.
1047 1663 1394 1719 Sustinentes
1444 1661 1612 1730 igitur
1661 1677 1751 1716 ve-

159 1773 342 1818 ctores
364 1759 539 1816 sancti
567 1758 796 1824 funeris,
825 1757 879 1812 in
906 1757 1012 1812 hac
1033 1755 1156 1811 villa
1199 1754 1322 1810 illos
1351 1753 1442 1824 qui
1498 1769 1596 1824 per
1641 1764 1752 1810 ter-

1845 549 2145 615 eonstituit,
2169 563 2400 619 eumque
2426 547 2586 605 fidem
2629 547 2830 603 habere
2878 545 3230 617 praemonuit;
3257 545 3434 604 adfuit

1843 645 2021 700 virtus
2049 642 2231 698 divina
2263 657 2385 715 quae
2412 653 2628 712 semper
2650 655 2778 697 suos
2804 638 3091 712 glorificat,
3147 647 3203 694 et
3243 641 3433 709 quanti

1846 737 2026 794 meriti
2055 745 2200 793 esset
2225 737 2366 806 apud
2395 737 2565 792 Deum
2607 735 2655 790 is
2677 734 2766 805 qui
2798 735 2852 789 in
2873 734 2992 789 loco
3010 732 3102 789 illo
3134 739 3430 800 teneretur,

1847 829 2186 888 evidentibus
2206 828 2377 900 signis
2404 826 2802 893 manifestavit;
2855 840 2984 880 nam
3033 825 3088 880 in
3141 830 3434 896 conspectu

1847 920 2014 976 totius
2034 918 2310 984 Ecclesize,
2344 934 2520 974 caecus
2546 917 2714 974 isdem
2747 917 2926 972 lumen
2955 916 3293 988 inexpertum
3348 931 3432 972 re-

1849 1011 2014 1083 cepit.
2045 1009 2319 1081 Multaque
2339 1011 2684 1081 postmodum
2714 1009 2788 1064 ibi
2811 1008 3071 1064 Dominus
3097 1022 3196 1078 per
3216 1023 3432 1064 servum

1849 1119 2007 1160 suum
2034 1113 2289 1175 Operatus
2317 1111 2422 1170 est,
2481 1117 2602 1173 quae
2648 1102 2695 1158 si
2735 1102 2990 1158 universa
3029 1103 3152 1174 quis
3197 1103 3438 1160 scribere
3538 1103 3546 1108 ⁷

1849 1197 2104 1262 voluerit,
2122 1195 2377 1252 volumen
2404 1196 2547 1267 longi
2572 1195 2752 1268 operis
2779 1196 3197 1252 consummabit.

1923 1290 2124 1347 Passus
2150 1300 2234 1346 est
2259 1298 2440 1344 autem
2469 1288 2816 1344 beatissimus
2843 1288 3154 1344 Desiderius
3185 1287 3440 1343 Ecclesia:

1852 1380 2175 1438 Viennensis
2203 1381 2508 1452 episcopus,
2551 1381 2887 1450 temporibus
2932 1379 3254 1436 Theoderici
3307 1378 3442 1434 Bur-

1853 1473 2177 1547 gundiorum
2205 1473 2369 1545 regis,
2407 1472 2641 1528 factione
2668 1470 3052 1527 Brunnchildis
3093 1471 3442 1527 incestuosis-

1853 1565 2007 1620 simae
2029 1564 2258 1634 reginae,
2284 1561 2561 1634 iniquitati
2590 1561 2734 1618 illius
2757 1560 3224 1618 consentientibus
3263 1569 3317 1615 et
3363 1557 3443 1616 fa-

1853 1655 2105 1711 ventibus
2129 1655 2393 1720 Bethone,
2425 1654 2666 1725 Ephane,
2699 1662 2862 1724 atque
2906 1651 3189 1708 Gasifredo
3231 1651 3446 1708 comiti-

1854 1745 1977 1802 bus.
2028 1745 2154 1802 Dies
2191 1746 2461 1818 passionis
2508 1745 2651 1801 illius
2694 1744 2928 1801 celebris
2970 1745 3201 1800 habetur
3242 1759 3276 1798 x
3321 1741 3441 1796 Kal.

161 1869 283 1910 ram
309 1852 589 1924 pedestres
615 1851 926 1916 veniebant,
982 1849 1038 1905 in
1087 1848 1207 1904 loco
1262 1823 1639 1914 mundissimo,
1673 1848 1753 1903 in-
1781 1833 1830 1893 Β
1857 1835 2026 1903 Junii,
2059 1845 2320 1908 regnante
2367 1835 2599 1892 Domino
2649 1845 2836 1890 nostro
2886 1833 3012 1890 Jesu
3059 1833 3297 1899 Christo,
3351 1823 3445 1918 qui

161 1945 321 2003 terim
347 1951 535 2000 sancta
567 1943 810 1999 membra
832 1947 1276 2013 composuerunt.
1334 1938 1474 2006 Quid
1505 1937 1752 1994 miraculi

166 2051 292 2097 tunc
325 2038 642 2111 contigerit,
667 2037 832 2094 silere
855 2052 963 2114 non
994 2043 1146 2107 puto.

234 2133 423 2189 Mulier
463 2131 650 2187 multis
698 2130 856 2186 annis
884 2130 954 2186 ab
983 2129 1178 2200 spiritu
1207 2128 1487 2185 immundo
1535 2136 1752 2193 vexata,

165 2224 289 2282 illuc
311 2223 566 2280 manibus
593 2236 815 2278 suorum
861 2228 1122 2285 attracta,
1169 2227 1230 2274 ut
1275 2218 1451 2274 sancti
1497 2217 1754 2288 martyris

166 2319 340 2374 locum
362 2317 568 2389 attigit,
598 2315 744 2372 illico
766 2315 966 2371 virtute
992 2314 1172 2370 divina
1193 2321 1381 2369 curata
1408 2319 1512 2366 est.

240 2411 312 2468 Ut
336 2420 520 2467 autem
543 2409 607 2464 Β.
657 2408 944 2465 Etherius
984 2417 1112 2463 tunc
1163 2406 1485 2462 Viennensis
1533 2406 1761 2462 antistes

175 2518 294 2558 cum
317 2503 537 2573 reliquis
581 2502 672 2572 qui
718 2501 772 2555 in
814 2500 948 2555 urbe
993 2507 1369 2555 remanserant
1415 2497 1658 2564 advenit,
1702 2505 1759 2552 et

183 2602 369 2648 sancto
429 2591 624 2647 feretro
670 2590 813 2647 ulnis
856 2590 1067 2662 piorum
1122 2590 1400 2654 subvecto,
1451 2587 1761 2658 chorusque

176 2684 317 2741 beati
344 2684 546 2756 populi,
572 2699 731 2742 voces
751 2683 1085 2739 cantantium
1120 2682 1338 2752 Deoque
1385 2688 1574 2737 nostro
1616 2680 1762 2750 psal-

171 2777 416 2843 lentium,
441 2778 496 2833 in
516 2777 685 2833 altum
707 2775 944 2842 sustulit,
969 2776 1092 2847 quis
1114 2775 1187 2830 ibi
1217 2782 1326 2830 tam
1379 2772 1614 2829 ferreum
1668 2787 1762 2844 pe-

65 2935 78 2939 _
168 2882 311 2939 ctus,
335 2881 448 2927 tam
489 2873 625 2928 dura
661 2871 958 2942 praecordia
1017 2869 1221 2925 habere
1275 2868 1468 2939 potuit,
1518 2868 1610 2938 qui
1653 2882 1760 2923 non

169 2977 262 3021 aut
293 2966 574 3039 gemitum,
604 2981 717 3037 prae
747 2965 915 3021 nimia
940 2949 1304 3021 exsultatione
1334 2963 1518 3020 cordis
1560 2961 1761 3019 emise-

170 3057 262 3123 rit,
291 3065 386 3113 aut
407 3055 665 3129 lacrymis
685 3072 782 3113 ora
811 3057 1106 3128 rigaverit?

238 3149 361 3205 Tali
410 3151 577 3220 igitur
613 3148 818 3207 ctelesti
868 3151 1082 3222 agmine
1129 3158 1405 3221 praeeunte
1459 3159 1517 3207 et
1572 3151 1763 3207 subse-

167 3250 392 3314 quente,
422 3243 738 3314 pervehitur
764 3242 826 3296 Β.
871 3242 970 3296 viri
1018 3256 1212 3312 corpus
1260 3257 1431 3314 usque
1470 3243 1538 3298 ad
1583 3243 1762 3299 locum

168 3332 424 3404 sepulcri,
453 3331 598 3403 quod
627 3332 789 3403 digna
820 3332 1171 3391 veneratione
1210 3341 1460 3402 paratum
1512 3343 1650 3400 erat,
1709 3335 1763 3389 in

167 3421 404 3479 ecclesia
427 3423 864 3479 beatissimorum
889 3423 1256 3494 apostolorum
1300 3424 1444 3480 Petri
1495 3434 1549 3481 et
1590 3425 1762 3493 Pauli,

168 3526 328 3573 extra
351 3517 647 3584 civitatem,
680 3517 771 3574 ubi
801 3525 857 3573 et
906 3517 1198 3573 multorum
1241 3517 1560 3589 pontificum
1614 3519 1764 3591 ejus-

165 3605 300 3663 dem
332 3606 484 3663 urbis
503 3605 828 3664 Vienneusis
853 3608 1094 3664 membra
1144 3607 1410 3664 tumulata
1451 3616 1761 3665 servantur.

168 3697 422 3767 Cumque
459 3695 574 3767 jam
621 3697 1011 3766 odoramentis,
1052 3709 1109 3756 et
1149 3700 1406 3770 pretiosis
1445 3700 1768 3757 linteamini-

169 3791 279 3848 bus
312 3789 692 3847 involvendum
725 3791 1052 3848 sanctissimi
1088 3793 1346 3865 martyris
1401 3807 1622 3864 corpus,
1653 3793 1771 3864 epi-

170 3895 466 3951 scopon
491 3883 740 3939 manibus
765 3891 1107 3951 tractaretur,
1140 3884 1285 3954 quod
1308 3884 1362 3940 in
1388 3883 1560 3940 laude
1592 3885 1770 3940 omni-

169 3971 417 4042 potentis
441 3972 535 4028 Dei
562 3972 901 4030 reticendum
929 3991 1035 4032 non
1067 3984 1170 4041 est,
1198 3975 1272 4032 ita
1297 3976 1624 4033 sanctissimi
1677 3991 1770 4033 ca-

169 4063 312 4134 pitis
339 4061 559 4118 vulnera
585 4064 849 4137 integrata
882 4078 1268 4138 apparuerunt,
1313 4077 1372 4124 ut
1420 4071 1635 4141 penitus
1676 4069 1768 4126 ubi

171 4157 327 4213 cutis
356 4165 513 4229 rupta
549 4157 713 4214 fuerit
734 4175 840 4216 non
871 4171 1179 4232 appareret.
1209 4162 1346 4218 Nam
1395 4171 1452 4218 et
1500 4162 1768 4236 reliquum

171 4263 385 4319 corpus
421 4249 537 4304 suis
560 4248 832 4320 iuncturis
877 4260 949 4312 et.
978 4254 1161 4310 nervis
1213 4255 1589 4322 constrictum,
1637 4269 1771 4311 sana

172 4341 326 4416 pelle
365 4358 463 4399 sua
506 4344 759 4402 vestitum
821 4347 1094 4404 manebat.
1152 4347 1542 4406 Recinentibus
1589 4347 1772 4405 choris

174 4432 526 4506 Psalmisque
546 4435 942 4508 antiphonatim
971 4440 1415 4496 consonantibus.

259 4525 333 4585 Ut
354 4536 574 4584 sanctus
606 4527 701 4584 Dei
731 4528 937 4586 tumulo
963 4538 1048 4587 est
1076 4530 1144 4586 ad
1167 4530 1450 4586 tuitionem
1496 4530 1662 4587 totius
1683 4546 1773 4585 ur-

173 4620 273 4676 bis
293 4620 652 4691 compositus,
697 4635 824 4678 mox
878 4621 1116 4694 gloriosa
1172 4620 1388 4688 mulier,
1438 4635 1558 4691 quae
1600 4619 1779 4677 fuerat

173 4713 462 4788 quondam
492 4715 638 4771 beati
665 4713 920 4774 Etherei
943 4717 1000 4772 in
1025 4715 1203 4772 laicali
1232 4714 1420 4773 habitu
1440 4715 1662 4786 coniux,
1686 4714 1781 4771 sed

177 4818 320 4864 tunc
341 4822 470 4865 vere
492 4808 945 4876 sanctimonialis,
992 4807 1268 4866 hominem
1295 4823 1328 4864 a
1355 4807 1640 4865 nativitate
1677 4821 1780 4862 cae-

1858 1947 1980 1988 cum
2006 1930 2167 1985 Patre
2183 1938 2240 1984 et
2262 1928 2470 2001 Spiritu
2496 1936 2686 1984 sancto
2715 1926 2850 1982 vivit
2877 1935 2934 1981 et
2961 1933 3151 1996 regnat
3173 1926 3316 1980 Deus
3350 1913 3448 1995 per

1856 2023 2040 2078 omnia
2093 2021 2288 2078 saecula
2340 2019 2682 2076 smeulorum.
2725 2018 2852 2073 Dies
2899 2014 3264 2072 translationis
3308 2012 3448 2082 ejus,

1861 2118 2079 2189 quando
2121 2115 2417 2170 translatus
2455 2121 2538 2169 est
2560 2114 2628 2169 ab
2677 2109 2954 2168 territorio
3006 2105 3354 2180 Lugdunensi
3384 2104 3452 2160 de

1859 2208 2198 2266 Priscinlaco
2225 2205 2374 2272 villa,
2401 2205 2454 2262 in
2479 2204 2740 2261 suburbio
2765 2202 3084 2262 Viennensi.
3120 2203 3173 2257 in
3217 2198 3448 2258 ecclesia

1858 2301 2003 2357 beati
2024 2299 2170 2356 Petri
2200 2297 2380 2368 agitur
2407 2312 2468 2352 ut
2493 2295 2568 2350 Id.
2599 2294 2732 2351 Feb.

2091 2431 2343 2488 ABHINC
2382 2430 2585 2488 DlCTA
2624 2428 2930 2486 EPISCOPI
2962 2425 3215 2484 ADONIS

2428 2540 2854 2599 VIENNENSIS.

1934 2643 2062 2700 llzec
2080 2641 2256 2707 vobis,
2277 2636 2579 2696 beatissimi
2604 2636 2802 2690 fratres
2845 2642 2901 2689 et
2942 2632 3060 2699 lilii,
3102 2631 3262 2702 plena
3309 2629 3456 2686 veri-

1864 2747 1977 2794 tate
2009 2777 2025 2803 ,
2081 2735 2223 2792 sicut
2268 2734 2324 2789 in
2364 2727 2698 2788 membranis
2748 2723 3148 2796 antiquioribus
3191 2722 3456 2778 insertum

1863 2835 1994 2901 vidi,
2043 2832 2110 2888 ad
2160 2826 2643 2888 commonitionem
2687 2821 2857 2878 vestri
2905 2817 3234 2896 transposui.
3281 2813 3452 2872 Obse-

1865 2941 2048 2992 eraus,
2071 2933 2127 2980 et
2144 2922 2346 2994 pietate
2368 2935 2476 2991 qua
2501 2931 2601 2973 vos
2623 2913 2788 2986 diligo
2812 2911 3161 2969 sanctitatem
3214 2916 3454 2964 vestram

1865 3033 2240 3082 commonens,
2270 3024 2330 3070 ut
2376 3012 2537 3084 hujus
2576 3008 2914 3078 aliorumque
2964 3013 3318 3076 patronorum
3369 3014 3459 3055 ve—

1867 3122 2106 3169 strorum
2126 3107 2336 3164 meritis
2371 3117 2659 3175 assurgere
2705 3099 2835 3156 totis
2879 3097 3090 3153 viribus
3138 3092 3454 3151 elaboretis.

1791 3215 1836 3276 C
1868 3208 2070 3265 Sedeat
2097 3214 2280 3261 vestro
2309 3203 2492 3260 animo
2523 3199 2736 3256 illorum
2765 3198 2984 3252 fervens
3022 3194 3076 3249 in
3116 3191 3288 3249 Deum
3339 3188 3461 3244 reli-

1866 3301 1974 3373 gio.
2039 3297 2290 3356 Charitas
2342 3309 2478 3366 pura
2507 3332 2522 3357 ,
2575 3289 2866 3348 assiduitas
2921 3286 3087 3342 totius
3136 3281 3458 3348 honestatis,

1867 3390 2126 3465 patientia
2151 3390 2206 3444 in
2235 3386 2502 3442 varietate
2536 3381 2797 3454 temporis
2841 3391 3222 3451 perseverans,
3273 3373 3459 3430 mode-

1867 3492 1951 3542 sta
1985 3491 2040 3539 et
2065 3481 2222 3537 bonis
2281 3477 2714 3534 Christianorum
2763 3471 3009 3528 moribus
3048 3468 3274 3534 decens,
3307 3479 3463 3521 vere-

1867 3577 2041 3635 cunda
2073 3584 2130 3630 et
2155 3573 2351 3644 pudica
2373 3566 2729 3625 mansuetudo
2755 3565 2811 3620 in
2841 3562 2987 3619 omni
3014 3559 3202 3617 habitu
3255 3565 3310 3614 et
3337 3572 3465 3613 con-

1871 3667 2121 3732 tinentia,
2153 3666 2263 3720 Deo
2289 3662 2454 3718 chara
2479 3669 2536 3715 ct
2563 3656 2812 3714 amabilis
2838 3653 3191 3717 unauimitas,
3243 3658 3307 3706 ut
3334 3663 3462 3706 cum

1869 3778 2087 3821 cursum
2115 3758 2274 3830 hujus
2311 3757 2435 3812 vitae
2455 3769 2551 3826 per
2571 3753 2714 3808 viam
2750 3757 2968 3821 patrum
2994 3755 3299 3803 vestrorum
3327 3757 3460 3798 cou-

1871 3849 2300 3914 summavcritis,
2323 3845 2507 3902 laetitia
2533 3842 2861 3914 sempiterna
2894 3838 3100 3910 pariter
3127 3850 3252 3892 cum
3274 3833 3356 3890 eis
3383 3832 3465 3888 in-

1871 3943 2205 4003 tercessione
2237 3940 2450 3997 illorum
2487 3935 2692 4008 perfrui
2740 3929 3083 3989 mereamini.
3135 3925 3326 3997 Sitque
3371 3939 3468 3980 cu-

1872 4036 2051 4095 mulus
2074 4032 2301 4105 iustitia:
2350 4031 2612 4103 ipsorum,
2654 4023 2930 4098 profectus
2972 4023 3100 4078 vitm
3138 4027 3356 4086 vestrm,
3409 4021 3468 4072 et

1872 4132 2128 4208 gaudium
2153 4136 2472 4202 perpetuum
2521 4136 2721 4179 corona
2771 4115 3185 4193 glorificationis
3246 4121 3463 4170 vestrae.

2342 4256 2714 4317 lNDlCULUS
2750 4253 2994 4312 lSONlS.

1948 4382 2103 4438 Hanc
2145 4387 2319 4435 autem
2372 4372 2680 4447 Passionem
2728 4367 2983 4447 ριξιείᾳιᾳὲ
3032 4361 3148 4447 Ado
3193 4360 3466 4447 episcopus

1876 4427 2333 4523 nobis
2370 4427 2600 4523 ctenpbio
2627 4427 2800 4523 structi
2837 4427 3026 4523 Balli,“
3049 4427 3468 4523 su'bugr‘igalt-l‘o

1881 4497 2592 4583 ZZBZte"13éb'hiilizdiiu'bm,
2614 4510 2963 4583 reliquusque
2988 4503 3046 4560 S.
3091 4500 3350 4583 Desiderii
3395 4497 3462 4552 ab

1803 4585 1856 4646 ι)
1882 4578 2370 4668 eri-postulantibus,
2421 4601 2538 4643 cum
2578 4578 2744 4668 ipsius
2798 4578 3472 4668 aliorumque’fnnc'tﬁrrf

1891 4639 2144 4738 Eligit“,
2169 4639 2370 4716 actibus
2390 4639 2667 4730 quoque'et
2692 4639 3049 4738 passionibus'
3075 4645 3222 4738 infru-
3271 4639 3471 4738 (1332':

2389 4707 2817 4796 EzR‘aMEbJper
2863 4719 3071 4775 nuntios
3121 4707 3250 4772 satis
3287 4707 3470 4783 ﬁdem

1887 4803 2113 4880 dirigere
2141 4803 2360 4860 curavit.

246 4938 291 4985 ’⁸
330 4941 464 5016 Quae
507 4955 808 5017 sequuntur
832 4986 848 5017 ,
894 4944 1271 5003 desiderantur
1319 4943 1378 5002 in
1430 4956 1628 5016 magno
1681 4939 1878 5000 Codice
1897 4953 2003 4997 ms.
2036 4934 2096 4994 S.
2122 4933 2189 4993 G.

1147 5200 1235 5242 ῑ-ν.
1252 5214 1255 5216 ›
