3936 6348
482 396 589 456 413

1528 380 1585 436 s.
1628 378 1878 437 morus
1916 378 2343 439 ARCHIEPISC.
2382 354 2790 437 vmnﬂmsrs

471 516 3743 557 HW

1116 588 1797 805 Apenas
1869 652 3124 803 PRIVILEGIUM

2020 894 2166 969 ouo

687 1053 1136 1122 ECCLISIAM
1178 1055 1662 1120 VELNENBEM
1703 1053 2078 1118 ABBATUE
2114 1056 2177 1118 S.
2223 1055 2578 1120 EUGENDI
2622 1054 2987 1122 JURENSIS
3028 1057 3533 1131 CONFIRMAT.

1760 1219 1857 1284 (Ex
1881 1220 2067 1273 Bahal“
2085 1218 2456 1281 Manil.)

542 1479 700 1539 Anno
770 1477 877 1536 870
939 1475 1333 1543 incarnationis
1396 1478 1609 1541 Domini
1683 1479 1856 1543 nostri
1929 1478 2057 1541 Iesu
2084 1483 2134 1545 Α
2161 1482 2342 1555 capite
2380 1496 2479 1554 per
2508 1482 2883 1541 sanctissimos
2910 1483 3260 1557 presbyteros
3282 1499 3507 1543 omnem
3540 1500 3749 1547 musa.

473 1573 1009 1651 Christicongregata
1023 1582 1214 1637 sancta
1241 1575 1478 1647 synodus
1502 1575 1725 1637 Viennae
1746 1577 2061 1655 metropolis

466 1666 734 1745 Ecclesia:
752 1706 768 1737 ,
790 1668 991 1729 domne
1018 1675 1073 1725 el.
1103 1667 1396 1753 venerabili
1428 1667 1835 1739 archiepiscopo
1866 1668 2057 1729 Adone

473 1759 794 1833 praesidente
819 1800 834 1831 ,
878 1768 935 1817 et
980 1758 1388 1833 vigilantissima
1415 1773 1547 1819 cura
1575 1774 1772 1817 causas
1799 1758 2059 1819 ecclesia-

471 1842 641 1919 sticas
678 1862 733 1909 et
775 1852 1009 1913 ﬁliorum
1031 1867 1251 1909 suorum
1282 1853 1635 1909 necessitates
1664 1853 2027 1925 iuvestigante
2046 1894 2060 1915 .

472 1962 539 2009 ac
589 1945 963 2005 ecclesiastico
1004 1960 1154 2003 more
1194 1944 1516 2009 deﬁniente,
1566 1944 1862 2003 adveniens
1905 1960 2060 2001 reve-

474 2035 674 2097 rendus
696 2036 779 2095 vir
806 2034 1002 2093 Manno
1022 2034 1341 2106 praepositus
1362 2034 1594 2097 cmnobii
1617 2035 1792 2091 sancti
1825 2035 2061 2105 Eugendi

470 2125 719 2193 Iurensia
740 2166 756 2199 ,
787 2126 1049 2191 adventus
1077 2124 1161 2183 sui
1180 2139 1399 2182 causam
1432 2125 1809 2190 manifestans,
1840 2126 2065 2196 protulit

474 2217 531 2285 in
564 2218 742 2281 medio
759 2258 776 2283 .
805 2218 1099 2288 quamdam
1124 2215 1411 2279 ecclesiam
1437 2232 1505 2275 ex
1537 2219 1787 2279 cmnohio
1811 2219 2066 2289 praedicto

474 2318 532 2364 et
562 2308 702 2364 infra
733 2308 1095 2365 Viennensem
1125 2309 1403 2371 diwcesim
1433 2310 1595 2369 sitam
1626 2310 1679 2366 in
1703 2309 1829 2365 villa
1859 2310 2065 2377 Velitis,

476 2400 716 2457 dotatam
749 2400 802 2455 in
837 2400 1043 2456 honore
1080 2400 1253 2456 sancti
1279 2398 1464 2465 Petri,
1501 2401 1782 2474 privilegio
1804 2402 1907 2457 sibi
1932 2418 2066 2458 cou-

477 2507 633 2547 cessn
673 2482 743 2547 ab
774 2490 1212 2546 antecessoribus
1238 2491 1563 2547 sanctissimi
1584 2490 1698 2559 jam
1728 2491 1823 2546 fati
1856 2493 2068 2547 archie-

476 2581 714 2653 piscopi,
761 2596 968 2637 necnon
1010 2580 1082 2637 ah
1125 2582 1244 2654 ipso
1276 2584 1656 2653 comptmtilice
1698 2600 1870 2656 usque
1906 2585 1973 2638 ad
2016 2585 2069 2639 id

475 2683 691 2747 Wpus
721 2682 1045 2735 conservato
1067 2715 1083 2738 .
1122 2674 1495 2746 proclamante
1530 2676 1634 2731 vici
1675 2678 1848 2733 sancti
1876 2677 2069 2732 Albani

476 2775 690 2829 rectore
716 2764 1016 2827 desolatam
1048 2780 1169 2823 esse
1207 2784 1220 2819 :
1251 2766 1476 2837 proludit
1501 2767 1667 2822 etiam
1702 2767 1871 2821 isdem
1900 2781 2070 2822 vene-

2164 1577 2417 1634 reiterari
2444 1618 2460 1642 ,
2488 1586 2757 1647 quatenus
2776 1578 3009 1639 veritate
3040 1588 3317 1634 comnerta
3351 1579 3651 1637 altercatio
3674 1584 3750 1639 (in

2164 1669 2423 1725 ventilata
2454 1667 2785 1724 ﬁrmaretur.

2237 1759 2337 1817 His
2358 1760 2520 1832 igitur
2540 1760 2867 1815 testantibus
2891 1768 2948 1815 et
2970 1760 3549 1817 dioentibosordinem
3566 1764 3756 1818 verita.

2164 1852 2235 1908 tis
2257 1891 2272 1917 ,
2323 1853 2495 1907 Vitttltll
2547 1861 2634 1909 est
2672 1852 2871 1908 domno
2912 1851 3149 1923 pontiﬁci
3186 1868 3294 1907 una
3330 1868 3459 1907 cum
3488 1869 3753 1910 consensa

2165 1945 2525 2002 sanctissimae
2556 1946 2747 2017 synodi
2773 1985 2791 2012 ,
2822 1953 3091 2016 quatenus
3123 1944 3268 2001 sicut
3294 1946 3349 2000 in
3379 1946 3585 2001 diebus
3613 1945 3754 2001 Ante

2166 2053 2442 2094 cessurum
2492 2052 2715 2093 suorum
2761 2046 3075 2095 sanctorum
3121 2037 3444 2107 pontiﬁcum
3495 2040 3755 2093 honorata

2167 2130 2270 2195 fuit
2317 2140 2504 2187 sancta
2552 2130 2903 2202 congregatio
2938 2129 3171 2185 cmnobii
3210 2128 3521 2184 beatissimi
3554 2127 3752 2199 Engen.

2167 2225 2260 2290 di,
2288 2224 2366 2281 sic
2386 2232 2442 2279 ct
2469 2223 2523 2281 in
2558 2222 2660 2279 hac
2686 2221 2946 2293 petitione
2965 2261 2983 2285 ,
3008 2229 3064 2276 et
3094 2221 3148 2276 in
3176 2221 3393 2276 caeteris
3420 2221 3756 2275 necessitati—

2168 2313 2269 2369 bus
2289 2314 2404 2369 suis
2426 2314 2687 2371 honorem
2711 2320 2768 2367 et
2794 2325 2951 2381 opem
2978 2309 3145 2366 ferret
3157 2310 3227 2365 ad
3252 2310 3400 2367 vires
3425 2325 3566 2366 snas
3584 2319 3756 2364 sancta

2170 2404 2484 2476 metropolis
2524 2402 2842 2460 Viennensis
2873 2401 3115 2461 Ecclesia
3141 2442 3159 2466 .
3190 2410 3248 2458 et
3274 2412 3337 2456 ut
3362 2403 3552 2472 sopita
3578 2416 3759 2472 quere-

2171 2495 2222 2553 la
2257 2495 2469 2555 ﬁrmius
2504 2494 2845 2566 privilegium
2881 2509 3039 2551 unm
3075 2507 3237 2563 super
3266 2492 3414 2547 facto
3441 2490 3760 2547 Viennensis

2170 2587 2412 2645 Ecclesia
2443 2587 2497 2643 in
2529 2586 2772 2645 futurum
2799 2584 3092 2655 possideat,
3122 2582 3323 2640 litteris
3344 2582 3515 2638 etiam
3544 2581 3758 2636 robore-

2174 2690 2281 2739 tur.
2337 2681 2392 2739 ln
2437 2666 2582 2739 bunc
2640 2680 2821 2749 itaque
2870 2679 3088 2735 modum
3131 2691 3235 2746 ego
3273 2676 3393 2732 Ado
3444 2674 3762 2730 Viennensis

2172 2772 2628 2843 Arcliiepiscopus
2681 2762 3059 2834 carmentiens,
3108 2775 3166 2825 et
3210 2767 3300 2837 pio
3343 2764 3584 2822 coiisilio
3640 2764 3763 2819 ﬁlio-

476 2857 663 2921 rabilis
702 2860 1037 2930 propositus
1084 2858 1413 2928 scripturam
1458 2858 1824 2930 inquisitionis
1865 2867 2070 2928 tentpo-
2098 2854 2146 2914 B
2176 2882 2295 2923 runt
2340 2880 2583 2927 meorum
2623 2877 2869 2927 annuens
2890 2903 2909 2928 ο
2938 2876 3103 2919 mall“
3127 2861 3343 2932 DI‘OPI‘iI
3368 2861 3572 2916 ωιιιοτ
3595 2859 3763 2915 ίῖηη·

476 2952 629 3016 tibus
673 2951 777 3023 piae
821 2951 1217 3011 recordationis
1245 2951 1460 3008 Domini
1488 2950 1748 3023 Agilmari
1778 2950 1967 3015 facta,
2007 2964 2073 3005 eo

477 3044 622 3113 quod
650 3052 709 3105 et
736 3052 864 3103 tunc
893 3043 1153 3115 temporis
1185 3043 1469 3101 altercatio
1494 3044 1789 3100 haberetur
1814 3043 1958 3098 inter
1986 3044 2071 3113 ip~

478 3150 668 3201 sarum
712 3146 952 3197 rectores
993 3135 1359 3195 Ecclesinrum
1391 3154 1407 3195 :
1440 3136 1536 3193 sed
1570 3137 1698 3206 quia
1734 3150 1854 3191 eam
1883 3144 2072 3192 sancta

481 3228 735 3304 Synodtts
781 3231 997 3291 irritant
1031 3229 1328 3300 judicavit,
1378 3246 1447 3287 eo
1488 3231 1632 3302 quod
1664 3232 2070 3288 canonicor.....

481 3321 797 3394 roboratam
830 3337 940 3383 non
968 3323 1106 3385 vidit
1126 3363 1142 3391 ,
1172 3322 1371 3394 placuit
1396 3323 1745 3389 sanctissimo
1772 3323 2014 3395 pontiﬁci
2040 3340 2073 3381 a

2177 2956 2270 3022 vi,
2320 2955 2635 3027 sanctisque
2682 2952 2810 3017 ﬁliis
2839 2953 2977 3013 meis
3011 2954 3310 3011 secundum
3346 2965 3565 3009 morem
3602 2950 3763 3011 octie-

2176 3050 2455 3106 siasticuin
2512 3048 2732 3102 ﬁrmare
2785 3047 2989 3117 rogavi.
3045 3046 3242 3111 Actum
3292 3045 3523 3102 Viemrc
3559 3043 3765 3116 μυῖα

2176 3156 2365 3199 mense
2404 3139 2603 3211 Aprilis
2624 3179 2641 3205 ,
2676 3138 3022 3210 episcopatus
3049 3137 3235 3197 domui
3259 3137 3468 3197 Adonis
3507 3153 3655 3193 anno
3678 3136 3765 3190 de-

2176 3232 2348 3297 cimo,
2380 3230 2673 3289 indictione
2702 3228 2880 3293 tertia.

1102 3640 1498 3775 VITA
1595 3572 2201 3774 SANCTI.‘
2257 3641 3133 3772 THEUDERII

1658 3902 1922 3947 ΔΒΒΔΤΙΒ
1963 3902 2219 3948 νιεηηι
2260 3902 2326 3953 ΙΙ
2369 3901 2625 3950 causa.

1274 4055 1552 4121 Auctore
1584 4060 1807 4118 sancto
1844 4055 2072 4127 Annam
2109 4053 2399 4134 ejusdem
2440 4053 2620 4117 urbis
2656 4012 2963 4133 episeopo

507 4212 515 4221 ’
604 4220 769 4288 (Apud
798 4221 1005 4286 lablll.,
1031 4219 1137 4273 Act.
1159 4222 1246 4275 88.
1267 4223 1374 4274 0rd.
1394 4220 1444 4272 8.
1466 4221 1639 4273 Bened
1668 4260 1681 4283 ,
1709 4229 1827 4271 tom.
1854 4219 1895 4283 Ι,
1917 4234 2009 4283 pag
2033 4220 2144 4295 {578,
2167 4234 2228 4271 ex
2258 4233 2374 4295 mss.
2397 4221 2536 4271 codd.
2563 4234 2770 4334 auorum
2794 4220 3064 4295 fragmenta
3091 4222 3395 4277 Benedch
3417 4222 3665 4283 Gnaeo.

1607 4286 1656 4334 In
1676 4282 1901 4334 Aunend.
1927 4284 1988 4334 ad
2014 4283 2113 4334 Vit.
2139 4284 2238 4334 PP.
2264 4284 2428 4334 Occul.
2452 4291 2563 4334 retu
2602 4284 2664 4334 ι.)

1607 4282 1901 4347 ιιιᾹρρθιιά.
1927 4282 2113 4335 ad’Vit.
2139 4284 2238 4335 PP.
2264 4284 2428 4334 Decio.
2452 4291 2563 4335 retu

1894 4440 2019 4448 ..α-φη..-

2602 4284 2664 4347 ι.)

2022 4435 2401 4449 o———'_

506 4519 512 4527 ’
559 4540 613 4606 ι.
643 4535 787 4606 Ann.
802 4535 1131 4605 Viennensis
1155 4536 1465 4610 cpiscopus.
1477 4538 1737 4601 fratribus
1760 4540 1814 4596 in
1840 4541 2085 4599 oaenobio
2110 4544 2155 4608 C
2189 4540 2435 4599 mentibus
2460 4538 2759 4595 secundum
2794 4537 2975 4594 sectili
3016 4538 3336 4609 dignitatem
3362 4537 3571 4607 clarus,
3608 4542 3786 4599 facul-

492 4632 666 4691 alltati
710 4630 1002 4688 Theudorii
1053 4630 1081 4673 θ
1111 4629 1534 4689 consistentibus
1579 4630 1633 4686 in
1671 4632 1902 4686 Domino
1952 4630 2080 4687 Je~u

2192 4632 2392 4689 tatibus
2445 4632 2631 4687 mundi
2676 4629 3008 4686 honorabilis
3048 4631 3277 4688 exsﬁtit.
3317 4630 3570 4700 Quicum
3604 4634 3789 4690 adhuc

491 4698 712 4801 Qbrlsto
737 4731 997 4778 aeternam
1023 4719 1273 4777 salutem.
1304 4719 1483 4777 Patris
1516 4722 1679 4776 vestri
1704 4721 1904 4789 Vitam,
1932 4722 2085 4778 idest
2188 4740 2327 4797 puer
2378 4734 2552 4793 esset,
2602 4726 2671 4780 ad
2715 4738 2955 4779 alueum
2988 4722 3112 4778 vitm
3387 4723 3653 4781 anhelare
3684 4726 3792 4797 piis

490 4816 637 4874 beati
684 4813 1018 4879 Tlieuderii,
1068 4812 1272 4870 idcirco
1309 4822 1502 4869 vestrae
1546 4814 1822 4887 sanctitati
1866 4815 2081 4886 scriptis

493 4910 633 4968 meis
656 4907 1042 4965 commendare
1072 4906 1342 4978 disposui,
1374 4917 1434 4962 ut
1461 4922 1560 4963 vos
1588 4908 1702 4963 suis
1730 4890 1992 4985 exemplis
2014 4909 2081 4962 ad

492 5016 734 5059 amorem
757 4999 881 5055 vitae
908 5006 1123 5055 aeternae
1147 4997 1378 5068 amplius
1400 4997 1708 5052 invitarem.
1742 4996 1911 5067 Cupio
1939 4997 2083 5053 enim

490 5095 609 5166 ejus
659 5094 962 5151 imitatores
1000 5099 1056 5149 et
1095 5090 1437 5147 aemulatores
1475 5105 1570 5145 vos
1610 5089 1846 5144 existere
1871 5130 1887 5154 ,
1931 5088 2085 5159 cujus

496 5187 861 5260 patrocinium
886 5185 981 5242 Dei
1011 5198 1235 5241 munere
1254 5182 1609 5252 acquisivisse
1633 5181 1921 5252 plurimum
1949 5198 2082 5253 gau-

494 5280 616 5337 deo.
646 5278 819 5351 llujus
842 5280 1006 5351 igitur
1031 5278 1133 5333 viri
1158 5276 1366 5347 primus
1399 5283 1553 5332 ortus
1573 5283 1630 5331 et
1650 5275 1776 5330 vitae
1798 5290 2084 5346 processus

497 5371 674 5430 taliter
704 5388 764 5431 se
792 5372 975 5430 habet.

498 5484 824 5546 The-aerius
880 5487 1221 5569 Viennensis,
1258 5484 1596 5611 [acul‘tgtibus
1623 5484 1917 5539 distributis
1939 5526 1954 5551 ,
1986 5483 2083 5540 Le-

1130 5574 1303 5611 rmum
1333 5574 1393 5611 ne
1416 5573 1433 5611 ι
1462 5595 1477 5610 .

1130 5574 1303 5612 rmum
1332 5573 1477 5627 pem.

564 5673 624 5731 3.
664 5673 767 5732 Hic
793 5674 984 5732 beatus
1015 5673 1100 5729 vir
1137 5670 1413 5743 provincia
1440 5668 1732 5724 Viennensi
1761 5677 1913 5722 ortus
1935 5707 1950 5731 ,
1982 5682 2079 5737 pa-

568 5802 595 5833 ι
641 5788 869 5847 Abbatia
916 5788 976 5845 S.
1018 5786 1307 5844 Tlteuderii
1332 5826 1348 5850 ,
1377 5783 1668 5839 vernacule
1698 5779 2075 5851 Sainct-Chef,

498 5863 625 5947 olim
654 5862 776 5919 0rd.
807 5859 866 5917 Β.
894 5859 1093 5917 Bened.
1112 5900 1127 5927 ,
1162 5873 1305 5913 nunc
1334 5857 1388 5912 in
1418 5854 1706 5911 ecclesiam
1741 5853 2079 5927 collegialam

2192 4818 2388 4876 sttuliis
2420 4817 2586 4886 carpit
2621 4835 2633 4869 :
2666 4826 2724 4869 et
2744 4818 2871 4887 quia
2901 4815 3219 4886 parentibus
3244 4815 3407 4871 claris
3431 4824 3588 4871 ortus
3628 4832 3794 4888 pecu-

2193 4908 2337 4969 niam
2368 4925 2473 4963 non
2510 4924 2732 4987 parvam
2763 4924 2828 4964 ex
2866 4922 3028 4967 censu
3066 4908 3376 4980 patrimonii
3409 4908 3751 4979 acquisieral
3775 4951 3788 4972 ,

2192 5014 2253 5059 ut
2291 5003 2563 5073 perlectus
2601 4996 2801 5057 Christi
2843 4990 3458 5072 discipulusexisteret,
3495 5016 3621 5055 eam
3651 5004 3794 5058 dare

2188 5096 2518 5166 pauperibus
2547 5105 2605 5150 ut
2635 5095 2948 5166 centuplum
2983 5095 3274 5164 reciperet,
3307 5103 3363 5149 et
3391 5094 3444 5149 in
3484 5094 3673 5149 futuro
3712 5098 3793 5151 vi-

2190 5196 2297 5241 tam
2329 5195 2587 5241 aeternam
2614 5186 2941 5256 possideret,
2977 5200 3083 5238 non
3113 5184 3341 5240 distulit.
3368 5184 3595 5241 Sarcina
3621 5186 3797 5257 igitur

2190 5276 2470 5347 temporali
2496 5284 2821 5330 exoneratus
2848 5291 2911 5330 ac
2937 5275 3119 5329 δακρυΙί
3151 5286 3300 5330 veste
3334 5276 3400 5329 ad
3435 5276 3653 5346 plenum
3692 5294 3797 5330 nu~

2192 5368 2350 5439 datus
2368 5408 2389 5439 ι
2415 5376 2472 5435 ut
2497 5365 2789 5437 perfectius
2822 5365 3048 5419 Domino
3086 5364 3195 5418 Deo
3222 5365 3473 5429 serviret,
3501 5365 3799 5421 Lirinense

2192 5458 2497 5514 ccenobiuni
2528 5465 2781 5526 expetere
2806 5455 3082 5525 cogitavit.

2635 5569 2680 5621 Α
2718 5566 2779 5623 S.
2817 5565 3052 5622 σίτων-ἕο
3076 5568 3353 5621 detinetur.

2257 5662 2312 5718 5.
2362 5660 2684 5717 Parentibus
2724 5670 2906 5729 Itaque
2941 5659 3245 5725 derelictis,
3280 5674 3344 5715 ac
3383 5661 3491 5715 Deo
3525 5670 3694 5714 totum
3732 5674 3802 5713 se

2189 5794 2470 5861 conversa.
2500 5786 2554 5831 et
2576 5791 2781 5901 {nensze
2810 5774 3256 5846 archiepiscopali
3286 5776 3512 5833 Viennae
3538 5776 3800 5831 Allobro«

2189 5869 2313 5901 mtm
2340 5859 2487 5901 nulla
2511 5862 2572 5901 es
2600 5886 2612 5900 .

2189 5869 2313 5927 gum
2340 5859 2487 5904 unita
2511 5859 2612 5905 est.
