3936 6348
145 374 262 431 μδ

137 484 490 543 mmittens
514 482 614 537 sub
638 483 744 537 hoc
766 480 1034 536 desiderio
1063 480 1434 537 Arelatensem
1454 480 1728 537 civitatem
1757 482 1806 542 Α

137 578 406 649 expetiit,
457 575 546 630 ubi
588 582 717 629 tunc
750 582 972 629 sanctus
998 571 1270 628 Cmsarius
1297 571 1541 643 pontifex
1570 573 1736 627 habe-

136 669 308 725 batur
331 709 345 732 ,
378 674 439 720 ut
456 664 656 722 solatio
678 662 954 734 pontiﬁcis
980 662 1160 731 jutus,
1194 676 1291 733 per
1318 663 1494 733 ipsum
1523 661 1735 718 facilius

136 764 251 820 iter
295 761 362 815 ad
400 758 631 821 insulam
650 759 1037 813 monachorum
1063 767 1390 827 capesseret.
1406 755 1515 811 Sed
1534 755 1733 811 summi

140 853 241 909 Dei
267 850 655 921 omnipotentis
679 849 1031 919 dispositione
1052 858 1231 902 actum
1259 855 1375 913 est,
1405 857 1464 901 ut
1493 846 1734 927 consiliis

137 944 352 1000 sanctis
388 942 559 998 sancti
604 941 879 1011 pontiﬁcis
918 938 1310 1011 aliquantulum
1349 939 1440 996 ubi
1488 940 1733 995 retarda-

140 1046 316 1092 retur.
360 1034 565 1092 Ferunt
594 1048 830 1104 namque
858 1033 984 1104 quia
1007 1032 1185 1103 primo
1206 1047 1332 1088 cum
1361 1048 1422 1088 se
1458 1033 1737 1104 propexis;

139 1137 288 1193 seut,
319 1127 554 1198 propriis
580 1123 857 1181 vocabulis
886 1141 946 1181 se
967 1124 1358 1189 salutaverunt,
1381 1131 1544 1195 atque
1559 1123 1736 1178 omni-

138 1220 381 1292 potentis
401 1219 494 1274 Dei
523 1219 698 1274 virtus
725 1219 932 1289 pariter
954 1228 1246 1289 utrumque
1270 1219 1415 1274 dono
1445 1219 1634 1290 gratiae
1658 1218 1735 1273 ita

138 1294 520 1385 ihspiraverit,
544 1312 719 1382 utqui
741 1318 869 1367 ante
899 1311 1253 1367 notitiamsui
1276 1326 1382 1366 non
1413 1311 1732 1378 habuerant,

138 1420 269 1463 mox
289 1417 516 1473 corpore
540 1402 869 1461 se'videntes
885 1442 900 1468 ,
933 1403 1079 1474 quod
1101 1418 1231 1459 vere
1250 1405 1394 1460 servi
1421 1403 1511 1459 Dei
1527 1412 1732 1470 essent,

139 1496 557 1568 compellatione
602 1504 790 1550 mutua
838 1494 971 1550 foris
1012 1495 1380 1551 nescientibus
1417 1493 1734 1549 manifesta-

141 1599 285 1649 rent.
325 1590 464 1646 Vere
506 1589 681 1645 instar
724 1589 868 1644 illius
905 1589 1254 1645 beatitudinis
1277 1628 1291 1655 ,
1322 1590 1413 1644 ubi
1445 1591 1549 1644 erit
1577 1590 1734 1660 plena

140 1683 382 1754 cognitio
426 1682 705 1748 veritatis,
743 1681 835 1737 ubi
876 1698 1017 1744 unus
1048 1683 1256 1754 integre
1289 1690 1345 1737 et
1370 1684 1639 1738 veraciter
1666 1682 1736 1738 ab

1336 366 1424 423 DE
1463 367 1625 424 VITA
1665 367 1726 423 8.
1768 366 2172 426 THEUDER".

3316 346 3436 424 tu

2358 481 2573 539 Vienna
2605 484 2882 561 descriptio
2976 548 2991 557 _

1910 590 1960 644 5.
2012 592 2246 649 Veniens
2300 594 2482 667 itaque
2528 593 2588 651 S.
2638 593 2976 654 Tbeuderius
3019 610 3126 653 non
3165 592 3322 671 longe
3358 608 3426 667 a9

1835 684 1970 740 urbe
2000 682 2382 742 Viennensium
2411 730 2426 755 ,
2456 688 2770 763 perquirere
2794 688 3060 745 instanter
3085 686 3271 760 coepit,
3300 685 3423 742 ubi-

1836 791 1959 830 nam
1988 775 2234 831 cellulam
2278 779 2627 839 habitationis
2667 796 2779 839 sure
2808 778 3118 855 perliceret.
3153 777 3224 839 Ut
3265 776 3428 861 igitur

1835 870 2108 941 paululum
2161 871 2449 928 articulum
2492 873 2779 931 scribentis
2815 873 2881 927 ad
2942 871 3296 930 Viennensem
3338 885 3426 926 ur-

1836 961 1956 1016 bem
2005 963 2325 1019 deﬂectam:
2362 963 2566 1021 Vienna
2608 966 2738 1023 urbs
2769 973 2851 1025 est
2879 964 3175 1020 Galliarum
3210 960 3430 1018 nobilis-

1835 1055 1969 1110 sima
2001 1056 2069 1110 ad
2109 1057 2447 1113 occidentem
2479 1068 2533 1113 et
2560 1068 2780 1133 propter
2813 1056 3184 1131 aqninolarem
3219 1064 3427 1126 partem

1836 1148 2031 1204 Castris
2064 1148 2544 1221 praeeminentibus
2574 1149 2780 1203 munita
2810 1157 2869 1203 ut
2896 1163 3003 1203 non
3031 1145 3207 1207 facilis
3243 1146 3313 1202 sit
3340 1158 3429 1203 30?

1833 1252 2020 1296 cessus
2051 1240 2117 1295 ad
2159 1242 2358 1297 muenia
2387 1241 2645 1297 civitatis.
2672 1240 2920 1301 Castrum
2948 1241 3181 1313 primum
3209 1239 3277 1295 ad
3310 1253 3427 1295 me-

1836 1329 2027 1385 ridiem
2057 1346 2284 1402 vergens
2311 1330 2547 1403 Cappro.
2600 1330 2697 1387 Cui
2728 1331 2964 1386 vicinum
2991 1337 3075 1387 est
3103 1329 3427 1417 Eumenius,

1832 1420 2077 1493 proxime
2115 1421 2421 1488 Quiriacus.
2474 1421 2573 1478 Cui
2618 1436 2775 1476 muro
2814 1436 2911 1492 per
2952 1420 3145 1475 vallem
3176 1428 3430 1492 protenso

1828 1508 2075 1583 jungitur
2101 1509 2449 1581 Propiciacus
2462 1521 2514 1567 et
2529 1509 2886 1583 Pompeiacus
2914 1518 3133 1565 centum
3161 1509 3265 1564 diis
3287 1507 3430 1585 apud

1835 1603 2072 1659 Cultores
2114 1604 2419 1660 daemonum
2472 1605 2747 1676 quondam
2804 1601 3053 1659 celebris.
3111 1599 3226 1656 Non
3274 1601 3432 1674 longe
3485 1654 3490 1659 .

1834 1694 2081 1765 quintum
2129 1705 2367 1752 castrum
2430 1697 2766 1760 annectitur,
2822 1694 2908 1751 cui
2947 1708 3142 1750 nomen
3189 1684 3433 1749 vetustas

144 1774 252 1831 alio
293 1782 652 1843 cognoscatur
689 1791 704 1829 :
736 1774 955 1843 quando
980 1788 1087 1828 non
1118 1788 1217 1844 per
1245 1773 1522 1843 speculum
1555 1781 1647 1828 aut
1676 1774 1730 1830 in

1839 1784 2050 1857 Suspoli
2082 1786 2226 1842 dedit
2254 1805 2266 1840 :
2298 1788 2520 1858 ipsaque
2551 1796 2660 1842 tota
2697 1786 2889 1842 civitas
2931 1800 3055 1840 eum
3096 1784 3209 1840 suis
3236 1783 3432 1839 castris

141 1868 427 1953 aenigmate
447 1906 464 1933 .
504 1868 604 1929 sed
640 1866 779 1923 facie
814 1867 882 1923 ad
916 1867 1109 1927 facient
1141 1867 1284 1929 Deus
1307 1868 1605 1934 videbitur,
1636 1868 1729 1939 qui
1757 1846 1805 1908 Β
1834 1893 1863 1933 a
1909 1846 2073 1935 ﬂuvio
2110 1877 2276 1953 [deest
2302 1846 2669 1953 fortelaira],
2708 1893 2880 1949 usque
2911 1878 2977 1933 ad
3006 1876 3179 1950 ipsum
3211 1875 3433 1953 ﬂuvium

144 1948 486 2015 illtiminabit'
518 1956 836 2013 abscondita
883 1959 1229 2014 tenebrarum
1268 1965 1324 2015 ct
1364 1956 1735 2017 manifestabit

143 2049 366 2105 consilia
418 2048 686 2103 cordium.
729 2047 965 2103 Rescitis
995 2048 1177 2119 itaque
1206 2047 1267 2102 Β.
1298 2046 1569 2105 Caesarius
1590 2048 1735 2105 desi.

144 2139 276 2194 derii
306 2137 475 2213 ipsius
504 2138 822 2203 ardoribus,
864 2138 1210 2208 congaudens
1237 2179 1252 2204 ,
1293 2137 1513 2209 Deoque
1553 2138 1732 2197 omni-

142 2229 345 2298 potenti
375 2230 577 2300 gratias
610 2229 874 2296 referens,
907 2230 985 2285 sic
1018 2232 1234 2285 beatum
1261 2229 1623 2288 Theuderium
1656 2232 1735 2288 al-

143 2320 378 2397 loquitur
424 2341 437 2377 :
488 2322 531 2378 O
582 2321 781 2377 famule
824 2323 954 2390 Dei,
997 2324 1041 2378 si
1072 2325 1252 2385 verbis
1287 2325 1422 2380 meis
1450 2341 1733 2387 assensum

146 2415 357 2469 dederis
386 2456 401 2480 ,
449 2415 551 2470 erit
599 2414 858 2475 Dominus
904 2424 1116 2483 tecum,
1156 2423 1210 2469 et
1240 2416 1527 2471 consilium
1556 2416 1736 2473 cordis

154 2507 227 2559 tui
267 2506 651 2562 corroborabit.
701 2505 917 2561 Maneto
958 2508 1218 2579 tantisper
1248 2509 1526 2564 nobiscum
1557 2508 1733 2564 eccle-

152 2598 372 2655 siastico
417 2601 587 2655 ordini
635 2600 903 2657 subditus.
948 2601 1100 2669 Quod
1133 2600 1224 2656 Dei
1252 2617 1474 2657 munere
1504 2601 1596 2656 tibi
1628 2602 1732 2659 im-

148 2691 488 2761 posuerimus
514 2731 527 2756 ,
575 2691 851 2746 humiliter
900 2693 1138 2757 sustine,
1181 2701 1236 2746 ut
1276 2694 1416 2747 sicut
1455 2691 1733 2763 Scriptura

144 2781 302 2837 docet
326 2823 341 2847 ,
392 2798 513 2838 cum
571 2784 984 2839 mansuetudine
1020 2792 1075 2839 et
1114 2784 1420 2840 humilitate
1445 2799 1609 2856 opera
1642 2794 1732 2841 tua

142 2871 471 2943 perfeceris,
511 2890 674 2945 super
726 2892 940 2931 omnem
981 2876 1209 2948 gloriam
1242 2877 1512 2949 dirigaris.
1543 2875 1642 2933 Cui
1669 2876 1730 2935 Β.

143 2963 481 3021 Theuderius
510 2983 523 3020 :
555 2966 683 3022 Scio
704 3008 718 3031 ,
746 2965 911 3022 Pater
936 2966 1277 3031 beatissime,
1310 2983 1338 3021 a
1371 2967 1598 3022 Domino
1621 2968 1734 3024 suis

143 3055 342 3111 dictum
374 3074 388 3110 :
416 3056 521 3122 Qui
547 3074 636 3112 vos
660 3058 767 3112 odit
785 3101 799 3125 ,
829 3075 908 3112 me
935 3059 1041 3112 odit
1059 3099 1074 3124 ,
1100 3067 1145 3113 et
1167 3060 1255 3130 qui
1286 3076 1373 3113 vos
1405 3061 1628 3132 spernit,
1654 3076 1734 3114 me

144 3150 338 3215 spernit
370 3144 519 3217 (an.
556 3164 585 3201 κ
610 3188 626 3214 ,
652 3149 760 3220 16).
800 3148 1007 3204 Idcirco
1040 3151 1145 3204 tuis
1185 3150 1404 3205 monitis
1432 3160 1489 3204 ut
1519 3150 1732 3207 Domini

1834 1969 2155 2028 Rhodanum
2171 1981 2430 2043 protenso
2456 1988 2554 2045 per
2573 1971 2737 2029 colles
2760 1987 2930 2043 usque
2944 1974 3010 2028 ad
3032 1970 3248 2042 planum
3274 1983 3433 2039 muro

1834 2064 2096 2137 cingitur,
2121 2065 2442 2136 metmpolis
2469 2064 2856 2132 illustrissima,
2883 2072 2940 2119 et
2963 2062 3110 2119 inter
3134 2060 3432 2119 Galliarum

1838 2155 2004 2212 urbes
2049 2155 2437 2227 insignissima.

1995 2269 2320 2325 Theoderius
2346 2268 2531 2331 cellam
2563 2268 2789 2345 a-diﬁcat
2826 2268 2966 2345 facto
2993 2266 3269 2324 miraculo.

1906 2381 1961 2439 6.
1996 2379 2130 2441 Cum
2161 2380 2327 2455 igitur
2353 2380 2437 2437 vir
2471 2379 2566 2443 Dei
2590 2378 2766 2443 locum
2798 2377 3060 2453 sessionis
3099 2392 3211 2443 sua:
3253 2376 3433 2449 requi-

1835 2480 2023 2537 reret,
2067 2472 2315 2542 pervenit
2342 2470 2557 2526 tandem
2594 2470 2661 2525 ad
2693 2469 2867 2525 locum
2891 2483 3002 2524 sua:
3029 2467 3305 2549 solitudini
3337 2482 3435 2543 ειυς

1837 2571 1949 2618 tum
1979 2578 2086 2643 non
2132 2561 2311 2631 minus
2350 2560 2535 2630 procul
2580 2561 2649 2619 ab
2685 2560 2860 2628 urbe;
2910 2559 3094 2631 ibique
3130 2559 3183 2613 in
3224 2559 3433 2613 bono-re

1836 2656 2047 2717 Domini
2098 2655 2270 2713 nostri
2320 2653 2722 2727 Jew‘dbristi,
2752 2655 2854 2713 sub
2891 2655 3242 2711 veneratione
3288 2655 3432 2711 beati

1836 2752 2055 2811 Eusebii
2079 2750 2437 2811 Vercelleusis
2470 2750 2712 2821 episcopi
2740 2758 2796 2806 et
2822 2750 3104 2822 martyris.
3131 2750 3435 2808 ὀοπιυιιοιιη

1836 2844 1945 2901 lam
1996 2843 2269 2907 aediﬁcare
2312 2844 2499 2913 erepit.
2554 2842 2793 2914 dontigit
2841 2851 3023 2902 autem
3065 2840 3435 2899 fundamentis

1830 2938 1995 3009 iactis
2048 2946 2108 2995 ut
2154 2937 2312 2997 collis
2354 2947 2574 3009 propter
2624 2938 2874 2997 eminens
2917 2936 3111 3007 grandi
3158 2942 3434 3007 prarupto

1839 3033 2212 3098 scinderetur,
2249 3046 2315 3089 ac
2355 3031 2569 3087 ruinam
2602 3030 2724 3087 loco
2753 3030 3117 3101 praetenderet
3145 3047 3160 3085 :
3189 3029 3285 3089 sed
3308 3043 3431 3084 om

1839 3129 1986 3187 tione
2007 3127 2109 3183 viri
2140 3126 2236 3183 Dei
2262 3126 2331 3183 ab
2353 3125 2447 3183 illo
2466 3125 2559 3197 qui
2579 3124 2693 3183 suis
2703 3123 2840 3181 dixit
2859 3140 2872 3179 :
2892 3120 2950 3180 Si
2970 3121 3228 3179 haberetis
3242 3120 3426 3191 ﬁdem,

136 3211 471 3308 iussionibus
501 3211 692 3308 parere
718 3211 822 3295 non
857 3240 1121 3296 dili'eram.
1164 3240 1416 3299 Substitit
1446 3242 1627 3314 itaque
1655 3241 1728 3298 ibi
1757 3213 1804 3280 ο
1834 3231 2086 3314 ιοηιικαηι
2111 3235 2336 3291 gnum
2364 3217 2586 3314 "'Wl’i‘}
2611 3215 2842 3314 ἀδεέςίίίδ
2868 3214 3035 3275 ποιαί
3239 3211 3436 3314 TW?"

138 3327 197 3383 Β.
233 3329 573 3385 Theutlerius
601 3334 896 3388 secundum
934 3332 1263 3388 voluntatem
1304 3333 1363 3389 Β.
1392 3332 1608 3389 Caesarii
1633 3374 1649 3401 ,
1678 3342 1731 3393 et

1839 3314 1957 3371 hino
2008 3313 2063 3371 in
2090 3316 2282 3376 'ntare,
2330 3321 2378 3367 et
2404 3311 2653 3401 transiret
2688 3308 3030 3401 (tacuerit,
3058 3306 3151 3401 6i,
3182 3306 3434 3401 mirabile

142 3420 229 3477 die
253 3430 523 3492 nocteque
548 3421 799 3493 jejuniis,
830 3423 1028 3496 vigiliis
1049 3465 1064 3493 ,
1091 3433 1145 3479 et
1181 3422 1519 3479 orationibus
1544 3395 1729 3481 vocem
1837 3405 2019 3496 diem!
2050 3404 2108 3496 ξη
2132 3402 2427 3496 »μηθμξιίθ
2452 3400 2592 3496 "il!"
2620 3398 2965 3496 admei“?
2998 3397 3279 3457 mm
3307 3395 3434 3457 mh’

141 3517 311 3574 animi
363 3517 446 3573 sui
493 3518 602 3574 Deo
656 3518 1036 3586 committens,
1085 3533 1191 3574 non
1224 3533 1447 3590 parvam
1488 3517 1729 3572 lietitiam

1839 3495 1996 3555 sedit.
2044 3494 2183 3555 Exin
2223 3493 2492 3553 aediﬁcata
2517 3493 2711 3557 duino.
2740 3490 3092 3590 reliquiiaqne

1832 3587 1993 3650 altari
2054 3585 2319 3656 impositis
2368 3586 2569 3643 iterum
2619 3583 2703 3641 vir
2771 3582 2865 3640 Dei
2933 3579 3433 3640 etrcnntambulana

1826 3678 1983 3750 juxta
1998 3675 2202 3737 Jairam
2225 3675 2447 3735 ﬂuvium
2482 3674 2571 3733 ubi
2599 3671 2849 3733 cellulam
2878 3686 3161 3733 servorum
3180 3670 3279 3730 Dei
3302 3670 3430 3733 lul-

1834 3770 1992 3828 daret
2016 3810 2032 3836 ,
2080 3783 2264 3827 secum
2311 3766 2365 3827 in
2399 3766 2582 3827 cordis
2608 3773 2823 3825 secieto
2852 3764 3121 3825 volvebat.
3153 3762 3433 3833 Arripitu

1832 3870 2124 3933 propterea
2162 3874 2386 3927 solum,
2439 3868 2801 3927 moueturque
2841 3870 2939 3926 per
2981 3856 3156 3917 visura
3185 3863 3435 3926 αιδην

1834 3952 2005 4024 ipsam
2045 3965 2243 4023 aquam
2299 3948 2363 4004 Β.
2415 3948 2678 4022 martyris
2718 3945 3101 4020 Symphoriaui
3147 3944 3435 4017 basilicam

1833 4055 2193 4109 construeret.
2246 4045 2582 4115 Factumque
2618 4053 2705 4101 est
2732 4062 2746 4100 :
2778 4059 2843 4103 ac
2863 4050 3131 4103 exornato
3165 4041 3285 4100 loco
3309 4054 3432 4103 tum

1836 4141 2041 4201 uacbos
2066 4140 2138 4195 ibi
2153 4140 2358 4199 servire
2384 4139 2496 4195 Des
2517 4137 2734 4208 delegit.
2758 4134 3058 4193 Crescebat
3081 4142 3267 4195 autem
3286 4133 3433 4195 εω-

1834 4233 1939 4289 viri
1989 4232 2112 4301 Dei,
2169 4245 2234 4289 ac
2279 4230 2437 4301 longe
2480 4228 2697 4300 lateque
2742 4228 3118 4300 spargebatur.
3145 4225 3430 4287 Neeenitn

1836 4326 2148 4398 patiebatur
2186 4324 2441 4389 Christus
2469 4322 2615 4385 Deus
2638 4329 2826 4385 uoster
2871 4320 3153 4383 lucernam
3180 4319 3289 4379 sub
3311 4332 3433 4391 tuo-3

1837 4417 1929 4479 dio
1950 4416 2137 4477 celari.

2271 4503 2462 4565 Varias
2500 4503 2662 4563 cellas
2693 4504 2973 4573 construit.

1906 4620 1960 4676 Ἰ.
2004 4618 2429 4675 Accurrentibus
2466 4633 2600 4691 ergo
2644 4618 2894 4692 plurimis
2939 4616 3009 4674 ad
3046 4618 3295 4678 notitiam
3322 4617 3429 4676 viri

1837 4711 1931 4767 Dei
1956 4752 1973 4775 ,
2002 4712 2173 4764 irater
2192 4710 2320 4782 ejus
2339 4710 2519 4767 Arvus
2541 4751 2557 4778 ,
2585 4711 2677 4767 sed
2705 4720 2760 4766 et
2779 4710 3067 4783 propinqui
3098 4710 3189 4766 alii
3217 4710 3431 4768 visendi

1836 4802 2011 4874 gratia
2064 4802 2205 4857 inter
2244 4810 2475 4858 caeteros
2494 4803 2733 4873 quadam
2760 4801 2849 4859 die
2874 4802 3214 4859 advenerunt
3244 4820 3261 4858 :
3290 4817 3430 4874 quos

1836 4893 1925 4949 ille
1937 4893 2134 4950 blande
2152 4903 2211 4951 et
2230 4904 2457 4965 paterae
2476 4895 2835 4966 amplexatus,
2863 4895 2930 4951 de
2955 4911 3050 4967 spe
3068 4898 3190 4954 vita:
3210 4906 3428 4954 aeterna:

1834 4995 1891 5042 et
1939 4991 2379 5047 renuntieratione
2420 4997 2733 5044 unctorem
2778 5005 2876 5046 eos
2914 4991 3003 5061 pie
3032 4992 3305 5047 monebat.
3336 4986 3426 5047 ln-

1835 5078 2147 5137 ﬂammatus
2197 5094 2328 5135 vero
2377 5080 2603 5136 nimium
2644 5090 2701 5137 et
2747 5083 2945 5139 ardore
2979 5083 3213 5154 Spiritus
3253 5083 3430 5139 sancti

1835 5185 2101 5228 accensus
2119 5210 2137 5236 ,
2189 5171 2341 5227 venit
2379 5172 2451 5227 ad
2475 5181 2717 5229 castrum
2746 5183 3121 5246 nuncupatum
3144 5175 3381 5231 Marone
3410 5216 3424 5242 ,

1835 5261 2017 5332 ibique
2039 5261 2431 5318 monasterium
2459 5264 2850 5322 monachorum
2871 5266 3154 5321 instituere
3178 5266 3424 5337 cupiens,

1833 5352 2137 5413 oratoriqu
2155 5350 2218 5406 Β.
2246 5349 2392 5419 Petri
2419 5353 2787 5422 apostolorum
2810 5355 3076 5426 principis
3100 5357 3429 5421 construxit,

1838 5446 2021 5517 ibique
2051 5444 2391 5503 Manibus
2414 5454 2473 5501 et
2499 5447 2697 5518 vigiliis
2719 5449 2829 5507 Deo
2857 5464 3056 5506 vacans
3082 5466 3183 5523 per
3209 5450 3431 5522 aliquod

1841 5548 2053 5608 tempus
2107 5537 2326 5593 scandit.
2375 5536 2727 5601 natandum
2767 5540 2989 5595 veniens
3038 5542 3109 5597 ad
3147 5542 3325 5598 vicum
3370 5553 3429 5600 et

1836 5633 2022 5688 villain
2038 5642 2327 5703 parentant
2348 5648 2604 5699 sacram,
2627 5635 2715 5691 cui
2741 5635 3058 5693 vocabulum
3087 5643 3173 5691 est
3192 5637 3423 5705 Assicta,

1836 5724 1931 5780 ubi
1970 5723 2271 5780 oratorium
2313 5723 2373 5780 in
2414 5724 2621 5781 honore
2655 5726 2716 5782 Β.
2758 5725 3005 5784 nanum
3034 5730 3288 5803 martyris
3325 5742 3431 5802 ρο.
3486 5713 3497 5770 ἐ

1838 5822 2022 5913 φησι
2228 5824 2679 5895 construxerunt,
2732 5830 3086 5905 prosternens
3123 5838 3187 5911 se
3220 5826 3276 5904 tu
3302 5839 3420 5915 ora;

139 3604 427 3679 proferens
451 3608 533 3664 sui
565 3616 674 3664 tam
695 3609 934 3679 pontiﬁci
960 3651 973 3677 ,
1004 3625 1167 3681 quam
1199 3609 1309 3664 Deo
1342 3607 1585 3666 contulit.

249 3747 533 3821 Presbyter
558 3748 731 3823 {auus
761 3747 1084 3813 Theuderius
1109 3748 1238 3807 redit
1266 3749 1323 3811 in
1350 3749 1600 3819 patriam.

205 3881 265 3945 ι.
299 3880 600 3941 Convoluto
621 3888 805 3939 autem
832 3891 1078 3954 tempore
1100 3882 1345 3955 cogitans
1367 3881 1429 3941 Β.
1460 3880 1729 3938 Cesaﬂus

135 3975 342 4039 diVinis
378 3990 502 4037 eum
530 3975 764 4047 amplius
790 3976 998 4032 vincire
1024 3977 1374 4042 ministeriis,
1405 3974 1499 4030 illo
1524 3976 1615 4032 diu
1648 3990 1733 4031 re-

130 4066 382 4129 uetante
403 4077 460 4127 et
497 4066 826 4127 reclamante
849 4068 1064 4125 diaconi
1086 4065 1319 4123 omeinm
1347 4066 1602 4137 imposuit
1626 4107 1640 4132 ,
1668 4079 1734 4121 ae

133 4160 215 4219 sie
238 4160 292 4217 ei
321 4175 430 4219 non
453 4169 578 4232 post
603 4160 819 4234 longum
848 4168 1061 4230 tempus
1088 4160 1388 4232 presbyteri
1411 4160 1731 4229 dignitatem

132 4260 339 4315 cuncto
390 4252 542 4310 clero
581 4262 637 4310 et
678 4251 877 4324 populo
914 4251 1251 4307 acclamante
1290 4250 1538 4322 largitur.
1574 4249 1733 4317 Quod

130 4346 385 4411 omnium
410 4346 487 4404 ita
517 4343 579 4404 Β.
613 4343 954 4404 'l‘beudsrlus
976 4351 1288 4399 reverenter
1312 4341 1593 4412 amplexus
1615 4350 1729 4407 est,

129 4446 193 4501 ω
228 4438 445 4499 videret
465 4451 592 4495 eutn
622 4435 830 4493 meritis
850 4447 909 4491 et
921 4434 1095 4504 gratia
1123 4441 1351 4489 caeteros
1375 4440 1731 4503 praeeuntem,

127 4530 324 4591 ofﬁcio
372 4529 675 4587 mirabile-
703 4570 720 4595 ,
771 4526 1075 4587 humilitate
1116 4526 1281 4581 etiam
1328 4524 1627 4581 minoribus
1673 4541 1735 4583 se

878 4584 1006 4674 illud
1034 4615 1249 4673 Domini
1274 4617 1478 4672 dictum
1508 4634 1520 4671 :
1551 4615 1656 4682 Qui
1678 4633 1733 4672 se
1762 4584 1811 4645 θ

127 4712 384 4777 “milia:
435 4710 748 4772 «silebitur
795 4708 948 4782 (Late.
984 4724 1119 4765 xvrn
1148 4748 1163 4775 ,
1192 4706 1324 4779 id);
1360 4715 1416 4762 et
1439 4706 1735 4778 Scriptura:

128 4804 373 4867 dicentis
402 4821 419 4863 :
460 4803 673 4870 Quanto
703 4818 925 4874 magnus
950 4818 1037 4865 es,
1070 4802 1295 4858 humilia
1331 4809 1382 4869 te
1409 4802 1465 4859 iu
1493 4801 1735 4856 omnibus

131 4894 339 4962 (Ecdi.
385 4909 473 4961 tu.
512 4893 627 4966 ευ).
669 4893 955 4953 Curriculo
981 4902 1162 4950 autem
1192 4901 1493 4963 temporum
1519 4892 1734 4948 evoluta

127 4986 402 5059 cogitem
431 4986 512 5049 vir
538 4987 631 5047 Dei
652 4987 893 5051 revisere
914 4986 1246 5057 provinciam
1268 4987 1571 5042 nativitatis
1596 5000 1731 5051 sua,

127 5091 183 5141 et
228 5088 488 5151 parentes
527 5092 657 5139 altos
691 5078 979 5137 consolari.
1014 5078 1198 5149 itaque
1223 5078 1552 5134 voluntatem
1579 5093 1733 5133 suam

127 5180 334 5233 sancto
361 5169 618 5242 episeopo
644 5169 928 5240 aperiens,
955 5171 1024 5225 ab
1050 5170 1275 5241 ipsoque
1302 5169 1733 5226 benedictionem

126 5262 303 5327 eundi
330 5270 385 5323 et
404 5262 663 5324 redeundi
688 5261 1059 5331 expostulatis,
1085 5262 1277 5333 grandi
1299 5277 1533 5323 munere
1556 5263 1736 5332 prima

124 5367 262 5411 eum
295 5351 496 5415 aﬂ'eeit.
531 5351 735 5415 Deinde
762 5353 818 5408 S.
856 5353 958 5411 viri
989 5354 1172 5413 striato
1197 5370 1258 5412 se
1281 5370 1387 5411 non
1416 5369 1576 5425 posse
1596 5370 1733 5411 oon-

127 5449 308 5502 traire
330 5460 588 5512 cernens,
620 5461 898 5501 assensum
926 5446 1050 5502 licet
1081 5448 1249 5503 tristis
1274 5447 1461 5517 dedit,
1500 5464 1735 5519 casuque

123 5538 610 5603 benedictionibus
658 5539 910 5599 discessit
950 5540 1021 5601 ab.
1063 5541 1194 5603 urbe
1222 5540 1524 5599 Arelatensi
1546 5556 1729 5612 prose-

123 5641 301 5689 cutus
349 5631 495 5684 clero
521 5641 574 5685 et
612 5631 809 5701 populo
841 5630 1003 5691 ﬂente
1028 5634 1173 5702 quod
1205 5633 1288 5689 vir
1317 5633 1412 5689 Dei
1443 5634 1512 5690 ab
1536 5634 1615 5691 eis
1644 5648 1730 5690 re-

120 5725 397 5791 caderet.
428 5723 640 5789 tandem
667 5725 817 5781 abire
840 5724 1109 5797 permisit.
1652 5736 1657 5741 .
