3936 6348
563 365 678 424 λη

1601 367 1658 421 s.
1701 365 1947 422 ADONIS
1988 362 2410 420 ARCHIEPISC.
2455 363 2858 420 VIENNENSIS
3667 389 3731 442 με

573 483 722 538 tione
742 520 759 548 ,
789 479 1065 537 continuis
1093 479 1286 538 diebus
1311 490 1366 536 et
1393 480 1640 538 noctibus
1669 482 1892 554 rogabat
1921 481 2017 538 Dei
2045 495 2158 537 om-
2191 483 2239 544 Α
2265 479 2534 536 modicam
2596 481 2871 551 aperiens,
2931 485 3336 542 advenientibus
3360 487 3370 496 ’
3395 496 3567 551 monita
3610 501 3730 561 dabat.

575 570 868 642 nipotentis
897 569 1322 628 misericordiam
1342 613 1359 640 ,
1396 581 1456 628 ut
1488 573 1813 644 condignum
1842 572 2018 628 locum
2053 587 2167 628 ser-

575 678 768 720 vorum
789 662 888 720 Dei
912 662 1230 720 habitationi
1253 665 1304 720 ei
1329 665 1702 722 demonstrare
1731 665 2003 737 dignetur.
2030 665 2167 722 Cum

576 763 760 812 autem
804 769 863 811 se
893 755 1072 826 sopori
1110 754 1384 822 dedisset,
1413 755 1563 812 visus
1591 765 1676 812 est
1701 756 1750 812 ei
1783 757 2006 828 angelus
2033 755 2164 823 Dei,

578 847 669 920 qui
700 855 757 904 et
785 845 960 904 locum
987 856 1257 904 secretum
1285 847 1340 903 in
1377 849 1514 906 colle
1539 848 1790 920 Rupiano
1815 848 2086 921 signavit,
2113 858 2168 904 et

576 947 639 995 ut
661 939 736 996 ibi
754 940 1139 996 monasterium
1161 941 1302 1011 quod
1326 941 1552 998 ardebat
1566 940 1645 1013 [id
1663 951 1761 1006 est,
1778 938 2164 1013 desiderabat],

577 1040 895 1089 construere
922 1033 1265 1102 praemonuit.
1298 1033 1432 1089 Erat
1460 1042 1590 1090 tunc
1620 1034 1877 1104 temporis
1901 1034 1991 1092 hic
2016 1033 2168 1090 locus

578 1133 765 1196 utpote
793 1125 1059 1182 silvestris
1099 1125 1232 1182 feris
1263 1141 1329 1184 ac
1365 1127 1708 1200 serpentibus
1742 1126 1952 1198 plenus.
1983 1128 2165 1200 Evigi-

576 1202 697 1272 lans
710 1216 796 1272 vir
812 1216 907 1274 Dei
923 1218 1071 1274 venit
1100 1218 1168 1274 ad
1188 1218 1367 1276 locum
1388 1199 1492 1277 sibi
1515 1221 1772 1278 divinitus
1784 1199 2163 1289 monstratum,

576 1313 759 1384 ibique
778 1313 1169 1385 aliquantulum
1182 1315 1294 1372 Deo
1311 1317 1616 1373 orationem
1641 1317 1796 1372 fudit.
1825 1314 1932 1372 Sed
1954 1315 2168 1372 invidus

575 1397 754 1461 omnis
799 1404 925 1461 boni
965 1406 1211 1463 diabolus
1231 1448 1248 1476 ,
1277 1416 1338 1464 ut
1360 1419 1608 1465 sanctum
1637 1409 1812 1464 virum
1848 1409 1945 1464 Dei
1979 1410 2047 1465 ab
2079 1409 2165 1464 in-

578 1497 819 1554 tentione
857 1497 1022 1569 coepti
1055 1500 1390 1568 retraheret,
1419 1501 1561 1558 sicut
1593 1516 1694 1572 per
1720 1509 2026 1573 serpentem
2056 1501 2167 1573 pri«

579 1587 685 1644 mis
709 1589 1028 1660 parentibus
1052 1604 1258 1647 venena
1284 1607 1396 1648 suae
1421 1591 1661 1664 perﬁdiae
1691 1592 2030 1664 propinavit,
2067 1593 2168 1648 ite-

579 1698 700 1739 rum
750 1693 1056 1756 serpentem
1096 1686 1400 1758 ingressus,
1444 1695 1501 1742 et
1532 1686 1770 1744 ferarum
1804 1687 1912 1741 iras
1944 1702 2166 1744 movens

579 1783 834 1845 appetere
859 1776 1099 1833 retinuit.
1125 1764 1289 1847 Cujus
1312 1779 1581 1835 versutias
1599 1779 1685 1835 vir
1706 1778 1800 1835 Dei
1825 1794 2166 1850 praenoscens

579 1865 747 1922 armis
787 1868 1097 1924 orationum
1143 1884 1202 1925 se
1237 1871 1487 1927 muniens
1531 1872 1833 1944 intrepidus
1871 1873 2060 1941 stetit,
2107 1889 2170 1930 ac
2196 1852 2245 1914 Β

577 1943 730 2036 fraus
753 1959 952 2017 diaboli
981 1962 1123 2019 victa
1149 1966 1518 2022 evanescendo
1553 1943 1855 2022 succubuit.
1886 1966 2173 2022 Annuente

579 2051 767 2126 itaque
798 2055 1185 2114 Viennensium
1211 2059 1464 2131 episcopo
1494 2069 1806 2117 constructa
1837 2070 1919 2116 est
1947 2061 2172 2116 basilica

576 2145 742 2202 celeri
791 2161 954 2218 opere
1005 2148 1060 2204 in
1101 2151 1456 2206 veneratione
1512 2159 1716 2208 sanctas
1753 2151 1849 2206 Dei
1892 2153 2172 2224 genitricis

581 2239 761 2298 Maria:
786 2284 802 2310 ,
847 2252 1010 2330 atque
1057 2246 1124 2302 de
1161 2245 1510 2305 facultatibus
1553 2258 1660 2304 tam
1694 2258 1981 2320 parentum
2007 2265 2170 2321 quam

579 2335 1006 2407 propinquorum
1056 2354 1276 2395 suorum
1324 2340 1766 2397 monasteriolum
1807 2342 2090 2408 dolatum,
2117 2349 2175 2396 et

580 2430 828 2487 monachi
851 2429 1007 2501 juxta
1035 2432 1276 2504 regulam
1307 2431 1634 2494 Sanctorum
1661 2433 1883 2490 Patrum
1913 2443 2040 2490 sunt
2062 2434 2173 2489 ins-

580 2523 746 2578 uum.
889 2595 1121 2669 Eligitur
1147 2607 1328 2654 orator
1353 2598 1533 2671 populi
1561 2599 1633 2654 ad
1670 2598 1859 2654 Deum.

650 2686 706 2743 8.
748 2685 948 2743 Eodem
993 2697 1236 2761 tempore
1276 2689 1554 2760 Philippus
1581 2701 1610 2729 ⁸
1638 2690 1967 2747 venerabilis
2022 2691 2171 2762 epis-

579 2793 748 2850 copus
776 2780 1096 2839 Viennensis
1121 2782 1413 2839 vicesimus
1440 2783 1649 2854 primus
1676 2783 1993 2840 habebatur.
2030 2782 2172 2840 Con-

582 2871 885 2928 suetudinis
928 2881 1047 2928 erat
1096 2872 1152 2928 in
1197 2874 1389 2930 eadem
1428 2875 1564 2930 urbe
1615 2889 1783 2929 unum
1833 2874 1900 2930 de
1927 2874 2170 2945 pluribus

582 2964 815 3020 electum
831 2966 1119 3022 sanctioris
1133 2967 1258 3022 vitae
1271 2967 1324 3022 in
1339 2977 1552 3024 remoto
1567 2967 1706 3023 infra
1718 2969 1966 3024 eamdem
1981 2970 2172 3025 urbem

583 3069 788 3128 ponere
807 3095 824 3122 ,
855 3057 946 3127 qui
975 3065 1101 3112 vota
1135 3057 1347 3128 populi,
1382 3057 1814 3130 contemplativa:
1841 3059 1967 3114 vitae
1998 3059 2172 3115 solum

585 3147 919 3214 deserviens,
942 3149 1052 3205 Deo
1073 3149 1392 3206 familiarius
1415 3149 1692 3223 allegaret.
1715 3150 1963 3207 Pontifex
1993 3152 2174 3223 itaque

585 3253 708 3294 cum
747 3255 816 3295 ex
844 3239 1064 3296 dioecesi
1101 3242 1276 3297 virum
1315 3243 1532 3319 plenum
1574 3245 1792 3301 virtutis
1830 3246 2171 3316 requireret,
2201 3225 2248 3288 (ἶ

587 3334 675 3390 cui
703 3342 762 3390 et
800 3334 1033 3406 populus
1061 3335 1290 3406 imperio
1319 3337 1488 3409 ipsius
1512 3338 1657 3409 quod
1693 3339 1760 3394 ad
1796 3339 2025 3394 salutem
2057 3355 2178 3410 pero

587 3429 724 3485 tinet
751 3438 964 3486 secreta
998 3444 1096 3487 sua
1120 3431 1522 3498 committeret,
1557 3430 1777 3487 beatum
1808 3431 2176 3489 Theuderium

584 3519 694 3593 jam
724 3521 1114 3578 monachorum
1143 3531 1350 3593 patrem
1380 3523 1700 3578 existentem
1731 3537 1790 3579 se
1820 3523 2022 3579 habere
2059 3532 2179 3578 tan-

589 3621 775 3683 topere
827 3612 1044 3683 gavisus
1093 3620 1196 3667 est.
1257 3612 1446 3684 Itaque
1489 3627 1614 3668 eum
1677 3613 1931 3670 accessiri
1991 3614 2173 3685 jussit.

589 3703 779 3761 Sciens
820 3722 947 3762 vero
982 3707 1172 3763 beatus
1208 3706 1295 3762 vir
1331 3723 1441 3779 quo
1477 3715 1664 3765 tenore
1691 3724 1721 3763 a
1748 3707 2003 3779 pontiﬁce
2029 3724 2178 3780 quae-

587 3807 834 3867 reretur,
859 3800 1048 3873 gratim
1075 3800 1170 3855 Dei
1197 3815 1255 3856 se
1283 3810 1457 3858 totum
1482 3803 1858 3869 committens,
1890 3803 2180 3874 praeposito

589 3904 687 3947 suo
731 3889 1027 3947 Severiano
1058 3891 1276 3948 nomine
1304 3907 1492 3948 curam
1523 3895 1838 3950 monasterii
1877 3896 1959 3952 sui
1990 3910 2182 3968 super-

588 3985 808 4056 posuit,
853 3994 910 4041 et
953 3986 1246 4042 exhortans
1300 3995 1460 4056 atque
1511 3987 1814 4045 valedicens
1874 3989 2176 4058 fratribus,

590 4076 982 4131 commendans
1031 4075 1152 4130 illos
1192 4077 1422 4134 Domino
1460 4079 1547 4134 cui
1583 4094 1731 4151 spem
1763 4095 1918 4136 suam
1947 4083 2178 4137 commi-

592 4173 769 4230 serat,
801 4166 868 4222 ad
899 4167 1210 4238 pontiﬁcem
1239 4169 1495 4240 perrexit.
1531 4170 1702 4239 Quem
1734 4172 1904 4228 isdem
1937 4173 2180 4244 pontifex

592 4257 976 4316 venerabiliter
1015 4261 1343 4332 suscipiens,
1389 4273 1719 4335 congregato
1751 4265 1896 4320 clero
1925 4265 2181 4336 omnique

589 4348 746 4420 plebe
781 4361 1028 4409 sanctum
1076 4354 1255 4410 virum
1297 4353 1557 4412 fratribus
1586 4356 1654 4412 de
1681 4356 2051 4412 misericordia
2083 4356 2180 4414 Dei

589 4443 837 4501 ecclesias
881 4445 1009 4502 ﬁliis
1060 4448 1384 4520 assignavit,
1437 4459 1496 4504 ut
1539 4447 1787 4505 oratione
1822 4448 1884 4504 B.
1925 4449 2028 4506 viri
2066 4452 2183 4522 ipse

590 4537 800 4595 lucrum
827 4541 893 4596 de
919 4557 1080 4613 grege
1105 4543 1206 4599 sibi
1233 4545 1523 4599 commisso
1563 4543 1631 4598 ad
1670 4543 1958 4599 Dominum
1997 4559 2181 4616 repor-

592 4638 749 4688 taret.
803 4630 973 4704 Elegit
1009 4634 1192 4704 itaque
1233 4633 1334 4690 sibi
1371 4634 1457 4688 vir
1486 4635 1674 4689 [reatus
1705 4634 1758 4688 in
1787 4642 1968 4690 monte
1994 4634 2178 4702 Quiri-

593 4722 700 4778 uali
732 4723 908 4780 locum
943 4733 1000 4780 et
1039 4723 1324 4782 Basilicam
1363 4724 1424 4779 Β.
1463 4726 1723 4796 martyris
1752 4723 2060 4792 Laurentii,
2087 4723 2179 4779 ubi

592 4813 680 4872 die
706 4822 976 4886 noctuque
999 4815 1233 4871 orationi
1262 4815 1376 4872 Deo
1407 4823 1647 4872 vacaret.

929 4907 1065 4980 Ejus
1095 4909 1307 4965 virtutes
1334 4918 1383 4964 et
1413 4908 1820 4965 commendatio.

607 5050 610 5054 .
649 5001 716 5078 λθ.
765 5000 992 5071 Quanta:
1025 5012 1206 5060 autem
1245 5002 1603 5060 districtionis
1633 5011 1964 5075 quantaeque
1999 5003 2179 5060 humi-

590 5093 762 5152 litatis
786 5093 876 5150 hic
907 5093 992 5149 vir
1017 5093 1210 5163 fuerit,
1240 5109 1348 5151 non
1382 5093 1540 5151 facile
1575 5095 1768 5167 quavis
1796 5094 1976 5168 lingua
2003 5095 2179 5168 expli-

592 5188 828 5246 cabitur.
860 5186 1142 5261 Lacrymis
1169 5187 1425 5260 profusus
1446 5229 1463 5255 ,
1491 5188 1742 5246 oratione
1773 5197 1988 5257 cautus,
2018 5190 2183 5246 corde

593 5288 741 5338 totus
789 5280 846 5336 in
885 5279 1117 5337 Domino
1164 5279 1332 5345 fixus,
1377 5281 1443 5336 de
1489 5281 1762 5353 paucitate
1804 5296 1935 5338 vero
1979 5282 2086 5338 cibi
2128 5291 2184 5339 et

593 5378 756 5443 potus
810 5384 888 5432 ac,
920 5368 1129 5426 vilitate
1171 5369 1390 5427 habitus
1431 5371 1576 5442 quod
1619 5370 1838 5442 dignum
1877 5371 2186 5442 exprimere

593 5461 797 5534 possim
840 5477 950 5521 non
985 5462 1143 5520 video
1189 5481 1203 5519 :
1256 5463 1474 5534 quando
1515 5464 1573 5522 in
1603 5462 1783 5521 cilicio
1820 5465 2182 5536 recumbens},

594 5563 786 5614 nectes
813 5554 1039 5627 diesque
1065 5554 1184 5613 sine
1215 5553 1338 5611 cibo
1365 5561 1422 5611 et
1447 5562 1578 5626 potu
1602 5553 2018 5611 continuaverit.
2046 5553 2184 5622 Quia

596 5660 728 5722 ergo
766 5647 948 5721 populi
984 5648 1221 5720 undique
1257 5645 1327 5704 ad
1359 5662 1487 5704 eum
1525 5645 1902 5715 conﬂuebant,
1939 5645 2054 5719 ipse
2083 5645 2186 5702 sub

599 5748 812 5798 secreto
832 5749 1096 5812 quantum
1117 5749 1332 5812 poterat
1355 5754 1416 5798 se
1431 5737 1716 5798 occultans
1745 5737 2040 5797 fenestram
2059 5753 2228 5831 per-2.

2269 569 2585 628 Contulerat
2609 582 2788 629 autem
2817 575 2868 630 ei
2897 573 3100 632 Christi
3130 579 3298 648 gratia
3318 585 3482 640 cordis
3501 590 3731 660 sapientiam

2268 671 2325 720 et
2352 663 2786 757 orisgratiosam
2816 665 3123 724 facundiam
3148 711 3164 735 ,
3203 681 3262 726 ut
3301 674 3454 731 sciret
3473 682 3591 748 quod
3609 686 3731 757 singu.

2269 755 2336 811 lis
2354 756 2648 814 salubriter
2658 760 2938 829 panderet.
2957 760 3092 828 Quis
3103 762 3320 820 vulnere
3336 766 3512 825 diaboli
3532 755 3732 843 percussus

2270 849 2338 903 ad
2385 864 2509 904 eum
2550 851 2701 905 venit
2730 860 2787 906 et
2817 867 2924 907 non
2957 855 3217 910 continuo
3245 859 3520 917 medicatus
3549 879 3731 938 sanusque

2269 941 2518 996 recessit?
2539 941 2670 1010 Quis
2690 954 2914 1000 mmstus
2928 947 2994 1001 de
3016 947 3252 1016 pondere
3271 960 3574 1018 peccatorum
3587 973 3730 1016 suorum

2266 1046 2375 1086 non
2415 1034 2598 1088 statim
2631 1033 2699 1090 de
2735 1035 3106 1092 misericordia
3155 1039 3250 1094 Dei
3277 1043 3553 1102 consolatus
3572 1053 3731 1106 securior

2267 1132 2325 1178 et
2370 1123 2543 1180 laetior
2591 1126 2791 1182 rediit?
2843 1128 3012 1196 Quem
3049 1130 3229 1186 saeculi
3261 1147 3494 1202 pressura
3529 1139 3730 1199 tristiorem

2269 1215 2607 1283 reddiderat,
2652 1216 2771 1288 ejus
2798 1218 3014 1275 hortatu
3047 1222 3116 1278 ad
3153 1237 3298 1292 spem
3327 1227 3490 1295 gaudii
3516 1232 3728 1300 sempiterni

2269 1308 2510 1363 animum
2557 1309 2703 1366 illico
2741 1313 2937 1368 erexit.
2976 1313 3047 1370 Ut
3074 1315 3238 1370 dictis
3264 1316 3485 1386 Apostoli
3510 1325 3728 1382 concludam

2269 1409 2483 1468 totum,
2536 1403 2789 1460 Omnibus
2833 1408 3010 1462 omnia
3047 1409 3222 1478 factus
3260 1419 3335 1465 est
3365 1421 3419 1464 ut
3444 1413 3601 1482 faceret
3620 1436 3728 1474 omnes

2267 1490 2439 1547 salvos
2487 1492 2554 1566 (I
2595 1492 2717 1551 Cor.
2760 1513 2853 1563 Ix,
2901 1497 3023 1570 22).
3073 1498 3344 1554 Miraculis
3385 1503 3527 1556 etiam
3565 1505 3728 1563 Dominus

2269 1601 2485 1642 servum
2534 1603 2691 1644 suum
2739 1590 3062 1648 familiarius
3102 1594 3454 1651 adhaerentem
3484 1597 3726 1666 clariﬁcnvit,

2269 1679 2343 1734 ita
2367 1691 2424 1734 ut
2449 1680 2632 1752 plures
2681 1698 2712 1738 a
2759 1685 3013 1756 malignis
3053 1687 3332 1756 spiritibus
3360 1691 3544 1756 vexati,
3573 1703 3613 1745 et
3631 1697 3729 1751 variis

2269 1772 2618 1846 languoribus
2647 1776 2848 1832 detenti
2877 1777 2996 1848 ejus
3023 1780 3360 1837 orationibus
3386 1794 3654 1840 sanarentur.

2492 1891 2656 1945 Morti
2693 1894 2994 1964 proximus,
3033 1895 3146 1951 Deo
3176 1897 3442 1967 ferventius
3465 1912 3598 1956 vacat.

2347 2003 2434 2060 iO.
2469 2003 2665 2060 Mansit
2701 2015 2878 2061 autem
2911 2008 3083 2064 isdem
3110 2017 3328 2064 sanctus
3351 2011 3426 2065 vir
3457 2012 3725 2071 duodeunioin

2274 2096 2395 2153 loco
2447 2097 2732 2169 praeelecto
2767 2108 2822 2154 et
2863 2101 2965 2156 sibi
2995 2101 3312 2157 dulcissimo
3339 2122 3350 2157 :
3382 2103 3481 2158 Deo
3510 2120 3659 2177 semper
3675 2123 3726 2163 ar-

2275 2189 2589 2245 denlissima
2637 2192 2963 2248 contritione
2998 2194 3225 2264 spiritus
3254 2211 3317 2251 ac
3338 2199 3726 2267 corporistotumse

2275 2283 2552 2337 mactavit.
2606 2281 2740 2338 Cum
2780 2293 2960 2340 autem
3000 2295 3214 2356 tempus
3242 2303 3349 2343 sua:
3372 2287 3647 2346 resolutionis
3662 2293 3725 2347 ins-

2277 2385 2390 2431 tare
2435 2385 2716 2442 cerneret,
2749 2375 3047 2435 ferventius
3078 2380 3134 2434 in
3165 2380 3272 2436 alta
3303 2384 3482 2438 mentis
3509 2385 3726 2456 contempla-

2274 2470 2421 2525 tione
2449 2469 2779 2541 perdurans,
2810 2472 2965 2542 quasi
2994 2473 3227 2530 vicinior
3254 2474 3426 2544 januis
3455 2478 3634 2534 caelestis
3658 2481 3726 2534 vita

2271 2563 2490 2620 oculum
2514 2565 2712 2621 mentis
2736 2567 2805 2622 ad
2831 2567 2936 2622 alia
2959 2566 3244 2626 deflectere
3269 2585 3401 2639 aegre
3422 2569 3601 2628 ferebat.
3625 2573 3723 2628 Inter-

2273 2664 2392 2710 erat
2431 2671 2616 2713 amore
2660 2655 2972 2715 Conditoris
3012 2662 3097 2716 sui
3125 2662 3353 2729 visioni,
3389 2663 3578 2719 aderant
3601 2665 3725 2718 deside-

2275 2748 2372 2804 riis
2399 2748 2515 2819 ejus
2551 2750 2767 2820 agmina
2793 2751 3100 2808 caelestium
3129 2755 3408 2825 spirituum
3427 2755 3578 2822 chori,
3597 2768 3724 2824 aposto

2275 2837 2453 2894 lorum
2498 2839 2813 2911 multiplicia
2850 2851 3087 2913 tropaea,
3132 2855 3419 2919 martyrum
3444 2857 3671 2902 sanctorum
3697 2848 3725 2898 in

2275 2931 2426 2987 caelis
2473 2932 2854 2990 inenarrabilis
2894 2935 3102 2992 laetitia.
3159 2937 3274 2994 Non
3323 2955 3494 3005 sonus,
3527 2956 3606 2995 non
3639 2939 3725 2994 cibus

2275 3024 2416 3080 ullus
2459 3035 2660 3096 praeter
2700 3027 2976 3084 Christum
3022 3032 3224 3087 suavis.
3267 3032 3406 3088 Inter
3441 3042 3532 3087 tam
3553 3031 3726 3087 feliceset

2277 3115 2464 3170 beatos
2511 3115 2726 3173 labores
2766 3133 2887 3173 cum
2941 3119 3334 3190 aliquantulum
3377 3123 3452 3178 vir
3485 3123 3558 3177 Dei
3589 3136 3728 3189 eorum

2299 3218 2650 3280 anguesceret
2677 3252 2692 3277 ,
2735 3210 2926 3281 plenus
2964 3219 3017 3266 et
3049 3225 3448 3270 consummatus
3469 3215 3552 3286 piis
3571 3214 3728 3283 operibus

2281 3299 2536 3370 migravit
2565 3300 2632 3354 ad
2667 3300 2973 3357 Dominum.
3013 3301 3058 3358 Ο
3089 3303 3268 3360 virum
3293 3304 3490 3360 beatum
3516 3313 3598 3374 post
3615 3311 3664 3356 tot
3679 3301 3728 3355 la-

2279 3391 2440 3447 bores
2495 3393 2704 3463 gaudiis
2783 3404 3099 3450 sanctorum
3160 3397 3435 3466 spirituum
3482 3399 3526 3451 in
3567 3395 3730 3450 societate

2278 3492 2591 3540 sanctorum
2651 3497 3104 3554 annumeratum,
3164 3497 3221 3544 et
3274 3489 3464 3545 visione
3502 3486 3651 3542 Domini
3683 3483 3730 3536 sui

2279 3591 2440 3645 quem
2481 3591 2696 3647 semper
2733 3579 2934 3634 amavit
2969 3587 3174 3636 aeterne
3200 3580 3512 3636 consulatum
3531 3588 3571 3634 et
3591 3576 3730 3632 feliciter

2278 3666 2610 3723 laetiﬁcatum
2646 3670 2659 3723 ι

2527 3777 2809 3849 Sepelitur.
2850 3777 3053 3852 Corpus
3074 3781 3338 3838 immobile
3363 3781 3580 3836 redditur.

2353 3890 2440 3945 ll.
2489 3889 2784 3962 Postquam
2822 3892 3003 3949 obitus
3045 3895 3219 3949 sancti
3257 3895 3352 3949 viri
3381 3892 3554 3950 civitati
3576 3897 3635 3944 est
3656 3902 3732 3940 nun-

2287 3981 2476 4047 tiatus,
2506 3982 2603 4037 ivit
2635 3992 2744 4039 tota
2775 3985 2970 4041 civitas
2988 3986 3042 4040 in
3068 3986 3383 4057 obsequium
3415 3984 3602 4047 funeris,
3625 3991 3733 4034 sacer.

2283 4073 2437 4130 (Ιοῑθε
2461 4114 2478 4140 ν
2527 4074 2874 4146 reliquusque
2913 4077 3112 4143 clerus,
3140 4089 3196 4134 et
3217 4078 3387 4150 populi
3409 4078 3636 4133 innumera
3655 4065 3734 4123 mul-

2284 4167 2478 4224 titudo.
2525 4167 2892 4240 Compositum
2926 4186 2994 4225 ex
3024 4187 3178 4228 more
3206 4187 3394 4242 corpus
3419 4171 3467 4224 in
3494 4168 3734 4222 feretrocoo-

2283 4260 2527 4331 peritur:
2563 4276 2795 4331 cumque
2822 4278 2852 4316 ει
2877 4263 3359 4320 circumstantibus
3387 4255 3653 4332 presbyteris
3667 4257 3737 4319 P9“

2283 4350 2459 4409 oﬂicia
2509 4351 2722 4409 reddita
2773 4362 2834 4409 ut
2883 4355 2953 4409 ad
3001 4355 3308 4427 sepulcrum
3349 4353 3552 4409 ferretur
3579 4353 3736 4403 sanctam

2283 4443 2544 4502 feretrum
2585 4445 2773 4502 fuisset
2815 4449 3239 4519 apprehensum,
3286 4445 3473 4502 moveri
3509 4459 3533 4496 a
3569 4439 3654 4494 low
3676 4443 3737 4486 non

2286 4538 2463 4609 potuit
2491 4579 2507 4606 ,
2538 4539 2864 4595 mirantibus
2889 4551 2945 4596 et
2971 4542 3308 4611 stupentibus
3333 4537 3554 4595 omnibus
3575 4529 3642 4601 qui
3661 4523 3736 4579 369‘

2288 4639 2430 4696 rant,
2460 4640 2517 4687 et
2544 4629 2775 4687 sollicito
2802 4632 2932 4701 quid
2958 4631 3102 4688 facto
3132 4648 3266 4703 Opus
3289 4633 3356 4687 sit
3379 4622 3680 4700 quaerentibus.
3700 4611 3738 4667 Ut

2289 4721 2346 4777 S.
2380 4722 2652 4792 pontiﬁcis
2681 4724 2897 4779 decreto
2929 4723 3209 4779 deﬁnitum
3237 4733 3316 4779 est
3342 4717 3575 4793 (quamvis
3594 4704 3740 4785 populus

2288 4815 2611 4887 contrairet)
2639 4824 2908 4886 quatenus
2950 4815 3019 4872 ad
3065 4815 3440 4872 monasterium
3469 4821 3596 4865 suum
3626 4807 3740 4872 νοω·

2183 4912 2191 4938 τ
2289 4915 2441 4963 retur
2489 4907 2654 4978 (quod
2695 4916 2780 4962 est
2812 4907 3081 4979 mirabile)
3107 4949 3124 4976 ,
3150 4907 3291 4964 illico
3321 4912 3454 4961 tanta
3480 4891 3741 4955 facilitateesl

2291 5006 2494 5053 motum
2519 5038 2534 5064 ,
2569 5006 2628 5053 ut
2663 4997 2862 5055 nullius
2890 5000 3141 5070 ponderis
3169 5014 3287 5056 esse
3322 5001 3584 5069 putaretur.
3615 4984 3740 5077 Pent:

2291 5089 2441 5145 nitur
2487 5090 2543 5146 in
2582 5092 2844 5147 suburbio
2877 5091 3112 5149 civitatis
3146 5092 3212 5148 ad
3239 5089 3493 5146 basilicam
3515 5082 3562 5138 S.
3592 5077 3740 5132 Romam

2292 5184 2551 5256 martyris
2599 5183 2654 5239 in
2708 5183 2831 5239 vico
2877 5183 3208 5250 Brenniaco,
3251 5184 3423 5252 ibique
3453 5170 3666 5256 Paululum
3693 5172 3742 5214 ’θ’

2290 5255 2552 5348 pausatur
2579 5293 2594 5330 :
2625 5276 2769 5347 quod
2798 5287 3077 5348 supererat
3105 5277 3278 5332 noctis
3300 5316 3315 5340 ,
3344 5265 3610 5343 pervigilem
3637 5255 3742 5310 dure

2293 5377 2440 5425 runt.
2493 5368 2631 5437 Quid
2657 5378 2840 5425 autem
2866 5369 3113 5426 miraculi
3155 5365 3430 5436 contigerit
3477 5372 3566 5414 non
3598 5355 3741 5423 pmlef'

2292 5461 2528 5518 eundum
2561 5469 2714 5534 puto.

2342 5575 2534 5633 Vinum
2575 5576 2960 5649 multiplicatur
3002 5578 3059 5634 in
3100 5575 3319 5661 gratiam
3355 5565 3607 5627 baiulorum
3631 5542 3723 5606 δαιτί

2953 5665 3204 5705 ουν-νοω.

2365 5739 2454 5798 12.
2497 5667 3354 5798 δθηειίωοηίειίυϊῖέὗιθτυω
3378 5736 3476 5792 Deo
3493 5731 3538 5783 in
3559 5716 3744 5778 monuit“

617 5887 620 5890 ’
671 5885 702 5937 9
732 5873 1016 5950 Philippus
1053 5874 1288 5933 concilio
1325 5875 1695 5948 Lugdunensi,
1725 5890 1874 5934 anno
1910 5875 2036 5945 567,
2055 5887 2110 5933 et
2138 5876 2433 5943 Parisiensi
2461 5892 2538 5942 tv,
2569 5891 2713 5932 anno
2740 5875 2868 5944 573,
2900 5875 3167 5948 pruedit.
