3936 6348
147 383 274 459 μυ

1242 384 1333 444 DE
1358 382 1891 452 TRANSLATIONE
1928 384 1990 450 S.
2025 383 2400 443 BARNARDI.

3330 393 3442 447 450

148 501 267 559 riis
292 498 519 556 Viennae
544 506 898 556 servientium
926 502 1193 556 cnaritate
1228 507 1287 559 et
1309 502 1573 574 obsequio
1603 517 1757 560 cura-
1780 508 1831 568 Α
1860 509 2041 558 autem
2084 505 2152 559 ad
2179 503 2360 560 locum
2392 501 2682 576 sepulturae
2707 511 3029 577 perventum
3066 511 3153 562 est
3171 543 3189 574 ,
3215 462 3441 580 quidam

151 600 282 650 tum
307 601 413 657 est,
439 599 499 647 ut
521 590 765 665 fatigatio
784 590 1204 663 praecedentium
1224 601 1282 650 et
1308 593 1755 666 subsequentium

146 681 403 753 fratrum
440 681 834 754 aliquantulum
878 683 1233 742 relevaretur.
1273 683 1402 743 liae
1436 687 1631 744 ancilla
1659 686 1756 744 Dei

148 791 288 849 qua:
309 774 712 848 congregationi
742 784 976 847 praeerat
998 775 1054 832 in
1084 776 1353 847 superiori
1379 777 1712 835 monasterio
1734 817 1753 846 ,

149 867 272 923 tria
311 865 534 937 vascula
579 866 711 923 vino
748 867 907 939 plena
936 876 1061 939 post
1097 876 1346 926 sanctum
1375 868 1542 926 funus
1572 869 1752 935 misit,

149 958 311 1015 unde
338 957 586 1015 sitientes
609 956 904 1015 refocillari
938 960 1242 1030 potuissent
1268 969 1326 1018 et
1350 961 1406 1018 bi
1433 961 1527 1034 qui
1546 962 1757 1035 vigilias

150 1059 390 1123 agerent
433 1060 834 1107 recrearentur.
861 1051 1098 1109 Bibitum
1122 1061 1208 1109 est
1229 1068 1515 1126 quousque
1535 1054 1756 1110 vascula

149 1143 432 1201 exhausta
478 1141 702 1199 fuerint.
753 1143 955 1200 Aderat
994 1152 1124 1201 tunc
1151 1145 1224 1202 ibi
1266 1144 1597 1202 Severianus
1614 1145 1759 1203 olim

151 1234 269 1291 viri
294 1234 394 1291 Dei
423 1236 743 1305 praepositus
772 1250 896 1292 cum
921 1233 1184 1293 fratribus
1207 1236 1300 1307 qui
1327 1245 1517 1294 sancto
1540 1237 1757 1293 obviam

150 1335 448 1384 venerant.
494 1325 724 1394 Quidam
761 1342 830 1383 ex
862 1328 943 1383 eis
980 1327 1127 1383 unde
1157 1327 1410 1384 biberent
1446 1343 1572 1383 cum
1610 1342 1757 1398 quae.

152 1419 363 1475 sissent
384 1457 405 1486 ,
442 1432 552 1475 non
582 1418 927 1476 invenerunt.
961 1418 1071 1476 Sed
1100 1419 1229 1491 quid
1251 1420 1435 1477 divina
1459 1420 1635 1479 virtus
1660 1436 1761 1492 per

152 1519 385 1566 sanctos
409 1525 537 1567 suos
560 1528 669 1569 non
693 1511 985 1583 operatur?
1011 1511 1235 1568 Ancilla:
1260 1512 1356 1568 Dei
1393 1528 1515 1583 qua:
1538 1512 1757 1569 vascula

151 1603 323 1674 plena
340 1601 468 1660 vino
505 1604 843 1673 detulerant,
874 1620 998 1662 cum
1026 1603 1261 1661 diluculo
1277 1605 1345 1660 ad
1371 1605 1758 1661 monasterium

154 1692 365 1757 reverti
394 1700 589 1757 vellent
611 1714 709 1755 sua
728 1697 941 1755 vascula
968 1704 1275 1768 repetentes
1295 1697 1450 1768 quasi
1480 1696 1611 1752 nihil
1633 1697 1759 1753 inde

154 1792 437 1849 hauserint
457 1792 617 1863 plena
629 1798 964 1863 repererunt.
989 1787 1130 1846 Vere
1155 1797 1283 1845 tunc
1308 1788 1481 1845 isdem
1501 1797 1757 1860 operatus

1856 597 2105 655 homines
2133 592 2272 670 pleni
2312 597 2418 655 ﬁde
2457 596 2769 656 detulerunt
2796 597 2871 655 ibi
2898 596 3131 657 debilem
3179 592 3443 669 membris

1855 698 2233 757 contractum,
2281 690 2356 747 ita
2400 697 2461 746 ut
2493 689 2713 747 natibus
2741 689 2913 763 ipsius
2957 689 3159 763 plantat
3205 690 3442 756 inhaeres

1857 787 2001 835 rent.
2032 778 2221 835 Adfuit
2251 779 2427 836 sancti
2456 780 2560 836 viri
2582 779 2839 837 meritum
2869 798 2884 835 :
2917 795 3087 837 sanus
3107 781 3255 837 enim
3299 781 3446 854 pedi-

1857 870 1961 927 bus
2006 885 2037 925 a
2082 870 2334 943 sepulcro
2361 880 2553 928 sancto
2584 870 2765 927 rediit.
2792 869 2948 940 Quod
2991 886 3062 929 ne
3087 870 3250 927 alicui
3292 885 3444 928 com-

1857 962 2166 1020 mentitium
2204 970 2261 1018 et
2286 976 2395 1018 non
2421 978 2552 1020 vere
2574 971 2756 1020 actum
2782 961 3078 1030 videretur,
3107 961 3211 1033 ipsi
3248 962 3409 1019 ambo
3426 1002 3443 1029 ,

1858 1057 1975 1113 sive
2001 1057 2095 1128 qui
2138 1071 2316 1114 caicus
2350 1054 2560 1122 fuerat,
2593 1056 2709 1113 sive
2755 1055 2846 1127 qui
2891 1068 3140 1128 gressum
3190 1064 3444 1125 negatum

1857 1157 2173 1221 receperat,
2206 1148 2261 1205 in
2296 1148 2628 1204 monasterio
2651 1147 2756 1204 viri
2787 1148 2881 1205 Dei
2907 1162 3078 1220 usque
3101 1148 3170 1205 ad
3210 1158 3444 1205 mortem
3544 1212 3547 1215 _

1858 1240 2041 1298 devoti
2085 1239 2477 1313 perstiterunt,
2515 1248 2682 1309 atque
2714 1239 2838 1296 viva
2877 1238 3235 1312 vocedivina
3281 1238 3337 1295 in
3383 1253 3447 1311 se

1859 1336 2004 1392 facta
2030 1332 2292 1391 miracula
2322 1332 2826 1405 promulgaverunt.

2457 1467 2592 1524 Cera
2642 1467 2844 1524 crescit.

1931 1604 2020 1660 M.
2047 1604 2129 1662 Ad
2158 1605 2410 1661 tenebras
2436 1603 2612 1660 noctis
2639 1602 2904 1675 fugandas
2925 1619 3053 1661 cera
3082 1603 3320 1661 defuisse
3347 1619 3443 1677 pu-
3560 1610 3567 1613 ’

1860 1698 2100 1753 tabatnr.
2132 1697 2355 1754 Tristati
2379 1697 2576 1753 fratres
2610 1712 2720 1768 quo
2744 1712 2805 1752 se
2836 1706 3112 1754 verterent
3140 1713 3247 1754 non
3278 1698 3447 1754 hahe-

1859 1789 2024 1857 bant;
2054 1791 2150 1848 sed
2178 1792 2430 1848 timorem
2472 1791 2688 1847 illorum
2713 1790 2923 1862 depulit
2945 1792 3036 1847 ille
3065 1808 3157 1864 qut
3192 1792 3246 1847 in
3272 1791 3445 1848 denti—
3506 1796 3511 1799 “

155 1898 273 1951 est,
304 1895 362 1942 ut
386 1899 601 1943 servum
626 1899 783 1941 suum
821 1882 1194 1952 magnificaret
1226 1881 1281 1937 in
1309 1880 1545 1937 vasculis
1590 1880 1682 1951 qui
1707 1880 1760 1935 in
1790 1889 1839 1950 Β
1864 1884 1968 1940 bus
1993 1885 2435 1941 manducantium
2464 1884 2705 1957 quinque
2740 1900 2910 1955 panes
2938 1885 2992 1941 in
3022 1884 3314 1942 solitudine
3351 1900 3446 1942 ac-

154 1977 307 2035 Cana
335 1976 558 2034 Galileae
583 1991 831 2049 saporem
861 1990 1019 2047 aqua:
1035 1973 1303 2031 convertit
1323 1973 1377 2029 in
1399 1974 1604 2028 vinum.
1630 1971 1758 2028 Suf-

156 2067 287 2125 fecit
309 2068 622 2125 bibentibus
646 2068 823 2139 liquor
845 2067 1040 2124 divinae
1075 2066 1294 2123 virtutis
1318 2106 1334 2131 ,
1378 2077 1439 2120 ut
1485 2066 1652 2120 etiam
1691 2062 1759 2120 ad

155 2159 487 2215 monasteria
518 2157 669 2215 urbis
696 2158 830 2214 satis
854 2157 978 2214 inde
1005 2156 1301 2214 referretur
1322 2197 1337 2223 ,
1364 2163 1419 2210 et
1452 2155 1521 2210 ad
1542 2154 1755 2209 laudem

164 2247 371 2309 Domini
383 2252 557 2310 nostri
570 2248 702 2309 Iesu
716 2250 916 2308 Christi
934 2250 1209 2322 publicum
1233 2249 1552 2305 miraculum
1574 2247 1751 2304 fleret.

360 2367 546 2425 Circus
567 2367 927 2424 illuminatur.
953 2363 1266 2421 Contractus
1302 2364 1544 2434 erigitur.

174 2476 177 2477 ⁷
236 2479 324 2535 15.
344 2478 643 2537 Ferebatur
662 2488 844 2535 autem
868 2493 1066 2550 corpus
1086 2484 1338 2533 sanctum
1363 2473 1605 2532 humeris
1625 2489 1752 2545 pro-

170 2586 379 2640 corum,
393 2572 487 2645 qui
503 2572 738 2629 vicissim
760 2571 865 2628 sibi
881 2571 1153 2628 desiderio
1170 2569 1260 2642 pio
1282 2569 1663 2625 succedebant.
1684 2568 1752 2622 Et

164 2678 288 2719 cum
315 2673 461 2721 esset
485 2665 672 2722 coelum
702 2650 965 2721 nubilum.
1001 2673 1055 2719 et
1078 2678 1174 2719 aer
1212 2663 1410 2727 sudus,
1454 2674 1750 2731 omnesque

160 2753 417 2810 timerent
456 2763 830 2826 tempestatem
861 2755 1217 2811 adventuram
1258 2767 1381 2809 esse
1401 2793 1417 2818 ,
1450 2751 1632 2808 subito
1663 2766 1749 2806 se-

158 2845 365 2903 renitas
383 2846 448 2901 B.
479 2846 580 2903 viri
605 2847 816 2903 meritis
853 2846 1065 2902 reddita
1094 2854 1201 2902 est.
1227 2842 1475 2901 Delatum
1503 2850 1589 2898 est
1615 2856 1744 2898 san-

156 2946 301 2994 ctum
332 2955 534 3012 corpus
574 2940 627 2997 in
673 2941 850 2997 locum
894 2938 1285 2996 Duodecimum
1334 2943 1743 3006 nuncupatum,

156 3028 247 3084 ubi
278 3028 386 3085 tale
428 3030 750 3087 miraculum
794 3029 975 3087 divina
1019 3029 1193 3084 virtus
1236 3026 1510 3100 praestitit.
1555 3023 1746 3082 Caecus

154 3121 379 3191 quidam
410 3121 487 3178 ita
529 3132 692 3179 natus
715 3139 813 3194 per
856 3121 1090 3179 triduum
1139 3127 1360 3176 sanctas
1402 3119 1588 3175 turbas
1620 3132 1744 3174 cum

158 3213 347 3272 funere
371 3215 435 3271 Β.
474 3216 581 3273 viri
620 3227 881 3273 venturas
921 3215 1198 3272 sustinuit.
1234 3212 1307 3271 Ut
1354 3212 1531 3285 potuit
1564 3210 1743 3282 tetigit

155 3308 405 3366 velamen
439 3307 627 3366 feretri
645 3349 663 3377 ,
691 3317 748 3365 et
773 3309 1029 3366 continuo
1057 3307 1125 3362 ab
1152 3305 1323 3363 oculis
1364 3302 1482 3373 ejus
1519 3302 1741 3373 sanguis

154 3400 443 3474 proﬂuxit,
473 3418 539 3461 ac
579 3403 766 3461 statim
795 3404 1140 3475 inexpertum
1174 3400 1360 3457 lumen
1398 3397 1626 3470 recepit.
1670 3393 1743 3451 Ut

1863 1987 2111 2031 crescere
2160 1975 2327 2031 dedit.
2376 1972 2511 2029 Nam
2558 1989 2684 2030 cera
2729 1974 2873 2029 inter
2914 1990 3106 2031 manus
3149 1990 3336 2031 eorum
3370 1975 3446 2031 ita

1859 2075 2140 2133 creverat,
2173 2075 2234 2121 ut
2261 2066 2328 2122 de
2352 2082 2520 2137 parva
2550 2067 2854 2138 quantitate
2881 2067 3113 2139 plurima
3158 2066 3448 2124 luminaria

1859 2160 2220 2218 accreverint.
2252 2159 2514 2215 Curatum
2557 2168 2642 2216 est
2686 2175 2817 2232 ergo
2845 2170 3094 2217 sanctum
3138 2176 3338 2233 corpus
3365 2160 3447 2216 di-

1857 2267 1961 2324 gna
1986 2251 2340 2307 veneratione
2368 2261 2424 2308 et
2451 2253 2507 2306 in
2536 2249 2812 2322 sepultura
2846 2267 3010 2323 quam
3037 2253 3166 2308 olim
3198 2252 3300 2308 sibi
3332 2250 3447 2323 ipse

1854 2345 2180 2416 praeviderat
2224 2345 2607 2402 venerabiliter
2640 2345 2909 2412 celatum,
2938 2346 3029 2402 ubi
3076 2361 3135 2402 se
3169 2362 3291 2401 cum
3333 2346 3446 2402 Deo

1854 2438 2042 2495 vivere
2087 2440 2298 2495 crebris
2344 2438 2622 2494 miraculis
2665 2438 2735 2493 ad
2787 2438 3001 2494 laudem
3053 2438 3265 2494 Domini
3317 2437 3445 2494 Jesu

1854 2532 2058 2589 Christi
2084 2530 2417 2588 manifestat.
2451 2530 2625 2599 Quem
2654 2530 2701 2586 si
2739 2540 3032 2602 patronum
3063 2531 3203 2602 apud
3232 2530 3443 2602 ipsum,

1854 2624 1950 2680 lilii
1984 2633 2041 2680 et
2083 2622 2284 2679 fratres
2327 2623 2468 2689 mei,
2493 2623 2697 2679 habere
2739 2622 3096 2689 desideratis,
3130 2621 3298 2677 vitam
3329 2622 3446 2692 ejus

1852 2720 2058 2776 imitari
2127 2718 2342 2791 plenam
2389 2732 2576 2774 amore
2621 2718 3012 2788 concupiscite.
3086 2717 3446 2773 Desiderabat

1851 2811 2000 2871 enim
2019 2813 2110 2869 hic
2133 2822 2356 2870 sanctus
2380 2811 2464 2866 vir
2484 2810 2637 2866 lucra
2656 2823 2878 2880 semper
2903 2808 3120 2865 Domini
3150 2809 3271 2875 sui,
3301 2808 3446 2865 etde

1850 2914 2032 2962 vestra
2056 2919 2257 2961 corona
2277 2912 2335 2960 et
2360 2905 2477 2975 ipse
2499 2903 2553 2960 in
2578 2891 2797 2958 Christo
2822 2891 3102 2972 gratulari.
3157 2898 3442 2970 Nunquam

1851 3012 1883 3051 a
1917 2995 2074 3052 vobis
2104 2994 2308 3058 aberit,
2359 2993 2406 3049 si
2455 3008 2551 3048 vos
2590 2992 2659 3047 de
2686 2991 3106 3047 conversatione
3152 2989 3272 3061 ejus
3316 2989 3441 3045 vitae

1850 3089 2088 3145 animam
2118 3096 2174 3144 et
2195 3087 2363 3142 vitam
2390 3101 2497 3142 non
2528 3083 2932 3156 elongaveritis.
2974 3081 3238 3139 Dominus
3262 3089 3444 3135 autem

1849 3180 1944 3253 qui
1969 3179 2049 3237 illi
2076 3179 2333 3236 meritum
2364 3178 2534 3251 gratis
2556 3184 2614 3232 et
2634 3174 2921 3247 praemium
2946 3183 3208 3229 aeternum
3255 3178 3446 3229 contn-

1768 3257 1815 3321 (ἶ
1847 3271 1930 3339 lit,
1945 3271 2101 3329 vobis
2112 3278 2169 3327 et
2179 3269 2506 3326 desiderium
2531 3266 2709 3323 omnis
2720 3265 2848 3321 boni
2873 3275 3089 3337 augeat,
3113 3271 3168 3320 et
3185 3263 3443 3320 obedien—

1849 3362 1981 3419 tiam
2000 3362 2103 3420 sibi
2119 3369 2330 3435 gratam
2350 3358 2741 3433 perfectionem
2763 3357 2979 3429 plenam
3005 3354 3233 3426 iustitia
3257 3354 3443 3411 donet.

172 3620 3437 3668 MM

249 3802 1231 3931 APPENDIZ
1306 3802 1565 3916 an
1640 3795 1783 3910 s.
1863 3781 2561 3951 anoms
2637 3774 3279 3898 omne

1570 4010 2024 4030 ﬂ

372 4160 1194 4279 TBANSLATIO
1275 4159 1520 4268 SEU
1593 4149 2249 4263 ELEVATIO
2332 4146 2441 4251 s.
2525 4132 3190 4247 BARNARDI
3228 4203 3263 4264 ,

1433 4390 1739 4453 EPlSCOPl
1777 4372 2217 4451 VIENNENSIS,

367 4585 559 4650 Facta
589 4599 763 4649 anno
793 4594 1143 4653 nccecnv,
1177 4592 1252 4639 rx
1283 4572 1429 4657 Kal.
1461 4569 1650 4647 Maii;
1684 4567 1921 4649 scripta
1954 4563 2034 4628 ab
2068 4565 2332 4625 auctore
2365 4568 2689 4637 anonymo
2727 4550 2865 4633 ejus
2906 4545 3237 4626 temporis.

1239 4738 1406 4806 (Apud
1430 4733 1636 4798 nam"
1658 4732 1783 4788 Acts
1807 4731 1898 4784 ss.
1916 4727 2028 4783 0rd.
2051 4726 2105 4780 s.
2125 4722 2344 4786 Bened.)

1606 4885 2009 4908 ﬂ

225 5014 283 5069 l.
298 5012 485 5085 Regni
527 5012 811 5085 calorum
835 5009 1299 5085 civibns_tantam
1322 5019 1383 5085 Ag

148 5060 1743 5152 διιὲὗίὶἶῗίὶῖυὲιιῖᾜῖηἷιίρῖίὲἦῖρῐὰξζ⁷ἱιιῖρωερλιηεε
1770 5060 1812 5065 ⁷
1851 5066 1982 5152 tatis
2002 5106 2021 5152 ,ί
2049 5060 2332 5152 βξξξςςςιοῑξι

148 5154 439 5237 miraculis
482 5163 741 5278 spargant
784 5142 885 5224 per
929 5148 1158 5235 populos
1189 5142 1389 5203 famam
1434 5142 1611 5201 laudis
1643 5160 1657 5198 :
1689 5153 1745 5198 et

149 5235 361 5278 nosll'ls
387 5234 615 5278 temnon
656 5239 720 5278 us
756 5225 826 5278 de
867 5220 1154 5278 magniﬁco
1176 5217 1341 5273 Patre
1367 5225 1558 5272 nostro
1583 5214 1745 5270 beato

148 5225 361 5295 nostris
387 5214 720 5295 temporibus
756 5214 844 5295 die
867 5214 1154 5295 magnifico
1176 5217 1341 5273 Patre
1365 5225 1558 5295 _nostro
1583 5214 1745 5295 beato

145 5294 439 5352 Barnardo
462 5291 723 5366 pontiﬁce
749 5291 984 5349 visiones
1003 5291 1149 5366 clara
1171 5292 1485 5366 ostensione
1507 5292 1743 5366 suntth

148 5367 348 5423 velatae
385 5354 738 5441 hominibus,
784 5371 950 5420 aetate
991 5362 1294 5441 meritoque
1328 5357 1579 5441 diversis.
1621 5354 1740 5438 -Sed

144 5454 279 5503 cum
310 5435 488 5493 nullus
516 5430 936 5506 acquieSceret,_
960 5431 1199 5489 ostendit
1232 5444 1292 5486 se
1320 5430 1533 5506 cuidam
1562 5430 1702 5506 “viro
1723 5466 1740 5491 ,

150 5507 377 5565 nomine
408 5497 1162 5576 Rainaldo,_tetate'longa:va
1193 5497 1600 5576 et_sac_er_d_otali
1628 5512 1747 5570 gra-

150 5578 232 5637 tia
264 5577 559 5635 sublimato
593 5598 606 5631 :
641 5569 794 5644 cujus
825 5569 1089 5630 relatione
1124 5571 1302 5644 omnis
1349 5569 1610 5644 dubietas
1633 5569 1747 5644 me-

144 5650 269 5717 _rito
316 5648 629 5721 pelleretur,
679 5638 808 5718 quia
851 5654 971 5721 erat
1010 5645 1096 5700 vir
1122 5642 1351 5721 nobilis,
1379 5650 1436 5697 et
1477 5638 1746 5721 castitatis

151 5711 387 5777 munere
415 5711 643 5790 insignis
667 5711 905 5790 ;'et,_ut
928 5716 1044 5789 ipse
1084 5711 1306 5790 retulit,
1331 5713 1406 5767 ita
1444 5711 1548 5790 sibi
1566 5724 1745 5790 _appa-

152 5791 291 5849 ruit.
317 5790 452 5847 Dum
485 5781 875 5862 quiescentia
900 5781 1072 5845 sfrato
1098 5801 1197 5843 suo
1227 5784 1328 5842 sub
1349 5781 1625 5839 profundo
1648 5781 1746 5836 uo-

1525 6042 1555 6050 μ

1383 5002 1576 5059 loriam
1605 5014 1739 5058 con-
1768 5002 1824 5065 Ι)
1850 4995 1957 5053 clis
1982 4990 2237 5056 silentio,
2262 4981 2515 5111 apparuit
2535 4981 2585 5066 ei
2612 4978 2829 5050 quidam
2858 4975 2942 5029 vir
2965 4985 3176 5044 magnae
3200 4964 3440 5052 auctori-

1386 5080 1743 5111 mmammn
1851 5066 1982 5111 ιεδιίς
2003 5106 2017 5111 ,
2049 5060 2332 5111 sacerdota
2359 5056 2373 5111 i
2401 5055 2537 5111 stola
2571 5053 2825 5111 indutus,
2851 5047 3033 5103 ferens
3060 5040 3434 5111 archiepisco-

2359 5056 2373 5112 i
2401 5055 2537 5111 stola
2571 5040 2825 5114 indutus,
2851 5047 3033 5121 ferens
3060 5040 3434 5121 archiepisco-

1848 5107 1982 5210 {Et}?
1999 5107 2831 5210 mutatiemicem-ig,
2880 5107 3436 5210 dicensznzni‘lalinnalde;

1999 5180 2415 5273 i'é'vbla'éci‘ré,
2435 5180 2772 5273 conditorem
2806 5188 2975 5270 hujus
3009 5180 3437 5273 (ιιὶἣεξιξὲὲι

2387 5246 2788 5348 Ῠςξιῖξίῖίιίᾷξιίιίδ
2816 5246 3436 5348 ρτέιιοίἓξξιξ-Ξιὲηξςῗῖξζ

1849 5320 2010 5423 ξίιοῖ
2019 5320 2259 5423 ἷῆἇῖεἶιῖ
2267 5320 2619 5423 concluditur
2663 5320 2931 5423 iuves-eno
2939 5320 3441 5423 aqua-ru

1852 5399 2257 5477 Sﬁiéln'éaﬁem
2296 5410 2553 5468 revelatio
2600 5405 2785 5477 multis
2822 5410 3127 5477 apparere,
3157 5399 3214 5477 et
3239 5399 3439 5477 minaci

1853 5464 2448 5548 $362’idé'lﬁ'éi'néiué’.
2477 5489 2537 5534 ttt
2557 5476 2790 5548 celerius
2814 5464 2964 5548 liétfet
2981 5510 2995 5532 ,
3037 5464 3362 5548 praecipere;
3380 5464 3443 5548 et

1854 5529 2448 5619 “illi;
2476 5545 2818 5619 sermonibus
2833 5581 2849 5609 ,
2894 5529 3072 5595 locum
3121 5529 3440 5595 asserebat,

1856 5616 2033 5704 quem
2044 5628 2371 5704 fundaverat
2386 5616 2847 5704 ,ndesolatu‘ruml.‘
2859 5697 2882 5704 _
2911 5678 2979 5704 Μ

1927 5668 2703 5772 ξῖ”ιέἷὲίι“ιέ“ιέ”ιέιῖᾶῘῑὲτῖἷίιῖέὲέ
2720 5668 3445 5772 assesasses:

1857 5741 2535 5829 .ioﬁééf'kit'le'adé'g'uiiij
2558 5741 2702 5816 anno
2720 5753 3016 5813 Dominicis
3046 5741 3442 5805 lucarnatiouis

1878 5976 1925 6034 ξς
