3936 6348
547 283 650 346 859

1441 287 1812 350 USUARDUS
1847 291 2223 348 MONACHUS
2275 286 2929 349 SANGERMANENSIS.

3713 295 3806 352 860

548 402 741 482 iunge
772 407 1024 544 lateque
1055 411 1419 468 sanctorum
1443 404 1647 474 acies,
1678 411 1816 479 tuo,
1847 407 2019 484 quod
2052 405 2209 469 mihi
2256 406 2536 484 benigne
2565 407 2824 476 annuis,
2875 405 3228 486 patrocinio
3280 405 3602 483 gavisura,
3654 423 3811 484 quos

552 498 785 544 nempe
815 482 884 544 in
945 498 1042 544 ioc
1077 487 1380 544 Actorum
1411 490 1781 544 nostrorum
1829 485 2026 544 veluti
2063 485 2469 544 compendio.
2506 485 2628 544 sub
2660 491 2765 544 tua
2814 484 3009 544 hodie
3054 487 3071 544 ί
3097 483 3148 544 si
3192 485 3273 544 ita
3311 483 3466 544 mihi
3503 483 3691 544 louui
3723 485 3806 544 fas

552 498 785 562 nempe
815 482 884 544 in

945 487 1380 574 toeot'tc‘to‘rum
1411 490 1781 574 nostrorum
1829 483 2026 546 veluti
2063 483 2482 574 compendio,
2506 485 2628 574 sub
2660 491 2765 548 tua
2809 483 3009 574 bodic
3033 487 3071 574 _(
3097 483 3162 574 si.
3192 485 3273 545 ita
3311 483 3466 574 mihi
3503 483 3696 574 loqui
3723 485 3806 548 ευ

550 559 658 642 sit)
689 559 813 642 sub
846 568 955 642 tua
980 561 1287 642 Aelientela
1314 562 1661 642 constituo.
1700 561 1846 642 Hoc,
1878 579 1997 640 ego
2043 559 2406 642 delubrum,
2440 563 2741 641 Princeps
2772 559 3298 642 clementissime,
3341 564 3404 624 iu
3451 559 3634 642 area—7
3657 562 3810 625 Bea-

551 639 853 720 sbergica,
877 639 995 703 tibi
1023 640 1197 717 ,dico,
1227 641 1706 720 tibirconsecro,
1739 641 1855 703 tibi
1887 639 2029 704 eSse
2056 641 2204 704 volo
2239 648 2548 704 aeternum
2585 639 2743 720 mea)
2773 641 3231 720 sociorumque
3271 658 3564 720 meorum
3619 641 3692 701 in
3735 653 3807 713 te,

545 718 1164 800 serenissimamque
1193 718 1498 800 tamiliam
1529 724 1730 800 tuam,
1767 721 2305 800 constantissime
2332 719 2765 800 observantiae
2781 718 3300 800 monumentum,
3333 719 3447 800 cui
3480 735 3617 780 non
3668 721 3807 798 qui-

550 794 698 880 dem
732 797 963 880 _in_e_pte
1013 794 1401 880 inscribatur
1433 807 1542 860 tua
1577 794 1728 860 olim
1768 799 2233 877 peregrinantis
2269 805 2536 880 tessera,
2582 798 2886 880 Dominus
2936 798 3248 880 virtutum
3299 794 3808 880 nobiseumme

550 872 686 937 haec
713 872 1002 940 dedicato
1031 876 1146 940 tibi
1177 876 1355 956 operi
1387 883 1741 956 erectosque
1768 872 2000 939 statuae
2029 877 2564 940 accommodatior
2592 876 2938 957 epigrapbe
2966 897 2981 936 :
3015 877 3186 938 Laus
3218 892 3364 940 tuus
3404 895 3471 937 ιη
3503 872 3807 938 Ecdusu

552 971 955 1016 ωπτοιιυκ.

1182 1059 1578 1122 Serenissimc
1611 1064 1672 1120 et
1699 1058 2160 1119 clementissime
2181 1055 2506 1137 Princeps,

1864 1179 2235 1242 Sercm'tatt's
2265 1181 2318 1240 Τ
2322 1199 2415 1240 me
2448 1179 2814 1253 electoralt's,

542 1671 2048 1699 W

2799 1299 3243 1360 Devottssimus
3272 1300 3492 1364 cliens.

2569 1421 2856 1483 Joannes
2898 1425 3205 1484 BAPTISTA
3249 1421 3717 1496 SOLLERIUS.

2918 1520 3206 1579 Societatis
3225 1521 3376 1578 Iesu.

2139 1677 3797 1703 w

1480 1791 2121 1875 PROTESTATIO
2163 1807 2240 1868 tt.
2291 1806 2362 1867 P.
2407 1804 2862 1868 SOLLERII.

2041 1989 2248 2013 κ

611 2096 760 2170 Quod
810 2105 937 2152 ante
982 2107 1158 2170 tomos
1198 2094 1450 2170 singulos
1483 2095 1554 2170 de
1591 2096 1765 2170 Actis
1789 2095 2114 2170 Sanctorum
2145 2103 2190 2160 Α
2220 2113 2285 2170 eo
2316 2094 2614 2152 referendis
2640 2095 3056 2170 Commentariis
3089 2095 3236 2170 aliud
3262 2095 3499 2170 pondus,
3530 2111 3687 2166 quam
3713 2109 3794 2152 est

535 2167 830 2238 iuentidctn
855 2169 1138 2236 protestati
1161 2167 1558 2236 sunt'magistri
1585 2177 1640 2221 et
1668 2167 1885 2238 collega:
1909 2168 2120 2238 mense
2219 2167 2494 2231 Historiae,
2545 2171 2612 2220 alt
2668 2168 2972 2238 hominibus
3021 2167 3194 2238 errori
3237 2167 3494 2238 obnoxiis
3550 2171 3785 2236 scripta;

540 2240 598 2295 iu
627 2237 739 2293 toto
767 2237 834 2292 de
856 2237 1005 2292 Artis
1033 2247 1344 2293 sanctorum
1388 2253 1551 2306 opere
1588 2236 1830 2292 servatas
1855 2237 1989 2308 velle
2015 2236 2122 2292 Ur-
2217 2240 2360 2294 idem
2402 2253 2505 2308 ego
2537 2248 2663 2295 ante
2693 2241 2794 2292 line
2819 2236 3045 2292 Usuardi
3071 2237 3518 2308 Martyrologium
3543 2253 3574 2291 a
3601 2255 3692 2292 me
3714 2254 3786 2292 re.

538 2309 666 2364 bani
698 2321 848 2380 papa!
872 2309 979 2376 νη]
1006 2308 1454 2372 Constitutiones,
1481 2323 1653 2378 neque
1670 2309 1806 2372 suis,
1823 2307 2122 2364 aliorumve
2215 2307 2483 2364 consitum
2505 2309 2906 2364 ctillustratum
2935 2309 3099 2363 etiam
3128 2307 3420 2378 pretestor.

1797 2625 2681 2812 PRIEFATIO,
2795 2674 2801 2681 -

1347 2864 1651 2925 BREVIS
1705 2863 2014 2923 TOTIUS
2065 2865 2377 2924 OPERIS
2425 2864 2999 2926 CONSPECTUS;

595 3121 649 3178 1.
667 3118 811 3176 Inter
827 3118 1212 3192 Martyrologos
1241 3120 1490 3190 antiquos
1514 3117 1690 3174 nullus
1733 3116 1980 3173 Usuardo
2008 3131 2100 3172 ce-
2127 3123 2174 3183 B
2203 3116 2313 3182 isti,
2369 3133 2465 3173 seu
2489 3134 2630 3178 vere.
2664 3136 2760 3176 seu
2816 3132 3083 3192 praztense
3131 3127 3489 3198 autographa,
3516 3128 3786 3185 hactenus

521 3212 945 3279 lebrior,nullus
977 3213 1030 3266 iu
1054 3211 1296 3267 Ecclesia
1321 3211 1593 3274 usitatior,
1614 3209 1792 3265 nullus
1820 3210 1978 3264 toties
2004 3208 2098 3263 de-

528 3307 784 3377 scriptus,
837 3305 1016 3367 nullus
1058 3304 1303 3376 pluribus
1341 3303 1689 3367 editionibus,
1737 3300 2096 3365 Germanicis,

525 3398 766 3460 Gallicis,
825 3397 1044 3462 Italicis.
1080 3397 1311 3469 Belgicis
1366 3412 1464 3467 per
1509 3404 1673 3452 totam
1705 3395 1974 3464 Europam
2002 3409 2100 3449 ca-

520 3493 780 3549 tholicam
795 3493 1090 3562 dispersus,
1114 3499 1298 3560 utpote
1319 3492 1409 3560 qui
1433 3498 1648 3545 centum
1683 3488 1904 3543 circiter
1922 3502 2098 3542 anno-

523 3600 645 3639 rum
673 3583 926 3647 decursu,
956 3580 1128 3638 ferme
1154 3581 1382 3652 vigesies
1419 3594 1653 3635 excusas
1684 3579 1866 3642 fuerit,
1903 3587 1960 3632 ut
1989 3585 2098 3631 ter-

516 3676 594 3730 tio
619 3675 780 3746 ltujus
808 3673 1144 3744 prmfatiouis
1183 3673 1359 3742 capite
1401 3672 1571 3725 lusius
1611 3670 1956 3724 deducemus.
1991 3669 2093 3722 De-

513 3767 608 3823 siit
661 3766 891 3822 subinde
921 3763 1290 3836 Martyrologii
1352 3763 1509 3818 istius
1555 3762 1852 3818 excutiendi
1907 3762 2088 3824 ardor,

512 3865 802 3928 postquam
868 3854 1110 3911 Ecclesia
1168 3853 1703 3910 Romano-catholica
1769 3852 2068 3908 Usuardnm

513 3963 623 4004 non
645 3947 1095 4017 qualemcunque,
1119 3945 1213 4000 sed
1228 3945 1415 4000 usibus
1429 3945 1541 3998 suis
1565 3951 1828 4013 aptatum,
1848 3949 2091 4006 auctum,

513 4035 893 4102 reformatum,
925 4035 981 4090 in
1027 4032 1206 4089 olllcio
1239 4034 1504 4089 canonico
1549 4033 1915 4102 usurpandum
1951 4047 2092 4100 prae-

513 4127 758 4198 scripsit,
785 4127 1036 4198 quodque
1061 4125 1312 4196 proinde,
1346 4133 1552 4180 mutato
1576 4123 1806 4179 Usuardi
1848 4124 2087 4189 nomine,

511 4233 641 4276 vere
671 4218 977 4274 Romanum
1006 4215 1442 4287 Martyrologium
1470 4215 1638 4286 erepit
1685 4213 1964 4285 appellari.
1998 4213 2090 4269 Sic

509 4306 731 4378 quidem
780 4306 834 4360 in
884 4305 1088 4369 choris,
1120 4305 1389 4375 capitulis,
1421 4304 1648 4373 aliisque
1703 4303 1970 4374 religiosis
1999 4319 2089 4359 so-

508 4399 797 4466 cietatibus
820 4397 1110 4454 Usuardiui
1151 4395 1518 4468 Martyrologii
1549 4394 1870 4466 pratlegendi
1898 4411 2085 4450 cessa-

2203 3225 2496 3266 concessus
2521 3216 2628 3266 non
2654 3223 2756 3267 est.

2273 3301 2326 3355 2.
2361 3301 2515 3370 Quod
2559 3302 2648 3358 hic
2694 3312 3010 3374 occupatam
3057 3319 3088 3358 a
3144 3304 3302 3360 nobis
3353 3305 3628 3376 evulgandt
3676 3307 3778 3362 alia

2201 3395 2418 3462 quando
2448 3393 2735 3449 Usuardiui
2760 3394 3121 3466 Martyrologii
3141 3397 3468 3465 provinciam
3486 3397 3774 3460 insinuent.

2201 3481 2254 3535 id
2297 3482 2456 3537 velim
2504 3483 2727 3555 intelligi
2771 3486 2836 3540 de
2869 3487 3102 3556 pollicita
3152 3488 3280 3543 olim
3310 3504 3340 3541 a
3368 3485 3633 3545 Bollando
3675 3491 3778 3546 edi-

2200 3573 2365 3636 tione,
2394 3583 2451 3627 ut
2491 3589 2612 3629 mox
2641 3591 2708 3630 ex
2736 3575 3057 3632 Pt'azfatione
3100 3578 3217 3648 ejus
3258 3580 3512 3648 generali,
3549 3596 3686 3651 cap.
3727 3581 3772 3640 4,

2199 3662 2226 3735 §
2261 3665 2314 3728 7,
2346 3666 2629 3720 manifeste
2652 3671 2953 3722 ostendam.
2987 3669 3095 3724 Nec
3136 3672 3184 3725 id
3216 3671 3386 3725 solum
3415 3673 3776 3727 meditabatur

2196 3756 2486 3810 vastissimi
2511 3759 2678 3811 nostri
2703 3759 2766 3813 de
2780 3761 2930 3815 Actis
2958 3761 3277 3817 Sanctorum
3301 3766 3482 3834 operis
3502 3769 3774 3828 conditor.

2195 3865 2381 3905 verum
2419 3862 2474 3905 ct
2496 3852 2598 3907 alia
2626 3851 2862 3931 cujusvis
2905 3858 3122 3927 generis
3146 3857 3522 3930 Martyrologia
3584 3863 3775 3930 publici

2188 3941 2328 4014 juris
2355 3943 2556 4009 facere,
2595 3961 2662 4000 ne
2693 3947 2822 4015 quid
2854 3946 2908 4002 in
2945 3948 3096 4004 Actis
3135 3960 3447 4005 occurreret
3481 3954 3638 4020 quod
3667 3971 3779 4006 «sm-

2193 4033 2334 4086 ditos
2381 4032 2607 4091 lectores
2650 4038 2912 4092 remorari
2953 4046 3156 4107 posset.
3201 4023 3412 4094 Juverit
3457 4040 3776 4096 Bollandum

2193 4123 2367 4194 ipsum
2397 4125 2704 4195 loquentem
2730 4129 2918 4185 audire
2945 4131 3107 4186 citati
3126 4131 3317 4201 capitis
3353 4131 3381 4203 §
3411 4132 3466 4195 5,
3500 4135 3627 4197 ubi,
3657 4151 3778 4188 etin-

2193 4215 2416 4269 meratis
2440 4217 2719 4286 suppetiis,
2748 4218 3098 4282 l'ulcimentis.
3129 4221 3476 4275 adminiculis
3497 4226 3776 4278 undecun-

2190 4319 2294 4374 que
2318 4306 2558 4362 collectis
2573 4317 2627 4362 et
2647 4311 2904 4380 acceptis,
2931 4309 2996 4362 ad
3022 4311 3127 4363 alia
3153 4322 3501 4366 monumenta
3528 4329 3777 4384 progreso

2191 4413 2303 4463 sus,
2337 4408 2582 4453 recenset
2611 4400 2926 4456 Calendaria
2965 4411 3019 4455 et
3045 4400 3235 4456 Fastos
3264 4403 3551 4457 variarum
3600 4407 3775 4460 eet-Je-

505 4489 587 4544 vit
614 4504 768 4554 usus,
799 4498 856 4544 at
880 4487 1248 4558 perseveravit
1292 4488 1530 4550 interim,
1568 4494 1624 4540 et
1646 4495 1960 4556 perseverat
1989 4487 2087 4540 lta—
2113 4480 2158 4544 C
2193 4489 2419 4552 Siut'llttt,
2447 4491 2716 4545 Breviaria
2742 4501 2795 4547 et
2821 4492 2873 4546 id
2901 4508 3069 4562 genus
3095 4493 3456 4546 instrumenta
3477 4509 3552 4548 ex
3587 4497 3776 4564 quibus

507 4591 700 4639 etenus
729 4581 874 4637 inter
897 4578 1246 4652 Hagiophilos
1285 4587 1340 4636 et
1371 4577 1859 4634 ecclesiasticarum
1888 4593 2083 4632 monu-

507 4684 813 4730 mentorum
879 4683 1123 4729 veterum
1175 4672 1446 4728 studiosos
1512 4671 1700 4742 ingens
1753 4670 2078 4725 desiderium

504 4768 725 4824 videndi
775 4767 1060 4837 aliquando
1108 4765 1285 4836 ipsum
1325 4763 1452 4818 illud
1495 4760 1930 4832 Martyrologium
1985 4775 2082 4814 na-

505 4857 630 4912 tivae
659 4871 770 4911 suze
790 4854 1146 4927 simplicitati,
1174 4862 1296 4924 post
1320 4861 1399 4907 tot
1437 4851 1572 4906 alias
1594 4850 1822 4906 necdum
1848 4848 2080 4904 defaeca-

503 4957 590 5004 tas
627 4948 894 5004 editiones
917 4946 1246 5010 restitutum,
1288 4942 1645 5011 omnibusque
1679 4939 2080 4994 accessionibus

501 5042 663 5112 plane
697 5050 1062 5111 repurgatum.
1088 5036 1146 5094 1d
1176 5053 1210 5093 a
1257 5035 1374 5091 RR.
1403 5034 1507 5091 PP.
1529 5031 1892 5089 Benedictinis
1923 5030 2081 5085 Pari-

502 5133 796 5197 siensibus,
825 5131 918 5201 qui
945 5128 1185 5186 auctoris
1230 5127 1419 5199 ipsius,
1458 5135 1769 5199 syuuuystae
1792 5124 1922 5178 olim
1973 5123 2077 5188 sui,

502 5225 841 5293 autographa
883 5221 1202 5293 gloriantur,
1231 5220 1322 5276 diu
1359 5217 1714 5291 postulatum.
1757 5216 1846 5270 diu
1876 5214 2076 5269 frustra

501 5322 871 5383 exspectatum
910 5310 1015 5366 fuit
1046 5327 1061 5365 :
1093 5325 1162 5366 an
1207 5310 1352 5380 quod
1391 5309 1491 5379 ipsi
1542 5307 1878 5378 provinciam
1908 5304 2077 5370 illam,

502 5405 658 5474 quasi
682 5423 709 5457 ει
740 5404 896 5459 nobis
919 5402 1126 5475 pridem
1151 5408 1468 5470 occupatam
1497 5400 1639 5454 ultro
1668 5398 1952 5460 cesserint,
1978 5411 2078 5450 ex-

499 5493 769 5566 ploratum
801 5510 906 5550 non
945 5493 1118 5549 habeo
1147 5512 1162 5547 :
1190 5500 1362 5557 certe,
1406 5490 1548 5561 quod
1596 5490 1748 5546 orbis
1781 5488 2080 5544 litterarius

503 5599 644 5654 saepe
689 5583 872 5641 mirari
906 5584 1112 5652 debuit,
1157 5593 1237 5641 tot
1283 5585 1423 5640 inter
1451 5583 1694 5639 analecta
1744 5597 1775 5636 a
1815 5580 1947 5635 Viris
1975 5580 2079 5636 illis

501 5678 885 5738 eruditissimis
930 5679 984 5735 in
1029 5679 1301 5751 publicum
1358 5680 1589 5741 emissa,
1639 5682 1788 5733 locus
1832 5676 2080 5734 Usuardo

2193 4577 2463 4641 indicatur
2514 4581 2892 4650 pnebcturque
2951 4583 3170 4636 occasio
3199 4582 3254 4635 in
3304 4591 3625 4638 sanctorum
3650 4587 3776 4636 Acta

2192 4666 2518 4736 inquirendi.
2562 4668 2741 4739 Pergit
2782 4671 2976 4726 deinde
3025 4671 3078 4725 in
3116 4671 3259 4727 hunc
3306 4671 3530 4726 modum
3564 4690 3580 4727 :
3610 4691 3631 4724 ι
3675 4671 3778 4727 Sed

2191 4773 2302 4826 prae
2326 4760 2412 4814 liis
2441 4776 2656 4830 quoque
2695 4779 2890 4831 magno
2932 4765 3063 4818 milii
3103 4764 3350 4820 subsidio
3395 4764 3781 4838 Martyrologia

2189 4847 2361 4903 ﬁxere.
2393 4847 2601 4919 Cogito,
2661 4866 2781 4922 qua:
2829 4853 3001 4909 habeo
3050 4870 3157 4908 non
3188 4869 3381 4925 pauca,
3421 4856 3620 4912 saltem
3663 4871 3781 4926 qn:

2189 4939 2423 4994 maxime
2451 4941 2678 5010 probata
2708 4951 2887 5010 erunt,
2915 4943 3005 5000 illa
3041 4945 3169 5000 olim
3195 4946 3358 5002 edere
3403 4957 3668 5004 accurate
3701 4963 3786 5002 re-

2187 5032 2415 5097 censita,
2450 5033 2752 5105 collataque
2799 5052 2922 5092 cum
2968 5038 3035 5094 iis
3085 5055 3207 5109 quae
3243 5039 3453 5096 interea
3483 5051 3785 5112 suggerent

2187 5123 2370 5202 amici.
2411 5121 2546 5192 Quia
2579 5135 2758 5182 tamen
2787 5127 2876 5183 hic
2905 5129 3161 5185 nonnulla
3189 5131 3300 5185 cito
3326 5147 3448 5200 qua:
3472 5133 3661 5186 adhuc
3688 5149 3788 5202 pu-

2184 5215 2310 5271 blici
2339 5218 2481 5287 juris
2509 5234 2616 5273 non
2642 5229 2790 5285 sunt,
2829 5235 2898 5275 ne
2934 5221 3058 5290 quis
3085 5237 3206 5276 eam
3249 5224 3321 5278 ob
3362 5239 3587 5278 causam
3640 5222 3787 5279 forte

2188 5310 2422 5376 btesitet,
2445 5311 2672 5380 paucula
2716 5313 2806 5367 hic
2825 5313 2892 5367 de
2918 5313 2986 5368 iis
3013 5329 3044 5369 a
3073 5331 3159 5368 me
3204 5316 3555 5383 pertractari,
3585 5313 3788 5371 eruisti

2184 5413 2459 5474 oportere.
2514 5403 2639 5462 Haec
2693 5409 3079 5479 antesignanus
3110 5419 3316 5472 noster,
3374 5424 3482 5465 non
3538 5407 3788 5465 Usuardi

2185 5495 2506 5560 solum,'sed
2559 5505 2613 5552 et
2655 5497 2881 5555 aliorum
2931 5499 3436 5573 Martyrologiorum
3477 5501 3792 5556 editionem

2187 5586 2367 5642 animo
2420 5587 2730 5659 designans,
2789 5591 3088 5647 rectissime
3131 5602 3186 5648 et
3225 5592 3635 5663 sapientissime
3669 5595 3793 5662 ipso

2186 5679 2364 5747 magni
2394 5681 2574 5748 operis
2613 5683 2878 5753 principio
2907 5685 3139 5760 censuit,
3182 5694 3236 5740 et
3267 5696 3389 5738 ante
3423 5684 3630 5753 ipsum.
3678 5685 3797 5754 Ρῖίο
