3936 6348
109 362 218 418 nhil

1491 347 2016 415 PROLEGOMENAL

3276 317 3388 411 is!

112 489 247 532 tuus
293 447 592 530 delineator
642 488 704 528 ac
750 482 1220 533 monumentorum
1271 471 1552 536 collector,
1594 469 1702 525 ῐιο-
1731 475 1779 532 Α
1807 476 2076 523 sterorum
2109 454 2391 522 commodo
2430 463 2730 522 consulere.
2761 463 2870 519 Nec
2907 444 3306 534 Papebrochius
3327 455 3380 524 ei

113 569 379 638 sweydus
402 573 718 626 censuerat;
753 565 950 633 quippe
977 562 1070 631 qui
1097 570 1384 630 antequam
1409 575 1563 630 opus,
1588 553 1703 632 jam

115 665 311 711 mente
359 662 711 723 conceptum,
762 653 1166 720 aggrederetur,
1224 649 1373 720 prelo
1418 657 1706 720 paraverat

116 741 630 816 Martyrologiorum
702 741 1082 810 antiquorum,
1134 740 1359 794 eatenus
1433 747 1704 801 notorum,

91 817 324 905 nempe
358 833 515 889 Beda:
549 849 578 886 a
609 832 860 885 Plautino
904 831 1128 900 vulgati,
1162 829 1417 892 Usuardi,
1471 827 1704 890 Rabani,

118 926 334 981 Adonis
358 932 414 980 et
441 922 678 988 Notkeri,
723 937 845 976 cum
901 921 1148 976 Romano
1184 923 1460 984 moderuo,
1488 921 1706 976 Gnaeo-

118 1030 360 1085 rumque
384 1013 682 1083 Menologio
705 1011 1076 1068 collectionem
1106 1029 1119 1065 :
1144 1012 1366 1082 provide
1393 1011 1709 1081 prudenter-

119 1123 234 1177 que
281 1106 589 1169 advertens,
633 1103 699 1158 ad
753 1104 888 1157 tanti
940 1105 1138 1172 operis,
1165 1102 1322 1172 quale
1357 1110 1440 1156 cst
1470 1101 1535 1156 de
1560 1100 1710 1155 Actis

120 1209 462 1260 sanctorum,
514 1196 950 1264 intelligentiam.
997 1197 1247 1266 praevium
1304 1193 1710 1264 Martyrologiu-

125 1289 279 1356 rum,
306 1305 374 1344 ex
409 1287 604 1358 quibus
659 1290 968 1341 saeclorum
1015 1285 1190 1339 cultus
1229 1287 1458 1349 eruitur,
1485 1283 1711 1339 claram-

123 1400 235 1456 que
256 1383 505 1440 no‘titiam
541 1380 791 1453 prmmitti
817 1381 1036 1434 omnino
1066 1381 1431 1435 necessarium
1459 1395 1599 1435 esse.

201 1478 257 1531 5.
289 1474 478 1530 Mansit
511 1473 726 1544 quidem
758 1473 984 1539 inedita,
1016 1475 1224 1528 duobus
1247 1475 1456 1545 magnis
1477 1475 1708 1530 volumi-

125 1568 292 1623 nibus
325 1565 612 1634 descripta,
647 1563 761 1633 jam
797 1565 935 1619 dicta
967 1564 1253 1635 Rosweydi
1281 1566 1548 1629 collectio,
1578 1581 1710 1635 quo-

125 1657 290 1710 niam
317 1652 693 1725 Mart'yrologia
725 1653 813 1709 illa
847 1664 974 1708 tunc
1013 1657 1270 1724 temporis
1321 1657 1453 1710 satis
1498 1656 1708 1724 vulgata

125 1745 515 1802 existimarunt
578 1745 808 1815 majores
862 1745 1066 1809 nostri;
1116 1755 1173 1798 at
1220 1745 1445 1800 aliorum
1485 1745 1710 1800 subinde

1808 555 2027 628 negotio
2070 555 2396 625 magnopere
2449 545 2700 617 intendit,
2751 547 2879 609 eum
2933 555 3080 609 enim
3129 557 3380 612 tetricum

1807 639 2250 702 excutiendorum
2277 642 2775 714 Martyrologiorum
2804 639 3068 711 Spartam,
3101 645 3168 698 ad
3212 661 3384 716 usque

1811 739 1971 792 linem
2028 733 2174 791 Junii
2227 737 2565 806 perduxisset
2631 727 3015 800 H‘cnschenius,
3061 735 3209 791 recte
3258 753 3385 808 pro-

1811 830 1987 900 spexit
2036 829 2151 898 ipse
2204 838 2402 881 metam
2471 826 2713 880 laborum
2771 829 2987 882 suorum
3031 826 3142 883 illic
3193 831 3383 900 procul

1811 917 1974 973 dubio
2027 917 2311 988 figendam.
2362 915 2504 972 Socii
2558 916 2684 982 alii,
2735 915 3131 986 nrgentioribus
3179 930 3236 975 et
3281 922 3387 993 ipsi

1811 1009 2070 1074 distenti,
2119 1022 2234 1062 rem
2285 1016 2450 1088 totam
2517 1007 2774 1062 hactenus
2837 1008 3093 1065 intactam
3154 1010 3389 1083 relique-

1813 1102 1956 1151 rant.

1883 1189 1932 1242 5.
1974 1187 2179 1242 Interea
2207 1187 2544 1256 superiorum
2571 1197 2722 1250 mnu,
2752 1187 2888 1242 coelo
2915 1202 3008 1243 seu
3038 1189 3240 1244 sanctis
3263 1189 3386 1245 caeli

1815 1279 2004 1334 incolis
2033 1279 2316 1349 portandis
2359 1278 2441 1349 (ut
2485 1277 2663 1334 facere
2711 1279 2840 1332 olim
2895 1280 3025 1334 lusit
3074 1263 3386 1352 Bollandns)

1813 1365 2068 1422 humeros
2116 1383 2419 1437 supponere
2460 1365 2665 1434 jussus,
2699 1369 2821 1423 inde
2861 1369 2936 1423 rei
2983 1370 3265 1426 exordium
3297 1387 3387 1426 su-

1813 1457 2064 1510 mendum
2111 1457 2317 1525 putavi,
2358 1471 2465 1526 quo
2513 1458 2692 1526 operis
2740 1458 2904 1513 totius
2950 1461 3390 1524 cardinnm,ele-

1813 1547 2159 1610 monitorum,
2220 1545 2623 1617 fulcrorumque
2704 1550 3066 1618 cognitionem
3134 1552 3382 1620 acquire-

1814 1644 1948 1692 rem.
1983 1637 2160 1706 Atque
2186 1652 2375 1693 eccum
2407 1640 2502 1693 tibi
2528 1639 2716 1694 diebus
2757 1655 2922 1711 prope
2949 1643 3173 1713 singulis
3203 1643 3388 1715 longas

1813 1721 1982 1784 series
2024 1722 2524 1800 Martyrologiornm
2578 1735 2880 1800 przesertim
2933 1715 3386 1799 Usuardinorum,

136 1847 414 1893 erutorutn
487 1836 978 1906 manuscriptorum
1049 1836 1381 1891 edendorum
1425 1836 1703 1892 consilium

1812 1834 2041 1890 quorum
2081 1819 2164 1873 vel
2207 1820 2445 1875 solorum
2475 1823 2750 1877 norninum
2781 1835 2837 1878 et
2862 1825 3236 1881 character-um
3269 1845 3389 1881 ma-

139 1945 414 2000 nuuqnam
448 1928 784 1989 dimiserunt,
819 1943 1142 1998 quamquam
1170 1929 1532 1998 promovendo
1559 1927 1705 1998 operi

131 2020 368 2074 alacrius
418 2016 811 2083 incumbentes,
856 2033 968 2070 rem
1019 2026 1184 2072 totam
1231 2017 1284 2070 in
1327 2016 1512 2090 plures
1540 2032 1710 2072 annos

133 2108 460 2164 distulerint.
516 2103 724 2161 Prodiit
788 2105 1136 2161 nihilominus
1195 2106 1398 2160 interea
1446 2102 1709 2177 genuinus

131 2199 294 2263 Beda,
331 2197 400 2250 ab
431 2193 815 2250 additamentis
856 2193 1024 2257 Flori,
1055 2208 1162 2264 qua
1217 2201 1344 2248 tunc
1389 2193 1541 2250 licuit
1585 2209 1710 2264 pro-

132 2289 411 2357 babilitate
457 2284 763 2347 distinctus,
797 2298 863 2338 eo
903 2299 1032 2338 casu
1079 2283 1349 2346 inventus,
1380 2299 1442 2335 ea
1495 2284 1710 2337 ratione

131 2376 348 2439 editus,
407 2383 468 2427 ut
527 2372 644 2427 fuse
703 2380 759 2425 et
813 2371 958 2426 clare
1016 2371 1316 2437 explicatur
1371 2372 1422 2425 in
1482 2371 1709 2441 Prologo

136 2476 266 2520 ante
314 2473 515 2518 tomum
557 2461 599 2516 ll
667 2460 864 2527 Martii,
904 2477 1022 2530 qua:
1053 2463 1141 2516 hic
1172 2461 1480 2517 describere
1521 2467 1710 2532 super-

138 2553 307 2610 ﬂuum
366 2554 567 2624 judico.
615 2553 1033 2625 Hiemnymiana
1077 2553 1404 2623 exemplaria
1465 2554 1705 2623 collegit,

138 2645 284 2700 notis
331 2653 393 2699 et
435 2643 911 2699 exercitationibus
959 2644 1244 2697 illustravit
1273 2659 1335 2696 ac
1365 2643 1532 2697 edidit
1559 2643 1617 2696 ν.
1645 2643 1706 2696 C.

128 2734 458 2791 Franciscns
513 2735 675 2788 Maria
729 2733 1114 2795 Florentiuins,
1177 2733 1368 2788 nobilis
1421 2733 1705 2797 Lucensis,

127 2841 272 2880 anno
315 2824 474 2890 1667,
523 2825 712 2880 eodem
761 2824 853 2880 illo
898 2840 1004 2895 quo
1047 2824 1221 2879 lucem
1271 2824 1406 2878 vidit
1444 2828 1708 2894 genuinus

129 2916 293 2971 Beda.
322 2914 616 2986 Supererat
645 2915 940 2972 Usuartlus.
973 2915 1126 2984 enjus
1153 2915 1399 2971 laudatus
1419 2915 1706 2972 Bollaudus

121 3005 236 3074 lam
269 3005 400 3060 dicti
427 3021 548 3075 cap.
575 3005 629 3070 4,
654 3005 685 3076 §
706 3007 759 3069 7,
790 3006 996 3075 pridem
1031 3013 1336 3071 monuerat,
1370 3025 1392 3057 ‹
1426 3007 1705 3076 cntnplura

127 3097 182 3151 in
213 3095 397 3151 Museo
421 3107 608 3151 nostro
635 3106 852 3151 exstare
891 3096 1244 3165 exemplaria,
1283 3097 1376 3151 sed
1421 3098 1471 3151 in
1512 3099 1710 3168 quibus

1810 1923 1915 1978 gna
1950 1909 2290 1975 diversitate,
2339 1926 2368 1963 a
2424 1903 2800 1981 prosequendo
2859 1921 2968 1968 tam
3016 1925 3168 1971 vasto
3223 1933 3388 1987 Opere

1810 1998 2098 2053 absterreri
2148 2001 2269 2070 quis
2317 2011 2532 2069 posset,
2593 2002 2718 2057 dum
2783 2019 2968 2061 secum
3010 2015 3218 2066 attente
3265 2024 3393 2075 pero

1810 2087 2016 2156 pendit,
2041 2103 2202 2160 quam
2234 2090 2423 2154 multa,
2452 2106 2615 2160 quam
2659 2093 2807 2146 varia
2856 2097 3229 2165 pnereq'uisita
3259 2113 3394 2168 pra:-

1812 2179 2189 2248 noscendaque
2235 2181 2540 2234 necessaria
2569 2181 2698 2246 sint,
2741 2183 3059 2254 priusquam
3101 2187 3169 2240 ad
3197 2188 3389 2242 intima

1810 2275 2094 2338 penetrare
2141 2279 2324 2339 queat.
2373 2267 2556 2325 Fateri
2607 2287 2713 2327 non
2761 2275 3042 2339 erubesco,
3079 2291 3177 2346 per
3219 2293 3391 2332 annos

1813 2356 1946 2411 inihi
2001 2358 2349 2413 laborandum
2396 2360 2584 2425 fuisse,
2631 2362 2970 2434 priusquam,
3017 2366 3100 2419 vel
3150 2367 3388 2423 solorum

1812 2447 2056 2523 codicum
2100 2451 2349 2520 proprios
2411 2453 2761 2510 characteres
2814 2456 2949 2510 satis
2992 2457 3387 2529 dignoscerem.

1813 2539 1878 2593 Et
1914 2540 2016 2594 fuit
2041 2541 2285 2610 profecto
2313 2558 2419 2596 non
2446 2543 2654 2597 ntmliea
2682 2559 2744 2599 ea
2771 2541 3074 2613 dillicultas,
3099 2565 3223 2604 eum
3244 2552 3387 2606 enim

1810 2633 2028 2688 codices
2073 2632 2170 2702 ipsi
2223 2635 2370 2688 varia
2431 2635 2750 2706 pneferrent
2800 2639 3036 2702 nomina,
3085 2643 3388 2710 przcsertim

1813 2723 2145 2798 Hieronymi,
2174 2720 2328 2782 Beda:
2365 2737 2422 2782 et
2459 2727 2684 2793 Adonis,
2716 2723 2786 2783 ne
2820 2725 3066 2786 curasset
3114 2731 3390 2788 llenscheo

1812 2819 1934 2872 nius
1968 2819 2034 2872 ad
2061 2818 2263 2875 classes
2289 2837 2416 2875 suas
2438 2822 2676 2890 singulas
2711 2821 2965 2878 distincte
2995 2839 3273 2892 revocare,
3299 2825 3388 2881 cui

1811 2925 2005 2980 nempe
2030 2926 2125 2965 sua
2154 2909 2450 2968 sullieiebat
2480 2913 2705 2979 notitia;
2745 2913 2809 2968 ad
2854 2915 2965 2970 lucc
2995 2933 3116 2970 cum
3147 2918 3385 2982 nomina,

1811 3001 2086 3057 codicibus
2110 3009 2218 3056 tum
2249 2997 2389 3067 aliis,
2410 3012 2517 3058 tum
2548 3003 2866 3059 Usuardinis
2890 2997 3110 3069 tributa,
3140 3023 3168 3062 a
3199 3023 3388 3063 mona-

1812 3093 2010 3155 steriis,
2039 3088 2300 3158 ecclesiis,
2337 3095 2694 3163 bibliothecis,
2728 3099 2806 3152 vel
2837 3098 3057 3153 urbibus
3084 3099 3388 3170 desumpta,

126 3197 186 3243 et
218 3187 544 3257 amplificata
565 3198 874 3243 sanctorum
907 3187 1101 3258 elogia,
1128 3195 1185 3242 et
1221 3185 1453 3257 plurium
1486 3191 1704 3245 nomina
1733 3210 1780 3271 ο
1811 3185 2181 3240 confusionem
2249 3197 2534 3256 parerent,
2592 3189 2915 3244 conferenda
2971 3199 3126 3245 erant
3181 3191 3390 3264 singula

131 3280 394 3350 ascripta,
451 3280 630 3350 qualia
674 3281 1026 3335 ecclesiarum
1072 3279 1378 3350 Pragensis,
1409 3289 1461 3335 et
1489 3281 1712 3334 Bruxel-

130 3369 322 3435 lensis,
367 3369 764 3441 multorumque
805 3370 1278 3438 monasteriorum,
1323 3387 1442 3441 quae
1485 3387 1589 3425 non
1623 3382 1711 3426 at-

129 3461 269 3515 tinet
311 3459 397 3514 hic
426 3473 745 3530 percensere
777 3478 789 3513 :
820 3459 1012 3513 faciam
1039 3460 1110 3514 'id
1155 3459 1312 3525 alias,
1342 3476 1466 3515 eum
1503 3459 1710 3514 Usuar-

126 3549 257 3603 dum
302 3551 477 3612 edam,
520 3548 612 3603 sed
666 3548 844 3602 nativa
890 3549 1256 3618 simplicitate,
1293 3551 1567 3604 variorum
1596 3551 1706 3603 Au-

122 3639 300 3693 ctaria
355 3639 601 3694 seorsim.
642 3658 661 3691 »
699 3637 776 3694 En
826 3639 1142 3694 clarissimis
1187 3639 1369 3693 verbis
1417 3641 1705 3710 depictam,

121 3746 293 3801 quam
345 3746 502 3800 supra
542 3730 783 3785 dicebam
836 3730 1147 3784 meditatam
1178 3744 1207 3782 a
1236 3729 1515 3792 Bollando,
1551 3731 1708 3797 idque

125 3825 202 3878 ab
226 3824 382 3878 annis
412 3822 693 3893 plusquam
734 3823 1095 3894 septuaginta,
1135 3821 1422 3877 Usuardiui
1449 3822 1708 3892 Martyro-

124 3915 256 3985 logii
285 3914 600 3977 editionem,
633 3913 700 3966 ad
747 3927 913 3983 quam
953 3922 1130 3968 tamen
1163 3927 1261 3967 nec
1288 3913 1419 3982 ipse,
1448 3927 1547 3967 nec
1581 3915 1708 3966 sub-

120 4008 468 4078 sequentium
491 4007 761 4061 sociorum
805 4005 944 4060 ullus
970 4006 1209 4060 animum
1237 4015 1425 4076 postea
1469 4020 1706 4076 unquam

120 4097 343 4168 adjecit.
1370 4101 1376 4106 ‘

197 4192 249 4245 4.
284 4189 469 4260 Neque
515 4206 645 4247 vero
696 4191 918 4256 nudam,
944 4199 1000 4245 ut
1049 4190 1306 4253 diximus,
1339 4187 1573 4245 Usuardi
1600 4189 1704 4242 im-

116 4281 461 4353 pressionem
501 4296 793 4351 procurare
825 4280 876 4336 id
907 4281 1089 4334 animo
1115 4280 1361 4332 volvebat.
1390 4277 1702 4339 Bollandus,

118 4373 218 4427 sed
242 4373 334 4442 qui
363 4373 602 4427 terendis
628 4371 1075 4439 excutiendisque
1125 4370 1278 4424 istius
1313 4368 1699 4440 Martyrologii,

113 4480 267 4535 ωερε
295 4465 458 4524 aucti.
488 4479 630 4535 srepe
656 4464 845 4528 luxati,
877 4479 1018 4534 5:ch
1041 4462 1369 4532 interpolati,
1403 4460 1706 4516 manuscri-

1815 3291 1979 3345 prope
2005 3277 2388 3345 manuscripta,
2411 3288 2698 3346 antequam
2721 3288 2872 3334 certo
2896 3289 3134 3334 statuere
3155 3297 3389 3350 possem.

1813 3373 1992 3418 utrum
2053 3366 2118 3419 ad
2172 3364 2749 3437 Hieronylnianorum,
2803 3369 2981 3431 Betim,
3031 3370 3254 3434 Adonis,
3307 3373 3391 3426 vel

1814 3453 2039 3510 Usuardi
2104 3459 2349 3528 proprias
2393 3461 2595 3515 classes
2648 3472 2828 3516 essent
2880 3465 3203 3519 reducenda.
3253 3467 3389 3522 Dum

1809 3543 1957 3598 hisce
1980 3544 2310 3611 evolvendis,
2345 3540 2704 3612 excutiendis,
2734 3553 3246 3623 perscrutandlsque
3265 3571 3391 3625 ope-

1811 3635 1984 3690 rosius
2037 3635 2246 3700 insndo,
2282 3639 2348 3692 ad
2374 3638 2532 3694 [litem
2577 3642 2888 3710 perducitur
2928 3642 3070 3698 Junii
3104 3646 3274 3700 nostri
3309 3655 3391 3701 to-

1806 3739 1930 3781 mus
1978 3727 2040 3782 ν.
2076 3727 2242 3797 Cujus
2289 3745 2410 3784 cum
2444 3731 2714 3802 ‘grandior
2765 3733 2970 3797 moles,
3026 3736 3191 3792 totius
3231 3735 3389 3793 istius

1770 3833 1772 3840 '
1808 3819 2012 3874 mensis
2041 3818 2426 3890 Snpplemento
2457 3821 2826 3893 subiungendo
2855 3826 3122 3883 sulliciens
3152 3831 3387 3898 spatium

1810 3923 1915 3962 non
1965 3909 2312 3978 relinqueret,
2341 3919 2647 3980 opportune
2692 3923 2946 3968 renovata
2993 3925 3079 3972 est
3130 3919 3389 3988 cogitatio

1809 3999 1875 4052 de
1901 3999 2109 4054 etlendo
2139 4001 2353 4056 tandem
2378 4003 2666 4075 aliquando
2714 4003 2946 4062 Usuardi
2983 3993 3386 4083 Martyrologio,

1803 4088 1949 4157 quod
1989 4103 2110 4143 cum
2160 4091 2384 4160 praéliuo
2432 4093 2836 4163 Supplementa,
2889 4106 3099 4154 sextum
3138 4099 3300 4166 Junii,
3331 4113 3389 4159 et

1808 4180 2055 4236 ultimum
2084 4184 2227 4237 sacri
2258 4185 2551 4240 Semestris
2583 4196 2784 4240 tomum
2829 4189 3139 4248 conficeret.
3173 4200 3232 4246 ut
3272 4202 3388 4248 tan-

1809 4273 1979 4341 tisper
1999 4274 2063 4325 ad
2104 4273 2307 4330 calcem
2345 4277 2586 4346 pranlicti
2630 4278 2918 4335 voluminis
2957 4283 3130 4351 quinti
3184 4285 3389 4341 indica—

1809 4373 1921 4417 tum
1954 4373 2053 4415 est.

1879 4453 1931 4506 6.
1967 4452 2211 4507 Pandunt
2248 4469 2307 4508 se
2353 4457 2552 4510 sensim
2580 4455 2844 4529 susceptae
2867 4477 3020 4517 nov:e
3047 4462 3205 4532 hujus
3241 4465 3387 4521 Mar-

118 4556 232 4625 ptis
283 4553 561 4610 codicibus
612 4563 949 4619 assueverat,
991 4553 1082 4622 qui
1125 4552 1508 4624 praedictorum
1553 4552 1780 4618 cedi-1)
1809 4548 2056 4618 tyrologii
2124 4545 2413 4604 Usuardiui
2463 4553 2715 4608 editionis
2775 4555 3109 4626 institutum,
3163 4569 3387 4634 totaque

115 4661 269 4707 cum.
302 4653 423 4700 cum
478 4645 708 4699 aliorum
746 4643 1146 4715 Martyrologiis
1176 4641 1547 4698 confusionem
1576 4657 1699 4712 per-

113 4746 396 4805 spexerat,
425 4737 514 4805 qui
553 4737 772 4792 nomina
802 4735 1112 4806 Hieronymi
1144 4744 1198 4790 et
1218 4734 1374 4790 Beda!
1409 4749 1551 4804 saepe
1579 4750 1700 4805 per-

109 4839 307 4893 peram
348 4824 666 4880 Usuardiuis
706 4825 982 4881 codicibus
1041 4825 1259 4896 prtelixa
1291 4825 1697 4890 observaverat,

111 4913 192 4977 id,
230 4913 332 4968 nisi
383 4913 555 4975 fallor,
610 4915 949 4982 moliebatur,
1000 4923 1059 4970 ut
1103 4915 1341 4984 phrasim
1395 4915 1702 4988 stylnmque

116 5005 354 5060 Usuardi
383 5015 690 5068 assecutus,
728 5020 758 5060 a
792 5006 1016 5076 reliquis
1057 5007 1310 5061 omnibus
1343 5019 1469 5060 eum
1496 5005 1700 5060 discer-

108 5106 295 5160 neret,
319 5097 559 5151 nativam
606 5103 784 5152 textus
811 5086 1104 5166 puritatem
1149 5106 1386 5160 erueret,
1419 5096 1696 5150 variorum

106 5187 380 5243 auctariis
409 5189 460 5242 iu
493 5188 693 5242 classes
748 5202 877 5242 snas
926 5187 1179 5250 redactis,
1206 5201 1311 5241 una
1341 5201 1504 5255 opera
1550 5186 1700 5240 codi-

102 5296 239 5337 eum
263 5281 758 5349 manuscriptorum
791 5280 1056 5346 notitiam,
1081 5278 1294 5349 qualem
1320 5287 1447 5332 tunc
1463 5285 1696 5348 poterat,

102 5370 376 5426 Actorum
435 5378 745 5424 nostrorum
776 5370 1071 5424 lectoribus
1102 5378 1434 5440 suggereret.
1485 5367 1698 5422 Fuisset

99 5478 247 5518 sane
276 5462 445 5518 editio
477 5465 566 5520 hic
617 5463 910 5527 delineata,
946 5462 1271 5537 llenschenii
1321 5462 1520 5526 studio,
1543 5477 1697 5517 exer-

97 5556 400 5620 citatione,
444 5565 762 5624 snmmaque
792 5555 844 5609 in
878 5555 1160 5609 versandis
1188 5553 1582 5626 Martyrologiis
1607 5568 1700 5625 pe-

100 5646 236 5700 ritia
289 5643 669 5713 dignissimum
709 5657 867 5715 opus,
929 5661 1116 5700 verum
1169 5646 1282 5715 ipse
1338 5648 1548 5716 privata
1597 5661 1695 5700 sua

95 5735 342 5794 scientia
374 5735 426 5788 iu
451 5731 820 5807 promovendo
868 5728 1032 5808 opere
1057 5738 1131 5792 uti
1166 5738 1374 5804 maluit,
1409 5755 1571 5810 quam
1599 5754 1698 5812 po-

1801 4637 1920 4706 ejus
1965 4639 2299 4701 meonomia,
2341 4655 2434 4693 seu
2480 4644 2696 4712 propria
2733 4646 2924 4711 ratio,
2978 4664 3082 4718 qua
3129 4652 3386 4709 nimirum

1799 4736 2000 4797 prmter
2031 4728 2317 4784 Usuardiui
2351 4741 2542 4815 textus
2570 4736 2801 4789 nativam
2850 4739 3259 4809 simplicitatem,
3287 4761 3386 4815 per

1801 4817 1918 4873 dies
1941 4818 2180 4890 singulos
2210 4835 2274 4874 ex
2313 4820 2553 4878 fontibus
2598 4826 2710 4879 suis
2755 4828 3055 4896 probatam,
3086 4833 3386 4893 stabilitam

1799 4915 1856 4962 et
1886 4909 2238 4979 explicatam;
2291 4911 2345 4966 id
2388 4914 2752 4982 potissimum,
2795 4934 2900 4987 qua
2948 4935 3234 4990 possumus
3263 4926 3387 4983 dili-

1801 4998 2001 5068 gentia,
2025 5001 2183 5056 nobis
2209 5004 2612 5072 exsequendum
2637 5005 2986 5079 prretlgimns,
3010 5024 3071 5068 ut
3095 5029 3217 5072 cum
3241 5015 3384 5074 Mar-

1800 5093 2047 5164 tyrologii
2077 5093 2249 5149 nostri
2281 5102 2459 5150 textus
2504 5097 2558 5152 in
2593 5099 2844 5167 egritatc,
2889 5103 3049 5163 simul
3086 5117 3383 5165 noscantur

1798 5189 2046 5244 codicum
2077 5188 2504 5246 Usuardinornm
2528 5201 2639 5249 tam
2666 5197 2964 5264 variorum,
2997 5209 3180 5272 totque
3209 5207 3384 5260 nomi-

1801 5281 1958 5336 nibus
2006 5283 2382 5355 insignitorum
2421 5293 2574 5353 tetas,
2621 5289 2928 5358 character,
2959 5291 3115 5358 fides,
3149 5297 3382 5352 auctori-

1800 5381 1905 5436 tas,
1931 5384 2234 5445 caateraque
2263 5378 2444 5432 omnia
2474 5379 2540 5433 ad
2571 5379 2865 5451 perfectam
2907 5395 3379 5444 monumentorum

1803 5474 2110 5521 nostrorum
2151 5468 2513 5539 cognitionem
2557 5473 2903 5542 pertinentia.
2960 5475 3215 5543 Accedet,
3259 5495 3380 5550 qua:

1802 5556 1869 5610 ad
1900 5557 2156 5614 Actorum
2184 5559 2268 5615 vel
2294 5560 2485 5615 saltem
2521 5565 3038 5618 commentariorum
3069 5578 3376 5624 nostrorum

1803 5648 1952 5703 ﬁlum
1994 5651 2395 5720 percipiendum
2435 5651 2616 5714 faciet,
2650 5653 2734 5707 vel
2779 5656 3036 5723 maxime,
3067 5658 3382 5730 Martyrolog

1801 5743 2011 5812 (iurum
2041 5742 2289 5808 aliorum,
2331 5758 2653 5813 quocunque
2691 5745 2929 5812 nomine,
2977 5750 3058 5803 vel
3106 5751 3260 5806 titnto
3286 5755 3379 5806 de-
