3936 6348
538 327 642 384 ιὸδ

1427 331 1794 389 USUARDUS
1830 333 2208 388 MONACHUS
2244 326 2892 393 SAXCERMANENSIS.

3698 335 3809 392 464

539 444 883 514 scriptorum.
937 451 1028 499 aut
1080 441 1218 527 typis
1249 457 1605 503 ,excusorum,
1643 456 1766 496 eum
1801 441 2108 498 Usuarutno
2137 450 2180 506 Α
2210 455 2514 514 purgatum.
2553 446 2664 500 Hoc
2705 463 2958 518 primum.
2990 447 3191 504 Deinde
3228 451 3282 502 in
3321 446 3810 504 obserx‘ationilms

529 527 797 610 perpetua
827 536 1176 604 comparatio,
1205 551 1272 591 ac
1311 543 1568 606 przeterea
1620 537 2110 606 manuscriptorum

540 641 706 698 prope
743 628 983 682 omnium
1015 635 1123 680 tam
1150 627 1550 682 accommodata
1588 628 1818 696 pictura,
1849 635 1909 682 ut
1939 627 2110 682 lector

541 709 768 786 quilibet
793 733 896 772 non
916 718 1216 788 imperitus,
1242 717 1400 772 unico
1421 719 1572 787 quasi
1602 718 1796 772 intuitu
1827 718 2108 782 doceatur,

542 810 610 860 ad
643 823 805 876 quam
842 807 1345 878 Martyrologiorum
1377 809 1572 863 seriem
1613 809 1761 863 citati
1795 808 1903 862 illic
1931 808 2113 879 quoti-

548 897 636 949 die
685 912 884 966 magno
925 912 1147 953 numero
1188 897 1421 960 codices,
1462 896 1749 952 reducendi
1784 897 1918 963 sint;
1973 897 2116 954 unde

552 987 687 1042 mihi
731 986 975 1056 equidem
1026 987 1359 1054 persuadeo,
1405 1001 1512 1040 non
1562 987 1734 1041 solum
1788 987 2115 1055 taediumjea

543 1063 761 1133 ratione
791 1077 1085 1131 lectoribus
1132 1078 1491 1142 sublevatum,
1532 1079 1625 1132 scd
1663 1086 1718 1133 et
1765 1078 1978 1133 clariori
2033 1094 2117 1133 re-

541 1182 685 1229 rum,
726 1168 792 1222 de
839 1176 1037 1222 ca'tero
1080 1160 1587 1223 obscurissimarum
1618 1170 1968 1232 exhibitione,
2009 1186 2114 1225 non

540 1269 764 1325 parvam
789 1253 1116 1326 voluptatem
1144 1255 1363 1311 allatum
1402 1258 1488 1312 iri.
1557 1301 1560 1304 .

547 1421 550 1424 .
613 1345 666 1400 7.
697 1345 875 1417 Atque
909 1345 1036 1403 hinc
1062 1347 1226 1402 etiam
1270 1350 1553 1418 perspicis,
1602 1349 1737 1404 dttas
1778 1349 2114 1420 potissimum

539 1450 741 1504 easque
766 1435 1176 1507 urgentissimas
1210 1453 1422 1502 causas,
1451 1453 1570 1507 qua:
1620 1453 1703 1492 me
1753 1439 1818 1492 ad
1869 1439 2116 1493 tetricum

540 1513 686 1604 hunc
714 1525 950 1580 laborem
987 1527 1384 1596 suscipiendum
1410 1528 1702 1596 impulere;
1726 1527 1974 1594 alieram,
1997 1545 2118 1598 qua:

543 1620 794 1690 nosipsos
818 1628 1170 1688 posterosque
1205 1628 1456 1685 nostros;
1499 1620 1748 1684 alteram,
1777 1634 1898 1688 qua:
1926 1619 2115 1689 hagio-

543 1701 720 1779 philos
745 1709 900 1772 alios,
939 1709 1196 1764 Actorum
1239 1717 1540 1764 nostrorum
1569 1707 1819 1773 lectores,
1848 1709 2120 1778 prtecipue

2215 550 2432 614 quoque
2452 536 2537 590 die
2561 535 2882 605 subjunctis,
2917 546 3163 592 exactam
3205 538 3466 592 tradimus
3500 552 3806 588 neeum»-

2217 628 2285 682 tis
2329 637 2510 683 textus
2551 629 2816 699 genesim,
2853 645 2979 684 eum
3030 629 3097 684 ad
3149 630 3352 700 primas
3399 629 3627 684 radices
3653 640 3813 681 revo-

2215 719 2408 786 cando,
2430 719 2889 796 ostendendoque,
2916 729 3098 773 utrum
3136 735 3204 773 ex
3244 717 3720 789 Hierouytnianis,
3745 732 3808 767 es

2215 809 2379 874 Beda,
2407 825 2474 864 an
2503 825 2570 864 ex
2594 809 2838 864 Romano
2859 823 3027 880 parvo
3054 824 3152 879 per
3169 810 3436 872 Adonem,
3469 823 3811 863 commemo-

2217 901 2372 963 ratio,
2402 899 2471 954 de
2495 915 2600 970 qua
2631 899 2829 970 agitur,
2853 901 3133 970 desumpta
3175 901 3275 963 sit;
3298 914 3366 952 an
3394 899 3614 953 Adonis
3643 898 3810 952 solius

2215 990 2432 1060 propria
2451 977 2470 1057 ;'
2515 990 2732 1045 demum
2761 1005 2828 1042 an
2873 990 2941 1044 ab
2968 987 3216 1044 Usuardu
3260 988 3482 1042 aliunde
3530 1004 3706 1057 quam
3745 1003 3808 1042 ex

2215 1081 2420 1144 Adone,
2459 1088 2551 1134 aut
2586 1079 2984 1148 antiquioribus
3011 1088 3272 1132 mutuata.
3299 1067 3534 1140 Rursus,
3568 1092 3642 1130 an
3663 1077 3804 1130 idem

2217 1179 2440 1224 sanctus
2470 1177 2564 1224 aut
2610 1178 2920 1223 sanctorum
2955 1177 3131 1222 turma
3160 1183 3187 1221 a
3220 1166 3468 1231 Rabano,
3488 1167 3802 1235 Hieronymi

2217 1271 2310 1314 aut
2355 1261 2515 1313 Beda:
2554 1259 2733 1313 verbis
2779 1258 3090 1328 consignata
3123 1274 3226 1312 non
3260 1256 3348 1310 sit.
3387 1248 3499 1310 Nec
3524 1254 3681 1309 locus
3710 1252 3805 1307 No-

2221 1351 2374 1406 tkcro
2405 1357 2576 1414 deest,
2616 1349 2803 1420 paucis
2851 1365 3234 1419 nonnunquam
3259 1348 3618 1418 assignando,
3655 1361 3801 1416 qua.

2220 1457 2346 1494 nam
2375 1455 2441 1494 ex
2475 1438 2932 1510 Hieronymianis,
2963 1453 3210 1508 quaenam
3251 1452 3318 1490 ex
3367 1435 3620 1500 Rabano,
3654 1451 3798 1505 qum-

2219 1548 2344 1588 nam
2393 1531 2623 1602 denique
2673 1545 2739 1583 ex
2770 1529 2957 1583 Adone
2991 1529 3127 1582 abeo
3151 1526 3410 1580 translata
3452 1526 3700 1593 fuerint;
3752 1537 3802 1578 ut

2219 1622 2444 1694 proinde
2491 1620 2680 1674 diebus
2732 1617 2961 1688 singulis
2986 1632 3202 1670 scenam
3251 1615 3517 1684 aperiam,
3546 1629 3656 1682 qua
3705 1628 3803 1666 uno

2221 1711 2377 1783 quasi
2409 1710 2605 1766 intuitu
2640 1709 2807 1779 probe
2855 1708 3169 1761 instituatur
3215 1706 3388 1760 lector
3411 1705 3477 1760 de
3508 1714 3620 1760 tota
3669 1703 3800 1758 Mar-

543 1806 808 1868 δρθοιαηι.
874 1796 1062 1852 Nostra
1103 1798 1364 1854 intererat
1391 1813 1717 1867 -.pr:Dca\'erc
1755 1797 2116 1865 illcommOda,
2146 1797 2194 1856 Β
2223 1803 2605 1876 tyrologiorum
2631 1799 2872 1856 omnium
2903 1799 3038 1854 inter
3071 1813 3130 1853 se
3170 1796 3456 1861 relatione,
3484 1811 3606 1861 seu,
3631 1807 3697 1849 ut
3737 1797 3798 1848 ita

543 1901 612 1941 ne
635 1886 846 1942 venturi
872 1887 1218 1956 imposterum
1243 1886 1420 1955 operis
1449 1886 1738 1956 adjutores,
1774 1885 1962 1940 iisdem
1990 1884 2121 1953 ipsis

544 1976 978 2032 diﬂicillitnarum
1034 1977 1440 2046 inquisitionum
1511 1975 1834 2046 labyrinthis
1903 1975 2116 2039 irretiti,

545 2085 760 2125 menses
787 2069 948 2124 etiam
967 2067 1156 2139 plures
1180 2069 1288 2123 imo
1309 2077 1362 2121 ct
1388 2083 1559 2122 annos
1582 2081 1774 2135 magno
1800 2065 1976 2131 uedio,
2006 2066 2122 2118 fru-

541 2148 636 2218 ctu
680 2162 871 2234 exiguo
914 2160 1505 2225 consumerent,-utvel
1540 2159 1775 2214 solorum
1802 2157 2122 2230 Martyrolo-

538 2257 753 2324 giorum
779 2262 1084 2310 nostrorum
1103 2252 1451 2309 sufficientem
1477 2254 1649 2309 ideam
1675 2253 2118 2322 adipiscerentur.

543 2331 626 2403 'Ad
648 2357 906 2404 externos
946 2347 1249 2418 pertinebat
1279 2346 1580 2417 hujusmodi
1621 2344 1942 2416 disquisitio,
1968 2353 2028 2397 nt
2052 2358 2119 2398 nc

545 2431 725 2508 operis
747 2437 915 2492 nostri
941 2437 1232 2492 momentis
1257 2434 1690 2506 falcimcntisque
1720 2451 1826 2489 non
1868 2434 2001 2489 satis
2029 2447 2121 2488 co-

547 2520 733 2602 gnitis,
775 2546 879 2584 non
906 2529 968 2584 ob
999 2545 1112 2583 eam
1151 2546 1384 2594 causam,
1432 2527 1880 2598 quemadmodum
1909 2526 2122 2581 Bollan-

547 2625 648 2678 dus
670 2621 898 2677 solerter
924 2621 1324 2684 observaverat,
1345 2629 1606 2690 perpetuo
1619 2619 1940 2674 haesitat-ent.
1967 2617 2118 2684 Quod

547 2713 678 2770 mihi
713 2713 1017 2768 sexcenties
1068 2710 1312 2766 evenisse
1364 2710 1734 2766 memineram.
1782 2708 1919 2776 Quid
1973 2709 2118 2764 enim

547 2805 737 2860 lectori
784 2803 1114 2858 fastidiosius
1142 2803 1436 2873 excogitari
1476 2809 1674 2872 potest,
1705 2815 1867 2870 quam
1895 2799 2122 2870 Singulis

549 2890 718 2964 prope
743 2895 1252 2949 commentariorum
1279 2901 1584 2948 nostrorum
1629 2892 1946 2962 praeviorum
1971 2891 2121 2962 pagi-

549 2982 657 3049 nis,
687 2985 846 3056 longo
893 2983 1399 3056 Martyrologiorum
1440 2984 1653 3052 agmiue
1692 2982 1869 3049 obrui,
1904 2984 1969 3038 de
1998 2984 2120 3053 qui-

540 3060 652 3130 bus
682 3075 795 3146 ipse
823 3075 1069 3130 dubitare
1099 3075 1289 3144 possit,
1321 3091 1390 3128 an
1430 3089 1664 3144 unquam
1687 3073 2017 3129 exstiterint
2067 3074 2119 3128 in

2222 1896 2417 1958 dicam,
2465 1891 2742 1963 sanguinis
2789 1898 2880 1944 aut
2925 1887 3202 1944 affinitatis
3248 1887 3696 1959 propinquitate;
3743 1904 3801 1939 ne

2219 1987 2438 2042 excluso
2456 1987 2672 2055 quidem
2708 1982 3116 2046 Wandalberto,
3152 1981 3306 2050 cujus
3353 1979 3584 2033 metrica
3626 1980 3793 2047 elogia

2220 2077 2686 2135 observationibus
2716 2074 2936 2138 nostris,
2965 2073 3229 2142 siquidem
3249 2066 3318 2124 de
3356 2069 3506 2123 illius
3533 2070 3631 2122 diei
3671 2070 3802 2122 San-

2221 2183 2310 2230 cto
2336 2171 2419 2226 vel
2457 2169 2659 2226 sanctis
2698 2167 3065 2228 meminerint,
3102 2165 3420 2220 inseruntur
3448 2161 3537 2216 vel
3575 2161 3799 2230 subjun-

2222 2272 2443 2338 guntur.

2291 2357 2345 2412 9.
2382 2353 2509 2409 Haec
2526 2360 2610 2408 est
2637 2351 2804 2406 totius
2829 2348 3008 2420 aperis
3035 2346 3295 2401 latissime
3324 2344 3550 2415 expansi
3581 2344 3639 2396 in
3680 2343 3797 2396 bre-

2221 2466 2340 2505 vem
2372 2445 2622 2502 tabellam
2645 2451 2924 2498 contracta
2954 2441 3151 2510 imago,
3188 2439 3278 2494 ubi
3308 2437 3377 2492 ad
3435 2437 3671 2491 citatum
3718 2449 3797 2488 ea-

2221 2552 2317 2613 put
2339 2540 2554 2595 tertium
2576 2534 2910 2608 pertigerim,
2937 2530 3244 2586 accuratius
3285 2527 3630 2598 explicanda.
3689 2523 3796 2578 Jan

2222 2633 2353 2704 quid
2386 2632 2490 2686 hac
2529 2636 2722 2683 nostra
2774 2624 3087 2696 pnefatione
3123 2620 3420 2691 prmstitum
3466 2618 3563 2680 sit,
3623 2618 3797 2686 paucis

2227 2723 2436 2792 accipe.
2486 2720 2542 2774 In
2592 2717 2691 2772 tria
2737 2715 2915 2784 capita
2971 2720 3138 2766 totam
3199 2709 3571 2778 dispescimus.
3625 2705 3796 2758 Primo

2222 2809 2603 2882 Martyrologia
2630 2805 2810 2860 omnia
2847 2808 3199 2856 recensentur
3246 2808 3302 2852 et
3360 2795 3616 2850 Usuardo
3673 2796 3798 2846 anti-

2223 2905 2412 2975 quiora
2439 2910 2494 2956 et
2521 2897 2845 2969 syncbroua,
2885 2900 3007 2948 cum
3046 2891 3241 2960 quibus
3265 2889 3364 2957 ipsi
3403 2885 3678 2975 nonnulla
3696 2886 3799 2975 qui-

2222 2973 2342 3052 detn
2374 2989 2628 3052 aflinitas,
2659 2986 2752 3040 sed
2777 3000 2881 3039 non
2906 2989 3054 3036 tanta
3108 2977 3403 3047 sanguinis,
3442 2975 3490 3030 si
3538 2974 3618 3028 ita
3667 2973 3802 3041 loqui

2223 3079 2722 3150 licet,conjunctio,
2766 3085 2824 3130 ut
2880 3082 3166 3146 parentutn
3217 3087 3310 3125 seu
3358 3068 3804 3139 primigenionnn

550 3162 734 3246 'rerum
782 3174 1002 3220 natura:
1057 3176 1149 3220 attt
1187 3165 1231 3219 si
1269 3166 1408 3220 bona
1437 3175 1620 3220 nostra
1649 3165 1770 3231 fide,
1823 3182 1886 3220 ea
1931 3165 2122 3219 admit-
2149 3158 2194 3220 C
2225 3176 2451 3232 [omium
2477 3171 2630 3227 titulo
2663 3169 2876 3241 proprie
2905 3167 3138 3238 gaudere
3167 3173 3385 3234 queant,
3421 3164 3598 3232 qualia
3657 3171 3805 3224 sunt,

557 3250 714 3312 teuda
743 3265 914 3326 putet,
945 3256 1136 3310 saltem
1161 3257 1226 3310 de
1252 3256 1494 3311 codicum
1511 3257 1756 3326 ipsorum
1783 3271 2001 3326 genere,
2030 3272 2123 3327 pa-

553 3343 680 3414 tria,
709 3358 885 3410 aetate,
915 3348 1077 3420 style,
1111 3348 1436 3404 auctoritate
1472 3349 1667 3402 merito
1705 3349 1916 3403 edoceri
1943 3359 2124 3418 postue

553 3442 650 3506 let,
687 3456 794 3510 quo
841 3440 1140 3510 perpensis,
1195 3455 1293 3510 pro
1341 3455 1434 3493 sua
1482 3438 1782 3494 eruditione
1836 3453 2125 3508 rerumque

551 3525 784 3610 istarum
832 3534 1057 3604 peritia,
1115 3533 1384 3587 rationum
1438 3541 1985 3602 argumentorumque
2027 3544 2124 3584 no-

552 3637 786 3682 strorum
811 3625 1112 3692 momentis,
1148 3639 1244 3694 per
1281 3639 1341 3681 se
1382 3624 1495 3694 ipse
1529 3624 1596 3678 de
1635 3631 1976 3678 lassertorum
2006 3637 2125 3676 om-

555 3722 701 3776 nium
730 3721 957 3775 veritate
985 3728 1240 3781 statuere,
1269 3734 1334 3774 ac
1365 3718 1656 3772 decernere
1697 3716 1989 3788 prudenter
2027 3731 2125 3769 va-

555 3812 684 3865 leat.
712 3809 836 3866 Hmc
864 3811 993 3865 mihi
1033 3810 1102 3864 ad
1143 3810 1448 3864 devoranda
1477 3808 1716 3879 ingentia
1742 3807 1894 3862 taedia
1928 3807 2124 3862 incita-

556 3908 738 3953 mento
762 3898 931 3963 fuere,
953 3913 1218 3952 summam
1249 3913 1351 3951 una
1389 3912 1538 3967 spem
1580 3897 1898 3967 ingerentia,
1925 3897 2041 3951 fore
2067 3905 2126 3950 ut

555 3987 886 4059 llagiophilis
911 3988 1180 4049 omnibus,
1208 4002 1313 4041 non
1364 3986 1604 4057 ingratus
1643 3988 2022 4043 obtruderetur
2045 3987 2123 4044 la-

552 4078 655 4136 bor
683 4088 890 4144 noster,
920 4077 1318 4149 panemquein
1354 4077 1502 4142 Actis
1532 4077 1659 4149 ipsis
1697 4087 2003 4134 sanctorum
2031 4081 2123 4134 ha-

552 4168 682 4224 bere
712 4177 1022 4239 paterentur
1049 4167 1372 4231 Usuardum,
1416 4169 1506 4238 qui
1541 4171 1764 4233 sanctis,
1820 4169 1929 4224 imo
1976 4171 2124 4225 Actis

555 4258 792 4328 ipsorum
820 4257 1099 4328 plurimis,
1123 4273 1232 4314 non
1262 4259 1511 4330 exiguam
1547 4258 1912 4330 intelligentia:
1949 4257 2124 4314 lucem

552 4345 857 4416 prmferret.

561 4521 568 4527 _
623 4449 676 4504 8.
708 4445 887 4505 Habes
914 4447 1000 4504 hic
1023 4447 1240 4517 paucis,
1275 4449 1486 4506 erudite
1532 4448 1720 4512 lector,
1752 4465 1954 4513 veram,
1997 4465 2125 4506 can-

473 4539 733 4608 _didam
764 4548 817 4594 et
857 4539 1124 4593 sinceram
1175 4539 1340 4595 totius
1393 4541 1644 4596 editionis
1687 4550 1885 4596 nostra:
1917 4540 2119 4597 Usuar-

552 4627 692 4683 dina:
718 4643 958 4691 causam,
987 4627 1152 4683 habes
1197 4627 1504 4693 consilium,
1529 4631 1903 4700 propositum,
1955 4631 2119 4686 ratio-

551 4734 696 4776 nem.
720 4717 944 4788 Repeto,
971 4728 1242 4789 testorque
1273 4719 1324 4774 id
1351 4735 1436 4774 me
1455 4721 1720 4790 praecipue
1749 4721 2040 4786 studuisse,
2059 4730 2134 4784 ut,

551 4812 763 4868 codices
791 4825 1001 4876 omnes,
1031 4827 1260 4881 quorum
1293 4811 1356 4866 in
1387 4809 1570 4866 Musca
1605 4821 1788 4868 nostro
1809 4827 2116 4879 numerosa,

551 4903 599 4958 si
635 4917 888 4974 usquam,
941 4903 1202 4973 supellex,
1241 4911 1300 4958 ut
1352 4903 1588 4968 codices,
1636 4903 1878 4975 inquam,
1907 4920 2118 4968 omnes,

549 5008 617 5047 ex
645 4991 874 5049 Usuardi
925 4994 1200 5064 progenie,
1239 4993 1310 5049 ab
1341 4992 1462 5048 aliis
1507 4993 1756 5048 omnibus
1778 5009 2120 5064 seponerem,

549 5097 645 5138 seu
673 5097 768 5138 eos
789 5083 1026 5153 integros
1053 5083 1368 5149 habeamus,
1398 5097 1494 5138 seu
1539 5081 1709 5138 solum
1737 5093 1981 5138 extracta
2027 5093 2121 5139 aut

547 5176 846 5246 variantes,
876 5192 942 5231 ex
969 5173 1255 5229 collatione
1296 5175 1364 5228 ab
1393 5175 1730 5232 llenschenio
1757 5184 1812 5232 et
1849 5176 2124 5246 Papebro-

549 5265 694 5332 chio,
732 5242 857 5320 cum
889 5265 1020 5334 ipsis
1040 5264 1319 5321 codicibus
1341 5273 1396 5319 et
1419 5266 1666 5321 Usuardo
1689 5242 2116 5336 Greveni'facta,

549 5345 898 5428 superstites;
941 5366 1002 5411 ut
1052 5365 1234 5425 postea
1264 5371 1328 5411 ex
1357 5356 1601 5426 professo
1635 5359 2112 5426 demonstrabitur,

549 5448 676 5502 dum
707 5448 774 5503 ad
809 5445 1113 5502 Usuardum
1148 5448 1342 5518 ipsum,
1367 5448 1588 5519 ejusque
1616 5451 1812 5520 proles,
1834 5451 2112 5522 praefatio-

550 5541 634 5594 nis
668 5538 826 5616 hujus
870 5539 1043 5609 capite
1085 5540 1243 5594 tertio
1287 5539 1570 5595 deventum
1605 5540 1788 5596 fuerit.
1817 5541 1937 5596 Jam
1975 5543 2115 5599 dicta

551 5629 865 5686 brevissime
896 5619 1175 5688 contralfo.
1209 5631 1511 5690 Usuardum
1559 5634 1749 5688 damus
1777 5633 2112 5690 additamen-

2223 3282 2343 3337 quae
2364 3267 2430 3320 ad
2462 3262 2896 3331 llieronymiana,
2941 3268 3030 3311 aut
3063 3257 3259 3311 Bedam
3290 3271 3321 3310 a
3366 3254 3515 3308 Floro
3561 3265 3801 3306 auctum

2225 3361 2554 3420 referuntur,
2574 3365 2665 3409 aut
2688 3369 2807 3423 qua:
2828 3367 2951 3408 cum
2977 3351 3080 3406 illis
3100 3348 3542 3420 propinquitatem
3561 3347 3808 3407 habent,

2227 3461 2286 3505 ut
2315 3459 2442 3505 sunt
2470 3443 2868 3506 Wandalberti,
2889 3440 3098 3495 Rabaui
3133 3449 3187 3494 et
3217 3437 3430 3493 Notkeri
3485 3435 3658 3505 Μαι-ις
3671 3436 3807 3489 rule-

2225 3543 2333 3614 gia,
2361 3539 2519 3609 vulgo
2549 3546 2696 3602 nota,
2715 3535 2910 3606 quibus
2937 3531 3192 3586 omnibus
3233 3529 3479 3600 proprias
3518 3528 3804 3581 characte-

2228 3635 2442 3690 risticas
2465 3632 2538 3686 ita
2570 3631 2807 3686 conabor
2833 3627 3143 3696 appingere,
3176 3633 3236 3678 ut
3271 3639 3300 3676 a
3355 3620 3600 3691 quolibet
3661 3620 3803 3674 facile

2227 3728 2639 3798 dignoscantur.
2665 3722 2996 3776 lntercurret
3026 3732 3163 3771 nova
3190 3715 3256 3770 de
3299 3711 3528 3785 genuino
3561 3709 3730 3765 Beda
3757 3722 3803 3764 et

2228 3819 2374 3874 Flori
2396 3813 2774 3887 Martyrologio
2798 3809 3135 3880 disceptatio,
3158 3807 3382 3861 eruditis
3398 3804 3728 3874 hagiophilis
3747 3802 3802 3855 ait

2227 3908 2512 3965 ulteriores
2533 3903 2935 3974 disquisitiones
2961 3899 3242 3956 materiam
3272 3895 3588 3967 pra‘bitura.
3647 3893 3806 3948 Porro

2228 4005 2282 4059 in
2320 3999 2824 4074 Martyrologiorum
2855 3995 3016 4060 serie,
3045 3992 3228 4048 debito
3284 3988 3637 4058 antiquitatis
3669 3986 3806 4056 jure,

2227 4107 2418 4164 agmen
2447 4090 2648 4144 ducent
2687 4084 2995 4157 apographa
3049 4079 3490 4151 Hieronymiana,
3542 4086 3667 4131 tum
3702 4092 3805 4131 ωδε

2220 4185 2365 4256 jora,
2393 4185 2473 4239 uti
2499 4197 2770 4243 vocamus,
2813 4196 2844 4234 a
2875 4176 3205 4232 Florentinio
3226 4174 3400 4237 edita;
3426 4181 3542 4226 tum
3571 4173 3803 4230 minora.

2227 4293 2348 4348 quae
2370 4275 2511 4346 apud
2538 4289 2636 4330 nos
2663 4288 2824 4335 mss.,
2851 4279 2947 4324 aut
2973 4267 3041 4322 ab
3097 4266 3220 4320 aliis
3272 4265 3490 4333 vulgata
3533 4273 3688 4318 sunt.
3739 4263 3807 4316 De

2228 4367 2315 4424 his
2337 4381 2469 4422 vero
2497 4364 2723 4432 aliisque
2760 4360 2922 4414 talem
2964 4353 3510 4428 Martyrologiophilis
3567 4353 3805 4406 delinea-

2231 4461 2430 4515 tionem
2450 4458 2520 4513 ob
2539 4455 2725 4512 oculos
2752 4467 2970 4524 ponam,
3015 4459 3074 4505 ut
3122 4450 3288 4504 citata
3335 4461 3531 4518 magno
3587 4461 3809 4502 numero

2197 4537 2202 4622 ί
2227 4553 2281 4607 in
2306 4551 2456 4607 Actis
2479 4547 2680 4604 nostris
2703 4542 3032 4614 exemplaria
3060 4556 3158 4612 per
3207 4556 3265 4595 se
3295 4539 3400 4609 ipsi
3463 4537 3533 4592 ad
3584 4538 3807 4592 classem

2225 4641 2496 4712 propriam
2522 4643 2742 4708 possent
2773 4633 3053 4696 reducere,
3111 4631 3286 4699 deque
3311 4627 3516 4682 codicis
3550 4626 3807 4695 cujusque

2225 4731 2494 4802 probitate
2520 4744 2585 4783 ac
2610 4727 2716 4782 ﬁde
2733 4725 2994 4796 judicium
3023 4723 3184 4778 ferre.

2302 4823 2392 4879 l0.
2419 4821 2513 4876 llis
2539 4819 2894 4888 subjungetur
2923 4823 3086 4885 caput
3119 4813 3369 4873 alterum,
3399 4826 3509 4880 quo
3540 4812 3610 4864 ad
3637 4811 3810 4880 ipsum

2232 4908 2531 4966 Usuardum
2552 4906 2870 4962 accedemus
2892 4903 3137 4974 propius,
3188 4901 3425 4972 primum
3457 4899 3680 4953 familia
3700 4897 3811 4967 ejus

2230 5001 2488 5071 stipitem,
2515 5013 2611 5054 seu
2651 4996 2706 5052 in
2731 5005 2878 5050 recta
2903 4995 3044 5048 linea
3096 5001 3541 5062 protoparcntem
3591 4992 3814 5046 demon-

2228 5090 2468 5154 strando,
2496 5087 2750 5148 nimirum
2772 5095 2923 5141 vetus
2951 5083 3081 5139 illud
3099 5082 3404 5138 Romanum
3427 5083 3495 5137 ab
3526 5083 3816 5151 Heriberto

2231 5180 2533 5249 Rosweydo
2564 5179 2797 5248 primum
2829 5177 3031 5231 editum
3071 5184 3238 5244 atque
3272 5173 3474 5228 Adonis
3504 5174 3810 5245 praeﬁxum.

2227 5274 2326 5330 llic
2356 5287 2483 5328 vero
2506 5279 2797 5340 exsurgent
2825 5271 2992 5341 litigia
3024 5286 3037 5323 :
3071 5284 3194 5323 cum
3220 5270 3366 5324 enim
3406 5276 3485 5323 tot
3538 5269 3811 5328 habuerit.

2226 5375 2414 5435 totque
2439 5364 2733 5418 etiamnum
2777 5363 3183 5431 impugnatores
3237 5359 3436 5416 habeat
3489 5361 3812 5430 praxiictum

2221 5455 2688 5528 Martyrologium,
2715 5469 2780 5508 eo
2815 5455 2991 5522 capite
3043 5453 3307 5522 polemice
3354 5455 3623 5524 agendum
3685 5456 3814 5519 erit,

2221 5556 2487 5602 utcontra
2521 5541 2870 5616 quoscunque
2915 5545 3258 5602 adversarios
3305 5560 3434 5602 vera
3490 5546 3814 5614 appellatio,

2218 5637 2526 5701 sinceritas,
2556 5645 2815 5701 vetustas,
2846 5633 3202 5708 ejusdemque
3233 5637 3379 5694 facta
3408 5635 3688 5691 Ravenna
3716 5654 3816 5707 per

553 5719 640 5775 tis“
663 5722 929 5816 omnibus,
963 5732 1221 5794 quantum
1278 5725 1589 5780 humanitus
1633 5724 1749 5782 fleri
1797 5727 1988 5796 potuit,
2021 5743 2113 5784 ex-
2215 5729 2455 5787 Adonem
2479 5728 2770 5800 descriptio
2790 5729 3092 5794 vindicetur
3122 5748 3134 5785 ε
3167 5731 3308 5786 unde
3328 5730 3816 5808 ﬁatwnseqness.
